4062 6332
575 369 712 427 1519

1566 361 1623 417 8.
1663 355 2023 416 BENEDICTI
2057 351 2346 410 ABBATIS
2383 349 2794 407 ANIANENSIS

3731 358 3876 416 i320

564 495 754 560 postea
775 480 1008 538 voluerit
1037 479 1390 535 stabilitatem
1441 492 1592 532 suam
1641 475 1880 538 ﬁrmare,
1910 489 2017 528 non
2063 487 2148 526 re-
2174 469 2229 530 Α
2252 483 2414 538 supra
2443 468 2602 523 dictis
2628 465 2886 538 gradibus
2917 467 3264 523 sacerdowm
3300 481 3323 509 θ
3345 471 3432 526 V61
3492 471 3872 540 οιετὶεοηιω.

561 589 763 635 nuntur
797 577 847 631 ei
887 575 1009 628 talis
1059 573 1346 636 voluntas;
1385 580 1440 625 et
1475 570 1728 632 maxime,
1755 571 1881 638 quia
1912 575 2157 634 tempore

567 668 957 739 hospitalitatis
995 666 1170 735 potuit
1213 665 1330 733 ejus
1359 663 1468 716 vita
1497 663 1760 732 dignosci.
1796 661 1952 727 Quod
1990 660 2036 714 si
2068 675 2160 739 su-

570 761 812 833 perﬂuus
843 760 1094 812 inventus
1134 755 1296 809 fuerit
1348 762 1592 822 tempore
1621 751 2023 821 hospitalitatis,
2048 766 2159 805 non

566 853 741 907 solum
773 865 876 903 non
922 847 1083 900 debet
1119 844 1314 900 sociari
1349 843 1563 911 corpori
1596 841 1935 906 monasterii,
1967 855 2157 895 verum

566 942 733 996 etiam
765 939 978 992 dicatur
1014 935 1064 989 ei
1111 936 1339 989 honeste
1383 941 1442 987 ut
1471 932 1731 997 discedat,
1757 947 1825 986 ne
1847 930 1966 999 ejus
1997 943 2022 972 α
2050 931 2157 984 mi-

569 1030 710 1086 seria
737 1029 902 1084 etiam
930 1027 1020 1081 alii
1048 1025 1321 1080 vitientur.
1349 1023 1504 1090 Quod
1524 1025 1570 1078 si
1595 1039 1702 1078 non
1725 1021 1889 1076 fuerit
1917 1023 2040 1076 talis
2063 1023 2155 1091 qui

570 1130 846 1178 mereatur
871 1119 1082 1189 projici,
1107 1133 1215 1172 non
1245 1117 1440 1184 solum,
1470 1117 1515 1171 si
1553 1117 1794 1188 petierit,
1829 1117 2156 1186 suscipiatur

569 1211 976 1284 congregationi
1031 1210 1346 1272 sociandus,
1381 1223 1572 1263 verum
1623 1208 1790 1262 etiam
1843 1208 2152 1273 suadeatur,

569 1313 629 1361 ut
656 1306 683 1346 δ
706 1314 814 1359 stet
839 1318 854 1357 :
882 1310 943 1358 ut
964 1301 1079 1370 ejus
1107 1301 1354 1372 exemplo
1376 1301 1468 1354 alii
1494 1299 1832 1363 erudiantur,
1866 1309 1888 1338 ο
1931 1307 1988 1354 et
2026 1301 2153 1368 quia

569 1398 625 1452 in
655 1397 803 1452 omni
832 1395 949 1450 loco
975 1393 1069 1448 uni
1102 1393 1330 1447 Domino
1364 1392 1623 1456 servitur,
1656 1392 1750 1446 uni
1805 1393 1920 1462 regi
1958 1392 2157 1446 milita-

570 1499 679 1544 tur.
709 1488 736 1528 ἀ
765 1487 936 1556 Quem
970 1487 1016 1542 si
1046 1485 1210 1540 etiam
1240 1484 1403 1539 talem
1431 1497 1554 1538 esse
1582 1484 1919 1553 perspexerit
1963 1485 2152 1550 abbas,

569 1579 734 1635 liceat
757 1593 883 1633 eum
936 1577 993 1632 in
1047 1575 1326 1645 superiore
1374 1573 1766 1643 aliquantulum
1818 1575 2154 1630 constituere

570 1669 693 1725 loco
724 1686 738 1723 :
771 1684 880 1724 non
928 1666 1105 1723 solani
1162 1673 1347 1720 autem
1373 1665 1722 1731 monachum,
1751 1665 1848 1720 sed
1881 1666 2066 1744 etiam.
2087 1666 2156 1722 de

571 1801 756 1891 lieom,
775 1799 882 1883 .qui
905 1799 1063 1854 docet
1093 1795 1356 1891 ejusmodi
1377 1795 1772 1868 migrationem,
1801 1797 1906 1852 nisi
1927 1813 2152 1891 summae
2179 1830 2229 1891 Β

569 1867 840 1934 utilitatis,
870 1879 961 1924 aut
981 1867 1317 1923 necessitatis
1355 1867 1517 1938 causa
1552 1882 1660 1922 non
1690 1883 1808 1923 esse
1837 1869 2156 1938 permitten-

571 1943 716 1997 dam.
744 1940 896 2007 Quod
921 1946 1130 2009 spectat
1155 1938 1222 1992 ad
1253 1937 1651 2009 necessitatem,
1681 1937 1980 2003 clara’est;
2008 1939 2154 2008 quod

575 2025 707 2067 vero
735 2012 805 2084 ad
831 2007 1144 2084 utilitatem,
1171 2007 1528 2084 quorumdam
1553 2016 1867 2084 sanctorum
1893 2007 2158 2084 habemus

572 2080 841 2153 exempla,
887 2078 952 2153 8ζ
978 2077 1220 2153 Hugonis
1265 2077 1502 2153 episcopi
1552 2077 1970 2153 Lincolniensis,
2001 2079 2093 2153 qui
2124 2095 2158 2135 a

573 2148 869 2220 Canonicis
917 2148 1274 2220 Regularibtts
1323 2149 1391 2220 ad
1438 2148 1826 2220 carthusianos
1856 2148 2158 2220 monachos

572 2223 820 2286 transiit;
852 2219 911 2274 S.
939 2218 1157 2274 Antonii
1199 2218 1555 2283 Pataviensis,
1604 2220 1696 2289 qui
1741 2221 1902 2275 etiam
1927 2234 1959 2273 a
1983 2219 2159 2276 Cano-

573 2293 717 2348 nicis
768 2290 1127 2362 Regularibus
1151 2289 1219 2343 ad
1264 2289 1658 2362 Franciscanos
1690 2291 1988 2362 traductus
2029 2298 2155 2362 est;

575 2362 635 2417 S.
690 2357 1004 2432 Lutga'rdis,
1038 2373 1200 2432 quae
1229 2374 1261 2412 a
1310 2357 1487 2430 Nigris
1530 2360 2030 2432 sanctimonialibus
2089 2361 2158 2415 ad

575 2429 959 2512 Qistertiénses
979 2429 1262 2512 migravit;
1291 2443 1519 2512 quorum
1541 2429 1747 2512 justam
1770 2430 1936 2512 fuisse
1958 2431 2160 2512 migra-

574 2503 776 2558 tionem
804 2499 1075 2571 patefecit
1103 2508 1346 2571 eventus.
1382 2499 1522 2571 llaacg
1552 2509 1734 2553 autem
1763 2500 1970 2556 utilitas
2013 2499 2157 2556 serio

574 2567 897 2642 pensitanda
923 2578 1029 2642 est,
1054 2585 1123 2624 ne
1147 2568 1286 2624 forte
1300 2567 1567 2642 ‘fugatajn
1593 2571 1806 2642 ruinam
1851 2571 2157 2626 animarum

578 2637 1169 2712 cedat.Quamobrem
1212 2638 1315 2712 etsi
1362 2637 1424 2690 B.
1474 2638 1798 2712 Benedictus
1843 2642 2160 2712 peregrinos

580 2711 877 2766 monachos
904 2708 1102 2778 suscipi
1125 2709 1424 2778 permittat,
1450 2709 1496 2762 si
1522 2709 1794 2777 petierint,
1844 2708 1950 2776 vel,
1979 2708 2159 2767 sinon

575 2783 877 2853 petierint,_
907 2778 1106 2848 rogari,
1164 2786 1224 2832 ut
1285 2786 1575 2845 maneant,
1625 2789 1806 2834 tamen
1853 2795 1962 2837 non
2008 2783 2160 2853 prius

577 2849 740 2922 quam
762 2849 932 2922 probe
952 2857 1108 2922 notos
1135 2857 1192 2902 et
1208 2856 1496 2922 spectatos.

647 2935 674 2964 ει
716 2919 954 2976 Miseria.
983 2919 1040 2972 ld
1064 2928 1170 2984 est,
1192 2920 1342 2984 vitio,
1369 2919 1742 2989 perversitate.

647 2993 677 3034 ι)
706 2991 838 3046 Stet.
860 2990 919 3044 Id
945 2996 1047 3054 est,
1071 2989 1420 3045 stabilitatem
1443 3005 1596 3044 suam
1616 2991 1818 3044 ﬁrmet.

652 3072 676 3100 α
711 3061 780 3114 Et
806 3061 932 3130 quia
969 3061 1024 3112 in
1052 3061 1201 3130 omni
1224 3059 1337 3112 loco
1368 3061 1459 3112 uni
1483 3059 1708 3113 Domino
1744 3059 1985 3116 servitur.
2017 3062 2160 3121 Duas

577 3129 825 3187 rationes
837 3129 1106 3199 proponit,
1125 3144 1287 3182 unam
1304 3143 1402 3196 pro
1422 3130 1801 3201 monachoqui
1820 3131 2153 3201 admittitur;

579 3201 673 3271 qui
694 3200 943 3256 fortassis
965 3207 1262 3271 opponeret
1290 3212 1349 3271 se
1388 3215 1493 3253 non
1522 3199 1748 3271 perinde
1788 3201 1843 3271 in
1865 3201 1966 3271 illo
1993 3217 2060 3257 ac
2102 3199 2158 3259 in

581 3268 682 3327 suo
711 3270 1040 3326 monasterio
1069 3269 1179 3323 Deo
1202 3268 1549 3323 serviturum.
1581 3269 1660 3323 Ac
1683 3270 1911 3338 proinde
1949 3273 2163 3332 additur

582 3342 796 3450 copula,
825 3348 887 3394 ut
906 3340 1172 3410 posterior
1194 3339 1331 3392 ratio
1352 3339 1612 3409 jungatur
1639 3341 1828 3409 priori.
1903 3387 1906 3390 .

709 3411 875 3450 natam
911 3413 954 3450 gi
981 3411 1138 3450 etiam
1169 3409 1323 3450 lnlpna
1368 3414 1684 3450 nprsnpmpn't
1726 3410 1884 3450 nhhna

709 3411 876 3478 Quem
908 3409 956 3466 si
980 3411 1138 3465 etiam
1169 3409 1324 3484 talem
1367 3414 1684 3484 perspexerit
1724 3410 1904 3484 abbas.
1959 3411 2165 3484 Nempe

649 3427 675 3450 “
709 3427 876 3478 Quem
909 3428 956 3466 δι
980 3427 1138 3465 etiam
1169 3427 1324 3463 tatem
1402 3427 1684 3479 erspexertt
1725 3427 1904 3465 αουαδ.
1959 3427 2164 3484 nempe

580 3491 640 3537 ut
666 3490 939 3537 mereatur
965 3480 1271 3551 promoveri
1321 3427 1400 3533 δέ’
1434 3481 1686 3551 altiorem
1722 3479 1918 3536 locum.
1964 3483 2044 3538 Ex
2078 3487 2164 3542 his

577 3561 729 3623 patet
782 3549 1128 3623 monachum
1153 3550 1496 3621 peregrinum
1530 3549 1844 3623 in_ultimo_
1879 3551 1998 3608 loco
2043 3571 2164 3612 esse

577 3619 943 3686 statuendum,
981 3619 1170 3693 nonin
1222 3619 1303 3693 eo
1329 3634 1490 3690 quem
1533 3619 1798 3674 habuerat
1833 3621 1887 3676 in
1934 3624 2164 3693 pristino

579 3710 678 3749 suo
707 3692 1057 3748 monasterio.
1084 3689 1141 3744 ιιι
1169 3689 1332 3762 etiam
1353 3698 1504 3762 patet
1531 3706 1599 3762 ex
1621 3689 1970 3760 sequentibus
1995 3713 2007 3747 :
2037 3695 2163 3752 Non

577 3764 749 3819 solum
797 3771 971 3817 autem
1014 3761 1367 3826 monachum,
1393 3761 1484 3814 sed
1515 3761 1673 3814 etiam
1701 3777 1766 3816 ex
1816 3779 1977 3826 supra
2008 3767 2163 3822 dictis

580 3833 830 3906 gradibus
883 3831 1214 3906 sacerdotum
1267 3840 1329 3906 et_
1363 3829 1673 3906 clericorum
1725 3829 1960 3906 stabilire
1997 3847 2162 3906 potest

583 3901 745 3975 abbas
784 3905 841 3956 in
887 3903 1089 3975 majore
1123 3916 1280 3975 quam
1311 3901 1602 3975 ingreditur
1640 3901 1775 3956 loco.
1813 3901 2006 3975 Atque
2037 3908 2164 3965 inde

580 3973 742 4042 hujus
767 3973 1016 4042 monachi
1042 3973 1302 4042 probatur
1321 3972 1617 4026 humilitas.

655 4039 679 4112 ἒ
710 4042 778 4112 Et
808 4039 1147 4112 Clericorum.
1182 4039 1357 4112 Supp.
1381 4041 1628 4112 aliquem.

656 4111 676 4150 ί
715 4110 1036 4184 Ingreditur.
1085 4107 1310 4184 Optim'a'
1345 4107 1524 4184 lectio.
1574 4111 1710 4179 Quia
1741 4115 2033 4184 supplenda
2079 4128 2164 4176 est

583 4179 978 4255 vox,oal_iquem~,
1005 4188 1127 4255 post
1156 4179 1570 4255 reclericorum,
1617 4194 1674 4237 ut
1702 4179 1955 4241 diximus.
1983 4189 2163 4255 Quare

582 4251 637 4306 in
667 4248 901 4330 editione
929 4248 1236 4305 Coloniensi
1273 4257 1329 4304 et
1364 4250 1594 4320 vulgatis
1638 4255 1780 4309 male
1819 4248 2039 4330 legitur,
2081 4263 2163 4316 in-

617 4322 905 4376 rediuntur.

582 4339 905 4463 griamgi
924 4397 1100 4463 autem
1124 4390 1302 4463 abbas,
1333 4398 1438 4463 etc.
1467 4391 1702 4463 Antiqua
1729 4395 1955 4451 concilia
1978 4407 2164 4455 vetant

583 4461 781 4537 suscipi
805 4461 1129 4537 monachum
1141 4461 1375 4537 alienum
1397 4461 1512 4537 sine
1533 4461 1748 4537 abbatis,
1764 4467 1845 4537 sui
1860 4483 2124 4525 consensu
2140 4488 2154 4537 ;

579 4531 1022 4616 Agathense'can‘.
1050 4531 1118 4584 27
1137 4548 1155 4616 ξ
1173 4531 1654 4616 Augustoduncnse
1672 4536 1772 4590 sub
1889 4531 2161 4616 LeodegaL
2183 4555 2237 4616 D

583 4601 664 4684 rio
691 4619 826 4684 can.‘
858 4603 944 4656 10.
977 4601 1226 4684 Synodus
1251 4601 1325 4684 vn
1356 4605 1476 4684 can.
1513 4603 1576 4684 ἓξ
1625 4620 1650 4684 ι.
1680 4601 2160 4684 mechanemata-5m

581 4670 702 4728 ἄνευ
739 4677 941 4753 paritura:
981 4669 1072 4753 tot?
1101 4675 1378 4753 ἡγουμένου
1397 4676 1574 4753 ἀὐτοῦ
1601 4677 1658 4731 οὐ
1680 4669 1946 4752 πλοοσήκὶι,
1976 4682 2029 4753 id
2058 4695 2157 4753 est,

587 4761 607 4793 ι
645 4742 809 4812 recipi
837 4742 955 4812 Sine
981 4742 1190 4812 abbatis
1215 4742 1298 4797 sui
1327 4743 1602 4800 voluntate
1647 4742 1752 4802 non
1803 4742 2072 4804 convenit.
2104 4742 2163 4807 ιὰ

584 4811 1036 4892 etiam;prohibet
1074 4811 1476 4892 S..Grego‘riusn
1496 4831 1634 4892 papa
1658 4818 1694 4871 ι.
1726 4833 1742 4871 t
1787 4817 2028 4892 Regesti,
2072 4838 2158 4892 ep.

583 4883 733 4956 ψει
753 4880 1084 4956 Fructuosus
1109 4880 1244 4956 alter
1261 4880 1312 4936 ὁ.
1337 4883 1406 4937 20
1443 4880 1656 4956 Regula:
1674 4903 1802 4942 suae.
1829 4880 1958 4955 Qua:
1982 4880 2161 4947 tamen

581 4953 831 5025 videntur
864 4952 1124 5025 capienda
1143 4951 1296 5019 juxta
1327 4951 1562 5009 mentem
1591 4959 1647 5010 S.
1681 4951 1980 5025 Benedicti,
2004 4962 2047 5014 si
2084 4963 2165 5017 vi-

585 5023 894 5095 delicet'isti
921 5023 1166 5095 monachi
1210 5040 1316 5078 non
1342 5025 1452 5078 sint
1471 5025 1538 5078 de
1568 5027 1765 5095 ignotis
1793 5023 2160 5088 monaSteriis.

586 5091 841 5163 Solebant
865 5094 1008 5146 enim
1041 5095 1290 5148 monachi
1333 5091 1632 5163 antiquitus
1659 5099 1959 5156 devotionis
1998 5119 2164 5159 causa

585 5164 652 5215 ad
680 5162 794 5215 loca
824 5165 1383 5239 sanct_a_pcre_grinari,
1415 5162 1487 5217 ita
1514 5174 1574 5239 ut
1599 5167 1666 5221 ad
1693 5173 1908 5239 propria
1939 5189 2048 5227 non
2079 5189 2165 5230 re-

583 5241 862 5296 mearent;
890 5231 984 5285 scd
1014 5233 1067 5307 i_n
1093 5231 1270 5307 alieno
1287 5237 1637 5307 monasterio,
1678 5231 1830 5307 cujus
1871 5243 2163 5300 districtio-

585 5316 711 5354 nem
743 5309 981 5381 tempore
1026 5303 1409 5381 hospitalitatis
1450 5303 1790 5381 perspectam
1836 5312 2156 5380 habuerant,

586 5386 643 5424 se
668 5372 865 5493 suscilpi
898 5372 1176 5451 rogabant.
1203 5373 1357 5428 lianc
1383 5372 1527 5430 enim
1557 5372 1860 5435 libertatem
1888 5372 2163 5442 habebant

586 5450 757 5493 sancti
783 5458 797 5493 ι
843 5458 858 5493 ι
883 5456 1009 5493 vm.

586 5450 757 5496 sancti
783 5450 858 5494 itu
883 5450 1009 5507 viri,

740 5552 1031 5615 Magnanimi
1055 5553 1237 5605 heroes
1259 5559 1360 5606 nati
1382 5559 1666 5610 melioribus
1683 5566 1842 5627 annis,

589 5661 832 5746 quiﬂnon
854 5661 958 5718 levi
985 5663 1214 5746 quadam
1243 5667 1414 5746 animi
1438 5668 1767 5746 inductione,
1799 5675 1893 5746 sed
1918 5691 2052 5746 pura
2077 5681 2160 5736 in-

591 5737 830 5806 tentione
877 5737 1223 5806 monasteria,
1252 5739 1570 5805 mutabant;
1621 5753 1680 5797 ut
1708 5737 1774 5799 de
1823 5745 1881 5800 S.
1918 5737 2074 5804 'Saba
2104 5752 2158 5806 in

588 5796 706 5865 ejus
735 5798 858 5854 Vita
881 5801 1097 5872 legitur,
1119 5813 1176 5859 et
1196 5805 1265 5861 de
1285 5807 1469 5866 multis
1503 5796 1624 5868 aliis
1645 5796 1702 5869 in
1717 5796 1877 5872 illitis
1893 5796 2154 5888 Patrum

2261 564 2504 619 stabilire
2526 571 2705 634 potest
2727 562 2892 618 abbas
2922 563 2975 616 in
3004 565 3209 634 majore
3252 581 3414 636 quam
3469 567 3495 606 ί
3546 569 3876 639 ingreditur

2260 657 2399 722 loco,
2428 657 2473 711 si
2498 656 2614 724 ejus
2641 655 2803 710 talem
2832 657 3168 724 perspexerit
3200 659 3368 711 vitam
3405 674 3554 714 esse.
3592 661 3626 701 ⁸
3658 662 3872 718 Caveat

2261 756 2440 802 autem
2470 748 2654 811 abbas,
2679 761 2748 800 ne
2767 746 3055 816 aliquando
3085 746 3151 801 de
3178 745 3283 801 alio
3330 757 3460 805 noto
3515 755 3874 808 monasterio

2261 840 2586 893 monachum
2609 839 2676 892 ad
2701 838 3056 893 habitandum
3095 839 3356 910 suscipiat
3405 841 3528 896 sine
3582 857 3873 902 causam

2259 927 2472 982 abbatis
2509 926 2646 995 ejus,
2678 929 2707 968 ιι
2739 936 2833 982 aut
2876 927 3073 983 litteris
3133 933 3600 988 commendatitiis
3662 949 3680 987 :
3739 934 3870 1003 quia

2259 1019 2520 1088 scriptum
2546 1025 2666 1072 est:
2706 1020 2722 1058 ί
2757 1017 2909 1084 Quod
2937 1020 3031 1072 tibi
3071 1037 3173 1073 non
3194 1021 3302 1086 vis,
3327 1021 3484 1076 alteri
3529 1042 3596 1078 ne
3649 1025 3865 1095 feceris.

2453 1108 2480 1179 §
2521 1109 2584 1162 ll.
2620 1139 2692 1150 -—
2727 1109 2808 1163 Ex
2845 1108 3066 1164 ﬁscum
3098 1111 3321 1165 PATBUII
3353 1112 3495 1184 (cap.
3534 1115 3660 1186 ~15).

2330 1199 2343 1250 i
2368 1200 2484 1255 Non
2499 1200 2683 1255 licebit
2696 1201 2761 1256 de
2773 1200 2879 1255 alio
2893 1203 3226 1258 monasterio
3238 1204 3354 1258 sine
3367 1206 3670 1262 voluntate
3682 1209 3868 1268 Patris

2257 1291 2456 1346 fratres
2478 1291 2723 1360 recipere
2749 1309 2762 1345 :
2791 1307 2899 1347 non
2925 1292 3099 1348 solum
3122 1295 3384 1363 recipere,
3415 1298 3516 1352 sed
3539 1314 3656 1354 nec
3681 1302 3870 1357 videre

2255 1389 2491 1452 oportet,
2506 1383 2721 1439 dicente
2731 1384 2991 1454 Apostolo
3006 1403 3020 1438 :
3038 1385 3176 1452 Quia
3188 1388 3276 1458 qui
3294 1388 3322 1427 ιι
3343 1390 3582 1459 primam
3603 1393 3778 1461 ﬁdem
3802 1395 3873 1446 ir-

2258 1477 2414 1530 ritam
2437 1476 2576 1545 fecit,
2607 1486 2713 1531 etc.
2739 1477 2790 1549 (Ι
2806 1477 2940 1531 Tim.
2965 1478 3041 1549 v).
3074 1478 3227 1545 Quod
3247 1480 3292 1534 si
3313 1492 3581 1551 precatus
3600 1483 3782 1539 fuerit
3801 1486 3871 1540 ab

2263 1580 2330 1621 eo
2353 1567 2445 1636 qui
2471 1573 2670 1636 praeest
2696 1565 2882 1636 Patre,
2909 1576 2971 1623 ut
2988 1569 3046 1624 in
3071 1569 3180 1625 alio
3207 1575 3554 1629 monasterio
3577 1574 3868 1644 ingredia-

2257 1665 2365 1724 tur,
2401 1659 2814 1714 commendetur
2835 1661 2904 1716 ab
2929 1676 2994 1716 eo
3020 1662 3072 1716 ei
3099 1662 3192 1733 qui
3224 1673 3448 1733 praeest,
3474 1665 3582 1720 ubi
3610 1681 3748 1721 esse
3775 1668 3871 1720 de-

2256 1796 2492 1851 maxime
2515 1794 2643 1865 quia
2669 1803 2801 1851 tunc
2844 1797 3194 1854 stabilitatem
3220 1815 3331 1855 non
3377 1802 3693 1858 vovebant.
3727 1803 3874 1858 Prse-

2257 1875 2410 1945 terea
2436 1865 2541 1945 loci
2566 1866 3118 1945 citatiintelliguntur
3169 1871 3236 1945 d_e
3272 1874 3571 1945 monachis
3623 1876 3794 1945 vagis
3819 1886 3874 1931 et

2257 1937 2519 2012 iugitivis,
2546 1937 2613 2012 de
2653 1937 2848 2012 quibus
2879 1937 2989 1992 nun
3027 1940 3139 2012 agit
3183 1938 3243 2012 8.
3272 1940 3334 1995 P.
3367 1937 3872 2000 Benedictusvcmn

2259 2005 2524 2087 ejusmodi
2561 2007 2842 2087 hominum
2886 2005 3258 2087 mores'facile
3295 2013 3368 2087 sit
3394 2022 3658 2087 tempore
3685 2017 3868 2087 hospi-

2259 2077 2485 2155 talitatis
2510 2077 2898 2155 internoscere.
2930 2078 3040 2155 Cur
3067 2089 3248 2155 autem
3278 2083 3413 2155 quis
3447 2077 3530 2155 de'
3551 2086 3755 2155 ignoto

2258 2154 2471 2202 remoto
2495 2148 2722 2224 veniens
2749 2148 3478 2224 monas_terio_pos_sit:recipi
3510 2148 3640 2209 sine
3672 2157 3872 2212 litteris

2259 2217 2736 2291 commendatitiis,
2769 2227 2862 2274 aut
2894 2219 3012 2275 sine
3043 2217 3253 2276 abbatis
3297 2217 3550 2291 licentia,
3601 2227 3759 2282 hanc
3785 2230 3871 2282 dat

2257 2287 2526 2368 rationem
2552 2287 2610 2343 S.
2635 2287 2967 2368 Bernardlts,
3000 2291 3103 2368 lib._
3127 2291 3507 2368 delfrzecepto
3535 2287 3600 2350 et
3637 2299 3874 2368 Dispen—

2260 2359 2490 2436 satione,
2518 2374 2636 2429 cap.
2675 2359 2781 2436 20;
2812 2379 2832 2412 ι
2863 2360 3034 2417 Porro
3062 2363 3138 2436 de
3164 2363 3343 2436 vicino
3392 2359 3689 2434 prohibet,
3733 2359 3869 2436 quasi

2255 2426 2410 2500 jubet
2436 2429 2504 2484 de
2550 2426 2868 2500 peregrino;
2918 2444 2988 2485 ne
3023 2432 3278 2488 vicinitas
3327 2426 3473 2489 inter
3516 2426 3868 2494 monasteria

2260 2497 2432 2554 fomes
2459 2497 2705 2554 scandali
2723 2510 2778 2555 et
2824 2502 2956 2556 rixa:
3003 2504 3234 2557 materia
3283 2504 3372 2570 sit,
3431 2506 3478 2560 si
3529 2507 3869 2564 alterutrum

2259 2570 2503 2638 recipere
2531 2571 2824 2644 monachos
2851 2573 3224 2644 acquieverint
3249 2575 3455 2644 absque
3496 2586 3712 2632 mutuo
3740 2581 3870 2634 dan—

2261 2647 2415 2694 taxat
2439 2655 2685 2695 assensu.
2711 2661 2729 2694 ι
2761 2641 2819 2696 Si
2850 2651 3032 2697 autem
3059 2643 3200 2699 inter
3226 2641 3455 2702 abbates
3483 2647 3738 2704 duorum
3766 2669 3872 2706 mo-

2261 2710 2622 2792 nasteriorum
2667 2712 2913 2792 quaedam
2941 2721 3038 2768 aut
3080 2730 3178 2784 per
3225 2715 3489 2792 litte_ras,__
3512 2727 3619 2792 aut
3646 2737 3870 2792 quoquo

2261 2781 2422 2834 modo
2457 2783 2800 2856 consuetudo
2827 2781 3163 2856 interesset,
3191 2793 3285 2840 aut
3323 2781 3709 2856 familiaritas,
3765 2781 3870 2849 non

2261 2858 2407 2905 esset
2431 2851 2626 2921 aliquis
2649 2867 2718 2908 ex
2749 2853 2834 2908 his
2855 2855 3200 2911 monasteriis
3236 2858 3352 2912 sine
3380 2860 3607 2915 abbatis
3639 2851 3870 2919 licentia

2155 2979 2169 2991 ε
2261 2921 2635 3000 recipiendus:
2693 2923 2820 3000 quia
2863 2923 3128 2993 ejusmodi
3176 2931 3507 3000 monasteria
3568 2947 3677 3000 pro
3730 2938 3870 2991 natis

2260 2989 2510 3046 habenda
2567 2989 3209 3066 sunt.“_Nec'propterea
3253 2995 3486 3054 violatur
3539 2989 3870 3061 stabilitatis

2260 3070 2446 3142 votum
2475 3077 2507 3116 a
2535 3063 2800 3142 monacho
2829 3066 2884 3118 in
2924 3063 3160 3142 alienum
3198 3069 3508 3142 coenobium
3540 3073 3827 3142 migrante
3851 3097 3867 3131 ;

2263 3131 2529 3213 siquidem
2570 3133 2673 3189 hoc
2702 3133 2763 3213 ﬁt
2796 3137 3106 3213 secundum
3124 3138 3387 3209 Regulam
3431 3155 3556 3213 qua:
3591 3131 3868 3213 ejusmodi

2185 3202 2230 3266 C
2263 3201 2319 3280 in
2341 3202 2528 3280 alien_a_
2538 3205 2869 3260 monasteria
2896 3201 3273 3280 migrationem
3298 3201 3599 3280 permittit,
3620 3201 3870 3272 servatis

2265 3279 2448 3327 tamen
2475 3272 2561 3328 his
2581 3289 2702 3344 qute
2731 3290 2894 3346 supra
2925 3272 3070 3332 dicta
3097 3287 3242 3333 sunt.

2333 3362 2493 3432 hAut
2517 3362 2705 3418 litteris
2749 3367 3209 3422 commendatitiis.
3256 3369 3478 3426 Littera:
3507 3377 3868 3432 commenda-

2264 3431 2400 3486 titia:
2440 3432 2648 3512 Graecis
2667 3441 2997 3502 σνστατικαὶ,
3027 3454 3060 3512 a
3099 3438 3261 3493 verbo
3301 3442 3609 3512 συνίστημι,
3658 3448 3720 3499 id
3762 3431 3865 3512 est,

2265 3507 2584 3583 commendo
2599 3505 2853 3583 dicuntur
2871 3516 2927 3583 et
2947 3510 3273 3577 ἀπολυτικαὶ,
3297 3511 3351 3565 id
3371 3521 3476 3576 est,
3505 3505 3860 3583 dimissorim,

2265 3587 2384 3649 qua;
2437 3575 2728 3649 ostendunt
2778 3576 3034 3649 clericum
3066 3595 3098 3632 a
3132 3595 3230 3634 suo
3260 3575 3530 3649 episcopo
3590 3586 3649 3639 in
3702 3575 3863 3644 aliain

2265 3598 2384 3640 qua:
2437 3598 2728 3629 ustciiuunt
2778 3598 3034 3632 CICI'ICUIII
3066 3598 3098 3632 a
3132 3598 3230 3634 suo
3275 3598 3458 3649 episco
3590 3602 3649 3639 tn
3702 3598 3863 3644 altam

2265 3643 2552 3698 ecclesiam
2598 3645 2817 3711 dimitti,
2846 3655 2905 3700 ut
2930 3647 3089 3703 docet
3115 3650 3432 3708 Theodorus
3460 3598 3766 3713 Balsama
3810 3661 3863 3714 in

2265 3728 2387 3768 can.
2419 3715 2486 3769 15
2510 3715 2722 3770 concilii
2752 3715 3228 3774 Chalcedonensis.

2341 3807 2359 3846 i
2393 3804 2560 3882 Quod
2588 3806 2681 3859 tibi
2715 3823 2820 3882 nou
2857 3808 2952 3882 vis,
2985 3807 3079 3862 alii
3104 3827 3168 3882 ne
3200 3810 3405 3882 feceris.
3441 3812 3578 3869 Post
3605 3819 3861 3882 verbum,

2263 3876 2361 3942 vis,
2390 3876 2658 3930 omittitur
2681 3898 2740 3932 το
2769 3878 2888 3944 ﬁeri
2904 3919 2918 3944 ,
2957 3886 3018 3933 ut
3047 3876 3211 3934 etiam
3239 3897 3271 3935 a
3309 3880 3368 3936 S.
3401 3883 3673 3942 Ferreolo
3695 3876 3861 3944 citato

2264 3945 2404 4022 infra
2433 3946 2537 4000 hoc
2558 3948 2732 4016 capite
2759 3965 2772 4000 :
2802 3947 3045 4022 habetur
3050 3959 3247 4013 tamen,
3277 3967 3397 4022 cap.
3425 3953 3508 4007 De
3530 3957 3864 4012 instrumen-

2263 4017 2612 4093 tis_bonarum
2641 4033 2855 4086 operum
2881 4035 2895 4072 :
2910 4037 2956 4093 _t
2995 4019 3073 4093 _Et
3099 4022 3244 4090 quod
3274 4017 3378 4093 sibi
3415 4025 3542 4093 quis
3601 4029 3726 4082 ﬁeri
3759 4047 3861 4086 non

2263 4086 2396 4140 vult.
2436 4106 2454 4138 ι
2490 4086 2667 4142 Locus
2694 4096 2871 4142 exstat
2909 4089 3094 4144 Tobiae
3117 4086 3174 4145 iv
3207 4109 3221 4146 :
3261 4091 3414 4156 Quod
3431 4086 3512 4147 ἀὑ
3545 4097 3665 4151 alio
3687 4100 3861 4153 oderis

2265 4156 2382 4279 feri
2405 4156 2518 4221 tibi,
2541 4157 2654 4211 vide
2675 4174 2737 4211 ne
2759 4168 2814 4211 tu
2840 4157 3125 4230 aliquando
3141 4164 3294 4216 alteri
3318 4163 3508 4229 facias.
3529 4166 3646 4222 Sed
3661 4170 3864 4224 citatur

2285 4241 2417 4279 ocus
2445 4242 2512 4279 ex
2534 4228 2794 4279 memoria
2813 4270 2828 4279 .
2856 4240 2912 4279 et
2943 4231 3220 4279 nrnfertur
3254 4234 3433 4279 nntius
3462 4250 3667 4279 ςρηειιε
3697 4255 3858 4279 nm...

2285 4241 2417 4309 ocos
2445 4242 2522 4309 ex.
2534 4228 2794 4281 memoria
2813 4270 2828 4292 ,
2856 4228 3433 4309 et'profertunpouus
3462 4250 3668 4309 sensus
3697 4255 3861 4309 quam

2262 4296 2449 4376 verba.
2476 4296 2626 4376 Hanc
2652 4296 2979 4376 sententiam
2995 4301 3080 4357 his
3104 4296 3352 4360 versibus
3373 4307 3644 4376 exprimit
3669 4296 3734 4366 8Ῑ
3763 4311 3862 4366 Go-

2264 4365 2550 4422 lumbanus
2570 4368 2627 4423 in
2662 4371 2984 4426 monasticis
3015 4388 3029 4425 :

2394 4501 2532 4570 Quod
2559 4502 2646 4570 tibi
2667 4503 2740 4554 vis
2761 4503 2886 4562 ﬁeri.
2905 4505 3000 4570 hoc
3023 4507 3101 4556 alii
3120 4516 3352 4570 praestare
3383 4519 3644 4566 memento
3671 4528 3688 4564 :

2385 4565 2523 4622 Quod
2541 4565 2628 4614 tibi
2649 4578 2747 4616 non
2767 4575 2928 4630 optes,
2954 4569 3035 4618 alii
3058 4565 3154 4619 non
3183 4571 3363 4623 ieceris
3385 4574 3493 4625 ulli.

2264 4687 2398 4761 Yide
2427 4695 2684 4744 annotata
2723 4690 2778 4744 in
2807 4705 2926 4761 cap.
2965 4693 3018 4747 7.
3052 4693 3178 4751 Haec
3206 4706 3386 4752 autem
3415 4714 3447 4753 a
3484 4699 3544 4754 S.
3579 4699 3646 4754 P.
3676 4702 3856 4759 Bene-

2263 4760 2407 4814 dicto
2437 4760 2704 4840 sententia
2729 4760 2942 4842 prolata
2973 4765 3263 4842 conﬁrmat
3307 4778 3555 4842 nostram
3603 4776 3857 4842 superio-

2263 4844 2379 4882 rem
2409 4829 2718 4912 opinionem
2757 4831 2826 4912 tle
2851 4835 3236 4912 _suscipiendis
3266 4841 3548 4912 monachis
3581 4829 3760 4912 ignoti
3801 4855 3858 4899 et

2263 4901 2456 4970 remoti
2483 4901 2794 4956 monasterii
2819 4904 2936 4958 sine
2963 4901 3160 4960 litteris
3185 4901 3672 4967 commendatitiis.
3707 4914 3848 4970 Nam

2264 4969 2310 5024 si
2350 4969 2454 5024 hoc
2484 4972 2694 5044 passim
2723 4972 2930 5027 licitum
2959 4990 3066 5029 non
3091 4974 3281 5033 fuisset
3302 4995 3367 5032 ex
3398 4996 3572 5044 more,
3611 4984 3671 5037 in
3708 4969 3852 5039 hanc

2263 5043 2604 5106 sententiam,
2635 5056 2755 5118 qua:
2782 5050 2872 5118 est
2909 5059 3196 5102 commune
3221 5049 3508 5106 charitatis
3547 5043 3850 5118 vinculum,

2261 5120 2534 5180 peccaret,
2565 5112 2654 5180 qui
2681 5111 2749 5165 de
2779 5112 2964 5183 ignoto
2993 5120 3320 5173 monasterio
3343 5121 3460 5176 sine
3483 5123 3704 5178 abbatis
3725 5111 3854 5179 con;

2263 5196 2424 5236 sensu
2453 5183 2734 5250 reciperet,
2765 5192 2821 5237 et
2843 5193 2996 5239 extra
3021 5201 3135 5240 rem
3163 5188 3280 5244 haec
3308 5192 3581 5246 sententia
3611 5211 3644 5248 a
3669 5194 3730 5249 S.
3757 5197 3851 5249 Be-

2261 5251 2477 5306 nedicto
2499 5251 2777 5306 citaretur.

2335 5338 2349 5391 i
2390 5339 2512 5424 Ixon
2546 5342 2750 5424 licebit,
2778 5353 2882 5424 etc_.
2913 5345 3027 5424 Hoc
3063 5358 3225 5424 caput
3252 5353 3606 5424 reperituroin
3640 5353 3847 5424 Regula

2260 5427 2364 5467 ms.
2402 5411 2656 5478 Macarii,
2681 5413 2999 5484 Serapionis
3026 5426 3082 5473 et
3109 5411 3339 5475 aliorum
3369 5424 3489 5476 cod.
3517 5423 3669 5477 Flor.

2331 5505 2359 5544 ιε
2387 5503 2624 5578 Primam
2649 5503 2808 5578 ﬁdem
2825 5506 3032 5578 irritam
3063 5509 3206 5578 fecit.
3227 5510 3249 5564 Ι
3271 5511 3337 5565 ad
3365 5511 3504 5565 Tim.
3534 5529 3569 5565 v
3601 5531 3614 5566 :
3656 5511 3850 5567 Fidem

2259 5576 2486 5656 negavit,
2512 5583 2581 5663 et)
2609 5583 2684 5629 est
2708 5575 2918 5663 inﬁdeli
2941 5575 3207 5663 deterior;
3239 5590 3294 5636 et
3318 5583 3638 5663 pauloopost
3665 5601 3678 5635 :
3706 5583 3848 5648 Quia

2258 5644 2481 5717 primam
2505 5644 2664 5713 ﬁdem
2702 5645 2908 5699 irritam
2943 5647 3214 5717 fecerunt;
3247 5644 3342 5707 sed
3373 5644 3575 5707 nitatur
3597 5644 3756 5708 locus
3778 5671 3844 5708 ex

2260 5716 2537 5837 merploria,
2577 5732 2685 5772 non
2731 5733 2799 5772 ex
2843 5719 3060 5786 codice;
3092 5729 3149 5776 et
3184 5716 3253 5778 ex
3293 5722 3506 5779 duobus
3535 5723 3675 5779 locis
3703 5739 3845 5779 unus

2260 5800 2361 5837 con
2402 5794 2542 5837 atur.

2259 5794 2490 5840 contlatu
2498 5803 2542 5839 ι’.
