4062 6332
273 391 408 449 15211

1180 381 1573 443 CONCORDIA
1608 380 2062 441 REGULARUM.
2081 370 2173 426 71-
2205 379 2357 457 CAP.
2394 378 2621 440 LXVIII.

3375 387 3507 444 1592

271 507 501 569 siderat;
525 511 582 559 et
606 517 686 558 sic
706 501 1054 573 suscipiatur.
1074 499 1212 558 Nam
1236 504 1356 560 sine
1371 513 1399 542 α
1420 498 1698 556 voluntate
1717 496 1832 567 ejus
1858 497 1916 559 Α
1938 494 2188 551 bertatem
2214 505 2445 550 nostram
2464 533 2480 559 ,
2513 509 2674 564 quam
2697 491 2976 546 habuimus
3007 493 3065 544 in
3094 491 3301 546 Christo
3327 493 3454 547 Jesu
3485 507 3504 545 :
3538 567 3541 570 _

268 595 358 665 qui
388 608 616 664 praeesse
644 593 857 649 videtur
882 593 936 649 in
965 594 1317 660 monasterio,
1352 592 1662 647 nullatenus
1697 589 1836 645 rcci-

266 683 445 752 piatur
475 681 662 738 frater.
704 681 858 750 Quod
886 683 933 738 si
973 683 1002 723 b
1035 681 1444 754 praesumpserit
1479 680 1606 734 talia
1633 677 1834 743 facere,

266 771 473 825 noverit
499 787 558 826 se
584 771 637 826 in
680 772 884 843 synodo
921 773 1316 842 episcoporum,
1353 772 1524 826 autin
1567 777 1834 825 conventu

262 860 493 916 fratrum
519 877 739 918 suorum
776 862 831 917 in
859 863 1190 919 audientiam
1212 863 1418 918 venire.
1451 873 1472 900 °
1503 861 1572 916 Et
1596 869 1726 915 tunc
1753 875 1836 915 re-

261 953 418 1008 cedat
439 961 698 1024 tanquam
717 951 903 1023 junior
928 969 1078 1018 suus,
1106 954 1277 1009 donec
1297 953 1365 1008 ab
1385 968 1450 1008 eo
1469 952 1555 1006 cui
1582 951 1834 1023 injuriam

259 1040 391 1098 fecit
413 1044 626 1099 Veniam
656 1053 822 1115 petat,
853 1052 913 1099 ut
935 1060 1042 1099 non
1073 1061 1170 1116 per
1204 1045 1374 1116 ipsius
1401 1044 1592 1098 vitium
1622 1042 1715 1097 alii
1744 1042 1837 1097 de-

260 1134 556 1203 spiciantur
579 1134 607 1175 (ι
647 1135 855 1192 Patres.
887 1149 910 1176 ο
938 1137 1028 1192 llle
1056 1153 1186 1193 vero
1216 1139 1517 1192 monachus
1542 1136 1562 1175 τ
1602 1142 1835 1206 quantos

258 1221 456 1280 fratres
493 1226 548 1281 in
589 1227 694 1283 alio
725 1228 1009 1289 invenerit.
1044 1231 1069 1269 Β
1119 1238 1298 1283 tantos
1328 1229 1352 1268 ιι
1391 1243 1451 1283 se
1497 1226 1707 1282 noverit
1729 1227 1836 1281 σιω-

255 1313 387 1371 bere
424 1317 650 1386 priores.
703 1317 809 1372 Sed
855 1333 957 1373 nec
985 1319 1368 1373 attendendum
1412 1325 1497 1373 est
1541 1317 1688 1388 quod
1734 1316 1837 1371 fuit

256 1412 445 1470 antea;
476 1407 570 1461 sed
607 1407 914 1476 probandus
934 1416 1020 1462 est
1049 1408 1224 1479 qualis
1263 1422 1385 1463 esse
1412 1408 1657 1477 cceperit.
1704 1407 1834 1462 Sus-

253 1504 441 1565 ceptus
469 1510 597 1551 vero
627 1497 670 1551 si
702 1497 901 1553 habere
936 1499 1152 1554 videtur
1192 1499 1394 1570 aliquid
1417 1498 1530 1555 sive
1564 1499 1614 1553 in
1649 1499 1831 1563 rebus,

255 1586 371 1641 sive
408 1585 464 1639 in
493 1587 789 1652 codicibus,
822 1587 961 1642 ultra
994 1589 1044 1644 ei
1073 1588 1355 1659 possidere
1380 1604 1486 1643 non
1524 1588 1744 1644 licebit:
1773 1598 1833 1643 ut

250 1677 424 1746 possit
454 1692 575 1732 esse
613 1678 888 1749 perfectus
919 1719 934 1740 .
972 1680 988 1719 ί
1031 1680 1160 1750 quia
1191 1679 1318 1735 alibi
1351 1695 1458 1735 non
1508 1681 1680 1750 potuit
1711 1695 1832 1735 esse

252 1781 438 1823 senex.
469 1767 850 1824 Residentibus
887 1785 1019 1825 vero
1044 1770 1328 1837 fratribus,
1370 1771 1415 1827 si
1454 1771 1616 1827 fuerit
1649 1772 1830 1842 aliqua

251 1857 318 1914 de
353 1857 652 1929 Scripturis
674 1859 914 1926 collatio,
943 1869 999 1916 et
1025 1860 1189 1916 fuerit
1217 1873 1230 1912 ι
1274 1877 1340 1916 ex
1370 1863 1455 1917 his
1486 1863 1608 1918 talis
1634 1863 1825 1930 scitus,
1857 1860 1904 1920 Β

251 1965 358 2005 non
386 1949 570 2006 licebit
597 1951 650 2007 ei
683 1951 888 2023 aliquid
914 1953 1126 2019 dicere,
1159 1954 1266 2010 nisi
1294 1965 1622 2026 praeceptum
1663 1955 1801 2012 fueri
1837 1953 1842 1956 ⁴

249 2055 282 2094 a
307 2040 488 2097 Patre.

462 2135 490 2207 §
518 2135 603 2192 lli.
629 2168 701 2177 —
725 2136 803 2192 Ex
833 2137 1052 2194 Βεσῠιιι
1078 2137 1303 2194 ΡΑτιιωι
1335 2137 1476 2211 (cap.
1506 2139 1616 2211 14).

322 2225 351 2266 ιι
380 2225 700 2282 Monachum
739 2229 846 2283 uisi
865 2229 1079 2285 abbatis
1109 2231 1194 2285 sui
1234 2229 1369 2285 laut
1392 2232 1695 2302 permissu,
1735 2242 1829 2288 aut

247 2314 543 2382 voluntate,
567 2329 608 2358 ιιι
625 2319 692 2372 ad
717 2319 949 2374 alterum
967 2322 1357 2376 monasterium
1378 2323 1827 2394 commigrantem

247 2410 426 2466 nullus
453 2412 618 2468 abbas
641 2422 668 2451 ιι
692 2422 785 2468 aut
804 2414 1101 2486 suscipere,
1133 2424 1230 2470 aut
1253 2415 1486 2471 retinere
1511 2424 1823 2486 praesumat.

247 2503 400 2573 Quod
431 2505 478 2561 si
503 2505 571 2561 ad
603 2507 990 2563 districtiorem
1013 2507 1273 2579 Regulam
1298 2525 1403 2564 non
1442 2524 1540 2578 pro
1568 2517 1720 2563 actus
1742 2510 1824 2564 sui

247 2593 464 2652 levitate
500 2598 804 2652 tendentem
855 2599 1024 2655 abbas
1066 2615 1196 2656 suus
1251 2601 1426 2672 ipsum
1477 2601 1544 2656 ad
1597 2600 1826 2655 alterum

246 2689 633 2744 monasterium
659 2690 894 2745 transire
920 2693 1250 2762 permiserit,
1279 2701 1339 2748 ut
1365 2693 1490 2748 inde
1515 2703 1698 2764 postea
1727 2695 1827 2750 sub

245 2780 424 2852 aliqua
468 2783 753 2839 occasione
797 2785 982 2854 egredi
1034 2793 1350 2855 praesumat,
1413 2786 1564 2841 nulla
1615 2786 1828 2840 ratione

242 2873 626 2943 permittimus.

347 2967 375 3040 §
402 2968 490 3022 IV.
521 2999 592 3009 —
617 2970 696 3024 Ex
719 2969 940 3026 Rasum
968 2985 1158 3026 ssnon
1186 2969 1390 3026 BASILII
1423 2970 1564 3042 (cap.
1595 2969 1715 3040 87).

312 3056 575 3131 Interrog.
629 3067 653 3095 ο
685 3059 742 3115 Si
773 3061 918 3116 dicat
952 3062 1075 3133 quis
1102 3081 1114 3116 :
1142 3062 1277 3118 Volo
1307 3063 1452 3132 apud
1485 3078 1582 3118 vos
1628 3078 1824 3134 parum

243 3151 447 3222 aliquid
498 3155 758 3224 temporis
802 3154 979 3210 facere
999 3197 1014 3221 ,
1046 3163 1107 3210 ut
1139 3155 1422 3227 proficiam
1451 3172 1518 3211 ex
1546 3156 1702 3212 vobis
1732 3155 1826 3218 :,si
1863 3198 1892 3227 Α

1856 3213 1901 3280 C
1933 3213 2368 3308 praetereundum
2397 3230 2729 3292 censuimus,
2762 3235 2822 3281 ut
2861 3225 2907 3280 si
2948 3223 3086 3278 forte
3125 3221 3350 3278 alterius
3392 3219 3518 3284 loci,

241 3251 453 3313 oportet
478 3257 602 3298 eum
627 3244 864 3314 suscipi?
890 3276 961 3285 —
979 3243 1136 3316 Resp.
1154 3247 1382 3302 Domino
1408 3247 1825 3318 pronuntiante:

247 3330 385 3399 Quia
403 3336 690 3390 venientem
718 3335 786 3389 ad
807 3350 886 3390 nte
913 3354 1016 3394 non
1031 3338 1239 3408 ejiciam
1258 3339 1404 3407 foras
1427 3337 1612 3410 (Joan.
1631 3338 1745 3410 ix);
1774 3345 1832 3393 et

240 3421 500 3496 Apostolo
549 3427 899 3483 nihilominus
941 3430 1151 3484 dicente
1192 3448 1204 3482 :
1243 3429 1467 3500 Propter
1497 3430 1831 3484 subintrodu‘

239 3527 375 3584 ctos,
399 3526 490 3571 aut
506 3517 671 3587 falsos
684 3519 902 3587 fratres,
927 3521 1017 3590 qui
1034 3519 1447 3574 subintroierunt
1469 3519 1746 3590 explorare
1766 3519 1830 3573 li-

313 3663 342 3726 f
376 3649 650 3726 [oluntate
685 3652 1044 3726 ejus,iAddidi
1067 3657 1127 3712 τὸ
1143 3656 1282 3726 ejus,
1309 3657 1451 3726 quod
1477 3657 1684 3713 deerat.

315 3721 344 3761 ι)
372 3721 786 3792 Pra'sumpserit.
818 3725 1001 3780 Abbas
1026 3721 1250 3782 alterius
1275 3721 1614 3784 monasterii.

316 3801 341 3830 ο
371 3792 440 3846 Et
476 3803 598 3846 tunc
615 3795 833 3867 recedat
875 3806 1126 3867 tanquam
1146 3797 1331 3867 junior
1357 3816 1505 3854 suus.
1540 3799 1641 3854 Hic
1675 3800 1828 3856 locus

245 3878 350 3918 non
392 3871 574 3918 exstat
614 3864 666 3918 in
715 3865 924 3920 duobus
973 3864 1253 3924 codicibus
1304 3869 1644 3926 bibliotheca:
1696 3871 1830 3926 Cor-

243 3933 502 4008 bei‘ensis,
523 3943 715 4008 estque
737 3938 1200 4008 corruptissimus.

313 4003 342 4044 (ι
373 4003 584 4059 Patres.
629 4003 1079 4063 Monasteriorum
1105 4010 1376 4076 videlicet,
1421 4012 1476 4067 id
1513 4020 1617 4079 cst,
1661 4013 1829 4070 abba-

247 4084 346 4131 tes.

318 4145 476 4229 {Ille
506 4162 627 4202 vero
661 4149 970 4205 monachus.
1007 4149 1112 4218 Qui
1143 4153 1343 4228 transit
1369 4155 1439 4210 ad
1478 4154 1609 4210 illud
1639 4171 1827 4212 mona-

244 4224 490 4272 sterium.
1143 4224 1146 4228 λ

320 4287 644 4364 quitantos.
686 4291 742 4364 l_d
767 4299 883 4357 est,
910 4303 1053 4364 quot,
1095 4294 1227 4350 Luc.
1262 4312 1330 4349 xv
1361 4315 1371 4350 :
1405 4294 1602 4362 Quanti
1633 4315 1829 4353 merce-

244 4359 475 4450 nariimin
495 4359 669 4450 aonio
690 4359 1012 4450 Patris-mei,
1051 4365 1104 4421 id
1125 4375 1226 4450 est,
1250 4378 1406 4450 quot.

319 4433 343 4469 ε
376 4428 590 4512 Tantos.
613 4431 672 4487 ιιι
691 4445 794 4498 est,
812 4432 1087 4512 totalqan.
1114 4428 1220 4491 ult.
1238 4428 1306 4491 Et
1329 4455 1448 4491 cum
1469 4439 1821 4512 tantiessent,

244 4517 346 4555 non
365 4510 482 4574 _est_
506 4504 725 4574 scissum
751 4514 884 4568 rete;
921 4504 1004 4559 in'
1026 4506 1216 4564 Graeco
1239 4549 1254 4572 ,
1295 4516 1536 4564 τοσοῦτοι
1557 4549 1572 4571 ,
1614 4510 1668 4564 id
1711 4504 1815 4574 est,

243 4571 398 4625 tanti.
434 4569 776 4640 Marculplius
812 4565 970 4628 form.
1013 4577 1075 4631 51
1117 4597 1128 4632 :
1167 4596 1186 4630 ι
1241 4565 1570 4633 'Ministretis'
1590 4565 1818 4633 veredos

1928 4571 2112 4628 Graeco
2137 4586 2149 4620 :
2179 4567 2288 4624 Ἵνα
2307 4566 2394 4624 ἥτε
2420 4565 2626 4640 aliique:
2644 4581 2790 4636 φανιρ

242 4641 358 4722 sive
380 4643 738 4722 paraveredos
767 4653 965 4722 tantos,
997 4658 1125 4722 etc.,
1160 4649 1269 4722 )__id
1297 4659 1401 4712 est,
1433 4659 1525 4722 tot.

312 4711 340 4751 δ
372 4713 444 4765 δε
473 4711 668 4765 noverit
699 4713 888 4768 habere
929 4711 1148 4784 priores.
1185 4719 1308 4774 Hrec
1345 4711 1662 4778 canstitub'o
1688 4736 1817 4776 con-

243 4781 426 4862 firmat
451 4789 692 4862 nostram
720 4781 1072 4862 sententiam,
1102 4790 1242 4859 quod
1269 4790 1520 4862 videlicet
1546 4791 1617 4854 ii,
1649 4793 1741 4861 qui
1762 4792 1816 4846 in

243 4852 391 4923 aliud
430 4852 663 4922 migrant
698 4859 1082 4912 monasterium
1101 4852 1134 4923 ,’
1159 4861 1508 4914 stabilitatem
1547 4852 1701 4915 suam
1743 4863 1817 4917 ibi

243 4921 533 4995 firmaturi,
557 4924 789 4979 debeant
817 4925 1062 4982 ultimum
1088 4921 1271 4984 tenere
1300 4931 1500 4995 locum,
1529 4933 1632 4985 nisi
1655 4932 1818 4987 altius

242 4994 312 5048 ab
337 4993 532 5048 abbate
569 5007 1003 5065 promoveantur.

319 5067 337 5142 ᾗ
375 5065 854 5142 u_uia_atibiLLege
889 5068 1065 5142 :‘Qui,
1097 5079 1201 5126 etc.

319 5133 332 5186 i
388 5133 475 5189 Ea:
518 5135 619 5216 liis.
670 5133 1008 5217 scripturis:
1041 5133 1096 5196 et
1124 5144 1182 5197 τὸ
1224 5143 1428 5217 scitus,
1469 5151 1562 5217 est
1605 5144 1815 5217 doctus.

246 5206 376 5287 Qua;
409 5207 590 5287 omnia
623 5208 756 5287 satis
788 5209 931 5287 clara
959 5222 1184 5287 suntex
1215 5213 1321 5287 alia
1360 5206 1588 5269 lectione
1615 5216 1822 5271 codicis

244 5276 586 5356 Qurbciensis
613 5296 624 5330 :
661 5277 728 5356 nEt
759 5279 813 5356 _si
840 5279 1060 5348 forsitan
1091 5284 1158 5350 is,
1191 5286 1280 5354 qui
1301 5295 1568 5356 susceptus
1598 5298 1696 5353 est,
1725 5287 1820 5340 Ita-

247 5347 325 5402 bet
353 5350 623 5402 scientiam
653 5347 1067 5418 Scripturarum.

249 5488 261 5500 .
319 5420 346 5458 k
378 5418 695 5500 Monac/sunt
718 5421 840 5485 nisi,
869 5433 972 5500 etc_.
1011 5423 1126 5500 tice
1154 5425 1447 5500 capitulum
1477 5427 1715 5500 reperire
1739 5435 1824 5482 est

247 5488 303 5544 in
331 5488 526 5571 regula
545 5491 703 5571 ter-tia
730 5506 830 5571 ius.
865 5493 984 5571 cod.
1008 5493 1166 5571 Flor.
1185 5488 1306 5565 qua:
1336 5488 1568 5568 incipit':
1604 5496 1823 5571 Cumuin

247 5557 711 5639 Mmiiwpomini_.
740 5561 874 5639 Ejus
884 5564 1060 5639 etiam
1088 5557 1236 5635 prior
1263 5583 1390 5638 pars
1424 5557 1593 5639 usque
1629 5569 1696 5622 ad
1732 5568 1822 5623 illa

246 5627 414 5705 verba
456 5627 608 5705 Quod
654 5632 699 5684 si
741 5627 810 5705 ad
840 5627 1231 5705 districtiorem,
1263 5627 1464 5694 'exstat
1496 5627 1553 5695 i'n
1591 5640 1824 5695 concilio

246 5698 563 5772 Agathensi,
595 5715 713 5756 can.
738 5701 828 5758 27.

234 5807 237 5810 -
307 5770 344 5810 ἰ
380 5770 480 5847 Aut
520 5773 794 5841 permissu.
834 5775 1128 5847 Particula,
1161 5789 1278 5846 aut,
1323 5797 1431 5837 non
1461 5783 1627 5840 estin
1659 5786 1827 5841 citato
1881 5829 1884 5832 .

254 5845 498 5902 concilio.

494 5937 764 6002 Panos.
814 5945 974 6006 Clll.

1937 588 2123 661 quibus
2150 601 2242 642 nec
2262 587 2332 641 ad
2362 587 2544 641 horam
2576 584 2824 639 cessimus
2855 583 3166 654 subjectioni
3188 622 3204 648 ,
3228 591 3284 635 ut
3315 584 3504 638 ueritas

1935 678 2210 750 Evangelii
2253 684 2554 749 permaneat
2593 674 2732 746 apud
2771 690 2858 728 vos
2887 670 3029 746 (Gal.
3081 671 3166 746 ιι).
3197 671 3506 727 Concedere

1934 769 2153 839 quidem
2183 767 2233 822 ei
2271 765 2526 822 convenit
2556 765 2858 836 ingressum
2890 769 3110 832 propter
3144 761 3382 816 incertos
3409 774 3508 816 ex-

1935 859 2043 914 itus
2069 872 2276 914 rerum.
2309 855 2520 912 Interea
2549 854 2695 910 enim
2718 861 2898 923 potest
2922 851 3060 916 ﬁeri,
3081 859 3142 905 ut
3167 866 3267 922 per
3293 859 3506 922 tempus

1933 950 2200 1021 proficiat,
2229 957 2285 1004 et
2309 947 2607 1003 delectetur
2635 946 2923 1001 sanctitate
2946 943 3091 1007 vitm,
3118 951 3173 996 et
3196 950 3512 1012 permaneat

1933 1041 2128 1112 coeptis
2157 1040 2298 1096 sicut
2327 1049 2384 1096 et
2429 1040 2743 1109 frequenter
2790 1036 2991 1091 factum
3034 1035 3254 1090 scimus.
3303 1032 3412 1088 Sed
3446 1040 3508 1088 ut

1933 1131 2311 1188 manifestetur
2363 1133 2569 1187 veritas
2619 1141 2648 1183 ι’
2703 1129 3105 1184 institutionum
3174 1131 3508 1190 nostrarum,

1933 1234 1962 1273 ει
1991 1225 2058 1279 de
2109 1225 2304 1295 quibus
2349 1222 2598 1279 fortassis
2650 1219 2897 1276 homines
2953 1217 3114 1272 aliter
3156 1215 3448 1286 opinantur
3486 1226 3507 1265 :

1932 1324 2146 1384 oportet
2175 1325 2356 1370 tamen
2379 1314 2525 1370 circa
2565 1328 2690 1368 eum
2720 1311 2932 1367 cautius
2959 1309 3064 1380 agi,
3096 1316 3152 1362 et
3176 1305 3507 1378 diligentius,

1938 1415 1958 1444 τ
1976 1415 2035 1461 ut
2061 1407 2175 1461 sive
2194 1407 2248 1460 in
2268 1405 2499 1460 veritate
2524 1413 2862 1475 permaneat,
2878 1402 2965 1456 vel
2991 1400 3259 1470 proficiat,
3287 1399 3402 1453 sive
3426 1397 3511 1451 iu-

1933 1497 2276 1553 stitutionum
2305 1505 2613 1551 nostrarum
2643 1494 2848 1548 veritas
2888 1491 3282 1563 explorabitur,
3317 1487 3511 1558 proba-

1931 1590 2055 1646 bilis
2095 1588 2402 1644 inveniatur
2427 1595 2482 1641 et
2510 1601 2664 1656 pura.
2691 1584 2770 1637 lta
2800 1597 3032 1653 namque
3062 1589 3120 1637 et
3142 1597 3241 1636 nos
3268 1581 3380 1635 Deo
3400 1577 3514 1650 pla-

1932 1679 2175 1737 cebimus
2194 1719 2209 1743 ,
2243 1685 2299 1733 et
2326 1676 2416 1732 ille
2454 1685 2548 1730 aut
2567 1675 2834 1746 proficiet,
2865 1683 2978 1740 aut,
3010 1672 3057 1728 si
3085 1672 3371 1728 simulator
3403 1673 3512 1733 est,

1935 1780 1960 1810 ⁸
1989 1767 2290 1824 erubescet.

2107 1860 2137 1933 §
2167 1860 2228 1914 V.
2265 1889 2336 1899 —-
2362 1859 2440 1914 Ex
2478 1859 2698 1914 Rscuu
2725 1853 2998 1910 annuou
3041 1853 3180 1924 (cap.
3218 1851 3330 1922 11).

2006 1957 2025 1990 ί
2078 1952 2400 2008 Monachum
2451 1950 2695 2015 omnino,
2741 1949 2856 2003 sive
2907 1958 2935 1986 ιι
2981 1945 3238 2001 clericum
3288 1941 3516 1997 alterius

1931 2043 1981 2116 [ν
2017 2041 2143 2114 loci]
2175 2040 2489 2096 monasterii
2533 2038 2701 2108 recipi
2731 2037 2831 2093 sub
2865 2035 3119 2107 qualibet
3142 2047 3306 2088 causa
3355 2029 3512 2085 nolu-

1927 2149 2071 2197 mus,
2123 2131 2530 2196 interdicimus,
2571 2129 2941 2200 probi‘bemus,
2965 2124 3360 2196 pr05picieutes
3385 2121 3513 2175 talia

1928 2225 2106 2281 studio
2139 2223 2454 2288 charitatis,
2485 2237 2553 2276 ne
2583 2235 2784 2276 novum
2803 2216 3025 2287 aliquod
3053 2215 3192 2270 forte
3218 2227 3244 2255 κ
3279 2212 3513 2268 scanda-

1929 2315 2042 2370 lum
2079 2324 2107 2364 γ
2139 2323 2422 2385 surgentes
2475 2313 2754 2368 inducant.
2807 2309 2953 2365 Dicit
2995 2308 3141 2361 enim
3192 2305 3512 2376 Scriptura:

1917 2403 2198 2489 :Quidquid
2227 2407 2319 2460 tibi
2350 2422 2452 2460 non
2475 2406 2569 2471 uis,
2598 2404 2705 2458 alio
2739 2419 2802 2457 ne
2840 2401 3026 2472 feceris
3063 2399 3213 2471 (Tob.
3245 2400 3341 2469 tv).
3378 2397 3518 2470 Hinc

1927 2499 2074 2554 enim
2094 2499 2414 2569 plerumque
2433 2513 2541 2553 non
2565 2504 2774 2552 tantum
2795 2495 2938 2550 inter
2957 2495 3201 2554 abhates,
3234 2493 3328 2547 sed
3350 2492 3514 2548 etiam

1927 2589 2070 2645 inter
2122 2589 2452 2644 monasteria
2495 2589 2618 2643 lites
2655 2585 2986 2642 insanabiles
3028 2585 3277 2639 oriuntur
3324 2603 3336 2636 :
3389 2583 3518 2638 dum

1929 2697 2070 2737 unus
2107 2682 2302 2737 nititur
2331 2679 2620 2736 defendere
2649 2693 2809 2748 quem
2837 2675 3048 2746 recipit,
3080 2674 3218 2729 alter
3259 2688 3520 2728 revocare

1929 2787 2091 2844 quem
2127 2773 2381 2844 perdidit.
2424 2772 2488 2826 Et
2527 2772 2594 2827 ad
2632 2780 2936 2826 extremum
2969 2767 3072 2822 nisi
3119 2766 3375 2822 reddatur
3426 2766 3519 2821 isti

1927 2865 2147 2935 petitori
2173 2865 2394 2933 petitus,
2440 2871 2496 2918 et
2541 2861 2698 2916 istius
2737 2859 3070 2915 rcstauratio
3100 2856 3303 2926 recepti
3335 2855 3518 2925 placa-

1931 2957 2074 3012 verit
2099 2956 2354 3028 iujuriam
2383 2962 2697 3023 acceptam;
2730 2950 2791 3006 lit
2824 2958 2884 3004 ut
2913 2964 3019 3004 non
3048 2948 3348 3003 secundum
3368 2948 3516 3018 Apo-

1930 3051 2132 3108 stolum
2162 3050 2387 3104 vincant
2421 3048 2474 3101 in
2506 3047 2649 3102 bono
2677 3046 2880 3098 malum
2901 3041 3084 3114 (Rom.
3109 3038 3236 3113 xu),
3267 3040 3360 3096 sed
3384 3038 3521 3092 utri-

1932 3161 2036 3216 que
2085 3143 2213 3199 mali
2244 3142 2532 3196 vincantur
2568 3152 2677 3192 uno
2728 3134 2892 3190 malo.
2945 3132 3201 3187 Attamen
3246 3144 3347 3185 nec
3390 3128 3521 3184 illud

1934 3338 1995 3383 ut
2034 3343 2194 3398 supra
2220 3326 2354 3391 dixi,
2377 3322 2694 3385 monachus,
2732 3319 2846 3373 sive
2870 3315 3101 3371 clericus
3123 3313 3324 3382 scripta
3355 3311 3522 3366 abba-

1937 3419 2006 3472 tis
2033 3427 2054 3454 ι
2084 3417 2171 3472 vel
2205 3413 2445 3486 episcopi
2474 3411 2702 3474 deferat,
2754 3408 2808 3462 in
2845 3407 3042 3476 quibus
3071 3402 3358 3458 manifeste
3394 3416 3522 3472 pro-

1933 3511 2094 3564 betur
2118 3522 2228 3564 non
2255 3513 2480 3577 propter
2502 3502 2634 3560 vitia
2672 3500 2934 3562 curanda,
2971 3497 3068 3553 scd
3092 3504 3312 3568 propter
3339 3495 3519 3551 chari-

2006 3658 2044 3686 ιιι
2072 3645 2152 3699 Ad
2187 3643 2429 3698 alterum.
2463 3640 2698 3711 Reposui
2729 3637 3190 3710 praepositionem,
3213 3635 3304 3702 ad,
3339 3650 3407 3691 ex
3433 3635 3520 3692 dio

1933 3730 2023 3773 cto
2047 3715 2295 3780 concilio,
2321 3723 2376 3770 ct
2410 3713 2476 3768 R.
2510 3728 2614 3767 ms.

2006 3801 2032 3826 ι·
2049 3789 2154 3842 Aut
2176 3777 2458 3855 suscipere.
2484 3783 2747 3839 Similiter
2771 3779 3057 3853 particula,
3075 3788 3191 3843 aut,
3215 3793 3322 3834 non
3352 3777 3517 3834 habe-

1933 3867 2020 3915 tur
2058 3860 2110 3914 in
2132 3858 2356 3929 praefato
2387 3855 2638 3929 concilio.

2007 3941 2030 3964 ο
2060 3919 2300 3986 δι’ἀὶεαι
2337 3928 2474 3996 quis,
2510 3936 2616 3982 etc.
2649 3927 2838 3982 Exstat
2877 3921 3020 3996 apud
3050 3919 3110 3996 S.
3142 3920 3400 3977 Basitmm
3425 3922 3515 3996 in-

1934 4012 2064 4058 terr.
2098 4000 2166 4057 97
2195 3992 2409 4071 Regula:
2434 3999 2706 4064 Brevium,
2738 4005 2792 4052 et
2823 3992 2964 4071 apud
2991 3993 3242 4071 Rufinum
3272 4008 3392 4064 cap.
3422 3992 3512 4048 49.

2005 4085 2031 4123 p
2060 4062 2460 4128 Institutionum
2499 4062 2820 4124 nostrarum.
2856 4062 2925 4120 ln
2969 4062 3114 4120 textu
3145 4062 3380 4119 Graeco:
3415 4071 3518 4125 Ti:

1931 4149 1982 4202 ἐν
2002 4149 2119 4220 sint»
2133 4145 2422 4220 ἀκριβείαςι
2432 4141 2484 4196 id
2497 4148 2607 4220 est,
2621 4159 2640 4191 ‹
2662 4145 2868 4220 exacte
2882 4136 3242 4220 observantia:
3254 4144 3475 4220 nostra}:
3488 4155 3508 4187 ι

2001 4206 2133 4270 ιιύε
2161 4205 2347 4286 quibus
2393 4211 2633 4286 fortassis
2665 4209 2896 4286 homines
2936 4208 3087 4286 aliter
3115 4206 3418 4286 opinantur.
3439 4205 3515 4286 _ln

1931 4297 2084 4342 textu
2123 4277 2313 4358 Graeco
2347 4302 2361 4338 :
2393 4277 2739 4358 "Allato-ripa;
2779 4278 3088 4358 ’ἴσως-,περὶ¹
3117 4277 3515 4358 ἡμᾶζνιύποψίᾳς

1933 4359 2142 4432 ἔχοντι,
2174 4357 2228 4412 id
2270 4363 2388 4420 est,
2421 4373 2441 4405 ι
2485 4355 2578 4422 qui
2610 4345 2844 4406 fumasse
2871 4345 3031 4402 aliter
3057 4347 3124 4399 de
3149 4345 3306 4399 nobis
3333 4345 3512 4415 διιέρί-

1933 4441 2106 4484 catur.
2143 4448 2162 4480 ι

2010 4513 2029 4538 ν
2064 4497 2128 4552 Ut
2158 4500 2262 4551 sive
2284 4498 2341 4549 in
2369 4497 2582 4547 veritate
2605 4498 2927 4560 permaneat,
2957 4484 3339 4560 elc.Aliterin
3363 4493 3511 4560 textu

2794 4561 2917 4628 ωθῇ,
2946 4563 3032 4614 καὶ
3055 4559 3084 4618 ἡ
3111 4556 3309 4628 arteriis:
3335 4556 3510 4618 πάσης

1921 4618 2478 4715 Esiégépiagéiiigiég
2534 4635 2587 4714 id
2609 4618 2713 4698 est,
2791 4618 3148 4715 ut‘ei'veritas
3170 4618 3472 4684 illustretur
3491 4667 3507 4694 ,

1921 4724 1976 4769 et
2004 4701 2239 4782 suspicio
2267 4701 2607 4782 negligentia:
2632 4703 2810 4782 omnis
2849 4701 3106 4782 tollatur.
3128 4717 3146 4749 ι
3319 4769 3331 4778 _

1995 4798 2014 4823 ε
2049 4771 2364 4836 Erubescat:
2395 4771 2454 4832 lii
2483 4783 2635 4830 textu
2679 4771 2890 4838 Graeco,
2923 4773 3286 4846 ἆλεχθήσσται,
3319 4771 3370 4826 id
3400 4782 3503 4835 est,

1921 4855 2294 4914 convincatur.

2001 4932 2016 4963 ι
2052 4924 2371 4980 Monachum
2393 4920 2625 4974 omnino.
2648 4915 2764 4973 Hoc
2791 4915 3086 4987 capitulum
3115 4915 3169 4967 in
3198 4918 3320 4972 cod.
3344 4917 3510 4973 Vind.

1921 4998 2060 5054 falso
2085 4995 2374 5050 ascribitur
2399 4990 2458 5045 S.
2490 4988 2709 5044 Basilio.

1993 5083 2020 5108 ιι
2049 5067 2330 5122 Ctericum.
2361 5061 2465 5128 Qui
2492 5061 2564 5116 sit
2587 5060 2904 5116 monachus.

1995 5151 2018 5174 ν
2049 5137 2196 5190 Loci.
2224 5133 2527 5188 Redundat.

1999 5225 2023 5249 ι
2046 5204 2372 5264 Scandalum
2393 5203 2667 5257 inducant.
2695 5202 2841 5256 inter
2861 5200 3108 5268 abbates,
3130 5203 3214 5258 vel
3239 5208 3512 5260 monaste-

1923 5285 2024 5345 ria,
2059 5277 2140 5332 vel
2173 5278 2476 5347 episc0pos.
2507 5273 2830 5328 Srandalum
2859 5281 2943 5328 est
2967 5275 3105 5339 rixa,
3132 5275 3217 5339 lis,
3241 5275 3506 5344 jurgium,

1923 5364 1986 5408 ut
2011 5366 2077 5406 ex
2103 5349 2455 5418 sequentibus
2484 5352 2732 5418 patet,_et
2760 5358 2927 5418 supra
2954 5347 3112 5400 toties
3135 5355 3380 5401 notatum
3401 5353 3506 5400 est.

1997 5432 2025 5471 γ
2064 5413 2370 5488 δυνρεηεεε.
2415 5413 2560 5488 Lege
2588 5433 2602 5488 ς
2630 5413 2936 5488 Fugientes.

1999 5504 2021 5530 ³
2066 5485 2450 5561 Vel—episcopi.
2498 5485 2637 5553 Quia
2676 5485 2860 5561 clerici
2902 5488 3030 5561 _qui_
3057 5486 3308 5544 monachi
3355 5494 3513 5542 erant

1926 5567 2055 5623 olim
2084 5557 2346 5635 peculiari
2378 5557 2619 5628 quodam
2656 5557 2819 5635 modo
2849 5558 2926 5635 ad
2948 5559 3510 5635 episcopumspccta-

1928 5629 2102 5699 bant;
2133 5642 2192 5688 ut
2231 5632 2411 5702 capite
2455 5629 2702 5702 sequenti
2725 5629 3079 5702 tractabitur,
3128 5629 3184 5685 et
3233 5631 3353 5684 ideo
3397 5641 3507 5683 non

1930 5697 2396 5765 sine'litteris'sui
2444 5697 2682 5771 episcopi
2724 5700 2826 5754 hac
2853 5701 3239 5757 constitutione
3266 5702 3347 5756 eis
3385 5713 3510 5771 per-

1931 5777 2166 5837 mittitur
2182 5775 2426 5846 migrare
2457 5769 2511 5824 in
2545 5769 2689 5846 aliud
2715 5769 3508 5846 monasterium.rQuod_taineu‘

1935 5852 2008 5908 ita
2047 5837 2448 5914 intelligendum
2477 5850 2590 5908 est,
2621 5842 2666 5896 si
2689 5844 3076 5900 monasterium
3107 5837 3236 5900 illud
3263 5843 3330 5896 ad
3365 5837 3507 5911 quod

2963 5938 3041 6001 ΕΞ
