4062 6332
479 225 624 306 ~mss

1517 248 1574 306 S.
1611 245 1971 307 BENEDICTI
2009 251 2301 308 ABBATIS
2338 252 2748 308 ANIANENSIS

3642 257 3796 312 1556

1014 372 3328 398 *κιο-’.Μ

1790 463 2126 542 CAPUT
2204 463 2476 546 LXXL

1618 630 1647 659 ι
1684 618 1774 674 DE
1810 617 2153 674 OSTIARIIS
2190 618 2632 677 MONASTERII.

724 779 752 850 ᾗ
775 777 817 831 1.
850 805 918 816 ——
943 773 1025 829 Ex
1056 775 1277 831 Bacon
1304 789 1493 850 sanari
1519 774 1832 830 BENEDIC'I‘I.

484 925 486 927 .
560 870 589 910 δ
622 868 706 924 Ad
728 876 937 937 portam
973 864 1289 921 monasterii
1326 849 1561 936 ponatur
1581 875 1604 904 ο
1637 879 1804 920 senex
1827 864 2064 935 sapiens,

485 962 582 1032 qui
610 960 746 1018 sciat
771 959 798 998 ει
831 959 1078 1030 accipere
1103 969 1126 999 ο
1159 957 1244 1013 vel
1280 958 1508 1014 reddere
1533 972 1886 1028 responsum;
1911 956 2070 1026 cujus

484 1052 772 1108 maturitas
799 1067 925 1108 eum
953 1067 1061 1106 non
1091 1052 1238 1107 sinat
1281 1050 1485 1121 vagari.
1519 1050 1622 1118 Qui
1657 1051 1932 1120 portarius
1957 1051 2067 1107 cel-

481 1145 594 1220 lam
612 1145 771 1200 debet
797 1144 999 1199 habere
1021 1143 1178 1213 juxta
1207 1153 1440 1214 portam,
1471 1151 1533 1197 ut
1558 1143 1836 1198 venientes
1853 1158 2071 1214 semper

482 1243 807 1305 praesentem
853 1234 1149 1299 inveniant,
1197 1250 1227 1288 a
1274 1249 1382 1303 quo
1413 1248 1734 1303 responsum
1775 1235 2066 1305 accipiant.

482 1326 552 1384 Et
592 1322 722 1384 mox
765 1334 828 1382 ut
862 1326 1060 1396 aliquis
1085 1325 1403 1395 pulsaverit,
1431 1333 1527 1379 aut
1566 1341 1770 1395 pauper
1801 1324 2072 1380 clamaveo

482 1418 608 1487 rit,‘
638 1417 748 1474 Deo
774 1419 974 1490 gratias
994 1417 1374 1490 respondeat,8
1404 1427 1498 1472 aut
1519 1415 1750 1472 Benedic
1772 1434 1791 1472 :
1817 1428 1874 1473 et
1897 1419 1926 1458 ιι
1945 1432 2071 1473 cum

483 1552 486 1554 ⁷
556 1563 584 1593 ει
621 1551 698 1606 De
726 1553 979 1607 ostiariis.
1017 1550 1095 1605 Ita
1140 1551 1194 1605 in
1246 1559 1476 1621 utroque
1523 1552 1643 1606 cod.
1689 1551 1747 1607 S.
1797 1551 1982 1608 Germ.
2017 1562 2073 1610 et

483 1623 627 1704 apud
653 1622 1048 1704 Smaragd‘um;
1079 1630 1254 1684 recte,
1291 1623 1416 1704 quia
1445 1621 1534 1704 hic
1558 1621 1710 1703 ponit.
1741 1623 1877 1678 duos
1903 1624 2073 1704 ostiaf

483 1691 614 1756 rios,
644 1705 836 1762 nempe
857 1691 1090 1763 alterum
1117 1707 1325 1763 senem,
1353 1702 1408 1746 et
1434 1692 1665 1748 alterum
1690 1693 1968 1763 juvenem.
1999 1694 2071 1747 At

482 1763 536 1834 in
563 1761 794 1834 vulgatis
815 1773 870 1818 et
899 1765 950 1818 in
981 1762 1185 1834 Regula
1209 1779 1241 1818 a
1263 1761 1320 1817 S.
1350 1763 1629 1820 Dunstano
1650 1761 1940 1820 emendata
1969 1764 2071 1820 ha-

481 1833 747 1897 betur,’de
771 1835 956 1888 ostiari
962 1851 1011 1888 ο.
1072 1833 1080 1834 7
1834 1878 1842 1884 .

551 1905 580 1944 δ
616 1906 697 1956 Ad
735 1917 940 1974 portam
984 1905 1308 1970 monasterii,
1363 1913 1466 1959 etc.
1523 1905 1638 1960 Hoc
1684 1913 1847 1974 caput
1891 1914 2072 1962 exstat

481 1973 647 2045 etiam
676 1973 743 2030 in
761 1975 1225 2045 Recapitulatione
1256 1975 1313 2031 S.
1346 1976 1566 2031 thsarii
1590 1975 1942 2040 Arelatensis,
1980 1991 2071 2031 ca-

479 2044 590 2117 pite
623 2046 830 2117 ultimo,
863 2044 1161 2100 masculino
1188 2061 1386 2117 genere
1406 2048 1460 2102 in
1484 2046 1805 2101 femininum
1837 2055 2064 2113 mutato,

479 2115 606 2184 quia
637 2116 829 2172 scribit
855 2115 1376 2173 sanctimonialibus.

553 2197 576 2226 ο
619 2185 790 2243 Senem
814 2189 1040 2258 sapiens.
1091 2186 1249 2242 Senis
1283 2162 1506 2258 portarii
1550 2186 1815 2257 sapientia
1849 2190 1919 2244 ob
1959 2189 2065 2244 duo
2093 2162 2140 2223 Β

479 2259 822 2328 potissimum
876 2258 1210 2327 requiritur;
1276 2261 1489 2329 primo,
1543 2269 1603 2312 ut
1653 2259 2065 2314 advenientibus

478 2329 775 2398 prudenter
797 2329 1127 2394 satisfaciat;
1159 2330 1414 2393 secundo,
1443 2339 1504 2382 ut
1525 2329 1760 2383 animam
1791 2345 1943 2384 suam
1973 2347 2068 2386 cu-

478 2399 698 2464 stodiat,
752 2414 819 2453 ne
853 2400 1084 2470 vagandi
1131 2400 1181 2454 ei
1233 2400 1454 2454 libertas
1489 2400 1764 2470 subrepat.
1813 2399 1912 2466 Qui
1956 2416 2065 2456 non

479 2470 654 2525 solum
686 2471 945 2533 moribus,
974 2469 1070 2524 sed
1113 2471 1279 2525 etiam
1307 2471 1474 2524 aetate
1503 2469 1668 2524 senex
1705 2485 1827 2525 esse
1857 2470 2017 2524 debet
2049 2489 2062 2523 :

478 2555 607 2594 nam
640 2541 823 2595 statim
849 2539 1127 2608 subjungit
1156 2541 1392 2593 dandum
1423 2554 1543 2593 esse
1580 2540 1629 2593 ei
1649 2538 1920 2607 juniorem
1950 2539 2065 2593 fra-

478 2618 620 2664 trem
665 2611 722 2664 in
750 2607 1024 2674 solatium,
1054 2607 1144 2678 qui
1187 2609 1313 2664 licet
1336 2607 1521 2678 junior
1559 2609 1630 2664 sit
1669 2620 1851 2676 aetate,
1881 2612 2067 2665 tamen

479 2680 639 2735 debet
663 2694 785 2737 esse
815 2695 983 2735 senex
1008 2681 1269 2736 moribus.
1933 2735 1937 2738 .

548 2751 578 2792 ά
616 2751 867 2823 Accipere
893 2767 1218 2823 responsum.
1248 2751 1306 2806 ld
1326 2759 1430 2814 est,
1462 2751 1747 2823 concipere
1775 2751 2066 2806 advenien-

479 2822 550 2877 tis
577 2819 934 2887 voluntatem,
966 2819 1129 2892 Quam
1157 2823 1223 2875 ab
1253 2838 1317 2877 eo
1347 2819 1658 2877 sciscitatus
1687 2819 1871 2877 fuerit.

553 2905 580 2933 ο
627 2892 719 2949 γει
755 2891 999 2948 reddere:
1026 2892 1300 2948 Particula
1339 2891 1414 2947 vel
1442 2893 1544 2948 hoc
1570 2893 1688 2948 loco
1717 2894 1950 2948 sumitur
1975 2909 2067 2949 co-

476 2964 716 3034 pulative
759 2979 773 3017 :
820 2979 948 3018 nam
994 2979 1100 3018 non
1147 2963 1308 3017 modo
1356 2964 1547 3017 horum
1598 2979 1764 3017 unum
1808 2974 2067 3033 praestare

476 3034 638 3090 debet
661 3034 888 3106 janitor,
928 3035 1022 3089 sed
1049 3041 1362 3104 utrumque,
1405 3049 1600 3103 nempe
1631 3034 1768 3089 bene
1792 3035 2062 3106 accipere,

477 3114 535 3160 et
563 3105 788 3158 reddere
820 3117 1162 3172 responsum.

555 3173 576 3212 ί
615 3173 727 3228 Deo
749 3171 952 3244 gratias
985 3173 1316 3244 respondeat.
1353 3171 1462 3227 Deo
1492 3175 1692 3244 gratias
1719 3182 1804 3228 est
1843 3175 2066 3244 antiqua

478 3244 592 3316 Deo
615 3245 819 3316 gratias
845 3244 1036 3316 agendi
1065 3243 1318 3309 formula,
1341 3259 1446 3312 qua
1477 3244 1605 3316 olim
1632 3243 1928 3316 Christiani
1951 3243 2066 3300 ute-

477 3315 695 3388 bantur;
723 3315 778 3369 in
804 3315 1121 3388 occursibus
1153 3323 1210 3371 et
1237 3315 1746 3388 congressionibus.
1775 3315 1833 3370 S.
1878 3315 2064 3388 Augu-

480 3387 656 3441 stinus
684 3386 737 3440 in
769 3386 905 3454 psal.
943 3401 1129 3442 cxxxu
1170 3400 1186 3440 :
1245 3405 1264 3438 ι
1301 3381 1367 3440 Hi
1399 3388 1562 3441 etiam
1611 3387 1872 3441 insultare
1912 3381 2069 3442 nobis

478 3458 699 3522 audent,
723 3458 851 3526 quia
878 3458 1074 3512 fratres
1091 3498 1107 3522 ,
1138 3471 1261 3513 eum
1286 3458 1472 3512 vident
1504 3458 1749 3512 homines
1767 3499 1782 3521 ,
1809 3457 1918 3512 Deo
1941 3475 2079 3527 gra-

2097 779 2147 838 Α
2173 776 2322 830 omni
2361 777 2778 834 mansuetudine
2815 779 3028 836 timoris
3069 781 3167 837 Dei
3198 784 3392 839 reddat
3437 801 3788 856 responsum

2178 867 2196 906 ί
2233 866 2552 923 festinanter
2575 884 2700 924 cum
2731 868 2945 926 fervore
2985 872 3288 929 charitatis.
3321 873 3426 943 Qui
3459 880 3784 947 portarins,
3821 881 3826 884 ’

2171 959 2216 1014 si
2243 957 2708 1033 indiget'solatio,
2743 963 3015 1033 juniorem
3049 964 3275 1021 fratrem
3305 969 3568 1039 accipiat.
3605 982 3622 1021 ι
3674 972 3794 1029 Mo—

2170 1054 2467 1108 nasterium
2504 1063 2685 1110 autem
2715 1054 2783 1126 (si
2813 1056 2928 1111 fieri
2955 1057 3156 1130 potest)
3190 1059 3266 1114 ita
3291 1060 3457 1116 debet
3477 1067 3786 1133 constitui,

2169 1147 2230 1195 ut
2277 1143 2456 1197 omnia
2504 1145 2837 1211 necessaria,
2889 1147 2942 1202 id
2991 1156 3097 1212 est,
3155 1164 3320 1219 aqua,
3361 1151 3786 1220 molendinum,

2172 1231 2382 1298 hortus,
2410 1235 2700 1304 pistrinum
2722 1278 2737 1303 ,
2768 1237 2854 1290 vel
2882 1246 3028 1294 artes
3052 1239 3282 1296 diversa:
3306 1240 3451 1297 infra
3481 1256 3782 1302 monaste-

2173 1322 2315 1378 rium
2339 1335 2718 1394 exerceantur,
2754 1329 2783 1368 ιι
2815 1337 2875 1383 ut
2915 1345 3022 1384 non
3056 1331 3128 1386 sit
3157 1336 3459 1391 necessitas
3484 1340 3788 1396 monachis

2170 1417 2401 1486 vagandi
2439 1416 2609 1486 foras,
2653 1421 2782 1490 quia
2823 1422 3048 1478 omnino
3076 1437 3184 1478 non
3214 1427 3434 1494 expedit
3476 1429 3784 1485 animabus

2173 1547 2294 1626 dem
2320 1548 2650 1626 benedictio,
2676 1561 2736 1608 ut
2754 1553 3072 1623 plurimum,
3101 1564 3185 1611 est
3211 1560 3550 1626 precatoria.

2240 1619 2272 1660 ιι
2309 1617 2442 1674 Cum
2467 1625 2608 1694 omni
2633 1617 3037 1680 mansuetudine
3060 1617 3263 1681 timoris
3283 1627 3400 1683 Dei.
3429 1629 3488 1684 Id
3511 1639 3629 1694 est,
3654 1647 3786 1686 cum

2172 1693 2587 1766 mansuetudine
2620 1709 2742 1766 qum
2771 1696 3018 1749 timorem
3048 1696 3141 1750 Dei
3170 1708 3399 1766 spectet,
3428 1716 3542 1754 non
3576 1693 3785 1756 vanam

2171 1767 2228 1814 et
2252 1759 2480 1843 aulicam
2508 1759 2895 1843 adulationem,
2935 1782 3058 1843 cum
3089 1759 3337 1843 Christus
3366 1759 3438 1824 sit
3467 1771 3524 1826 in
3557 1772 3788 1843 hospite

2173 1831 2569 1954 suscipiendus,
2596 1835 2712 1890 sive
2738 1835 2826 1889 ille
2851 1837 2920 1890 sit
2951 1837 3122 1900 dives,
3153 1838 3266 1891 sive
3287 1854 3389 1907 pau
3472 1858 3518 1894 r.

2249 1901 2265 1942 ί
2347 1902 2643 1954 'estinnnter
2673 1921 2791 1954 cum
2835 1906 3033 1954 Tentare
3057 1909 3352 1954 clmritan’s-
3396 1857 3516 1954 iis?”

2249 1857 2315 1886 su
2361 1857 2569 1896 Ictluus,
2596 1857 2712 1890 Slve
2739 1857 2826 1889 lllc
2851 1857 2920 1890 SI!
2951 1857 3122 1900 (lives,
3153 1857 3266 1891 Slve
3287 1857 3389 1907 pau
3472 1858 3518 1894 l'.

2249 1901 2291 1974 ζ
2314 1857 2643 1958 estinanter
2673 1921 2791 1958 cum
2833 1906 3033 1974 fervore
3057 1909 3352 1962 charitatis.
3396 1857 3550 1965 giras
3577 1911 3645 1965 S.
3677 1910 3784 1967 Be-

2171 1971 2419 2028 nedictus
2468 1976 2694 2049 requirit
2745 1977 2798 2028 in
2833 1971 3125 2049 reddendo
3171 1994 3437 2049 responso
3486 1982 3778 2036 virtutes:

2171 2045 2662 2122 mansuetudinem,
2702 2061 2822 2114 quae
2857 2060 2921 2122 ea
2949 2048 3143 2122 timore
3169 2045 3297 2122 Dei-,7
3317 2059 3373 2122 et
3402 2051 3783 2122 diligentiam,

2171 2126 2298 2194 qure
2313 2128 2394 2194 ea
2414 2115 2685 2172 charitate
2708 2118 2989 2194 procedat,
3016 2120 3140 2188 quia
3171 2121 3398 2189 spiritali
3430 2115 3556 2176 vir'o
3585 2115 3782 2177 οωυῆ

2169 2184 2484 2250 spiritaliter
2511 2201 2671 2254 agere
2693 2184 2966 2242 convenit.

2242 2253 2256 2330 ξ
2308 2253 2927 2330 Monasterium_t_mtem.
2978 2260 3023 2311 si
3070 2259 3188 2328 ﬁeri
3220 2270 3411 2330 potest,
3463 2270 3574 2317 etc.
3623 2262 3781 2318 Idem

2168 2325 2345 2400 habet
2364 2325 3080 2400 ⁸οοῃςίιίιηηΜοειηιιίηιηῆ
3131 2325 3232 2385 sub
3286 2330 3484 2386 Carolo
3535 2333 3780 2400 Magno,

2167 2413 2299 2471 cap._
2317 2396 2408 2471 2t),
2439 2398 2598 2466 idque
2627 2413 2696 2471 ex
2721 2396 3047 2471 auctoritate
3077 2399 3318 2471 Regulzc,
3346 2412 3403 2457 et
3432 2403 3577 2457 liber
3603 2396 3643 2456 τί
3668 2396 3778 2459 Ca;

2167 2466 2327 2540 pitul._
2368 2467 2695 2540 impp.,itit.
2735 2468 2824 2532 78,
2852 2469 2940 2523 ubi
2978 2466 3285 2540 pra-.cip'itur
3324 2482 3384 2526 ut
3423 2474 3582 2528 missi
3629 2474 3780 2540 regis

2168 2531 2330 2612 simul
2355 2531 3232 2612 eum'episcopisuniuscujusque
3268 2543 3526 2598 ditecesis
3554 2531 3776 2612 perspi—

2168 2607 2316 2684 eiant
2345 2606 2470 2684 loca
2508 2606 2982 2684 monasteriorum,
3028 2606 3052 2684 ᾗ
3080 2606 3223 2666 δί’ἰη
3253 2621 3381 2682 apto
3423 2623 3478 2668 et
3521 2606 3778 2684 congruo

2166 2677 2288 2753 loco
2315 2677 2424 2753 sint
2445 2679 2770 2753 posita,‘ubi_
2789 2682 3134 2753 commodum
3160 2696 3226 2736 ac
3248 2677 3780 2753 necessariuufpos-

2168 2751 2240 2804 sit
2263 2749 2492 2822 acquiri,
2521 2749 2665 2822 quod
2705 2751 2773 2804 ad
2811 2750 3099 2822 utilitatem
3125 2757 3373 2822 ipert§net
3404 2749 3778 2810 monasterio-

2167 2835 2313 2882 rum,
2356 2820 2580 2891 sicutin
2629 2829 2817 2876 sancta
2863 2820 3066 2891 Regula
3104 2820 3323 2876 dicitur.
3368 2824 3774 2880 Monasterinm

2167 2901 2352 2946 autem
2382 2890 2456 2943 ita
2487 2890 2650 2946 debet
2676 2890 2966 2952 constitui,
2991 2901 3050 2945 ut
3074 2893 3254 2946 omnia
3288 2895 3600 2948 necessaria
3627 2895 3772 2949 infra

2166 2961 2556 3016 monasterium
2585 2972 2945 3016 exerceantur
2969 2981 2981 3015 :
3010 2970 3195 3016 utnon
3225 2963 3297 3018 sit
3329 2966 3640 3020 necessitas
3665 2981 3774 3019 [ηο-

2167 3032 2359 3104 naehis
2388 3031 2472 3084 vel
2501 3030 2717 3086 clericis
2757 3032 3006 3104 vagandi,
3040 3030 3207 3094 foras.
3242 3035 3367 3101 quia
3401 3051 3508 3090 non
3549 3038 3777 3104 expedit

2167 3103 2451 3156 animabus
2486 3117 2693 3156 eorum.
2732 3122 2751 3154 s
2801 3103 2901 3158 Uhi
2945 3103 3128 3172 addita
3167 3114 3294 3159 sunt
3322 3105 3412 3158 illa
3443 3103 3652 3168 verba,
3697 3106 3775 3160 vel

2169 3172 2398 3240 clericis,
2424 3179 2647 3240 propter
2674 3173 2986 3228 canonicos.

2240 3242 2289 3316 k_
2310 3239 2378 3294 Ut
2405 3257 2507 3295 non
2522 3239 2592 3316 sit
2613 3244 2892 3316 necessitas
2911 3244 3185 3316 monachis
3203 3245 3434 3316 uagandi
3454 3245 3765 3316 foras,etc.

2168 3311 2386 3381 Optima
2423 3311 2756 3376 constitutio,
2788 3322 2845 3368 et
2876 3311 3569 3370 monachorum’mentibus
3600 3315 3770 3371 altius

2170 3381 2479 3454 deligenda,
2511 3383 2570 3454 si
2585 3397 2681 3439 eos
2719 3384 2844 3438 vita:
2881 3383 3138 3454 perfectae
3168 3386 3591 3454 sensus-aliquis
3622 3395 3774 3442 tenet

2171 3453 2523 3527 stimulatque
2544 3453 2894 3527 desiderium.
2924 3457 2981 3510 In
3007 3457 3207 3512 mundo
3226 3457 3372 3511 enim
3399 3453 3546 3527 alget
3570 3458 3770 3526 pietas

479 3529 582 3583 tias
621 3521 828 3584 dicunt.
874 3528 1013 3596 Quid
1036 3521 1140 3595 est,
1172 3528 1460 3599 inquiunt,
1491 3527 1598 3581 Deo
1632 3529 1836 3599 gratias
1853 3521 2068 3599 {lianc
2096 3521 2140 3584 C
2174 3533 2353 3593 torpet
2375 3521 2627 3599 ‘devotio.
2672 3525 2855 3599 Mundi
2901 3527 3158 3599 pestTIcns
3201 3543 3298 3599 aer
3320 3537 3424 3599 est,
3456 3521 3584 3596 'qni'
3606 3529 3773 3582 citius

477 3600 681 3669 surdus
702 3615 778 3663 es,
804 3608 863 3653 ut
887 3599 1102 3655 nescias
1137 3597 1265 3669 quid
1295 3600 1369 3654 sit
1401 3598 1505 3652 Dea
1544 3599 1780 3669 gratias?
1807 3597 1909 3665 Qui
1940 3599 2070 3669 dicit

479 3668 835 3742 Deo_gratias,
869 3672 1076 3742 gratias
1103 3666 1215 3741 agit
1241 3669 1370 3742 Deo2
1399 3666 1608 3742 Vide'si
1639 3685 1748 3742 non
1774 3669 1933 3724 debet
1961 3666 2071 3722 fra-

478 3749 565 3811 ter
591 3740 703 3797 Deo
728 3739 934 3811 gratias
969 3739 1159 3811 agere,
1193 3740 1408 3811 quando
1442 3740 1589 3811 videt
1635 3739 1858 3793 fratrem
1888 3754 2066 3811 suum.

479 3808 620 3865 Num
646 3808 793 3866 enim
819 3828 925 3866 non
950 3808 1033 3866 est
1059 3808 1629 3882 locus'gratulationis,
1657 3811 1873 3882 quando
1902 3810 2071 3882 sein-

478 3883 656 3951 vicem
686 3883 894 3946 vident,
917 3884 1006 3951 qui
1032 3878 1279 3936 habitant
1307 3882 1360 3935 in
1388 3879 1639 3936 Christo?
1674 3878 1692 3932 ἱ
1725 3878 1953 3950 Optatus
1974 3879 2072 3951 Mi-

478 3950 781 4014 levitanus,
815 3951 908 4006 lib.
938 3949 980 4004 ll
1020 3961 1206 4008 contra
1239 3952 1656 4006 Parmenianum
1685 3968 1697 4004 :
1737 3949 1942 4005 (Tunc
1979 3949 2070 4004 Se-

478 4023 692 4076 cundus
742 4022 899 4086 dixit,
953 4021 1148 4077 Sedete
1191 4036 1401 4077 omnes.
1447 4021 1600 4076 Tunc
1647 4021 1853 4076 dictum
1878 4028 1963 4076 est
2000 4021 2070 4075 ab

479 4092 732 4146 omnibus
761 4109 773 4144 :
804 4091 913 4144 Deo
939 4094 1158 4160 gratias,
1190 4101 1245 4147 et
1271 4093 1546 4146 sederunt.
1579 4109 1598 4142 ι

554 4163 580 4202 ⁸
619 4161 724 4216 Aut
747 4161 978 4216 benedic.
1029 4162 1106 4215 Ita
1137 4162 1189 4215 in
1214 4161 1514 4216 Concordia
1541 4175 1643 4215 ms.
1683 4160 2067 4217 Vindocinensi

475 4241 534 4320 et.
561 4233 617 4320 in
647 4230 767 4320 eod.
803 4230 861 4286 S.
889 4231 1075 4320 ρει-πη.
1110 4248 1219 4320 ma.
1248 4233 1419 4320 Vulgo
1439 4241 1631 4320 tamen
1666 4231 1886 4320 legitur,
1911 4232 2065 4320 bene:

475 4303 643 4370 dicat,
674 4312 734 4358 ut
765 4304 906 4374 apud
932 4303 1315 4427 Smaragdum.
1347 4302 1454 4358 Sed
1484 4310 1663 4358 textus
1686 4302 1902 4374 Regulae
1924 4305 2067 4373 apud

475 4389 601 4427 eum
641 4375 864 4427 vitiatus
903 4383 1008 4427 est.
1064 4384 1119 4427 et
1169 4374 1436 4427 eaendum
1467 4382 1554 4427 est
1599 4391 1612 4427 :
1662 4373 1911 4427 Benedic.
1959 4389 2067 4427 non

474 4389 601 4448 eum
628 4375 864 4448 vitiatus
903 4383 1017 4448 est,
1064 4384 1119 4428 et
1139 4373 1554 4448 legendumcst
1599 4391 1625 4448 :_
1662 4373 1935 4448 Benedic,_
1959 4389 2067 4429 non

475 4444 764 4515 benedicat.
787 4444 941 4512 Quod
968 4445 1126 4515 plane
1148 4443 1390 4501 indicant
1418 4443 1532 4514 ejus
1559 4445 1819 4500 adnotata
1842 4446 1897 4500 in
1922 4445 2067 4500 hunc

472 4513 652 4586 locum
686 4535 698 4570 :
740 4535 758 4566 ι
795 4513 1087 4586 Eleganter
1114 4517 1204 4572 hic
1231 4515 1366 4570 duas
1393 4517 1725 4572 venientium
1750 4517 2068 4586 beatuspo—

473 4587 584 4658 euit
627 4585 955 4641 Benedictus
1009 4602 1301 4658 personas,
1361 4602 1523 4658 unam
1560 4587 1839 4657 potentis:
1873 4585 1986 4658 qui
2019 4587 2066 4642 si

467 4655 686 4726 januam
710 4655 1027 4726 monasterii
1052 4658 1318 4712 invenerit
1345 4655 1604 4721 clausam,
1635 4673 1797 4712 manu
1819 4655 1905 4712 vel
1925 4656 2066 4711 fuste

469 4727 653 4798 pulsat
671 4741 792 4781 eam
820 4745 833 4780 :
859 4725 1021 4780 aliain
1049 4743 1178 4798 vero
1207 4729 1459 4798 pauperis
1484 4728 1685 4797 posuit,
1701 4728 1792 4798 qui
1814 4743 1923 4798 non
1946 4727 2066 4795 pul-

471 4797 574 4860 Sat,
591 4798 686 4852 sed
700 4805 910 4852 tantum
935 4797 1290 4851 humiliterad
1312 4797 1528 4864 ianuam
1547 4797 1769 4852 clamat.
1789 4797 1990 4864 Quibus
2010 4805 2064 4852 et

2175 3594 2473 3666 monachos
2500 3610 2594 3650 sua
2633 3594 2953 3666 contagione
2994 3596 3252 3666 funestat.
3286 3594 3514 3653 Mundus
3560 3599 3774 3653 retibus

2173 3674 2230 3719 et
2254 3665 2423 3736 plagis
2450 3666 2734 3729 redundat,
2758 3664 2880 3736 quae
2914 3664 3096 3722 statim
3127 3670 3451 3723 monachum
3482 3669 3772 3722 involvunt

2173 3745 2230 3790 et
2264 3737 2553 3814 ‘irl'etitltlt.
2593 3738 2654 3792 Oi
2710 3737 2927 3814 βρόχοι,
2976 3743 3061 3794 καὶ
3106 3738 3321 3814 arar/i3};
3359 3749 3466 3800 τοῖς
3505 3740 3772 3814 ὶξέλονᾳιν

2173 3809 2397 3866 σωθῆναι
2439 3807 2594 3862 αἰτῶν
2638 3807 2887 3882 medias?
2925 3807 3234 3882 συντυχίαὶ,
3265 3810 3316 3863 id
3343 3820 3446 3882 est,
3481 3828 3501 3859 ι
3539 3810 3772 3882 Munda-

2173 3892 2369 3932 norum
2411 3893 2734 3947 congressus
2767 3887 2824 3933 et
2859 3878 3320 3948 frequentationes
3346 3879 3430 3934 his
3459 3881 3552 3948 qui
3579 3881 3771 3934 volunt

2174 3948 2373 4019 salvari
2405 3947 2582 4019 laqut-i
2612 3959 2758 4019 sunt,
2796 3969 2813 4000 ι
2863 3947 3036 4019 inquit
3076 3949 3135 4005 S.
3176 3947 3490 4004 Antiochus,
3516 3951 3668 4005 hom.
3711 3950 3768 4004 5.

2172 4017 2250 4100 Ita
2266 4018 2558 4103 “sentiebat
2582 4019 2709 4103 olim
2739 4017 3111 4103 S.nNon_nosus
3127 4022 3456 4103 praepositus
3489 4030 3774 4103 nioonaste:

2172 4088 2240 4142 rii
2266 4087 2506 4143 Soractis
2531 4090 2751 4144 montis.
2797 4088 2930 4145 Cum
2952 4091 3098 4145 enim
3127 4087 3181 4144 in
3201 4087 3268 4145 eo
3295 4093 3630 4145 monasterio
3659 4090 3768 4144 olei

2170 4160 2396 4228 penuria
2438 4168 2600 4224 esset,
2637 4159 2750 4230 jam
2782 4162 2958 4230 parati
3001 4169 3157 4216 erant
3199 4161 3446 4215 monachi
3482 4176 3578 4230 per
3615 4161 3771 4215 vicos

2171 4238 2226 4282 et
2250 4231 2446 4313 oppida
2468 4229 2916 4313 oleutnqumrere
2948 4250 2960 4284 :
3074 4247 3180 4311 non
3205 4231 3324 4285 tulit
3358 4229 3416 4284 S.
3441 4229 3766 4313 Nonnosu_s;

2171 4301 2266 4354 sed
2291 4316 2484 4369 magna
2511 4300 2833 4364 humilitate,
2859 4312 2920 4357 ut
2950 4302 3119 4357 abbas
3138 4300 3292 4369 jussa
3314 4312 3618 4362 revocaret,
3645 4300 3769 4356 elle-

2170 4371 2285 4426 cit:
2314 4386 2381 4425 ne
2421 4370 2619 4426 fratres
2643 4373 2972 4428 monasterio
3001 4380 3281 4436 exeuntes,
3323 4373 3446 4426 dum
3471 4371 3576 4426 olei
3617 4373 3766 4426 lucra

2169 4450 2498 4513 quaererent,
2521 4442 2820 4496 animarum
2835 4443 3031 4498 damna
3055 4451 3388 4511 paterentur.
3418 4442 3607 4513 itaque
3624 4458 3764 4511 pau—

2169 4528 2262 4568 cas
2287 4512 2477 4575 olivas,
2511 4527 2630 4581 quae
2656 4513 2709 4566 in
2738 4514 3022 4568 arboribus
3049 4523 3444 4577 remanserant,
3472 4512 3526 4567 in
3547 4513 3762 4580 prelum

2168 4584 2312 4653 mitti
2356 4581 2538 4652 jussit,
2571 4592 2627 4653 et
2666 4591 2930 4652 quantum
2978 4583 3083 4638 olei
3121 4583 3353 4653 exprimi
3399 4591 3606 4653 posset,
3655 4583 3761 4638 sibi

2168 4652 2393 4708 deferri.
2435 4653 2530 4708 His
2570 4652 2646 4707 ita
2688 4653 2976 4723 perfectis,
3003 4652 3280 4708 vasculum
3311 4653 3433 4709 oleo
3475 4652 3764 4723 impletum

2168 4733 2294 4778 ante
2322 4723 2493 4778 altare
2520 4724 2719 4794 posuit,
2745 4734 2800 4780 et
2825 4725 3062 4779 dimissis
3092 4724 3312 4778 arbitris
3339 4724 3554 4788 oravit;
3586 4732 3646 4777 et
3673 4738 3766 4792 po-

2167 4804 2282 4848 stea
2303 4811 2369 4850 ex
2395 4795 2497 4850 hoc
2521 4793 2641 4849 oleo
2661 4810 2953 4865 parumper
2983 4795 3037 4848 in
3066 4795 3250 4865 omnia
3279 4809 3412 4865 vasa
3442 4795 3764 4865 monasterii

469 4869 605 4939 satis
617 4877 787 4939 aptaa
810 4869 1050 4939 portario
1068 4869 1438 4936 respondenda
1452 4870 1754 4938 composuit
1774 4863 2066 4937 responsa:
2096 4875 2152 4935 1)
2177 4865 2402 4921 diffundi
2424 4866 2609 4939 jussit,
2642 4863 2762 4939 quae
2784 4866 3040 4921 continuo
3074 4864 3252 4920 claudi
3275 4863 3449 4939 iussa,
3479 4864 3668 4939 alt_era_
3676 4865 3763 4917 die

470 4938 720 4994 videlieet
736 4947 794 4992 ut
808 4938 943 4993 voce
956 4939 1208 5010 pauperis
1228 4940 1433 5004 audita,
1452 4939 1562 5010 Deo
1583 4941 1786 5010 gratias
1809 4946 1933 5010 agat
1950 4957 1960 4990 :
1977 4953 2070 5007 po-

469 5010 605 5065 tenti
640 5023 770 5064 vero
789 5008 1083 5065 occurrens
1103 5009 1320 5066 obviam
1353 5008 1628 5064 humiliter
1653 5012 1719 5066 ab
1743 5025 1808 5065 eo
1845 5008 2067 5064 benedi-

469 5079 704 5152 ctionem
731 5088 899 5152 petat.
940 5101 958 5132 ι
1004 5079 1060 5133 Si
1088 5095 1217 5151 ergo
1237 5081 1392 5152 juxta
1422 5079 1780 5152 Smaragdum
1795 5079 2004 5150 janitor
2033 5097 2066 5136 a

471 5150 636 5205 divite
652 5151 1082 5206 benedictionem
1107 5150 1290 5217 petere
1312 5152 1491 5217 debet,
1509 5150 1876 5207 necessarium
1892 5161 1974 5207 est
1997 5152 2066 5207 le-

507 5221 613 5276 isse
635 5219 993 5293 Smaragdum
1022 5223 1079 5293 τὸ
1101 5219 1332 5287 benedic,
1355 5240 1461 5279 non
1483 5223 1543 5281 τὸ
1567 5223 1853 5277 benedicat.
1880 5223 2066 5291 Itaque

491 5291 756 5364 egendum
771 5291 876 5357 est,
892 5292 1124 5364 benedic.
1148 5293 1224 5347 Ita
1246 5304 1302 5349 ut
1316 5295 1520 5364 janitor
1543 5293 1972 5349 benedictionem
2000 5293 2067 5347 ab

471 5363 688 5432 hospite
703 5371 886 5433 petere
904 5363 1102 5417 debeat
1121 5378 1136 5417 :
1159 5364 1284 5432 quia
1308 5363 1556 5420 monachi
1582 5365 1870 5420 humilitati
1891 5365 2066 5432 magis

472 5444 894 5505 consentaneum
921 5443 1002 5488 est
1026 5442 1210 5505 petere
1241 5434 1689 5496 benedictionem,
1715 5452 1876 5505 quam
1900 5437 2104 5505 bene...

474 5503 673 5574 dicere,
698 5504 976 5574 magisque
1002 5506 1068 5559 ad
1099 5503 1157 5558 S.
1181 5503 1240 5558 P.
1267 5505 1540 5560 Benedicti
1569 5503 1802 5561 mentem
1831 5504 2060 5567 accedit,

476 5573 570 5698 sui
593 5589 717 5653 cap.
751 5573 820 5628 53
850 5574 963 5629 vult
990 5584 1050 5629 ut
1083 5575 1332 5630 monachi
1367 5577 1434 5630 ab
1473 5576 1684 5658 hospite
1709 5577 1870 5658 obvio
1898 5576 2061 5654 bene-

517 5652 771 5698 tcttonem
811 5654 1013 5698 petant.
1049 5660 1173 5698 eum
1202 5645 1407 5698 nullum
1447 5646 1551 5698 hac
1577 5663 1630 5698 m
1673 5661 1732 5698 re
1769 5647 2060 5698 discrimen

517 5643 771 5699 ietionem
811 5654 1013 5712 petant,
1049 5660 1173 5700 cum
1202 5645 1407 5699 nullum
1447 5643 1630 5701 hacin
1673 5661 1732 5701 re
1769 5647 2060 5701 discrimen

479 5711 626 5769 inter
670 5711 971 5781 ingressum
1009 5724 1065 5769 et
1091 5729 1378 5770 occursum
1415 5715 1736 5772 intercedat.
1774 5715 1907 5782 Quae
1939 5714 2061 5786 qui-

2176 4945 2363 5006 aperta
2403 4931 2584 4991 omnia
2624 4931 2780 5006 plena
2823 4945 3037 5005 reperta
3068 4945 3211 4998 sunt,
3246 4931 3306 4989 ut
3333 4933 3500 4991 refert
3536 4933 3593 5006 S.
3628 4931 3763 4988 Gre-

2175 5005 2360 5077 gorius
2402 5007 2495 5061 lib.
2541 5023 2556 5061 ι
2595 5006 2755 5071 Dial.,
2787 5007 2992 5077 cap.77.
3033 5007 3196 5075 quue
3224 5005 3352 5060 olim
3380 5005 3552 5077 sacris
3576 5005 3763 5058 huma-

2176 5075 2368 5149 nisque
2411 5077 2615 5149 legibus
2655 5075 2873 5134 cautuni
2906 5076 3028 5149 fuit,
3063 5092 3130 5149 ne
3168 5077 3418 5132 monachi
3460 5075 3626 5149 urbes
3669 5085 3762 5129 aut

2173 5146 2345 5218 pagos
2383 5146 2828 5212 obambularent,
2870 5148 2967 5203 sed
2999 5156 3060 5202 ut
3088 5147 3146 5218 in
3187 5146 3538 5218 monasteriis
3572 5160 3762 5218 mane-

2174 5215 2297 5274 i'ent
2334 5219 2549 5282 inclusi,
2585 5228 2644 5273 ut
2670 5220 2901 5274 habetur
2931 5234 3051 5273 can.
3073 5217 3106 5270 4
3140 5218 3328 5287 synodi
3355 5215 3762 5287 Chalcedonen—

2174 5291 2270 5362 sis,
2301 5299 2354 5346 et
2382 5288 2607 5362 cane-£6
2637 5289 2826 5362 synodi
2861 5284 3184 5353 Trullensis,
3215 5296 3271 5341 et
3311 5287 3446 5343 Cod.
3479 5287 3516 5340 ι.
3559 5285 3655 5362 ἓ9,
3691 5284 3760 5362 de

2175 5359 2353 5429 Episc.
2387 5370 2443 5416 et
2470 5360 2642 5426 Cler.,
2665 5356 2782 5416 ἐκ.
2815 5378 2830 5413 ε
2859 5362 2918 5414 Οε
2959 5361 3006 5413 ἒν
3024 5366 3132 5420 τοῖς
3167 5363 3525 5432 μοναστηρίοις
3559 5356 3755 5430 διατρέ-

2175 5432 2344 5505 6ρντες
2371 5439 2439 5502 μή
2459 5434 2747 5505 ﬁxit-cacant
2777 5433 3007 5505 ἕξουσξᾳν
3034 5431 3215 5505 igitur:
3240 5437 3340 5484 τῶν
3379 5431 3751 5505 μοναστηεὲωγ,

2171 5502 2225 5555 id
2253 5497 2412 5568 est,'t
2445 5497 2545 5570 Qui
2571 5504 2625 5556 in
2649 5502 2996 5557 monasteriis
3020 5502 3239 5568 degunt,
3270 5497 3754 5570 potestatentfinde

2169 5574 2400 5627 exeundi
2427 5568 2531 5626 non
2557 5574 2820 5636 habeant;
2844 5572 2927 5626 vel
2956 5573 3009 5625 in
3033 5570 3254 5624 civitate
3269 5568 3643 5631 Antiochensi,
3660 5582 3754 5622 seu

2169 5643 2224 5721 in
2247 5645 2367 5699 aliis
2388 5643 2718 5721 quibuslibet
2741 5639 3441 5721 civitatibusconversandi
3458 5639 3757 5721 ,“exceptis

2167 5707 2426 5771 duntaxat
2441 5714 2506 5769 iis
2517 5715 2609 5784 qui
2624 5710 3253 5783 vocanturapocrisiarii,
3267 5709 3466 5782 quibus
3477 5707 3752 5764 licentiam
