4062 6332
259 375 394 433 138⁸1

1241 363 1632 421 CONCORDIA
1672 359 2128 418 REGULARUM.
2168 389 2241 401 -
2275 359 2430 416 ω.
2464 330 2656 417 LXXI.

3374 321 3510 418 1558

255 500 466 544 eorum.
506 484 658 541 Hanc
685 491 867 538 autem
917 478 1180 550 Regulam
1220 476 1418 546 saepius
1442 474 1691 531 volumus
1736 474 1824 528 in-
1851 474 1906 536 Α
1929 474 2181 528 nuntient
2218 473 2420 529 abbati.
2450 472 2586 528 Nam
2616 483 2672 530 et
2704 474 2806 529 hoc
2838 475 3126 529 observare
3167 475 3364 533 debent
3408 478 3514 549 ipsi

257 578 672 653 congregatione
691 575 831 644 legi,
857 588 927 630 ne
953 572 1076 642 quis
1103 568 1332 626 fratrum
1353 584 1412 624 se
1433 569 1499 624 de
1524 565 1828 638 ignorantia

256 680 502 730 excuset.

589 786 617 860 ᾗ
641 785 705 840 11.
730 812 802 826 -ι
826 784 907 840 Ex
935 782 1156 838 Renum
1177 779 1490 836 Osmarsu.

325 913 351 941 ι
381 899 606 966 Quando
633 897 700 952 ad
728 895 925 952 ostium
957 891 1267 950 monasterii
1290 891 1454 960 aliqui
1482 890 1745 951 venerint,
1787 887 1835 942 si

254 992 437 1049 clerici
464 989 662 1047 fuerint
685 997 777 1044 aut
796 987 1068 1052 monachi,
1099 985 1289 1055 majori
1313 985 1518 1039 honore
1547 982 1836 1050 suscipian-

255 1093 346 1139 tur
370 1101 384 1138 :
413 1083 772 1151 lavabuntque
797 1081 961 1150 pedes
984 1094 1189 1140 eorum,
1221 1075 1374 1144 juxta
1401 1073 1677 1144 Evangelii
1703 1087 1840 1141 prte-

255 1185 494 1244 ceptum,
525 1182 579 1228 ct
602 1173 917 1244 praebebunt
951 1171 1032 1225 eis
1055 1169 1234 1224 omnia
1263 1183 1383 1238 qua:
1413 1175 1536 1237 apta
1565 1175 1690 1221 sunt
1713 1163 1836 1218 usui

255 1267 664 1322 monachorum.
696 1266 724 1306 ὶι
757 1263 815 1319 Si
841 1264 961 1333 quis
1006 1263 1072 1317 ad
1109 1262 1309 1317 ostium
1337 1260 1650 1315 monasterii
1676 1272 1841 1313 vene-

255 1361 325 1414 rit
347 1357 536 1412 dicens
561 1355 697 1410 velle
739 1370 797 1409 se
837 1354 1021 1408 videre
1056 1351 1279 1407 fratrem
1324 1366 1479 1406 suum
1508 1349 1593 1406 vel
1619 1349 1840 1419 propin-

255 1466 454 1521 quum,
501 1448 704 1519 janitor
740 1446 1006 1501 nuntiabit
1057 1444 1238 1500 abbati
1285 1462 1297 1498 :
1349 1452 1404 1499 et
1455 1443 1836 1514 permittente,

259 1553 281 1580 ο
310 1555 436 1597 cum
463 1539 694 1609 accipiet
727 1537 1004 1602 comitem,
1031 1534 1184 1605 cujus
1215 1534 1346 1589 fides
1371 1536 1597 1604 probata
1633 1542 1753 1600 est;
1785 1541 1843 1589 et

257 1632 336 1687 sic
383 1629 624 1685 mittetur
663 1628 732 1683 ad
780 1627 1004 1682 fratrem
1049 1626 1335 1681 videndum
1376 1623 1461 1680 vel
1509 1625 1835 1695 proximum.

256 1720 284 1761 δ
314 1721 371 1777 Si
400 1721 734 1791 propinquus
756 1718 983 1787 alicujus
1005 1727 1251 1773 mortuus
1274 1716 1455 1784 fuerit,
1482 1716 1840 1787 prosequendi

259 1811 420 1867 funus
445 1827 553 1867 non
598 1810 816 1902 habebit
859 1809 1155 1902 licentiam,
1197 1807 1300 1902 nisi
1339 1807 1501 1902 Pater
1528 1806 1842 1902 monasterii
1871 1840 1920 1900 Β
1947 1806 2286 1902 Chiam“
2321 1806 2403 1901 Vg]
2443 1806 2587 1902 in";
2628 1806 2806 1902 c'am'k

258 1903 596 1974 prazceperit.
628 1913 652 1942 ο
683 1899 868 1955 Nullus
898 1901 966 1955 de
1010 1900 1169 1955 horto
1211 1897 1361 1954 tollat
1407 1897 1574 1963 olera,
1624 1896 1727 1952 nisi
1773 1895 1842 1950 ab

259 1992 549 2048 hortulano
577 1991 867 2062 acceperit.

430 2102 566 2175 §lll.
602 2131 674 2142 -—
699 2102 778 2156 Ex
815 2100 1036 2157 REGULA
1074 2100 1340 2156 Masts'rm
1381 2099 1518 2172 (cap.
1560 2100 1669 2172 95).

338 2214 358 2252 ί
393 2213 611 2269 Duobus
638 2213 899 2268 fratribus
941 2214 968 2253 ⁸
997 2221 1155 2268 aetate
1201 2213 1492 2282 decrepitis
1530 2211 1664 2267 cella
1704 2214 1844 2266 intra

263 2305 294 2347 ιι
320 2305 499 2376 regias
555 2305 869 2360 monasterii
912 2319 1079 2375 pr0pe
1116 2305 1516 2359 constituatur:
1545 2303 1637 2374 qui
1676 2304 1842 2374 depu-

265 2398 362 2452 tati
414 2398 488 2452 ibi
534 2406 589 2452 et
638 2397 892 2452 claudant
923 2396 1312 2452 monasterium
1353 2395 1499 2449 omni
1550 2395 1682 2448 hora
1723 2402 1847 2464 post

261 2496 564 2552 exeuntes,
615 2486 860 2556 aperiant
899 2485 1355 2554 ingredientibus,
1399 2492 1454 2538 et
1501 2483 1846 2538 advenientes

269 2662 460 2731 damus
473 2660 775 2731 volentibus
797 2662 862 2716 ad
891 2662 1004 2716 sola
1031 2676 1290 2731 responsa
1304 2661 1612 2716 necessaria
1627 2660 1792 2731 exire.
1820 2681 1838 2713 ι

267 2730 501 2787 Consule
531 2730 775 2800 Photium
800 2733 850 2784 in
885 2730 1262 2786 Nomocanone
1293 2735 1376 2785 tit.
1401 2746 1462 2794 it,
1494 2730 1844 2800 cap.4.ldem

267 2804 526 2857 Statuitur
562 2799 693 2855 Cod.
737 2800 939 2855 'l‘heod.
974 2801 1008 2854 Ι.
1045 2802 1067 2854 1
1103 2810 1156 2854 et
1188 2801 1242 2864 2,
1284 2801 1358 2854 De
1394 2799 1664 2854 monachis
1687 2841 1701 2865 ,
1740 2801 1846 2855 nisi

268 2869 408 2926 forte
429 2872 502 2950 de
520 2870 830 2950 iudiciariis
867 2870 1077 2950 injuriis
1105 2881 1313 2950 agatur.
1351 2869 1461 2950 Nec
1485 2885 1544 2924 se
1570 2871 1846 2950 itainclu-

271 2956 390 2998 sum
412 2941 591 2995 doleat
621 2941 938 2995 monachus.
963 2940 1095 2994 Nam
1125 2940 1170 2994 Si
1202 2941 1280 2995 vel
1314 2941 1540 3010 minimo
1572 2940 1848 3010 religionis

270 3027 455 3066 amore
483 3021 712 3073 tenetur,
741 3025 800 3065 se
841 3011 957 3080 ipsa
1000 3011 1297 3065 inclusione
1328 3011 1380 3064 in
1413 3009 1720 3064 libertatem
1761 3025 1847 3064 as-

269 3093 474 3138 sertum
496 3083 724 3150 putabit.
754 3079 890 3150 Vera
915 3082 1099 3149 utique
1123 3081 1345 3135 libertas
1370 3089 1453 3134 est
1476 3079 1635 3148 hujus
1660 3080 1847 3134 mundi

270 3147 511 3207 carcere‘
533 3151 770 3205 liberari.
805 3147 959 3206 Veris
999 3147 1278 3205 monachis
1320 3150 1470 3205 cella:
1510 3147 1846 3205 amatoribus

273 3222 325 3276 id
353 3220 532 3276 dicam
558 3224 702 3289 quod
734 3220 861 3275 olim
888 3221 1249 3275 Tertullianus
1281 3222 1486 3291 sanctis
1516 3219 1844 3291 martyribus

271 3291 326 3357 in
354 3305 571 3346 carcere
600 3292 797 3344 vinctis
827 3293 1099 3346 scribebat
1140 3311 1153 3342 :
1201 3310 1218 3341 ι
1255 3290 1362 3345 Nec
1392 3307 1487 3346 vos
1514 3292 1617 3346 hoc
1646 3290 1849 3345 contri-

272 3370 378 3417 Stet
398 3363 540 3428 quod
568 3366 834 3432 segregati
866 3363 999 3417 estis
1027 3363 1094 3416 de
1125 3363 1342 3432 mundo.
1377 3360 1434 3415 Si
1464 3363 1608 3416 enim
1646 3362 1852 3430 recogi-

273 3432 570 3502 taverimus
617 3431 791 3498 ipsum
851 3433 1030 3502 magis
1072 3431 1328 3484 mundum
1383 3445 1657 3502 carcerem
1706 3445 1847 3502 esse,

273 3500 450 3555 exisse
481 3514 574 3553 vos
601 3514 631 3551 e
654 3514 873 3554 carcere
901 3500 1063 3568 quam
1090 3502 1143 3552 in
1188 3513 1459 3553 carcerem
1492 3500 1743 3553 introisse
1770 3501 1851 3553 in-

276 3569 593 3639 telligemus.
625 3588 644 3619 ι
685 3569 821 3622 Vere
843 3570 1428 3639 munduscarcerest,
1463 3569 1515 3622 in
1541 3584 1650 3638 quo
1675 3569 1849 3624 homi-

275 3655 372 3694 nes
401 3638 670 3692 ’vitiorum
713 3638 946 3694 vinculis
991 3638 1228 3708 colligati
1276 3638 1586 3692 detinentur
1637 3639 1847 3693 inclusi.

275 3708 424 3762 Felix
453 3709 875 3778 monachus,qui
904 3719 1012 3763 tam
1043 3717 1180 3763 tetro
1202 3723 1421 3768 carcere
1445 3713 1654 3763 solutus
1679 3717 1780 3770 est,
1797 3717 1854 3763 et

275 3788 452 3848 potest
482 3779 660 3848 dicere
684 3793 804 3832 cum
841 3779 1010 3833 David
1035 3796 1047 3831 :
1074 3778 1331 3848 Dirupisti
1354 3778 1560 3831 vincula
1590 3794 1725 3842 mea,
1759 3779 1854 3832 tibi

275 3847 582 3917 sacriﬁcabo
623 3848 846 3902 hostiam
897 3849 1091 3902 laudis.
1139 3847 1217 3902 Si
1243 3849 1407 3916 igitur
1443 3849 1495 3902 in
1526 3851 1853 3904 monasterio

278 3920 430 3974 sedet
457 3918 713 3989 inclusus,
738 3929 977 3974 mentem
1018 3934 1201 3975 rerum
1243 3919 1603 3972 humanarum
1645 3921 1855 3989 cupidi-

278 3997 390 4043 tate
435 3988 666 4048 solutam
694 4003 792 4057 per
828 3989 966 4044 hanc
1003 3990 1413 4057 universitatem
1462 3989 1730 4044 mirabilia
1773 3990 1855 4045 di-

277 4059 416 4128 vine
466 4059 725 4113 bonitatis
758 4073 922 4127 opera
970 4059 1364 4114 considerando
1399 4061 1615 4128 evagari
1665 4061 1850 4114 sinat:

280 4127 556 4198 Deumque
606 4129 786 4183 laudet
833 4139 888 4183 et
935 4129 1217 4184 benedicat
1264 4131 1318 4183 in
1379 4127 1651 4184 omnibus.
1706 4130 1854 4186 Mens

279 4199 426 4253 omni
453 4198 813 4253 sollicitudine
843 4198 1010 4253 libera
1038 4215 1134 4268 per
1165 4200 1485 4254 immensam
1514 4199 1661 4253 illam
1685 4201 1853 4255 cmlo-

281 4284 398 4322 rum
429 4269 628 4338 regiam
647 4269 999 4337 exspatietur,
1019 4269 1279 4338 sedesque
1303 4269 1421 4323 illas
1442 4271 1721 4324 beatorum
1743 4287 1855 4326 sus-

279 4339 444 4410 piciat
462 4378 476 4402 ,
525 4354 666 4392 nunc
694 4339 890 4393 choros
919 4338 1232 4410 angelorum
1257 4339 1579 4410 perlustret,
1626 4356 1768 4410 nunc
1796 4356 1855 4395 se

279 4409 710 4481 patriarcharum
754 4419 809 4462 et
855 4409 1527 4481 prophetarum’cmtibus
1575 4409 1852 4481 adjungat,

281 4477 424 4532 nunc
449 4477 776 4549 martyribus
809 4477 1173 4543 c0nsdcietur,
1199 4493 1344 4533 nunc
1380 4477 1680 4549 virginibus
1716 4477 1852 4535 assi-

1932 565 2042 621 duo
2064 564 2263 620 fratres
2289 565 2551 636 quotidie,
2591 572 2653 619 ut
2695 564 2845 621 horis
2869 564 3064 636 quibus
3084 575 3294 636 oportet
3318 568 3373 621 in
3397 583 3516 624 mo-

1931 657 2172 713 nasterio
2195 657 2374 726 legere
2401 656 2596 712 seratis
2623 655 2787 726 regiis
2830 668 2889 710 se
2912 653 3158 728 iungant,
3193 657 3210 696 ί
3257 664 3314 711 et
3335 656 3516 728 legen-

1933 755 2016 804 tes
2041 747 2263 802 audiant
2292 764 2304 802 :
2337 755 2394 802 et
2434 762 2556 802 cum
2600 746 2667 800 ad
2691 761 2828 815 opus
2858 745 3098 800 divinum
3121 745 3354 802 ’oratorii
3381 744 3394 796 i
3441 747 3520 802 in-

1934 839 2036 895 dex
2071 840 2363 904 sonaverit,
2413 839 2609 894 seratis
2648 839 2778 894 item
2820 839 2982 908 regiis
3017 837 3257 893 oratorio
3285 852 3520 909 przesen-

1935 939 2138 987 tentur.
2169 931 2252 985 Ad
2277 946 2414 1001 opus
2441 930 2644 987 laboris
2685 930 2789 986 hoc
2824 937 3098 1000 quaeratur
3123 931 3264 1000 quod
3292 935 3523 999 possunt

1937 1040 2035 1096 pro
2063 1025 2237 1080 :etatis
2265 1024 2623 1094 possibilitate
2670 1023 2914 1094 implere,
2943 1022 2994 1076 id
3032 1032 3135 1086 est,
3167 1031 3260 1076 aut
3289 1023 3334 1076 si
3373 1029 3531 1078 artes

1938 1116 2140 1180 sciunt,
2164 1125 2256 1170 aut
2285 1124 2450 1181 certe,
2478 1115 2522 1169 si
2551 1115 2820 1177 nesciunt,
2855 1113 2910 1168 in
2953 1129 3061 1183 quo
3087 1120 3312 1182 possunt
3347 1110 3524 1181 quoti-

1939 1205 2026 1261 die
2067 1204 2319 1275 adjuvent.
2357 1205 2790 1275 septimanarios.
2832 1204 3032 1259 Tamen
3078 1202 3251 1258 labori
3282 1201 3387 1257 alio
3414 1215 3524 1257 non

1940 1307 2278 1367 quaerantur,
2323 1297 2368 1351 si
2407 1305 2629 1367 pr0pter
2665 1310 2801 1364 opus
2829 1293 3108 1364 aperiendi
3151 1302 3206 1349 et
3241 1293 3546 1348 claudendi

1941 1390 2088 1448 omni
2115 1390 2247 1444 hora
2269 1396 2620 1459 occupentur.
2655 1388 2944 1442 Annonam
2969 1401 3166 1441 canum
3188 1400 3220 1441 a
3245 1383 3530 1440 cellarario

1942 1482 2043 1553 ipsi
2069 1481 2358 1552 accipiant,
2385 1489 2440 1536 et
2467 1481 2549 1536 eis
2575 1495 2695 1536 cum
2724 1496 2863 1550 aqua
2890 1480 2974 1536 vel
2999 1479 3191 1535 culina:
3214 1486 3530 1535 remanente

1934 1570 2163 1643 juscello
2202 1572 2527 1627 ministrent.
2573 1572 2901 1627 Animalium
2948 1573 3093 1626 intra
3137 1571 3526 1626 monasterium

1943 1678 2104 1719 curas
2131 1660 2386 1731 adjuncto
2417 1663 2472 1717 in
2511 1663 2809 1732 septimana
2839 1661 3052 1718 illorum
3081 1660 3532 1717 hebdomadario-

1947 1769 2064 1808 rum
2094 1753 2288 1808 solatio
2334 1752 2433 1823 ipsi
2483 1753 2762 1823 impleant,
2802 1761 2858 1809 et
2901 1755 3062 1824 regite
3102 1753 3396 1808 munditias
3426 1751 3530 1822 ipsi

2838 1847 3170 1904 cicendelum
3209 1861 3532 1918 suspensum

1941 1947 1996 1995 et
2019 1939 2219 1994 factum
2243 1941 2532 1994 incendant
2558 1941 2819 2010 quotidie,
2846 1950 2906 1995 ut
2928 1950 3091 1996 noctu
3117 1939 3252 1996 foris
3271 1938 3533 2010 cujusque

1942 2039 2304 2102 cognoscatur
2334 2031 2627 2101 ingressus.
2669 2031 2772 2098 Qui
2809 2046 2987 2098 senes,
3018 2039 3078 2086 ut
3119 2031 3366 2100 superius
3395 2029 3534 2084 dixi-

1942 2137 2086 2182 mus.
2112 2136 2208 2191 pro
2251 2121 2455 2175 honore
2492 2122 2670 2175 aetatis
2694 2135 2817 2175 cum
2863 2120 3056 2174 abbate
3083 2120 3409 2174 manducent
3438 2135 3527 2174 se-

1944 2213 2178 2269 cundum
2239 2210 2468 2268 formam
2528 2211 2765 2282 praefatae
2826 2213 3163 2278 humilitatis,
3196 2214 3215 2251 ι
3247 2221 3308 2268 ut
3343 2221 3535 2269 sancta

1944 2302 2256 2374 evangelica
2286 2304 2641 2370 demonstrat,
2669 2319 2790 2374 qua:
2815 2303 2951 2358 dixit
2978 2320 3078 2358 nec
3115 2304 3248 2374 ipsis
3272 2319 3333 2360 se
3369 2319 3532 2374 supe-

1945 2396 2146 2450 riorem
2177 2393 2313 2448 velle
2339 2393 2644 2448 ostendere.
2670 2392 2806 2448 Nam
2855 2393 3049 2448 talibus
3081 2393 3213 2448 dicit
3249 2392 3533 2463 Scriptura

1944 2481 2238 2554 perfectis:
2272 2494 2314 2521 ω
2342 2482 2550 2548 Quanto
2581 2499 2801 2553 magnus
2826 2501 2902 2548 es,
2933 2493 3080 2538 tanta
3114 2484 3336 2539 humilia
3369 2494 3456 2538 te:
3484 2492 3534 2537 et

1949 2666 2123 2721 nacho
2174 2665 2277 2720 soli
2332 2680 2457 2719 cum
2502 2673 2762 2718 extraneo
2811 2664 3065 2736 colloqui,
3115 2665 3209 2718 sed
3250 2664 3454 2736 dabant
3487 2663 3539 2736 ei

1947 2737 2199 2791 comitem
2232 2745 2286 2790 et
2319 2750 2630 2790 sermonum
2665 2743 2879 2800 testem,
2917 2733 3023 2789 non
3068 2733 3313 2804 quemvis
3348 2735 3414 2788 de
3441 2733 3538 2787 tri-

1947 2807 2180 2928 vioised
2205 2807 2490 2876 probatum
2522 2805 2786 2871 moribus,
2818 2821 2886 2860 ne
2911 2805 3052 2859 forte
3079 2803 3303 2860 daretur
3323 2803 3538 2859 occasio

1949 2892 2036 2928 ma
2063 2891 2208 2928 iano.

1949 2891 2208 2930 maligno.

2017 2945 2044 2984 ἀ
2074 2945 2135 3027 Si
2161 2946 2506 3067 propimrms,
2537 2957 2643 3001 etc.
2681 2946 2811 3027 Haec
2839 2945 3000 3000 tertia
3029 2959 3157 3013 pars
3192 2945 3354 3025 etiam
3385 2957 3540 3026 repe-

2017 3031 2088 3067 .ur
2117 3031 2169 3067 in
2202 3014 2349 3067 Reau
2375 3032 2402 3067 a
2436 3014 2494 3067 8.
2528 3015 2828 3067 Pachumii.
2861 3024 2964 3067 art.
3003 3015 3094 3067 55.
3130 3029 3316 3067 nanets
3353 3015 3536 3067 verbis

1950 3016 2088 3069 ritur
2117 3014 2169 3069 in
2202 3014 2402 3085 Regula
2436 3014 2494 3070 8.
2528 3015 2828 3080 Pachumii,
2861 3024 2964 3069 art.
3003 3015 3094 3077 55,
3130 3014 3316 3085 paucis
3353 3014 3536 3069 verbis

1953 3085 2281 3150 immutatis,
2310 3097 2528 3141 servato
2551 3096 2730 3142 tamen
2760 3086 2949 3141 eodem
2972 3101 3153 3140 sensu.

2024 3167 2048 3195 ο
2079 3155 2276 3209 Nullus
2319 3155 2383 3208 de
2429 3157 2598 3220 horto,
2640 3167 2747 3212 etc.
2785 3155 2912 3211 Haec
2955 3166 3150 3224 quarta
3194 3152 3354 3224 hujus
3387 3155 3538 3224 capi-
3578 3172 3582 3176 '

1951 3225 2046 3280 tuli
2082 3241 2216 3350 ἔξηνε
2259 3226 2564 3282 continetur
2609 3228 2772 3282 etiam
2823 3227 2878 3280 in
2916 3223 3117 3296 [tegula
3146 3225 3203 3279 S.
3233 3223 3532 3290 Pacbomii,

1951 3306 2053 3350 art.
2157 3336 2170 3348 .

1949 3306 2053 3350 art.
2082 3306 2170 3350 58.

2027 3365 2046 3404 ί
2074 3365 2292 3419 Duobus
2331 3365 2605 3433 fratribus,
2635 3376 2740 3422 etc.
2778 3366 2905 3421 Haec
2935 3365 3204 3420 habentur
3229 3365 3284 3418 in
3329 3363 3534 3432 Regula

1952 3450 2055 3490 ms.
2087 3435 2340 3505 Magistri
2355 3436 2475 3490 cod.
2500 3435 2689 3500 Corb.,
2712 3439 2901 3492 eodem
2929 3451 3046 3505 cap.
3073 3436 3160 3490 95.

2024 3503 2256 3557 uenae
2306 3503 2601 3573 decrepitis.
2667 3506 2724 3560 ld
2769 3513 2884 3569 est,
2943 3503 3190 3566 senibus,
3250 3505 3353 3560 hac
3403 3519 3538 3562 voce

1951 3573 2114 3646 latius
2141 3586 2359 3646 sumpta
2376 3590 2391 3637 ;
2438 3589 2562 3628 nam
2591 3575 2849 3646 decrepiti
2891 3574 3219 3646 huicoilicio
3246 3574 3426 3630 minus
3448 3589 3541 3630 es-

1952 3653 2073 3699 sent
2099 3644 2296 3698 idonei.
2331 3644 2649 3713 Decrepitus
2688 3644 2770 3700 est
2807 3646 2959 3715 cujus
2988 3645 3095 3698 vita
3121 3660 3233 3714 pra:
3263 3654 3544 3715 senectute

1953 3715 2007 3769 in
2032 3715 2196 3768 dubio
2243 3722 2346 3768 est.
2372 3715 2616 3786 Nannius
2653 3714 2960 3780 Marcellus,
2987 3730 3106 3784 cap.
3133 3716 3158 3769 1
3190 3734 3208 3786 γε
3245 3733 3265 3767 ι
3304 3714 3542 3786 Crepera

1954 3799 2044 3840 res
2082 3785 2301 3854 proprie
2353 3785 2552 3840 dicitur
2589 3786 2784 3850 dubia,
2835 3796 2891 3840 et
2916 3785 3292 3854 crepusculum
3343 3785 3543 3842 dicitur

1952 3854 2046 3936 luit
2069 3855 2333 3936 dubia,'et
2361 3869 2518 3910 senes
2544 3856 2804 3928 decrepiti
2833 3857 2960 3912 dicti
2987 3857 3043 3911 in
3071 3855 3236 3912 dubio
3264 3857 3387 3912 vita:
3413 3871 3542 3912 con-

1957 3927 2156 3981 stituti.
2191 3945 2210 3978 ›

2024 3997 2054 4069 1}
2083 3994 2290 4069 Ijegias.
2317 3995 2374 4050 id
2394 4003 2497 4060 est,
2513 3994 2738 4069 ianuas.
2760 3996 2896 4054 Vide
2923 4013 3105 4069 supra.

2030 4066 2048 4106 ί
2084 4065 2407 4139 Ετιεθεηέεε
2441 4067 2680 4139 audiant.
2711 4068 2847 4137 Quia
2878 4069 2967 4125 hic
2988 4065 3252 4139 magister
3289 4084 3396 4123 non
3430 4069 3547 4124 vult

1953 4143 2013 4190 ut
2042 4135 2287 4210 seorsum
2316 4135 2515 4192 fratres
2532 4135 2750 4210 legant,
2773 4141 2867 4194 sed
2895 4148 2954 4194 ut
2983 4135 3293 4210 congregati
3322 4154 3419 4206 per
3453 4140 3546 4196 de-

1955 4207 2123 4280 cadas
2148 4208 2412 4280 legentem
2440 4207 2684 4280 audiant,
2709 4218 2768 4264 ut
2795 4211 3025 4266 habetur
3051 4207 3169 4279 cap.
3188 4207 3279 4263 '50
3301 4211 3542 4280 ejusdem

1956 4275 2175 4352 Regulae
2201 4275 2225 4331 :-
2248 4279 2350 4352 t__A
2378 4279 2552 4352 prima
2580 4294 2749 4352 usque
2778 4282 2845 4335 ad
2872 4281 3083 4337 tertiam
3109 4275 3404 4350 segregata:
3431 4295 3462 4332 a
3485 4295 3545 4352 se

1953 4360 2054 4416 per
2093 4348 2211 4402 loca
2257 4347 2470 4403 diversa
2505 4347 2729 4415 decade,
2759 4365 2829 4404 ne
2873 4352 2927 4405 in
2962 4366 3068 4404 uno
3107 4347 3324 4403 redacta
3367 4349 3548 4403 omnis

1957 4419 2326 4487 congregatio,
2375 4419 2489 4473 suis
2523 4420 2625 4473 sibi
2673 4419 2903 4474 invicem
2945 4419 3170 4474 vocibus
3207 4419 3538 4487 obstrepent,

1959 4487 2012 4541 id
2046 4498 2152 4551 est,
2193 4489 2511 4543 lectionibus
2537 4497 2748 4551 vacent,
2792 4505 2934 4545 unus
2963 4489 3030 4544 de
3060 4489 3245 4544 decem
3287 4503 3384 4542 uer
3424 4491 3541 4545 loca

281 4549 424 4602 deat.
452 4536 606 4632 illinc:
617 4548 784 4602 Deum
810 4551 1020 4632 adoret,
1057 4536 1357 4631 aditiiretur
1375 4560 1430 4604 et
1458 4536 1851 4632 situpeat.‘H:ec
1878 4553 1931 4614 D
1958 4536 2440 4632 iégaig’ei'r'ésjdﬁi
2451 4536 3137 4632 Elidfiiiiihéidiiﬁiiiiiht‘.”s

280 4632 408 4671 vera
453 4615 704 4687 libertas.
749 4619 843 4672 sed
886 4618 1028 4673 illius
1066 4619 1158 4687 qui
1216 4620 1375 4675 unius
1420 4615 1568 4674 cellae
1613 4621 1855 4676 inclusus

281 4687 546 4761 angustiis
590 4685 873 4761 latitudine
913 4685 1118 4761 frtiitur
1146 4690 1406 4761 paradisi.
1452 4689 1578 4744 Haec
1623 4692 1856 4761 optanda

283 4755 563 4811 monachis
607 4756 872 4824 evagatio,
928 4757 1054 4809 dum
1106 4755 1161 4810 iii
1202 4759 1336 4813 cella
1392 4761 1582 4815 sedent
1640 4755 1853 4816 inclusi.

282 4824 422 4897 Nam
472 4843 490 4875 ι
546 4828 646 4897 etsi
681 4826 899 4897 (inquit
945 4825 1342 4897 Tertullianus)
1393 4844 1521 4883 caro
1566 4830 1856 4897 detinetur,

282 4895 463 4972 omnia
504 4893 715 4965 spiritui
754 4903 959 4972 patent.
993 4893 1204 4965 Vagare
1233 4893 1718 4972 spi_ritu,_spatiare
1746 4893 1858 4972 spiQ

285 4967 390 5020 ritu
417 4981 431 5028 ;
462 4965 848 5039 etnonstadia
878 4981 1044 5039 opaca
1088 4975 1144 5020 et
1185 4965 1425 5039 porticus
1452 4965 1638 5038 longas
1666 4965 1862 5039 propo-

285 5052 416 5090 nens
442 5034 557 5098 tibi,
588 5036 682 5107 sed
718 5035 872 5107 illam
902 5037 1042 5089 viam
1070 5034 1200 5103 quae
1225 5036 1292 5090 ad
1319 5036 1489 5091 Deum
1519 5034 1684 5093 ducit:
1717 5034 1863 5107 Quo-

285 5107 387 5160 ties
431 5118 551 5186 eam
596 5105 789 5175 spiritu
841 5106 1291 5172 deambulaveris,
1349 5108 1508 5163 toties
1547 5109 1601 5162 in
1640 5105 1863 5164 carcere

288 5191 391 5229 llOlI
421 5190 548 5229 eris.
587 5195 607 5227 ι

358 5256 383 5283 ﬂ
410 5245 633 5310 Quando
671 5244 740 5298 ad
780 5245 968 5298 ostium
1011 5248 1336 5311 monasterii,
1365 5256 1469 5302 etc.
1511 5248 1634 5302 Htec
1668 5249 1864 5304 haben-

288 5321 385 5386 tur
403 5314 684 5386 iiifllegula
713 5315 854 5370 edita
884 5317 940 5369 S.
971 5315 1266 5382 Pachumii,
1299 5327 1403 5372 art.
1428 5317 1518 5382 28,
1547 5333 1652 5372 non
1680 5329 1861 5375 tamen

287 5385 547 5454 articulus
574 5385 782 5454 integer
810 5386 1140 5454 producitur.

358 5451 386 5492 δ
422 5452 482 5508 Si
505 5456 620 5524 quis
646 5451 715 5527 ad
748 5451 958 5527 ostium,
1006 5465 1112 5527 etc.
1166 5455 1410 5524 Secunda
1447 5455 1606 5524 hujus
1643 5459 1861 5527 capituli

286 5537 412 5644 pars
439 5533 617 5603 eastat
639 5525 802 5580 etiam
832 5527 888 5608 in
917 5525 1116 5607 Regula
1137 5541 1334 5580 excusa
1353 5527 1408 5580 S.
1429 5525 1725 5592 Pachomii,
1753 5539 1857 5583 art.

325 5597 377 5644 0.
402 5601 502 5644 etSt
527 5596 768 5644 aumdam
813 5597 900 5644 hic
933 5594 1307 5644 desiderantur
1331 5614 1451 5644 (Illa!
1484 5599 1624 5644 amid
1667 5599 1722 5644 8-
1759 5599 1857 5644 Pa-

325 5597 377 5668 tl,
402 5594 502 5668 etsi
527 5596 768 5668 quzedam
813 5596 900 5650 hic
933 5594 1307 5651 desiderantur
1331 5614 1451 5668 qua:
1484 5599 1626 5666 apud
1667 5599 1722 5653 S.
1759 5599 1860 5657 Pa-

291 5663 562 5734 chomium
589 5666 824 5734 reperire
848 5675 950 5721 est.

361 5745 396 5809 C_
432 5733 568 5788 Eum
592 5733 1129 5809 _accipiet_camitem,
1168 5745 1285 5809 etc.
1329 5735 1468 5793 Nota
1520 5738 1857 5809 disciplinam

289 5805 563 5873 antiquam
589 5803 802 5860 illorum
822 5806 1062 5873 Patrum,
1087 5807 1183 5878 qui
1206 5823 1314 5864 non
1343 5803 1727 5879 permittebant
1747 5826 1860 5869 mo-

1963 4707 1986 4751 ι
2022 4625 2051 4750 ti
2095 4625 2283 4751 Indef.
2311 4627 2369 4682 ld
2395 4636 2502 4694 est,
2533 4628 2779 4699 signum,
2816 4644 3102 4701 campana,
3137 4637 3198 4684 ut
3244 4645 3405 4700 supra
3446 4645 3545 4684 no-
3610 4681 3619 4707 ,ἓ

1987 4713 2016 4751 a
2045 4713 2132 4750 um
2169 4713 2227 4751 es
2256 4737 2270 4751 .

1987 4713 2132 4751 alii!"
2169 4713 2270 4752 CSl.

2034 4768 2059 4842 If
2091 4764 2414 4842 Qicindelum
2455 4787 2782 4839 suspensum.
2807 4768 2940 4825 Vide
2968 4787 3150 4842 supra.

2039 4836 2063 4910 1_
2088 4835 2154 4891 Ut
2180 4850 2363 4910 sancta
2401 4835 2697 4910 evangelica
2739 4835 3083 4896 demonstrat.
3115 4842 3172 4896 ln
3201 4841 3405 4910 Regula
3432 4857 3535 4896 ms.
3615 4893 3619 4897 .

1962 4907 2159 4980 legitur
2188 4908 2258 4980 λζ
2268 4926 2301 4962 η
2329 4919 2511 4980 sancta
2534 4907 2795 4980 'Eugem'a
2844 4912 3251 4966 demonstratur.

1965 4976 2036 5051 in
2065 4980 2183 5051 cod.
2209 4976 2394 5051 Yind.,
2433 4989 2490 5032 ut
2527 4976 2708 5035 sancta
2752 4981 2989 5051 Engem’a
3033 4976 3384 5035 demonstrat:
3408 4981 3541 5036 Pro-

1964 5048 2058 5120 bat
2082 5048 2440 5120 humilitatem
2478 5062 2596 5118 quae
2626 5052 2678 5104 in
2705 5048 2900 5105 abbate
2947 5052 3238 5120 requiritur
3266 5051 3335 5105 ab
3357 5067 3538 5106 exem—
3617 5101 3630 5112 ι

1964 5116 2156 5192 plo_S.
2210 5119 2462 5192 Eugeniae
2496 5116 2796 5192 martyris,
2850 5136 2969 5192 qua:
3024 5116 3359 5192 dissimulato
3407 5137 3539 5176 sexu

1968 5187 2182 5241 tandem
2220 5188 2272 5241 in
2300 5187 2559 5244 abbatem
2587 5187 2755 5245 electa
2787 5187 2996 5245 ueteris
3032 5189 3287 5246 fratribus
3319 5192 3541 5247 humili-

1968 5265 2075 5336 tate
2099 5256 2365 5336 p_rtcluxit,
2393 5267 2455 5336 ut
2477 5261 2530 5314 in
2548 5261 2678 5336 ejus
2704 5259 2824 5336 Yita
2851 5263 3100 5336 habetur,
3133 5261 3282 5336 cujus
3310 5271 3535 5336 textum,

1964 5327 2091 5402 quia
2127 5327 2305 5383 lumen
2354 5329 2510 5402 affert
2548 5327 2673 5385 huic
2712 5330 2852 5395 loco,
2876 5331 3073 5402 alioqui
3117 5327 3249 5386 satis
3287 5327 3536 5399 obscuro,

1963 5396 2230 5470 proferam
2256 5417 2279 5470 γε
2320 5417 2338 5470 ς
2372 5400 2487 5468 Ipsa
2520 5409 2706 5470 tamen
2737 5411 2862 5454 ante
2890 5396 3078 5458 omnes
3109 5417 3243 5470 opus
3272 5396 3540 5459 monasteL

1963 5465 2052 5544 Eii,
2081 5469 2222 5544 quod
2251 5465 2430 5523 infima
2455 5469 2659 5544 solebat
2681 5485 2935 5526 exercere
2954 5465 3204 5542 persona,
3226 5476 3479 5544 suscepit.
3510 5494 3530 5528 ι

1961 5535 2031 5590 Et
2054 5535 2213 5614 paulo
2244 5549 2456 5614 postea
2499 5539 2710 5614 Aquam
2752 5535 2991 5614 portare,
3042 5535 3197 5614 ligna
3230 5535 3538 5610 concidere,

1960 5609 2257 5682 munditias
2293 5609 2548 5682 adhibere
2572 5609 2589 5663 ξ
2621 5611 2674 5664 in
2699 5609 2996 5682 eodemque
3021 5609 3138 5669 loco
3163 5615 3408 5670 habitare
3434 5609 3538 5674 sibi

1960 5677 2141 5749 elegit,
2172 5679 2262 5760 ubi
2290 5680 2544 5760 ostiarius
2571 5683 2885 5760 monasterii
2909 5677 3166 5740 manebat
3212 5699 3280 5740 ne
3309 5685 3394 5742 vel
3422 5688 3540 5760 ipso

1959 5762 2019 5804 se
2042 5750 2374 5810 superiorem
2403 5751 2729 5810 ostenderet.
2762 5773 2782 5807 ι

2027 5828 2070 5858 ιιι
2089 5807 2303 5885 Quanto
2325 5836 2547 5890 magnus
2573 5839 2651 5891 es,
2669 5807 2825 5880 tanta
2851 5823 3074 5881 humilia
3105 5836 3172 5884 ω.
3207 5825 3278 5918 lJt
3305 5828 3366 5887 in
3385 5837 3536 5887 textu
3563 5807 3566 5816 I

3325 4925 3441 4981 ege,
3481 4920 3542 4966 ut
3617 4959 3626 4965 ,
