4062 6332
568 365 709 424 1548

625 527 651 531 ._
803 458 876 529 ᾯ
964 463 1737 547 51x.—mm(cap.19a).

636 569 719 624 Ad
761 558 1114 623 hortulanum
1161 561 1457 634 pertinebit
1517 557 1750 613 munitio
1794 555 2151 636 custodiaque

568 667 879 730 hortorum,
923 660 1163 717 alvearia
1199 672 1384 728 apum,
1428 670 1558 711 cura
1596 653 1865 709 seminum
1912 651 2153 726 diverso-

567 774 712 822 rum,
736 773 800 813 ac
828 752 1167 812 denuntiatio
1197 750 1347 822 quid,
1377 747 1594 819 quando
1621 752 1872 817 oporteat
1895 745 1952 800 in
1978 745 2152 801 hortis

565 839 675 906 seri
709 858 803 904 aut
825 845 1079 919 plantari.
1743 889 1753 900 κ

591 931 751 1016 ξςΧ.
779 971 853 984 —
882 941 958 994 Ex
994 938 1212 994 Racuu
1251 949 1440 991 ssnon
1477 933 1771 989 Aucusrnu
1811 931 1949 1002 (cap.
1976 927 2093 1000 40).

633 1033 664 1074 δ
692 1032 762 1090 Ut
789 1041 970 1087 autem
993 1045 1089 1084 vos
1117 1030 1182 1089 in
1222 1030 1324 1082 hoc
1349 1025 1530 1080 libello
1565 1033 1820 1094 tanquam
1850 1022 1903 1076 in
1933 1019 2151 1091 speculo

561 1123 785 1198 possitis
813 1122 1102 1192 inspicere,
1135 1133 1204 1173 ne
1250 1133 1348 1187 per
1389 1115 1718 1171 oblivionem
1747 1112 1953 1182 aliquid
1981 1110 2152 1182 negli-

564 1216 727 1290 gatis,
757 1214 925 1271 semel
957 1215 1010 1268 in
1034 1211 1336 1282 septimana
1363 1209 1519 1264 vobis
1555 1207 1768 1277 legatur
1803 1219 1819 1258 :
1855 1211 1912 1258 et
1935 1203 2025 1257 ubi
2052 1217 2151 1258 vos

560 1305 904 1369 inveneritis,
931 1318 1052 1373 quae
1078 1303 1279 1372 scripta
1323 1307 1471 1363 sunt,
1513 1296 1800 1359 facientes,
1853 1295 1996 1365 agite
2024 1309 2152 1365 gra-

560 1397 668 1455 tias
696 1394 929 1450 Domiao
956 1392 1222 1448 bonorum
1254 1387 1516 1459 largitori.
1547 1385 1651 1442 Ubi
1692 1393 1872 1439 autem
1897 1384 2001 1440 sibi
2030 1383 2149 1453 qui-

563 1478 781 1557 cunque
800 1494 1045 1541 vestrum
1074 1483 1223 1537 videt
1245 1480 1448 1550 aliquid
1479 1480 1686 1542 deesse,
1714 1476 1894 1532 doleat
1921 1477 1990 1531 de
2010 1490 2152 1546 pra:-

559 1579 743 1643 terito,
785 1585 975 1633 caveat
1019 1576 1086 1632 de
1131 1573 1339 1636 futuro,
1377 1582 1398 1611 ε
1435 1587 1599 1626 orans
1643 1579 1704 1626 ut
1744 1570 1847 1626 sibi
1896 1577 1952 1625 et
1995 1569 2148 1624 debi-

563 1681 676 1725 tum
703 1670 1028 1732 dimittatur,
1057 1676 1112 1722 et
1137 1667 1190 1720 in
1220 1664 1571 1720 tentationem
1595 1678 1699 1718 non
1731 1663 2038 1718 inducatur.
2069 1676 2087 1700 δ

617 1763 644 1835 §
681 1762 771 1818 XI.
799 1793 871 1804 —
900 1762 980 1818 Ex
1011 1761 1231 1816 Bauuu
1269 1759 1499 1812 Aunaan
1538 1770 1774 1810 EPISCOPI
1807 1756 1946 1825 (cap.
1976 1751 2090 1826 54).

1599 353 1658 409 8.
1701 348 2066 407 BENEDIC'I'I
2102 347 2396 404 ABBATIS
2432 346 2840 403 ANIANENSIS

2177 464 2231 524 Α
2254 459 2382 516 mile
2403 460 2678 516 habebunt
2712 459 3009 522 silentium,
3044 467 3102 513 et
3125 465 3335 512 tantum
3365 457 3435 512 de
3452 456 3704 526 psalmis
3733 467 3794 512 et
3811 458 3878 515 de

3737 341 3880 396 i344

2257 551 2553 624 Scripturis
2593 552 2798 623 aliquid
2852 561 2877 591 ο
2917 551 3302 614 decantabunt,
3359 549 3540 605 donec
3582 564 3739 618 opus
3778 566 3877 605 nn-

2253 644 2455 715 pleant.
2491 643 2550 700 Si
2576 645 2705 716 quid
2732 644 3104 698 necessarium
3144 642 3460 706 habuerint,
3499 657 3618 696 non
3639 641 3878 710 loquen-

2254 744 2364 799 tur,
2402 735 2422 774 ί
2462 736 2558 790 sed
2587 736 2803 805 signum
2851 734 3057 789 dabunt
3103 732 3191 787 his
3234 733 3328 803 qui
3367 742 3611 804 possunt
3670 731 3877 788 afferre

2149 881 2152 886 .
2255 831 2450 902 quibus
2475 831 2735 900 indigent.

2663 939 2850 1012 μιν.
2884 968 2956 981 -
2985 939 3122 994 Item
3161 940 3301 1012 (cap.
3327 937 3438 1011 17).

2329 1057 2354 1095 ⁸
2378 1053 2604 1122 Quando
2632 1053 2700 1108 ad
2738 1051 3077 1120 miscendum
3120 1049 3355 1104 farinam
3398 1050 3589 1104 vocati
3632 1049 3868 1114 fuerint,

2253 1146 2433 1200 nullus
2462 1145 2697 1200 resideat
2725 1144 2778 1198 in
2823 1143 2944 1197 loco
2979 1156 3150 1212 panes
3187 1141 3551 1211 coquentium
3574 1157 3591 1203 ς
3617 1140 3871 1208 exceptis

2253 1238 2340 1292 his
2359 1237 2451 1306 qui
2484 1237 2720 1292 coctioni
2777 1234 3046 1291 suﬂicient
3094 1244 3150 1291 et
3194 1235 3393 1305 quibus
3420 1235 3651 1305 jussum
3683 1233 3866 1298 fuerit,

2252 1329 2280 1368 h
2309 1343 2469 1382 nemo
2491 1327 2772 1383 residebit.

2251 1437 2279 1509 §
2311 1436 2428 1492 XV.
2449 1438 2620 1493 —Ex
2649 1437 2871 1494 Baouu
2903 1439 3071 1495 Pwu
3105 1455 3175 1494 ar
3207 1438 3482 1493 Srarnssl
3517 1437 3674 1509 (cap.
3713 1437 3785 1492 32
3806 1441 3867 1508 ί).

2321 1549 2645 1621 Magnoperc
2670 1559 2852 1604 autem
2896 1549 2966 1604 ab
3019 1551 3273 1606 omnibus
3319 1559 3406 1605 est
3443 1551 3773 1604 cavendum
3809 1567 3870 1603 ne

2250 1641 2421 1696 autin
2453 1643 2700 1712 pistrino,
2741 1651 2835 1696 aut
2895 1643 2949 1696 in
2983 1657 3309 1711 quacunque
3347 1658 3626 1696 manuum
3672 1657 3870 1707 Opera-

2251 1734 2395 1789 tione
2423 1734 2622 1804 aliquis
2667 1733 2897 1790 fratrum
2927 1735 3082 1807 pigre
3120 1744 3177 1790 et
3217 1751 3326 1791 non
3353 1736 3502 1790 inter
3529 1736 3758 1804 primos
3789 1750 3875 1790 oo-

629 1834 696 1911 Et
723 1871 840 1921 vos,
873 1862 1062 1911 sancta
1087 1852 1458 1923 congregatio,
1503 1858 1563 1903 ut
1588 1848 1770 1903 omnia
1797 1862 1917 1917 quae
1956 1846 2012 1899 in
2043 1846 2148 1900 hac
2173 1841 2222 1900 B
2249 1834 2457 1923 cu"

557 1945 764 2017 Regula
793 1961 894 2016 pro
934 1944 1176 2000 remedio
1227 1944 1422 1997 animae
1462 1949 1694 2005 nostrae,
1724 1947 1780 1994 et
1817 1953 1918 2008 pro
1939 1937 2148 1991 anima-

558 2053 680 2092 rum
702 2047 1008 2092 vestrarum
1034 2035 1211 2092 salute
1241 2035 1554 2097 statuimus,
1597 2033 1809 2104 integra
1846 2040 1904 2086 et
1940 2030 2149 2085 illibata

558 2129 900 2194 custodiatis,
949 2137 1007 2184 et
1043 2143 1114 2184 ne
1149 2142 1248 2197 per
1285 2127 1614 2183 oblivionem
1659 2123 1865 2194 aliquid
1917 2122 2151 2194 negliga-

555 2220 648 2283 tis,
673 2220 842 2276 semel
892 2235 958 2275 ea
1001 2220 1056 2274 in
1099 2219 1320 2289 triginta
1365 2217 1559 2273 diebus
1594 2215 1841 2287 relegite,
1888 2215 1945 2270 id
1978 2224 2064 2270 est
2092 2215 2150 2269 in

557 2310 836 2366 Kalendis.

618 2400 647 2473 ς
679 2401 794 2456 ΧΠ.
815 2431 889 2443 -
916 2402 997 2457 Ex
1034 2402 1256 2460 Rasum
1287 2417 1476 2459 SANC'I‘I
1511 2400 1777 2456 Pscnoun
1807 2399 1949 2471 (cap.
1974 2398 2089 2472 68).

626 2492 1032 2548 Levitouarium
1060 2502 1116 2549 et
1153 2493 1418 2564 quidquid
1465 2493 1523 2546 in
1551 2499 1704 2547 veste
1744 2499 1829 2546 est
1853 2490 2156 2546 monacho-

557 2599 702 2649 rum,
724 2599 886 2640 nemo
911 2584 1056 2640 lavet
1077 2583 1229 2658 [nisi]
1261 2586 1350 2640 die
1377 2583 1680 2650 Dominica,
1717 2591 1918 2654 praeter
1955 2590 2154 2638 nautas

558 2682 616 2729 et
647 2674 1016 2744 pistrinarios.

946 2766 975 2839 §
1011 2765 1150 2820 XIII.
1175 2795 1247 2806 —
1275 2765 1408 2820 Item
1439 2765 1580 2837 (cap.
1612 2764 1762 2836 116).

631 2858 656 2898 δ
680 2857 906 2926 Quando
935 2857 1169 2928 farinam
1215 2865 1582 2929 conspergunt
1631 2871 1792 2927 aqua,
1823 2863 1880 2912 et
1917 2871 2157 2912 massam

562 2951 838 3024 subigunt,
870 2966 1030 3007 nemo
1059 2952 1312 3021 loquatur
1337 2950 1516 3006 alteri.
1558 2948 1716 3004 Mane
1751 2949 1970 3020 quando
1999 2951 2158 3005 tabu-

560 3043 644 3102 las
667 3044 737 3100 ad
764 3043 984 3099 furnum
1013 3043 1100 3098 vel
1127 3043 1196 3098 ad
1232 3043 1478 3098 clibanos
1525 3042 1818 3112 deportant
1856 3055 2046 3111 panes,
2084 3041 2158 3095 si-

633 3188 660 3217 α
690 3175 822 3246 gap.
848 3176 920 3230 20
943 3174 1164 3246 Regula;
1187 3189 1422 3246 excusas.

631 3246 659 3286 ι)
690 3243 757 3300 Ut
770 3242 980 3300 autem.
1009 3242 1250 3300 llabetur
1275 3246 1329 3298 in
1372 3243 1574 3312 Regula
1605 3243 1662 3295 S.
1693 3242 2004 3313 Augustini,
2027 3259 2156 3313 cap.

2367 1917 2396 1990 §
2421 1915 2562 1973 XVI.
2587 1949 2658 1959 —
2681 1919 2762 1974 Ex
2799 1920 3021 1976 Rasum
3059 1919 3406 1976 Tsnsa'rassr
3450 1922 3602 1993 (cap.
3633 1921 3759 1993 10).

2320 2009 2547 2076 Quando
2586 2026 2756 2080 panes
2794 2010 3023 2077 faciunt,
3057 2023 3071 2061 ι
3112 2018 3198 2066 vel
3245 2013 3299 2066 in
3337 2013 3486 2067 omni
3523 2014 3876 2069 monasterio

2252 2102 2279 2142 ι
2309 2103 2646 2172 corporalem
2685 2103 2926 2158 laborem
2959 2119 3117 2158 suum
3172 2116 3361 2159 mutuo
3406 2105 3755 2160 relevabunt
3781 2124 3793 2156 :
3821 2115 3876 2159 et

2251 2193 2550 2262 quamlibet
2579 2195 2886 2264 cuicunque
2935 2195 3087 2264 operi
3126 2210 3251 2250 esse
3289 2197 3594 2250 videantur
3644 2199 3872 2262 intenti,

2250 2285 2444 2339 orandi
2477 2293 2532 2338 et
2559 2284 2825 2353 psallendi
2853 2294 3096 2356 tempora
3134 2301 3243 2340 non
3297 2287 3565 2341 omittant
3597 2306 3611 2339 :
3646 2296 3716 2341 ut
3749 2289 3874 2342 dum

2250 2391 2407 2432 escas
2431 2376 2638 2446 eligunt
2686 2388 2999 2447 praeparare
3029 2377 3299 2442 carnales,
3334 2379 3674 2447 spiritaliter
3706 2383 3875 2434 verbo

2252 2469 2350 2523 Dei
2376 2479 2432 2524 et
2459 2471 2613 2524 bona:
2657 2471 3005 2525 conscientize
3035 2470 3389 2525 meditatione
3429 2481 3772 2538 pascantur.
3801 2471 3874 2526 De

2250 2575 2360 2630 quo
2385 2569 2564 2615 tamen
2586 2576 2752 2630 opere
2777 2561 2984 2616 nullum
3014 2561 3204 2616 deesse
3241 2561 3518 2624 convenit,
3553 2561 3668 2614 nisi
3709 2575 3872 2630 quem

2253 2659 2490 2706 retentat
2535 2645 2854 2717 inﬁrmitas,
2909 2660 3002 2706 aut
3051 2667 3213 2721 quem
3265 2652 3605 2721 prmpositus
3654 2651 3721 2704 in
3773 2651 3873 2704 alia

2260 2742 2280 2781 ι
2313 2758 2479 2799 causa
2505 2745 2832 2814 praeceperit
2855 2744 3135 2814 occupari.

2555 2855 2585 2929 δ
2618 2855 2778 2911 XVII.
2802 2885 2870 2896 —
2894 2857 2974 2911 Ex
3000 2856 3222 2912 Rasum
3251 2855 3541 2912 Pscuorm.

2327 2959 2367 2986 ιιι
2390 2947 2581 3002 Nullus
2623 2949 2689 3003 de
2718 2948 2879 3003 horto
2916 2947 3067 3002 tollat
3109 2947 3280 3012 olera,
3313 2947 3418 3001 nisi
3449 2948 3518 3002 ab
3559 2947 3870 3006 hortulano

2257 3040 2551 3110 acceperit.

2257 3175 2385 3230 dum
2416 3185 2662 3232 nostrum
2688 3185 2968 3231 auctorem
3020 3176 3110 3229 hic
3146 3174 3408 3229 articulus
3428 3176 3501 3228 sit
3528 3190 3714 3238 cxvii,
3740 3191 3867 3231 cum

2256 3247 2522 3316 superior,
2574 3248 2661 3302 cui
2701 3249 2756 3302 in
2823 3246 3026 3316 llegula
3079 3260 3278 3299 excusa
3329 3259 3582 3316 annexus
3631 3255 3756 3308 est,
3800 3247 3867 3300 sit

556 3316 651 3387 d3,
678 3317 821 3387 quod
850 3326 936 3372 est
965 3316 1246 3380 ultimum;
1287 3323 1344 3369 et
1383 3315 1440 3369 in
1471 3313 1579 3368 line
1623 3312 1852 3384 epistola
1880 3313 1983 3368 109
2008 3312 2153 3384 ejus-
2247 3312 2406 3384 juxta
2438 3328 2686 3372 nostrum
2714 3312 2994 3372 auctorem
3024 3331 3169 3380 cxvi,
3195 3324 3248 3368 et
3285 3315 3443 3369 ambo
3487 3316 3558 3368 ad
3605 3317 3864 3370 eamdem

559 3386 682 3441 dem
699 3385 773 3456 :S.
807 3387 1113 3456 Augustini.

633 3467 655 3496 ο
687 3455 858 3512 Orans
879 3453 935 3511 ut
970 3459 1090 3511 sibi.
1126 3455 1280 3519 Illud,
1321 3456 1442 3519 sibi,
1473 3469 1581 3509 non
1621 3462 1803 3508 exstat
1843 3454 1897 3508 in
1948 3453 2151 3524 Regula

557 3541 782 3594 excusa,
819 3543 923 3584 nec
951 3529 1006 3582 in
1043 3527 1165 3582 cod.
1212 3541 1314 3580 ms.
1361 3525 1548 3591 Corb.,
1588 3539 1689 3580 nec
1718 3525 1773 3578 in
1815 3525 2042 3594 epistola
2073 3525 2151 3580 ci-

564 3605 698 3652 tata.

629 3667 656 3707 ά
686 3667 911 3734 Quando
939 3670 1192 3740 farinam.
1224 3667 1417 3724 Exstat
1443 3667 1500 3721 in
1523 3665 1730 3736 Regula
1762 3665 1818 3721 S.
1863 3664 2144 3722 Pachomii

561 3751 784 3803 excusa,
809 3749 914 3793 art.
939 3739 1028 3794 65.

598 3819 662 3891 ..ο
691 3809 1080 3891 Decantabunt.
1103 3809 1162 3863 In
1193 3808 1398 3891 Regula
1427 3808 1488 3890 S.
1524 3806 1806 3891 lfachomii
1841 3822 2041 3863 excusa
2071 3808 2150 3864 le-

561 3878 726 3950 gitur,
758 3879 1173 3944 meditabantur,
1203 3878 1345 3950 quod
1370 3878 1595 3949 perinde
1619 3887 1722 3933 est.

642 3948 661 4031 ξ
696 3947 799 4031 Sed
849 3950 1055 4031 signum
1091 3949 1312 4004 dabunt.
1340 3948 1400 4004 In
1428 3948 1619 4004 eadem
1659 3948 1867 4020 Regula
1923 3965 2146 4014 excusa,

561 4017 656 4073 sed
681 4020 887 4088 signum
908 4020 1051 4072 dent.

639 4088 664 4126 ⁸
693 4086 918 4162 quando
941 4090 1008 4141 ad
1029 4089 1349 4162 miscendam
1369 4089 1618 4159 farinam.
1644 4089 1702 4144 In
1727 4089 1932 4162 Regula
1964 4089 2023 4145 S.
2051 4089 2153 4144 Pa-

520 4195 527 4198 ~
563 4155 764 4230 chomii
794 4171 996 4214 excusa
1031 4159 1118 4230 hic
1155 4155 1420 4230 articulus
1467 4175 1574 4214 non
1631 4155 1918 4229 separatur
1944 4176 1974 4214 a
2015 4177 2152 4230 pra:-

565 4227 832 4295 cedente;
871 4237 926 4284 et
949 4237 1081 4300 puto
1105 4229 1161 4284 in
1187 4229 1344 4284 titulo
1364 4230 1552 4286 deesse
1577 4227 1782 4297 notam,
1803 4248 1852 4296 (ι,
1881 4239 1941 4285 ιιι
1959 4227 2152 4287 secun-

2255 3388 2540 3456 materiam
2563 3395 2828 3456 spectent.

2326 3459 2353 3497 ιι
2379 3455 2548 3512 Nemo
2575 3455 2838 3512 residebit.
2869 3455 3041 3511 Verba
3063 3457 3179 3512 limo
3194 3472 3300 3511 non
3321 3462 3543 3511 exstant
3569 3455 3636 3528 in_
3651 3455 3862 3528 Regula

2254 3527 2314 3582 S.
2341 3528 2619 3584 Pachumii
2642 3529 2810 3593 edila,
2843 3545 2966 3598 qua:
2995 3543 3124 3582 sane
3144 3528 3399 3598 videntur
3431 3525 3744 3596 superﬂua.

2331 3600 2347 3638 ί
2377 3599 2437 3652 In
2470 3598 2673 3668 Regula
2698 3615 2802 3654 ms.
2825 3597 2946 3654 cod.
2976 3598 3144 3663 Flor.,
3175 3614 3224 3652 c.
3249 3597 3339 3651 33.

2329 3667 2341 3718 i
2388 3668 2478 3723 Vel
2511 3667 2733 3723 inomni
2774 3669 3111 3723 monasterio.
3153 3667 3467 3740 Legendum
3500 3676 3664 3736 puto,
3701 3668 3784 3721 rel
3810 3671 3862 3722 il

2254 3741 2396 3792 omni
2427 3741 2734 3794 ministerio.

2253 3827 2256 3830 ’
2330 3810 2352 3848 ιί
2379 3808 2723 3881 Corporalent
2749 3810 2981 3881 laborem
3026 3826 3194 3881 suum
3229 3818 3412 3881 mutuo
3445 3809 3779 3863 relecabunt.
3805 3809 3862 3864 Id

2257 3889 2361 3944 est,
2397 3882 2450 3934 in
2481 3879 2747 3950 corporali
2776 3880 2963 3934 labore
3002 3896 3100 3935 suo
3135 3879 3236 3934 sibi
3267 3879 3501 3933 invicem
3529 3881 3857 3934 succedent.

2333 3951 2350 3989 ι
2378 3951 2575 4006 Causa.
2609 3952 2663 4004 Id
2693 3962 2799 4014 est,
2835 3966 3019 4020 opere.

2329 4033 2370 4062 ω
2393 4020 2588 4075 Nullus
2613 4021 2677 4075 de
2702 4018 2887 4076 horto.‘
2927 4021 3118 4076 Exstat
3146 4021 3198 4074 in
3238 4019 3440 4091 Regula
3472 4021 3625 4075 edita
3658 4018 3718 4074 S.
3756 4019 3861 4091 Pa-

2259 4092 2480 4156 chumii,
2511 4100 2616 4146 art.
2646 4092 2736 4156 38,
2769 4101 2823 4146 et
2850 4091 3088 4146 refertur
3116 4107 3278 4161 supra
3310 4090 3411 4144 lioc
3435 4091 3623 4161 capite
3652 4106 3719 4145 ex
3759 4090 3861 4145 lte-

2259 4164 2382 4232 gula
2406 4163 2690 4218 Orientali.
2715 4164 2926 4216 (litatur
2953 4173 3134 4218 autem
3163 4178 3191 4215 a
3217 4171 3402 4216 nostro
3430 4172 3695 4224 auctore,
3727 4162 3857 4232 quia

2260 4233 2317 4289 S.
2357 4232 2684 4288 Benedictus
2709 4233 2812 4287 hoc
2841 4233 3019 4302 capite
3049 4233 3192 4288 horti
3229 4233 3562 4287 mentionem
3598 4234 3754 4286 facit.

567 4371 3850 4399 Μ

1856 4483 2193 4563 CAPUT
2271 4483 2590 4563 LXXII.

1602 4635 1692 4690 DE
1730 4634 2128 4691 FRATRIBUS
2165 4635 2234 4692 IN
2272 4635 2389 4693 VIA
2428 4633 2764 4690 DIRECTIS.

2021 4755 2416 4769 ..ξ-

812 4811 906 4888 ςι.
929 4810 1094 4867 -Ει
1133 4812 1350 4868 Rasum
1379 4827 1569 4868 SANC'I'I
1597 4813 1912 4868 Baxamcri.

641 4902 917 4977 Dirigendi
958 4900 1156 4958 fratres
1181 4913 1207 4942 ι
1240 4902 1295 4956 in
1343 4901 1428 4956 via
1451 4901 1481 4942 δ
1510 4903 1751 4958 omnium
1789 4901 2020 4958 fratrum
2065 4917 2152 4958 ve.

577 5060 585 5066 ·
645 5055 672 5084 ι
704 5041 771 5097 In
797 5042 899 5097 ria.
927 5040 986 5097 S.
1009 5039 1339 5110 Dunstanus,
1362 5036 1692 5110 Smaragdus
1713 5047 1768 5094 et
1785 5054 1918 5095 mss.
1944 5038 2150 5094 S.Ebr.

570 5123 630 5170 et
652 5111 793 5182 Vict.
825 5128 902 5181 p.,
931 5111 1115 5182 legunt
1141 5131 1154 5166 :
1178 5109 1235 5165 in
1260 5111 1417 5166 riam.

643 5183 674 5246 Ρ
715 5181 961 5237 Omnium
989 5181 1210 5251 tratrum
1253 5182 1331 5236 vel
1376 5181 1580 5235 abbatis
1631 5197 1687 5236 se
1731 5183 1960 5236 orationi
2011 5198 2155 5235 com-

573 5253 833 5307 mendent.
884 5253 1152 5308 Particula
1179 5252 1255 5306 vel
1281 5253 1514 5307 sumitur
1539 5251 1643 5308 hoc
1673 5251 1791 5307 loco
1819 5253 2143 5322 copulative.

493 5375 503 5379 _
575 5322 795 5378 Fratres
824 5332 1003 5378 autem
1041 5323 1095 5377 in
1137 5323 1223 5377 via
1252 5324 1541 5394 dirigendi,
1574 5338 1633 5378 se
1661 5323 1789 5376 olim
1821 5335 1946 5376 ante
1975 5323 2150 5377 altare

571 5393 1008 5465 prosternebant,
1035 5402 1092 5447 ut
1130 5394 1287 5465 docet
1329 5393 1684 5465 Sinaragdus,
1717 5394 1806 5465 qui
1853 5402 1908 5448 et
1957 5408 2149 5465 preces

575 5463 832 5520 dicendas
859 5463 1100 5533 profert:
1133 5484 1151 5515 ‹
1186 5463 1281 5518 His
1313 5480 1441 5518 vero
1485 5463 1742 5520 fratribus
1766 5464 1816 5516 in
1843 5465 1984 5517 viam
2017 5463 2148 5517 diri-

574 5535 763 5617 gendis
789 5543 844 5589 et
871 5545 996 5591 ante
1026 5535 1198 5617 altare
1212 5536 1619 5617 _prostratis,_et
1648 5536 1716 5617 ab
1747 5535 1997 5587 omnibus
2023 5549 2150 5615 ora-

576 5605 776 5660 tionem
811 5607 1157 5674 poscentibus
1192 5605 1337 5660 dicat
1365 5608 1616 5662 sacerdos
1657 5606 1756 5659 hos
1792 5619 1998 5668 versus,
2032 5605 2147 5670 ipso

577 5675 868 5746 incipiente
890 5683 945 5731 et
971 5677 1093 5732 aliis
1134 5676 1601 5746 respondentibus.
1634 5674 1830 5746 Salvos
1862 5675 1947 5744 {ac
1973 5690 2145 5728 servos

579 5745 896 5800 tuos:Deus
942 5764 1116 5818 meus,
1161 5745 1427 5818 sperantes
1473 5749 1530 5801 in
1571 5756 1639 5802 te.
1694 5745 1895 5818 Perﬁce
1936 5760 2146 5818 gressus

580 5827 720 5872 *σοι
743 5818 802 5870 in
823 5816 1019 5870 semitis
1050 5815 1197 5884 tuis,’
1215 5827 1272 5871 ut
1299 5831 1402 5870 non
1441 5827 1746 5872 moveantur
1768 5815 1980 5886 uestigia
2008 5830 2144 5871 mea.

2175 4816 2230 4875 D
2255 4813 2467 4869 abbatis
2496 4826 2554 4866 se
2581 4810 2813 4866 orationi
2849 4809 3248 4873 commendent,
3280 4819 3337 4863 et
3379 4825 3600 4880 semper
3632 4814 3704 4870 ad
3727 4831 3854 4870 ora-

2252 4908 2457 4962 tionem
2481 4904 2728 4960 ultimam
2751 4903 2932 4972 operis
2957 4901 3052 4957 Dei
3079 4911 3101 4941 ο
3125 4903 3572 4958 commemoratio
3596 4908 3850 4963 omnium

2256 5038 2492 5092 Lucerna
2530 5034 2743 5105 pedibus
2779 5034 2906 5105 meis
2935 5041 3145 5105 uerbum
3175 5043 3348 5105 tuum,
3385 5033 3628 5092 Domine.
3667 5046 3716 5090 et
3752 5037 3842 5090 lue

2255 5125 2373 5162 men
2401 5102 2598 5161 semitis
2625 5107 2773 5159 meis.
2802 5103 3012 5174 Angelis
3042 5104 3151 5156 suis
3184 5102 3324 5157 Deus
3353 5105 3631 5159 mandarit
3675 5106 3742 5159 de
3774 5119 3847 5170 te,

2255 5189 2311 5232 ut
2339 5177 2638 5231 custodiant
2681 5185 2730 5228 te
2755 5175 2809 5227 in
2853 5174 3092 5228 omnibus
3126 5175 3221 5228 riis
3248 5175 3370 5228 tuis.
3407 5175 3560 5229 Tunc
3586 5175 3848 5231 sacerdos

2255 5247 2520 5303 orationis
2545 5247 2692 5300 dicat
2721 5244 3000 5299 collectam
3026 5263 3038 5297 :
3073 5244 3300 5310 Angelus
3323 5244 3538 5299 Domini
3569 5246 3742 5300 bonus
3766 5263 3847 5300 co-

2252 5321 2466 5373 mitetur
2488 5317 2767 5371 vobiscum.
2795 5325 2868 5378 ut,
2885 5325 3094 5386 peracto
3117 5314 3424 5386 obedientite
3446 5333 3631 5376 cursu,
3658 5317 3730 5369 ad
3751 5334 3845 5371 nos

2250 5390 2440 5444 iterum
2492 5386 2826 5441 revertamini
2887 5384 3004 5438 cum
3056 5386 3270 5455 gaudio.
3333 5384 3439 5438 Per
3488 5387 3787 5440 Christum.
3817 5408 3836 5439 ι

2252 5460 2308 5513 S.
2336 5458 2659 5513 Benedictus
2706 5456 2944 5526 loquitur
2971 5457 3022 5510 in
3061 5455 3277 5526 plurali,
3314 5456 3579 5525 dirigendi
3617 5457 3837 5524 fratres,

2249 5531 2374 5598 quia
2419 5543 2690 5596 nunquam
2717 5529 2864 5582 solus
2890 5527 3208 5587 monachus,
3241 5527 3470 5598 sed‘duo
3513 5526 3596 5579 vel
3637 5536 3754 5580 tres
3784 5528 3837 5581 in

2247 5595 2336 5654 via
2360 5595 2621 5668 dirigendi
2651 5610 2774 5652 sunt
2799 5599 2869 5652 ob
2895 5608 3136 5652 mutuam
3168 5595 3471 5652 custodiam
3496 5598 3667 5652 animi
3696 5613 3838 5667 prae-

2248 5671 2454 5731 sertim,
2486 5677 2544 5722 ut
2577 5684 2737 5738 supra
2767 5678 3012 5723 notatum
3041 5677 3143 5723 est.

2264 5807 2270 5812 μ
2326 5753 2348 5781 ε
2381 5739 2817 5812 Cpmmemoratio
2847 5739 3076 5812 omnium
3108 5739 3400 5812 absentium
3425 5739 3540 5808 ﬁat.
3566 5739 3625 5795 In
3649 5757 3756 5812 ms.
3781 5757 3835 5812 p.

2253 5811 2393 5869 Vict.
2423 5810 2540 5866 hac
2564 5820 2893 5882 sequuntur.
2926 5829 2946 5864 ι
2980 5809 3052 5866 Et
3076 5810 3156 5864 sic
3174 5821 3354 5865 oretur
3376 5826 3476 5880 pro
3493 5812 3572 5866 eis
3593 5827 3615 5867 :
3639 5809 3838 5868 Salvos
