4062 6332
242 429 383 488 1553

1171 422 1566 485 CONCORDIA
1605 419 2067 482 REGULABUM.
2106 450 2179 465 —
2214 423 2369 481 CAP.
2405 419 2619 481 LXXII.

3370 396 3508 478 i354

240 538 425 595 tAliis
458 552 588 595 vero
607 535 800 595 diebus
826 542 984 595 extra
1012 547 1228 611 quarta,
1286 550 1440 597 sexta
1475 548 1534 597 et
1558 540 1814 605 sabbato,
1843 541 1897 602 A
1921 538 2104 606 dierit,
2155 539 2456 610 prandeat;
2511 533 2906 607 aliquantulum
2964 541 3149 592 tamen
3181 539 3326 611 legat
3361 538 3381 579 ι
3413 550 3513 598 aut

239 632 295 689 in
334 632 523 689 diebus
546 630 867 697 minoribus,
898 640 1050 689 sexta
1074 633 1209 689 hora
1231 635 1300 689 ad
1326 632 1701 701 refectionem,
1757 634 1816 689 in

239 725 326 783 via
366 726 397 768 ιι
423 734 718 799 repausent
755 736 810 783 et
840 741 959 783 sera
1002 735 1225 784 coenant
1260 737 1484 799 propter
1525 729 1628 785 vite
1662 726 1816 783 labo-

237 834 375 876 rem.
415 818 463 875 A
506 818 715 876 Pascha
750 834 882 876 vero
922 834 1094 892 usque
1145 818 1529 887 Pentecosten,
1573 819 1816 890 exceptis

236 913 422 971 missis
462 914 517 970 in
562 913 852 987 longinqua
880 912 991 979 via,
1042 913 1098 969 in
1144 912 1476 969 monasterio
1510 912 1595 968 vel
1639 911 1816 967 ubivis

237 1013 394 1060 sexta
424 1019 641 1077 semper
663 1004 797 1061 hora
846 1002 1114 1070 reﬁciant,
1160 1012 1217 1059 et
1239 1018 1426 1061 ctenas
1452 1018 1579 1060 suas
1605 1010 1815 1059 mutent

235 1096 287 1151 in
305 1097 565 1169 prandiis,
589 1097 802 1153 dicente
822 1104 1009 1152 sancta
1036 1095 1315 1167 Scriptura
1342 1111 1357 1150 :
1385 1107 1409 1135 α
1436 1094 1560 1155 Non
1586 1092 1705 1147 licet
1727 1107 1815 1146 vo-

234 1186 312 1242 bis
324 1188 575 1260 jejunare
597 1204 715 1244 cum
733 1204 955 1259 sponsus
969 1187 1230 1242 vobiscum
1250 1195 1344 1252 est,
1369 1193 1425 1241 et
1440 1199 1545 1239 non
1571 1189 1810 1247 ctenent,

231 1281 338 1350 nisi
367 1283 552 1353 quinta
585 1280 719 1338 feria
748 1290 804 1336 et
836 1279 1133 1336 Dominica.
1182 1277 1317 1332 Nam
1347 1278 1470 1334 ideo
1505 1275 1652 1331 omni
1678 1281 1814 1331 tem-

230 1388 362 1444 pore
388 1373 415 1414 ιι
446 1375 632 1444 quinta
657 1371 790 1428 feria
808 1387 913 1427 non
944 1371 1069 1427 licet
1085 1367 1360 1440 jejunare,
1381 1368 1511 1440 quia
1541 1378 1565 1407 ο
1584 1380 1811 1422 ascensa

231 1462 446 1519 Domini
481 1464 597 1536 ipso
624 1463 710 1518 die
754 1462 901 1518 omni
936 1469 1178 1531 tempore
1223 1458 1482 1516 occurrit.
1532 1455 1813 1513 Dominica

229 1571 362 1612 vero
389 1555 477 1611 die
508 1570 613 1611 non
636 1554 762 1611 licet
780 1554 1052 1626 jejunare,
1106 1552 1233 1624 quia
1268 1550 1600 1607 resurrectio
1629 1547 1813 1604 Domi-

232 1649 286 1704 ni
317 1648 633 1720 imputatur,
683 1648 825 1720 quod
858 1648 912 1704 in
940 1646 1094 1703 libris
1129 1646 1245 1703 suis
1289 1645 1409 1702 fieri
1448 1645 1703 1718 prohibet
1746 1642 1807 1700 S.

231 1737 532 1811 Sylvester.
587 1736 721 1793 Nam
761 1737 881 1793 ideo
920 1752 953 1791 a
981 1735 1189 1792 Pascha
1230 1750 1401 1806 usque
1449 1734 1811 1791 Pentecosten

228 1842 337 1883 non
365 1828 494 1885 licet
520 1826 789 1900 jejunare,
842 1828 970 1899 quia
1009 1827 1293 1884 sabbatum
1333 1826 1558 1884 Pascha
1606 1826 1812 1883 claudit

1917 630 2230 696 meditetur,
2253 637 2314 684 ut
2340 627 2601 700 Regulam
2622 627 2741 699 ipso
2760 627 2850 682 die
2875 625 3126 683 videatur
3160 628 3407 700 implere.
3445 632 3508 690 Si

1915 736 2047 778 vero
2081 722 2139 777 in
2173 720 2319 777 viam
2354 719 2655 790 longiorem
2677 717 2948 788 dirigatur
2985 718 3292 776 codieulum
3334 724 3514 780 modi-

1916 828 2040 868 cum
2068 826 2196 869 cum
2217 810 2489 882 aliquibus
2519 810 2842 867 lectionibus
2871 809 2940 865 de
2966 812 3300 869 monasterio
3323 824 3511 871 secum

1915 913 2117 976 portet,
2157 914 2218 962 ut
2260 906 2455 976 quavis
2503 904 2638 961 hora
2685 904 2740 959 in
2770 903 2857 959 via
2887 915 2928 944 ω
2958 907 3351 976 repausaverit,
3403 908 3508 964 ali-

1915 997 2238 1069 quantulum
2271 1005 2452 1053 tamen
2488 996 2671 1069 legat:
2705 996 2780 1051 ita
2815 1005 2997 1051 tamen
3026 998 3072 1052 si
3100 996 3265 1053 fuerit
3293 1009 3322 1037 ιι
3360 1000 3511 1071 psal-

1919 1096 2142 1145 teratus.
2187 1087 2246 1145 Si
2288 1103 2419 1144 vero
2445 1104 2552 1144 non
2582 1088 2773 1157 fuerit,
2806 1095 2831 1123 °
2866 1087 3078 1145 tabulas
3104 1104 3136 1144 a
3179 1088 3388 1159 majore
3415 1107 3509 1149 su-

1914 1180 2220 1251 perpositas
2248 1179 2471 1251 psalmis
2499 1193 2684 1235 secum
2712 1185 2934 1249 portet,
2968 1187 3029 1235 ut
3061 1180 3127 1235 ad
3155 1180 3509 1238 refectionem

1915 1271 2152 1342 prandii,
2193 1278 2289 1325 aut
2318 1280 2347 1322 P
2374 1272 2443 1326 ad
2464 1270 2803 1326 mansionem
2829 1285 2954 1325 cum
3000 1270 3372 1342 applicaverit,
3406 1273 3509 1328 ali-

1915 1359 2256 1431 quantulum,
2310 1370 2340 1412 (ι
2391 1369 2654 1432 quantum
2703 1362 3043 1429 occurrerit,
3105 1370 3286 1419 tamen
3337 1365 3510 1420 medi-

1915 1460 2083 1518 tetur,
2114 1460 2176 1508 ut
2196 1447 2441 1522 quotidie
2468 1452 2688 1522 Regula;
2714 1453 2900 1509 reddat
2929 1453 3074 1524 quod
3114 1469 3273 1510 suum
3293 1464 3397 1511 est.
3429 1456 3507 1512 Ita

1914 1552 1972 1599 et
1996 1544 2166 1600 frater
2194 1544 2288 1614 qui
2336 1544 2514 1601 adhuc
2541 1544 2752 1600 litteras
2778 1545 2970 1612 discit,
3004 1546 3216 1603 tabulas
3248 1563 3509 1620 superpo-

1913 1637 2049 1694 sitas
2072 1654 2105 1693 a
2154 1637 2359 1709 majore
2384 1638 2453 1693 de
2500 1639 2835 1695 monasterio
2882 1655 3070 1697 secum
3100 1649 3315 1713 portet;
3370 1651 3430 1698 ut
3456 1643 3506 1698 si

1914 1747 2039 1788 cum
2063 1732 2315 1787 litterato
2336 1731 2508 1799 vadit,
2539 1731 2655 1803 ipse
2681 1747 2808 1787 cum
2853 1748 2912 1788 se
2935 1733 3005 1788 ad
3028 1731 3384 1790 refectionem
3413 1741 3508 1789 aut

1912 1823 2252 1880 mansionem
2289 1821 2677 1895 applicaverit,
2723 1838 2849 1879 cum
2876 1838 2943 1882 eo
2972 1833 3175 1893 tamen,
3222 1834 3316 1881 aut
3360 1825 3508 1882 solus

228 1918 463 1988 tristitia:
482 1917 688 1991 jejunia
714 1926 770 1974 et
795 1918 971 1990 aperit
999 1917 1198 1975 laetitia:
1234 1918 1470 1985 alleluia,
1500 1929 1559 1975 et
1602 1918 1802 1974 sabba-
1911 1915 2328 1988 aliquantulum,
2361 1925 2625 1987 quantum
2643 1919 2966 1985 occurrerit,
2993 1920 3306 1986 meditetur,
3331 1929 3394 1976 ut
3416 1937 3509 1977 su-

227 2019 341 2066 tum
378 2009 730 2068 Pentecostes
773 2011 975 2067 claudit
1017 2011 1228 2067 alleluia
1262 2019 1318 2069 et
1350 2011 1529 2083 aperit
1570 2009 1800 2081 jejunia.

227 2098 335 2158 Sed
367 2100 387 2142 ί
416 2101 663 2159 ecclesiis
700 2101 975 2158 clauditur
1022 2102 1259 2159 alleluia.
1291 2101 1429 2158 Nam
1454 2104 1803 2171 monasterio,

226 2191 384 2259 quasi
427 2190 482 2247 in
526 2192 784 2263 peculiari
831 2193 1054 2249 servitio
1090 2193 1187 2251 Dei
1239 2193 1457 2252 alleluia
1504 2212 1678 2267 usque
1728 2196 1799 2252 ad

225 2281 583 2355 Epiphaniam
639 2300 737 2355 per
768 2285 794 2324 ε
828 2284 1046 2339 modum
1078 2285 1410 2356 psalmorum
1453 2286 1809 2343 constitutum

227 2370 258 2414 δ
291 2381 479 2446 aperta
509 2390 542 2430 a
563 2375 735 2432 servis
762 2375 860 2431 Dei
883 2375 1129 2447 psallitur
1158 2376 1408 2434 Domino.

601 2465 631 2539 5
658 2464 846 2522 XXIV.
874 2497 947 2510 -
976 2466 1113 2522 Item
1149 2467 1288 2540 (cap.
1321 2469 1436 2542 57).

300 2558 318 2600 ι
349 2553 546 2614 Frater
572 2557 665 2628 qui
695 2554 709 2608 ἱ
746 2573 847 2630 pro
872 2559 1083 2615 actibus
1126 2559 1443 2615 monasterii
1488 2574 1648 2616 mane
1676 2561 1810 2617 mis-

223 2665 316 2707 sus
360 2648 545 2719 fuerit,
596 2658 654 2708 et
697 2652 789 2722 qui
841 2660 1065 2725 propter
1106 2653 1516 2723 occupationem
1560 2654 1662 2709 viae
1707 2653 1737 2694 ιι
1776 2669 1808 2710 a

222 2744 398 2815 prima
441 2759 613 2815 usque
646 2743 714 2799 ad
745 2744 959 2801 tertiam
999 2745 1053 2799 in
1085 2744 1284 2810 hieme,
1332 2744 1448 2801 sive
1487 2761 1519 2800 a
1548 2760 1689 2801 nona
1717 2761 1809 2801 uso

224 2850 331 2906 que
365 2836 433 2891 ad
468 2850 749 2907 vesperam
780 2835 836 2890 in
874 2842 1082 2901 testate,
1129 2833 1355 2906 legerit;
1408 2834 1454 2890 si
1493 2835 1595 2891 sub
1619 2834 1810 2890 eodem

224 2926 313 2983 die
339 2927 730 2984 monasterium
778 2940 1031 2984 reversus
1069 2926 1272 2994 fuerit,
1319 2925 1510 2998 quavis
1537 2927 1672 2982 hora
1717 2940 1807 2981 re-

299 3082 486 3154 !Aliia
512 3100 631 3140 vero
675 3083 857 3140 diebus
883 3093 1032 3139 extra
1053 3092 1267 3154 quarta,
1298 3090 1445 3138 secta
1473 3091 1522 3139 et
1566 3082 1805 3154 sabbato.
1835 3088 1842 3096 '

223 3152 303 3209 ita
320 3153 381 3280 [in
408 3153 611 3280 Regula
634 3171 738 3212 ms.
761 3163 817 3212 et
840 3156 928 3211 isti
960 3152 1181 3211 ablativi
1203 3161 1491 3211 sumuntur
1518 3153 1687 3211 veluti
1713 3154 1808 3211 ad-

223 3240 318 3280 ver
357 3241 405 3280 ia
433 3243 445 3279 l
508 3240 553 3280 r.

222 3234 553 3281 verbialiter.

294 3295 322 3337 ιι
348 3293 663 3368 Repausent.
713 3294 770 3353 Id
817 3304 923 3363 est,
967 3296 1233 3355 reficiant.
1287 3295 1533 3354 Sumitur
1573 3296 1752 3354 active
1778 3312 1812 3352 a

224 3364 484 3423 Cassiano
509 3366 634 3423 coll.
662 3383 817 3434 xvm,
846 3384 896 3424 c.
926 3367 1015 3424 M.

297 3448 320 3477 ο
353 3435 622 3509 Nonlicet
665 3438 1092 3509 vobisjejunare,
1137 3454 1263 3509 cunt
1301 3455 1523 3509 sponsus
1548 3438 1812 3492 vobiscum

223 3515 321 3563 est.
353 3504 544 3560 Matth.
576 3522 653 3571 ix,
682 3504 850 3563 Marc.
872 3504 956 3571 'n,
985 3507 1117 3563 Luc.
1152 3523 1206 3564 v.
1234 3504 1450 3563 Profert
1471 3515 1651 3563 autem
1681 3522 1809 3563 sen—

224 3593 345 3634 sum
374 3575 671 3646 Scriptura:
693 3576 781 3648 bic
815 3576 1089 3648 Magister,
1120 3593 1230 3633 non
1257 3578 1441 3648 verba.
1465 3578 1607 3634 Dicit
1629 3577 1814 3632 autem

226 3662 483 3730 sponsu'in
529 3662 657 3730 esse.
692 3646 979 3730 nobiscum
1023 3648 1194 3730 iubis
1241 3647 1431 3730 diebus
1473 3648 1813 3730 quinquage-

225 3715 726 3791 simzeuPaschalis,
771 3720 895 3788 quia
920 3718 1170 3774 Christus
1204 3727 1329 3791 post
1356 3715 1814 3791 resurrectionem

226 3788 335 3845 illis
362 3788 550 3844 diebus
571 3798 921 3845 conversatus
943 3797 1026 3845 est
1054 3805 1176 3845 cum
1203 3788 1464 3859 apostolis
1487 3831 1503 3856 ,
1548 3790 1677 3846 licet
1703 3805 1815 3844 non

226 3859 453 3941 integris
485 3860 557 3943 ob
597 3861 986 3943 ascensionem,
1020 3875 1141 3943 qua:
1185 3859 1326 3915 facta
1355 3871 1438 3917 est
1464 3861 1817 3943 diequadra-

227 3928 455 4003 gesimo.
507 3928 614 3987 Sed
640 3932 730 3987 hic
758 3931 992 3987 sumitur
1017 3928 1192 4002 major
1215 3946 1345 4002 pars
1368 3946 1466 4002 pro
1499 3928 1632 3987 toto.

230 4000 325 4073 __d_
357 3998 521 4073 Feria
561 4002 741 4073 quinta
785 4018 889 4056 non
915 4001 1032 4056 licet
1050 4002 1320 4072 jejunare.
1368 4004 1447 4058 Ex
1472 4002 1815 4059 institutione

228 4070 543 4144 Melchiadis
572 4070 755 4144 papae,
798 4081 869 4144 ut
908 4070 1069 4144 supra
1098 4070 1346 4144 notatum
1375 4081 1477 4129 est.
1534 4074 1627 4130 Sic
1655 4074 1815 4129 beata

227 4142 500 4215 Geuovefa
531 4141 642 4198 tota
658 4141 1005 4215 hebdomade
1033 4141 1339 4215 jejunabat,
1364 4145 1608 4215 exceptis
1628 4144 1818 4201 Domi-

173 4236 177 4239 ι
228 4214 351 4270 nica
392 4222 450 4268 et
475 4212 608 4269 feria
633 4214 840 4283 quinta,
871 4222 931 4268 ut
955 4213 1010 4267 in
1034 4212 1187 4268 Actis
1209 4214 1326 4283 ejus
1360 4212 1610 4270 habetur.

302 4294 326 4325 θ
350 4285 578 4339 Ascensa
606 4283 839 4339 Domini.
878 4283 958 4339 ita
990 4283 1046 4339 in
1071 4283 1193 4339 cod.
1230 4283 1387 4341 Vind.
1441 4287 1684 4342 Ascensa
1729 4294 1817 4343 est

229 4355 520 4428 ascensio,
576 4365 638 4428 ut
672 4356 726 4428 i_n
785 4353 1233 4428 Sacramentario
1281 4354 1349 4428 S.
1398 4354 1685 4428 Gregorii,
1744 4356 1813 4411 In

229 4426 458 4482 Ascensa
483 4425 716 4498 Domini,
743 4432 797 4481 et
820 4424 982 4498 paulo
1023 4425 1481 4498 post,iDom_inica
1499 4424 1670 4497 prima
1697 4435 1815 4498 post

228 4498 510 4551 Ascensam
560 4496 787 4551 Domini.
822 4495 912 4551 ita
961 4495 1124 4551 etiam
1175 4497 1228 4551 in
1275 4495 1519 4552 Aimonis
1565 4495 1816 4553 sermone

228 4582 333 4623 ms.
363 4565 493 4620 hibl.
535 4565 594 4620 S.
626 4566 809 4621 Germ.
842 4582 873 4621 a
927 4567 1108 4623 Pratis
1140 4583 1157 4627 :
1205 4566 1275 4622 In
1312 4567 1541 4622 Accensa
1578 4566 1812 4633 Domini,

1912 2023 2012 2080 pra
2042 2009 2302 2077 diximus,
2347 2018 2444 2065 aut
2468 2009 2537 2066 ad
2562 2010 2850 2081 prandium
2896 2019 2993 2066 aut
3022 2011 3360 2068 mansionem
3409 2012 3510 2070 ali-

1910 2102 2232 2172 quantulum
2267 2112 2450 2160 tamen
2495 2104 2812 2171 meditetur,
2863 2113 2925 2160 ut
2968 2104 3219 2162 videatur
3262 2108 3508 2179 quotidie

1910 2204 2228 2250 consuetam
2253 2194 2495 2267 regulam
2525 2194 2842 2267 adimplere.
2896 2196 3031 2252 Item
3057 2195 3231 2253 frater
3269 2198 3364 2268 qui
3403 2213 3506 2270 pro

1911 2285 2124 2342 actibus
2158 2287 2473 2343 monasterii
2513 2295 2610 2343 aut
2656 2286 2893 2343 noluerit
2939 2288 3055 2354 ire,
3094 2296 3189 2345 aut
3214 2297 3364 2345 certe
3390 2305 3509 2345 am-

1909 2372 2105 2431 bulans
2131 2377 2576 2445 murmuraverit,
2604 2376 2693 2433 vel
2721 2393 2847 2434 cum
2868 2378 3048 2450 aliqua
3072 2378 3329 2436 tarditate
3356 2381 3509 2438 exire

1909 2468 2166 2535 voluerit,
2212 2471 2257 2525 si
2292 2469 2563 2541 placuerit
2613 2470 2817 2537 abbati,
2854 2470 2970 2543 jam
2997 2487 3106 2526 non
3156 2473 3424 2541 mittatur,
3453 2484 3512 2531 et

1910 2559 2096 2613 statim
2125 2560 2704 2616 exeommunicationis
2724 2576 2940 2633 poenam
2969 2563 3250 2633 suscipiat,
3290 2573 3347 2621 et
3371 2566 3513 2622 sciat

1912 2666 1972 2707 se
2014 2652 2268 2723 adeptum
2322 2653 2632 2724 superbiam
2678 2655 3028 2725 praeceptioni
3074 2672 3377 2729 repugnare
3427 2660 3514 2716 di-

1910 2741 2090 2809 vinae;
2134 2743 2257 2799 ideo
2283 2744 2500 2810 divinae,
2555 2745 2686 2815 quia
2716 2746 2848 2801 dicit
2887 2746 3149 2804 Dominus
3193 2749 3507 2808 doctoribus

1911 2833 2113 2890 nostris
2139 2853 2152 2888 :
2190 2844 2211 2872 ι’
2240 2833 2347 2901 Qui
2370 2851 2456 2891 vos
2476 2837 2694 2907 spernit,
2724 2854 2806 2892 me
2830 2840 3028 2907 spernit
3044 2839 3196 2913 (Luc.
3216 2841 3294 2916 κ).
3320 2844 3509 2915 Appli-

1912 2935 2102 2983 cantes
2128 2942 2260 2983 vero
2307 2927 2363 2983 in
2402 2927 2491 2984 via
2523 2928 2594 2984 ad
2627 2929 2965 2987 mansionem
3011 2930 3212 2991 fratres
3264 2935 3358 2992 tali
3388 2938 3510 2995 loco

1990 3082 2011 3122 ί
2046 3081 2151 3139 Sed
2192 3080 2443 3149 ecclesiis,
2496 3090 2602 3138 etc.
2643 3082 2976 3141 Clericorum
3024 3093 3079 3142 et
3120 3089 3508 3146 canonicorum

1912 3154 2185 3210 videlicet.
2236 3154 2373 3209 Nam
2402 3153 2646 3210 ecclesia
2671 3164 2797 3211 sunt
2835 3155 3158 3214 clericorum
3188 3168 3244 3216 et
3279 3162 3508 3219 canoni-

1915 3241 2104 3282 corum
2127 3224 2365 3296 proprie,
2397 3225 2635 3280 oratoria
2665 3228 3076 3283 monachorum.

1990 3298 2015 3337 ε
2046 3294 2374 3370 Meuania
2401 3303 2506 3360 est,
2536 3310 2840 3370 numerum.
2868 3298 2946 3352 lta
2973 3299 3028 3370 in
3065 3300 3255 3356 eadem
3280 3301 3506 3370 Regula,

1915 3382 2037 3436 cap.
2066 3365 2159 3430 35,
2213 3366 2268 3419 in
2298 3364 2554 3439 lemmate
2575 3365 2652 3439 _de
2696 3367 2852 3439 modo
2898 3368 3245 3439 psalmorum,
3302 3364 3392 3428 υεῙ
3410 3364 3509 3429 nu;

1913 3435 2082 3516 inero,
2108 3444 2165 3516 et
2185 3435 2459 3516 postea__in
2477 3437 2676 3516 eodem
2703 3437 2882 3516 capite
2899 3435 3041 3516 ’ψεοῑ
3060 3435 3266 3516 psalmi
3274 3442 3510 3516 singulis

1913 3506 2068 3561 horis
2095 3504 2417 3561 decantandi
2445 3506 2571 3570 sint,
2607 3504 3017 3563 instituituriln
3049 3504 3180 3567 Cod.
3225 3504 3430 3569 Theod.
3465 3515 3506 3571 Ι.

1916 3592 2080 3648 supra
2117 3577 2322 3648 citata:
2372 3596 2391 3628 ι
2422 3576 2567 3644 Quos
2613 3577 2779 3632 etiam
2828 3578 2962 3637 ﬁsco
3006 3590 3157 3637 certo
3203 3584 3502 3642 solidorum

1914 3647 2075 3703 modo
2102 3647 2369 3703 obnoxios
2408 3648 2658 3703 facimus.
2697 3669 2716 3701 ›

1985 3720 2023 3792 h_
2047 3721 2263 3792 Aperta.
2286 3718 2364 3792 ita
2402 3719 2467 3792 in
2504 3718 2711 3792 Regula
2754 3735 2857 3775 ms.
2888 3719 3134 3792 Magistri
3179 3725 3299 3781 cod.
3338 3726 3502 3785 Corb.

1914 3788 2183 3863 Refertur
2200 3790 2267 3863 ad
2289 3788 2513 3863 allelaia
2544 3788 2709 3862 (quod
2744 3788 3069 3863 vocabulum
3110 3794 3367 3863 Magister
3402 3800 3505 3857 hoc

1914 3860 2036 3916 loco
2058 3859 2378 3932 [cmininum
2409 3859 2564 3932 facit)
2585 3859 2649 3915 ’et
2671 3861 2961 3932 apponitur
2987 3864 3153 3921 verbo
3191 3859 3479 3925 clauditur.

1993 3933 2009 3971 ί
2046 3928 2243 4009 Frater
2257 3931 2377 4009 gui.
2408 3928 2652 4009 Habetur
2674 3928 2961 4009 in'liegala
3001 3950 3105 3992 ms.
3129 3936 3370 4009 ejusdem
3393 3942 3506 3999 Ma-

1914 4001 2071 4074 gistri
2098 4001 2218 4056 cod.
2250 4001 2439 4074 Corb.,
2456 4003 2651 4074 eodem
2680 4018 2801 4074 cap.
2829 4001 2919 4060 57.

1988 4071 2003 4148 i
2044 4070 2154 4148 Pro
2185 4072 2412 4148 actibus.
2452 4071 2512 4128 Id
2541 4081 2656 4148 est,
2687 4070 2787 4148 pro
2816 4076 3070 4148 negotiis.

1987 4144 2015 4224 ξ
2040 4143 2085 4196 Α
2112 4145 2474 4224 ηνὶηζαῃωμ
2502 4143 2572 4224 ad_
2613 4143 2914 4224 ter—(iungit;
2946 4148 3133 4224 hicine.
3184 4150 3322 4224 Quia
3347 4153 3504 4224 juxta

1914 4213 2075 4295 hujus
2109 4213 2354 4295 Magistri
2388 4213 2662 4295 Regulam
2714 4216 2769 4270 in
2800 4217 2980 4273 hieme
3023 4213 3231 4295 fratres
3258 4213 3446 4295 legunt
3470 4243 3502 4281 a

1954 4286 2092 4361 rima
2127 4286 2195 4340 ad
2219 4287 2455 4361 tertiam,
2494 4289 2550 4361 in
2584 4295 2773 4361 aestate
2796 4303 2827 4341 a
2844 4303 2993 4361 nona
3013 4290 3083 4345 ad
3111 4286 3416 4361 vesperam,
3443 4305 3505 4351 ut

1955 4358 2145 4428 nitetur
2166 4370 2293 4428 cap.
2310 4356 2380 4411 50
2400 4355 2641 4428 ejusdem
2690 4356 2928 4428 Regula).
3114 4393 3118 4397 -

1993 4424 2010 4464 ι
2039 4424 2142 4503 Αιαε
2158 4424 2454 4503 meditetur.
2473 4424 2849 4503 Meditarith
2870 4428 2992 4503 loco
3008 4436 3092 4503 est
3114 4431 3314 4503 legere,
3334 4434 3504 4491 idem-

1916 4511 2020 4565 que
2047 4496 2318 4574 signiﬁcat
2342 4505 2456 4574 toto
2482 4498 2586 4574 hoc
2624 4498 2819 4568 capite.
2874 4497 3008 4574 Nam
3036 4501 3125 4557 hic
3163 4496 3346 4574 agitur
3374 4516 3498 4561 tan-

1919 4575 2031 4621 tum
2058 4565 2126 4643 de
2155 4567 2385 4643 lectione
2411 4568 2526 4624 sive
2571 4569 2639 4643 in_
2664 4565 2850 4643 mensa
2886 4569 3001 4643 sive
3030 4582 3183 4627 extra
3199 4565 3500 4643 Vmensam,

227 4647 344 4725 etc;
366 4634 457 4691 Sic
481 4636 637 4725 mialsa
664 4651 761 4703 pro
789 4637 1233 4725 minim-remissa
1260 4652 1358 4709 pro
1384 4638 1641 4725 remissio.
1667 4639 1813 4725 ler-
1837 4634 1892 4695 D
1916 4654 2025 4725 rion
2048 4637 2114 4693 de
2139 4640 2396 4725 .oratioa'e
2426 4638 2663 4725 mentali.
2703 4637 2831 4725 γυιι
2854 4640 2999 4725 enim
3040 4643 3129 4698 hic
3162 4643 3416 4725 Magister
3440 4634 3503 4703 ut

229 4707 508 4781 tulliaaus,
538 4706 629 4781 lib.
662 4722 716 4760 iV
746 4716 934 4761 contra
967 4706 1328 4781 Marcionem,
1339 4724 1457 4781 cap.
1490 4709 1556 4763 18
1581 4722 1634 4762 τι
1666 4710 1813 4765 Dixi-

228 4794 351 4850 mus
378 4778 444 4832 de
469 4777 695 4850 remissa
721 4786 1087 4850 peccatorum.
1124 4798 1142 4829 ι
1202 4778 1260 4832 S.
1290 4777 1613 4849 Cypi-ianus,
1651 4782 1809 4850 epist.

230 4849 330 4904 40:
353 4868 370 4898 ι
404 4849 505 4915 Qui
532 4848 985 4919 blasphemaverit
1007 4847 1267 4919 Spiritum
1291 4847 1562 4915 sanctum,
1590 4847 1699 4905 non
1724 4854 1815 4907 lia-

228 4920 322 4975 hct
350 4917 665 4975 remissam.
689 4944 706 4971 ι
744 4919 807 4973 Ει
834 4921 991 4988 epist.
1016 4917 1123 4975 59:
1154 4917 1504 4975 Gravissimis
1540 4920 1814 4978 delictori-

228 4992 332 5046 hus
382 4999 438 5045 et
493 4991 546 5044 in
602 4988 771 5044 Deum
814 4990 1038 5044 multum
1079 4998 1204 5044 ante
1259 4990 1628 5060 peccantibus,
1689 5007 1812 5047 cum

229 5071 415 5133 postea
438 5060 788 5133 crediderint,
821 5060 1049 5133 remissa
1078 5061 1643 5133 peccatorumﬂdatur.
1670 5081 1688 5115 υ
1722 5061 1814 5119 Sic

230 5129 450 5187 defensa
477 5141 562 5187 est
590 5130 853 5201 defensio,
905 5131 958 5185 id
999 5140 1102 5199 est,
1133 5132 1393 5187 vindicta.
1425 5129 1810 5201 Tertullianus,

231 5201 418 5273 libant
464 5210 653 5273 contra
686 5200 1053 5273 Marcionem:
1108 5220 1129 5253 ι
1170 5201 1242 5260 Ut
1269 5201 1397 5273 quia
1441 5202 1729 5259 durissimo
1759 5213 1813 5259 et

230 5270 432 5328 inﬁdeli
478 5273 531 5327 in
564 5272 730 5328 Demn
762 5272 955 5343 populo
997 5272 1211 5343 longum
1241 5270 1326 5343 vel
1373 5273 1536 5327 etiam
1576 5273 1811 5329 incredi-

229 5343 339 5398 bile
365 5343 636 5399 videretur
659 5358 691 5397 a
715 5342 1167 5414 Deo’exspecta’re
1191 5342 1468 5414 defensam
1494 5343 1810 5400 edicendam

232 5424 418 5485 postea
447 5429 543 5485 per
568 5416 886 5485 prophetam
912 5431 926 5468 :
950 5412 1095 5485 'Milii
1119 5413 1410 5483 defensam,
1440 5422 1489 5468 et
1517 5430 1612 5485 ego
1632 5414 1814 5484 defen-

230 5482 379 5547 dam,
436 5482 864 5541 dicit'Doim'nus.
898 5504 919 5539 ι
975 5482 1065 5540 Sic
1122 5482 1317 5539 resona
1368 5492 1453 5540 est
1496 5482 1807 5541 resonatio:

231 5553 687 5639 Glossmnveteres,
707 5554 937 5639 Referte,
957 5560 1099 5639 ἠχὼ,
1125 5556 1306 5639 idest,
1338 5556 1493 5639 echo.
1522 5554 1682 5639 Mina,
1714 5558 1814 5639 mii-

234 5625 405 5679 natio.
429 5622 633 5679 Glossa:
660 5622 1123 5682 Arabico-Laiinae
1151 5625 1310 5681 dieue
1333 5644 1346 5680 :
1367 5624 1809 5691 Mima,mimatio

234 5692 563 5769 bestiarum;
609 5693 726 5769 lege
772 5697 1204 5769 mina,mi_natio.
1261 5695 1416 5769 [inde
1440 5696 1807 5769 subjungitur,

234 5712 563 5761 vestrarum;
609 5712 726 5819 tege
772 5713 935 5761 mma,
964 5712 1204 5752 mmauo.
1264 5712 1416 5752 unde
1440 5712 1806 5769 subjungttur,

233 5765 614 5839 ῃιὶιζιιιηιρξιιικΔ
641 5765 847 5839 i___est,
887 5767 1235 5823 minabamus.
1282 5764 1489 5831 Proba,
1536 5769 1806 5839 probatio.

235 5836 365 5891 Cod.
432 5834 635 5892 Theod.
669 5834 762 5892 lib.
794 5854 871 5904 vn,
920 5840 1003 5895 tit.
1048 5840 1110 5895 51
1146 5860 1159 5894 :
1218 5856 1236 5889 ‹
1274 5848 1334 5893 ut
1368 5839 1435 5894 ab
1482 5834 1810 5898 sti-atoribus

237 5921 381 5967 unus
406 5914 617 5964 tantum
643 5907 847 5965 solidus
879 5913 1061 5981 probra
1091 5910 1309 5967 nomine
1334 5916 1629 5981 peteretur.
1665 5932 1685 5965 ι

563 5991 832 6064 Parion.
878 6000 1036 6065 CIII.

1913 4708 2114 4782 fratres
2139 4709 2192 4763 in
2221 4709 2311 4782 via
2336 4709 2526 4782 directi
2552 4708 2753 4780 legant,
2792 4710 3047 4782 etqferant
3094 4708 3371 4773 codicillos
3402 4734 3501 4782 seu

1916 4778 2146 4854 tabulas,
2179 4788 2239 4835 ut
2262 4779 2551 4854 videantur
2578 4778 2818 4854 quotidie
2843 4780 3102 4854 Regulam
3126 4785 3371 4854 implere.

1987 4863 2027 4890 ω
2039 4850 2433 4926 Ijepausaverit.
2451 4850 2514 4926 Ald
2529 4861 2638 4926 _es_t,
2668 4850 3017 4926 refectionem
3041 4850 3352 4926 sumpserit.

1988 4921 2394 4976 nPs’alteratus.
2441 4921 2543 4988 Qui
2590 4921 2910 4978 Psalterium
2962 4921 3180 4989 didicit,
3201 4926 3497 4985 litteratus.

1914 4992 2050 5047 Vide
2076 5008 2205 5063 qua:
2223 5008 2386 5063 supra
2412 4994 2477 5048 de
2505 4993 2605 5048 hoc
2635 4994 2897 5049 vocabulo
2926 5002 3110 5049 notata
3146 5008 3290 5052 sunt.

1988 5069 2013 5098 ο
2043 5062 2269 5117 Tabulas
2294 5062 2513 5132 psalmis
2539 5065 2933 5135 superpositas,
2950 5064 3021 5135 id,
3046 5076 3149 5133 est,
3186 5069 3496 5126 codicillum

1914 5133 1968 5188 in
1994 5148 2103 5203 quo
2124 5135 2466 5211 sintpsalmi,
2490 5143 2551 5211 ut
2576 5133 2857 5211 illiteratus
2884 5134 2992 5211 ille,
3016 5134 3079 5211 '_et
3103 5142 3337 5195 nondum
3359 5141 3499 5211 psal-

1914 5211 2146 5270 teratus,
2178 5204 2381 5275 aliquid
2410 5205 2699 5261 meditetur
2718 5203 2785 5258 de
2806 5205 3091 5262 Psalterio.

1986 5286 2012 5324 p
2040 5274 2121 5327 Ad
2168 5274 2508 5330 mansionem.
2562 5275 2617 5330 lJ
2648 5284 2762 5340 est,
2793 5276 3170 5334 diversorium.
3223 5280 3333 5336 Lex
3364 5282 3497 5335 Buro

1913 5346 2268 5416 gundionum,
2302 5347 2407 5418 tit,
2451 5346 2541 5409 58,
2570 5346 2598 5418 §
2631 5345 2703 5399 ὃς
2760 5363 2778 5396 ι
2820 5347 2895 5402 De
2927 5346 3117 5418 legatis
3152 5367 3281 5405 vero
3312 5362 3495 5406 extra‘

1911 5430 2134 5489 nearum
2166 5417 2408 5489 gentium
2447 5426 2506 5471 ut
2547 5417 2748 5471 dictum
2780 5426 2891 5489 est,
2940 5417 2997 5474 id
3033 5421 3281 5477 volumus
3309 5430 3493 5477 custo-

1911 5487 2037 5551 diri,
2088 5498 2149 5543 ut
2173 5487 2482 5558 ubicunque
2525 5502 2620 5558 eos
2647 5488 2856 5543 mansio
2908 5491 3217 5547 contulerit.
3263 5512 3282 5546 ι
3320 5492 3412 5548 Sic
3440 5503 3498 5548 et

1910 5559 2227 5632 mansiones
2253 5556 2516 5614 militares
2538 5556 2704 5632 Plin.,
2739 5558 2830 5613 iih.
2862 5575 2940 5624 vi,
2967 5575 3087 5632 cap.
3119 5563 3226 5618 23:
3258 5582 3279 5615 ι
3314 5563 3361 5617 Α
3387 5564 3494 5619 Co-

1907 5636 2002 5753 sta
2039 5630 2262 5712 camelis
2314 5632 2425 5685 itur
2471 5629 2821 5698 aquationum
2869 5629 3077 5688 ratione
3121 5634 3496 5691 mansionibus

1946 5710 2204 5753 lSDOSillS.
2246 5721 2264 5753 ι

1946 5702 2204 5771 ispositis.
2246 5721 2264 5755 ι

1978 5781 2007 5821 ει
2037 5771 2307 5847 Quantum
2342 5772 2649 5828 occurrerit.
2687 5774 2745 5830 Id
2771 5783 2873 5839 est,
2904 5782 3164 5847 quantum
3186 5773 3420 5831 licuerit.

1984 5852 2006 5879 τ
2040 5842 2143 5919 Q.._i
2171 5861 2258 5898 vos
2281 5846 2511 5919 spernit,
2524 5860 2606 5898 me
2631 5848 2848 5918 spernit.
2873 5842 2938 5903 in
2960 5861 3105 5918 resp.
3135 5863 3263 5914 ms.,
3289 5847 3381 5919 qui
3406 5859 3500 5902 vos

1909 5915 2162 5985 expernit,
2186 5931 2270 5971 me
2296 5915 2555 5990 expernit.
