4062 6332
236 461 378 520 1361

1127 459 1518 521 CONCORDIA
1553 460 2016 521 REGULARUM.
2058 492 2129 503 -—
2168 461 2320 521 CAP.
2363 460 2600 523 LXXIV.

3361 473 3504 533 1363

219 576 652 650 delinquentem,
709 575 1029 634 maledictus
1081 576 1186 632 erit
1231 577 1375 648 apud
1423 576 1594 633 Deum
1621 584 1679 634 et
1710 576 1811 632 ho-
1835 575 1892 639 Α
1914 572 2143 630 docebat
2172 574 2384 631 Domini
2410 574 2771 646 disciplinam,
2806 576 2931 635 lites
2968 592 3158 638 serens
3197 579 3342 642 inter
3380 584 3498 642 fra-

220 672 402 728 mines
431 712 448 737 ,
509 678 565 727 et
625 671 950 741 corripietur
1011 671 1407 741 increpatione
1445 669 1806 727 severissima.

221 776 252 805 ει
282 763 436 832 Quod
461 764 509 820 si
546 779 645 835 per
684 764 1045 836 ignorantiam
1078 764 1333 834 deceptus
1367 771 1470 832 est,
1502 772 1558 821 et
1583 780 1692 819 non
1736 763 1813 819 ita

218 856 459 929 putavit,
493 864 554 912 ut
575 872 759 912 verum
799 866 905 924 est,
937 856 1253 928 ignoscatur
1288 857 1360 914 ei.
1404 859 1474 915 Et
1512 861 1691 916 omnis
1720 861 1815 932 qui

218 957 414 1018 peccat
441 964 542 1021 per
570 948 955 1022 ignorantiam,
981 949 1142 1006 facile
1168 951 1401 1021 accipiet
1428 952 1665 1009 veniam.
1709 953 1813 1022 Qui

220 1047 408 1095 autem
462 1042 639 1097 sciens
676 1042 1003 1113 peccaverit,
1048 1044 1339 1101 sustinebit
1385 1045 1812 1119 increpationem

212 1127 374 1199 juxta
402 1147 715 1189 mensuram
744 1135 925 1206 operis
953 1135 1057 1192 sui.

439 1268 468 1342 §
497 1268 584 1325 Ill.
606 1301 675 1313 -—
701 1271 782 1327 Ex
815 1273 1097 1328 Doc'rnnu
1118 1290 1309 1331 SANCTI
1339 1275 1600 1334 OnStssn.

291 1406 322 1448 ιι
350 1406 406 1463 Si
437 1409 755 1478 praepositus
784 1410 975 1467 domus
999 1412 1235 1484 aliquem
1263 1416 1586 1488 corripuerit
1609 1434 1677 1475 ex
1700 1419 1811 1476 fra-

214 1498 416 1565 tribus,
443 1501 535 1571 qui
558 1500 658 1557 sibi
681 1501 908 1572 subjecti
935 1514 1081 1573 sunt,
1106 1508 1360 1564 erudiens
1381 1524 1504 1565 eum
1529 1512 1584 1566 in
1613 1513 1809 1571 timore

213 1592 336 1654 Dei,
376 1602 432 1648 et
467 1595 691 1665 cupiens
714 1597 782 1651 ab
810 1611 998 1653 errore
1017 1599 1313 1671 corrigere,
1336 1609 1391 1656 et
1417 1601 1558 1659 alius
1576 1604 1811 1662 voluerit

211 1699 317 1755 pro
344 1700 410 1741 eo
430 1683 599 1756 loqui,
624 1695 677 1741 et
698 1703 821 1743 eum
845 1687 1132 1746 defendere
1160 1692 1482 1749 subvertens
1508 1710 1607 1749 cor
1629 1696 1802 1766 illius;

212 1777 307 1847 qui
356 1777 456 1833 hoc
500 1776 633 1833 facit
671 1790 861 1850 peccat
901 1781 955 1836 in
986 1797 1141 1838 suam
1176 1782 1460 1851 ,an’imam:
1493 1796 1515 1825 ο
1549 1788 1642 1857 qui
1673 1791 1804 1845 sub-

212 1869 382 1924 vertit
410 1885 533 1927 eum
563 1871 655 1942 qui
702 1873 901 1945 corrigi
944 1883 1180 1944 poterat,
1212 1887 1631 1948 consurgentem
1670 1880 1806 1951 deji-

213 1964 291 2018 cit
326 1963 380 2017 in
435 1972 660 2030 terram,
699 1974 863 2035 atque
902 1965 968 2020 ad
1019 1967 1245 2023 meliora
1296 1970 1609 2026 tendentem
1657 1972 1802 2029 mala
1830 1951 1879 2013 Β

209 2056 567 2127 persuasione
618 2058 861 2129 decepit,
917 2075 1111 2116 errans
1159 2061 1273 2132 ipse
1318 2073 1374 2118 et
1427 2063 1565 2121 alios
1613 2081 1805 2124 errare

210 2145 440 2202 faciens.
490 2146 627 2205 Huic
672 2148 805 2205 illud
857 2152 1131 2221 aptabitur
1184 2164 1588 2225 congruenter:
1623 2155 1651 2196 ’1
1712 2155 1804 2213 Va:

208 2237 302 2308 qui
348 2246 528 2309 potum
555 2239 646 2293 dat
694 2240 932 2310 proximo
970 2258 1067 2295 suo
1097 2241 1488 2299 subversionem
1510 2245 1798 2311 turbidam,

210 2335 260 2380 et
282 2325 547 2381 inebrians
575 2344 693 2382 eum
717 2328 947 2400 (Habac.
974 2331 1057 2402 ιι).
1103 2329 1191 2387 Vw
1211 2334 1299 2404 qui
1321 2350 1500 2389 errare
1526 2334 1657 2405 facit
1701 2353 1804 2392 ca:-

210 2435 331 2472 cum
356 2420 409 2474 in
440 2422 524 2474 via
548 2420 727 2492 (Deut.
753 2422 958 2496 xxv");
987 2434 1011 2462 ο
1031 2425 1122 2495 qui
1147 2425 1477 2480 scandalizat
1504 2429 1802 2499 quempiam

208 2511 275 2566 de
304 2511 385 2566 his
408 2513 500 2584 qui
528 2513 747 2568 credunt
779 2513 885 2569 Deo
916 2529 934 2568 :
960 2516 1165 2586 expedit
1193 2517 1260 2581 ei,
1294 2527 1349 2570 ut
1374 2518 1707 2589 appendatur
1754 2521 1804 2576 ei

208 2603 352 2659 mola
402 2603 641 2659 asinaria
676 2622 834 2678 super
861 2604 1054 2661 collum
1086 2607 1225 2678 ejus,
1265 2617 1315 2661 et
1340 2610 1700 2681 praecipitetur
1744 2612 1802 2668 in

208 2711 355 2750 mare
407 2695 624 2768 (Matth.
649 2697 805 2770 xvnt)
857 2717 869 2751 :
918 2699 1043 2769 quia
1096 2700 1384 2766 subvertit,
1431 2709 1493 2756 ut
1540 2702 1801 2769 diximus,

211 2785 585 2845 sublevantem
625 2805 702 2856 se,
733 2801 789 2845 et
824 2790 1167 2847 obedientem
1198 2793 1480 2848 transtulit
1517 2796 1587 2851 ad
1613 2811 1804 2866 super-

209 2880 377 2946 biam,
403 2889 459 2935 et
486 2896 610 2937 eum
646 2879 666 2920 ί
704 2882 797 2952 qui
826 2882 881 2936 in
916 2882 1256 2940 dulcedinem
1278 2886 1565 2942 charitatis
1589 2895 1805 2959 poterat

213 2976 617 3043 ire,.convertit
661 2975 716 3031 in
763 2976 1203 3043 amaritudinem,
1235 2986 1291 3033 et
1313 2977 1618 3047 subjectum
1672 2979 1805 3051 legi-

213 3071 316 3128 bus
362 3070 681 3127 monasterii
710 3069 868 3125 malis
899 3070 1145 3126 consiliis
1172 3070 1511 3143 depravavit,
1560 3072 1803 3144 fecitque

212 3166 393 3225 odisse
424 3166 597 3228 illum.
644 3176 701 3224 et
724 3166 1065 3224 constristari
1092 3173 1283 3223 contra
1307 3164 1492 3234 illum;
1547 3167 1643 3239 qui
1675 3181 1802 3225 eum

1917 674 2030 724 tres
2077 676 2240 739 atque
2292 669 2615 738 discordias,
2665 680 2722 729 et
2764 687 2874 728 non
2928 673 3131 731 timens
3175 674 3307 733 illud
3354 672 3502 750 quod

1915 762 2178 833 scriptum
2198 771 2282 819 est
2309 782 2324 819 :
2355 763 2435 819 Tu
2458 766 2549 837 qui
2567 782 2647 832 es,
2669 765 2763 837 qui
2772 766 2990 837 judicas
3009 766 3239 825 alienum
3259 772 3505 827 servum?

1914 872 2010 911 suo
2033 855 2262 912 Domino
2281 866 2405 921 stat,
2423 866 2516 912 aut
2541 858 2717 925 cadit;
2743 858 2901 914 stabit
2926 868 3122 915 autem.
3152 860 3177 901 ³
3208 857 3405 918 Potens
3424 871 3504 918 est

1914 958 2092 1005 autem
2132 949 2391 1007 Dominus
2432 968 2642 1007 rursum
2687 961 2918 1009 statuere
2961 970 3080 1008 eum
3126 951 3314 1027 (Rom.
3352 954 3501 1030 xw).

1914 1045 1941 1087 ιι
1968 1042 2086 1099 Νοιι
2139 1044 2228 1101 ille
2254 1052 2447 1115 potens
2494 1055 2606 1112 est,
2639 1046 2732 1117 qui
2774 1046 2938 1102 verba
2965 1045 3178 1102 Domini
3218 1047 3499 1119 praeteriit.

1912 1134 2092 1202 Unde,
2119 1135 2331 1202 fratres,
2368 1152 2564 1209 magno
2584 1152 2749 1209 opere
2773 1137 3076 1194 devitemus
3108 1135 3338 1207 alicujus
3355 1152 3505 1195 men-
3546 1198 3551 1203 _

1910 1239 2023 1288 tem
2045 1232 2364 1289 subvertere
2374 1241 2565 1289 contra
2589 1232 2866 1289 doctorem
2885 1242 2943 1289 et
2962 1232 3287 1288 monitorem
3305 1246 3497 1299 suum;

1909 1332 1966 1381 et
2013 1325 2423 1381 meminerimus
2457 1323 2753 1394 Scriptum
2797 1323 3069 1380 dicentis:
3110 1324 3126 1366 ί
3172 1321 3362 1379 Libera
3411 1339 3506 1378 cor

1911 1427 2060 1473 tuum
2095 1436 2128 1472 a
2157 1416 2362 1471 malitia
2392 1426 2451 1470 ut
2496 1414 2714 1471 salveris
2758 1414 2894 1488 (Jer.
2940 1414 3040 1489 tv).
3089 1414 3202 1471 Nec
3237 1430 3338 1487 pro
3371 1414 3507 1472 obe-

1910 1513 2110 1568 dientia
2150 1509 2458 1582 superbiam
2486 1517 2545 1564 et
2567 1510 2969 1566 contumaciam
3007 1509 3064 1565 in
3107 1505 3365 1565 cordibus
3394 1523 3499 1565 no-
3530 1512 3540 1520 ’

1910 1604 2038 1659 stris
2067 1602 2299 1658 invicem
2331 1602 2684 1658 seminemus.
2712 1600 2817 1670 Qui
2836 1602 2984 1658 enim
3005 1601 3161 1658 timet
3184 1590 3547 1667 Dominum,‘

1912 1695 1926 1749 i
1962 1697 2008 1753 si
2054 1695 2253 1751 viderit
2275 1692 2501 1750 fratrem
2530 1710 2688 1749 suum
2717 1708 2906 1750 errare
2930 1701 2987 1749 et
3020 1693 3153 1760 labi,
3188 1692 3363 1765 magis
3404 1691 3500 1748 de-

1907 1792 2000 1847 bet
2024 1797 2332 1845 monstrare
2359 1802 2481 1859 quae
2509 1794 2695 1843 sancta
2726 1794 2866 1843 sunt,
2888 1794 2945 1841 et
2970 1794 3177 1843 rectum
3201 1786 3306 1842 iter
3318 1792 3505 1842 osten-

1908 1883 2036 1939 dere
2067 1901 2081 1937 :
2115 1889 2175 1936 ut
2197 1896 2319 1936 cum
2356 1878 2505 1935 omni
2531 1878 2781 1935 castitate
2819 1886 2874 1934 et
2897 1878 3091 1934 timore
3120 1878 3216 1933 Dei
3240 1876 3506 1933 incedens

1908 1976 2055 2032 illam
2114 1976 2420 2032 Salomonis
2466 1982 2796 2045 exsequatur
2841 1972 3205 2030 sententiam:
3237 1972 3266 2013 ιι
3307 1970 3502 2026 Libera

1906 2086 1995 2125 eos
2019 2069 2109 2142 qui
2131 2069 2400 2123 ducuntur
2425 2068 2494 2122 ad
2517 2076 2758 2132 mortem,
2808 2075 2856 2121 et
2881 2064 3136 2120 redimere
3180 2064 3245 2118 de
3286 2062 3505 2133 interfe-v

1907 2160 2077 2213 ctione
2102 2175 2206 2213 non
2240 2174 2406 2212 cesses
2454 2153 2637 2228 (Prov.
2675 2153 2848 2226 χχιιι).
2884 2152 2902 2193 ι
2938 2151 3019 2208 Ne
3067 2152 3218 2209 dicas
3247 2169 3262 2207 :
3305 2149 3503 2214 Nescio

1907 2251 2071 2305 hunc.
2118 2247 2292 2312 Scito,
2336 2247 2595 2318 quoniam
2626 2244 2890 2301 Dominus
2917 2243 3085 2299 corda
3113 2241 3357 2297 omnium
3402 2255 3503 2296 no-

1904 2342 2004 2397 vit.
2057 2341 2123 2395 Et
2151 2338 2321 2396 Judas
2349 2340 2403 2394 in
2434 2337 2675 2410 Epistola
2718 2350 2816 2392 sua
2877 2334 3120 2406 loquitur
3164 2351 3177 2388 :
3224 2332 3365 2388 InEt
3400 2331 3498 2386 hos

1904 2434 2114 2506 quidem
2145 2434 2210 2489 de
2255 2435 2374 2505 igne
2406 2433 2687 2504 rapientes,
2726 2440 2775 2485 et
2822 2429 2945 2485 odio
2998 2427 3245 2483 habentes
3287 2442 3503 2482 carnem

1906 2522 2346 2580 commaculatam
2373 2524 2625 2587 tunicam,
2657 2538 2936 2577 caveamus
2957 2518 3323 2592 hujuscemodi
3351 2517 3505 2573 vesti-

1906 2627 2160 2682 mentum,
2191 2626 2221 2655 ιι
2259 2615 2545 2670 induamus
2572 2615 2747 2686 potius
2776 2611 2882 2686 [ut]
2909 2621 3240 2668 armaturam
3278 2609 3400 2676 Dei,
3443 2616 3506 2665 ut

1904 2709 2180 2780 possimus
2209 2708 2464 2763 resistere
2494 2714 2682 2762 contra
2710 2704 2939 2760 insidias
2963 2702 3184 2759 diaboli.
3212 2709 3237 2737 °
3270 2699 3391 2756 Non
3419 2706 3506 2754 est

1907 2802 2053 2856 enim
2079 2801 2237 2855 nobis
2264 2815 2444 2871 pugna
2470 2806 2662 2854 contra
2691 2811 2912 2854 carnem
2938 2804 2995 2851 et
3019 2794 3364 2867 sanguinem,
3391 2791 3504 2848 sed

1908 2893 2171 2947 adversus
2202 2900 2230 2941 ι)
2275 2890 2643 2960 principatus,
2676 2895 2732 2942 et
2773 2893 3100 2959 potestates,
3132 2892 3191 2940 et
3238 2882 3503 2937 adversus

1907 2991 2150 3040 rectores
2168 2993 2197 3034 ιι
2230 2981 2602 3049 tenebrarum,
2629 2981 2895 3038 adversus
2917 2975 3185 3050 spiritalia
3237 2972 3498 3046 nequitiae

1906 3075 1966 3132 in
1991 3074 2309 3132 caelestibus
2339 3072 2558 3147 (Ephes.
2588 3071 2685 3145 vt).

281 3356 307 3417 ξι
342 3342 497 3417 Quod
524 3343 571 3399 si
589 3360 685 3417 per
728 3343 1085 3417 ignorantiam
1114 3342 1377 3417 deceptus.
1409 3341 1468 3397 Id
1500 3350 1603 3417 est,
1659 3345 1708 3401 si
1758 3344 1804 3404 is

1911 3345 2070 3409 dem;
2102 3345 2223 3417 Ἐᾁν
2246 3343 2301 3399 δᾶ
2327 3340 2494 3417 εἴπῃς,
2516 3336 2770 3417 Oenomai
2796 3346 2997 3417 reiim,
3033 3341 3251 3417 7W
3271 3337 3506 3417 ἶᾷτι-ζῦ-

211 3415 301 3486 qui
331 3415 565 3485 aliquem
590 3414 836 3486 defendit
864 3416 1133 3470 insontem
1157 3414 1479 3469 existimans
1496 3415 1805 3486 ignorantia

208 3485 340 3540 facti
353 3487 628 3556 _deceptus
651 3494 752 3545 est.
786 3485 836 3556 ei
870 3486 1204 3556 ignoscatur.

280 3555 309 3596 δ
338 3554 394 3612 δι
440 3553 558 3627 quis
594 3553 931 3627 pra'positus:
948 3555 1157 3627 domus.
1186 3553 1463 3627 Sequitur
1499 3554 1805 3627 doctrinam

209 3624 460 3697 Magistri
481 3626 563 3681 sui
594 3624 869 3697 Pacliomii
902 3624 961 3681 S.
993 3624 1289 3697 Orsiesius.
1316 3624 1458 3697 Quid
1487 3628 1560 3681 sit
1584 3626 1804 3695 domus,

209 3707 263 3754 et
304 3695 637 3768 pneposittts
684 3695 877 3768 domus
913 3698 967 3768 in
999 3696 1332 3768 monasterio
1382 3695 1440 3750 S.
1496 3696 1803 3767 Pachumii,

210 3767 362 3839 cujus
396 3767 693 3837 discipulus
723 3767 825 3839 fuit
847 3768 905 3821 S.
938 3767 1234 3839 Orsiesius,
1265 3782 1429 3839 supra
1463 3769 1668 3825 dictum
1694 3781 1798 3826 est.

208 3837 431 3895 In‘Cod.
465 3840 621 3893 \‘ind.
654 3838 793 3893 male
831 3839 946 3894 haec
976 3837 1329 3893 ascribuntur
1365 3838 1422 3893 S.
1453 3839 1674 3895 Basilio.

279 3923 302 3950 ε
336 3912 438 3977 Qui
484 3910 751 3965 subvertit.
780 3909 856 3964 Ita
884 3911 936 3964 in
978 3910 1120 3964 libro
1150 3908 1377 3965 Orsiesii
1408 3911 1555 3966 edito
1575 3951 1592 3976 ,
1620 3913 1805 3977 legen-

279 3929 302 3950 ⁸³
336 3929 438 3977 qut
484 3929 751 3965 διιοινεΐιιι.
780 3929 856 3964 ua
884 3929 936 3964 ιιι
980 3929 1120 3964 ιιυιῸ
1150 3929 1377 3965 UI‘SICSII
1408 3929 1555 3966 86110
1575 3951 1592 3976 ,
1620 3929 1671 3967 ιιι
1708 3929 1803 3968 en-

210 3982 333 4037 dum
366 3990 543 4037 tamen
571 3991 723 4052 puto,
752 3981 900 4052 quia,
922 3990 1054 4046 etc.;
1082 3988 1137 4035 et
1158 3980 1321 4051 paulo
1350 3989 1476 4052 post
1502 3982 1580 4037 ait
1608 3998 1625 4037 :
1661 3929 1803 4051 Quia

209 4053 475 4117 subvertit,
504 4063 559 4106 ut
588 4053 838 4107 diximus.

280 4123 307 4163 ἀ
348 4122 433 4177 Vw
452 4124 542 4195 qui
563 4135 741 4194 potum
770 4123 861 4196 dat
879 4123 1121 4194 proximo
1146 4121 1524 4196 suo.Abacuc.
1559 4141 1622 4191 ιι,
1643 4124 1801 4196 juxta

212 4195 564 4266 Septuaginta
595 4214 607 4248 :
638 4197 763 4249 Οὐαὶ
792 4195 820 4250 ὁ
868 4200 1088 4266 ποτίζων
1113 4198 1200 4251 τὸν
1227 4195 1443 4253 πλησίον
1490 4195 1655 4252 αὐτοῦ
1679 4201 1804 4254 ἁνα-

209 4263 672 4347 «pinguemque»,
716 4268 805 4321 καὶ
847 4263 1139 4347 predum»,
1182 4266 1240 4347 rid
1266 4275 1385 4347 est,
1418 4282 1493 4347 rte
1539 4268 1630 4347 qui
1647 4277 1803 4347 potat

210 4337 502 4407 proximum
554 4337 709 4391 suum
776 4337 1109 4391 subversione
1171 4337 1383 4407 turbida
1442 4346 1491 4390 et
1552 4337 1799 4393 inebriat.

212 4405 373 4463 Paulo
420 4410 581 4463 aliter
630 4408 808 4463 versit)
839 4408 1187 4480 communis:
1233 4405 1320 4480 νᾳ»
1362 4408 1453 4477 qui
1492 4418 1674 4480 potum
1705 4409 1799 4464 dat

210 4496 375 4534 amico
402 4497 523 4544 suo,
553 4480 764 4534 mittens
788 4479 858 4549 [el
880 4496 1034 4534 suum
1064 4488 1113 4533 et
1142 4476 1431 4549 inebrians.

283 4562 305 4590 ο
339 4549 441 4615 Qui
471 4548 799 4604 scandalizat
819 4551 1139 4622 quempiam.
1170 4548 1247 4604 Ita
1280 4548 1606 4622 inAOrsiesio
1628 4550 1799 4617 edito,

211 4620 395 4675 Matth.
428 4635 584 4673 xvtlt.
630 4621 684 4673 In
708 4619 984 4675 communi
1015 4622 1263 4676 versione
1288 4638 1300 4674 :
1324 4619 1429 4685 Qui
1450 4630 1623 4675 autem
1645 4638 1799 4675 scan-

210 4690 516 4762 dahsauerit
556 4706 718 4743 unum
756 4691 819 4762 de
843 4692 1051 4760 pusillis
1075 4694 1215 4762 istis.
1244 4693 1333 4762 qui
1365 4692 1419 4745 in
1451 4708 1531 4745 me
1556 4692 1796 4759 credunt,

208 4761 407 4834 expedit
435 4762 482 4814 ei
513 4772 566 4814 ut
596 4761 951 4834 suspendntur
975 4761 1116 4814 mola
1146 4761 1381 4815 asinaria
1411 4762 1468 4815 in
1498 4762 1633 4817 collo
1660 4763 1795 4833 ejus,

209 4845 254 4887 et
273 4832 619 4900 demergatur
640 4832 693 4885 in
720 4832 1043 4901 profundum
1075 4834 1261 4885 maris.

284 4850 619 4900 aemergarur
640 4850 693 4885 ιη
759 4850 1043 4901 romanum
1075 4850 1261 4885 maris.

283 4901 301 4941 ῐ
336 4901 439 4968 Qui
467 4906 521 4955 in
542 4850 873 4956 dulcedinem
898 4903 1172 4957 charitatis
1196 4909 1398 4972 poterat
1419 4902 1515 4955 ire.
1534 4901 1593 4959 In
1615 4904 1795 4962 edito:

214 4973 311 5043 Qui
343 4976 396 5027 in
419 4973 695 5027 dulcedine
717 4974 992 5027 charitatis
1020 4971 1224 5042 poterat
1251 4971 1545 5027 ambulare.

280 5052 302 5085 ε
330 5043 525 5098 Potens
549 5055 623 5098 est
655 5054 830 5097 autent
869 5044 1128 5098 Dominus
1158 5059 1368 5098 rursum
1395 5053 1625 5098 statuere
1652 5061 1794 5101 eum.

211 5116 283 5173 ita
328 5118 380 5171 in
420 5115 661 5171 Orsiesio
706 5116 871 5170 edito.
922 5116 981 5169 ln
1015 5115 1240 5184 Vulgata
1268 5113 1507 5169 editione
1540 5132 1554 5168 :
1598 5112 1795 5171 Potens

214 5199 280 5245 est
312 5189 448 5242 enim
476 5186 620 5240 Deus
645 5195 876 5240 statuere
904 5186 1091 5251 illum;
1122 5186 1190 5239 ad
1219 5185 1376 5240 Rom.
1403 5200 1516 5239 διν.

279 5261 303 5300 h
337 5257 460 5312 Non
488 5258 576 5311 ille
604 5269 785 5328 potens
810 5266 906 5313 est.
941 5256 1203 5328 subaudi,
1246 5266 1478 5328 statuere
1508 5273 1650 5328 eum.

286 5332 302 5373 ί
330 5329 513 5383 Libera
547 5326 639 5382 cor
672 5339 819 5382 tuum
852 5346 884 5382 a
912 5327 1138 5393 malitia,
1166 5338 1224 5382 ut
1247 5326 1486 5382 salveris.
1516 5327 1616 5382 Hic
1646 5328 1797 5384 locus

214 5411 386 5458 exstat
416 5401 470 5454 in
492 5416 613 5471 cap.
646 5416 699 5454 IV
720 5398 997 5471 Jeremite;
1029 5399 1185 5455 aliter
1202 5400 1262 5471 in
1286 5398 1515 5470 Vulgata
1546 5399 1796 5471 versione

214 5475 312 5530 hoc
354 5474 514 5543 modo
551 5469 708 5540 juxta
761 5470 1155 5543 Septuaginta:
1186 5469 1332 5526 Lava
1380 5469 1414 5525 ἁ
1466 5470 1674 5525 malitia
1703 5488 1795 5526 cor

214 5557 390 5623 tuum,
413 5540 768 5623 Hierusalem,
805 5540 861 5596 u't
892 5540 1038 5623 satia
1074 5540 1197 5623 ﬁas.

284 5615 315 5742 il
331 5615 391 5672 Si
421 5613 626 5669 viderit.
649 5612 708 5668 in
733 5629 937 5671 excuso
964 5610 1191 5670 Orsiesii
1211 5612 1348 5668 libro
1379 5625 1394 5666 :
1422 5610 1547 5666 Non
1568 5613 1788 5680 viderit;

284 5703 369 5742 te.

215 5703 369 5746 male.

285 5759 311 5800 Ιι
336 5758 523 5816 Libera
562 5775 651 5831 εστ
684 5758 774 5831 qui
798 5757 1066 5831 dicuntur.
1091 5754 1253 5811 Prov.
1297 5770 1427 5831 xxiv
1455 5754 1513 5809 in
1535 5755 1788 5831 versione

217 5831 482 5888 communi
514 5850 527 5886 :
560 5827 707 5884 Erue
744 5845 855 5895 eos,
882 5829 972 5900 qui
1006 5828 1273 5882 ducuntur
1298 5827 1368 5881 ad
1396 5837 1619 5882 mortem
1642 5840 1663 5880 .‘
1693 5827 1786 5899 qui

217 5902 487 5958 trahuntur
517 5901 587 5955 ad
614 5898 1137 5955 interitum’liberare
1162 5914 1266 5954 non
1289 5914 1475 5954 cesses.

289 5970 309 6014 λ
344 5970 430 6030 Ne
451 5971 622 6039 dicas,
650 5968 845 6027 Nescio
871 5968 1031 6028 hunc.
1059 5966 1139 6025 Ita
1188 5966 1246 6026 in
1271 5976 1424 6026 textu
1466 5966 1657 6027 Graeco
1682 5968 1784 6027 lbi-

1908 3438 2031 3494 ptog
2056 3415 2274 3490 καρδιάς
2301 3409 2507 3494 πάνιξαξν
2533 3414 2801 3494 γινώσκει
2835 3412 2887 3494 id
2933 3409 3118 3494 esu-sf
3145 3409 3345 3494 dixth
3375 3409 3429 3464 Ν
3433 3427 3504 3494 φρ

1911 3480 2031 3541 'novi
2060 3480 2201 3551 eu'm,
2243 3495 2369 3546 etc.,
2426 3485 2511 3537 his
2541 3480 2807 3537 consonat
2853 3491 3033 3537 textus
3062 3481 3383 3536 Hebraicus.
3432 3480 3507 3534 At

1910 3557 2183 3625 discrepat
2227 3556 2408 3609 versio
2453 3553 2778 3608 communis.
2841 3551 2900 3608 Si
2948 3552 3172 3625 dixeris,
3209 3553 3342 3625 uires
3396 3566 3505 3605 non
3564 3602 3569 3607 .

1908 3622 2212 3699 suppetunt,
2239 3628 2331 3696 qui
2350 3628 2623 3699 inspector
2645 3633 2721 3679 est
2745 3624 2939 3699 cordis,
2972 3623 3083 3699 ipse
3110 3622 3375 3699 intelligit.

1979 3690 2019 3738 ὶιί
2045 3698 2115 3752 Et
2144 3690 2480 3768 hos'quidem
2503 3696 2568 3749 de
2593 3696 2712 3766 igne
2742 3690 3021 3819 rapientes.
3059 3695 3115 3749 In
3140 3690 3297 3775 edito'
3315 3690 3502 3749 Orsie-

1979 3770 2104 3819 ιιιὶα
2132 3768 2284 3819 locus
2312 3768 2382 3819 ita
2416 3768 2619 3819 citatur
2646 3785 2659 3819 :
2698 3766 2767 3819 Et
2809 3782 2888 3819 tos
2916 3766 3129 3819 quidem
3158 3764 3223 3818 de
3264 3780 3384 3819 iane
3414 3779 3502 3816 ra-

1908 3770 1990 3826 sio
2012 3770 2104 3826 hic
2132 3764 2291 3825 locus
2312 3768 2382 3821 ita
2416 3764 2659 3822 citatur':
2698 3766 2767 3820 Et
2792 3764 2888 3820 hos
2916 3765 3129 3835 quidem
3158 3764 3223 3818 de
3264 3764 3384 3835 igne
3414 3779 3505 3835 ra-_

1906 3843 2126 3912 pientes,
2153 3851 2199 3912 et
2224 3839 2348 3893 odio
2370 3837 2618 3912 habentes
2642 3833 3347 3912 commaculatantunicam
3363 3833 3505 3912 ;__s_ed

1906 3905 2119 3968 inutile.
2157 3911 2216 3966 ln
2262 3909 2536 3965 communi
2585 3908 2839 3964 versione
2888 3907 2963 3962 ita
3018 3908 3250 3962 habetur
3298 3923 3312 3959 :
3370 3905 3504 3959 Illos

1904 4000 2029 4039 vero
2059 3983 2257 4037 salvate
2284 3982 2350 4035 de
2381 3980 2501 4051 igne
2524 3980 2807 4051 rapientes,
2831 3977 2954 4032 aliis
2982 3987 3158 4051 autem
3182 3975 3505 4051 miseremini

1902 4056 1963 4110 in
1982 4064 2235 4125 tempore,
2261 4046 2497 4125 adierites
2524 4046 2813 4125 illamquw
2836 4049 3066 4125 carnalis
3088 4059 3164 4125 est
3181 4046 3503 4125 maculatam

1905 4120 2161 4180 tunicam.
2186 4124 2243 4179 In
2268 4132 2416 4178 textu
2440 4121 2631 4178 Graeco
2653 4120 2732 4177 sic
2756 4140 2767 4175 :
2792 4123 2895 4184 Οὐς
2918 4120 2971 4177 δὲ
2997 4123 3046 4176 δν
3069 4122 3205 4196 φόϐῳ
3224 4124 3421 4196 editus
3445 4120 3503 4174 ix

1904 4205 1998 4274 ’τρῦ
2018 4200 2185 4274 πυρὸς
2214 4196 2553 4274 ἁρπάζοντες.
2585 4201 2884 4274 pingebant;
2914 4195 3112 4274 mitia
3139 4195 3242 4274 ἀτςρ
3262 4200 3504 4274 enneap-

1906 4271 1994 4329 κὸς
2038 4261 2384 4340 ἐτίπιλωρἐνοςυ
2413 4261 2665 4340 xuii-3a.
2686 4265 2742 4319 Id
2768 4273 2873 4325 est,
2916 4275 2964 4318 et
2992 4265 3089 4340 hos
3112 4264 3323 4340 quidem
3349 4262 3404 4314 in
3435 4261 3504 4315 ii-

1907 4356 2052 4394 more
2081 4334 2282 4393 salvate
2311 4337 2376 4391 ab
2404 4334 2522 4407 igne
2552 4338 2827 4405 rapientes,
2856 4345 2905 4388 et
2935 4334 3081 4407 οιιίο⁸
3109 4334 3355 4407 habentes
3381 4346 3504 4407 car:

1906 4409 2081 4464 ualent
2108 4401 2550 4463 commaculdtam
2579 4401 2814 4459 tunicam
2836 4418 2854 4457 :
2880 4411 2937 4457 et
2967 4405 3042 4457 ita
3068 4404 3160 4459 hic
3186 4403 3337 4458 locus
3359 4401 3501 4471 apud

1905 4480 2204 4537 Orsiesium
2240 4479 2498 4549 legendus
2544 4485 2645 4531 est.
2697 4474 2942 4549 Putoque
2994 4474 3382 4549 i_t_a_redditum
3430 4471 3501 4527 ab

1904 4551 2024 4622 ejus
2053 4544 2374 4622 interpreie,
2402 4550 2515 4622 qui
2548 4562 2655 4602 non
2704 4545 2953 4622 sequitur
2998 4544 3497 4622 Yulgatamuinterg

1904 4615 2413 4694 p'retationétn,sed
2443 4615 2666 4694 ~teritum
2712 4615 3078 4694 QrmcumLin
3104 4615 3213 4686 quo
3254 4615 3501 4694 nihil_est

1905 4685 2046 4765 quod
2079 4693 2405 4765 respondeat
2432 4689 2613 4765 verbis
2645 4687 2853 4765 Latinis
2879 4705 2892 4742 :
2916 4685 3075 4765 __Aliis
3113 4685 3289 4742 autem
3339 4687 3497 4765 mise-

1906 4758 2113 4821 remini.
2152 4758 2336 4833 itaque
2371 4763 2426 4817 in
2456 4760 2655 4833 codice
2681 4758 2999 4833 Concordia:
3027 4774 3125 4830 pro
3154 4775 3391 4826 carnem,
3421 4758 3501 4833 le:

1903 4836 2137 4909 gendum
2166 4828 2263 4890 est'
2278 4832 2570 4909 carnalem,
2598 4831 2731 4885 utin
2757 4838 2908 4886 textu
3143 4838 3197 4885 et
3218 4830 3494 4909 communi

1903 4901 2156 4964 versione
2195 4907 2331 4961 satis
2358 4903 2706 4960 manifestum
2751 4910 2855 4969 est,
2881 4902 2967 4957 vel
2998 4902 3180 4971 potius
3205 4901 3405 4971 carnis,
3436 4910 3499 4957 ut

1902 4980 1957 5035 in
1981 4979 2114 5035 Cod.
2140 4977 2300 5034 Vind.
2333 4977 2603 5046 interpres
2621 4990 2731 5030 non
2756 4970 3015 5043 sequitur
3031 4973 3339 5029 versionem
3367 4970 3497 5028 Vul-

1937 5060 2103 5105 alam.

1902 5068 2103 5175 83:13:31.
2141 5119 2425 5191 induamus
2454 5118 2627 5191 potius
2648 5124 2713 5191 ut_
2734 5124 3063 5191 armaturam
3088 5115 3209 5191 Dei.
3232 5114 3317 5191 Ad
3349 5113 3490 5191 Eph.

1900 5208 1975 5247 vr.
2009 5190 2278 5247 Particula
2303 5202 2355 5244 ut
2381 5186 2664 5245 redundat.
2694 5187 2753 5240 ln
2790 5195 2937 5242 textu
2959 5186 3204 5256 Apostoli
3232 5204 3245 5241 :
3277 5186 3495 5245 Induite

1900 5264 1978 5318 uel
2009 5273 2336 5317 armaturam
2369 5260 2488 5316 Dei.
2519 5260 2626 5316 Sed
2662 5258 2844 5313 locum
2878 5258 3157 5321 connectit
3186 5262 3284 5314 Suo
3315 5259 3488 5315 textui

1899 5336 2187 5392 Orsiesius.
3078 5340 3087 5347 '

1973 5414 1999 5442 °
2046 5406 2171 5460 Non
2222 5414 2298 5459 est
2342 5404 2480 5459 enim
2512 5401 2659 5456 nobis
2699 5417 2897 5473 pugna.
2946 5399 3008 5456 In
3039 5400 3291 5473 versione
3336 5416 3491 5473 com-

1898 5479 2049 5535 muni
2081 5485 2136 5534 et
2160 5477 2218 5531 in
2246 5476 2488 5533 Orsiesio
2515 5474 2662 5528 edito
2687 5472 2707 5527 ξ
2735 5472 2861 5527 Νοη
2880 5483 2956 5528 est
2983 5474 3124 5528 enim
3153 5472 3303 5529 nobis
3324 5472 3492 5530 collu-

1896 5552 2079 5605 ctatio.

1968 5633 1997 5672 ι»
2043 5620 2407 5692 Principatus.
2451 5615 2538 5692 Ita
2560 5615 2701 5688 apud
2744 5614 3078 5692 Orsiesium;
3110 5616 3486 5692 in_cor_n_muni

1892 5694 2162 5776 versione,
2193 5686 2495 5764 principes;
2524 5686 2763 5744 in'textu
2804 5686 3012 5755 Grarco,
3054 5687 3237 5767 ἀρχὰς
3285 5687 3345 5747 id
3372 5694 3483 5756 est,

1933 5775 2250 5820 rtnctnatus.

1891 5780 2398 5907 Ρΐξιηῖἓιῖέῖῗᾶνιιηιτ
2440 5831 2502 5888 in
2526 5830 2798 5907 _versione
2846 5832 3125 5890 communi
3164 5837 3223 5890 et
3270 5828 3330 5891 in
3376 5826 3485 5889 0r-

1889 5906 2055 5965 siesio
2074 5907 2221 5964 edito
2248 5903 2490 5972 additur,
2518 5903 2730 5959 harum.
