4062 6332
470 283 607 349 i567

1467 280 1526 340 5.
1565 283 1975 358 BENENDICTI
2011 283 2303 343 ABBATIS
2339 284 2749 342 ANIANENSIS

3605 288 3758 351 1368

465 407 659 464 ordine
691 400 920 459 confuso
966 399 1284 469 irruptaque
1308 397 1426 469 lege
1451 397 1662 471 vivendi
1694 397 1864 468 ipsius
1884 411 2053 452 sacrae
2079 400 2133 461 Α
2156 399 2541 469 negligentiam
2589 399 2754 454 fuerit
2782 396 3137 470 dissipatum,
3182 400 3497 472 inerepetur
3524 416 3556 457 a
3589 401 3766 462 Patre

465 487 744 573 religionis
775 514 874 570 per
902 497 1144 569 singulos
1175 495 1301 566 jura
1329 496 1648 567 perdantur.
1709 494 2050 566 Quapropter

466 596 716 669 quisquis
746 593 928 649 taliter
965 592 1308 648 incontinens
1350 591 1599 646 manibus
1640 590 1935 656 invenitur,
1977 591 2052 645 ita

464 698 526 744 ut
573 687 786 743 nesciat
826 684 896 739 ab
923 683 1128 738 illicitis
1162 691 1491 752 temperare,
1534 697 1726 737 manus
1749 681 1883 748 illaa,
1915 697 2053 753 quas

465 783 643 838 erexit
678 781 733 836 in
763 780 1090 851 proximum,
1121 793 1218 849 per
1252 777 1472 848 longum
1505 783 1716 846 tempus
1743 791 1850 831 non
1878 776 2050 832 solum

462 876 705 948 jejunio,
750 872 842 928 sed
875 873 1037 928 etiam
1077 870 1258 942 operis
1301 871 1621 925 assiduitate
1659 868 2052 928 lassenturzut

469 970 726 1036 deinceps
770 963 836 1018 ad
884 964 1054 1019 Deum
1100 963 1346 1017 leventur
1396 962 1451 1018 in
1497 961 1768 1027 oratione,
1795 978 1901 1017 non
1927 977 2048 1019 cum

467 1062 654 1115 furore
679 1056 1043 1113 extendantur
1072 1055 1126 1109 in
1166 1054 1412 1109 fratrem.
1461 1054 1705 1109 Dandam
1743 1065 1923 1110 tamen
1955 1071 2052 1110 ve-

469 1154 615 1208 niam
643 1149 983 1206 decernimus
1002 1189 1017 1213 ,
1043 1147 1197 1217 juxta
1217 1155 1279 1202 ut
1308 1145 1478 1202 abbas
1507 1147 1778 1203 moderari
1801 1147 2052 1213 voluerit,

466 1241 784 1316 postulanti,
817 1241 863 1295 si
899 1238 1217 1310 pmnitentia
1257 1238 1569 1308 praemissa,
1603 1239 1766 1316 etiam
1809 1240 1934 1294 dum
1966 1239 2057 1294 de-

465 1313 748 1404 precatur,
781 1338 964 1386 reatus
995 1330 1078 1386 sni
1102 1370 1120 1396 ,
1174 1328 1370 1387 faciem
1395 1313 1758 1400 lacrymarum
1795 1330 2056 1387 effusione

468 1427 747 1498 rigaverit.

527 1518 556 1591 ᾗ
587 1517 674 1573 lll.
701 1548 772 1557 —
801 1517 878 1572 Ex
911 1517 1134 1571 Rscuns
1158 1531 1349 1571 sucu
1381 1513 1679 1570 Auaeusm
1719 1512 1859 1588 (cap.
1889 1513 1999 1585 l5).

543 1623 569 1650 α
597 1611 790 1665 Frater
817 1610 871 1665 in
901 1609 1126 1664 fratrem
1172 1609 1217 1665 si
1252 1625 1417 1664 ausus
1458 1607 1622 1663 fuerit
1673 1625 1892 1664 manum
1932 1609 2059 1664 mit-

475 1718 606 1774 tere,
644 1709 944 1780 legitimam
972 1707 1311 1778 disciplinam
1343 1706 1574 1776 accipiat

794 1799 822 1874 ᾗ
851 1799 936 1854 IV.
966 1830 1038 1840 —
1066 1799 1142 1854 Ex
1170 1799 1389 1855 Renum
1419 1799 1742 1855 Onteursu.

543 1892 573 1934 δ
601 1892 704 1961 Qui
733 1893 988 1947 minister
1009 1901 1109 1954 est,
1143 1893 1342 1948 habeat
1370 1893 1606 1947 studium
1637 1907 1702 1947 ne
1723 1891 1852 1961 quid
1884 1892 2062 1962 operis

472 1994 665 2059 pereat
694 1986 746 2040 in
793 1985 1141 2041 monasterio.
1205 1984 1264 2039 In
1290 1985 1657 2056 qualicunque
1686 1985 1908 2040 omnino
1945 1993 2063 2039 arte

473 2096 594 2151 qua:
620 2090 907 2136 exercetur
956 2095 985 2135 a
1016 2079 1308 2147 fratribus,
1357 2081 1403 2136 si
1435 2081 1564 2152 quid
1603 2079 1860 2151 perierit‘,
1889 2089 1943 2136 et
1965 2095 2064 2150 per

545 2226 572 2255 ι
613 2213 808 2270 Frater
836 2217 891 2272 in
922 2216 1161 2287 fratrm.
1212 2217 1412 2272 Eadem
1445 2216 1618 2272 verba
1647 2217 1781 2272 citat
1814 2217 1904 2272 lvo
1932 2215 2066 2272 Car-

474 2294 590 2342 not.
621 2303 677 2358 p.
727 2303 777 2359 vt
829 2288 1075 2350 Deereti,
1125 2305 1262 2359 cap,
1289 2289 1416 2354 292,
1449 2304 1514 2344 ex
1553 2289 1748 2342 concil.
1777 2287 2062 2353 llerdensi,

474 2373 592 2428 cap.
623 2357 671 2407 ἢ.
731 2357 874 2415 Idem
904 2361 1094 2415 statuit
1136 2357 1207 2414 S.‘
1235 2357 1503 2415 Caesarius
1547 2376 1668 2429 cap.
1701 2359 1770 2412 24
1800 2359 2015 2429 Regulm
2046 2373 2061 2412 :

485 2447 502 2480 ι
539 2429 742 2484 Tamen
772 2432 815 2486 si
841 2431 998 2496 forte,
1033 2441 1090 2485 ut
1117 2447 1176 2485 se
1203 2431 1362 2484 habet
1404 2432 1637 2485 humana
1664 2429 1960 2498 fragilitas,
2008 2429 2062 2483 in

476 2508 683 2554 tantum
727 2502 880 2556 nefas
914 2502 1106 2570 aliqua:
1133 2503 1198 2555 de
1226 2503 1502 2556 sororibus
1523 2517 1668 2555 ansae
1696 2500 1916 2562 fuerint,
1947 2499 2066 2552 dia-

475 2570 610 2642 bolo,
645 2571 953 2642 instigante,
984 2586 1343 2642 prorumpere
1367 2582 1461 2624 aut
1503 2580 1565 2642 ut_
1602 2571 1802 2624 furtum
1840 2570 2059 2642 faciant,

482 2650 576 2693 aut
601 2641 653 2694 in
679 2657 737 2694 se
766 2639 993 2696 invicem
1023 2639 1240 2696 manum
1278 2641 1526 2707 mittant,
1548 2639 1752 2708 justum
1779 2650 1863 2694 est
1899 2649 1959 2694 ut
1989 2641 2064 2694 le-

478 2711 721 2783 gitimam
770 2712 1111 2783 disciplinam
1159 2711 1446 2781 accipiant.
1478 2731 1496 2763 ι
1528 2710 1838 2783 Disciplina
1878 2719 2064 2783 autem

477 2781 532 2835 in
564 2791 796 2851 utroque
826 2780 943 2838 loco
985 2782 1043 2837 S.
1089 2780 1366 2838 Aureliani
1417 2789 1472 2836 et
1522 2780 1579 2837 S.
1609 2781 1830 2837 Caesarii
1860 2791 1946 2836 est
1969 2780 2064 2835 fla-

478 2851 719 2925 gellat‘io,
751 2862 812 2908 ut
840 2869 1002 2925 supra
1033 2863 1277 2925 notatum
1301 2861 1405 2908 est.

549 2923 721 3007 hQ-ui
749 2923 984 3007 minister
1025 2937 1132 3007 εει..
1187 2923 1423 3007 Operum
1449 2923 1701 3007 videlicet
1748 2939 1868 3007 quae
1929 2923 2066 3007 fiunt

482 2995 726 3062 quotidie
757 2999 809 3079 in
842 2997 1195 3062 monasterio,
1233 2995 1286 3049 id
1320 3006 1426 3062 est,
1456 2997 1548 3067 qui
1577 3005 1776 3067 prmest
1809 2995 2064 3066 operibus

483 3077 821 3120 monasterii.

557 3145 579 3173 ο
623 3133 908 3216 Principis.
962 3135 1171 3216 ᾔει-[ψεῖ
1206 3139 1544 3216 monasterii,
1584 3137 1638 3216 id
1668 3136 2026 3216 est,_‘abbatis_
2044 3153 2058 3200 ;
2091 3153 2136 3216 ρ

482 3220 608 3279 nam
641 3207 695 3260 in
724 3205 930 3279 Regula
960 3205 1018 3263 S.
1047 3205 1324 3264 Pachomii
1344 3250 1359 3275 ,
1392 3224 1457 3264 ex
1484 3222 1592 3279 qua
1616 3207 1733 3279 haec
1763 3205 2060 3263 Orientalis

483 3275 596 3332 fere
639 3275 854 3404 stltmpt'a
881 3287 987 3346 est,
1029 3280 1197 3336 abbas
1233 3281 1438 3352 passim
1478 3275 1780 3352 appellatur
1804 3279 2061 3353 princeps

489 3362 677 3404 monas
701 3365 824 3405 ern.

554 3418 580 3458 ἀ
617 3419 752 3476 Vide
780 3436 965 3494 supra,
1003 3436 1121 3492 cap.
1157 3420 1249 3489 59,
1279 3420 1308 3494 §
1333 3421 1389 3477 6.

497 3569 2666 3594 Ἢ

2156 490 2409 545 minister
2436 505 2686 561 operum.
2711 498 2767 544 et
2796 491 2912 561 ipse
2933 491 3131 547 iterum
3162 494 3404 566 increpet
3428 495 3602 551 alium
3621 539 3636 562 ,
3660 500 3768 568 qui

2154 600 2289 655 opus
2314 585 2634 654 perdiderit,
2661 585 2924 639 duntaxat
2945 583 3103 654 juxta
3131 586 3467 644 voluntatem
3511 599 3572 646 et
3611 605 3770 660 prse-

2157 678 2443 732 scientiam
2477 689 2499 716 ο
2539 678 2804 749 principis
2849 697 2863 732 :
2924 679 3132 750 absque
3183 695 3292 751 quo
3340 681 3524 739 nullus
3576 684 3772 740 incre-

2155 771 2318 842 pandi
2349 771 2570 828 habebit
2599 781 2944 842 potestatem.

2298 884 2328 956 §
2366 885 2428 939 ν.
2471 915 2542 925 -
2567 885 2643 940 Ex
2682 886 2902 942 REGULA
2941 886 3210 945 Μλοιετιιι
3251 889 3389 960 (cap.
3429 889 3519 963 ιι)
3558 889 3614 946 δ.

2228 995 2532 1052 lnf'antulos
2579 1011 2710 1068 vero
2756 1012 2929 1067 usque
2978 999 3288 1068 quindecim
3317 1016 3596 1056 annorum
3653 1018 3772 1059 non

2158 1089 2643 1154 excommunicari,
2686 1088 2782 1144 sed
2826 1089 3174 1161 praacipimus
3201 1091 3460 1163 vapulare
3489 1108 3600 1164 pro
3645 1095 3774 1148 cul-

2156 1183 2261 1254 pis,
2293 1190 2399 1238 etc.

2231 1293 2259 1367 ς
2297 1293 2407 1349 Vll.
2432 1325 2502 1336 —
2528 1295 2605 1350 Ex
2641 1296 2861 1352 Recens
2899 1313 3088 1354 suum
3118 1296 3354 1354 Cissim
3388 1299 3530 1372 (cap.
3577 1300 3695 1373 5)ε.

2233 1408 2292 1465 Si
2323 1418 2506 1482 potest
2538 1411 2676 1477 fieri,
2706 1419 2802 1466 aut
2832 1411 3069 1478 difficile,
3099 1424 3192 1469 aut
3217 1414 3398 1470 nullus
3425 1431 3686 1486 unquam
3715 1417 3770 1471 in

2161 1505 2494 1559 monasterio
2524 1502 2822 1560 infantulus
2847 1505 3126 1574 parvulus,
3155 1505 3276 1560 'etc.

2234 1594 2262 1666 §
2304 1594 2388 1648 Vl.
2431 1624 2500 1636 —-
2538 1595 2618 1648 Ex
2657 1595 2880 1651 [lacuna
2921 1611 3107 1651 ssscrt
3147 1597 3348 1653 lsmoat
3390 1597 3533 1668 (cap.
3572 1597 3697 1669 20).

2241 1685 2260 1724 ί
2307 1685 2448 1742 Cura
2495 1687 2908 1742 nutriendorum
2960 1688 3313 1758 parvulorum
3349 1689 3664 1761 pertinebit
3704 1691 3776 1744 ad

2083 1779 2134 1840 B
2159 1781 2338 1836 virum
2367 1797 2530 1851 quem
2572 1781 2798 1852 elegerit
2825 1781 3006 1841 Pater,
3043 1791 3290 1836 sanctum
3321 1781 3772 1852 sapientemque,

2165 1883 2327 1945 atque
2376 1883 2535 1930 aatate
2587 1891 2828 1948 gravem,
2886 1875 3282 1930 informantcm
3334 1873 3600 1945 parvulos
3655 1889 3766 1928 non

2165 1970 2342 2025 solum
2375 1971 2401 2010 ⁸
2448 1969 2644 2026 studiis
2687 1969 3024 2036 litterarum,
3063 1968 3161 2025 sed
3204 1967 3372 2024 etiam
3416 1965 3778 2023 documentis

2165 2061 2594 2132 magisterioque
2622 2060 2907 2116 virtutum.

2239 2208 2266 2238 ο
2305 2196 2442 2266 Yide
2485 2210 2670 2266 supra,
2717 2211 2839 2266 cap.
2869 2194 2960 2259 46,
2994 2194 3102 2266 §5.

2242 2267 2262 2307 τ
2302 2263 2443 2322 Cura
2474 2263 2874 2321 nutriendorum
2905 2263 3264 2335 parvulorum.
3307 2265 3436 2322 Πειδο
3483 2265 3774 2322 habentur

2166 2341 2222 2395 in
2253 2338 2456 2462 Reggnla
2486 2337 2544 2391 S.
2572 2337 2763 2392 lsitlori
2792 2353 3012 2402 excusa,
3046 2338 3237 2392 eodem
3265 2353 3386 2408 cap.
3417 2337 3511 2392 20.

2243 2413 2266 2450 8
2352 2409 2511 2462 tudiis
2539 2407 2861 2462 litterarum.
2892 2407 3032 2462 Erao
3058 2409 3210 2462 nueri
3239 2409 3490 2462 monachi

2243 2413 2266 2450 8
2309 2407 2511 2462 Studiis
2539 2407 3032 2478 litterarumaErgo
3058 2409 3210 2478 pueri
3239 2407 3490 2463 monachi
3525 2419 3663 2463 sunt
3688 2409 3777 2462 lit-

2167 2481 2303 2536 teris
2344 2477 2641 2549 imbuendi.
2679 2477 2834 2534 Unde
2864 2477 2922 2532 S.
2965 2477 3236 2534 Caesarius
3264 2479 3427 2549 paulo
3454 2489 3587 2533 ante
3635 2481 3777 2534 cita-

2168 2560 2256 2606 tus
2292 2565 2400 2604 non
2439 2548 2556 2602 vult
2597 2549 2799 2619 suscipi
2841 2549 2893 2620 in
2947 2548 3339 2620 monasterium
3385 2565 3612 2620 pueros,
3665 2551 3776 2604 nisi

2167 2623 2258 2692 qui
2292 2622 2505 2675 litteras
2535 2620 2778 2674 ediscere
2804 2619 3044 2676 valeant.
3079 2620 3281 2675 Horum
3314 2619 3539 2675 Palmm
3583 2622 3779 2691 negle-

2167 2704 2253 2748 cta
2299 2692 2548 2746 doctrina
2576 2702 2797 2762 propter
2832 2706 3117 2762 operosam
3146 2692 3274 2746 olim
3313 2692 3366 2746 in
3415 2693 3778 2746 monasteriis

2167 2773 2377 2826 cantus,
2405 2765 2852 2816 ceremoniarum
2881 2771 2935 2818 et
2954 2764 3250 2818 ofﬁciorum
3273 2762 3586 2817 divinorum
3635 2764 3777 2817 mul-

2168 2834 2528 2906 tiplicitatem,
2578 2848 2870 2906 puerorum
2894 2904 2902 2906 _
2930 2833 3145 2906 ingenia
3191 2834 3362 2888 excoli
3394 2904 3403 2906 _
3433 2834 3729 2889 desierunt
3755 2875 3771 2897 ,

2167 2904 2292 2976 quia
2321 2913 2531 2974 tempus
2556 2912 2611 2958 et
2643 2904 2811 2976 otium
2841 2904 2907 2958 ad
2937 2904 3006 2959 id
3031 2921 3135 2960 non
3164 2904 3524 2976 suppetebant
3557 2923 3570 2959 :
3599 2915 3771 2973 atque

2167 2974 2294 3032 inde
2352 2975 2679 3046 ignorantia,
2715 2974 2970 3030 vitiorum
3015 2983 3190 3030 mater
3230 2974 3286 3030 et
3337 2975 3543 3040 nutrix,
3599 2985 3772 3043 atque

2167 3047 2330 3117 etiam
2355 3045 2676 3117 animorum,
2696 3060 2878 3116 aerugo
2907 3047 3115 3112 acedia,
3148 3062 3216 3101 ex
3264 3047 3552 3117 ejusmodi,
3580 3061 3772 3117 rerum

2169 3116 2388 3190 fastidio
2410 3127 2561 3180 nata,
2589 3116 2901 3190 universam
2929 3116 3383 3174 monasteriorum
3419 3116 3772 3190 disciplinam

2167 3187 2431 3246 radicitus
2462 3189 2848 3258 exstirparunt.

2691 3566 3766 3591 ψ

1757 3683 2092 3765 CAPUT
2171 3680 2510 3760 LXXVI.

1339 3840 1428 3900 UT
1455 3839 1883 3899 OBEDIENTES
1911 3838 2039 3895 SIBI
2075 3835 2228 3894 SINT
2255 3833 2537 3892 INVICEM
2561 3833 2908 3923 FRATRES.

676 4026 706 4098 ς
742 4024 786 4079 1.
825 4051 898 4065 —-
933 4010 1276 4077 Ex-Recuu
1312 4035 1500 4076 SANCTI
1539 4021 1856 4077 BENEDICTI.

558 4128 586 4156 ει
613 4111 946 4169 Obedientize
991 4110 1194 4164 bonum
1224 4125 1330 4164 non
1381 4109 1556 4165 solum
1593 4111 1777 4166 abbati
1811 4112 2076 4168 exhiben-

488 4209 616 4263 dum
655 4212 740 4260 est
785 4203 854 4257 ab
887 4200 1157 4264 omnibus,
1183 4198 1330 4254 l>sed
1371 4200 1536 4256 etiam
1581 4203 1684 4258 sibi
1727 4202 1960 4258 invicem
2001 4203 2077 4258 ita

488 4298 743 4355 obediant
795 4293 1032 4359 fratres,
1107 4293 1344 4349 scientes
1405 4309 1504 4364 per
1558 4294 1701 4351 hanc
1750 4295 2070 4352 obedientiae

565 4446 591 4473 α
633 4429 956 4487 Obedientite
997 4429 1209 4482 bonum.
1243 4427 1356 4484 Hoc
1401 4439 1562 4500 caput
1602 4429 1829 4485 multum
1857 4439 2074 4486 contert

493 4505 559 4558 ad
588 4501 1012 4565 observantiam,
1043 4500 1171 4570 quia
1214 4475 1762 4556 continetrsummam
1807 4502 2072 4558 obedien-
2099 4475 2153 4535 D

496 4576 626 4628 tiam
658 4581 713 4626 et
739 4572 1017 4626 honorem.

565 4645 592 4683 δ
619 4641 723 4697 Sed
753 4643 909 4713 etiam
935 4641 1034 4694 sibi
1060 4641 1276 4713 invicem
1305 4641 1379 4694 ita
1410 4642 1652 4713 obediant
1677 4643 1889 4713 fratres.
1917 4643 2074 4711 Quod

498 4715 663 4769 etiam
692 4711 954 4781 praeclare
977 4718 1159 4781 monet
1181 4710 1388 4781 llaymo
1409 4710 1892 4768 Halberstattensis
1916 4710 2010 4768 lib.
2032 4728 2072 4767 ιι

495 4785 561 4838 de
596 4779 893 4845 Varietate,
926 4795 1046 4850 cap.
1081 4779 1183 4833 47:
1225 4800 1242 4830 ι
1266 4779 1512 4838 invicem
1540 4784 1760 4839 obedire
1789 4784 2071 4847 debemus,

499 4854 638 4908 sicut
667 4853 808 4907 servi
827 4851 1097 4923 ‘tlominis,
1130 4851 1421 4923 secundum
1445 4855 1584 4921 quod
1609 4855 1862 4923 praecepit
1894 4854 2077 4909 Domi-

497 4940 621 5004 nus,
653 4923 779 5004 quia
809 4920 913 4988 Qui
941 4920 1053 5003 vult.
1069 4923 1123 4974 in
1144 4920 1286 4974 vobis
1313 4937 1422 4974 esse
1448 4920 1686 5004 magnus,
1713 4920 1811 5004 fiat
1842 4925 2075 5004 omnium

501 4991 811 5047 novissimus
839 5003 886 5046 et
911 4991 1141 5063 omnium
1169 5007 1376 5063 servus;
1401 4991 1597 5063 quibus
1623 4991 1794 5056 addit,
1817 5004 1878 5048 ut
1904 4995 2078 5063 magis

499 5063 870 5118 nos-inclinet
922 5060 988 5114 ad
1044 5060 1452 5117 humilitatem}
1480 5060 1628 5117 Sicut
1673 5063 1816 5132 ﬁlius
1850 5060 2077 5119 hominis

504 5150 604 5186 οιοη
638 5134 772 5186 venit
816 5131 1124 5193 ministrari,
1181 5133 1271 5187 sed
1308 5133 1607 5188 ministrare
1644 5131 1679 5186 :'
1716 5136 1809 5189 sed
1849 5145 1903 5189 et
1944 5137 2075 5190 illud

500 5201 643 5276 quod
672 5203 739 5276 ab
765 5200 1240 5276 Apostolodictum
1257 5217 1383 5276 est,
1406 5203 1838 5276 Per_eltaritatem
1863 5207 2076 5276 spiritus

497 5272 680 5346 {eruite
706 5272 940 5346 invicem.
973 5293 990 5324 ι
1013 5272 1254 5346 Epitome
1274 5274 1528 5346 Ludovici
1551 5272 1895 5346 imperatoris
1919 5292 2081 5346 super

503 5293 680 5326 servae
706 5293 940 5325 tnvtcem.
973 5293 990 5324 ι
1013 5293 1254 5341 nptwme
1274 5293 1528 5328 LHGOVICI
1551 5293 1891 5346 Imperatoris
1919 5293 1977 5331 Sil
2052 5293 2078 5331 ι·

503 5341 868 5427 Ιξθειιιιιηιηξ.
893 5341 1179 5427 βςιιράιιιιί
1215 5361 1228 5397 :
1263 5363 1282 5394 ι
1317 5343 1552 5427 Oportet
1585 5348 1806 5427 omnino
1853 5357 1908 5427 ut
1945 5293 2078 5402 ot:-

501 5413 712 5484 dieutes
737 5412 838 5467 sibi
863 5412 970 5466 sint
1001 5414 1253 5484 invicem,
1277 5427 1331 5470 et
1360 5412 1473 5484 ipsa
1503 5417 1832 5481 Olietiifinlia,
1857 5418 1901 5472 si
1925 5429 2079 5473 recto

504 5483 668 5557 corde
691 5483 1028 5557 ostendatur,
1063 5483 1172 5539 Deo
1198 5483 1441 5557 offertur.
1468 5486 1585 5556 Ipsa
1610 5496 1695 5543 est
1717 5488 1805 5542 via
1830 5504 1950 5557 qua:
1976 5490 2078 5542 du-

503 5553 578 5606 cit
603 5554 670 5606 ad
701 5555 888 5607 vitam.
920 5552 1095 5608 Citius
1122 5555 1265 5609 enim
1292 5552 1578 5610 exauditur
1608 5573 1711 5612 una
1739 5552 1914 5613 oratio
1952 5559 2081 5614 obe-

503 5621 720 5693 dientis,
756 5639 918 5693 quam
948 5624 1130 5679 decem
1163 5625 1327 5680 millia
1357 5630 1771 5684 contemnentis.
1816 5650 1834 5682 ι

580 5703 601 5762 ς
649 5689 711 5762 Ut
737 5689 1150 5762 prmpositorum.
1181 5697 1237 5748 In
1273 5698 1524 5752 omnibus
1550 5700 1706 5754 editis
1733 5709 1787 5754 et
1819 5716 1948 5754 mss.
1983 5717 2070 5755 no-

507 5761 636 5814 stris
661 5760 874 5829 legitur,
905 5773 992 5815 aut
1021 5767 1452 5833 prtrpositarum;
1487 5770 1689 5834 Optima
1712 5779 1890 5826 tamen
1916 5770 2079 5825 lectio

2178 4020 2325 4073 viam
2375 4032 2434 4072 se
2485 4014 2658 4070 ituros
2705 4010 2774 4067 ad
2839 4010 3030 4066 Deum.
3092 4006 3383 4066 Prazmisso
3422 4024 3557 4084 ergo
3606 4013 3776 4071 abba-

2177 4111 2268 4174 tis,
2319 4119 2341 4148 ε
2391 4103 2921 4177 utprtrpositorum,
2969 4100 3062 4172 qui
3108 4102 3176 4157 ab
3218 4117 3285 4159 eo
3327 4103 3774 4176 constituuntur,

2178 4202 2428 4273 imperio,
2461 4199 2487 4239 ει
2539 4198 2627 4254 cui
2659 4213 2763 4252 non
2809 4194 3177 4266 permittimus
3205 4206 3230 4236 θ
3275 4197 3489 4266 privata
3533 4199 3774 4271 imperia

2178 4293 2457 4366 praeponi,
2511 4291 2577 4346 de
2621 4297 2820 4346 caetero
2858 4303 3048 4344 omnes
3082 4287 3330 4359 iuniores
3387 4289 3408 4328 ί
3485 4290 3772 4360 prioribus

2180 4439 2380 4486 nostrae
2413 4425 2762 4488 Concordiae,
2793 4439 2916 4479 nam
2947 4432 3153 4497 rectum
3182 4439 3403 4480 sensum
3431 4422 3600 4480 efﬁcit
3630 4445 3642 4480 :
3671 4443 3774 4497 per

2179 4500 2497 4572 praepositos
2543 4499 2646 4572 hoc
2690 4497 2808 4551 loco
2857 4494 3230 4568 intelliguntur
3272 4503 3382 4550 tant
3435 4494 3774 4567 praepositus

2180 4569 2353 4643 quam
2377 4569 2587 4625 decani.

2247 4643 2274 4682 «ι
2314 4639 2414 4696 Cui
2465 4656 2568 4693 non
2617 4638 2984 4709 permittimus.
3019 4637 3093 4709 Ain
3145 4652 3251 4694 ms.
3296 4637 3356 4694 S.
3393 4637 3578 4694 Germ.
3627 4653 3769 4704 ωτι..

2179 4713 2367 4783 quibus
2398 4727 2501 4783 non
2528 4707 3087 4783 permittimustmale.

2257 4795 2281 4823 ο
2324 4780 2543 4852 Privata
2590 4780 2835 4852 imperia.
2850 4780 2922 4852 rld
2967 4789 3069 4844 est,
3097 4781 3429 4852 privatorum
3468 4782 3768 4837 monacho-

2180 4869 2300 4908 rum
2331 4851 2580 4922 imperia,
2610 4852 2701 4919 qui
2750 4851 2949 4905 nullam
2993 4851 3405 4922 praeposituram
3447 4867 3540 4907 seu
3585 4856 3769 4921 magi-

2182 4924 2407 4980 sterium
2430 4921 2710 4994 habent_i_n
2735 4923 3064 4976 monasterio
3086 4921 3254 4981 :inam
3276 4926 3769 4994 privatusproprie

2181 4995 2271 5050 ille
2313 5004 2396 5050 est
2426 4993 2519 5062 qui
2567 4991 2771 5046 nullum
2817 4993 2954 5062 gerit
2987 4991 3383 5063 magistratum.
3418 4993 3474 5048 S.
3523 4991 3768 5050 lsidort's

2181 5065 2274 5120 lib.
2304 5081 2400 5119 vm
2428 5064 2603 5134 0rig.,
2636 5077 2754 5133 cap.
2801 5063 2833 5116 4
2870 5081 2882 5115 :
2921 5082 2964 5134 ¢_
2989 5063 3189 5117 PriVati
3222 5075 3349 5119 sunt
3401 5067 3649 5119 extranei
3695 5065 3767 5119 ab

2180 5136 2371 5191 officiis
2409 5132 2656 5259 publicis.
2705 5132 2732 5185 ι
2775 5132 3058 5189 Cornelius
3101 5134 3349 5190 Fronto:
3398 5154 3416 5187 ι
3452 5136 3761 5200 Privatum,

2183 5223 2292 5259 non
2332 5223 2403 5259 nu
2447 5206 2640 5259 licum.
2682 5206 2808 5259 auia
2845 5205 3087 5259 privatus
3129 5222 3234 5259 non
3287 5207 3426 5259 aerit
3466 5221 3761 5259 personam

2183 5223 2292 5263 non
2332 5205 2640 5278 publicum,
2682 5206 2808 5278 quia
2845 5205 3087 5278 privatus
3129 5222 3234 5278 non
3287 5207 3426 5278 gerit
3466 5221 3764 5278 personam

2182 5276 2488 5350 publicam.
2522 5298 2540 5327 ι
2583 5276 2738 5346 Apud
2784 5276 3389 5350 Atheniensesia‘téénc,
3432 5276 3762 5350 qhiﬁnullum

2183 5347 2323 5420 gerit
2351 5347 2750 5420 magistratum,
2781 5348 2883 5420 qui
2903 5361 3007 5420 non
3038 5356 3121 5400 est
3155 5364 3382 5418 persona
3408 5349 3620 5418 publica
3648 5389 3664 5412 ,
3701 5358 3766 5402 ut

2181 5417 2368 5474 videre
2397 5417 2480 5472 est
2505 5418 2724 5488 passim,
2747 5417 2887 5486 apud
2919 5419 3330 5474 Demosthenem
3356 5417 3419 5474 et
3439 5420 3757 5474 lsocratem.

2263 5488 2282 5527 ί
2324 5489 2621 5561 Prioribus.
2671 5487 2729 5561 id
2775 5497 2878 5561 est,
2933 5489 3267 5561 senioribus,
3323 5489 3760 5561 antiquioribus,

2182 5557 2614 5631 praecedentibus
2653 5558 2912 5631 dignitate
2949 5560 3032 5611 vel
3055 5558 3250 5622 oflieio,
3281 5569 3341 5613 ut
3380 5557 3504 5614 sunt
3531 5562 3761 5630 presby-

2184 5630 2308 5697 teri,
2341 5630 2572 5691 diaconi,
2622 5630 3032 5701 _etc._Dienntur
3073 5632 3234 5685 etiam
3270 5633 3502 5701 priores.
3549 5634 3641 5700 qui
3686 5633 3762 5686 ub

2184 5702 2309 5756 vitae
2337 5702 2586 5772 meritum
2620 5699 2672 5752 in
2708 5699 2885 5772 altiorj
2925 5701 3096 5772 gradu
3141 5711 3197 5756 et
3230 5699 3347 5756 loco
3388 5704 3456 5756 ab
3503 5699 3622 5772 ipso
3660 5702 3760 5754 ab-

2185 5772 2310 5826 bate
2363 5771 2787 5827 constituuntur.
2855 5770 3140 5840 chradati
3203 5781 3381 5827 tamen
3422 5813 3438 5838 ,
3492 5770 3595 5827 hoc
3647 5780 3754 5836 est,
