4062 6332
242 362 398 426 1589

1150 362 1542 424 CONCORDIA
1579 363 2040 425 REGULARUM.
2082 397 2154 410 —
2191 367 2344 426 CAP.
2384 365 2623 428 LXXVI.

3379 375 3517 434 1570

238 485 362 543 suis
393 493 420 526 ι
475 477 622 538 omni
683 478 956 538 cbaritate
1012 488 1069 536 et
1127 478 1492 539 sollicitudine
1547 480 1825 537 obediant.
1855 482 2062 544 Arans
2124 483 2335 539 exstitit
2388 493 2622 558 cognato
2685 499 2783 542 suo
2839 484 3030 543 Jetbro
3073 486 3272 559 (Exod.
3333 491 3512 565 xvm),

239 574 399 645 Quod
447 574 491 630 si
551 575 674 645 quis
725 573 1099 630 contentiosus
1139 572 1170 614 ιι
1233 575 1527 646 reperitur,
1568 574 1831 644 corripia-

241 674 355 720 tur.
373 674 395 703 ε
414 661 472 719 Si
503 662 625 734 quis
642 670 821 716 autem
845 661 1014 717 frater
1031 677 1130 733 pro
1151 662 1344 732 quavis
1367 661 1592 716 nnnima
1618 660 1644 701 δ
1669 675 1830 717 causa

238 757 316 812 ab
345 755 539 810 abbate
584 752 669 808 vel
709 769 738 807 a
787 768 1112 825 quocunque
1158 754 1340 825 priore
1387 770 1486 809 suo
1537 753 1832 825 corripitur

239 846 489 919 quolibet
543 845 741 911 modo,
797 845 882 900 vel
925 846 968 900 si
1018 845 1214 902 leviter
1269 847 1503 902 senserit
1558 856 1581 884 θ
1620 845 1832 901 animos

237 941 446 1014 prioris
470 938 840 1010 cujuscunque
879 950 1070 996 contra
1101 956 1159 997 se
1187 940 1356 997 iratos
1380 941 1464 996 vel
1505 950 1828 1004 commotos,

239 1033 495 1106 quamvis
535 1033 777 1097 modice,
823 1047 948 1088 mox
993 1035 1108 1090 sine
1159 1050 1309 1090 mora
1357 1035 1541 1090 tandiu
1588 1045 1832 1107 prostra-

241 1133 336 1180 tus
355 1124 408 1178 in
427 1133 570 1178 terra
595 1132 722 1178 ante
737 1124 900 1196 pedes
923 1125 1040 1195 ejus
1055 1123 1235 1194 jaceat
1250 1125 1614 1191 satisfaciens,
1637 1140 1833 1196 usque-

239 1218 375 1273 dum
411 1215 430 1255 ί
475 1216 850 1272 benedictione
888 1225 1113 1271 sanetur
1143 1219 1169 1258 8
1206 1217 1296 1272 illa
1334 1217 1646 1272 commotio.
1677 1215 1832 1283 Quod

239 1309 339 1380 qui
387 1308 776 1378 contempserit
833 1307 1050 1372 facere,
1109 1316 1203 1364 aut
1266 1308 1534 1380 corporali
1580 1309 1833 1364 vindicta:

239 1400 548 1470 suljaceat.
599 1408 716 1462 aut,
762 1399 809 1453 si
853 1407 1145 1455 contumax
1200 1399 1401 1468 fuerit,
1445 1401 1510 1457 de
1555 1410 1832 1458 monaste-

236 1489 326 1547 rio
354 1491 382 1531 ιι
415 1489 741 1562 expellatur.

339 1583 368 1655 §
403 1583 465 1638 11.
505 1615 578 1625 -
615 1585 694 1640 Ex
735 1583 961 1640 chvu
999 1599 1187 1644 SANC'I'I
1226 1586 1430 1642 Bssmr
1470 1585 1608 1659 (cap.
1649 1585 1761 1658 64).

319 1672 583 1744 Interrog.
632 1673 952 1742 iQuomodo
983 1675 1219 1730 invicem
1245 1677 1508 1732 obaudire
1536 1663 1835 1734 debemus?

235 1763 482 1837 -—Resp.
509 1764 662 1822 Sicut
683 1767 825 1822 servi
850 1767 1105 1831 dominis,
1142 1771 1441 1826 secundum
1471 1773 1615 1842 quod
1639 1773 1833 1842 ρι’ωεί-

1929 590 2050 631 cum
2090 577 2240 632 utilia
2277 587 2523 635 moneret
2559 588 2614 636 et
2643 579 2809 650 iusta.
2860 591 2888 620 υ
2928 581 3360 639 Commotionum
3390 600 3522 642 sane

1929 685 2036 725 non
2068 685 2234 740 parva
2295 680 2381 728 est
2437 673 2743 729 diversitas.
2799 674 2932 731 Alite
3003 692 3238 748 namque
3300 686 3520 733 contra-

1930 764 2026 819 rize
2063 763 2315 820 videntur
2355 782 2478 822 esse
2526 768 2797 823 mandatis
2843 769 2968 833 Dei,
3000 769 3119 824 aliae
3160 783 3291 824 vero
3343 771 3519 825 inter.

1930 872 2182 927 rumpere
2207 859 2519 914 mandatum
2549 860 2632 914 vel
2679 861 3052 916 contaminare
3083 861 3211 916 illud
3239 863 3512 931 videntur,

1931 949 2051 1003 alim
2080 964 2210 1004 vero
2251 951 2316 1004 arl
2357 951 2680 1021 explendum
2726 953 2778 1008 id
2821 962 2983 1023 atque
3013 953 3387 1010 aedificandum
3429 970 3524 1010 ve-

1933 1041 2110 1096 niunt.
2153 1041 2532 1099 Necessarium
2570 1061 2700 1116 ergo
2743 1055 2828 1101 est
2874 1047 3188 1102 meminisse
3239 1047 3524 1117 apostolici

1931 1135 2189 1205 praecepti
2233 1135 2463 1190 dicentis
2493 1155 2506 1190 :
2559 1137 2872 1208 Proplietias
2905 1137 3065 1192 nolite
3093 1153 3340 1209 spernere
3365 1155 3382 1201 ,°
3407 1155 3516 1192 om-

1933 1220 2022 1272 nia
2049 1220 2286 1290 probate,
2319 1221 2458 1291 quod
2491 1221 2684 1276 bonum
2721 1232 2796 1276 est
2827 1223 3041 1277 retinete
3075 1237 3094 1276 :
3130 1222 3196 1277 ab
3239 1224 3380 1277 omni
3409 1240 3524 1293 spe-

1935 1311 2013 1363 cie
2046 1311 2188 1366 mala
2235 1311 2487 1368 abstinete
2536 1331 2624 1368 vos
2667 1313 2754 1386 (ΙΙ
2794 1313 2974 1368 Thess.
3025 1314 3101 1388 v).
3159 1315 3229 1370 Et
3265 1315 3462 1370 iterum
3505 1333 3519 1372 :

1939 1401 2294 1474 Cogitationes
2331 1417 2614 1475 purgantes
2655 1406 2731 1462 vel
2767 1407 3091 1462 destruentes
3137 1418 3185 1462 et
3214 1424 3419 1463 onmem
3446 1407 3514 1462 al-

1941 1495 2222 1550 titudinem
2252 1497 2581 1552 extollentem
2612 1515 2666 1553 se
2699 1499 2949 1553 adversus
2979 1500 3254 1554 scientiam
3298 1499 3392 1554 Dei
3416 1539 3432 1566 ,
3478 1508 3526 1554 et

1935 1587 2254 1658 captivantes
2293 1604 2499 1642 omnem
2536 1588 2856 1644 intellectum
2896 1590 2966 1644 ad
2997 1589 3343 1644 obedientium
3374 1589 3527 1644 Chri-

1934 1687 2015 1732 sto
2060 1677 2113 1751 (Ι
2161 1676 2285 1734 Cor.
2341 1679 2419 1750 x).
2478 1679 2535 1735 Si
2575 1681 2704 1752 quid
2747 1696 2878 1752 ergo
2919 1689 3005 1736 est
3047 1681 3191 1752 quod
3234 1681 3526 1735 conveniat

1937 1788 2061 1829 cum
2089 1774 2350 1828 mandato
2393 1773 2489 1828 Dei
2533 1786 2587 1828 et
2618 1775 2812 1830 animm
2843 1774 3117 1845 expediat,
3147 1783 3203 1828 et
3233 1774 3338 1830 hoc
3367 1773 3526 1831 nobis

236 1858 320 1929 pit
348 1857 609 1914 Dominus
638 1878 651 1912 :
677 1858 816 1926 Quia
843 1861 935 1932 qui
963 1860 1071 1916 vult
1097 1862 1153 1916 in
1190 1863 1334 1917 vobis
1362 1880 1474 1918 esse
1515 1863 1528 1915 i
1571 1882 1826 1936 magnus,
1859 1853 1909 1915 Β
1936 1868 2005 1923 ab
2047 1867 2232 1938 aliquo
2274 1866 2439 1923 fuerit
2481 1867 2825 1938 imperatum,
2867 1867 3011 1922 velut
3057 1866 3395 1922 voluntatem
3426 1864 3524 1920 Dei

237 1949 335 2019 ﬁat
351 1950 584 2005 omnium
623 1951 934 2006 novissimus
954 1993 969 2018 ,
994 1961 1042 2006 et
1066 1953 1297 2007 omnium
1312 1971 1490 2009 servus
1522 1953 1718 2027 (Marc.
1747 1956 1824 2029 κ).

237 2037 450 2107 Quibus
479 2041 646 2107 addit,
672 2051 731 2097 ut
759 2043 931 2113 magis
955 2059 1052 2099 nos
1080 2044 1304 2100 inclinet
1332 2046 1401 2100 ad
1432 2046 1826 2104 humilitatem:

239 2129 396 2188 Sicut
432 2131 576 2202 ﬁlius
605 2133 832 2189 hominis
878 2151 982 2190 non
1009 2137 1148 2190 venit
1190 2137 1506 2206 ministrari,
1550 2139 1641 2193 sed
1672 2140 1830 2194 mini-

237 2235 411 2282 strare
447 2225 663 2299 (Matth.
712 2232 826 2300 xx).
862 2227 970 2284 Sed
1001 2237 1056 2284 et
1103 2228 1236 2285 illud
1282 2231 1426 2300 quod
1473 2231 1542 2286 ab
1573 2231 1832 2302 Apustolo

243 2318 448 2374 dictum
490 2328 615 2374 est:
657 2317 762 2374 Per
801 2319 1108 2374 charitatem
1133 2322 1348 2393 spiritus
1381 2322 1566 2377 servite
1610 2323 1830 2379 invicem

247 2405 392 2484 (Gal.
421 2410 500 2484 v).

645 2503 673 2577 §
711 2505 794 2560 Ill.
833 2536 905 2546 —
941 2505 1076 2563 Item
1126 2506 1264 2579 (cap.
1305 2507 1417 2579 15).

316 2593 582 2670 Interrog.
624 2596 652 2636 ιι
701 2595 760 2651 Si
796 2607 1013 2669 oportet
1054 2599 1308 2656 omnibus
1349 2600 1434 2656 vel
1493 2601 1828 2672 quibuscuu-

243 2701 350 2760 que
387 2686 650 2742 obedire?
670 2718 740 2728 -
765 2687 920 2759 Resp.
968 2688 1172 2745 Eorum
1194 2691 1415 2761 quidem
1446 2692 1538 2761 qui
1563 2692 1832 2763 imperant

245 2777 548 2836 differentia
573 2777 659 2834 vel
685 2779 975 2836 diversitas
1009 2797 1118 2837 non
1163 2781 1326 2838 debet
1360 2780 1378 2820 ι
1413 2783 1678 2854 impedire
1701 2785 1832 2840 obe-

223 2869 505 2946 dientium
543 2871 852 2944 proposito;
883 2885 924 2914 ιιι
954 2874 1082 2945 quia
1113 2889 1291 2944 neque
1326 2874 1541 2946 Moyses
1570 2876 1832 2948 intempe‘

248 2983 337 3054 qui
365 2983 435 3040 ob
461 2985 652 3040 vitium
700 3001 858 3042 suum
910 2987 963 3042 in
993 2985 1243 3043 ultimum
1276 3003 1370 3043 seu
1403 2986 1714 3044 inferiorem
1743 2988 1828 3044 lo-

249 3070 371 3129 cum
400 3056 775 3124 deturbantur,
800 3074 906 3113 non
933 3069 1161 3129 possunt
1194 3059 1304 3114 dici
1331 3058 1543 3129 priores
1573 3074 1762 3116 eorum
1796 3077 1828 3116 a

252 3126 446 3198 quibus
471 3129 870 3197 przecednntur.

280 3195 286 3242 ῖ
315 3209 343 3238 α
383 3195 537 3251 οηίηὶ
555 3199 828 3255 charitate.
853 3201 910 3256 ln
944 3201 1083 3258 Vict.
1104 3200 1380 3267 Ma.,Cum
1396 3203 1537 3257 omni
1549 3203 1822 3258 charitate.

319 3269 348 3308 δ
388 3267 686 3344 ῌρρειέὶιωκ
719 3269 778 3325 In
815 3271 948 3344 Vict.
979 3290 1054 3344 p.,
1086 3272 1270 3328 Fuerit
1306 3281 1528 3344 reperta.

319 3349 343 3379 ο
382 3337 445 3427 Si
467 3337 587 3427 quis
617 3337 1001 3427 autem‘frate’r'.
1034 3344 1190 3427 Qirca
1221 3337 1369 3427 banc
1394 3352 1824 3427 prostrationem

244 3409 362 3484 haec
393 3409 705 3467 statuuntur
733 3428 750 3466 ι
778 3409 916 3468 Α’άά.
943 3415 1178 3484 Capitul.
1227 3414 1364 3484 Ludi.
1392 3409 1550 3483 imp.,
1594 3415 1678 3468 tit.
1706 3417 1773 3468 15
1807 3434 1820 3470 :

252 3499 272 3532 ι
306 3479 378 3536 Ut
402 3496 525 3554 cu‘m
571 3496 602 3554 a
633 3497 954 3552 quocunque
988 3479 1168 3554 priore
1207 3499 1306 3538 suo
1341 3479 1655 3554 increpatus
1700 3487 1824 3553 quis

245 3565 432 3606 eorum
458 3548 783 3626 fuerit,:mea
806 3548 960 3626 culpa
990 3548 1183 3626 ’primo
1218 3555 1402 3618 dicat;
1447 3548 1646 3626 deinde
1698 3548 1825 3625 pro-

245 3631 492 3695 sternens
529 3630 589 3677 se
628 3621 771 3678 illius
799 3621 1026 3695 pedibus
1064 3641 1187 3681 cum
1218 3639 1386 3695 cappa
1407 3664 1421 3689 ,
1467 3625 1514 3679 si
1545 3621 1821 3691 habuerit,

247 3693 458 3767 veniam
485 3701 737 3767 petattet
765 3704 890 3767 tunc
911 3693 1137 3764 jubente
1162 3693 1346 3767 priore
1369 3703 1575 3767 surgat,
1605 3706 1659 3752 et
1681 3698 1824 3750 unde

248 3764 610 3833 interrogatus
660 3763 843 3830 fuerit,
896 3763 1180 3822 rationem'
1213 3763 1492 3822 humiliter
1546 3767 1758 3821 reddat.
1796 3785 1817 3819 ι

246 3833 382 3890 Nota
417 3835 541 3906 quia
562 3850 634 3907 (se
673 3851 779 3890 non
811 3835 970 3892 debet
997 3836 1487 3907 excusarejunior,
1518 3837 1623 3892 nisi
1655 3838 1823 3892 ratio—

247 3921 371 3978 nem
405 3906 572 3978 errati
615 3914 769 3977 petat
796 3909 946 3977 prior
972 3924 1067 3964 seu
1096 3906 1296 3963 senior.
1322 3908 1456 3963 Item
1488 3909 1542 3963 in
1571 3908 1822 3978 Epitome

243 3975 498 4050 Ludovici
545 3975 887 4050 imperatoris
917 3995 1080 4050 super
1110 3979 1368 4050 Regulam
1409 3978 1468 4034 S.
1499 3975 1771 4050 Benedicti
1803 3998 1816 4033 :

251 4065 269 4098 ι
304 4045 361 4102 Si
390 4047 560 4121 frater
590 4045 903 4121 increpatnr
925 4066 956 4104 a
983 4045 1405 4121 majore'priore
1429 4049 1816 4121 qualicunque,

246 4125 339 4171 aut
361 4118 428 4174 ab
455 4118 561 4192 alio
581 4119 850 4192 quolibet,
882 4131 976 4176 aut
999 4118 1148 4176 certe
1176 4138 1206 4176 a
1223 4118 1821 4192 iuniore—reprehendi-

247 4197 333 4243 tur
359 4203 457 4259 pro
485 4189 588 4243 alia
619 4190 858 4260 qualibet
892 4208 971 4258 re,
1015 4208 1138 4247 cum
1183 4189 1392 4247 summa
1420 4189 1706 4248 velocitate
1729 4207 1820 4247 ca-

247 4260 376 4334 dens
426 4261 636 4334 veniam
664 4262 900 4331 postulet
945 4281 958 4316 :
991 4264 1120 4333 quia
1167 4263 1283 4318 haec
1320 4263 1510 4318 eadem
1543 4263 1821 4334 humilitas

245 4329 354 4386 Deo
400 4329 705 4393 exhibetur,
755 4348 861 4387 non
898 4329 1123 4399 honiini,
1172 4342 1228 4388 et
1252 4335 1296 4388 si
1337 4348 1402 4387 ex
1426 4333 1590 4388 corde
1630 4332 1816 4400 fuerit,

247 4403 351 4455 cito
380 4401 764 4472 indulgentiam
796 4405 1111 4460 merebitur.
1150 4424 1168 4457 ι
1207 4403 1308 4460 Ubi
1331 4405 1557 4460 observa
1586 4404 1691 4458 hoc
1726 4405 1820 4459 de-

247 4483 394 4546 creto
421 4473 668 4546 statuigut
692 4473 857 4528 etiam
884 4477 1034 4544 prior
1060 4488 1154 4532 seu
1198 4475 1382 4530 senior
1408 4490 1438 4528 a
1475 4474 1693 4546 juniore
1732 4489 1821 4530 re-

245 4544 540 4666 prehensus
588 4544 642 4597 in
684 4553 884 4601 terram
931 4554 1327 4618 prosternatur,
1378 4544 1522 4616 quod
1553 4555 1736 4600 tamen
1784 4561 1816 4600 a

295 4611 447 4666 ecula
476 4628 580 4666 non
617 4616 1004 4666 praescribitur-
1036 4617 1206 4666 Porro
1235 4634 1341 4666 non
1366 4617 1525 4666 modo
1556 4615 1726 4666 frater
1747 4618 1816 4666 ah

1855 3245 1899 3310 C

1932 1968 2184 2030 prompte
2233 1974 2296 2014 ac
2324 1959 2558 2016 libenter
2585 1961 2846 2016 debemus
2891 1960 3138 2032 accipere
3167 1966 3223 2014 et
3266 1957 3483 2028 explere
3508 1995 3525 2025 ο

1933 2051 2076 2121 quod
2113 2051 2318 2106 dictum
2361 2058 2445 2106 est
2475 2069 2488 2105 :
2539 2059 2564 2086 ο
2614 2050 3040 2122 Obtemperantes
3075 2050 3292 2104 invicem
3319 2052 3373 2102 in
3402 2048 3528 2102 cha-

1933 2144 2089 2197 ritate
2123 2142 2320 2197 Christi
2380 2142 2595 2216 (Ephes.
2646 2144 2743 2213 iv).
2802 2140 2898 2196 Sin
2956 2151 3140 2195 autem
3187 2139 3526 2194 contrarium

1935 2235 2138 2305 aliquid
2178 2236 2450 2291 mandatis
2489 2235 2608 2301 Dei,
2650 2234 2736 2289 vel
2770 2234 2914 2303 quod
2951 2248 3015 2288 ea
3059 2245 3410 2302 corrumpere.
3437 2229 3524 2285 vi-

1934 2327 2129 2382 deatur
2156 2336 2248 2382 aut
2280 2326 2675 2393 contaminare,
2719 2324 2904 2381 facere
2941 2323 3198 2394 jubemur
3238 2333 3265 2373 ρ
3303 2322 3520 2392 aliquo,

1936 2425 2156 2487 tempus
2214 2426 2298 2472 est
2343 2433 2442 2471 nos
2479 2417 2703 2472 dicere:
2749 2415 3120 2486 Obtemperare
3167 2421 3370 2484 oportet
3413 2410 3524 2467 Deo

1931 2509 2101 2579 magis
2138 2525 2297 2579 quam
2339 2509 2634 2563 hominibus
2663 2508 2802 2580 (Act.
2846 2506 2923 2578 v).
2964 2506 3028 2561 Et
3058 2520 3276 2560 rursum
3323 2504 3520 2560 memi-

1932 2602 2082 2658 nisse
2107 2602 2318 2657 Domini
2366 2604 2598 2658 dicentis
2638 2621 2652 2657 :
2686 2614 2714 2653 ιι
2763 2601 2936 2656 Alieni
2978 2610 3155 2656 autem
3194 2616 3371 2655 vocem
3417 2615 3522 2654 non

1933 2706 2240 2768 sequuntur,
2271 2698 2362 2752 sed
2392 2699 2602 2769 fugiunt
2627 2697 2692 2752 ab
2733 2713 2813 2759 eo,
2847 2695 3097 2768 quoniam
3127 2693 3360 2748 nesciunt
3389 2692 3525 2748 alie-

1942 2808 2133 2845 norum
2159 2809 2332 2846 vocem
2363 2791 2546 2864 (Joan.
2579 2791 2658 2863 ι).
2691 2790 2798 2846 Sed
2827 2797 2883 2845 et
2917 2787 3091 2843 sancti
3132 2773 3359 2857 apostoli
3399 2800 3516 2841 mo-

1933 2895 2115 2936 mores
2143 2895 2263 2937 esse
2291 2881 2572 2946 debemus,
2605 2879 2698 2949 qui
2736 2880 2803 2934 ad
2835 2888 3080 2934 nostram
3120 2876 3389 2932 cautelam
3427 2891 3524 2930 au-

2014 2993 2029 3032 ί
2077 2991 2352 3058 Quomodo
2404 2991 2644 3046 invicem.
2691 2991 2933 3046 Habetur
2958 2989 3097 3060 apud
3130 2987 3187 3043 S.
3222 2987 3517 3060 Basiliuui,

1933 3057 2124 3132 interr.
2160 3063 2262 3117 113
2289 3062 2478 3132 Regul.
2519 3065 2695 3126 brev.,
2727 3071 2783 3116 et
2813 3062 2952 3132 apud
2980 3057 3256 3132 Ruﬁnum,
3280 3075 3398 3129 cap.
3427 3057 3519 3111 42.

2008 3131 2021 3182 i
2073 3133 2321 3206 Magnus.
2347 3130 2440 3206 iUt
2465 3135 2621 3206 apud
2644 3130 2976 3206 Hayiiioiiem
3022 3130 3519 3206 Hallierstateusein

1935 3204 2058 3260 loco
2102 3199 2275 3276 supra;
2310 3199 2512 3268 citato,
2530 3213 2586 3259 et
2613 3205 2667 3259 in
2699 3199 2850 3259 textu
2881 3201 3072 3276 Graeco
3098 3199 3394 3276 Evangelii,
3420 3201 3512 3268 μί-

1963 3299 2044 3340 ας,
2088 3276 2143 3330 iu
2170 3272 2404 3346 'vulgata
2452 3273 3150 3346 interpretatique,gmnjor,
3200 3272 3291 3326 hic
3333 3284 3514 3324 autem

1963 3299 2044 3340 ας,
2089 3299 2143 3330 ΙΙΙ
2194 3299 2404 3346 γυιείιιει
2452 3299 2917 3346 ιιηυνμωιξιιιυιιυ,
2948 3299 3032 3343 11ης

1927 3299 2080 3401 locus
2113 3355 2395 3401 contracte
2427 3345 2630 3398 citatnr
2658 3361 2688 3397 a
2721 3344 2780 3398 S.
2813 3343 3032 3398 Basilio.

2001 3417 2028 3486 ιε
2073 3417 2134 3470 Si
2164 3425 2383 3486 oportet.
2440 3414 2708 3486 Habeiur_
2730 3416 2873 3486 apud
2918 3412 2974 3466 S.
3005 3409 3510 3486 Basiliiim,_interr.

1929 3485 2030 3539 lib
2060 3481 2393 3555 lleg.'brev.,
2430 3493 2487 3538 et
2510 3485 2650 3554 apud
2679 3481 2956 3548 Rulinum,
2989 3483 3236 3555 capuli.
3271 3481 3370 3555 Hic
3419 3495 3515 3533 au-

1928 3565 2037 3611 tem
2068 3551 2256 3611 titulus
2277 3551 2613 3611 contractior
2639 3565 2908 3625 estquam
2937 3556 3078 3625 apud
3107 3551 3164 3608 S.
3194 3552 3474 3625 Basilium.

2002 3625 2019 3663 1
2049 3625 2306 3697 Impedite
2325 3627 2675 3680 obedientium
2703 3622 2991 3697 proposito.
3020 3622 3303 3697 Impedire,
3330 3623 3383 3676 id
3409 3629 3515 3697 est,

1924 3693 2144 3759 nocere,
2177 3698 2320 3752 unde
2348 3699 2401 3751 in
2432 3705 2580 3750 textu
2608 3693 2809 3751 Grmco'
2831 3694 3027 3766 legitur
3055 3695 3228 3767 ὀφιὶλιρ
3254 3693 3521 3768 ne:an-

1923 3789 2089 3828 πτειν.
2132 3768 2182 3821 id
2211 3776 2312 3830 est,
2344 3769 2499 3822 debet
2531 3783 2749 3822 nocere.

1997 3851 2038 3878 ω
2079 3838 2217 3909 Quia
2247 3828 2410 3909 neque
2436 3836 2643 3909 Moyses
2673 3839 3045 3909 intemperans.
3074 3836 3150 3890 Ita
3181 3834 3332 3909 apud
3365 3828 3518 3889 Rufi-

1922 3924 2073 3964 num.
2102 3902 2218 3963 Sed
2264 3902 2425 3981 lege:
2472 3902 3031 3981 ΔΙλιὶοιτιεηιριτηίὶηις;-ἱ.1
3083 3902 3263 3981 tentus
3293 3902 3517 3981 Graecus

1921 3985 2239 4057 εαρήκονσξ,
2275 3976 2418 4050 quod
2469 3978 2611 4034 idem
2628 3976 2821 4057 sonat,
2847 3986 2922 4057 .et
2963 3978 3188 4057 liistoria
3218 3976 3512 4057 postulunt.

1922 4046 2252 4106 Et'notanda
2281 4046 2367 4106 est
2388 4065 2600 4106 summa
2624 4050 2826 4120 Moysis
2847 4048 3146 4114 humilitas,
3161 4046 3273 4118 qui,
3298 4046 3519 4120 etiarnsi

1923 4137 2044 4178 cum
2081 4122 2191 4177 Deo
2216 4121 2357 4177 facie
2383 4123 2451 4176 ad
2485 4120 2678 4175 faciem
2705 4117 3038 4190 loqueretur,
3068 4117 3386 4175 nontamen
3416 4117 3514 4171 hoe

1921 4193 2087 4247 minis
2106 4194 2371 4264 peregrini
2396 4191 2683 4264 co-isilinm
2714 4199 3038 4264 aspernatus
3061 4203 3143 4245 est
3171 4207 3185 4256 ;
3214 4198 3274 4243 ut
3295 4190 3507 4243 discant

1924 4262 2170 4318 rectores
2202 4262 2424 4319 suorum
2455 4262 2683 4319 consilia
2711 4262 3029 4316 inferiorum
3063 4277 3166 4314 non
3191 4271 3469 4330 spernere.

1995 4345 2034 4405 οῖ
2060 4334 2502 4389 Commotionum.
2535 4333 2700 4405 Lege,
2735 4327 3235 4394 commonitionum,
3267 4338 3327 4383 ut
3367 4327 3508 4398 apud

1921 4404 2198 4459 Ruﬁnum.

1999 4483 2023 4510 ο
2065 4473 2737 4545 Obtemperantesinvicem
2763 4474 2820 4528 in
2847 4472 3121 4545 charitate.
3146 4469 3227 4524 Ad
3255 4469 3390 4540 Eph.
3431 4482 3506 4545 tv.

1924 4545 2003 4616 l_ta
2033 4547 2174 4616 apud
2195 4539 2474 4600 Rufinum.
2504 4544 2938 4616 Nihilominusin
2957 4542 3203 4616 versione
3218 4539 3509 4616 communi,

295 4611 447 4688 egula
476 4628 580 4666 non
616 4607 1004 4682 praescribitur.
1036 4617 1206 4673 Porro
1235 4607 1341 4672 non
1365 4607 1525 4672 modo
1556 4615 1726 4670 frater
1747 4618 1816 4672 ab
1843 4610 1896 4670 D
1923 4607 2305 4688 Supportantcs
2329 4616 2550 4688 invicem
2576 4615 2632 4668 in
2658 4615 2934 4688 charitate.
2954 4611 3106 4688 juxta
3127 4619 3341 4688 textum
3359 4607 3510 4664 Grie-

246 4685 558 4758 abliatesuo
585 4692 679 4738 aut
709 4689 1018 4755 przrposito,
1067 4690 1161 4744 sed
1202 4689 1366 4744 etiam
1403 4704 1433 4742 a
1477 4688 1814 4758 quibuscun-

243 4769 345 4831 que
372 4753 644 4824 prioribus
671 4753 726 4831 et
762 4753 1064 4831 senioribus
1109 4759 1224 4814 suis
1262 4753 1578 4831 objurgatus
1606 4773 1664 4831 se
1699 4759 1818 4831 ejus

244 4826 466 4899 pedibus
513 4827 830 4899 provolvere
861 4828 1040 4892 debet,
1069 4836 1128 4882 ut
1173 4844 1240 4883 ex
1271 4826 1454 4884 verbis
1498 4826 1818 4899 Regula—li-

245 4895 404 4964 quido
436 4895 650 4970 constat
679 4917 691 4951 :
722 4897 824 4970 _Vel
859 4917 890 4952 α
919 4915 1223 4970 quocunque
1251 4900 1424 4968 priore
1470 4915 1566 4970 suo
1581 4895 1818 4970 ἐοννίρί-

245 4975 329 5038 tur
353 4967 581 5038 quolibet
611 4968 783 5028 modo.
834 4970 910 5023 vel
932 4967 1111 5024 leviter
1133 4967 1350 5023 senserit
1389 4969 1595 5022 animos
1623 4967 1815 5038 prioris

246 5037 596 5108 cujuscunque
622 5049 805 5092 contra
849 5057 906 5094 se
949 5042 1133 5094 iratos.
1184 5039 1369 5110 Neque
1411 5039 1555 5094 enim
1591 5037 1709 5110 hinc
1750 5041 1818 5095 de

285 5111 547 5180 nepos-ito,
581 5110 673 5180 qui
699 5111 860 5180 vulgo
886 5111 1084 5164 dicitur
1109 5109 1814 5180 prior,’possuntintelligi.

246 5123 547 5232 przeposno,
581 5126 673 5180 qui
699 5123 860 5180 vulgo
886 5123 1084 5164 dieitur
1109 5126 1280 5180 prior,
1311 5123 1538 5180 possunt
1566 5123 1814 5180 Intelligi.

272 5177 576 5263 Lucentem
627 5181 882 5263 praeclara
911 5190 995 5263 est
1046 5181 1338 5263 institutio,
1367 5180 1493 5263 quia
1536 5178 1817 5248 juniorum

248 5250 594 5320 petulantiam
628 5250 974 5321 comprimit,
1020 5253 1114 5322 qui
1155 5252 1244 5307 ubi
1289 5250 1532 5306 seniores
1559 5265 1820 5320 spernere

251 5333 545 5394 coeperunt,
573 5323 682 5394 cito
705 5338 736 5376 a
762 5322 870 5376 vita
902 5324 1152 5394 religiosa
1184 5323 1460 5378 deﬁciunt.

315 5393 339 5432 ιι
381 5392 575 5448 Causa.
605 5393 787 5464 ldest,
810 5392 1164 5464 rculpafVide
1189 5394 1438 5464 superius
1467 5398 1672 5464 notata.

279 5534 290 5546 .
322 5475 343 5502 ο
383 5465 617 5586 ίῖηιῃιοε.
674 5463 755 5519 Ita
801 5463 858 5519 in
887 5463 1009 5521 cod.
1061 5463 1120 5520 S.
1170 5463 1356 5520 Germ.
1391 5478 1525 5530 ma.,
1556 5463 1716 5535 vulgo
1762 5463 1819 5518 in

279 5550 396 5586 mtzu
422 5551 521 5586 an.

251 5550 521 5589 ειηαιιιιιη.

323 5551 770 5663 [ειὲἒξέέάὶειὶοηε.
806 5608 865 5663 ld
893 5615 996 5671 est,
1043 5607 1184 5662 bona
1213 5606 1546 5676 precatione,
1579 5613 1639 5676 ut
1663 5604 1710 5659 si
1736 5603 1822 5659 di-

250 5684 331 5730 rat
359 5677 539 5732 senior
570 5695 583 5731 :
613 5679 894 5734 Benedicat
917 5689 966 5734 te
988 5677 1149 5742 Dens,
1195 5675 1279 5732 vel
1308 5678 1450 5746 quod
1477 5675 1674 5746 simile.

319 5749 343 5786 ε
381 5746 486 5818 Illa
517 5753 812 5818 commotio.
843 5751 901 5805 In
925 5750 1046 5806 cod.
1074 5748 1225 5818 Vict.
1250 5763 1304 5818 p.
1327 5745 1489 5802 deest
1513 5749 1573 5802 τὸ
1596 5745 1712 5800 illa.

316 5818 341 5857 ιι
385 5817 716 5888 Expettatur.
763 5820 1038 5879 Adhibitis
1083 5817 1336 5877 omnibus
1384 5818 1454 5875 iis
1497 5831 1618 5889 quae
1657 5830 1821 5888 supra

254 5895 445 5943 statuta
469 5896 611 5944 sunt.

1921 4685 2044 4741 cum
2069 4687 2352 4758 Apostoliiz
2392 4687 2695 4758 ἀνεχόμινρι
2723 4685 2943 4745 ἀλλήλων
2971 4686 3021 4739 ἐν
3043 4685 3240 4757 ἀγάπῃ.

1997 4768 2024 4806 p
2063 4755 2272 4828 Aliquo.
2316 4755 2573 4828 Lege,"ab
2603 4755 2802 4828 aliquo.

1995 4839 2022 4878 τι
2053 4821 2222 4881 Alieni
2249 4821 2423 4898 autem
2445 4843 2617 4880 vocem
2643 4821 2743 4880 non
2757 4823 3151 4898 sequunturJta
3180 4823 3318 4898 apud
3340 4821 3507 4898 But;

1929 4915 2054 4953 nam
2103 4898 2157 4951 in
2190 4897 2405 4969 vulgata
2456 4893 2900 4969 interpretatione
2932 4895 3169 4969 iJoan._x
3213 4893 3227 4948 Ξ
3267 4893 3510 4969 étienum

1927 4979 2103 5023 autem
2129 4984 2234 5021 non
2260 4963 2567 5039 sEquuntur.
2600 4963 2698 5022 His
2721 4979 2902 5023 autem
2929 4967 3065 5039 locis
3086 4965 3242 5039 docet
3273 4963 3331 5018 S.
3361 4963 3508 5017 Basi-

1926 5039 2031 5094 lius
2063 5054 2172 5092 non
2205 5037 2830 5108 esse—obtemperandum
2851 5037 3365 5108 praecipientibusea
3387 5047 3507 5108 quae

1927 5125 2048 5164 cum
2081 5108 2197 5179 lege
2233 5110 2416 5164 divina
2462 5105 2722 5180 pugnant.
2757 5105 2945 5180 Itaque
2987 5105 3032 5180 si
3062 5107 3240 5180 videat
3282 5105 3504 5180 inferior

1925 5176 2240 5254 mandatum
2287 5176 2581 5254 superioris
2608 5176 2903 5254 manifest—eg
2935 5178 3034 5248 legi
3080 5176 3277 5231 divina:
3323 5178 3506 5231 adver-

1926 5251 2059 5314 sari,
2090 5265 2192 5304 nec
2239 5251 2472 5316 tenetur,
2522 5267 2621 5306 nec
2651 5251 2812 5305 debet
2857 5251 3230 5319 obtemperare
3271 5265 3284 5302 :
3333 5261 3504 5315 neque

1931 5321 2093 5392 etiam
2125 5320 2250 5374 talia
2278 5322 2534 5392 imperari
2578 5321 2794 5392 debent.
2829 5320 2941 5374 Etsi
2977 5318 3141 5392 Mulio
3181 5318 3504 5392 imperatum

1927 5391 2170 5461 legamus
2201 5400 2260 5446 ut
2291 5387 2481 5457 lilium,
2511 5400 2567 5446 et
2591 5391 2748 5444 alteri
2776 5399 2834 5444 ut
2860 5406 2918 5445 se
2943 5391 2996 5444 in
3039 5387 3314 5444 ardentem
3343 5387 3507 5440 cliba—

1928 5478 2056 5516 num
2105 5461 2457 5531 projicerent,
2492 5463 2657 5531 ipsos;
2683 5476 2814 5516 vero
2864 5461 2980 5516 sine
3029 5476 3179 5531 mora
3229 5461 3505 5531 obtempe-

1927 5527 2293 5604 rasse—(Cass.
2324 5534 2414 5588 lib.
2463 5527 2604 5587 ivde
2629 5529 2826 5594 Instit.,
2867 5549 2913 5586 c.
2937 5531 3038 5604 27;
3085 5530 3321 5604 Severus
3345 5527 3500 5597 Sulp.

1927 5603 1965 5656 ι.
2015 5600 2202 5656 iDial.
2224 5644 2239 5667 ,
2275 5621 2390 5674 cap.
2422 5604 2533 5672 15),
2559 5611 2614 5657 et
2634 5604 2878 5674 qumdam
2918 5602 3027 5674 alia
3053 5601 3282 5674 similia;
3309 5600 3391 5674 ha:
3425 5607 3503 5674 ta-

1926 5689 2050 5729 men
2077 5674 2256 5742 potius
2283 5669 2598 5728 admiranda
2620 5669 2782 5742 quam
2806 5673 3085 5736 imitanda,
3121 5686 3220 5726 nec
3250 5669 3496 5724 facienda

1927 5745 2032 5800 nisi
2053 5757 2118 5822 ex
2143 5744 2404 5822 peculiari
2427 5753 2573 5822 motu
2595 5743 3038 5822 Spi‘ritussaucti,
3055 5743 3144 5822 qui
3166 5757 3234 5822 ne
3250 5755 3499 5822 sequere-

1925 5823 2018 5870 tur
2055 5809 2424 5880 homicidium,
2478 5809 2736 5870 miracula
2780 5815 2991 5870 edidit:
3035 5809 3236 5871 alioqui
3274 5809 3503 5870 homici-

1927 5884 2076 5941 dium
2097 5897 2199 5942 nec
2217 5885 2612 5955 imperandum,
2642 5900 2743 5943 nec
2760 5883 3102 5960 faciendum.
