4062 6332
260 335 395 409 458i

1523 320 1908 411 opuscuLA.
1947 316 2194 401 orasc.
2228 316 2271 395 l_.

3383 308 3526 397 assa
3554 348 3561 355 .

258 476 346 531 no
403 463 575 535 sancti
627 449 831 521 Tiberii
886 447 1167 512 auxilium,
1197 445 1255 501 in
1295 443 1491 515 quibus
1520 443 1833 515 indiguerit,
1864 412 2035 503 Aseu
2066 414 2457 500 benevolentia,
2514 448 2621 507 qua
2673 445 2889 504 semper
2936 431 3119 535 modo,
3169 431 3225 487 in
3259 440 3525 531 quantum

261 524 439 616 ferte‘;
473 547 621 603 etde
666 545 753 616 his
778 551 833 598 et
871 543 937 613 de
972 540 1114 604 aliis,
1171 537 1337 593 veluti
1389 536 1443 591 in
1470 537 1581 591 vita
1632 524 1841 600 nostra,

260 642 436 714 magis
475 647 655 694 autem
678 610 826 709 lpost
855 641 1082 689 mortem
1113 629 1256 703 agite
1303 644 1500 714 meam.
1536 626 1689 683 Sicut
1712 616 1844 699 ergo

263 712 438 791 multa
464 729 794 786 monasteria
824 727 1025 781 dudum
1055 724 1246 779 vitiata
1279 722 1393 794 jam
1425 712 1625 795 aliquid
1655 734 1844 774 emen-

262 828 501 885 dationis
538 842 569 905 a
598 824 757 905 nobis
797 802 1075 896 accepisse
1126 820 1381 893 videntur
1409 816 1671 891 largiente
1709 815 1843 880 Deo,

263 920 340 976 ita
367 894 695 997 omnimodis
744 932 888 971 nunc
935 894 1137 979 cavete,
1174 928 1241 967 ne
1289 910 1454 983 (quod
1481 910 1624 966 absit
1669 918 1722 965 te
1749 922 1847 979 po-

264 1028 380 1077 sco,
422 1011 735 1081 misericors
767 1006 1013 1080 Domine)
1055 1006 1331 1063 sinistram
1360 1005 1525 1059 viam.
1559 1045 1573 1059 .
1610 1043 1625 1059 .
1657 1043 1671 1057 .
1702 1043 1717 1057 .
1741 1001 1848 1057 sci-

264 1103 395 1158 licet
419 1111 625 1183 queant
668 1090 779 1156 ullo
821 1112 1063 1175 tempore
1095 1108 1299 1153 tenere.
1342 1095 1670 1175 Mouastcrio
1716 1109 1847 1149 vero

263 1191 410 1247 Indae
437 1193 582 1248 velut
605 1189 868 1247 fratribus
891 1196 1065 1245 estote
1105 1188 1279 1261 juncti
1316 1187 1509 1241 unicis.
1568 1184 1848 1259 Belisacar

265 1300 507 1381 quoque,
534 1285 626 1381 qui
654 1299 767 1381 ρι’ᾶῖ
786 1281 1036 1381 omnibus
1068 1295 1233 1381 super
1267 1268 1484 1381 terram
1514 1277 1662 1331 omni
1712 1284 1848 1377 tem-

264 1364 415 1446 p'ore'
434 1364 589 1429 vobis
628 1364 842 1427 eistilit
901 1371 1108 1426 amicus
1162 1368 1506 1424 ﬁdelissimus
1562 1366 1849 1421 canonico-

264 1456 409 1533 rum,
450 1446 739 1545 et‘fi‘atr‘es
770 1450 915 1536 ipsos
942 1462 996 1517 in
1024 1478 1090 1518 eo
1146 1462 1399 1545 habetote
1442 1475 1657 1529 semper
1705 1458 1846 1524 loco,

262 1568 321 1616 et
352 1544 420 1617 ad
450 1538 577 1616 eum
603 1546 816 1629 semper
842 1556 913 1629 sit
937 1538 1207 1625 refugium
1260 1559 1522 1608 vestrum.
1558 1549 1666 1605 Sed
1696 1550 1850 1605 vobis

260 1653 341 1708 ita
374 1630 519 1709 nunc
566 1626 816 1723 suggero,
857 1626 987 1731 quia
1044 1647 1233 1721 ignoro
1281 1654 1464 1700 utrum
1498 1643 1551 1699 in
1590 1641 1847 1715 praesenti

258 1760 365 1801 vos
397 1743 609 1800 videam
667 1741 882 1800 sacculo.
939 1740 1059 1797 Jam
1108 1739 1339 1812 septimo
1388 1737 1514 1793 ldus
1566 1734 1849 1792 Februarii

258 1835 641 1901 acerbissimo,
676 1836 839 1891 dante
874 1833 1246 1911 misericordia
1303 1830 1526 1887 Christi.
1559 1870 1573 1885 .
1615 1871 1629 1885 .
1671 1837 1851 1884 tactus
1878 1858 1927 1918 Β

257 1936 517 2001 verbere,
557 1933 694 2013 nihil
732 1932 879 1991 aliud
923 1947 1086 2007 quam
1127 1928 1377 1985 ultimum
1406 1927 1568 1984 celeri
1610 1923 1729 2001 (sic)
1761 1941 1851 1981 ex-

267 2035 464 2100 specto
490 2027 633 2083 diem
665 2024 986 2107 vocationis.

841 2114 1175 2173 EPISTOLA
1201 2114 1265 2170 II.

608 2249 678 2289 AD
708 2247 988 2288 NIBRlDlUI
1023 2243 1494 2307 Αιςοιιιενιεεορωι.

597 2342 762 2417 [Hug.
796 2341 1066 2407 Menard.,
1119 2337 1281 2396 Conc.
1314 2337 1529 2411 Regni.)

342 2456 655 2513 Venerabili
710 2455 765 2510 in
797 2454 1019 2511 Christo
1073 2452 1224 2508 Patri
1251 2464 1277 2493 ι
1307 2451 1549 2506 Nibridio
1580 2450 1854 2521 archiepi—

266 2562 439 2618 scopo
464 2547 791 2603 Benedictus
837 2545 1060 2600 ultimus
1105 2544 1346 2599 omnium
1382 2542 1641 2597 abbatum
1685 2542 1856 2597 abbas

266 2641 620 2709 sempiternae
654 2638 932 2694 felicitatis
952 2637 1179 2692 salutem
1209 2645 1352 2706 opto.

339 2731 369 2772 ι’
410 2731 531 2798 Eia,
551 2731 638 2786 vir
664 2730 783 2797 Dei,
809 2737 998 2801 parcat
1027 2728 1187 2784 modo
1217 2728 1474 2791 charitas,
1524 2743 1590 2782 ac
1614 2726 1855 2794 dilectio,

336 2871 364 2901 ι
416 2840 666 2912 Νἰιίνὶάὶο
725 2855 1137 2925 archiepiscopo.
1165 2853 1526 2925 Narbonensi.
1550 2853 1686 2925 Fuit
1710 2855 1859 2909 enim

263 2929 373 2986 illis
407 2926 749 2999 temporibus
776 2924 1054 2981 Nibridius
1082 2924 1864 2999 archiepiscopusNarbonen-

258 3001 361 3058 sis.
388 2995 571 3071 Forte
618 2998 763 3071 idem
790 3004 880 3071 est
907 3012 1067 3071 οι)ωῂ
1084 2995 1333 3071 Nibridio
1357 2996 1630 3071 eremita,
1657 2995 1864 3071 dequo

260 3066 443 3145 supra
474 3070 655 3139 agitur
690 3070 743 3125 in
790 3068 911 3123 Vita
941 3066 998 3122 S.
1035 3066 1309 3135 Benedicti
1340 3067 1682 3125 Anianensis.
1717 3068 1864 3124 illius

259 3141 486 3198 mentio
518 3140 580 3196 ﬁt
617 3140 670 3195 in
701 3138 897 3195 concil.
954 3134 1261 3193 Arelatensi
1319 3146 1474 3195 sexto
1522 3138 1622 3193 sub
1667 3136 1862 3194 Carolo

1946 534 2125 599 potes,
2155 525 2270 581 sive
2297 540 2396 597 per
2437 524 2777 594 temetipsum
2804 563 2820 589 ,
2860 535 2953 578 seu
2985 516 3529 578 familia‘res’et'amia

1946 637 2062 689 cos,
2095 619 2145 695 [ο
2176 617 2410 691 necnon]
2452 634 2550 689 per
2578 616 2760 673 omnia
2794 606 3151 682 monasteria,
3205 614 3531 688 quocunque

1947 712 2192 784 potueris
2244 710 2635 774 transmittere,
2672 714 2733 763 ut
2768 702 3043 763 oratioiics
3082 714 3193 762 tam
3220 702 3274 761 in
3306 704 3531 776 psalmis

1949 821 2115 876 quam
2144 804 2199 859 in
2230 802 2413 858 missis
2457 818 2556 873 pro
2578 815 2666 855 me
2685 792 2761 855 ad
2798 796 3087 855 Dominum
3140 796 3368 856 fundere
3392 798 3397 803 ’
3419 815 3530 855 non

1950 890 2183 958 cessent,
2240 895 2366 963 quia
2421 886 2582 948 modo
2610 891 2767 946 valde
2814 886 2957 945 mihl’
3005 884 3373 946 necessarium
3418 898 3525 946 est.

1952 982 2121 1050 Scito,
2153 980 2319 1040 Pater
2354 984 2570 1048 dilecte,
2603 984 2728 1054 quia
2752 980 2962 1052 jam'in
3013 982 3274 1038 extremis
3327 997 3529 1053 pugno,

1954 1077 2022 1133 ad
2050 1076 2211 1132 finem
2242 1092 2422 1141 curro,
2450 1074 2563 1147 jam
2612 1072 2792 1129 anima
2825 1090 2857 1129 a
2884 1088 3114 1145 corpore
3143 1072 3446 1144 separatur,
3480 1080 3536 1130 et

1952 1168 2006 1223 in
2035 1170 2136 1223 hac
2165 1168 2283 1223 luce
2310 1167 2482 1224 oculis
2515 1166 2789 1237 corporeis
2809 1174 2863 1222 te
2891 1165 3115 1222 minime
3147 1165 3333 1221 videre
3351 1168 3533 1237 spero.’

1951 1260 2045 1317 Ille
2075 1262 2167 1332 qui
2197 1268 2374 1331 potest
2401 1260 2584 1316 facere
2613 1260 2677 1315 de
2704 1259 2982 1337 immundo
3012 1254 3295 1337 mundum,
3324 1259 3391 1314 de
3417 1272 3538 1329 pec—

1951 1352 2383 1423 catorejustum,
2417 1353 2485 1408 de
2534 1353 2700 1423 impio
2721 1348 2949 1422 justum,
3008 1336 3174 1407 iaciat
3200 1366 3301 1407 nos
3329 1352 3539 1423 pariter

1953 1446 2120 1513 regno
2148 1441 2354 1512 perfrui
2382 1442 2735 1512 sempiterno,
2775 1436 2960 1512 ibique
2987 1456 3109 1496 cum
3130 1440 3382 1497 omnibus
3408 1457 3537 1497 san-

1952 1532 2058 1588 ctis
2088 1541 2310 1587 cantare
2350 1530 2621 1585 canticum
2651 1545 2867 1585 novum.
2902 1527 3201 1602 'Supplico,’
3233 1530 3539 1585 charissima

1955 1624 2139 1690 Pater,
2166 1634 2227 1678 ut
2255 1624 2397 1679 sicut
2424 1622 2452 1663 ἀ
2486 1621 2793 1679 mercedem
2831 1622 3066 1678 habuiSti
3099 1636 3316 1693 semper
3336 1623 3404 1677 de
3428 1621 3542 1676 tra-

1955 1716 2151 1782 tribus,
2194 1715 2287 1787 qui
2316 1715 2519 1785 degunt
2547 1715 2603 1771 in
2657 1716 2990 1772 monasterio
3019 1715 3251 1782 Aniano,
3287 1708 3364 1770 ita
3388 1728 3537 1770 sem-

1953 1822 2071 1877 per,
2109 1808 2239 1862 dum
2292 1806 2475 1862 anima
2502 1822 2532 1861 a
2563 1819 2792 1878 corpore
2848 1798 3176 1879 egredietur,
3228 1805 3426 1862 melius
3473 1821 3539 1860 ac

1954 1900 2152 1955 melius
2186 1899 2437 1955 habeatis
2469 1899 2521 1953 in
2549 1909 2729 1954 vestra
2781 1896 2970 1955 sancta
2999 1898 3306 1954 dilectione.
3340 1896 3541 1953 Omnes

1955 1993 2068 2048 illis
2098 1993 2153 2047 in
2183 1992 2453 2063 partibus
2484 1990 2713 2057 amicos,
2770 1984 3093 2057 familiares,
3121 1999 3177 2044 et
3208 1990 3542 2061 propinquos

1954 2084 2296 2166 commepdo.
2334 2096 2359 2125 ο
2383 2085 2442 2159 in
2470 2084 2804 2140 monasterio
2833 2099 3048 2154 quoque
3082 2091 3271 2155 nostro
3301 2084 3429 2139 totis
3460 2082 3543 2138 ni-

1956 2177 2126 2244 sibus,
2159 2178 2239 2233 sic
2263 2177 2449 2243 credo,
2502 2173 2717 2232 facietis
2743 2177 3041 2247 arguendo,
3073 2176 3429 2238 obsecrando;
3460 2175 3544 2229 in-

1957 2270 2254 2341 crepando,
2285 2277 2346 2325 ut
2389 2269 2559 2325 libera
2591 2284 2725 2326 voce
2754 2285 2878 2325 cum
2927 2268 3218 2325 Psalmista
3249 2266 3541 2339 aliquando

1958 2363 2140 2419 dicere
2191 2363 2456 2419 valeatis:
2498 2360 2776 2419 Justitiam
2841 2370 2990 2417 tuam
3047 2379 3151 2417 non
3202 2358 3459 2418 absc‘diidi
3481 2362 3538 2417 in

1958 2456 2115 2509 corde
2139 2469 2294 2510 meo:
2325 2455 2600 2510 veritatem
2647 2464 2793 2509 tuam
2845 2464 2893 2509 et
2924 2454 3160 2509 salutare
3214 2456 3362 2508 tuum
3407 2450 3565 2508 dixi?

1956 2544 2077 2601 Jam
2107 2546 2288 2601 omnia
2323 2547 2379 2601 in
2408 2546 2677 2602 cbaritate
2730 2554 2787 2601 et
2830 2546 3161 2601 discretione
3194 2546 3375 2618 agite;
3423 2540 3547 2600 vos-

1960 2654 2066 2709 que
2098 2638 2337 2694 Trinitas
2365 2646 2556 2694 sancta
2585 2636 2882 2706 custodiat,
2924 2642 2981 2695 et
3004 2628 3239 2710 praemia”
3283 2626 3549 2709 largiatur

1960 2737 2183 2785 aeterna.
2213 2729 2409 2786 Amen.
3082 2728 3085 2733 ’

1961 2859 2138 2935 fectus
2163 2868 2245 2916 est
2281 2860 2347 2935 ad
2370 2860 2778 2935 conveilendam
2801 2862 3050 2935 haeresim
3077 2861 3431 2935 Felicianam,
3474 2872 3533 2935 ut

1963 2931 2150 2986 videre
2176 2939 2261 2986 est
2288 2926 2343 2985 in
2369 2926 2594 2999 epistola
2623 2928 2838 2987 Alcuini
2865 2926 2931 2987 ad
2963 2928 3134 2999 illum,
3164 2944 3218 2988 et
3256 2926 3535 2999 alios,vubi

1965 3004 2108 3057 male
2143 3003 2359 3072 legitur,
2394 3001 2664 3071 Nefridio.
3032 3016 3035 3021 ·
3084 3016 3093 3023 ~
3264 3012 3269 3019 -
3382 3002 3409 3019 ·ν
3448 3010 3453 3017 -
3486 3012 3491 3019 -
3522 3002 3529 3015 ν

2039 3072 2067 3146 Ρ
2116 3073 2243 3146 Eia,
2255 3144 2264 3146 _
2295 3075 2374 3146 ψ
2404 3072 2520 3146 Dei,
2578 3083 2685 3127 etc.
2720 3073 2833 3128 Hac
2875 3073 3104 3146 epistola
3133 3073 3191 3131 S.
3223 3074 3552 3135 Benedictus

1965 3144 2175 3200 obitum
2205 3144 2305 3200 sibi
2334 3143 2707 3217 imminentem
2737 3143 3105 3213 commendat,
3138 3162 3377 3217 suosque
3404 3147 3545 3205 ami-

262 3213 490 3305 llagr‘tol.
528 3230 548 3263 α
583 3211 753 3295 Igitur
801 3224 923 3305 cum
1104 3210 1364 3294 attentius
1412 3218 1733 3305 .ager‘entur,‘
1770 3228 1863 3264 vc-
1890 3242 1935 3305 ρ
1968 3230 2061 3270 cos
2089 3209 2851 3305 et,monacljosJAnianenses.

265 3280 547 3341 ner'abiles
571 3280 722 3339 missi
770 3281 1142 3352 gloriosissimi
1174 3294 1251 3334 ac'
1273 3280 1504 3350 piissimi
1532 3280 1736 3341 domini
1765 3296 1864 3337 no-

269 3356 371 3415 stri
421 3352 662 3410 Joannes
719 3352 1052 3409 Arelatensis
1104 3352 1350 3408 ecclesia:
1396 3352 1856 3422 archiepiscopus,

269 3441 490 3481 necnon
514 3434 568 3479 et
594 3423 870 3479 Nibridius
901 3423 1271 3477 Narbonensis
1299 3422 1441 3489 sedis
1493 3424 1860 3489 archiepisco-

266 3479 374 3569 iiiis
410 3502 681 3549 steterunt
710 3496 765 3547 in
792 3492 972 3547 medio
1011 3491 1249 3546 concilii.
1300 3492 1357 3545 ln
1391 3479 1702 3562 Hispaniam
1734 3509 1860 3564 pro-

2044 3298 2065 3326 ο
2111 3286 2350 3340 Necnon.
2385 3287 2688 3340 Rcdundat.
2730 3286 2737 3299 ⁸

2040 3354 2070 3399 ἀ
2113 3355 2426 3409 Mercedem.
2456 3356 2515 3410 ld
2543 3365 2648 3420 est,
2682 3372 2893 3411 curam.

2044 3436 2067 3465 ο
2103 3425 2171 3479 1η
2197 3428 2515 3485 monasterio
2545 3443 2748 3499 quoque
2782 3437 2979 3499 nostra.
3004 3428 3233 3484 Aniano.

273 3611 3361 3663 gmw—ﬂ

1018 4090 1093 4163 I.

278 4222 803 4290 Testimoniorum
836 4221 1142 4293 nubecula
1171 4220 1242 4283 de
1271 4224 1706 4284 incarnatione
1736 4224 1866 4285 Do-

357 4305 540 4376 mini,
581 4312 799 4363 sancta
835 4310 889 4362 et
923 4300 1255 4363 individua
1295 4300 1607 4364 Trinitate
1661 4311 1714 4363 et
1752 4306 1866 4365 ite-

357 4386 609 4449 ratione
641 4382 1039 4462 baptismatis
1065 4380 1399 4443 devitanda
1425 4384 1729 4462 pernicie.

470 4507 655 4569 (Baluz.
683 4504 994 4558 Miscellanea
1018 4517 1174 4570 sacra,
1200 4511 1318 4557 tom.
1353 4504 1415 4566 ll,
1443 4518 1554 4569 pag.
1579 4506 1682 4570 85.)

350 4613 678 4668 Benedictus
708 4612 820 4666 ﬁlio
861 4612 1167 4668 Cuarnario
1197 4612 1450 4668 salutem.

351 4701 561 4760 Nubem
590 4703 730 4757 hanc
761 4702 1194 4757 testimoniorum
1234 4701 1517 4759 catholica:
1544 4702 1666 4758 lidei
1695 4702 1869 4758 direxi

281 4798 405 4861 tibi,
449 4795 801 4866 quoadusque
843 4793 1074 4848 Domino
1104 4794 1318 4850 favente
1350 4798 1592 4862 redeam,
1625 4806 1728 4851 tua:
1755 4813 1870 4854 me-

284 4882 483 4944 moriai
511 4881 994 4941 commendandam
1050 4900 1119 4939 ne
1174 4874 1285 4940 otio
1324 4894 1559 4957 torpeas,
1614 4888 1710 4942 sed
1759 4903 1870 4943 ma-

283 4981 367 5052 gis
395 4978 676 5049 magisque
706 4988 962 5049 provectu
985 4977 1275 5033 orthodoxi
1307 4977 1575 5049 dogmatis
1606 4977 1869 5046 fulciaris,

282 5086 393 5143 quo
438 5070 536 5125 tibi
575 5077 630 5124 et
671 5069 792 5124 aliis
847 5078 1027 5124 mente
1075 5084 1139 5123 ac
1194 5067 1389 5140 spiritu
1432 5068 1703 5125 sullicicns
1752 5086 1874 5126 esse

285 5162 491 5233 passis;
519 5168 787 5237 quatenus
820 5162 885 5215 de
907 5160 1101 5215 indicis
1123 5161 1392 5230 sagaciter
1421 5169 1698 5226 strenuus,
1714 5162 1873 5233 juxta

288 5253 661 5310 testimonium
730 5248 953 5308 Joannis
1014 5252 1362 5323 evangelista:
1421 5254 1577 5307 testis
1635 5253 1876 5309 existens

291 5347 537 5413 idoneus,
568 5344 864 5402 refellendo
890 5345 1097 5400 scilicet
1136 5345 1513 5400 detestandam
1543 5346 1874 5419 Felicianam

270 5438 555 5507 .hazresem
598 5439 917 5511 nuperrime
965 5437 1287 5515 redivivam,
1314 5439 1566 5510 inquiens
1595 5439 1669 5495 ita
1698 5455 1713 5494 :
1746 5439 1878 5496 Ha’c

294 5538 469 5583 autem
498 5532 694 5590 scripta
721 5541 844 5587 sunt
882 5541 937 5585 ut
985 5514 1212 5586 credatis
1261 5530 1386 5602 quia
1424 5530 1580 5586 Jesus
1616 5540 1691 5586 est
1722 5528 1878 5587 Chri-

294 5629 436 5685 stus,
464 5618 638 5678 Filius
684 5623 805 5689 Dei,
835 5633 885 5678 et
930 5632 985 5677 ut
1034 5622 1297 5678 credentes
1335 5623 1493 5677 vitam
1544 5623 1777 5679 habeatis
1822 5626 1880 5680 in

298 5713 502 5768 nomine
520 5713 656 5785 ejus.
684 5715 824 5785 Quid
861 5718 928 5773 ad
968 5717 1084 5771 haec
1122 5715 1323 5781 dicitis,
1362 5717 1573 5781 insani,
1603 5717 1729 5787 quia
1754 5733 1879 5790 gar-

299 5802 416 5860 ritis
460 5800 645 5865 Iesum
674 5806 951 5866 Christum
1006 5807 1202 5865 Filium
1259 5825 1365 5866 non
1401 5825 1521 5883 esse
1573 5810 1706 5879 Dei,
1746 5811 1877 5885 dum

726 3740 825 3897 s.
939 3738 1557 3987 BENEDIGTI
1668 3741 2379 3899 ANIANENSIS
2489 3658 3103 3904 trusum.
3200 3656 3249 3663 Η

1975 4082 2079 4137 iste
2127 4082 2460 4152 evangelista
2519 4083 2750 4141 dilectus
2777 4093 2832 4139 et
2870 4100 2900 4138 a
2954 4085 3064 4141 Deo
3111 4086 3319 4145 electus
3353 4088 3555 4145 dixerit

1966 4174 2108 4231 hanc
2141 4175 2243 4231 sibi
2281 4191 2403 4231 esse
2441 4178 2784 4233 occasionem
2834 4178 3107 4241 scribendi
3152 4180 3256 4235 hoc
3306 4180 3555 4254 Evange-

1965 4267 2098 4324 lium
2141 4275 2202 4322 ut
2249 4270 2536 4324 crederent
2587 4271 2716 4340 quia
2769 4268 2928 4327 Jesus
2959 4280 3044 4327 est
3072 4272 3342 4339 Christus,
3386 4275 3554 4331 Filius

1967 4357 2098 4424 Dei;
2130 4358 2237 4422 ille,
2287 4360 2530 4428 inquam,
2563 4361 2656 4432 qui
2686 4362 2755 4416 ab
2787 4362 2979 4433 angelo
3013 4363 3294 4418 nuntiatus
3334 4372 3449 4428 est,
3501 4374 3559 4420 et

1973 4466 2170 4505 nomen
2204 4449 2277 4504 illi
2318 4451 2630 4520 impositum
2657 4460 2743 4506 est
2764 4450 2943 4518 Jesus,
2968 4454 3094 4508 dum
3119 4454 3269 4508 venit
3288 4454 3356 4509 ad
3385 4454 3556 4527 virgi-

1893 4512 1948 4573 D
1974 4555 2098 4597 nem
2151 4540 2336 4597 dicens
2371 4558 2383 4593 :
2423 4540 2607 4597 Paries
2649 4541 2853 4609 lilium,
2894 4552 2943 4597 et
2976 4543 3181 4601 vocabis
3210 4559 3396 4599 nomen
3442 4512 3557 4615 eius

1971 4629 2176 4686 Iesum.
2222 4630 2320 4686 Hic
2371 4632 2555 4701 utique
2595 4631 2772 4695 Jesus,
2804 4636 2897 4703 qui
2931 4644 3090 4690 natus
3120 4644 3205 4691 est
3248 4652 3313 4692 ex
3348 4637 3558 4707 virgine

1973 4721 2161 4785 Maria,
2177 4722 2349 4778 Filius
2362 4731 2447 4777 est
2473 4725 2586 4788 Dei,
2603 4726 2744 4779 sicut
2759 4734 2992 4789 testatur
3006 4727 3111 4782 iste
3127 4728 3454 4799 evangelista
3466 4770 3480 4793 ,
3497 4736 3558 4783 ut

1971 4824 2026 4871 et
2049 4831 2241 4872 omnes
2271 4817 2326 4872 in
2356 4818 2458 4873 hac
2480 4815 2582 4872 ﬁde
2619 4816 2782 4873 vitam
2805 4819 3015 4887 possint
3041 4819 3243 4875 habere
3269 4820 3557 4889 sempiter—

1974 4926 2099 4966 nam
2128 4912 2182 4966 in
2211 4912 2429 4967 nomine
2456 4910 2591 4981 ejus.
2625 4912 2761 4980 Quid
2788 4913 2857 4969 de
2885 4914 3038 4969 vobis
3062 4914 3439 4969 aestimandum
3474 4922 3559 4971 est

1974 5002 2066 5072 qui
2094 5018 2217 5057 eum
2262 5018 2368 5059 non
2398 5004 2622 5060 creditis
2671 5004 2869 5059 Filium
2917 5020 3039 5060 esse
3072 5005 3167 5059 Dei
3198 5020 3419 5070 verum,
3462 5007 3558 5063 sed

1976 5095 2311 5163 adoptivum,
2358 5095 2463 5151 nisi
2501 5096 2641 5153 forte
2684 5106 2743 5153 ut
2791 5113 3066 5168 nunquam
3114 5097 3362 5153 habeatis
3390 5098 3559 5152 vitam

1976 5184 2492 5240 aeternam?Dicunt
2540 5187 2721 5256 itaque
2752 5187 3173 5258 assumptionem
3219 5196 3273 5243 et
3317 5189 3561 5259 adoptio-

1976 5290 2104 5330 nem
2129 5292 2294 5331 unum
2324 5292 2464 5342 esse,
2483 5286 2536 5332 et
2566 5275 2748 5332 Jesum
2780 5275 3078 5344 Christum,
3101 5278 3398 5333 secundum
3417 5279 3562 5349 quod

1978 5367 2141 5447 homo
2193 5377 2306 5435 est,
2338 5378 2563 5439 propter
2610 5370 3034 5441 assumptionem
3084 5370 3440 5443 humanitatis
3469 5385 3565 5424 ne-

1979 5463 2217 5531 cessario
2260 5464 2569 5534 adaptivum
2602 5479 2722 5521 esse
2745 5505 2760 5530 ,
2807 5481 2912 5522 non
2950 5464 3313 5535 intelligentes
3359 5472 3563 5536 quanta

1979 5562 2063 5613 est
2112 5555 2229 5611 hmc
2265 5553 2573 5611 absurditas
2611 5570 2731 5633 quae
2783 5557 3029 5627 sequitur
3052 5572 3168 5613 eos.
3194 5554 3332 5611 Nam
3374 5555 3423 5611 si
3468 5556 3565 5610 ad-

1980 5648 2196 5717 optivus
2229 5657 2313 5702 est
2361 5655 2582 5718 propter
2611 5649 3058 5720 assumptionem,
3087 5649 3250 5721 igitur
3275 5647 3399 5715 Filii
3443 5662 3567 5719 per-

1981 5756 2113 5796 sona
2144 5740 2397 5810 adoptiva
2420 5747 2524 5805 est,
2549 5740 2675 5811 quia
2721 5741 2889 5800 Filius
2918 5742 3210 5813 assumpsit
3251 5741 3558 5804 hominem;

1984 5843 2039 5888 et
2064 5840 2148 5890 est
2169 5840 2299 5888 tunc
2326 5846 2495 5903 nepos
2524 5832 2634 5897 Deo
2666 5832 2815 5897 Patri
2840 5852 2851 5886 :
2887 5835 3029 5907 quod
3052 5849 3216 5906 quam
3237 5833 3464 5905 impium
3486 5831 3567 5894 sit
