4062 6332
494 389 636 448 i583

1502 375 1560 431 S.
1603 368 1967 431 BENEDICTI
2003 363 2293 424 ABBATIS
2327 355 2734 416 ANIANENSIS

3629 354 3784 412 εδει

492 505 672 564 nullus
699 500 907 558 aestimo
951 495 1188 553 ﬁdelium
1239 493 1484 565 ignorat;
1536 489 1678 560 quod
1721 487 1884 542 etiam
1913 482 2068 539 abdi-
2096 484 2148 544 Α
2170 474 2422 532 divinitas
2444 488 2552 528 non
2577 470 2765 532 habet,
2781 467 2886 522 hoc
2911 471 2997 521 est
3017 464 3240 565 dignum
3262 464 3514 565 ut‘tilium
3550 464 3788 522 dilectio

498 595 657 654 candi
709 607 860 648 nzevo
901 589 958 644 in
1009 585 1207 660 potiori
1247 585 1388 640 nube
1419 579 1877 641 testimoniorum,
1910 588 2073 646 quam

490 701 658 760 penes
691 699 778 740 me
813 682 1010 744 habeo,
1051 677 1281 750 plenius,
1333 689 1457 731 cum
1486 686 1704 733 venero,
1756 669 1866 723 imo
1906 665 2077 720 abun-

497 759 816 835 dantissime
853 771 1143 829 lectitabis.
1193 768 1466 824 Interdum
1504 773 1559 821 et
1611 777 1826 832 semper
1882 759 2075 814 doceto

500 873 690 930 Jesum
719 887 840 928 esse
867 868 1143 924 Christum
1167 864 1364 920 Filium
1391 862 1486 917 Dei
1508 874 1694 915 verum
1745 858 1798 912 in
1848 863 2078 922 utraque

496 975 708 1022 natura.
729 963 865 1031 Quia
886 961 1026 1016 sicut
1054 958 1224 1014 Filius
1250 956 1343 1011 Dei
1375 969 1503 1009 vere
1534 960 1617 1008 est
1644 949 1788 1005 ﬁlius
1817 944 2076 1008 hominis,

496 1061 572 1116 ita
599 1059 740 1114 tilius
775 1053 1011 1112 hominis
1039 1066 1166 1108 vere
1187 1057 1274 1106 est
1291 1049 1462 1104 Filius
1505 1045 1620 1100 Dei.
1663 1044 1862 1099 Errare
1896 1047 2078 1095 autem

498 1152 781 1208 haereticos
819 1150 933 1204 lucc
972 1144 1206 1201 maxime
1238 1158 1401 1198 causa
1432 1139 1583 1204 facit,
1624 1137 1754 1193 dum
1791 1143 1886 1190 aut
1927 1133 2080 1204 igno-

500 1251 623 1300 rant
647 1250 741 1296 aut
781 1239 970 1295 nolunt
997 1237 1282 1292 advertere
1312 1234 1366 1288 in
1400 1231 1630 1288 Domino
1659 1227 1788 1283 Jesu
1838 1223 2078 1287 Christo,

500 1336 636 1391 sicut
673 1348 835 1388 unam
886 1345 1206 1400 personam,
1260 1326 1332 1381 ita
1369 1339 1491 1380 esse
1537 1322 1673 1376 duas
1729 1315 2080 1380 substantias,

499 1429 667 1484 Deum
697 1441 763 1482 ex
808 1424 917 1479 Deo
951 1423 1126 1484 Patre,
1169 1429 1224 1474 et
1247 1418 1520 1474 hominem
1550 1430 1617 1470 ex
1641 1413 1862 1468 homine
1890 1418 2080 1475 matre,

499 1528 555 1576 et
584 1533 704 1590 quae
748 1517 812 1573 de
844 1531 902 1571 sc
935 1516 1049 1584 ipse
1091 1512 1349 1567 Dominus
1379 1507 1676 1564 secundum
1728 1501 2086 1574 dispensatio—

499 1629 624 1668 nem
670 1611 852 1667 carnis
898 1616 1187 1679 assumptaa
1214 1605 1456 1675 loquitur
1495 1602 1756 1671 deputant
1782 1596 2082 1661 (Ιὶνίηἰιιῑὶ;

498 1716 558 1762 ut
585 1714 669 1762 est
716 1705 884 1761 illud:
921 1703 1082 1757 Pater
1122 1701 1298 1771 major
1329 1714 1410 1752 me
1463 1706 1574 1757 est;
1614 1703 1669 1749 et
1722 1691 1850 1746 illud
1886 1709 1897 1744 :
1929 1688 2086 1744 Jcsus

502 1797 756 1868 fatigatus
779 1813 841 1852 et
870 1795 1089 1856 itinere;
1113 1791 1196 1846 vel
1238 1789 1367 1844 illud
1393 1805 1407 1842 :
1458 1785 1625 1840 Flevit
1673 1783 1969 1844 Lazarum;
2001 1777 2084 1833 vel

2176 569 2374 624 habeat
2399 561 2682 634 aequalem,
2701 561 2826 630 quia
2856 573 2964 613 non
2986 565 3166 628 potest
3189 557 3650 628 (pati)plenitudo
3680 560 3791 613 mi.

2176 674 2384 716 norem.
2407 657 2637 726 Ideoque
2653 651 2923 726 perlectus
2949 649 3246 722 perfectum
3266 659 3512 722 generat,
3529 651 3683 705 omni
3690 667 3792 722 po-

2179 763 2300 809 tens
2345 751 2792 821 omnipotentem,
2825 746 3020 816 plenus
3056 745 3297 816 plenum.
3330 745 3397 800 Et
3425 745 3561 814 quia
3599 748 3789 801 aetatis

2180 847 2574 902 incrementum
2629 857 2734 897 non
2772 840 2995 906 habuit,
3043 839 3309 893 minorem
3345 853 3621 909 generare
3673 855 3792 896 non

2178 938 2371 1011 potuit.
2403 936 2508 992 Sed
2531 933 2753 990 omnino
2789 932 2966 1003 qualis
2990 938 3075 986 est
3100 930 3286 995 Pater,
3313 929 3476 985 talem
3497 939 3556 985 et
3582 930 3791 986 Filium

2181 1044 2301 1084 esse
2324 1043 2611 1098 cognosce,
2637 1027 2776 1081 sicut
2805 1024 2919 1094 ipse
2948 1024 3077 1079 dicit
3103 1041 3118 1076 :
3144 1021 3247 1088 Qui
3277 1039 3358 1076 me
3381 1023 3538 1086 videt,
3572 1024 3716 1077 ridet
3742 1035 3792 1077 et

2183 1118 2502 1185 Patrem;et
2522 1116 2798 1184 alibizoui
2825 1133 2928 1170 non
2957 1117 3273 1185 honori/ient
3303 1113 3353 1166 F
3357 1115 3528 1176 ilium,
3568 1131 3680 1169 non
3701 1117 3799 1168 lto-

2187 1211 2427 1279 noriﬁcat
2448 1209 2685 1274 Patrem,
2710 1208 2799 1280 qui
2823 1207 2963 1262 misit
3004 1207 3176 1262 illum.
3208 1207 3317 1262 Sed
3344 1205 3506 1270 forte,
3530 1207 3673 1276 quia
3698 1223 3797 1260 au-

2185 1305 2269 1360 dis
2299 1305 2547 1370 missum,
2579 1304 2700 1359 ideo
2729 1311 2890 1375 putas
2925 1300 3232 1356 minorem?
3288 1299 3438 1372 Rogo
3492 1307 3572 1362 te,
3618 1297 3796 1354 Deum

2186 1398 2362 1454 credis
2393 1412 2513 1452 esse
2541 1395 2760 1459 Filium,
2789 1410 2858 1449 an
2889 1393 3034 1448 non?
3067 1391 3197 1446 Sine
3223 1390 3387 1446 dubio
3417 1405 3798 1460 responsurus

2187 1507 2264 1553 es,
2294 1491 2484 1544 Deum.
2513 1488 2647 1557 Quia
2673 1487 2774 1542 etsi
2806 1495 2861 1541 tu
2894 1501 3093 1558 negare
3124 1483 3380 1548 volueris,
3403 1483 3621 1540 sanctis
3649 1482 3798 1537 Scri-

2188 1583 2366 1652 pturis
2410 1580 2785 1644 convinceris,
2820 1579 3037 1634 dicente
3086 1576 3348 1649 Apostolo
3394 1596 3409 1630 :
3459 1575 3548 1630 Ex
3602 1577 3798 1646 quibus

2189 1674 2430 1730 Christus
2454 1673 2742 1728 secundum
2768 1688 3001 1736 carnem,
3028 1672 3118 1743 qui
3138 1681 3212 1725 est
3245 1688 3403 1742 super
3425 1671 3619 1724 omnia
3653 1667 3798 1722 Deus

2192 1767 2488 1822 benedictus
2519 1768 2573 1821 in
2619 1765 2812 1820 stecula
2837 1781 2854 1830 ;
2883 1773 2939 1819 et
2978 1763 3216 1820 Joannes
3271 1764 3324 1819 in
3358 1763 3610 1835 Epistola
3647 1780 3746 1818 sua
3781 1782 3794 1816 :

501 1854 942 1957 aliavltujusmodi
973 1854 1094 1957 qua:
1129 1883 1396 1954 leguntur.
1427 1879 1581 1946 Quod
1608 1878 1652 1932 si
1703 1875 1924 1938 vellent,
1969 1871 2082 1942 pul-

2202 1857 2260 1912 Ut
2303 1862 2489 1926 simus,
2519 1859 2723 1930 inquit,
2757 1857 2810 1912 in
2853 1873 2972 1911 vero
3002 1854 3146 1910 Filio
3194 1855 3329 1926 ejus,
3379 1857 3470 1926 qui
3520 1865 3603 1910 est
3649 1871 3799 1909 rerus

504 1981 636 2036 chre
661 1979 901 2035 ostendit
938 1977 1080 2047 quod
1104 1975 1249 2030 Deus
1275 1989 1342 2029 ex
1367 1972 1576 2027 duabus
1618 1967 1828 2023 naturis
1855 1974 1959 2028 est,
1986 1964 2084 2019 ad-

501 2078 715 2126 vertere
756 2069 885 2124 illud
910 2067 1173 2136 Apostoli,
1201 2065 1338 2119 Deus
1365 2073 1474 2118 erat
1509 2063 1562 2117 in
1593 2059 1803 2115 Christo
1832 2057 2086 2136 mundum

503 2159 846 2216 reconcilians
897 2135 1029 2224 sibi;
1059 2157 1142 2212 vel
1171 2155 1299 2211 illud
1326 2151 1632 2224 Evangelii,
1687 2135 1915 2203 Verbum
1964 2162 2087 2200 caro

503 2254 704 2326 factum
744 2262 818 2307 est
852 2261 899 2306 et
924 2249 1175 2305 habitauit
1223 2248 1278 2300 in
1321 2245 1489 2306 nobis,
1521 2259 1629 2298 non
1661 2240 1996 2304 dubitarent,
2031 2243 2092 2290 ut

505 2343 757 2415 superius
791 2343 993 2398 dictum
1022 2348 1126 2402 est,
1158 2338 1407 2395 contiteri
1458 2337 1510 2390 in
1543 2350 1648 2390 una
1689 2345 1922 2404 persona
1958 2329 2093 2385 duas

503 2449 627 2490 esse
656 2433 1009 2497 substantias,
1033 2439 1088 2485 et
1117 2429 1206 2485 ubi
1234 2428 1481 2490 audiunt,
1505 2423 1667 2479 Pater
1691 2422 1864 2492 major
1890 2436 1969 2474 me
1993 2427 2090 2482 est,

509 2524 804 2579 secundum
824 2522 1217 2577 humanitatem
1236 2519 1567 2588 acciperent;
1585 2514 1674 2568 tibi
1692 2528 1822 2567 vero
1839 2510 2090 2573 audiunt,

506 2614 622 2685 Ego
670 2623 718 2668 et
769 2611 932 2667 Pater
959 2627 1120 2665 unum
1161 2626 1364 2674 sumus,
1410 2607 1708 2662 secundum
1753 2601 2094 2656 divinitatem

514 2703 720 2759 dictum
761 2719 866 2757 non
913 2701 1247 2762 dubitarent,
1275 2699 1416 2754 sicut
1443 2712 1511 2751 ex
1539 2693 1658 2766 ejus
1691 2691 2098 2765 operationibus

512 2794 674 2850 datur
713 2792 958 2864 intelligi.

585 2885 892 2942 Secundum
918 2883 1192 2940 hominem
1221 2882 1366 2938 enim
1394 2878 1642 2945 esurivit,
1672 2886 1733 2934 ut
1761 2891 1948 2932 veram
1977 2889 2100 2929 car-

512 2992 637 3033 nem
668 2977 1000 3033 ostenderet.
1043 2974 1354 3031 Secundum
1390 2982 1573 3028 autem
1621 2971 1792 3026 Deum
1844 2970 1912 3024 de
1941 2967 2103 3038 quin-

515 3083 622 3138 que
655 3070 888 3137 panibus
916 3068 1154 3138 quinque
1183 3067 1347 3121 millia
1397 3066 1676 3120 hominum
1705 3061 2002 3126 saturavit,
2045 3067 2105 3113 ut

516 3173 578 3214 se
600 3158 772 3213 Deum
797 3158 1086 3212 virtutibus
1109 3156 1456 3227 approbaret.
1490 3155 1797 3210 Secundunt
1829 3152 2103 3208 hominem

2189 1953 2330 2006 Deus
2361 1961 2407 2006 et
2431 1952 2536 2005 vita
2561 1960 2756 2006 a’terna
2775 1966 2794 2015 ;
2815 1958 2870 2003 et
2897 1947 3136 2004 Thomas
3165 1965 3179 2001 τ
3213 1947 3357 2002 Deus
3379 1963 3548 2013 meus,
3590 1948 3798 2018 inquit,

2188 2054 2236 2098 et
2279 2045 2533 2098 Dominus
2575 2059 2753 2107 meus;
2784 2049 2838 2096 et
2869 2041 3263 2096 Melchisedech
3309 2056 3555 2096 summus
3609 2056 3801 2096 sacer-

2191 2142 2289 2196 dos
2327 2159 2338 2193 :
2376 2139 2713 2205 Benedictus,
2752 2139 2947 2209 inquit,
2979 2138 3248 2192 Abraham
3303 2136 3410 2192 Deo
3438 2137 3684 2201 excelso,
3714 2140 3802 2207 qui

2197 2233 2389 2288 creavit
2447 2231 2630 2286 caelum
2675 2241 2724 2285 et
2779 2241 2996 2285 terram.
3045 2229 3209 2284 Vides
3259 2230 3382 2299 quia
3439 2245 3550 2285 non
3621 2229 3802 2284 solum

2194 2326 2359 2389 Deus,
2386 2325 2481 2380 sed
2504 2324 2647 2380 Deus
2673 2323 2946 2387 excelsus,
2977 2322 3374 2378 Melchisedech
3393 2324 3631 2378 vocibus
3657 2338 3805 2378 com-

2193 2417 2473 2489 probatur.
2530 2416 2710 2472 Testis
2765 2425 2848 2472 est
2902 2423 2958 2470 et
3024 2413 3162 2470 Osee
3218 2416 3482 2486 propheta
3531 2417 3728 2471 dicens
3789 2435 3802 2468 :

2197 2507 2447 2563 Firmans
2475 2507 2660 2562 caelum
2695 2517 2743 2562 et
2766 2524 2950 2562 creans
2991 2517 3200 2571 terram,
3235 2525 3328 2578 ego
3357 2508 3621 2562 Dominus
3659 2507 3806 2562 Dem

2203 2613 2348 2668 tuus,
2383 2603 2537 2673 cujus
2566 2619 2752 2656 manus
2780 2611 3082 2656 creaverunt
3111 2617 3316 2655 onmem
3357 2602 3611 2654 militiam
3661 2600 3806 2655 Citii.

2205 2695 2267 2751 Si
2289 2712 2418 2766 ergo
2447 2695 2589 2750 Deus
2609 2703 2693 2750 est
2721 2693 2913 2759 Filius,
2937 2693 3046 2748 imo
3073 2693 3201 2763 quia
3224 2693 3364 2748 Deus
3391 2700 3507 2757 est,
3544 2693 3678 2762 quia
3707 2708 3809 2761 per

2204 2792 2379 2862 ipsum
2411 2790 2556 2847 facta
2609 2801 2738 2848 sunt
2763 2793 2966 2857 omnia,
2997 2801 3053 2848 et
3106 2807 3214 2846 non
3267 2790 3440 2846 solum
3473 2805 3584 2844 non
3621 2789 3809 2844 minor

2204 2887 2299 2943 sed
2331 2886 2576 2942 excelsus
2603 2885 2766 2950 Deus,
2800 2886 3077 2958 interrogo
3120 2893 3173 2941 te
3203 2893 3385 2939 utrum
3418 2883 3566 2938 Deus
3592 2882 3808 2952 ubique

2204 2980 2295 3044 sit,
2324 2995 2392 3033 an
2430 2978 2568 3032 forte
2604 2977 2868 3038 localiter,
2897 2993 3020 3032 cum
3049 2977 3273 3048 impium
3304 2976 3376 3031 sit
3412 2987 3621 3045 negare
3651 2972 3805 3043 quod

2203 3069 2403 3140 ubique
2429 3068 2501 3123 sit
2538 3053 2699 3124 Deus.
2730 3068 2797 3122 Et
2846 3067 2891 3123 si
2936 3067 3135 3138 ubique
3182 3075 3287 3132 est,
3343 3081 3530 3136 quaeso
3569 3073 3647 3127 te,
3711 3063 3807 3118 ubi

2206 3161 2406 3216 missus
2432 3161 2550 3216 est?
2578 3161 2684 3216 Sed
2713 3160 3028 3214 missionem
3066 3157 3185 3213 Filii
3215 3158 3656 3213 incarnationem
3686 3156 3810 3226 ejus

511 3249 706 3315 sitivit,
729 3249 826 3305 sed
858 3249 1159 3305 secundum
1191 3247 1359 3301 Deum
1383 3246 1784 3302 Samaritanam
1819 3248 1936 3298 viva
1963 3259 2102 3312 aqua
2132 3256 2177 3319 ρ
2209 3254 2463 3327 intelligo,
2518 3255 2633 3326 ipso
2677 3255 2935 3326 Αροειοιο
2988 3263 3293 3326 “ponente
3323 3267 3340 3308 ε
3380 3252 3551 3316 Μίδην
3599 3253 3803 3323 inqu“,

511 3343 723 3400 refecit.
771 3341 1076 3398 Secundum
1131 3340 1408 3395 hominem
1457 3354 1648 3393 navem
1691 3336 1956 3401 ascendit,
2009 3334 2105 3389 sed

512 3433 809 3490 secundum
847 3433 1033 3488 Deum‘
1054 3432 1216 3487 siccis
1235 3432 1461 3502 pedibus
1491 3444 1655 3500 super
1685 3445 1835 3483 mare
1861 3426 2105 3482 ambula-

518 3525 618 3580 vit.
642 3523 962 3581 Secundum
992 3524 1270 3580 hominem
1317 3523 1372 3577 in
1409 3524 1532 3577 navi
1565 3522 1841 3586 dormivit,
1873 3521 1969 3575 sed
2021 3537 2105 3575 se-

513 3619 750 3675 cundum
788 3619 957 3674 Deum
1010 3618 1187 3673 ventis
1239 3625 1296 3672 et
1348 3616 1599 3672 ﬂuctibus
1656 3615 1960 3686 imperavit.
2017 3613 2108 3668 Se-

517 3710 752 3766 cundum
787 3709 1062 3765 hominem
1095 3710 1148 3764 in
1179 3724 1339 3764 cruce
1367 3708 1645 3780 pependit,
1687 3707 1782 3762 sed
1811 3705 2106 3760 secundum

523 3795 692 3862 Deum
716 3804 1026 3876 paradisum
1067 3803 1265 3858 latroni
1303 3802 1546 3857 donavit.
1578 3799 1889 3855 Secundum
1934 3798 2108 3852 homi-

519 3914 640 3954 nem
670 3912 862 3968 passus
892 3907 1124 3952 mortem
1159 3896 1416 3966 gustavit,
1446 3894 1743 3950 secundum
1778 3907 1908 3946 vero
1938 3891 2107 3945 Deum

519 3994 867 4062 semetipsum
898 4007 930 4046 a
961 3991 1192 4047 mortuis
1237 3988 1538 4046 suscitavit.
1569 3988 1626 4042 Si
1663 3987 1780 4042 haec
1808 3993 1863 4040 et
1909 3983 2108 4039 similia

518 4081 716 4146 vellent
737 4080 1008 4149 sapienter
1031 4080 1360 4144 discernere,
1383 4087 1439 4134 et
1467 4078 1757 4148 unicuique
1794 4074 2109 4131 substantite

449 4165 462 4175 ”
521 4173 661 4245 quo-I
704 4187 860 4228 suum
909 4180 996 4226 est
1032 4172 1374 4241 deputarent,
1426 4169 1586 4225 facile
1639 4176 1896 4238 poterant
1947 4174 2110 4221 rectae

522 4267 644 4322 lidei
665 4280 884 4320 cursum
909 4273 1116 4330 tenere,
1147 4273 1202 4320 et
1232 4281 1338 4319 non
1383 4279 1481 4335 pro
1508 4263 1627 4334 ejus
1663 4259 1966 4325 beneﬁciis,
1990 4275 2111 4330 quae

520 4377 620 4434 pro
662 4361 819 4416 nobis
865 4359 1196 4415 redimendis
1237 4359 1290 4413 in
1339 4358 1513 4415 forma
1556 4356 1700 4412 servi
1743 4354 1981 4424 suscepit
2028 4351 2112 4408 vel

521 4468 716 4526 passus
735 4463 837 4516 est,
869 4453 1140 4507 divinitati
1171 4453 1290 4523 ejus
1312 4451 1671 4507 contumelias
1705 4449 2031 4519 irrogarent,
2058 4453 2114 4500 et

522 4546 832 4616 ubicunque
864 4544 1044 4616 legunt
1070 4545 1123 4600 in
1148 4544 1451 4616 Scripturis
1477 4543 1772 4599 secundum
1813 4539 2115 4595 humanita-

2206 3345 2348 3400 Deus
2397 3345 2600 3400 Filium
2636 3363 2791 3400 suum
2835 3346 3033 3417 factum
3088 3361 3152 3398 ex
3189 3343 3427 3409 muliere,
3456 3343 3661 3413 factum
3710 3344 3809 3396 sub

2207 3437 2338 3509 lege.
2373 3438 2616 3508 Denique
2643 3439 2708 3493 de
2737 3439 2855 3508 ipso
2885 3438 3112 3508 legimus
3152 3437 3205 3491 in
3242 3435 3509 3506 Propheta
3546 3449 3560 3488 :
3598 3431 3809 3487 Citium

2207 3537 2252 3584 et
2280 3540 2476 3584 terram
2497 3546 2591 3601 ego
2619 3529 2836 3600 impleo,
2857 3530 2986 3583 dicit
3017 3528 3306 3594 Dominus;
3343 3537 3398 3583 et
3421 3525 3765 3598 evangelista
3790 3542 3808 3577 :

2208 3621 2286 3676 De
2331 3622 2674 3694 plenitudine,
2727 3623 2926 3693 inquit,
2957 3623 3076 3694 ejus
3117 3639 3211 3677 nos
3241 3639 3418 3676 omnes
3477 3621 3805 3692 accepimus.

2208 3715 2276 3770 Et
2306 3716 2351 3770 si
2381 3716 2566 3771 omnia
2597 3717 2714 3786 ipse
2746 3715 2953 3786 implet,
3000 3715 3091 3770 ubi
3137 3715 3336 3770 missus
3362 3722 3447 3769 est
3489 3712 3650 3782 enjus
3699 3727 3812 3767 ma-

2207 3805 2408 3875 jestate
2429 3808 2587 3878 plena
2612 3815 2737 3862 sunt
2756 3807 2975 3861 omnia?
3001 3805 3108 3862 Sed
3136 3807 3311 3862 adhuc
3341 3805 3482 3861 forte
3508 3805 3672 3870 dicis,
3705 3804 3814 3860 sic-

2208 3909 2268 3956 ut
2313 3902 2476 3956 habet
2521 3899 2758 3955 carnalis
2807 3899 3131 3964 intellectus,
3166 3899 3304 3953 inter
3353 3897 3674 3970 gignentem
3713 3913 3811 3967 pa-

2209 3999 2346 4046 trem
2380 3999 2437 4046 et
2470 3989 2711 4061 genitum
2736 3988 2906 4043 lilium
2935 4004 3041 4043 non
3072 3988 3314 4059 potuisse
3343 3987 3460 4042 ﬁeri
3491 3988 3600 4042 nisi
3627 3996 3691 4042 ut
3715 3987 3814 4041 ali-

2209 4083 2353 4155 quod
2397 4081 2592 4138 fuisset
2623 4081 2856 4151 spatium
2891 4097 2905 4134 :
2938 4080 3173 4151 spatium
3203 4080 3352 4135 honr:
3379 4077 3618 4142 faciunt,
3655 4081 3809 4134 hunc

2213 4184 2427 4244 tempus
2452 4173 2761 4243 designant,
2798 4187 2863 4226 ac
2891 4171 2970 4226 sic
3015 4171 3060 4226 si
3092 4179 3307 4242 tempus
3355 4171 3646 4241 anteponis
3677 4170 3811 4238 ﬁlio,

2211 4280 2320 4320 non
2359 4263 2540 4319 omnia
2593 4279 2690 4334 per
2737 4263 2911 4332 ipsum
2961 4262 3103 4316 iacta
3139 4261 3352 4319 fateris.
3385 4262 3452 4316 Et
3499 4263 3592 4318 ubi
3640 4274 3726 4318 est
3754 4265 3816 4318 il-

2217 4361 2307 4416 lud
2342 4380 2354 4416 :
2391 4361 2582 4416 Omnia
2613 4377 2705 4432 per
2741 4360 2911 4432 ipsum
2939 4361 3080 4430 facta
3121 4371 3265 4416 sunt.
3294 4359 3456 4417 Certe
3501 4361 3812 4417 secundum

2214 4462 2362 4508 tuam
2393 4453 2818 4524 propositionem
2853 4454 3175 4522 respondeo,
3207 4454 3300 4524 qui
3329 4453 3465 4508 dicis
3512 4454 3686 4508 fuisse
3715 4452 3820 4507 Pa-

2219 4555 2354 4600 trem
2395 4546 2690 4616 aliquando
2720 4545 2838 4600 sine
2888 4545 3043 4601 Filio.
3090 4545 3287 4616 Utique
3335 4546 3567 4616 legimus
3604 4546 3818 4614 pariter

525 4645 633 4692 tem
657 4637 860 4708 aliquid
887 4638 1029 4707 quod
1061 4638 1240 4693 minus
1283 4637 1538 4709 loquatur
1576 4636 1856 4698 divinitas,
1891 4633 1985 4689 sed
2014 4649 2114 4705 pro
2140 4641 2192 4700 D
2224 4637 2276 4691 in
2320 4638 2608 4708 Apostolo,
2642 4636 2908 4692 Christum
2934 4638 3032 4692 Dei
3073 4640 3313 4692 virtutem
3358 4650 3407 4692 et
3459 4638 3551 4692 Dei
3605 4639 3821 4705 sapien-

524 4728 925 4799 dispcnsationc
952 4731 1448 4800 carnisassumptte
1487 4731 1588 4785 hoc
1634 4735 1971 4798 protestetur
2011 4726 2114 4780 hu-

526 4822 778 4885 manitas,
807 4831 1014 4877 naturae
1043 4822 1336 4892 unicuique
1383 4825 1599 4894 propria
1633 4826 2108 4892 recognoscercnt,

527 4922 584 4970 et
611 4915 909 4970 divinitatis
943 4915 1250 4985 :cquitatetu
1289 4916 1550 4987 derogare
1583 4918 1932 4972 desisterent.
1980 4912 2114 4968 Nam

527 5020 648 5065 nos,
675 5005 814 5061 sicut
837 5023 960 5061 eum
997 5007 1162 5062 Deum
1196 5007 1442 5077 legimus,
1488 5009 1560 5062 ita
1589 5024 1689 5062 nec
1731 5005 1990 5076 majorem
2019 5023 2118 5061 nec

528 5098 794 5155 minorem
843 5099 1011 5155 Deum
1059 5116 1284 5171 usquam
1317 5100 1578 5171 legimus.
1613 5114 1712 5154 nec
1744 5099 1967 5155 meiere
1998 5097 2123 5152 reli-

529 5191 677 5262 giosa
710 5202 885 5245 mente
907 5192 1185 5245 debemus.
1217 5193 1323 5247 Sed
1369 5193 1435 5246 ad
1466 5193 1580 5247 hanc
1608 5191 1843 5247 Arianus
1872 5189 2119 5262 persistit

530 5293 585 5338 et
609 5283 741 5338 dicit
767 5302 778 5337 :
804 5282 948 5337 Fieri
984 5300 1087 5337 non
1114 5293 1289 5354 potest
1319 5294 1378 5340 ut
1407 5302 1513 5340 non
1545 5285 1714 5340 Filius
1746 5284 2115 5340 minor'Patre

529 5378 804 5431 credatur.
842 5375 996 5446 Apud
1043 5377 1290 5433 homines
1342 5379 1464 5433 ideo
1496 5380 1761 5434 minorem
1814 5379 1980 5432 lilium
2021 5393 2118 5449 ge-

531 5479 687 5524 uerat
724 5477 880 5538 pater
927 5467 1054 5538 quia
1098 5479 1152 5524 ct
1183 5470 1296 5541 ipse
1328 5470 1505 5525 minor
1539 5480 1621 5526 est
1645 5480 1936 5543 generatus
1965 5487 1994 5525 a
2027 5486 2122 5540 pa—

535 5568 638 5616 tre.
680 5560 888 5616 Idcirco
917 5572 1199 5618 crescente
1239 5564 1349 5618 lilio
1392 5573 1547 5635 pater
1593 5567 1849 5632 senescit,
1900 5576 1956 5622 et
2003 5583 2120 5621 IllO-

2215 4731 2364 4784 tiam.
2397 4731 2461 4799 Et
2491 4731 2604 4801 ipse
2628 4730 2694 4786 de
2724 4745 2781 4786 se
2811 4732 3071 4786 Dominus
3101 4731 3339 4802 loquitur
3371 4749 3385 4785 :
3415 4729 3529 4802 Ego
3553 4747 3675 4784 sum
3711 4732 3820 4796 eia,

2217 4826 2404 4881 veritas
2420 4835 2467 4879 et
2484 4826 2608 4880 vita.
2629 4825 2684 4880 Si
2700 4841 2830 4896 ergo
2856 4825 2958 4880 fuit
2977 4825 3140 4880 Pater
3155 4825 3272 4880 sine
3300 4824 3435 4879 Filio
3450 4866 3464 4887 ,
3495 4825 3640 4879 sicut
3657 4833 3712 4879 tu
3743 4826 3825 4879 di-

2216 4917 2317 4981 cis,
2337 4917 2435 4971 luit
2461 4917 2578 4972 sine
2606 4916 2943 4980 virtute,l‘uit
2967 4917 3083 4971 sine
3110 4915 3652 4987 sapientiaJuitsine
3683 4915 3822 4977 vita,

2220 5009 2323 5064 fuit
2347 5009 2467 5064 sine
2494 5008 2747 5063 veritate.
2779 5007 2885 5061 Sed
2915 5009 3042 5077 quia
3068 5009 3186 5064 sine
3214 5007 3298 5062 his
3331 5021 3608 5075 nunquam
3655 5004 3822 5060 fuisse

2224 5101 2388 5156 Pater
2421 5100 2725 5156 credendus
2746 5107 2849 5164 est,
2871 5100 2974 5154 hoc
2996 5100 3252 5155 convenit
3271 5099 3430 5154 saluti
3458 5107 3562 5153 tua:
3591 5108 3652 5152 ut
3664 5095 3822 5165 juxta

2229 5195 2391 5250 ﬁdem
2419 5193 2740 5248 catholicam
2773 5194 3267 5264 consempiternum
3295 5191 3442 5246 Patri
3474 5200 3531 5246 ct
3552 5194 3824 5261 atquaiem

2227 5285 2428 5341 Filium
2477 5285 2717 5346 fatearis.
2762 5286 2887 5355 quia
2927 5295 2982 5340 ct
3027 5285 3200 5341 virtus
3227 5282 3344 5353 ejus
3387 5284 3585 5360 legitur
3621 5285 3828 5352 sempi-

2232 5389 2408 5444 terna,
2437 5380 2653 5434 dicente
2701 5377 3007 5448 Apostolo:
3053 5376 3382 5448 Sempiterna
3425 5392 3630 5446 quoque
3662 5375 3827 5428 virtus

2231 5475 2346 5546 ejus
2375 5483 2422 5527 et
2441 5471 2708 5526 divinitas.
2726 5471 2991 5534 Similiter
3015 5480 3072 5526 et
3101 5471 3169 5525 de
3196 5469 3419 5524 veritate
3441 5467 3579 5538 ejus,
3606 5467 3827 5520 dicente

2234 5565 2520 5620 Psal.nista
2555 5581 2568 5617 :
2597 5562 2659 5616 Et
2685 5563 2872 5617 veritas
2900 5561 3108 5616 Domini
3136 5570 3307 5614 manet
3335 5559 3388 5612 in
3417 5568 3693 5612 a'ternum.
3725 5556 3824 5611 So—

534 5650 722 5706 riendo
745 5663 901 5722 patre
930 5653 1072 5709 [ilius
1094 5656 1388 5712 succedere
1419 5659 1830 5728 comprobatur,
1860 5669 1916 5715 et
1940 5659 2132 5715 melior
2225 5659 2341 5715 lent
2389 5659 2554 5714 etiam
2609 5657 2767 5712 istam
2807 5657 2954 5713 velut
3000 5657 3318 5729 quaestionis
3352 5654 3682 5710 calumniam
3734 5669 3830 5723 ge.

538 5757 603 5796 ac
622 5744 894 5810 potentior
917 5755 1075 5815 patre
1096 5763 1483 5819 nonnunquam
1507 5748 1756 5806 etlicitur.
1778 5751 1932 5822 Apud
1963 5753 2130 5808 Deum
2227 5769 2442 5810 nerare.
2481 5752 2538 5806 ln
2583 5759 2816 5818 tantum,
2866 5754 3138 5824 inquiunt,
3192 5751 3367 5821 major
3416 5758 3501 5806 est
3546 5747 3708 5802 Pater
3767 5753 3828 5798 ut

541 5844 672 5888 vero
697 5848 806 5891 non
847 5836 921 5890 ita
947 5847 1030 5892 est
1065 5856 1077 5891 :
1121 5843 1245 5907 quia
1293 5841 1386 5897 ubi
1415 5856 1664 5899 crescere
1705 5844 1789 5900 vel
1845 5860 2130 5901 senescere
2225 5847 2396 5913 priori
2435 5860 2651 5916 semper
2695 5847 3007 5904 nominetur
3031 5847 3172 5904 loco.
3206 5843 3433 5902 Etiamsi
3470 5840 3640 5909 priori
3677 5851 3829 5913 sem:
