4062 6332
250 353 386 411 1585

1487 348 1882 406 OPUSCULA.‘
1915 347 2001 406 ΟΡ
2011 348 2159 407 USC.
2201 348 2244 405 Ι.

3352 349 3490 407 1586

246 481 344 538 per
390 463 509 520 loco
546 463 949 530 nominaretur,
988 462 1143 518 valde
1180 461 1465 517 videbatur
1513 476 1633 516 esse
1683 476 1816 515 con-
1845 463 1897 524 Α
1921 460 2121 524 Ιαάωὶ,
2146 461 2269 533 quia
2304 476 2409 515 non
2437 459 2606 515 solum
2642 460 2866 515 solvebat
2888 462 3182 530 sabbatum,
3206 465 3296 520 sed
3335 467 3494 520 etiam

250 559 500 632 veniens;
549 557 672 626 quia
712 572 778 610 cx
815 555 933 625 ipso
963 562 1044 610 est
1091 555 1283 619 Filius,
1337 571 1444 609 non
1487 553 1576 607 ille
1614 569 1680 607 cx
1722 551 1818 606 Fi-

249 649 341 704 lio.
377 649 576 702 Tamen
615 658 671 702 ut
701 649 1059 718 aequalitatem
1108 662 1387 716 agnoscas,
1417 645 1541 699 audi
1582 645 1635 699 in
1677 645 1822 698 Scri-

248 741 438 813 pturis,
479 740 570 794 ubi
623 741 787 794 etiam
843 740 993 810 prior
1042 739 1210 794 Filius
1263 739 1590 793 nominatur.
1658 735 1822 790 Joan-

249 847 344 888 nes
373 833 703 904 evangelista
732 834 807 888 ait
848 851 860 887 :
901 832 968 887 In
1012 833 1268 903 principio
1315 841 1427 886 erat
1468 829 1730 895 Verbum,
1771 839 1822 884 et

255 923 482 980 Verbum
529 934 644 980 erat
689 925 830 995 apud
882 924 1072 989 Deum,
1121 933 1166 976 et
1215 923 1351 976 Deus
1408 931 1520 976 erat
1573 921 1818 976 Verbum.

247 1017 306 1073 In
356 1017 533 1071 Verbo
600 1015 784 1084 itaque
836 1013 1032 1069 Filium
1087 1013 1364 1068 indicavit.
1419 1013 1487 1067 Et
1534 1012 1823 1082 Apostolus

250 1107 316 1162 ad
369 1108 630 1178 Ephesios
678 1125 691 1162 :
747 1109 830 1161 An
880 1107 1089 1161 nescitis
1138 1107 1262 1176 quia
1313 1108 1480 1158 omnis
1533 1105 1824 1174 fornicator

249 1209 341 1252 aut
369 1199 671 1254 immundus
694 1216 796 1253 non
822 1199 974 1252 habet
1002 1199 1357 1252 hazreditatem
1379 1197 1434 1248 in
1456 1212 1611 1266 regno
1630 1195 1822 1248 Christi

247 1300 295 1343 et
322 1289 466 1343 Dei?
496 1290 636 1344 Ecce
689 1297 744 1343 et
785 1289 872 1342 hic
906 1280 1072 1357 priOri
1108 1287 1226 1340 loco
1262 1285 1430 1339 Filius
1487 1285 1818 1340 nominatur.

248 1377 315 1432 Et
362 1379 427 1432 ad
474 1377 697 1432 Galatas
727 1376 925 1430 Paulus
963 1375 1240 1445 apostolus
1273 1392 1284 1428 :
1327 1374 1451 1428 Non
1493 1375 1556 1428 ab
1597 1375 1823 1428 homini-

248 1469 364 1533 bus,
394 1485 554 1539 neque
588 1485 680 1536 per
699 1467 980 1531 hominem,
1025 1467 1116 1520 sed
1142 1483 1234 1537 per
1253 1463 1435 1519 Jesum
1464 1462 1732 1518 Christum
1773 1473 1821 1518 et

245 1561 415 1616 Deum
449 1560 677 1613 Putrem.
702 1559 770 1613 Et
795 1559 864 1622 ad
887 1558 1402 1612 Thessalonicenses
1446 1573 1458 1609 :
1489 1555 1608 1627 Ipse
1647 1566 1822 1609 autem

245 1651 502 1706 Dominus
547 1649 704 1705 Iesus
735 1649 974 1705 Christus
1013 1661 1060 1704 et
1085 1651 1226 1704 Deus
1259 1648 1441 1715 Pater,
1469 1650 1593 1720 quia
1639 1648 1821 1701 dilexit

247 1760 359 1796 nos.
411 1743 491 1797 Ad
541 1742 852 1797 Corinthios
899 1757 912 1794 :
959 1742 1261 1798 Secundum
1325 1743 1550 1812 gratiam
1604 1740 1820 1794 Domini

246 1837 414 1890 nostri
434 1835 562 1890 Iesu
594 1835 812 1900 Christi,
830 1846 877 1890 et
909 1835 1139 1889 charitas
1172 1835 1271 1888 Dei
1294 1832 1494 1899 Patris,
1520 1842 1566 1886 et
1592 1848 1823 1886 commu-
1850 1813 1898 1873 Β

248 1932 442 1985 nicatio
487 1933 654 1986 sancti
695 1932 924 2003 Spiritus
953 1948 1093 2007 cum
1138 1930 1374 1984 omnibus
1428 1929 1586 1982 vobis.
1616 1928 1682 1981 Et
1713 1928 1828 1998 ipse

244 2023 508 2078 Dominus
557 2025 728 2078 dicit:
785 2023 899 2094 Ego
940 2033 987 2077 et
1029 2021 1190 2076 Pater
1240 2038 1401 2076 unum
1439 2037 1639 2075 sumus.
1699 2018 1820 2074 Non

245 2114 400 2178 dixit,
433 2112 596 2167 Pater
621 2123 669 2167 et
689 2130 802 2184 ego.
827 2114 894 2168 Et
915 2113 1041 2168 alibi
1069 2131 1082 2166 :
1108 2111 1210 2179 Qui
1235 2129 1315 2166 me
1329 2111 1484 2175 videt,
1503 2111 1636 2165 videt
1650 2119 1696 2163 et
1720 2107 1830 2163 Pa-

245 2205 485 2260 trem.Et
503 2206 700 2260 iterum
733 2223 744 2257 :
771 2204 873 2270 Qui
902 2222 1004 2258 non
1024 2203 1336 2272 honori/icat
1367 2201 1590 2266 Filium,
1616 2217 1719 2255 non
1737 2201 1830 2254 ho-

246 2298 491 2366 noriﬁcat
516 2296 749 2364 Putrem,
774 2299 863 2368 qui
893 2299 1030 2351 misit
1058 2296 1225 2351 illum.
1253 2297 1393 2351 Ecce
1430 2295 1641 2365 quoties
1663 2293 1829 2365 priori

243 2390 366 2446 loco
383 2391 552 2446 Filius
566 2393 897 2447 nominatur.
921 2391 1024 2446 Sed
1048 2391 1171 2460 quia
1191 2391 1242 2444 in
1265 2389 1425 2444 Patre
1441 2398 1494 2443 et
1507 2387 1642 2442 Filio
1657 2403 1831 2458 arqua—

243 2483 372 2537 litas
399 2493 500 2548 est,
527 2484 726 2537 nullum
750 2483 1122 2554 prmjudicium
1151 2498 1248 2537 nec
1261 2490 1386 2536 ante
1416 2497 1514 2535 nec
1528 2489 1712 2550 postea
1734 2495 1831 2533 no-

246 2575 488 2629 minatus
501 2575 652 2629 alteri
677 2576 873 2646 poterit
887 2575 1176 2639 exhibere;
1202 2573 1327 2643 quia
1350 2572 1492 2626 nulla
1508 2582 1589 2626 est
1605 2571 1831 2625 diversi-

249 2673 339 2720 tas
353 2667 441 2720 ubi
460 2675 542 2720 est
553 2667 775 2736 aqualis
791 2668 844 2720 in
870 2678 1100 2736 utroque
1115 2665 1389 2720 divinitas.
1409 2663 1513 2719 Sed
1527 2663 1647 2718 ideo
1663 2663 1741 2717 sic
1755 2660 1830 2717 le—

245 2759 426 2828 gimus
444 2758 565 2827 quia
595 2758 826 2811 humana
847 2757 1047 2812 locutio
1063 2757 1220 2811 aliter
1233 2771 1411 2811 senon
1428 2753 1832 2824 valetexpedire

250 2853 359 2908 nisi
389 2860 448 2906 ut
473 2868 598 2907 cum
624 2867 791 2906 unum
833 2851 1053 2915 dixerit,
1087 2850 1168 2904 sic
1206 2850 1438 2903 alterum
1489 2848 1653 2902 dicat.
1693 2846 1832 2900 Ecce

247 2954 312 3000 ut
327 2954 622 3018 agnoscant
641 2945 770 3015 quia
791 2945 866 2999 ibi
895 2943 1028 3002 nihil
1051 2944 1226 3015 majus
1244 2941 1488 2996 minusve
1512 2946 1595 2994 est
1614 2981 1628 3004 ,
1653 2944 1834 2993 cesset

249 3038 481 3108 qumstio
517 3037 582 3098 de
626 3035 788 3090 Patre
820 3035 1064 3091 anterius
1106 3033 1383 3089 nominato
1410 3049 1424 3085 :
1451 3030 1577 3101 quia
1607 3029 1698 3083 ubi
1725 3043 1833 3082 una

251 3135 336 3181 est
357 3127 678 3192 substantia,
705 3141 812 3180 una
845 3125 1018 3181 deitas
1042 3165 1058 3190 ,
1088 3133 1144 3180 et
1170 3121 1525 3194 incorporalis
1547 3118 1828 3175 immensi-

251 3226 356 3282 tas,
400 3218 544 3272 nulla
574 3226 657 3276 est
679 3217 1010 3288 disparilitas
1030 3216 1114 3272 vel
1151 3215 1440 3270 diversitas
1485 3212 1827 3268 aestimanda.

251 3309 356 3366 Ubi
383 3307 525 3363 enim
543 3325 682 3363 unus
712 3309 854 3363 Deus
883 3309 1150 3373 creditur,
1177 3307 1249 3361 ibi
1280 3307 1460 3361 minor
1472 3313 1528 3360 et
1553 3302 1722 3372 major
1738 3318 1832 3358 cx-

250 3401 506 3457 cluditur.
545 3400 728 3456 Nescit
765 3401 911 3456 enim
938 3415 1221 3454 numerum
1246 3399 1446 3461 unitas,
1473 3395 1698 3467 gradum
1726 3409 1832 3448 non

250 3495 494 3550 admittit
519 3495 800 3563 aequalitas
823 3533 840 3558 ,
866 3495 1005 3548 sicut
1033 3493 1294 3560 scriptum
1330 3499 1414 3546 est
1441 3508 1455 3544 :
1502 3489 1629 3543 Non
1653 3504 1835 3542 ascen-

251 3585 344 3639 des
365 3601 458 3655 per
481 3583 677 3655 gradus
699 3583 766 3636 ad
803 3581 970 3636 altare
997 3598 1190 3636 meum.
1221 3581 1290 3635 Et
1311 3581 1433 3636 ideo
1469 3577 1679 3634 auferat
1699 3593 1834 3633 con-

254 3679 555 3734 tentionem
599 3684 656 3732 et
708 3684 891 3730 teneat
919 3690 1042 3730 cum
1099 3673 1368 3729 catholica
1422 3671 1836 3743 inseparabilem

254 3769 579 3825 Trinitatem
598 3767 715 3822 sine
746 3767 1105 3837 permixtione
1135 3767 1509 3836 coniunctam,
1541 3765 1660 3819 sine
1682 3779 1837 3834 sepa-

254 3863 471 3917 ratione
489 3861 838 3925 distinctam;
881 3860 1006 3929 quia
1036 3858 1199 3914 Pater
1225 3867 1281 3914 et
1309 3857 1478 3913 Filius
1497 3865 1553 3912 et
1601 3855 1837 3926 Spiritus

257 3964 478 4011 sanctus
505 3954 648 4009 Deus
675 3969 836 4009 verus
865 3994 879 4018 ,
913 3953 1128 4023 plenus,
1152 3959 1206 4007 et
1234 3966 1376 4006 unus
1397 3960 1500 4006 est.
1547 3950 1667 4019 Ipsa
1691 3949 1836 4003 enim

255 4064 354 4119 per
384 4061 441 4101 se
469 4046 606 4101 ratio
654 4047 810 4101 docet
848 4045 973 4115 quia
1003 4060 1143 4099 unus
1166 4059 1267 4099 nec
1305 4043 1662 4114 posteriorem
1701 4041 1836 4096 reci-

255 4143 337 4213 pit
375 4156 474 4196 nec
504 4140 761 4212 priorem,
809 4139 1270 4209 comparationem
1320 4137 1406 4192 vel
1436 4137 1834 4208 separationem

257 4232 435 4286 nescit
461 4231 662 4285 habere
707 4229 799 4300 qui
829 4229 972 4284 solus
1003 4235 1110 4294 est,
1150 4229 1330 4283 minor
1380 4242 1487 4283 non
1517 4235 1695 4298 potest
1717 4241 1837 4282 esse

260 4327 351 4395 qui
373 4326 563 4395 plenus
600 4331 685 4379 est
708 4341 722 4389 ;
745 4324 872 4394 quia
895 4322 1215 4394 perfectioni
1246 4339 1348 4379 nec
1375 4323 1497 4378 addi
1538 4323 1836 4394 quidquam

260 4434 362 4474 nec
404 4419 569 4474 minui
610 4429 748 4488 post.
774 4416 1074 4472 Credantur
1114 4432 1243 4489 ergo
1293 4424 1404 4472 tres
1436 4429 1706 4486 personae,
1743 4414 1839 4470 sed

1917 563 2119 624 patrem
2141 569 2295 607 suum
2322 553 2524 607 dicebat
2548 552 2738 617 Deum,
2764 553 3015 623 aequalem
3048 571 3103 608 se
3142 555 3341 624 faciens
3364 556 3494 610 Deo.

1919 642 2058 699 Ecce
2092 645 2340 714 impietas
2369 643 2677 698 Iuda-orum
2707 644 2837 698 dicit
2864 645 3147 714 aequalem,
3177 654 3232 700 et
3262 664 3366 701 non
3395 664 3494 704 ve-

1920 743 2070 789 retur
2110 736 2290 790 dicere
2329 735 2672 791 Christianus
2727 726 3130 791 minorem?Et
3171 737 3297 793 alibi
3344 738 3488 794 idem

1919 826 2262 898 Evangelista
2284 828 2360 882 ait
2393 846 2406 882 :
2434 825 2538 894 Qui
2576 844 2679 882 non
2700 827 3015 897 honoriﬁcat
3037 826 3258 892 Filium,
3276 845 3379 882 non
3396 830 3491 883 ho-

1922 921 2162 990 noriﬁcat
2177 918 2520 992 Patrem,qui
2532 922 2670 976 misit
2697 921 2866 976 illum.
2884 920 3132 992 1Equalis
3158 923 3300 977 enim
3325 922 3499 978 honor

1922 1012 2134 1065 nonnisi
2155 1011 2452 1082 aequalibus
2466 1013 2772 1067 exhibetur.
2804 1012 2871 1066 Et
2895 1013 3002 1067 alio
3026 1013 3145 1068 loco
3162 1013 3303 1068 idem
3329 1013 3496 1068 dicit:

1923 1102 2070 1158 Sicut
2114 1102 2277 1158 Pater
2320 1105 2537 1158 suscitat
2565 1114 2800 1181 mortuos
2844 1114 2892 1159 et
2933 1105 3188 1175 viviﬁcat,
3221 1105 3297 1158 ita
3330 1114 3378 1159 et
3404 1104 3505 1159 Fi-

1923 1195 2024 1250 lius
2065 1213 2192 1267 quos
2223 1197 2329 1252 vult
2370 1197 2619 1267 viviﬁcat.
2644 1197 2783 1252 Audi
2835 1199 3104 1254 dicentem
3131 1215 3262 1268 quos
3288 1198 3416 1263 uult,
3442 1207 3499 1254 et

1922 1289 2182 1357 aequalem
2211 1304 2335 1342 eum
2379 1287 2526 1342 Patri
2573 1305 2638 1343 ac
2665 1305 2776 1344 sua:
2815 1291 3102 1359 potestatis
3128 1305 3250 1345 esse
3291 1281 3496 1359 cogno-

1923 1390 2033 1430 sce.
2075 1377 2141 1430 Et
2167 1391 2270 1430 non
2314 1377 2461 1431 dicas
2489 1392 2612 1431 eum
2646 1377 2909 1433 minorem
2935 1419 2950 1445 ,
2983 1381 3110 1449 quia
3137 1395 3406 1450 nusquam
3445 1381 3498 1434 in

1925 1464 2222 1536 Scripturis
2247 1468 2450 1521 sanctis
2478 1467 2531 1521 id
2557 1469 2794 1537 reperies
2814 1509 2829 1534 ,
2859 1470 2953 1524 sed
2978 1470 3118 1524 sicut
3162 1472 3279 1541 ipse
3304 1469 3507 1542 Philip-

1923 1574 1992 1629 po
2032 1559 2199 1612 dicit:
2237 1558 2340 1624 Qui
2387 1575 2467 1612 me
2516 1559 2673 1624 videt,
2705 1561 2842 1614 videt
2866 1570 2915 1614 et
2964 1558 3202 1627 Patrem,
3234 1573 3281 1616 et
3324 1563 3502 1616 omnia

1921 1667 2039 1721 qua:
2066 1647 2229 1703 Pater
2261 1651 2412 1720 facit.
2458 1649 2554 1704 Vel
2600 1650 2766 1704 illud:
2798 1651 2940 1706 Deus
2980 1663 3091 1705 erat
3143 1650 3388 1707 Verbum.
3435 1650 3514 1708 Et'

1922 1739 2234 1810 Apostolus,
2269 1749 2328 1793 ut
2363 1741 2821 1796 memoravimus:
2855 1740 2959 1806 Qui
2985 1751 3081 1808 est,
3108 1741 3304 1811 inquit,
3350 1759 3508 1813 super

1929 1832 2105 1886 omnia
2136 1830 2278 1884 Deus
2309 1830 2606 1884 benedictus
2635 1831 2689 1885 in
2711 1831 2928 1885 swcula.
2964 1831 3079 1887 Non
3109 1841 3289 1904 potest
3331 1834 3510 1888 minor

1929 1923 2076 1978 credi
2091 1923 2183 1993 qui
2207 1929 2290 1977 est
2316 1936 2480 1992 super
2499 1922 2678 1976 omnia
2709 1923 2851 1978 Deus
2866 1923 3180 1977 benedictus
3203 1923 3257 1978 in
3289 1923 3506 1978 saecula.

1927 2013 1997 2071 Et
2032 2015 2161 2071 alibi
2207 2014 2536 2087 Apostolus:
2573 2013 2678 2080 Qui
2718 2032 2836 2070 cum
2885 2018 2940 2070 in
2989 2015 3161 2087 forma
3209 2016 3309 2071 Dei
3355 2027 3508 2082 esset,

1930 2125 2034 2163 non
2077 2108 2321 2179 rapinam
2366 2108 2653 2163 arbitratus
2700 2119 2776 2163 est
2839 2125 2949 2164 esse
2995 2127 3050 2164 se
3079 2109 3333 2182 (aqualem
3377 2109 3508 2163 Deo.

1930 2201 2109 2270 Quare
2140 2202 2276 2256 hoc?
2303 2201 2438 2269 Quia
2477 2218 2637 2258 nemo
2672 2204 2814 2272 rapit
2841 2204 2945 2258 nisi
2993 2203 3137 2274 quod
3188 2218 3294 2259 non
3325 2204 3508 2258 habet.

1928 2296 2020 2353 Ille
2045 2311 2174 2368 ergo
2201 2297 2294 2365 qui
2322 2297 2555 2351 habebat
2580 2296 2948 2367 aequalitatem
2974 2337 2988 2363 ,
3017 2312 3125 2354 non
3152 2305 3238 2352 est
3275 2295 3510 2351 arbitra-

1931 2394 2019 2441 tus
2045 2387 2329 2458 rapinam;
2377 2387 2473 2442 sed
2503 2403 2666 2457 quam
2712 2387 2930 2442 rebellis
2955 2388 3180 2460 angelus
3232 2403 3513 2444 assumere

1930 2477 2099 2532 voluit
2139 2493 2236 2546 per
2263 2477 2527 2548 rapinam,
2556 2477 2804 2534 Christus
2836 2479 3077 2549 possidet
3099 2493 3196 2550 per
3234 2488 3507 2534 naturam.

1932 2569 2068 2637 Quia
2100 2586 2230 2624 vero
2251 2581 2334 2626 est
2381 2587 2544 2626 verus
2569 2571 2711 2627 Deus
2736 2573 2860 2626 audi
2894 2574 3111 2627 beatum
3137 2571 3402 2628 Joannem
3430 2575 3512 2628 di-

1934 2672 2144 2717 centem
2191 2664 2244 2717 in
2273 2663 2513 2733 Epistola
2555 2679 2652 2718 sua
2685 2683 2698 2718 :
2747 2663 2814 2718 Et
2845 2666 3007 2719 simus
3030 2706 3045 2731 ,
3071 2666 3287 2734 inquit,
3314 2667 3370 2720 in
3394 2683 3514 2720 vero

1933 2755 2078 2810 Filio
2125 2757 2240 2826 ejus
2285 2755 2416 2811 Jesu
2446 2755 2673 2811 Christo.
2717 2755 2822 2811 Hic
2843 2767 2917 2812 est
2963 2774 3113 2812 verus
3149 2759 3290 2812 Deus
3318 2769 3366 2812 et
3411 2758 3517 2812 vita

1934 2859 2154 2904 teterna.
2205 2848 2377 2904 Audis
2403 2865 2590 2904 verum
2649 2851 2942 2915 Deum,et
2995 2851 3280 2922 praesumis
3335 2853 3516 2907 dicere

1935 2943 2223 3008 minorem,
2278 2949 2334 2996 et
2385 2957 2491 2996 non
2530 2941 2808 2997 conﬁteris
2837 2942 3119 3012 aqualem.
3159 2943 3302 2998 Dicit
3351 2943 3516 2998 etiam

1935 3031 2128 3088 beatus
2181 3031 2458 3103 apostolus
2505 3032 2574 3089 ad
2618 3031 2838 3087 Titum:
2880 3032 3255 3103 Exspectantes
3311 3033 3516 3089 beatam

1935 3141 2075 3194 spem
2099 3133 2145 3178 et
2168 3125 2448 3179 adventum
2467 3123 2652 3195 gloria:
2671 3125 2850 3195 magni
2876 3123 2992 3178 Dei.
3022 3122 3216 3182 Nescio
3231 3141 3338 3196 qua
3368 3126 3515 3182 Iron-

1940 3224 1989 3270 te
2019 3216 2193 3270 minor
2237 3207 2359 3271 esse
2383 3213 2598 3270 dicatur
2624 3229 2786 3284 quem
2811 3231 3065 3286 magnum
3093 3215 3264 3272 Deum
3294 3217 3521 3287 Aposto-

1931 3303 2016 3359 lus
2038 3304 2343 3374 prolitetur.
2369 3303 2482 3358 Hoc
2507 3303 2671 3358 etiam
2696 3304 2934 3374 perﬁdus
2960 3320 3115 3359 error
3141 3306 3322 3361 dicere
3358 3307 3516 3373 solet,

1934 3397 2076 3466 quod
2099 3397 2190 3450 ubi
2221 3397 2275 3450 in
2296 3395 2597 3465 Scripturis
2628 3395 2857 3466 legimus
2879 3405 2972 3451 aut
3018 3397 3192 3452 solum
3219 3399 3388 3454 Deum
3423 3410 3519 3455 aut

1935 3489 2108 3544 solum
2139 3487 2464 3542 altissimqu
2486 3494 2580 3540 aut
2611 3487 2787 3542 solum
2826 3489 3143 3559 sapientem,
3178 3490 3282 3545 hoc
3311 3506 3418 3546 nou
3449 3491 3516 3546 de

1936 3579 2203 3635 Triuitate
2226 3579 2354 3645 dici,
2378 3579 2474 3634 sed
2503 3578 2570 3634 de
2591 3578 2706 3633 solo
2730 3578 2893 3635 Patre
2921 3582 3092 3650 accipi
3121 3581 3348 3638 debeat:
3372 3583 3517 3654 quod

1935 3687 2096 3742 quam
2121 3672 2414 3726 absurdum
2445 3670 2516 3726 sit
2539 3670 2614 3725 ita
2639 3671 2840 3725 sentire
2861 3671 2926 3726 de
2947 3671 3050 3726 hoc
3072 3688 3178 3726 uno
3205 3675 3516 3730 testimonio

1938 3765 2311 3819 convincatur.
2345 3763 2488 3818 Dicit
2513 3764 2657 3818 enim
2698 3763 2991 3833 Apostolus
3018 3781 3030 3817 :
3062 3763 3282 3836 Cognito
3303 3766 3405 3821 soli
3425 3785 3517 3822 sa-

1935 3855 2097 3926 pienti
2123 3853 2253 3908 Deo.
2285 3853 2406 3909 Non
2432 3853 2740 3924 intelligunt
2765 3853 2892 3924 quia
2918 3870 3027 3910 non
3048 3856 3184 3910 dixit
3204 3856 3303 3912 soli
3319 3860 3523 3930 sapien-

1937 3947 1978 4000 ti
2006 3944 2158 3998 Patri
2185 3986 2200 4010 ,
2233 3944 2327 4000 sed
2349 3945 2451 4000 soli
2503 3945 2725 4016 sapienti
2763 3945 2875 4000 Deo
2899 3987 2914 4011 ,
2956 3962 3075 4016 quae
3125 3957 3208 4002 est
3259 3948 3518 4008 Trinitas.

1939 4037 2074 4093 Nam
2102 4040 2226 4094 dum
2252 4039 2352 4094 soli
2391 4038 2540 4094 Patri
2581 4039 2684 4094 hoc
2711 4041 3005 4110 deputant,
3033 4041 3231 4098 Filium
3261 4043 3521 4115 insipien-

1941 4139 2048 4185 tem
2093 4132 2490 4203 blasphemant.
2518 4133 2585 4186 Et
2632 4135 2902 4202 quomodo
2950 4151 3073 4190 eum
3115 4137 3405 4208 Apostolus
3436 4156 3523 4196 sa-

1939 4222 2198 4291 pientiam
2246 4223 2342 4278 Dei
2375 4239 2495 4280 esse
2524 4224 2655 4280 dicit
2684 4225 2729 4280 si
2771 4225 2916 4282 solus
2950 4225 3114 4283 Pater
3143 4237 3227 4284 est
3257 4232 3474 4301 sapiens
3503 4274 3520 4301 ,

1943 4327 2065 4366 cum
2127 4312 2307 4368 nullus
2365 4315 2583 4384 sapiens
2624 4315 2800 4384 possit
2837 4331 2958 4371 esse
3000 4318 3106 4372 nisi
3151 4335 3247 4389 per
3307 4322 3520 4393 sapien-

1941 4402 2073 4458 tiam
2099 4403 2290 4458 suam?
2335 4404 2401 4458 Et
2437 4405 2528 4458 ubi
2572 4411 2656 4459 est
2698 4405 2830 4460 illud
2880 4407 3023 4476 quod
3065 4409 3134 4464 ad
3171 4409 3521 4471 Colossenses

262 4525 371 4566 non
398 4517 508 4563 tres
533 4508 870 4574 substantiae,
896 4517 1005 4563 tres
1030 4508 1407 4578 proprietates,
1453 4507 1545 4560 sed
1578 4521 1682 4560 non
1727 4514 1838 4560 tres
1863 4529 1917 4590 Ι)
1942 4499 2083 4554 idem
2119 4499 2410 4568 Apostolus
2437 4507 2772 4569 protestatur
2809 4501 2874 4555 de
2893 4500 3110 4558 Christo
3131 4502 3257 4560 Iesu
3281 4548 3297 4573 ,
3330 4509 3385 4564 in
3418 4527 3520 4582 quo

260 4609 575 4672 potestates.
631 4599 707 4654 Ita
755 4616 861 4654 una
913 4601 1029 4655 sine
1092 4599 1358 4671 principio
1402 4597 1832 4669 sempiternitas,

262 4692 405 4747 sicut
433 4705 537 4744 una
581 4691 696 4743 sine
732 4687 839 4744 ﬁne
886 4689 1161 4758 maiestas.
1217 4690 1347 4746 Siue
1394 4699 1614 4744 auctore
1661 4688 1838 4753 Pater,

263 4781 382 4838 sine
432 4789 675 4851 tempore
730 4779 900 4835 Filius
932 4821 948 4845 ,
1007 4781 1122 4834 sine
1178 4781 1383 4849 majore
1443 4781 1680 4852 Spiritus
1718 4796 1843 4836 san-

264 4885 402 4930 ctus.
468 4872 576 4928 Nos
634 4874 777 4928 enim
845 4873 1098 4928 catholici
1164 4874 1451 4930 Dominum
1509 4876 1676 4930 Deum
1739 4891 1840 4930 no-

263 4976 437 5024 strum
460 4965 641 5022 Iesum
672 4963 946 5020 Christum
977 4975 1032 5020 et
1058 4966 1320 5021 minorem
1363 4967 1591 5021 dicimus
1615 4966 1762 5022 Patri
1789 4976 1844 5023 et

262 5059 566 5129 aequalem;
608 5057 871 5128 minorem
914 5067 1137 5128 propter
1188 5059 1581 5114 humanitatem
1629 5075 1840 5116 assum-

263 5162 396 5217 tam,
425 5151 576 5222 quia,
609 5166 734 5205 cum
767 5151 821 5205 in
859 5151 1032 5206 forma
1065 5153 1157 5207 Dei
1207 5166 1382 5222 esset,
1421 5157 1651 5215 formam
1699 5163 1842 5217 servi

263 5243 485 5298 induere
509 5243 761 5312 dignatus
795 5252 898 5297 est.
938 5243 1225 5314 [Equalem
1266 5263 1396 5304 vero
1431 5250 1664 5308 dicimus
1713 5269 1842 5324 pro-

261 5342 383 5404 pter
424 5333 638 5388 deitatis
695 5337 1202 5405 sempiternitatem,
1229 5357 1333 5410 qua
1383 5359 1445 5398 ex
1497 5343 1655 5400 Patre
1689 5355 1844 5416 parte

263 5425 502 5480 existens
529 5424 697 5481 Filius
711 5430 1177 5498 consempiternus
1203 5442 1286 5487 est
1316 5434 1486 5489 Patri.
1505 5435 1684 5502 Quare
1713 5455 1842 5512 ergo

262 5515 543 5570 nobiscum
571 5533 676 5572 non
719 5519 1051 5574 conﬁtentur
1076 5524 1340 5593 aequalem
1375 5567 1390 5592 ,
1440 5542 1563 5582 cum
1596 5544 1692 5584 nos
1733 5531 1841 5588 illis

263 5623 370 5666 non
402 5622 658 5680 negemus
702 5613 1004 5669 minorem?
1045 5618 1350 5686 praesertim
1397 5635 1519 5675 cum
1554 5632 1842 5695 utrumque

263 5703 476 5774 utrique
499 5706 554 5759 in
585 5706 880 5778 Scripturis
917 5713 1121 5767 sanctis
1154 5714 1402 5785 legimus,
1437 5716 1651 5773 dicente
1674 5732 1842 5773 evan-

262 5798 452 5869 gelista
479 5816 492 5852 :
517 5795 823 5870 Propterea,
849 5804 1043 5874 inquit,
1074 5807 1379 5876 quaerebant
1405 5824 1524 5862 eum
1546 5809 1839 5879 interﬁcere

587 5894 863 5959 Parnm.
907 5897 1069 5961 CIII.

1941 4601 2060 4646 sunt
2096 4607 2273 4645 omnes
2301 4633 2316 4657 ,
2349 4591 2522 4661 inquit
2550 4633 2564 4656 ,
2615 4592 2846 4646 thesauri
2874 4594 3146 4665 sapientia:
3187 4607 3238 4652 et
3291 4603 3523 4659 scientia:

1943 4686 2278 4741 absconditi?
2310 4685 2462 4742 Unde
2502 4698 2984 4759 agnoscantquam
3025 4691 3248 4748 stultum
3277 4697 3348 4751 sit
3374 4702 3519 4768 quod

1940 4787 2268 4852 proponunt.
2315 4779 2384 4834 Et
2419 4780 2729 4848 ubicunque
2775 4781 2978 4851 aliquid
3025 4783 3277 4842 similiter
3315 4786 3519 4859 legunt,

1942 4888 2049 4928 non
2101 4873 2191 4926 uni
2231 4887 2478 4944 persona:
2530 4873 2839 4942 deputant,
2895 4875 2990 4930 sed
3019 4876 3196 4932 beatae
3246 4879 3521 4949 Trinitati,

1941 4983 2062 5037 qua:
2087 4967 2202 5022 sola
2252 4982 2496 5021 summus
2531 4967 2673 5021 Deus
2722 4976 2777 5021 et
2820 4982 2980 5022 verus
3029 4978 3131 5025 est.
3181 4969 3316 5025 Nam
3354 4981 3409 5027 et
3455 4974 3522 5030 de

1944 5058 2148 5128 Spiritu
2172 5067 2361 5113 sancto
2384 5059 2464 5113 sic
2492 5057 2624 5113 dicit
2646 5058 2969 5129 Apostolus:
2997 5060 3104 5114 Alii
3129 5062 3339 5132 quidem
3360 5063 3523 5117 datur

1942 5167 2112 5204 sermo
2135 5152 2429 5221 sapientiae,
2454 5151 2546 5205 alii
2566 5162 2739 5204 autem
2763 5168 2930 5206 sermo
2955 5153 3207 5220 scientiw,
3231 5155 3521 5210 secundum

1943 5241 2178 5297 eumdem
2207 5241 2483 5312 Spiritum.
2539 5241 2595 5296 Si
2639 5259 2767 5313 ergo
2809 5259 2906 5313 per
2939 5242 3202 5314 Spiritum
3247 5254 3519 5313 sanctum,

1943 5336 2084 5391 sicut
2102 5349 2289 5389 verum
2312 5343 2412 5399 est,
2439 5343 2492 5389 et
2517 5335 2795 5403 sapientiae
2817 5344 2870 5389 et
2891 5336 3130 5391 scientiae
3148 5352 3327 5392 sermo
3354 5339 3520 5394 dona-

1945 5435 2050 5492 tur,
2072 5427 2344 5496 quomodo
2373 5426 2540 5481 solius
2556 5425 2728 5481 Patris
2754 5442 3002 5498 personm
3025 5429 3126 5482 hoc
3146 5436 3325 5498 potest
3347 5431 3516 5485 ascri-

1941 5521 1996 5576 bi
2019 5523 2159 5592 quod
2185 5522 2334 5576 solus
2372 5521 2443 5576 sit
2490 5521 2722 5590 sapiens,
2753 5520 2880 5584 nisi,
2909 5529 2967 5573 ut
3010 5520 3211 5575 dictum
3247 5529 3351 5587 est,
3366 5537 3521 5592 teque

1941 5634 2071 5674 vere
2099 5618 2347 5672 Trinitati
2381 5617 2484 5670 ista
2508 5615 2872 5676 conveniant?
2895 5614 3082 5669 Solent
3108 5614 3274 5667 etiam
3296 5613 3477 5670 dicere
3501 5633 3514 5669 :

1942 5709 2067 5765 Ideo
2097 5711 2273 5764 minor
2317 5715 2399 5762 est
2437 5706 2606 5762 Filius
2647 5723 2771 5778 quia
2828 5706 3060 5761 visibilis
3084 5747 3098 5772 ,
3131 5704 3295 5760 Pater
3337 5716 3518 5762 autem

1888 5803 2250 5875 i._invisibilis.
2300 5798 2418 5857 Non
2452 5799 2758 5858 intelliount
2786 5797 2913 5868 quia
2956 5811 3058 5852 nec
3095 5794 3265 5851 Filius
3303 5796 3357 5852 in
3394 5796 3520 5854 sub-

2917 5887 2995 5947 Mt
