4062 6332
569 344 705 401 1587

1600 341 1658 397 s.
1699 316 2058 397 acumen
2093 337 2384 397 sanans
2417 336 2827 398 manemus

3698 347 3846 407 1388

568 460 767 527 stantia
817 458 1036 516 deitatis
1087 474 1200 516 suae
1243 455 1595 523 sitvis‘ib‘ilis,
1624 457 1729 511 nisi
1781 456 1835 510 in
1871 462 2146 525 assumpto
2172 459 2222 519 Α
2250 455 2390 511 sicut
2416 454 2546 510 dicit
2565 453 2876 524 Apostolus,
2901 453 3039 510 Eum
3060 463 3237 514 autem
3260 456 3351 531 qui
3374 456 3654 515 modicum
3679 477 3848 530 quam

554 555 807 620 ‘homine,
839 553 931 625 qui
968 560 1024 608 et
1051 550 1300 607 Christus
1329 550 1548 606 dicitur.
1584 549 1718 603 Nam
1741 547 1909 604 Filius
1937 548 2055 612 Dei,
2087 548 2140 607 id

566 658 668 717 est,
694 647 933 703 Verbum
957 644 1100 717 quod
1125 652 1243 699 erat
1262 644 1315 698 in
1340 642 1608 714 principio
1620 640 1765 697 Deus
1792 641 1931 713 apud
1946 642 2140 706 Deum,

569 755 669 812 per
720 752 883 821 quem
930 736 1069 793 facta
1115 743 1239 799 sunt
1283 736 1467 791 omnia
1499 776 1514 801 ,
1548 734 1716 791 videri
1772 735 1827 789 in
1867 749 1960 789 sua
2015 734 2144 789 sub-

566 831 768 895 stantia
824 847 931 887 non
965 837 1163 905 potest,
1229 829 1370 884 sicut
1420 844 1521 883 nee
1558 827 1721 882 Pater
1754 828 1808 881 in
1836 825 2144 887 substantia

568 940 683 981 sua.
707 923 981 993 Interrogo
1008 930 1188 987 autem
1215 921 1332 976 sine
1351 919 1433 974 sui
1460 918 1657 989 injuria
1680 917 1829 972 illum
1854 918 2028 987 ipsum
2050 915 2143 985 qui

556 1000 860 1084 idicitquod
888 1011 1035 1066 visus
1062 1011 1132 1067 sit
1157 1010 1326 1065 Filius
1352 1010 1474 1075 Dei,
1499 1017 1683 1063 utrum
1720 1008 1956 1065 animam
1986 1020 2141 1063 suam

548 1104 830 1177 'visi‘bilem
883 1121 951 1160 an
1000 1104 1331 1165 invisibilem
1370 1101 1629 1167 fateatur,
1681 1112 1735 1155 et
1774 1115 1898 1157 cum
1945 1099 2146 1155 dixerit

560 1196 911 1262 invisibilem,
944 1197 1083 1251 sicut
1116 1203 1172 1252 et
1200 1209 1391 1251 verum
1411 1202 1514 1259 est,
1545 1193 1755 1249 dicatur
1781 1192 1832 1247 ei
1866 1209 1878 1246 :
1912 1190 1968 1246 Si
1993 1207 2145 1247 crea-

569 1298 709 1356 tura,
738 1280 897 1345 idest
926 1288 1104 1343 anima
1127 1272 1241 1353 tua,
1273 1285 1556 1342 invisibilis
1583 1292 1686 1351 est,
1716 1292 1931 1340 creator
1957 1284 2146 1354 utique

565 1381 731 1461 Deus,
762 1388 976 1436 creator
1014 1378 1381 1437 universitatis
1408 1418 1423 1443 ,
1470 1376 1740 1455 quomodo
1794 1375 1969 1461 potuit
2024 1388 2146 1431 esse

563 1448 834 1527 visibilis?
852 1468 967 1526 Sed
992 1470 1113 1531 ideo
1134 1467 1306 1523 induit
1334 1448 1576 1533 carnem,
1609 1478 1728 1551 quae
1748 1448 1920 1521 videri
1948 1465 2144 1536 potuit,

556 1565 692 1647 quia
716 1564 889 1627 deitas
918 1562 987 1618 ab
1012 1561 1231 1618 homine
1260 1559 1431 1617 videri
1462 1574 1569 1621 non
1600 1566 1799 1629 potest.
1832 1558 1948 1612 Hac
1980 1571 2146 1612 carne

565 1650 738 1722 maior
788 1660 872 1717 est
902 1650 1063 1706 Pater
1115 1658 1171 1705 et
1211 1648 1434 1719 aequalis
1477 1647 1681 1714 Verbo,
1730 1647 1901 1719 major
1956 1661 2144 1711 carne,

560 1746 786 1817 aequalis
809 1745 859 1801 ei
887 1759 986 1817 per
1008 1758 1171 1821 quem
1211 1742 1341 1797 fecit
1370 1757 1490 1807 nos,
1537 1741 1713 1821 major
1751 1757 1817 1795 eo
1853 1740 1945 1821 qui
1969 1739 2145 1795 factus

2245 545 2415 617 angeli
2443 547 2733 600 minoratus
2749 554 2824 600 est
2851 546 3072 602 vidimus
3088 545 3274 603 Jesum
3298 558 3514 621 propter
3531 551 3849 619 passiones

2230 636 2448 704 mortis,
2480 638 2575 693 sed
2611 645 2665 693 et
2691 649 2866 694 matre
2891 653 2990 701 sua
3025 638 3212 708 junior
3238 641 3535 708 invenitur,
3561 643 3716 696 sicut
3730 642 3848 711 jam

2244 728 2496 813 diximus.
2520 727 2825 785 Secundum
2854 729 3000 786 hanc
3023 744 3154 803 ergo
3173 733 3413 813 regulam
3437 733 3586 798 duas
3615 734 3676 788 in
3696 732 3852 789 Chri-

2245 803 2330 875 sti)
2357 821 2518 875 crede
2549 819 2897 885 substantias,
2933 820 3104 876 Deum
3134 803 3323 878 verum
3352 832 3408 879 et
3436 825 3732 880 hominem
3755 839 3852 884 ve-

2244 926 2389 966 rum.
2412 910 2720 967 Secundum
2745 912 3025 970 hominem
3047 916 3209 981 morti
3232 916 3501 982 subditur,
3523 918 3629 975 sed
3655 933 3849 981 secue-

2245 1004 2372 1058 dum
2413 1005 2582 1059 Deum
2621 1011 2810 1059 auctor
2854 1005 2981 1060 vitae
3014 1020 3135 1063 esse
3180 1010 3531 1081 cognoscitur
3558 1050 3578 1074 ,
3630 1010 3849 1071 dicente

2240 1092 2403 1149 beato
2418 1093 2585 1149 Petro
2616 1111 2629 1148 :
2659 1093 2873 1149 Petistis
2899 1097 3070 1150 virum
3100 1097 3419 1152 homicidam
3438 1098 3652 1154 donari
3677 1101 3845 1167 robis,

2246 1193 2511 1238 auctorem
2524 1201 2644 1238 vero
2674 1184 2791 1239 vita:
2806 1184 3158 1254 interfecistis.
3186 1185 3505 1251 Secundum
3521 1189 3845 1246 hominem:

2236 1269 2435 1326 Tristis
2458 1281 2532 1325 est
2559 1273 2739 1326 anima
2766 1289 2881 1327 mea
2922 1290 3083 1345 usque
3127 1275 3197 1329 ad
3221 1284 3443 1331 mortem
3464 1294 3487 1343 ;
3514 1279 3620 1333 sed
3651 1294 3849 1336 secun-

2247 1365 2374 1419 dum
2396 1363 2565 1431 Deum
2587 1385 2598 1419 :
2632 1364 2954 1423 Potestatem
2980 1368 3143 1423 habeo
3167 1371 3395 1440 ponendi
3417 1388 3540 1428 eam
3564 1383 3622 1428 et
3652 1375 3848 1432 item

2246 1455 2485 1510 sumendi
2519 1471 2657 1523 eam,
2699 1466 2747 1511 et
2772 1474 2921 1521 nemo
2961 1475 3077 1514 eam
3107 1460 3243 1515 tollit
3263 1480 3297 1517 a
3327 1480 3431 1531 me,
3476 1466 3572 1520 sed
3598 1483 3700 1538 ego
3726 1486 3847 1525 ea.

2245 1561 2382 1616 pono
2419 1562 2451 1598 a
2474 1546 2795 1618 memetipso.

2319 1635 2453 1691 Hinc
2475 1636 2641 1692 etiam
2684 1639 3023 1696 occasionem
3046 1641 3412 1705 calumniandi
3452 1649 3648 1709 solent
3675 1651 3849 1723 (acci-

2247 1725 2398 1796 pere)
2446 1727 2594 1796 quod
2644 1727 2910 1786 Dominus
2964 1732 3021 1787 in
3060 1732 3358 1806 Evangelia
3416 1740 3679 1803 dixerit:
3718 1744 3849 1803 Non

563 1815 647 1901 est
685 1815 905 1906 promer
928 1815 1051 1890 nos.
1100 1832 1235 1887 Nam
1277 1834 1421 1904 quod
1468 1815 1720 1887 Deusisit
1760 1815 1964 1907 Fili-us,
2018 1831 2146 1886 licet
2171 1826 2219 1889 B
2245 1826 2411 1886 Ροτεετ
2447 1815 2622 1874 “ut”
2649 1837 2681 1874 α
2706 1837 2761 1874 ³⁸
2805 1821 2980 1892 facere
2998 1825 3286 1896 quidquam
3327 1831 3431 1885 ιιίεὶ
3469 1835 3622 1904 quod
3660 1837 3848 1893 viderit

548 1926 735 1982 multa
777 1924 1085 1987 testimonia
1124 1924 1376 1995 superius
1418 1924 1592 1994 posita
1621 1924 1901 1985 evidenter
1934 1925 2141 2005 perdo-

564 2024 746 2083 ceant,
776 2024 958 2073 tamen
987 2017 1165 2072 adhuc
1187 2031 1363 2095 pauca
1410 2017 1615 2081 credidi
1664 2016 2058 2088 subjungenda.
2082 2016 2144 2072 In

563 2108 758 2167 Genesi
788 2109 1047 2182 scriptum
1081 2118 1166 2165 est
1199 2108 1444 2164 :Creavit
1468 2110 1612 2165 Deus
1644 2111 1903 2166 hominem
1924 2111 1992 2165 ad
2013 2112 2146 2167 ima-

562 2204 732 2274 ginem
754 2220 927 2258 suam.
958 2190 1212 2259 Ecce‘bic
1244 2202 1413 2259 Deum
1438 2218 1690 2276 agnosce,
1728 2196 1854 2273 quia
1887 2211 1943 2259 et
1968 2202 2144 2261 benti-

562 2308 687 2349 nem
724 2294 838 2366 ipse
858 2294 1083 2351 creavit.
1107 2295 1175 2359 Et
1220 2294 1391 2351 Isaias
1424 2295 1559 2351 dicit
1588 2296 1655 2351 de
1678 2293 1885 2351 Joanne
1900 2310 2144 2373 praecur-

561 2402 686 2444 sore
708 2386 921 2444 Domini
951 2407 965 2443 :
999 2387 1189 2447 ﬂectas
1219 2389 1377 2460 facite
1405 2390 1615 2455 semitas
1649 2389 1747 2444 Dei
1767 2390 1950 2445 nostri.
1975 2388 2144 2471 Citius

561 2479 661 2537 Dei
712 2480 818 2537 nisi
846 2481 1035 2552 utique
1077 2480 1201 2536 Filii
1239 2522 1255 2549 ,
1305 2498 1469 2552 quem
1504 2483 1557 2537 in
1590 2497 1754 2538 carne
1783 2484 1998 2538 venisse
2027 2497 2140 2549 non

563 2571 902 2639 dubitamus?
929 2568 996 2626 Et
1022 2572 1182 2643 paulo
1208 2582 1333 2642 post
1363 2592 1377 2627 :
1411 2569 1720 2643 Confortate
1759 2590 1949 2631 manus
1969 2574 2142 2629 disso-

562 2662 725 2729 lutas,
752 2672 801 2717 et
826 2679 995 2734 genua
1035 2662 1283 2729 debilium
1324 2664 1587 2725 roborate.
1633 2663 1825 2733 Dicite,
1846 2663 2139 2747 pusillani—

560 2768 669 2808 mes
692 2767 711 2806 :
733 2751 868 2808 Ecce
901 2753 1043 2809 Deus
1067 2764 1229 2808 vester
1246 2755 1303 2809 in
1325 2755 1634 2826 fortitudine
1675 2757 1866 2822 veniet,
1889 2765 1937 2810 et
1959 2755 2138 2811 salva-

562 2844 631 2901 bit
685 2861 792 2917 vos,
848 2854 894 2915 et
955 2853 1081 2921 tunc
1114 2832 1416 2917 aperientur
1448 2845 1587 2905 oculi
1639 2860 1943 2903 cercurum:
1990 2847 2139 2916 quod

558 2940 745 3008 utique
762 2938 821 2992 in
851 2939 1082 2993 adventu
1105 2937 1308 2995 Christi
1340 2940 1666 3011 completum
1705 2954 1824 2995 esse
1852 2938 2136 3012 cognosci-

560 3042 699 3082 mus.
727 3026 1014 3082 Psaimista
1044 3029 1208 3083 etiam
1238 3030 1369 3084 dicit
1398 3049 1411 3083 :
1440 3030 1633 3101 omnes
1670 3040 1847 3102 gentes
1875 3048 2138 3103 quascun-

552 3134 657 3189 que
691 3118 859 3187 fecisti
900 3119 1105 3173 uenient
1143 3128 1191 3173 et
1228 3120 1524 3174 adorabunt
1563 3108 1744 3175 coram
1782 3129 1850 3187 te,
1884 3120 2131 3203 Domine,

2248 1907 2465 1966 Patrem
2494 1911 2790 1981 facientem.
2819 1913 2975 1983 Quod
3011 1919 3247 1987 carnaiis
3276 1936 3470 1981 sensus
3502 1940 3620 1982 non
3648 1928 3849 1987 intelli-

2238 2014 2378 2072 gens
2406 2002 2526 2059 ideo
2564 2004 2765 2060 dictum
2797 2015 2856 2062 ut
2884 2022 2945 2064 se
2988 2023 3058 2064 ex
3102 2010 3273 2068 Patre
3318 2028 3440 2072 esse
3490 2022 3845 2091 ostenderet,

2243 2102 2402 2163 putat
2438 2095 2609 2151 Deum
2642 2095 2860 2153 Patrem
2888 2107 2946 2155 et
2984 2100 3203 2170 Filium,
3255 2112 3533 2177 quomodo
3558 2112 3719 2169 inter
3746 2116 3848 2171 ho-

2246 2186 2422 2243 mines
2454 2187 2574 2243 ﬁeri
2628 2188 2783 2263 solet,
2830 2192 2984 2249 velut
3017 2195 3135 2267 ipse
3187 2197 3352 2256 Pater
3398 2203 3609 2261 artifex
3642 2207 3846 2266 Filium

2244 2292 2404 2373 suum
2430 2280 2718 2337 artiﬁcium
2749 2300 2905 2341 suum
2927 2288 3043 2344 vult
3079 2290 3333 2362 edocere,
3355 2304 3417 2351 ut
3456 2301 3613 2373 quod
3644 2303 3849 2363 viderit

2232 2368 2460 2428 Patrem
2486 2384 2803 2446 operantem
2828 2377 2999 2435 Filius
3036 2385 3348 2453 specialiter
3370 2368 3652 2453 imitetur.
3690 2393 3845 2465 Quod

2244 2479 2407 2551 quam
2435 2467 2727 2524 absurdum
2754 2470 2827 2525 sit
2842 2470 2909 2527 de
2929 2472 3041 2530 Deo
3054 2474 3217 2534 Patre
3237 2481 3623 2551 omnipotente
3638 2485 3717 2541 ita
3730 2502 3845 2543 cre-

2244 2550 2393 2626 dere,
2427 2560 2521 2629 qui
2552 2569 2637 2617 est
2656 2562 3030 2651 incorporeus,
3062 2570 3840 2649 intisibilis,in:nstimabilis,

2241 2650 2634 2718 etimmensus,
2660 2655 2753 2723 qui
2774 2657 2955 2713 cordis
2982 2650 3167 2717 Oculos
3192 2678 3357 2729 sanos
3371 2665 3539 2723 habet
3555 2670 3844 2727 evidenter

2238 2752 2420 2813 potest
2439 2760 2750 2819 agnoscere.
2770 2749 2909 2806 Nam
2926 2753 3021 2823 qui
3052 2756 3130 2835 sic
3144 2759 3384 2819 sentiunt
3403 2802 3419 2825 ,
3452 2762 3841 2835 interrogandi

2238 2841 2368 2888 sunt
2391 2836 2622 2892 mundus
2648 2838 2754 2894 iste
2794 2856 2957 2910 quem
2996 2848 3268 2918 cernimus
3305 2865 3336 2913 a
3365 2867 3474 2922 quo
3511 2855 3584 2908 sit
3636 2854 3837 2912 factus.

2230 2922 2439 3021 ditique
2460 2943 2492 3021 a
2502 2927 2649 2986 Filio
2672 2932 2895 3021 minime
2908 2936 3272 3021 denegabunt,
3290 2949 3589 3011 attestante
3601 2962 3840 3021 evange-

2232 3015 2361 3111 ‘lista
2376 3026 2432 3074 et
2444 3019 2658 3090 dicente
2673 3042 2686 3077 :
2705 3020 2899 3080 Omnia
2909 3044 3002 3099 per
3020 3016 3189 3100 ipsum
3202 3031 3345 3101 facta
3358 3046 3502 3099 sunt,
3529 3048 3578 3091 et
3589 3039 3713 3092 sine

2238 3109 2439 3209 factum
2460 3122 2536 3209 est
2567 3115 2719 3170 uiuit.
2741 3116 2943 3191 Dicant
2974 3114 3115 3199 ergo
3132 3126 3223 3207 ubi
3252 3126 3389 3203 vidit
3410 3127 3592 3209 {Filius
3611 3109 3835 3205 Patrem

558 3210 807 3293 quoniam
850 3224 1071 3279 magnus
1100 3226 1153 3263 es
1185 3217 1234 3263 et
1262 3209 1460 3279 faciens
1480 3209 1751 3291 mirabilia
1770 3249 1795 3293 ἲ,
1818 3219 1875 3264 tu
1900 3228 1953 3265 es
1989 3196 2131 3281 Deus
2160 3196 2205 3260 C
2238 3215 2362 3261 ante
2380 3204 2669 3287 facientem
2703 3210 2869 3285 alium
2891 3196 3245 3289 mundum,ut
3265 3200 3343 3275 sic
3362 3196 3719 3291 postmodum

558 3285 718 3355 solus.
749 3301 864 3357 Non
892 3309 1024 3372 puto
1054 3302 1288 3373 aliquem
1315 3318 1435 3359 esse
1462 3310 1570 3367 tam
1596 3285 1820 3375 impium
1855 3302 1949 3374 qui
1976 3311 2135 3373 neget

557 3388 754 3447 Filium
784 3392 880 3448 Dei
919 3401 974 3447 et
1008 3392 1274 3449 mirabilia
1313 3393 1507 3450 fecisse
1537 3402 1593 3450 et
1624 3380 1919 3451 universas
1944 3403 2135 3466 gentes

557 3497 793 3552 creasse,
825 3485 929 3540 nisi
957 3485 1097 3541 forte
1127 3486 1361 3561 budaeos.
1387 3487 1459 3563 Et
1480 3487 1611 3563 alibi
1650 3487 1842 3555 Isaias,
1871 3504 1995 3544 cum
2038 3488 2134 3551 ad-

555 3583 774 3631 ventum
796 3573 996 3632 Christi
1025 3592 1123 3649 per
1147 3577 1415 3650 virginem
1439 3568 1676 3645 nuntiat,
1702 3578 1835 3634 dicit
1860 3577 2005 3633 inter
2028 3591 2134 3633 caa-

557 3675 674 3723 teta
705 3685 721 3723 :
746 3668 816 3723 Et
835 3669 1103 3725 vocabitur
1122 3656 1307 3747 nomen
1330 3669 1443 3741 ejus
1483 3670 1815 3725 admirabilis
1836 3712 1851 3743 ,
1882 3670 2135 3725 consilia-

559 3761 691 3825 rius,
720 3758 863 3815 Deus
906 3761 1077 3831 fortis.
1118 3760 1226 3831 Sed
1269 3769 1323 3817 et
1350 3762 1549 3823 beatus
1591 3762 1908 3834 apostolus:
1941 3760 2134 3818 Omnes

559 3849 698 3902 enim
745 3866 838 3925 nos
869 3849 1199 3920 manifestari
1243 3859 1440 3922 oportet
1494 3860 1613 3907 ante
1647 3851 1884 3906 tribunal
1909 3850 2130 3907 Christi.

556 3937 701 3994 Etut
722 3955 983 4009 agnoscas
1012 3942 1181 3997 Deum
1206 3958 1327 3999 esse
1345 3943 1644 4029 Christum,
1688 3946 1766 4000 sic
1796 3943 1924 3999 alibi
1959 3944 2092 4009 dicit
2116 3962 2130 3999 :

559 4030 753 4086 Omnes
787 4034 1040 4088 stabimus
1078 4045 1198 4089 ante
1240 4035 1473 4090 tribunal
1513 4036 1631 4101 Dei.
1674 4036 1795 4090 Vivo
1842 4054 1959 4107 ego,
2005 4037 2133 4090 dicit

540 4121 841 4190 Dominus,
872 4126 996 4195 quia
1039 4127 1165 4179 mihi
1187 4128 1423 4196 ﬂectetur
1447 4143 1598 4181 omne
1644 4145 1798 4199 genu.
1827 4128 2030 4198 Utique
2069 4131 2136 4186 de

556 4212 776 4270 Christo
811 4216 962 4283 dicit,
991 4232 1151 4294 quem
1184 4218 1248 4272 ad
1268 4217 1619 4289 judicandum
1638 4220 1790 4274 vivos
1810 4228 1866 4287 et
1891 4230 2136 4278 mortuos

557 4318 844 4362 venturum
875 4323 996 4364 esse
1016 4296 1306 4365 credimus.
1342 4310 1636 4379 Psalmista
1672 4327 1832 4368 voces
1861 4315 2133 4393 angelica-

2236 3298 2399 3391 istum
2416 3311 2651 3371 crearet,
2665 3309 2977 3391 pramertim
2991 3326 3111 3365 cum
3132 3314 3271 3391 apud
3300 3318 3600 3385 potentiam
3614 3319 3718 3376 Dei
3740 3336 3837 3377 ro-

2230 3388 2404 3448 ‘luisse
2431 3409 2648 3459 creasse
2666 3388 2763 3465 Vsit,
2804 3399 2944 3464 sicut
2970 3388 3201 3483 legimus
3225 3388 3249 3460 :i
3272 3402 3394 3483 Ipse
3426 3408 3581 3473 dixit,
3607 3423 3661 3465 et
3682 3413 3832 3483 facta

2235 3492 2376 3537 sunt.
2417 3480 2525 3557 Sed
2576 3485 2788 3542 sublato
2837 3480 3019 3547 cordis
3068 3476 3332 3559 velamine
3383 3498 3524 3555 bene
3578 3476 3832 3565 facerent

2236 3574 2461 3631 credere
2494 3574 2693 3633 Filium
2726 3578 2783 3647 in
2820 3580 2995 3638 ‘Patre
3028 3593 3086 3638 et
3122 3582 3339 3642 Patrem
3391 3605 3514 3645 esse
3551 3590 3605 3646 in
3660 3593 3827 3660 Filio,

2231 3664 2361 3736 quia
2398 3664 2650 3724 divinitas
2702 3669 2902 3744 ubique
2936 3674 3048 3728 tota
3089 3681 3144 3729 et
3190 3691 3430 3747 praesens
3481 3688 3595 3734 tam
3647 3680 3831 3749 Patris

2235 3769 2397 3825 quam
2412 3755 2560 3822 Filii,
2591 3774 2753 3835 quam
2785 3750 3028 3837 Spiritus
3053 3750 3245 3831 sancti,
3280 3769 3396 3824 sine
3445 3785 3504 3825 se
3534 3787 3664 3827 esse
3690 3789 3828 3828 nus-

2235 3861 2399 3918 quam
2426 3856 2626 3920 potest,
2651 3851 2793 3907 sicut
2812 3852 2932 3922 ipse
2954 3855 3083 3911 dicit
3107 3874 3120 3910 :
3140 3846 3252 3928 Ego
3273 3859 3328 3913 in
3356 3857 3537 3929 Patre,
3570 3875 3621 3916 et
3662 3861 3831 3918 Pater

2234 3932 2290 3995 in
2319 3957 2401 3996 me
2427 3958 2446 4006 ;
2476 3951 2538 3997 et
2567 3955 2954 4014 cognoscerent
2980 3949 3112 4017 quid
3130 3950 3211 4004 sit
3234 3950 3418 4006 videre
3439 3952 3564 4007 Filii
3609 3962 3675 4008 ut
3714 3971 3823 4009 una

2235 4040 2319 4087 est
2345 4033 2671 4113 substantia,
2718 4038 2795 4091 ita
2816 4053 2924 4091 una
2950 4040 3224 4105 voluntas,
3276 4058 3380 4096 una
3412 4045 3680 4113 potentia,
3716 4061 3824 4099 una

2235 4123 2428 4195 gloria,
2453 4126 2589 4180 nihii
2606 4126 2681 4182 ibi
2708 4125 2884 4203 majus
2903 4130 3145 4202 nihilque
3166 4133 3344 4189 minus
3363 4148 3481 4190 esse
3508 4134 3821 4191 credentes.

2228 4213 2295 4270 Si
2324 4215 2471 4271 enim
2522 4230 2624 4272 nos
2646 4212 2916 4296 homines
2945 4223 3155 4277 terreni
3180 4224 3319 4292 quod
3367 4224 3547 4280 facere
3568 4226 3822 4282 volumus

2235 4320 2466 4376 corpore
2522 4308 2716 4364 anima:
2753 4318 2939 4367 nostro
2974 4321 3100 4369 ante
3147 4315 3524 4371 meditationis
3570 4318 3822 4373 insinua-

553 4417 674 4456 rum
702 4400 910 4456 faciens
935 4417 1058 4475 cum
1106 4401 1356 4459 Christus
1399 4406 1733 4461 ascendisset
1767 4424 1781 4460 :
1813 4406 2019 4474 Tollite,
2046 4409 2133 4471 ιιι-
2222 4397 2383 4452 λῑίθυθ
2408 4399 2695 4470 ’ρι’ωηιίδεει
2718 4441 2734 4467 ν
2784 4403 3050 4476 sapientia
3080 4418 3429 4477 ειεειιυεηιθν
3475 4409 3815 4479 Perﬁdus.

554 4493 692 4563 quit,
716 4501 895 4563 portas
914 4495 1171 4564 principes
1189 4505 1409 4564 vestras,
1435 4507 1481 4552 et
1503 4496 1775 4565 elevamjni
1797 4510 1964 4571 portae
1984 4510 2134 4555 ceter-

554 4583 722 4647 nales,
752 4592 800 4636 et
826 4584 1057 4638 introibit
1087 4601 1177 4640 rex
1211 4586 1411 4656 gloriae.
1464 4589 1570 4644 Illis
1598 4591 1755 4660 quasi
1790 4580 2133 4664 interrogan-

552 4675 700 4729 tibus
718 4674 841 4742 quis
868 4683 1014 4729 esset
1047 4676 1150 4731 iste
1180 4694 1276 4732 rex
1305 4679 1489 4750 glorias
1531 4683 1808 4752 respondit
1833 4702 1845 4736 :
1874 4682 2130 4739 Dominus

554 4765 709 4837 fortis
731 4774 782 4819 et
806 4774 1007 4834 potens,
1045 4766 1298 4823 Dominus
1331 4771 1604 4838 virtutum,
1650 4774 1759 4843 ipse
1780 4783 1857 4827 est
1896 4791 1987 4828 rea:
2011 4780 2130 4845 glo-

554 4858 669 4911 riae.
694 4855 760 4912 Et
782 4873 853 4912 ne
890 4855 1037 4913 forte
1065 4859 1131 4913 de
1178 4860 1336 4915 Patre
1367 4862 1568 4916 dictum
1595 4870 1787 4933 putent
1814 4905 1828 4929 ,
1856 4866 2127 4933 quomodo

552 4948 722 5003 multa
762 4949 995 5005 absurde
1027 4950 1331 5022 intelligunt
1361 4992 1374 5016 ,
1402 4954 1622 5007 audiant
1650 4952 1969 5023 Apostolum
2000 4957 2128 5012 huic

556 5039 821 5096 versiculo
840 5043 1263 5097 cwsentientem
1290 5060 1303 5099 :
1341 5042 1399 5098 Si
1443 5045 1599 5109 enim,
1628 5045 1820 5115 inquit,
1851 5049 2126 5116 cognoris-

553 5141 665 5185 sent
692 5170 707 5195 ,
726 5146 1001 5203 nunquam
1028 5131 1314 5187 Dominum
1342 5132 1524 5203 glorire
1545 5118 1948 5205 cruciﬁxissent.

621 5218 759 5274 Cum
774 5228 889 5275 tam
912 5222 1266 5291 praesentibus
1285 5238 1447 5292 quam
1474 5226 1765 5294 praeteritis
1782 5228 2127 5296 testimoniis,

552 5324 676 5383 quae
707 5312 774 5368 de
804 5310 1106 5384 Scripturis
1138 5314 1311 5369 sacris
1335 5315 1510 5384 posita
1532 5324 1677 5380 sunt,
1728 5317 1871 5373 Deus
1897 5334 2017 5375 esse
2040 5321 2130 5376 Fi-

554 5400 661 5460 lius
678 5403 1093 5471 demonstretur,
1126 5405 1302 5461 miror
1322 5422 1428 5477 qua
1463 5406 1637 5463 fronte
1667 5425 1789 5465 eum
1832 5412 1995 5482 aliqui
2028 5414 2128 5468 mi-

552 5509 744 5554 norem
770 5497 1002 5553 dicendo
1020 5497 1400 5569 hlasphemare
1421 5516 1527 5555 non
1562 5510 1826 5568 metuunt,
1857 5519 1979 5558 cum
2003 5521 2128 5560 nus-

556 5601 719 5659 quam
770 5589 992 5646 munitio
1041 5589 1185 5646 Deus
1232 5592 1411 5647 minor
1435 5607 1557 5649 esse
1600 5593 1827 5665 legatur,
1882 5596 2010 5661 nisi,
2066 5604 2129 5652 ut

557 5679 760 5736 dictum
799 5689 916 5749 est,
952 5691 1176 5755 propter
1204 5684 1662 5756 dispensationem
1688 5687 1871 5743 carnis
1915 5703 2127 5743 assum-

559 5778 683 5839 pto,
715 5771 771 5826 in
813 5786 920 5842 qua
965 5788 1072 5830 non
1121 5775 1296 5832 solum
1324 5776 1393 5831 ab
1440 5777 1645 5845 angelis
1676 5779 1983 5836 minth
2018 5789 2124 5846 est,

2230 4497 2290 4543 et
2316 4491 2713 4560 quodammodo
2733 4495 3020 4550 consilium
3042 4497 3285 4553 innatum
3318 4499 3370 4554 in
3392 4509 3572 4555 mente
3602 4512 3816 4570 nostra,

2160 4559 2388 4651 I)sprius
2412 4584 2564 4640 intus
2584 4585 2647 4639 in
2662 4586 2825 4642 corde
2839 4587 3047 4658 agimus
3072 4590 3215 4659 quod
3238 4590 3421 4646 facere
3450 4559 3810 4663 disponimus;

2236 4688 2356 4742 qua:
2395 4686 2573 4730 tamen
2615 4674 2819 4747 absque
2861 4679 2968 4733 ulla
2998 4682 3410 4753 participatione
3447 4699 3711 4741 sensuum
3737 4687 3818 4741 in—

2236 4765 2651 4824 dissociabilitcr
2676 4786 2781 4824 una
2823 4787 2976 4827 mens
2996 4772 3177 4839 edicit,
3226 4776 3495 4845 quomodo
3526 4794 3634 4833 non
3672 4779 3813 4836 Deus

2220 4858 2396 4915 'Pater
2426 4863 2704 4933 sapientia:
2729 4880 2839 4919 suae
2866 4880 2989 4920 cum
3014 4865 3128 4922 Deo
3148 4864 3306 4934 Filio,
3336 4883 3454 4945 qua:
3482 4877 3568 4924 est
3593 4872 3814 4940 sapien-

2236 4956 2312 5010 tia
2337 4969 2430 5009 sua
2462 4955 2513 5009 in
2543 4971 2601 5010 se
2645 4965 2919 5022 manente,
2948 4959 3074 5028 quia
3108 4959 3222 5030 ipse
3246 4968 3350 5024 est,
3398 4971 3458 5016 ut
3489 4978 3633 5034 saepe
3673 4964 3810 5018 dixi-

2196 5116 2205 5123 .
2233 5065 2375 5116 mus,
2409 5050 2670 5121 sapientia
2705 5061 2761 5106 et
2784 5050 2957 5106 virtus
2990 5050 3191 5116 Patris,
3230 5059 3285 5107 et
3312 5051 3366 5107 in
3399 5068 3505 5107 una
3534 5055 3811 5111 voiuntate

2232 5151 2427 5196 cuncta
2473 5149 2529 5195 et
2564 5158 2670 5195 una
2710 5141 3026 5210 operatione
3071 5142 3308 5214 perﬁcit,
3358 5152 3412 5199 et
3447 5158 3511 5197 ea
3555 5144 3677 5200 hac
3705 5146 3809 5200 alia

2232 5232 2395 5287 Pater
2421 5231 2571 5299 facit,
2606 5234 2708 5288 alia
2732 5233 2933 5289 Filius?
2956 5234 3065 5290 Sed
3091 5235 3279 5291 eadem
3306 5252 3426 5307 quae
3458 5236 3621 5294 Pater
3652 5239 3803 5307 facit,

2223 5327 2347 5397 ipse
2366 5335 2421 5380 et
2442 5324 2612 5379 Fiiius
2638 5325 2787 5390 facit,
2810 5326 2950 5381 sicut
2970 5327 3087 5397 ipse
3118 5334 3355 5382 testatur
3383 5343 3398 5382 :
3438 5327 3803 5401 Qattcunque,

2230 5416 2424 5486 inquit,
2472 5415 2636 5470 Pater
2675 5415 2824 5487 facit,
2874 5417 2987 5471 Iure
3025 5417 3206 5472 eadem
3254 5428 3303 5474 et
3340 5417 3515 5474 Filius
3561 5422 3808 5477 similiter

2222 5510 2376 5580 facit.
2410 5508 2519 5566 Sed
2560 5510 2681 5566 ideo
2707 5509 2844 5565 dixit
2872 5528 2887 5565 :
2915 5508 3041 5567 Non
3077 5520 3242 5583 potest
3278 5510 3452 5569 Filius
3480 5531 3513 5568 a
3534 5530 3595 5569 se
3632 5515 3809 5586 facere

2226 5601 2511 5672 quidquam
2537 5603 2638 5658 nisi
2659 5600 2797 5676 quod
2834 5604 3020 5660 viderit
3042 5601 3257 5660 Patrem
3282 5605 3581 5675 facientem,
3606 5616 3668 5662 ut
3705 5620 3806 5664 nos

2228 5709 2616 5766 cognoscamus
2654 5704 2714 5751 et
2736 5698 3021 5753 credamus
3047 5697 3173 5769 quia
3201 5713 3265 5754 ex
3296 5694 3456 5754 Patre
3480 5707 3565 5755 est
3606 5698 3801 5765 Filius,

2226 5795 2287 5840 et
2316 5796 2423 5841 non
2453 5801 2521 5842 ex
2552 5788 2844 5859 semetipso
2876 5788 2962 5844 vel
2986 5790 3224 5853 aliunde,
3262 5790 3361 5847 sed
3409 5791 3802 5861 consempitero
