4062 6332
325 438 461 498 1589

1553 430 1938 493 OPUSCULA.
1978 430 2223 491 OPUSC.
2258 432 2301 489 1.

3426 440 3564 501 1590

320 570 423 612 nus
451 554 639 620 Patri,
686 552 813 629 quia
852 552 1011 609 Pater
1039 551 1096 608 in
1125 564 1188 609 se
1214 556 1319 618 est,
1365 564 1580 624 semper
1618 548 1891 622 perfectus
1917 546 1969 611 Α
1994 546 2193 601 stantia
2217 545 2436 603 deitatis
2454 559 2564 603 suae
2584 545 2870 604 mortalem
2890 560 3011 607 esse
3030 547 3323 608 fateantur.
3350 552 3562 624 Quodsi

318 648 545 706 exstitit.
586 646 697 703 Nec
722 648 867 704 enim
898 647 1209 718 aliquando,
1254 645 1523 716 quomodo
1553 643 1738 699 Ariani
1778 642 1893 697 bla-

318 738 692 811 spliemantur,
721 738 822 793 fuit
851 739 967 795 sine
989 737 1126 795 Filio
1164 737 1346 792 Pater.
1373 736 1517 806 Ergo
1545 735 1891 809 imperfectus

318 827 439 884 fuit.
466 830 608 901 Ergo
631 830 732 884 fuit
761 830 879 885 sine
911 830 1089 886 Verbo
1121 870 1137 896 ,
1162 838 1219 883 et
1239 830 1381 884 sicut
1422 828 1538 895 jam
1569 826 1893 885 memoravi-

317 937 458 986 mus,
487 922 587 976 l‘uit
607 922 724 977 sine
753 922 1039 993 sapientia,
1071 921 1188 976 sine
1211 922 1457 987 veritate,
1476 920 1592 974 sine
1618 919 1748 983 vita,
1773 918 1891 973 sine

311 1016 541 1087 justitia,
567 1018 682 1074 sine
716 1018 949 1082 virtute;
981 1017 1106 1089 quia
1130 1018 1247 1071 istm
1261 1031 1449 1071 omnes
1469 1013 1677 1087 species
1698 1011 1889 1069 divini-

313 1111 444 1179 tatis
494 1112 785 1166 secundum
834 1111 1145 1185 Scripturas
1186 1110 1355 1169 Filius
1398 1125 1518 1165 esse
1570 1118 1887 1171 noscuntur.

319 1199 425 1256 Sed
454 1202 581 1270 quia
617 1203 734 1257 sine
769 1202 854 1255 his
895 1202 1187 1256 virtutibus
1234 1200 1451 1255 Patrem
1494 1214 1732 1269 unquam
1778 1195 1888 1253 dici

316 1290 485 1348 fuisse
512 1293 884 1364 blasphemum
901 1300 1011 1356 est,
1043 1294 1145 1347 hoc
1169 1292 1376 1361 justum
1404 1299 1508 1357 est,
1539 1288 1793 1346 convenit
1830 1295 1892 1344 ut

318 1384 806 1453 consempiternum
839 1391 895 1438 et
929 1381 1261 1455 coaequalem
1300 1382 1451 1436 Patri
1477 1381 1675 1437 Filium
1712 1380 1884 1436 fatea-

316 1475 411 1531 ris.
446 1473 504 1529 Si
531 1475 677 1530 enim
715 1474 857 1533 Dens
880 1473 935 1528 in
954 1475 1210 1537 cordibus
1232 1474 1455 1541 nostris,
1499 1490 1622 1529 cum
1652 1473 1889 1545 loquitur

316 1567 457 1623 miro
497 1567 676 1629 modo,
706 1565 947 1637 loquitur
977 1566 1093 1621 sine
1122 1582 1281 1632 sono,
1319 1575 1476 1638 putas
1498 1566 1767 1636 quomodo
1788 1581 1889 1636 po-

316 1667 421 1716 test
446 1659 590 1731 loqui
626 1658 766 1713 Filio
797 1674 926 1725 suo,
951 1659 1043 1729 qui
1072 1667 1156 1714 est
1181 1656 1417 1713 Verbum
1442 1657 1593 1726 ejus?
1623 1659 1713 1715 Sic
1756 1674 1888 1730 ergo

314 1750 510 1823 wgita,
532 1750 673 1822 quod
703 1750 1117 1821 incorporaliter
1159 1750 1371 1806 locutus
1407 1759 1490 1806 est
1514 1750 1651 1807 Filio
1672 1751 1810 1807 sicut
1832 1759 1888 1807 et

314 1838 724 1912 incorporaliter
764 1839 925 1893 Pater
976 1841 1162 1913 genuit
1207 1839 1419 1897 Filium.
1468 1839 1578 1897 Nec
1615 1841 1758 1895 enim
1806 1841 1886 1896 sic

1992 636 2248 703 dixerint,
2272 652 2434 707 quam
2460 647 2648 696 contra
2674 642 2942 698 rationem
2974 643 3161 700 dicant
3187 646 3363 703 omnis
3402 649 3564 705 homo

1991 746 2282 803 agnoscere
2306 742 2486 802 potest
2527 735 2619 807 qui
2660 736 2827 792 etiam
2872 737 3165 795 humanam
3195 741 3431 797 animam
3467 743 3554 800 im-

1989 819 2273 876 mortalem
2296 835 2417 877 esse
2446 837 2555 878 non
2593 822 2839 896 amhigit.
2866 824 2973 881 Sed
3019 827 3122 883 hoc
3148 829 3229 886 eis
3254 831 3563 902 dicendum,

1989 910 2134 979 quod
2169 912 2466 968 secundum
2492 927 2712 971 carnem
2730 932 2925 990 passus
2963 918 3177 976 dicatur
3197 930 3252 977 et
3280 932 3561 997 mortuus;

1990 1012 2116 1054 nam
2145 1002 2440 1057 secundum
2492 1004 2830 1064 divinitatem
2856 1049 2873 1077 ,
2902 1024 3009 1081 qua
3043 1026 3257 1084 semper
3275 1017 3483 1073 exstitit
3511 1027 3565 1074 et

1987 1091 2243 1149 universa
2271 1097 2499 1163 creavit,
2531 1097 2854 1157 immortalis
2871 1111 3209 1172 permaneat.

2060 1183 2257 1239 Dicunt
2273 1186 2437 1242 etiam
2458 1202 2580 1245 esse
2601 1190 2891 1248 visibilem.
2915 1192 3070 1262 Quod
3090 1211 3252 1267 quam
3271 1201 3564 1259 absurdum

1989 1270 2063 1327 sit
2087 1278 2488 1349 agnoscantqni
2518 1280 2622 1335 hoc
2641 1281 2846 1338 dicunt.
2865 1281 2999 1341 Cum
3013 1302 3114 1343 nec
3127 1288 3304 1345 anima
3329 1292 3564 1350 humana

1993 1366 2169 1435 possit
2195 1381 2316 1425 esse
2334 1370 2584 1438 visibilis,
2616 1376 2820 1445 quanto
2851 1379 3025 1450 magis
3052 1379 3196 1437 Deus
3227 1382 3281 1438 in
3307 1399 3403 1440 sua
3436 1388 3563 1442 sub-

1989 1458 2223 1555 stantia?
2252 1460 2360 1517 Sed
2409 1462 2531 1519 ideo
2571 1480 2794 1525 carnem
2836 1472 3153 1543 assumpsit,
3185 1489 3307 1545 quae
3350 1489 3567 1555 poterat

1986 1550 2181 1636 videri,
2195 1553 2320 1622 quia
2333 1554 2506 1611 deitas
2517 1558 2791 1627 corporeis
2803 1561 2974 1618 oculis
2988 1579 3092 1619 non
3114 1574 3325 1636 poterat
3347 1550 3560 1627 intueri.

1986 1635 2117 1693 Haec
2151 1641 2370 1697 interim
2402 1645 2471 1701 de
2513 1646 2821 1717 aequalitate
2860 1650 3041 1708 Patris
3070 1635 3135 1709 ac
3165 1656 3288 1712 Filii
3318 1659 3385 1714 ad
3428 1676 3566 1731 pra:-

1988 1744 2114 1825 mns
2162 1733 2304 1788 dicta
2355 1734 2647 1796 suﬂiciunt.
2682 1739 2816 1797 Nam
2866 1743 2933 1801 de
2978 1748 3285 1819 aequalitate
3340 1768 3564 1825 operum

1986 1820 2294 1893 Trinitatis,
2323 1828 2377 1883 id
2401 1838 2508 1897 est,
2540 1830 2719 1897 Patris
2752 1844 2809 1893 et
2834 1836 2955 1903 Filii
3008 1848 3063 1896 et
3094 1841 3330 1913 Spiritus
3366 1820 3564 1916 sancti.

314 1904 495 1985 docuit
530 1930 690 2002 quasi
721 1904 1007 1986 indoctum
1034 1930 1311 2001 genuerit;
1363 1930 1458 1985 sed
1488 1931 1589 1987 hoc
1631 1940 1715 1985 est
1758 1947 1882 1986 eum
1910 1904 1960 1965 ³
1985 1915 2147 1985 Pallio
2172 1928 2315 1987 Ροεῑυ
2356 1919 2592 1979 donante
2620 1923 2848 1999 Domino
2883 1970 2899 1996 ν
2928 1933 2997 1987 de
3037 1904 3333 2007 scripturis
3365 1904 3568 1999 sane“;

314 2021 560 2091 docuisse
596 2023 739 2095 quod
776 2030 860 2077 est
883 2023 1098 2077 doctum
1144 2032 1200 2076 et
1220 2024 1482 2077 scientem
1515 2022 1764 2094 genuisse
1785 2062 1799 2087 ,
1829 2031 1887 2077 et

313 2112 415 2168 hoc
441 2122 525 2171 est
566 2113 757 2171 Docuit
782 2131 866 2171 me
917 2114 1095 2180 Pater,
1119 2116 1263 2186 quod
1288 2123 1372 2169 est
1401 2113 1662 2170 Scientem
1705 2117 1884 2193 genuit

312 2222 393 2261 me
424 2202 604 2261 Pater.
646 2208 924 2275 Quomodo
952 2217 1131 2262 autem
1161 2223 1191 2262 a
1223 2223 1282 2263 se
1329 2207 1462 2262 nihil
1496 2217 1677 2280 potest
1702 2206 1884 2271 facere

311 2296 481 2353 Filius
502 2338 524 2373 ρ
561 2298 627 2353 de
678 2314 787 2369 quo
845 2299 1116 2375 Propheta
1171 2307 1401 2356 testatur
1442 2309 1499 2355 et
1526 2299 1657 2354 dicit
1689 2317 1702 2352 :
1740 2299 1883 2355 Deus

314 2397 489 2442 autem
520 2389 573 2442 in
612 2388 738 2447 cado
762 2407 993 2454 sursum,
1039 2399 1087 2444 et
1122 2391 1181 2445 in
1227 2399 1370 2449 terra
1404 2390 1672 2459 deorsum,
1706 2391 1885 2447 omnia

308 2494 625 2550 quaecunque
656 2480 815 2533 voluit
838 2480 1000 2550 fecit?

379 2567 485 2626 Sed
508 2572 644 2625 forte
673 2570 916 2631 dicturus
954 2587 1016 2628 es
1051 2572 1154 2631 hoc
1192 2572 1260 2627 de
1294 2572 1456 2628 Patre
1488 2573 1713 2628 dictum.
1744 2571 1882 2628 Redi

308 2662 378 2720 ad
422 2663 806 2736 evangelistam
829 2663 1098 2720 dicentem
1141 2663 1208 2721 de
1249 2663 1389 2719 Filio
1417 2665 1542 2734 quia
1566 2664 1748 2720 omnia
1786 2678 1884 2734 per

308 2755 484 2828 ipsum
512 2756 654 2812 facta
685 2765 810 2813 sunt
846 2765 902 2813 ct
918 2758 1041 2814 sine
1080 2757 1200 2830 ipso
1233 2757 1437 2814 factum
1483 2766 1568 2812 est
1597 2757 1752 2812 nihil.
1780 2756 1884 2824 Qui

309 2850 474 2911 etiam
498 2850 736 2921 loquitur
765 2850 833 2905 ad
865 2850 1086 2921 Moysen
1118 2869 1132 2903 :
1169 2849 1316 2905 Vade
1349 2891 1365 2917 ,
1389 2850 1586 2920 inquit,
1616 2849 1703 2903 dic
1752 2849 1884 2919 ﬁliis

308 2938 500 3006 Israel,
534 2940 673 2996 Deus
707 2949 922 3011 patrum
970 2950 1261 2997 vestrorum
1291 2940 1428 3007 misit
1457 2956 1539 2994 me
1562 2938 1632 2993 ad
1654 2956 1761 2993 vos.
1787 2937 1885 2994 Illo

306 3030 664 3100 respondente
690 3039 746 3086 et
787 3030 1037 3086 dicente:
1067 3029 1164 3083 Dic
1183 3029 1311 3083 mihi
1338 3046 1525 3085 nomen
1558 3039 1728 3096 tuum,
1759 3044 1882 3083 nam

309 3135 413 3173 non
437 3118 642 3174 credent
684 3119 812 3174 mihi
833 3137 853 3186 ;
894 3129 1017 3193 post
1046 3120 1161 3176 haec
1186 3118 1443 3191 adjiciens
1469 3120 1610 3175 Deus
1629 3119 1764 3175 dixit
1791 3120 1840 3173 ei
1864 3135 1878 3173 :

322 3209 486 3279 Vade,
525 3212 610 3268 dic
648 3211 776 3284 [iliis
820 3210 1027 3266 Israel:
1078 3211 1188 3283 Ego
1229 3229 1346 3266 sum
1384 3211 1474 3283 qui
1516 3227 1666 3277 sum,
1707 3220 1754 3265 et
1790 3211 1880 3282 qui

307 3312 384 3358 est
420 3304 559 3358 misit
588 3320 673 3359 me
706 3302 778 3359 ad
801 3321 904 3359 vos.
930 3304 998 3358 Et
1024 3320 1091 3358 ne
1118 3304 1185 3359 de
1207 3303 1364 3359 Patre
1394 3303 1595 3360 dictum
1620 3303 1875 3375 accipias,

310 3392 434 3447 audi
477 3393 692 3447 beatum
722 3393 1023 3464 apostolum
1063 3394 1189 3448 huic
1216 3392 1334 3448 loco
1360 3394 1784 3449 consentientem
1824 3400 1881 3447 et

308 3480 704 3549 quodammodo
758 3481 931 3550 ipsum
988 3481 1354 3537 testimonium
1402 3491 1762 3552 exponentem
1812 3480 1880 3536 ad

308 3570 616 3629 Corinthios
666 3590 678 3626 :
720 3570 837 3638 Dei,
872 3573 1069 3644 inquit,
1106 3572 1303 3640 Filius,
1331 3575 1418 3646 qui
1456 3574 1773 3644 prtrdicatus
1803 3581 1879 3628 est

308 3665 451 3720 vobis
479 3682 571 3736 per
592 3682 673 3720 me
707 3674 754 3718 et
798 3662 1069 3719 Silvanum
1092 3675 1140 3719 et
1170 3664 1513 3733 Timotheum,
1548 3684 1650 3721 non
1677 3667 1778 3737 fuit
1823 3667 1880 3733 in

309 3755 401 3811 illo
425 3756 517 3811 Est
538 3766 587 3811 et
619 3752 765 3823 Non,
794 3755 884 3812 sed
922 3755 1018 3811 Est
1046 3758 1103 3811 in
1140 3756 1233 3812 illo
1274 3757 1396 3829 fuit.
1431 3757 1695 3830 Quotquot
1742 3758 1879 3811 enim

302 3852 673 3923 promissiones
712 3850 809 3906 Dei
858 3860 1002 3918 sunt,
1049 3852 1105 3909 in
1148 3850 1240 3906 illo
1274 3852 1391 3907 Est.
1436 3832 1578 3906 Audi
1621 3851 1878 3923 populum

308 3958 432 3999 cum
459 3942 640 4015 Moyse
668 3942 1109 4008 concordantem,
1134 3949 1191 3997 et
1212 3950 1269 3996 tu
1292 3941 1401 3998 noli
1424 3958 1454 3997 a
1477 3941 1582 3996 ﬁde
1611 3941 1879 3998 catholica

309 4038 637 4095 discordare.
672 4036 805 4091 Nam
828 4038 875 4094 si
903 4035 1200 4099 Ecclesium
1223 4036 1548 4103 catholicam
1575 4036 1880 4106 interrogas

309 4131 374 4185 de
408 4129 568 4185 Patre
594 4130 725 4200 quid
766 4130 876 4195 sit,
913 4129 1081 4185 dicit:
1122 4128 1284 4184 Deus.
1314 4126 1372 4183 Si
1414 4128 1480 4183 de
1509 4126 1668 4193 Filio,
1709 4126 1875 4180 dicit:

309 4222 470 4277 Deus.
500 4219 556 4275 Si
587 4221 652 4277 de
694 4221 900 4291 Spiritu
940 4226 1151 4284 sancto,
1195 4219 1328 4275 dicit
1354 4238 1370 4273 :
1394 4218 1558 4274 Deus.
1605 4218 1671 4272 Et
1697 4227 1889 4283 tamen

307 4328 415 4369 non
448 4310 577 4367 dicit
625 4319 735 4367 tres
772 4310 922 4378 deos,
972 4326 1041 4365 ne
1088 4310 1342 4383 gentibus
1382 4314 1742 4379 comparetur,
1787 4308 1880 4378 qui

305 4402 490 4473 plures
516 4403 646 4458 deos
672 4415 861 4458 errore
894 4416 992 4457 suo
1024 4400 1235 4471 decepti
1257 4399 1596 4471 conﬁngunt,
1639 4399 1733 4454 sed
1757 4415 1881 4455 cre-

307 4492 385 4547 dit
438 4494 729 4563 Scriptura:
766 4493 965 4549 dieenti
1000 4499 1113 4547 tam
1152 4490 1284 4546 Novi
1314 4506 1476 4563 quam
1512 4488 1723 4545 Veteris
1774 4489 1880 4545 Te-

1985 2010 2433 2067 monstrabimus.

2056 2098 2210 2155 Nunc
2230 2116 2357 2158 vero
2379 2105 2445 2159 de
2470 2108 2643 2162 sancti
2670 2107 2906 2180 Spiritus
2924 2113 3321 2193 deitate‘pauca
3340 2121 3407 2177 de
3433 2124 3567 2179 mul-

1985 2191 2056 2246 tis
2085 2194 2407 2252 testimoniis
2436 2208 2563 2256 sunt
2588 2204 2867 2273 ponenda;
2910 2221 3070 2277 quem
3109 2191 3216 2266 non
3251 2213 3423 2269 solum
3462 2218 3567 2273 mi-

1983 2295 2174 2353 norem
2213 2299 2480 2355 asserere,
2522 2290 2617 2345 sed
2657 2291 2822 2357 etiam
2855 2282 3029 2351 Deum
3062 2301 3285 2357 omnino
3320 2304 3567 2362 dicuntur

1983 2369 2238 2468 haeretici
2257 2376 2543 2468 denegare.
2582 2379 2819 2457 Audiant
2837 2400 3008 2457 pauca
3029 2390 3094 2446 de
3114 2392 3314 2450 deitate
3334 2395 3567 2468 Spiritus

1986 2465 2179 2519 sancti.
2217 2466 2275 2521 In
2304 2467 2501 2525 Genesi
2534 2472 2665 2529 dicit
2703 2490 2881 2533 sermo
2913 2479 3125 2538 divinus
3149 2501 3164 2539 :
3188 2465 3424 2558 Spiritus
3455 2490 3565 2544 Do-

1984 2558 2113 2652 mini
2147 2558 2414 2627 ferebatur
2439 2580 2599 2635 super
2628 2584 2814 2640 aquas,
2842 2570 2945 2627 hoc
2966 2582 3067 2641 est,
3098 2577 3392 2635 eminentia
3420 2590 3567 2652 pote-

1986 2646 2164 2745 statis,
2223 2664 2330 2705 non
2353 2652 2561 2745 ginopia
2608 2660 2968 2719 necessitatis.
3020 2662 3088 2722 Et
3135 2668 3191 2722 in
3235 2646 3564 2745 Evangelio:

1988 2735 2219 2838 Spiritus
2246 2753 2322 2798 est
2341 2742 2503 2813 Deus,
2530 2756 2578 2803 et
2606 2767 2692 2805 eos
2729 2754 2820 2823 qui
2851 2754 3078 2811 adorant
3112 2776 3251 2828 eum,
3289 2763 3346 2817 in
3379 2735 3569 2838 spiritu

1984 2838 2033 2882 et
2072 2833 2287 2887 veritate
2314 2846 2513 2905 oportet
2544 2841 2787 2897 adorare.
2825 2843 2893 2899 Et
2925 2861 2995 2902 ne
3028 2846 3168 2905 forte
3198 2853 3265 2910 de
3292 2833 3452 2913 Patre
3489 2860 3555 2915 di-

1986 2929 2136 3022 ctum
2169 2923 2457 3022 intelligas,
2487 2938 2541 2984 et
2570 2948 2677 3022 non
2705 2933 2772 2990 de
2800 2934 3004 3007 Spiritu
3028 2951 3238 3013 sancto,
3272 2947 3396 3003 audi
3423 2954 3566 3022 quod

1987 3012 2269 3083 sequitur:
2295 3015 2523 3088 Spiritus
2553 3021 2642 3076 ubi
2679 3024 2784 3079 vult
2813 3028 2999 3098 spirat.
3046 3031 3189 3091 Audi
3225 3036 3315 3092 ubi
3348 3012 3474 3107 vull,
3512 3024 3568 3099 et

1986 3110 2409 3201 suaipo‘testatis
2440 3125 2565 3167 eum
2599 3128 2720 3170 esse
2759 3132 2865 3173 non
2903 3119 3136 3180 dubites.
3177 3125 3245 3181 Et
3278 3127 3567 3201 Apostolus

1986 3196 2053 3249 ad
2079 3195 2391 3256 Corinthios
2420 3201 2586 3259 dicit:
2610 3204 2906 3265 Divisiones
2932 3214 3225 3283 gratiarum
3257 3195 3396 3287 sunt,
3427 3196 3567 3280 idem

1985 3297 2154 3389 autem
2202 3291 2439 3363 spiritus.
2492 3293 2561 3349 Et
2608 3297 2887 3357 divisiones
2931 3307 3374 3366 ministrationum
3420 3325 3567 3389 sunt,

1983 3378 2121 3432 idem
2165 3393 2357 3473 autem
2410 3385 2686 3443 Dominus.
2766 3391 2837 3446 Et
2884 3395 3161 3455 divisiones
3206 3378 3566 3473 operationuni

1982 3479 2125 3557 sunt,
2157 3471 2294 3525 idem
2323 3483 2499 3529 autem
2528 3476 2686 3543 Deus,
2720 3483 2809 3554 qui
2836 3498 3085 3557 aperatur
3109 3471 3283 3548 omnia
3308 3495 3363 3551 in
3397 3501 3565 3555 omni-

1983 3556 2098 3667 bus.
2124 3561 2218 3664 .Et
2263 3570 2324 3617 ut
2371 3580 2665 3638 cognoscas
2696 3556 2873 3644 ipsum
2916 3575 3175 3651 Spiritum
3228 3589 3563 3667 nominatum

1983 3650 2267 3744 Dominum
2296 3664 2351 3711 et
2371 3658 2538 3715 Deum
2560 3702 2575 3728 ,
2614 3665 2738 3719 audi
2779 3665 3005 3727 inferius
3046 3678 3315 3744 quomodo
3347 3650 3564 3739 conclu;

1983 3743 2053 3841 sit
2078 3766 2088 3801 :
2111 3744 2216 3799 Alii
2242 3749 2452 3820 quidem
2481 3752 2640 3807 datur
2658 3771 2752 3825 per
2778 3755 3035 3831 Spiritum
3066 3743 3235 3820 sermo
3268 3772 3556 3841 sapientia',

1983 3838 2078 3893 alii
2107 3849 2281 3897 autem
2308 3860 2477 3898 sermo
2512 3847 2744 3905 scientia:
2783 3853 3069 3909 secundum
3108 3838 3343 3914 eumdem
3387 3838 3561 3933 Spiris

1982 3936 2113 3982 tum.
2166 3930 2331 3987 Alteri
2354 3932 2486 4002 fides
2518 3936 2573 3991 in
2602 3939 2782 3994 eadem
2806 3940 3027 4015 Spiritu,
3052 3953 3105 4001 et
3127 3948 3353 4021 reliqua.
3396 3930 3461 4010 Et
3482 3956 3564 4015 sic

1982 4022 2292 4080 conclusit:
2326 4026 2457 4084 Htec
2501 4038 2675 4095 autem
2720 4035 2897 4089 omnia
2940 4049 3186 4108 operatur
3227 4057 3362 4100 unus
3406 4055 3561 4120 atque

1981 4112 2119 4206 idem
2152 4115 2404 4189 Spiritus,
2440 4120 2678 4175 dividens
2714 4124 2935 4195 singulis
2967 4141 3121 4201 prout
3155 4136 3280 4191 vult.
3331 4137 3432 4206 Qui
3472 4112 3560 4199 di-

1980 4205 2107 4260 vina
2141 4223 2365 4295 munera
2398 4219 2554 4282 prout
2588 4210 2692 4267 vult
2728 4215 3023 4287 dispensat,
3056 4220 3230 4295 legem
3267 4205 3561 4297 superioris

1982 4297 2213 4392 ignorat.
2259 4300 2509 4374 Agnosce
2537 4305 2752 4360 tandem
2778 4309 2903 4376 quia
2929 4310 3021 4379 qui
3043 4323 3199 4383 prout
3219 4316 3327 4371 vult
3347 4320 3555 4392 dividit,

1982 4391 2141 4445 nullis
2181 4393 2429 4449 subditus
2474 4411 2595 4452 esse
2633 4398 2924 4467 probatur,
2980 4403 3074 4457 sed
3120 4419 3232 4461 suae
3275 4391 3559 4477 potestatis

1982 4498 2101 4539 esse
2130 4484 2481 4556 dignoscitur.
2526 4488 2603 4544 De
2636 4504 2846 4546 summa
2881 4491 3024 4547 enim
3045 4503 3315 4567 potestate
3336 4505 3558 4563 descen-

308 4587 584 4652 stantetiti,
612 4588 737 4655 quia
767 4588 907 4647 Deus
946 4603 1084 4649 unus
1112 4594 1213 4651 est,
1261 4594 1317 4642 et
1350 4602 1492 4642 unus
1516 4583 1706 4655 major,
1743 4584 1880 4645 alter
1901 4604 1957 4674 Ι)
1982 4577 2075 4675 dit
2095 4577 2338 4635 voluntas
2377 4581 2463 4675 cui
2497 4581 2642 4637 nulla
2677 4586 3000 4661 contradicit
3034 4594 3347 4653 auctoritas.
3386 4597 3452 4653 Et
3489 4602 3557 4675 ad

308 4675 484 4732 minor
514 4690 618 4729 non
673 4684 797 4743 est,
847 4685 905 4729 ut
950 4676 1136 4741 Ariani
1180 4676 1385 4737 dicunt.
1419 4677 1569 4733 linus
1620 4676 1723 4733 dici
1771 4693 1877 4732 non

300 4776 485 4838 potest
509 4764 677 4833 major
700 4784 712 4819 :
742 4765 1020 4835 requalitas
1048 4767 1310 4835 unitatem
1332 4768 1575 4823 includit.
1600 4766 1880 4833 Quomodo

307 4862 484 4909 autem
515 4864 626 4910 tres
671 4864 726 4910 et
775 4871 941 4910 unum
986 4855 1271 4911 credmus
1316 4858 1555 4913 adverte.
1604 4857 1878 4913 Unitatem

308 4946 436 5003 facit
463 4947 739 5018 :equalitas
765 4947 1046 5014 virtutum,
1084 4947 1382 5001 trinitatem
1423 4948 1727 5019 proprietas
1751 4963 1877 5018 per-

308 5052 582 5097 sonarum.
606 5037 800 5091 Audite
821 5038 1091 5107 quomodo
1121 5039 1237 5111 ipse
1275 5037 1681 5110 intelligendam
1702 5056 1878 5110 aequa-

308 5129 512 5186 litatem
537 5144 689 5183 suam
712 5136 769 5183 et
794 5127 971 5184 Patris
987 5130 1251 5185 docuerit.
1274 5129 1407 5203 Ego,
1433 5130 1629 5200 inquit,
1645 5139 1692 5183 et
1717 5128 1881 5185 Pater

309 5239 470 5283 unum
490 5237 689 5279 sumus.
716 5220 874 5276 Aliud
893 5230 977 5276 est
996 5239 1181 5291 unum,
1204 5222 1351 5278 aliud
1366 5239 1568 5281 sumus.
1596 5222 1731 5279 Nam
1755 5237 1878 5278 cum

309 5320 437 5381 dicit
462 5336 663 5385 sumus,
707 5332 967 5388 personas
1016 5318 1330 5393 signiﬁcat;
1364 5335 1487 5374 cum
1512 5319 1646 5374 dicit
1692 5336 1877 5388 unum,

309 5411 664 5471 substantiam
716 5410 1017 5467 divinitatis
1062 5412 1331 5484 designat.
1372 5410 1549 5467 Unum
1591 5429 1795 5477 sumus,
1824 5411 1880 5468 id

306 5508 412 5573 est,
430 5500 645 5579 jnstitia
666 5518 855 5561 sumus
880 5504 1179 5575 eademque
1209 5503 1497 5575 sapientia,
1530 5504 1702 5559 virtus
1742 5503 1881 5577 indi-

307 5591 444 5658 visa,
474 5607 572 5662 par
604 5592 794 5664 gloria.
824 5594 952 5660 Quae
976 5610 1096 5665 cum
1122 5594 1195 5655 ita
1217 5596 1343 5662 sint,
1370 5595 1646 5651 contentio
1670 5593 1881 5655 aufera-

308 5692 399 5755 tur
423 5691 479 5739 et
509 5681 639 5739 ﬁdes
669 5685 880 5757 integra
910 5694 1174 5747 teneatur.

380 5773 575 5845 Dicunt
598 5774 766 5833 etiam
798 5794 811 5829 :
856 5777 980 5833 [deo
1009 5775 1179 5846 major
1226 5784 1308 5832 est
1332 5776 1495 5831 Pater
1526 5778 1651 5846 quia
1692 5784 1746 5831 et
1775 5776 1879 5843 im-

314 5862 581 5916 mortalis.
624 5862 990 5934 lnterrogandi
1035 5876 1158 5920 sunt
1192 5876 1370 5921 utrum
1422 5867 1613 5921 Filium
1660 5867 1712 5922 in
1753 5868 1879 5924 sub-

1982 4671 2236 4729 Hebraeos
2264 4674 2513 4729 similiter
2541 4676 2672 4732 dicit
2692 4676 2801 4751 (de)
2831 4677 3063 4761 Spiritus
3099 4688 3272 4745 sancti
3301 4671 3556 4749 distribu.

1979 4764 2213 4820 tionibus
2233 4767 2527 4821 secundum
2548 4783 2700 4822 suam
2723 4769 3087 4844 voluntatem;
3117 4786 3171 4833 et
3198 4780 3322 4857 quis
3350 4783 3455 4840 istc
3483 4787 3556 4843 si;

1977 4856 2297 4912 distributor
2322 4874 2386 4913 ac
2423 4857 2626 4915 divisor
2662 4862 2730 4917 ad
2762 4861 3036 4923 Romanos
3068 4871 3345 4929 evidenter
3375 4887 3556 4935 osten-

1978 4949 2056 5001 dit
2102 4948 2289 5005 dicens
2334 4968 2347 5003 :
2388 4947 2677 5023 Unicuique
2706 4955 2842 5010 sicut
2878 4956 3017 5013 Deus
3046 4960 3219 5016 divisit
3255 4981 3553 5047 mensuram

1974 5040 2132 5111 ﬁdei,-
2174 5050 2231 5095 et
2269 5041 2336 5096 ad
2377 5038 3001 5114 Coriutliios:Nescitis,
3042 5049 3256 5122 inquit,
3301 5038 3552 5127 quoniam

1977 5129 2222 5202 templum
2245 5131 2342 5186 Dei
2364 5132 2511 5199 estis,
2533 5143 2580 5189 et
2608 5131 2835 5207 Spiritus
2853 5135 2955 5193 Dei
2974 5139 3175 5197 habitat
3202 5148 3258 5200 in
3294 5148 3459 5215 vobis,
3495 5160 3553 5209 et

1978 5221 2205 5291 reliqua.
2256 5222 2323 5277 Et
2352 5225 2474 5295 quis
2498 5225 2601 5281 iste
2636 5227 2774 5283 Deus
2804 5226 2878 5284 sit
2899 5230 3056 5303 cujus
3086 5236 3337 5307 templum
3366 5244 3552 5311 prohi-

1976 5310 2068 5369 bet
2096 5312 2280 5368 violari
2315 5316 2393 5369 ait
2422 5316 2478 5371 in
2512 5317 2860 5391 sequentibus
2884 5335 2899 5373 :
2924 5317 3153 5379 Nescitis
3172 5330 3297 5398 quia
3317 5310 3551 5391 membra

1977 5411 2147 5455 vestra
2169 5402 2415 5475 templum
2438 5414 2515 5459 est
2538 5403 2762 5476 Spiritus
2788 5410 2976 5464 sancti.
3035 5412 3104 5466 Et
3130 5415 3252 5485 quis
3279 5429 3424 5475 esset
3445 5422 3550 5481 iste

1979 5491 2210 5563 Spiritus
2247 5505 2486 5564 sanctus,
2530 5495 2683 5566 cujus
2714 5500 2970 5571 templum
3004 5517 3266 5573 essemus,
3304 5510 3385 5566 sic
3421 5527 3550 5571 con-

1978 5586 2198 5643 cludens
2237 5588 2608 5642 demonstrat:
2638 5583 2969 5658 Cloriﬁcate,
3008 5593 3220 5665 inquit,
3261 5608 3310 5653 et
3346 5613 3550 5672 portate

1980 5679 2145 5745 Deum
2174 5681 2227 5733 in
2252 5695 2464 5749 corpore
2492 5687 2674 5733 vestro.
2722 5677 2968 5751 Agnosce
3000 5680 3265 5759 Spiritum
3298 5700 3546 5751 sanctum

1978 5772 2254 5829 evidenter
2278 5772 2467 5835 Deum,
2497 5776 2551 5825 et
2576 5770 2759 5826 desine
2788 5772 3180 5844 blasphemare.
3222 5780 3291 5837 Et
3317 5783 3371 5838 in
3401 5785 3537 5843 Acti-

1978 5866 2077 5920 bus
2101 5864 2477 5935 Apostolorum
2501 5864 2691 5920 beatus
2713 5862 2905 5923 Petrus
2926 5867 2995 5923 ad
3012 5869 3295 5937 Ananiam,
3319 5877 3409 5945 qui
3428 5872 3547 5933 Deo
