4062 6332
566 367 700 427 1391

1520 344 1618 423 's.
1659 366 2019 425 BENEDICTI
2055 363 2346 423 ABBATIS
2383 366 2792 426 ANIANENSIS

3684 381 3837 442 1592

561 491 788 543 voverat
824 483 1170 548 oblationem,
1213 490 1268 541 et
1302 481 1639 556 postmodum
1674 486 1882 540 exstitit
1918 484 2139 539 indevo-
2161 482 2215 544 Α
2238 498 2343 553 qua
2387 484 2553 557 Moysi
2594 487 2649 542 in
2692 488 2908 545 deserto
2954 489 3257 562 apparuit’:
3292 494 3360 550 de
3397 511 3509 567 quo
3547 500 3838 559 credimus

562 584 672 643 tus,
696 577 775 633 sic
801 575 966 631 dicit:
992 576 1120 642 Quis
1160 575 1406 646 compulit
1434 585 1483 630 te
1516 578 1724 630 mentiri
1756 576 1978 649 Spiritui
2012 593 2137 631 san-

561 677 644 724 cto
667 668 693 720 Ι)
738 666 862 721 Non
889 683 943 720 es
970 665 1211 721 mentitus
1245 665 1573 732 hominibus,
1604 666 1693 720 sed
1731 666 1862 721 Deo.
1913 667 2053 722 Ecce
2081 672 2137 720 et

559 760 652 817 hic
680 743 800 814 eum
832 757 1233 813 evidentissime
1269 757 1434 813 Deum
1468 773 1588 815 esse
1624 759 1766 814 beati
1804 759 1947 815 Petri
1992 767 2132 814 atte-

559 849 725 905 statio
764 847 1089 903 manifestat.
1147 847 1279 902 Item
1315 848 1388 902 ibi
1431 849 1565 903 dixit
1602 848 1837 918 Spiritus
1874 857 2130 904 sanctus:

560 939 839 1010 Segregate
862 939 988 993 mihi
1014 937 1244 999 Paulum
1268 948 1317 993 et
1342 938 1643 994 Barnabam
1667 940 1736 994 ad
1758 956 1882 1012 opus
1904 940 1973 993 ad
1993 938 2132 1010 quod

556 1030 688 1104 elegi
729 1048 835 1086 eos.
884 1030 953 1085 Et
994 1031 1184 1086 beatus
1226 1030 1423 1085 Paulus
1468 1030 1598 1085 inibi
1637 1030 2129 1097 dixit:Attendite,

557 1123 752 1193 inquit,
774 1122 917 1178 vobis
942 1133 990 1176 et
1020 1124 1257 1177 universo
1287 1124 1429 1193 gregi
1450 1124 1504 1176 in
1521 1140 1623 1193 quo
1647 1141 1733 1178 vos
1756 1120 1983 1191 Spiritus
2008 1142 2132 1179 san—

555 1223 669 1269 ctus
700 1214 872 1285 posuit
902 1211 1162 1283 apostolos
1200 1229 1372 1283 regere
1405 1212 1693 1268 Ecclesium
1727 1214 1824 1268 Dei
1851 1230 2007 1285 quant
2042 1230 2131 1267 ac-

552 1305 761 1377 quisivit
786 1304 1037 1374 sanguine
1059 1320 1172 1358 suo.
1227 1301 1294 1357 Et
1320 1304 1441 1372 quis
1461 1313 1604 1358 esset
1626 1303 1726 1357 iste
1751 1303 1841 1372 qui
1863 1303 2130 1371 apostolos

553 1401 802 1467 segregat
829 1402 885 1448 et
912 1393 1078 1447 mittit
1114 1393 1255 1448 idem
1285 1393 1484 1448 Paulus
1507 1394 1575 1447 ad
1600 1391 1909 1448 Corinthios
1945 1394 2127 1449 decla-

552 1492 638 1539 rat
663 1485 849 1540 dicens
880 1500 894 1537 :
928 1482 993 1536 Et
1025 1482 1299 1554 quosdam,
1326 1482 1520 1551 inquit,
1553 1483 1725 1555 posuit
1760 1483 1898 1538 Deus
1930 1486 1986 1538 in
2020 1483 2127 1538 Ec-

551 1575 710 1631 clesia
741 1577 968 1647 primum
1006 1574 1288 1646 apostolos,
1325 1575 1610 1630 secundum
1649 1576 1945 1647 prophetas,
1979 1577 2127 1630 tertio

549 1671 823 1738 doctores,
868 1679 925 1726 et
964 1670 1191 1741 reliqua.
1245 1669 1383 1725 Ecce
1434 1670 1526 1725 ubi
1572 1668 1835 1740 Spiritum
1882 1674 2129 1723 sanctum

549 1762 719 1819 Deum
741 1762 858 1818 luce
883 1761 1081 1817 clarius
1106 1761 1513 1817 demonstravit.
1556 1760 1624 1814 Et
1645 1776 1805 1831 quem
1830 1760 1884 1814 in
1903 1757 2128 1814 Actibus

2234 573 2427 629 Isaiam
2459 578 2674 634 dicere:
2705 579 2955 636 Dominus
2994 592 3169 638 noster
3194 587 3329 656 ignis
3368 604 3693 646 consumens
3732 606 3833 650 est.

2232 662 2300 717 Et
2324 665 2463 720 sicut
2486 667 2712 739 legimus
2738 670 2881 739 quod
2908 688 3065 728 nemo
3097 677 3308 730 noverit
3334 679 3709 749 cogitationes
3729 686 3835 741 ho-

2233 756 2439 811 minum
2462 758 2564 813 nisi
2598 760 2759 828 Deus,
2790 764 3058 832 quomodo
3090 766 3324 837 Spiritus
3347 780 3575 827 sanctus
3607 790 3723 830 non
3749 788 3838 834 est

2234 850 2393 918 Deus,
2426 853 2552 923 quia
2587 855 2747 909 etiam
2784 871 2893 912 non
2924 859 3097 914 solum
3130 861 3187 915 in
3226 862 3443 921 homine
3474 877 3583 933 est,
3635 872 3735 926 sed
3778 882 3837 930 et

2232 956 2353 1012 qum
2383 942 2525 998 inter
2553 952 2677 999 sunt
2704 945 2844 1001 scire
2874 946 3237 1018 dignoscitur,
3268 952 3488 1011 dicente
3512 958 3789 1029 Apostolo
3815 982 3830 1017 :

2234 1032 2464 1105 Spiritus
2506 1035 2640 1091 enim
2673 1038 2849 1092 omnia
2883 1051 3168 1105 scrutatur,
3208 1047 3367 1100 etiam
3399 1050 3685 1119 profunda
3710 1052 3831 1108 Dei.

2231 1123 2297 1179 Et
2329 1126 2491 1194 paulo
2518 1134 2640 1196 post
2664 1127 2741 1182 ita
2765 1145 2779 1182 :
2806 1125 2937 1195 Quae
2969 1130 3071 1186 Dei
3104 1143 3226 1188 sunt
3261 1152 3410 1192 nemo
3443 1142 3696 1210 cognovit
3725 1144 3834 1199 nisi

2232 1214 2461 1289 Spiritus
2490 1218 2604 1273 Dei.

2301 1308 2405 1364 Sed
2434 1310 2574 1367 forte
2604 1311 2735 1367 dicit
2763 1314 2955 1386 aliquis
2984 1315 3107 1374 ideo
3141 1319 3408 1377 minorem
3444 1324 3581 1393 quia
3623 1325 3832 1382 missus

2230 1394 2468 1469 legitur?
2520 1399 2587 1454 Et
2623 1402 2749 1471 quid
2775 1404 3014 1461 dicturus
3035 1416 3121 1463 est
3144 1425 3268 1465 cum
3292 1412 3420 1483 legit
3441 1414 3501 1468 in
3530 1414 3678 1470 Isaia
3703 1434 3831 1487 pro-

2228 1489 2390 1557 pheta
2419 1505 2485 1544 ex
2510 1506 2741 1561 persona
2764 1494 2963 1553 Christi
2985 1499 3212 1558 dicentis
3240 1522 3251 1556 :
3276 1504 3539 1562 Dominus
3565 1510 3718 1564 misit
3746 1529 3830 1566 me

2229 1588 2276 1670 et
2311 1576 2536 1649 Spiritus
2562 1585 2708 1652 ejus;
2743 1593 2797 1639 et
2828 1586 2955 1643 alibi
2982 1607 2994 1642 :
3021 1588 3248 1661 Spiritus
3282 1595 3500 1652 Domini
3523 1616 3692 1670 super
3721 1620 3827 1657 me.

2231 1666 2455 1763 I’rOpter
2480 1673 2621 1763 quod
2652 1678 2859 1731 auxerit
2885 1695 2965 1734 me
2994 1681 3064 1734 ad
3084 1685 3551 1756 euangelizandum
3572 1666 3833 1763 pauperi-

2230 1759 2324 1814 bus
2361 1762 2711 1818 remissionem
2740 1775 2788 1820 et
2816 1769 2967 1823 ca’cis
2997 1771 3181 1838 visum,
3213 1783 3271 1827 ut
3311 1759 3702 1834 annuntiarern
3730 1801 3833 1838 an-

549 1855 811 1928 Spiritum
852 1864 1097 1912 sanctum
1143 1854 1309 1921 dixit,
1349 1855 1417 1909 ad
1452 1852 1762 1910 Corinthios
1800 1852 1968 1908 Deum
2007 1864 2128 1907 esse
2153 1850 2202 1911 B
2231 1872 2353 1909 num
2387 1854 2695 1926 placabilem
2722 1859 2971 1929 Domini,
2999 1875 3054 1920 et
3079 1866 3304 1938 reliqua.
3356 1871 3424 1927 Et
3447 1884 3505 1929 ut
3536 1876 3690 1932 scias
3714 1880 3835 1934 evi-

544 1945 830 2004 manil‘este
866 1944 1145 2001 confessus
1184 1952 1286 2001 est.
1337 1944 1481 2000 Dicit
1517 1945 1663 2000 enim
1706 1944 1846 1998 idem
1887 1958 1982 1997 vas
2013 1942 2124 1996 ele-

543 2038 741 2096 ctionis
782 2037 849 2093 ad
885 2035 1098 2093 Iudaeos
1137 2035 1322 2092 :Bene
1364 2034 1593 2108 Spiritus
1634 2045 1844 2090 sanctus
1887 2035 1951 2088 de
1985 2033 2125 2088 vobis

540 2130 864 2203 prophetavit
892 2147 985 2202 per
1010 2147 1067 2184 os
1092 2128 1254 2185 Isaia:
1287 2130 1569 2201 prophetae.
1617 2128 1686 2183 Et
1709 2128 1830 2199 quis
1852 2135 1998 2183 esset
2025 2128 2126 2183 iste

544 2224 778 2296 Spiritus
808 2233 1027 2280 sanctus
1056 2223 1146 2296 qui
1176 2224 1231 2279 in
1257 2224 1536 2294 prophetis
1568 2221 1778 2277 locutus
1808 2222 1898 2286 sit,
1934 2222 2125 2278 beatus

541 2318 709 2375 David
732 2317 988 2388 exprimit
1011 2317 1197 2372 (licens
1221 2334 1234 2370 :
1255 2316 1483 2370 Audiam
1514 2315 1639 2387 quid
1669 2314 1919 2389 loquatur
1950 2314 2006 2368 in
2043 2330 2127 2368 me

539 2408 798 2463 Dominus
832 2407 990 2462 Deus.
1039 2406 1106 2460 Et
1136 2407 1327 2461 beatus
1357 2404 1551 2460 Petrus
1578 2406 1631 2459 in
1664 2404 1888 2460 Actibus
1912 2410 2126 2474 aposto-

540 2500 715 2555 lorum
744 2515 760 2554 :
789 2496 856 2553 Ut
898 2497 1220 2569 impleretur,
1260 2497 1453 2567 inquit,
1499 2496 1775 2567 Scriptura
1803 2511 1960 2565 quam
1988 2510 2124 2564 prte-

540 2589 677 2643 misit
698 2587 839 2643 Deus
860 2603 953 2657 per
981 2602 1038 2640 os
1066 2585 1435 2656 prophetarum
1466 2600 1704 2639 suorum.
1746 2584 1813 2637 Et
1840 2583 1927 2637 hic
1959 2597 2126 2653 agno-

542 2695 634 2735 sce
675 2678 818 2749 quod
854 2693 979 2734 eum
1016 2675 1187 2729 Deum
1225 2675 1503 2730 evidenter
1534 2673 1774 2729 declarat
1803 2673 1894 2745 qui
1927 2688 2022 2744 per
2060 2688 2122 2728 os

537 2774 924 2846 prophetarum
952 2773 1164 2826 locutus
1196 2777 1303 2836 est,
1344 2770 1484 2825 sicut
1523 2767 1814 2824 Zacharias
1855 2768 1910 2822 in
1945 2767 2122 2822 Evan-

535 2866 676 2938 gelio
717 2865 792 2920 ait
818 2879 832 2918 :
855 2863 1190 2928 Benedictus,
1232 2862 1425 2932 inquit,
1463 2860 1715 2915 Dominus
1752 2859 1893 2914 Deus
1927 2856 2118 2925 Israel,

535 2957 660 3028 quia
688 2950 910 3011 uisitauit
938 2965 984 3010 et
1017 2955 1137 3024 fecit
1163 2953 1563 3024 redemptionem
1591 2950 1727 3023 plebi
1752 2968 1881 3006 sure.
1912 2951 1981 3006 Et
1999 2958 2123 3022 post

534 3060 707 3120 pauca
732 3046 843 3101 ait:
865 3044 1011 3101 Sicut
1041 3044 1244 3099 locutus
1271 3054 1345 3098 est
1372 3059 1464 3114 per
1482 3060 1545 3096 os
1573 3051 1872 3101 sanctorum
1901 3040 2124 3113 prophe-

536 3151 711 3194 tarum
740 3154 974 3192 suorum.
1014 3137 1274 3209 Agnoscis
1299 3137 1582 3190 Dominum
1617 3135 1787 3190 Deum
1809 3148 1927 3190 esse
1951 3132 2122 3204 Spiri-

2224 1948 2417 2005 denter
2467 1952 2534 2006 de
2575 1950 2804 2008 Domino
2840 1955 3063 2023 dictum,
3107 1961 3437 2034 evangelista
3482 1966 3663 2022 dicit:
3694 1968 3833 2025 Cum

2224 2041 2439 2094 venisset
2471 2040 2729 2098 Dominus
2756 2044 2910 2101 Iesus
2943 2047 2999 2103 in
3027 2066 3292 2122 synagoga
3318 2095 3335 2120 ,
3375 2056 3536 2113 datus
3569 2069 3652 2114 est
3685 2064 3733 2113 ei
3766 2062 3833 2115 li-

2226 2132 2315 2223 ber
2343 2133 2504 2188 Isaia:
2527 2137 2793 2207 propheta:
2807 2155 2827 2203 ,'
2846 2156 2996 2210 quem
3020 2143 3275 2212 aperiens,
3308 2147 3503 2203 invenit
3525 2154 3791 2223 scriptun:
3808 2169 3829 2206 :

2226 2220 2453 2293 Spiritus
2482 2224 2695 2280 Domini
2727 2245 2882 2299 super
2916 2247 3016 2297 me,
3049 2239 3101 2286 et
3130 2233 3335 2305 reliqua
3374 2254 3497 2308 quae
3533 2220 3708 2311 supra
3739 2243 3830 2297 di-

2224 2314 2419 2370 ximus.
2459 2314 2531 2369 Et
2571 2327 2687 2387 post
2727 2318 2838 2372 ha'c
2883 2319 3056 2391 liquit,
3104 2323 3297 2394 inquit,
3343 2325 3539 2381 librum
3582 2341 3639 2383 et
3683 2332 3830 2388 dedit

2223 2406 2484 2471 ministro,
2513 2416 2560 2461 et
2581 2408 2712 2462 dixit
2736 2421 2755 2460 :
2779 2407 2951 2463 Hodie
2972 2413 3027 2466 in
3052 2413 3192 2469 vobis
3217 2416 3430 2485 impleta
3450 2430 3528 2473 est
3550 2423 3829 2493 scriptura

2222 2499 2345 2553 ista.
2400 2498 2740 2556 Credendum
2777 2512 2855 2559 est
2893 2506 3032 2560 mitti
3071 2508 3162 2577 qui
3203 2510 3400 2579 ubique
3442 2528 3568 2569 esse
3623 2517 3828 2587 dignm

2224 2591 2433 2658 scitur,
2489 2592 2630 2648 sicut
2680 2594 2809 2650 dicit
2853 2597 3132 2666 psalmista
3169 2618 3183 2653 :
3220 2599 3338 2666 Quo
3388 2602 3471 2657 ibo
3523 2623 3557 2658 a
3612 2605 3825 2677 Spiritu

2223 2689 2334 2747 tuo,
2361 2692 2410 2738 et
2438 2701 2471 2738 a
2496 2685 2632 2755 facie
2659 2695 2749 2742 tua
2773 2705 2873 2759 quo
2897 2688 3099 2761 fugiam
3123 2692 3148 2745 ?
3196 2691 3300 2748 Sed
3342 2695 3481 2751 sicut
3524 2694 3657 2751 Filii
3696 2701 3830 2752 mis-

2224 2773 2305 2828 sio
2343 2772 2650 2831 incarnatio
2678 2777 3016 2849 intelligitur,
3049 2781 3122 2836 ita
3150 2780 3386 2854 Spiritus
3421 2789 3602 2842 sancti
3630 2789 3824 2843 missio

2223 2863 2587 2921 manifestatio
2623 2867 2944 2935 declaratur,
2983 2886 3106 2926 cum
3144 2888 3202 2928 se
3232 2874 3483 2944 dignatus
3515 2888 3601 2932 est
3641 2890 3736 2933 aut
3767 2881 3824 2935 in

2223 2954 2483 3012 columbas
2524 2959 2703 3028 specie
2737 2960 2820 3016 vel
2862 2961 2916 3016 in
2955 2962 3078 3035 igne
3114 2974 3208 3019 aut
3239 2964 3469 3024 diversis
3501 2969 3821 3038 huiusmodi

2223 3051 2517 3121 assumptis
2555 3052 2769 3110 indiciis
2815 3056 3105 3112 declarare.
3149 3058 3430 3127 Quomodo
3462 3079 3595 3136 ergo
3640 3067 3825 3124 minor

2222 3140 2524 3197 credendus
2546 3145 2743 3214 estqui
2771 3147 2933 3201 etiam
2960 3148 3153 3216 Deum,
3182 3153 3272 3221 qui
3309 3153 3449 3209 sicut
3484 3156 3603 3226 ipse
3632 3173 3823 3228 tenua-

454 3288 473 3302 κ
537 3238 653 3285 tum
691 3237 959 3295 sanctum,
991 3229 1082 3298 qui
1122 3243 1220 3297 per
1253 3242 1316 3283 os
1345 3228 1729 3297 prophetarum
1765 3225 1976 3320 loeutus
2008 3232 2114 3280 est.
2144 3215 2191 3281 C
2221 3232 2289 3288 lis
2326 3240 2410 3288 est
2448 3234 2617 3302 Patri,
2666 3240 2993 3308 approbatur
3035 3244 3102 3298 ad
3140 3215 3385 3301 nostram
3415 3215 3820 3320 remissionem

535 3321 689 3390 Quod
728 3336 828 3377 nec
864 3320 1010 3390 impii
1048 3317 1216 3374 Judaei
1257 3319 1543 3388 denegant.
1598 3317 1699 3384 Qui
1744 3314 1791 3371 si
1831 3314 1974 3371 Deus
2010 3329 2118 3371 non

532 3422 700 3479 esset,
733 3429 840 3469 non
866 3412 924 3467 in
946 3412 1214 3482 baptismo
1244 3410 1300 3465 in
1332 3425 1441 3465 uno
1481 3409 1698 3464 nomine
1728 3407 1946 3463 deitatis
1968 3406 2118 3463 Patri

533 3515 590 3562 et
615 3504 752 3561 Filio
781 3504 1114 3573 sociaretur,
1146 3503 1288 3559 sicut
1329 3502 1586 3573 scriptum
1626 3508 1709 3555 est
1748 3499 1839 3555 ubi
1878 3499 2117 3571 regulam

531 3599 785 3671 baptismi
807 3598 988 3671 posuit
1015 3597 1129 3667 ipse
1162 3594 1442 3655 Dominus.
1481 3593 1584 3659 Ite,
1624 3593 1817 3663 inquit,
1858 3591 2118 3662 baptizate

534 3708 713 3765 omnes
752 3700 925 3760 gentes
960 3690 1018 3744 in
1051 3690 1257 3744 nomine
1297 3685 1499 3751 Patris,
1533 3695 1581 3740 et
1621 3683 1775 3752 Filii,
1818 3693 1867 3740 et
1889 3682 2117 3755 Spiritus

532 3784 724 3840 sancti.
777 3780 933 3849 Quod
979 3780 1151 3836 solum
1192 3778 1556 3833 testimonium
1592 3776 1814 3831 deberet
1848 3774 2118 3829 haereticis

533 3858 779 3929 sullicere
828 3873 895 3927 ad
940 3870 1311 3931 credulitatem
1375 3865 1750 3936 inseparabilis
1795 3863 2111 3927 Trinitatis,

532 3968 659 4038 quia
696 3983 796 4022 nec
840 3965 939 4036 ipsi
981 3964 1180 4019 audent
1225 3961 1381 4016 aliter
1421 3960 1718 4030 baptizare,
1762 3973 1829 4012 ne
1875 3956 2117 4029 regulam

533 4058 745 4113 Domini
777 4070 1124 4126 corrumpere
1153 4055 1454 4110 videantur.
1502 4052 1571 4107 Et
1598 4052 1689 4106 ubi
1726 4067 1892 4106 unum
1914 4065 2116 4105 nomen

534 4152 757 4216 dicitur,
803 4148 876 4203 ibi
922 4146 1096 4216 major
1138 4156 1193 4201 et
1240 4147 1419 4200 minor
1448 4144 1774 4200 excluditur.
1822 4144 1891 4198 Et
1933 4143 1987 4198 in
2034 4159 2119 4199 se-

532 4240 707 4298 cunda
758 4239 998 4310 Epistola
1051 4244 1120 4293 ad
1159 4236 1470 4294 Corinthios
1505 4254 1517 4290 :
1560 4232 1743 4289 Gratia
1776 4234 1988 4289 Domini
2018 4252 2116 4289 no-

536 4333 634 4388 stri
678 4331 808 4386 Iesu
859 4328 1054 4385 Christi
1103 4338 1152 4384 et
1205 4328 1436 4383 charitas
1470 4326 1569 4382 Dei
1618 4337 1666 4380 et
1719 4326 2118 4381 communicatio

450 4470 453 4473 .
530 4425 699 4480 sancti
739 4422 967 4496 Spiritus
997 4423 1064 4477 sit
1100 4438 1217 4476 cum
1248 4421 1485 4475 omnibus
1536 4418 1695 4475 vobis.
1742 4418 1813 4476 Ut
1853 4434 2117 4490 agnoscas

528 4516 707 4574 Patris
734 4525 788 4571 et
817 4512 953 4570 Filii
974 4521 1029 4569 et
1058 4511 1291 4584 Spiritus
1321 4512 1495 4567 sancti
1522 4526 1683 4567 unam
1714 4526 1836 4565 esse
1866 4511 2117 4565 substan-

2220 3322 2453 3389 misisse,
2490 3331 2544 3379 et
2578 3340 2686 3380 non
2712 3327 2885 3382 solum
2922 3329 3154 3398 misisse,
3191 3334 3334 3389 sicut
3368 3351 3467 3406 per
3497 3337 3699 3394 Isaiam
3739 3342 3821 3395 di-

2218 3420 2363 3467 ctum
2407 3416 2848 3485 memoravimus,
2889 3420 2982 3475 sed
3027 3422 3215 3477 etiam’
3245 3427 3547 3481 secundum
3587 3445 3817 3487 carnem

2216 3520 2456 3572 creasse,
2493 3508 2637 3562 sicut
2672 3509 2843 3565 habes
2879 3511 2934 3566 in
2974 3512 3265 3585 Evangelio
3307 3517 3560 3588 angelum
3590 3521 3664 3575 ad
3701 3521 3818 3582 Ma-

2217 3596 2353 3651 riam
2378 3594 2587 3654 dixisse
2611 3617 2623 3654 :
2654 3599 2903 3671 Spiritus,
2935 3604 3129 3675 inquit,
3160 3618 3371 3663 sanctus
3396 3614 3730 3682 superueniet
3758 3614 3817 3668 in

2216 3697 2284 3755 te,
2309 3697 2359 3742 et
2378 3689 2539 3744 virtus
2564 3690 2820 3746 Altissimi
2843 3694 3170 3750 obumbrabit
3193 3698 3304 3761 tibi,
3336 3708 3391 3754 et
3415 3700 3650 3772 reliqua.
3695 3703 3816 3759 Non

2218 3780 2363 3835 enim
2400 3783 2768 3851 generatione,
2800 3785 2893 3840 sed
2921 3785 3167 3856 jussione
3192 3797 3247 3843 et
3272 3788 3658 3849 benedictione
3690 3810 3815 3849 san-

2219 3870 2291 3924 cti
2342 3870 2574 3940 Spiritus
2613 3884 2907 3945 conceptus
2949 3885 3029 3931 est
3075 3878 3343 3947 Christus,
3388 3883 3533 3937 sicut
3570 3894 3628 3940 et
3675 3886 3814 3940 alius

2217 3963 2544 4034 evangelista
2574 3965 2650 4019 ait
2675 3983 2688 4019 :
2714 3965 2933 4021 Inventa
2959 3978 3065 4034 est,
3104 3970 3314 4040 inquit,
3344 3973 3543 4029 habens
3573 3977 3632 4028 in
3665 3987 3812 4030 utero

2210 4054 2283 4127 de
2317 4053 2519 4125 Spiritu
2558 4066 2758 4111 sancto.
2806 4057 3091 4129 Prophetas
3122 4071 3300 4117 autem
3339 4065 3549 4129 dicunt,
3587 4078 3647 4121 ut
3686 4083 3809 4123 cum

2218 4147 2532 4218 frequenter
2558 4166 2671 4219 1am
2703 4154 3123 4209 memoravimus
3147 4173 3159 4207 :
3183 4153 3313 4210 Haec
3351 4148 3480 4210 dicit
3518 4158 3807 4215 Dominus.

2218 4238 2286 4292 Et
2311 4241 2401 4309 qui
2428 4240 2499 4294 sit
2528 4242 2630 4296 iste
2649 4241 2930 4308 Dominus,
2960 4243 3210 4302 Michmas
3236 4249 3493 4318 prOpheta
3525 4252 3811 4309 evidenter

2218 4333 2454 4389 ostendit
2490 4351 2610 4389 cum
2650 4334 2888 4406 loquitur
2913 4338 2980 4392 ad
3006 4338 3194 4394 Achab
3223 4340 3410 4396 dicens
3434 4361 3447 4396 :
3475 4341 3546 4396 Et
3579 4345 3628 4397 si
3659 4355 3716 4398 tu
3744 4346 3810 4400 de

2217 4423 2400 4494 prwlio
2435 4442 2597 4479 sanus
2638 4426 2876 4491 redieris,
2919 4429 2975 4481 in
3011 4443 3094 4482 me
3134 4444 3237 4482 non
3270 4438 3345 4482 est
3383 4430 3593 4485 loculus
3636 4431 3804 4487 Dens.

2219 4518 2286 4572 Et
2325 4520 2449 4590 quis
2490 4520 2591 4576 iste
2627 4521 2772 4577 Dens
2810 4524 2881 4578 sit
2921 4522 3013 4592 qui
3055 4523 3111 4578 in
3145 4524 3423 4594 prophetis
3455 4524 3676 4581 locutus
3713 4528 3804 4591 sit,

530 4602 661 4664 tiam
694 4621 759 4662 ac
790 4605 1155 4669 divinitatem.
1189 4602 1314 4658 audi
1350 4603 1540 4657 Isaiam
1573 4603 1893 4673 prophetam
1928 4601 2115 4657 dicens
2135 4589 2191 4654 Β
2214 4589 2415 4667 Paulus
2444 4613 2717 4681 apostolus
2757 4589 3096 4670 demonstrat
3128 4589 3263 4669 cuni
3289 4615 3422 4670 dicit
3450 4616 3519 4670 ad
3544 4589 3802 4672 Judaos:

531 4710 639 4755 tem
665 4714 680 4753 :
706 4698 837 4764 Quis
867 4695 1109 4767 appendit
1140 4694 1304 4749 tribus
1333 4694 1512 4766 digitis
1540 4693 1727 4749 molem
1750 4695 1948 4749 terrae?
1976 4691 2109 4748 Nam

529 4798 586 4847 et
627 4774 972 4860 singulariter
1004 4787 1307 4842 invenimus
1333 4786 1389 4840 in
1417 4785 1714 4855 Scripturis
1740 4785 1959 4854 digitum
1985 4798 2112 4838 san-

530 4899 676 4947 ctum
709 4887 969 4960 Spiritum
1004 4885 1358 4941 nominatum.
1411 4883 1483 4938 Ut
1507 4891 1593 4938 est
1619 4880 1748 4937 illud
1782 4881 1833 4934 iu
1868 4880 2109 4951 Evange-

530 4982 603 5037 lio
626 4980 715 5036 ubi
743 4980 853 5034 ait:
883 4977 943 5033 Si
967 4993 1059 5048 ego
1085 4977 1140 5029 in
1164 4975 1326 5044 digito
1355 4973 1449 5027 Dei
1475 4972 1735 5026 drcmonia
1757 4970 1943 5040 ejicio;
1966 4976 2109 5040 quod

528 5071 669 5128 alius
702 5068 1027 5142 evangelista
1064 5065 1303 5122 declarat
1343 5065 1563 5118 dicens:
1591 5060 1651 5116 Si
1687 5076 1779 5131 ego
1816 5060 1871 5114 in
1906 5059 2111 5131 Spiritu

529 5164 630 5219 Dei
660 5163 812 5235 ejicio
846 5161 1127 5217 dwmonia.
1165 5158 1233 5213 Et
1272 5157 1413 5227 magi
1458 5155 1754 5211 Pharaonis
1782 5154 1911 5209 victi
1944 5154 2112 5226 signis

529 5242 752 5313 dicunt:
778 5253 984 5326 Digitus
1021 5251 1113 5305 Dei
1139 5260 1241 5315 est,
1284 5250 1342 5305 In
1368 5249 1743 5314 Pentecosten,
1770 5252 1911 5319 quod
1945 5248 2111 5303 etiam

529 5354 656 5404 ante
677 5341 1192 5403 adventum~Christi
1218 5340 1387 5397 Judzei
1415 5340 1682 5405 colebant,
1710 5340 1877 5411 digito
1904 5338 2020 5405 Dei,
2057 5339 2111 5396 id

529 5447 615 5496 est
644 5436 848 5509 Spiritu
870 5443 1078 5496 sancto,
1097 5433 1381 5504 inscriptas
1402 5432 1612 5488 tabulas
1630 5431 1841 5502 Moyses
1863 5431 2104 5503 accepit;

530 5537 587 5587 et
610 5544 732 5604 quae
752 5540 881 5585 tunc
899 5526 955 5583 in
974 5525 1198 5596 lapideis
1220 5524 1417 5581 tabulis
1436 5525 1777 5598 prmligurata
1798 5532 1926 5580 sunt
1944 5524 2107 5580 corda

532 5623 822 5680 durissima
856 5620 1165 5677 Iudaeorum
1206 5627 1331 5693 post
1367 5620 1742 5677 ascensionem
1795 5618 2008 5676 Domini
2053 5619 2109 5674 in

536 5710 747 5765 carneis
768 5709 981 5775 tabulis,
1012 5709 1069 5765 id
1094 5715 1178 5766 est
1202 5710 1256 5765 in
1275 5710 1529 5765 cordibus
1551 5709 1957 5781 discipulorum,
1983 5710 2110 5765 visi-

537 5798 719 5856 biliter
752 5801 997 5872 dignatus
1027 5809 1111 5857 est
1148 5817 1408 5872 apparere
1432 5802 1485 5856 in
1516 5801 1630 5872 ipsa
1657 5804 1834 5873 specie
1864 5802 2024 5874 ignis,
2055 5802 2109 5857 in

2217 4704 2374 4769 Bene,
2400 4704 2591 4775 inquit,
2614 4706 2678 4760 de
2697 4706 2837 4763 vobis
2872 4706 3097 4780 Spiritus
3124 4719 3340 4764 sanctus
3358 4711 3689 4780 prophetarit
3715 4728 3807 4782 per

2215 4812 2273 4850 os
2313 4795 2471 4850 Isaia:
2510 4798 2773 4869 prophetae
2794 4813 2814 4852 :
2849 4797 3011 4867 Vade,
3044 4800 3231 4871 inquit,
3263 4817 3469 4855 eatea-ca
3497 4818 3592 4856 cor
3621 4802 3805 4873 pepuli

2213 4888 2395 4959 hujus,
2428 4897 2482 4945 et
2509 4888 2732 4961 reliqua.

2284 4980 2656 5053 Interrogandi
2711 4992 2838 5039 sunt
2892 4991 3072 5041 tamen
3133 4984 3372 5040 haeretici
3416 4983 3574 5054 cuius
3624 4983 3801 5055 major

2190 5068 2416 5133 ‘oﬂ‘ensa
2441 5073 2532 5137 sit,
2564 5072 2653 5142 qui
2684 5073 2737 5127 in
2770 5072 2985 5129 Patrem
3019 5074 3343 5145 peccaverit,
3375 5090 3443 5128 an
3469 5074 3562 5144 qui
3591 5075 3646 5129 in
3679 5074 3800 5144 Spi-

2212 5163 2318 5217 ritu
2349 5172 2557 5228 sancto,
2598 5179 2757 5234 quem
2801 5164 2987 5220 dicunt
3025 5165 3192 5220 Deum
3217 5180 3345 5220 Inon
3380 5179 3521 5220 esse.
3574 5163 3640 5219 Et
3670 5179 3794 5220 cum

2214 5252 2449 5308 dixerint
2484 5253 2742 5322 majorem
2781 5254 3038 5309 olfensam
3076 5270 3197 5311 esse
3221 5257 3311 5325 qui
3340 5256 3395 5309 in
3424 5256 3640 5310 Patrem
3669 5270 3796 5325 pec-

2192 5344 2321 5412 cat,
2348 5346 2712 5418 interrogandi
2738 5356 2863 5403 sunt
2894 5348 3090 5404 iterum
3143 5348 3238 5403 ﬁlii
3264 5347 3428 5402 Israel
3457 5356 3638 5402 utrum
3662 5362 3792 5417 pee—

2214 5446 2473 5494 cavernnt
2515 5437 2685 5503 Patri,
2733 5453 2800 5493 an
2847 5438 3026 5493 alteri.
3068 5436 3202 5494 Cum
3242 5436 3621 5506 responderint
3664 5436 3793 5506 quia

2182 5529 2361 5609 .Patri
2398 5538 2777 5599 peccaverunt,
2812 5530 3008 5585 iterum
3054 5527 3419 5599 interrogandi
3455 5536 3584 5582 sunt
3623 5526 3672 5582 si
3710 5526 3797 5581 eis

2214 5620 2417 5677 fuerint
2443 5622 2662 5678 dimissa
2695 5629 2937 5693 peccata.
2980 5621 3177 5691 Utique
3212 5635 3317 5674 non
3348 5616 3791 5689 negabunt,quia

2214 5719 2273 5767 et
2306 5710 2533 5781 legimus
2559 5709 2702 5780 quod
2730 5708 2974 5765 conversi
3007 5715 3135 5763 sunt
3161 5705 3229 5761 ad
3254 5706 3445 5771 Deum,
3480 5712 3537 5759 et
3565 5702 3790 5759 dimissa

2215 5798 2419 5857 fuerint
2443 5801 2523 5856 eis
2552 5806 2791 5869 peccata.
2825 5796 3027 5853 Deinde
3055 5794 3419 5865 interrogandi
3449 5800 3581 5850 sunt
3609 5799 3672 5847 ut
3694 5804 3788 5847 ex-
