4062 6332
284 354 433 421 1393

1521 355 1901 415 OPUSCULA.
1943 359 2185 415 OPUSC.
2225 358 2264 412 Ι.

3403 361 3543 421 1394

281 484 492 546 ponant
517 473 784 546 quomodo
819 473 1116 545 intelligant
1141 473 1338 526 dictum
1364 486 1396 524 a
1428 471 1654 527 Domino
1685 488 1700 526 :
1733 471 1862 537 Qui-
1889 479 1936 538 Α
1966 483 2154 528 sancto
2175 471 2358 528 omnia
2386 471 2746 526 continentur.
2804 469 2939 526 Item
2973 472 3042 527 ad
3069 471 3378 533 Corinthios
3410 479 3544 535 dicit

283 586 490 639 cunque
519 570 572 622 in
604 567 804 637 Spiritu
833 576 1010 620 sancto
1036 565 1350 637 peccaverit,
1373 582 1475 619 non
1498 566 1786 619 remittetur
1814 566 1862 619 ei

284 675 452 728 neque
475 659 527 712 in
544 657 841 712 hocsa'culo
857 674 1017 728 neque
1048 658 1101 710 in
1128 657 1326 721 futuro.
1371 655 1428 710 Si
1460 658 1602 711 Deus
1625 672 1730 711 non
1756 665 1859 722 est,

282 766 458 820 quare
486 760 593 805 tam
617 752 796 820 gravis
821 749 935 818 ejus
947 748 1150 803 oll‘ensa
1169 748 1440 802 aDomino
1464 764 1582 803 esse
1616 748 1862 802 dicatur?

359 841 558 894 lterum
587 839 949 910 interrogandi
985 847 1113 893 sunt
1139 838 1185 892 si
1213 837 1412 892 fuerint
1439 838 1531 892 lilii
1559 838 1723 892 lsrael
1743 853 1864 892 con-

283 939 530 986 tumaces
572 931 700 996 Deo,
745 946 812 984 an
858 945 983 985 non.
1037 928 1170 983 Cum
1209 944 1316 983 non
1356 929 1690 1000 negaverint,
1736 929 1863 998 quia

282 1039 388 1078 nec
423 1033 685 1093 possunt,
727 1023 1014 1078 dicendum
1048 1028 1132 1076 est
1167 1022 1248 1077 eis
1294 1022 1560 1092 quomodo
1597 1021 1865 1091 accipiant

283 1115 416 1169 illud
438 1116 579 1186 quod
599 1116 787 1170 beatus
811 1113 1114 1184 Stephanus
1133 1113 1333 1169 iudicis
1359 1114 1766 1184 exprobraverit
1790 1112 1866 1167 di-

280 1219 416 1260 cens
442 1224 454 1257 :
489 1205 593 1260 Vos
627 1222 826 1277 semper
853 1205 1089 1258 resistitis
1116 1203 1337 1275 Spiritui
1367 1214 1570 1268 sancto,
1593 1214 1641 1257 et
1664 1220 1866 1274 semper

280 1296 332 1348 ei
383 1305 709 1348 contumaces
751 1295 958 1362 fuistis,
1008 1295 1141 1347 sicut
1188 1304 1235 1347 et
1277 1304 1451 1364 patres
1494 1294 1670 1348 vestri.
1723 1293 1864 1350 Audi

279 1386 446 1439 etiam
487 1386 554 1439 ad
592 1385 1128 1450 Thessalonicenses,
1167 1385 1260 1440 ubi
1311 1384 1572 1456 Spiritum
1617 1395 1863 1442 sanctum

277 1488 333 1528 et
377 1475 544 1544 priori
583 1474 700 1529 loco
739 1475 888 1544 ponit
911 1485 964 1528 et
996 1475 1281 1529 Dominum
1322 1484 1593 1546 nuncupat
1627 1478 1811 1534 dicens
1845 1494 1859 1533 :

283 1566 539 1621 Dominus
568 1577 740 1620 autem
774 1567 966 1637 dirigat
993 1567 1154 1621 corda
1184 1577 1353 1622 vestra
1380 1569 1434 1622 in
1461 1570 1716 1624 charitate
1742 1571 1860 1639 Dei,

277 1668 328 1712 et
367 1661 617 1730 patientia
647 1658 860 1713 Christi.
905 1659 1200 1730 Diligenter
1227 1662 1447 1716 adverte
1478 1663 1601 1732 quia
1633 1664 1720 1721 hic
1744 1663 1864 1734 Spi-

280 1750 420 1804 ritus
463 1758 680 1804 sanctus
713 1759 901 1803 oratur
937 1758 995 1804 ut
1026 1750 1187 1806 corda
1218 1751 1550 1807 credentium
1581 1752 1778 1825 dirigat
1809 1756 1862 1810 in

280 1841 550 1896 eharitate
575 1839 670 1894 Dei
690 1848 745 1896 et
773 1841 824 1894 in
851 1841 1110 1911 patientia
1138 1840 1361 1897 Christi.

353 1931 719 2002 lnterrogandi
743 1940 867 1986 sunt
886 1932 1048 1987 etiam
1067 1933 1198 2003 quid
1216 1933 1388 2003 majus
1409 1935 1499 2001 sit,
1522 1944 1700 1991 utrum
1715 1939 1858 2006 ctnli,

280 2039 351 2078 an
375 2024 602 2079 virtutes
621 2024 901 2080 caelorum.
938 2023 1150 2080 Etcqu
1175 2025 1291 2080 sine
1315 2027 1474 2081 dubio
1501 2027 1736 2084 dixerint
1753 2031 1864 2084 vir-

281 2124 425 2172 tutes
453 2117 735 2184 cmlorum,
764 2117 1048 2173 dicendum
1089 2126 1172 2173 est
1207 2119 1323 2174 eis:
1350 2120 1409 2174 ln
1447 2129 1660 2176 tantum
1699 2122 1864 2192 Spiri-

281 2217 372 2263 tus
395 2216 614 2265 sanctus
638 2211 812 2266 minor
832 2227 938 2265 non
960 2220 1062 2278 est,
1087 2211 1180 2266 sed
1203 2228 1446 2268 summus
1471 2223 1572 2279 est,
1602 2226 1662 2269 ut
1684 2217 1862 2272 Verbo

280 2300 493 2356 Domini
519 2300 770 2356 dicantnr
793 2301 914 2357 (ξωιί
945 2303 1147 2368 creati;
1186 2290 1608 2372 Spiritu'sancto
1635 2306 1862 2363 virtutes

280 2391 562 2446 caelorum.
606 2392 804 2462 Accipe
833 2394 1008 2449 adhuc
1035 2395 1126 2449 ubi
1147 2405 1363 2452 creator
1386 2398 1664 2452 evidenter
1693 2397 1864 2469 Spiri-

281 2491 372 2538 tus
406 2493 626 2538 sanctus
661 2485 1006 2539 describitur.
1056 2483 1158 2541 Job
1201 2487 1370 2540 dicit:
1399 2489 1629 2556 Spiritus
1656 2489 1862 2545 divinus

279 2575 370 2645 qui
417 2574 535 2645 fecit
575 2591 676 2629 me.
718 2575 787 2630 Et
833 2575 1075 2630 divinum
1113 2577 1298 2646 utique
1331 2585 1386 2632 et
1417 2583 1719 2633 creato‘ret‘n
1755 2595 1862 2634 uno

283 2665 547 2721 versiculo
599 2665 1006 2732 demonstravit,
1056 2683 1179 2722 cum
1236 2668 1475 2723 divinum
1527 2669 1758 2739 appellat
1807 2678 1865 2725 et

283 2756 452 2810 Deum
505 2765 805 2812 creatorem
853 2759 1122 2825 ostendit;
1177 2760 1318 2814 sicut
1365 2771 1419 2815 et
1469 2761 1636 2816 David
1684 2762 1860 2816 dicit:

283 2843 478 2900 Emitte
499 2845 756 2918 Spiritum
775 2855 946 2915 tuum,
967 2857 1015 2902 et
1042 2850 1379 2910 creabuntur.
1407 2860 1454 2905 et
1490 2853 1757 2907 renovabis
1776 2853 1864 2923 [α-

283 2939 412 2992 ciem
442 2948 616 2994 terrte.

353 3031 716 3102 lnterrogandi
762 3033 925 3088 etiam
965 3040 1090 3088 sunt
1136 3034 1182 3089 si
1221 3045 1470 3090 creatura
1508 3037 1707 3108 ubique
1744 3054 1866 3095 esse

283 3131 460 3192 potest
487 3139 710 3178 annon.
774 3124 842 3178 Et
877 3139 1001 3180 cum
1041 3125 1419 3196 responderint
1449 3127 1574 3196 quia
1607 3143 1713 3182 non
1748 3129 1868 3183 ubi-

1965 565 2108 619 idem
2145 562 2416 634 apostolus
2445 581 2457 616 :
2501 561 2640 615 Deus
2677 562 2767 632 qui
2800 562 3044 632 prtedixit
3076 564 3131 618 in
3167 566 3406 621 cordibus
3448 585 3542 622 no-

1963 655 2086 709 stris
2117 654 2185 708 ad
2225 653 2658 707 illuminationem
2683 651 2912 705 scientiw
2941 650 3196 708 claritatis
3231 653 3330 708 Dei
3366 656 3420 710 in
3459 656 3542 727 fa-

1964 747 2092 799 ciem
2123 743 2252 797 Jesu
2283 741 2496 798 Christi.
2538 742 2654 809 Quo
2684 742 2800 797 loco
2837 741 3274 800 manifestissime
3303 744 3544 802 Trinitas

1963 836 2298 903 intelligitur.
2350 836 2406 889 lu
2445 850 2510 890 eo
2544 850 2673 889 vero
2711 833 2800 888 ubi
2841 833 2972 889 dicit
3009 835 3064 887 in
3108 834 3298 904 [aciem
3345 832 3543 891 Christi

1961 924 2112 992 Iesu,
2139 925 2305 982 Filius
2326 927 2654 998 designatur.

2031 1019 2171 1076 Audi
2193 1021 2368 1076 adhuc
2389 1022 2513 1092 quia
2534 1021 2771 1076 Trinitas
2799 1021 2856 1076 in
2885 1021 3092 1078 unitate
3114 1030 3317 1088 manet,
3347 1031 3404 1078 et
3429 1024 3549 1078 uni-

1963 1118 2049 1167 tas
2079 1111 2132 1166 in
2164 1112 2449 1178 Trinitate,
2484 1112 2797 1183 angelorum
2829 1119 2884 1167 et
2905 1111 3350 1185 archangelum")
3383 1128 3545 1168 voces

1963 1205 2236 1260 declarant
2269 1206 2323 1260 in
2361 1205 2516 1271 Isaia,
2554 1206 2644 1260 ubi
2679 1205 2949 1276 seraphim
2992 1205 3252 1275 hymnum
3289 1204 3546 1260 scribitur

1963 1298 2163 1363 dicere,
2205 1296 2454 1362 Sanctus,
2485 1306 2716 1356 sanctus.
2746 1305 2958 1350 sanctus
2992 1296 3247 1350 Dominus
3271 1295 3412 1350 Deus
3443 1295 3548 1351 Sa-

1964 1389 2140 1454 baoth,
2183 1388 2235 1442 id
2270 1396 2372 1453 est,
2413 1396 2473 1442 ut
2519 1398 2630 1444 tres
2669 1404 2926 1458 personas
2959 1397 3014 1443 et
3048 1403 3214 1442 unum
3249 1388 3416 1442 Deum
3457 1387 3543 1442 in-

1964 1478 2193 1550 telligas.
2231 1475 2348 1532 Non
2387 1477 2555 1533 semel
2593 1478 2816 1544 dicunt,
2854 1493 2922 1533 ne
2956 1478 3386 1547 singularitatem
3427 1494 3547 1532 cre-

1963 1569 2090 1636 das;
2136 1586 2245 1626 non
2300 1569 2612 1641 singillatim
2639 1611 2653 1636 ,
2705 1586 2773 1625 ne
2810 1579 3058 1625 sanctum
3104 1565 3396 1634 excludas;
3435 1586 3547 1623 non

1962 1661 2132 1716 sancti
2167 1662 2366 1716 domini
2401 1662 2476 1715 dii
2512 1660 2820 1723 Sabaothes,
2854 1677 2922 1716 ne
2951 1670 3061 1717 tres
3089 1662 3218 1716 deos
3245 1675 3393 1715 more
3418 1675 3548 1732 gen-

1963 1753 2136 1807 tilium
2163 1753 2414 1819 fatearis;
2452 1753 2545 1807 sed
2575 1753 2759 1806 dicunt
2789 1750 3038 1818 Sanctus,
3073 1763 3306 1818 sanctus,
3333 1761 3544 1806 sanctus

1888 1858 1934 1917 Β
1961 1843 2219 1899 Dominus
2256 1844 2395 1899 Deus
2435 1843 2689 1909 Sabaoth,
2730 1851 2788 1897 ut
2823 1842 3061 1898 Trinitas
3096 1844 3237 1898 Deus
3275 1844 3543 1908 laudetur,

1964 1937 2057 2006 qui
2099 1947 2183 1992 est
2218 1935 2376 1991 Pater
2413 1945 2468 1991 et
2509 1935 2678 1992 Filius
2715 1945 2770 1992 et
2807 1936 3042 2008 Spiritus
3083 1945 3321 1992 sanctus.
3375 1934 3546 2002 Quem

1963 2030 2128 2084 etiam
2168 2028 2339 2084 Deum
2378 2045 2498 2085 esse
2537 2045 2604 2084 ex
2637 2030 3011 2100 operationum
3052 2029 3357 2099 inqualitate
3391 2069 3404 2093 ,
3454 2029 3547 2096 qui

1961 2121 2148 2178 oculos
2173 2123 2354 2177 cordis
2387 2137 2548 2178 sanos
2581 2120 2764 2188 habet,
2801 2120 2958 2177 facile
2989 2121 3191 2199 poterit
3225 2120 3546 2191 approbare,

1963 2215 2103 2270 sicut
2146 2215 2200 2268 in
2240 2215 2590 2284 sequentibus
2628 2213 3135 2269 demonstrabimus.
3189 2211 3341 2267 Sicut
3375 2210 3549 2265 salvat

1962 2305 2144 2372 Pater,
2187 2307 2260 2360 ita
2305 2316 2361 2361 et
2402 2304 2569 2361 Filius
2605 2312 2660 2360 et
2707 2303 2939 2376 Spiritus
2974 2311 3212 2359 sanctus.
3272 2301 3346 2355 De
3385 2299 3548 2353 Patre

1964 2397 2126 2454 Salva
2165 2417 2260 2454 nos
2288 2399 2486 2453 dicitur
2519 2407 2568 2453 et
2602 2414 2856 2468 cougrega
2896 2413 2989 2450 nos
3019 2395 3083 2450 de
3109 2393 3426 2449 nationibus.
3471 2391 3549 2446 De

1961 2490 2138 2546 Filio:
2178 2491 2322 2546 Venit
2353 2492 2497 2562 ﬁlius
2533 2493 2758 2546 hominis
2787 2490 2987 2546 salvum
3018 2491 3189 2561 facere
3222 2487 3360 2560 quod
3388 2488 3551 2558 perie-

1963 2592 2062 2636 rat.
2096 2583 2162 2636 Et
2183 2583 2312 2638 alibi
2338 2601 2351 2636 :
2376 2582 2497 2653 Ipse
2517 2583 2653 2637 enim
2673 2581 2874 2636 salvum
2894 2581 3051 2650 faciet
3073 2578 3318 2651 populum
3339 2593 3491 2632 suum
3515 2593 3549 2630 a

1960 2673 2184 2744 peccatis
2212 2689 2412 2728 eorum.
2452 2672 2528 2728 De
2557 2671 2760 2742 Spiritu
2791 2679 2976 2726 sancto
3015 2671 3082 2724 ad
3109 2669 3289 2724 Titum
3315 2687 3328 2722 :
3357 2667 3548 2724 Salvos

1963 2781 2057 2819 nos
2107 2766 2236 2835 facit
2274 2782 2367 2835 per
2403 2764 2673 2818 lavacrum
2712 2761 3114 2834 regenerationis
3153 2759 3382 2830 Spiritus
3420 2775 3550 2812 san-

1963 2855 2053 2908 cti.
2097 2853 2248 2909 Sicut
2273 2853 2544 2910 confortat
2573 2854 2756 2918 Pater,
2787 2854 2862 2906 ita
2895 2861 2948 2906 et
2977 2850 3166 2915 Filius,
3195 2850 3267 2904 ita
3298 2859 3351 2904 et
3386 2848 3551 2918 Spiri-

1965 2954 2053 3002 tus
2087 2956 2329 3002 sanctus.
2370 2947 2446 3000 De
2480 2946 2640 3000 Patre
2669 2943 2977 3014 :Confortat
3015 2959 3096 2996 me
3131 2943 3270 2996 Deus
3307 2942 3545 2995 deorum.

1964 3039 2040 3094 De
2064 3039 2199 3094 Filio
2222 3039 2544 3109 Apostolus:
2573 3035 2780 3090 Gratias
2801 3053 2898 3106 ago
2920 3035 3143 3089 Domino
3165 3033 3292 3089 Jesu
3315 3031 3548 3099 Christo,

1963 3133 2052 3204 qui
2073 3149 2153 3187 me
2173 3132 2508 3201 confortavit,
2539 3139 2585 3184 et
2615 3129 2820 3199 ﬁdelem
2847 3145 2927 3182 me
2953 3127 3285 3183 existimavit.
3323 3127 3399 3180 De
3429 3124 3549 3196 Spi-

282 3231 410 3306 gue,
452 3217 592 3272 sicut
627 3225 682 3273 et
721 3233 908 3273 verum
948 3227 1052 3285 est,
1096 3220 1380 3275 dicendum
1405 3239 1416 3274 :
1441 3219 1661 3290 Absque
1704 3222 1866 3278 dubio
1892 3243 1937 3306 ο
1971 3227 2078 3283 ritu
2120 3233 2308 3282 sancto
2351 3225 2403 3279 iu
2448 3223 2735 3294 Evangelio
2764 3241 2776 3276 :
2801 3219 2946 3276 Puer
2989 3231 3164 3276 autem
3205 3218 3464 3274 crescebat
3501 3227 3550 3272 et

284 3304 516 3375 Spiritus
541 3315 763 3363 sanctus
787 3309 928 3365 Deus
947 3318 1050 3376 est,
1077 3321 1134 3365 et
1154 3325 1260 3366 non
1287 3321 1556 3378 creatura,
1586 3310 1709 3382 qnia
1748 3315 1864 3369 ubi-

283 3413 389 3467 que
422 3412 541 3452 esse
570 3399 928 3455 describitur:
955 3401 1022 3455 de
1056 3417 1184 3471 quo,
1223 3403 1363 3457 sicut
1385 3402 1500 3470 jam
1528 3403 1731 3458 dictum
1759 3413 1861 3469 est,

281 3491 551 3562 Propheta
593 3494 1039 3562 omnipotentiam
1080 3495 1198 3564 ejus
1247 3503 1492 3549 metuens
1535 3495 1660 3550 dicit
1697 3515 1710 3550 :
1748 3496 1864 3563 Quo

281 3585 366 3640 ibo
387 3604 420 3640 a
450 3584 654 3657 Spiritu
679 3596 788 3652 tuo,
817 3595 865 3640 et
891 3604 922 3640 a
946 3586 1084 3657 facie
1110 3596 1203 3641 tua
1222 3604 1324 3658 quo
1347 3587 1585 3657 fugiam?
1621 3587 1866 3659 Agnosce

282 3694 414 3749 ergo
442 3678 647 3734 nullum
676 3693 795 3734 esse
823 3679 998 3734 locum
1027 3679 1119 3735 ubi
1144 3695 1254 3735 non
1283 3679 1672 3750 omnipotentia
1694 3680 1867 3751 Spiri-

284 3779 370 3826 tus
395 3772 567 3827 sancti
591 3787 829 3842 praesens
849 3787 970 3827 esse
991 3773 1270 3842 probetur.

351 3863 483 3920 ltem
514 3865 881 3936 interrogandi
903 3873 1082 3920 utrum
1109 3867 1280 3936 possit
1308 3866 1447 3922 alius
1474 3876 1671 3937 praeter
1692 3868 1860 3922 Deum

282 3965 502 4024 peccata
528 3957 818 4012 dimittere.
869 3957 938 4012 Et
967 3972 1090 4012 cum
1121 3958 1500 4029 responderint
1530 3959 1652 4030 quia
1684 3959 1864 4016 nullus

283 4049 385 4102 nisi
430 4047 589 4116 Deus,
639 4049 764 4120 quia
797 4049 1058 4120 scriptum
1093 4058 1196 4116 est,
1241 4049 1411 4105 Nemo
1450 4061 1614 4122 potest
1649 4062 1862 4122 peccata

283 4139 562 4205 dimittere,
591 4141 692 4194 nisi
711 4140 853 4196 solus
877 4141 1040 4208 Deus,
1060 4143 1342 4198 dicendum
1364 4151 1447 4197 est
1469 4143 1549 4198 eis
1572 4162 1584 4196 :
1614 4142 1742 4199 Sine
1767 4145 1864 4199 du-

283 4228 372 4284 bio
398 4229 632 4300 Spiritus
660 4241 880 4289 sanctus
903 4234 1044 4288 Deus
1071 4241 1185 4300 est,
1219 4235 1310 4303 qui
1337 4235 1707 4290 remissionem
1733 4251 1860 4306 pec-

283 4332 528 4377 catorum
558 4324 805 4380 conferre
831 4326 1183 4397 dignoscitur,
1220 4328 1360 4382 sicut
1397 4328 1654 4384 Dominus
1689 4329 1859 4384 dicit:

284 4412 515 4484 Accipite
562 4414 816 4486 Spiritum
858 4425 1097 4470 sanctum
1121 4433 1140 4473 :
1163 4434 1386 4488 quorum
1423 4419 1722 4472 remiseritis
1747 4435 1866 4490 pec-

284 4516 404 4561 cata
434 4510 766 4563 remittuntur
787 4511 880 4565 eis.
926 4509 1029 4578 Qui
1057 4513 1220 4566 etiam
1247 4512 1301 4566 iu
1327 4511 1594 4582 baptismo
1616 4527 1736 4566 cum
1767 4512 1864 4567 Pa-

1968 3317 2367 3386 confortabatur
2392 3314 2576 3385 plenus
2607 3312 2807 3384 Spiritu
2831 3322 3033 3367 sancto.
3091 3310 3340 3367 Vivilicat
3368 3307 3548 3374 Pater,

1969 3406 2045 3460 ita
2074 3415 2129 3461 et
2152 3405 2338 3469 Filius,
2375 3404 2447 3458 ita
2487 3412 2542 3458 et
2581 3402 2815 3473 Spiritus
2843 3411 3080 3457 sanctus.
3128 3400 3187 3454 ln
3217 3399 3546 3470 Evangelio:

1969 3493 2115 3550 Sicut
2158 3495 2322 3549 Pater
2361 3495 2576 3548 suscitat
2612 3501 2842 3546 mortuos
2884 3501 2933 3546 et
2973 3489 3216 3560 viviﬁcat,
3256 3491 3330 3543 ita
3375 3487 3550 3545 Filius

1963 3606 2094 3662 quos
2127 3587 2232 3642 vult
2269 3585 2514 3657 viviﬁcat.
2550 3584 2626 3639 De
2651 3583 2856 3656 Spiritu
2883 3591 3072 3637 sancto
3099 3580 3154 3634 in
3177 3579 3419 3651 Epistola
3446 3581 3547 3636 Pe-

1970 3682 2040 3737 tri
2092 3680 2366 3751 apostoli:
2405 3677 2753 3748 Mortiﬁcatos
2803 3692 3000 3740 carne,
3047 3674 3328 3744 vivificatos
3375 3686 3548 3730 autem

1968 3772 2187 3845 Spiritu.
2245 3771 2311 3828 Et
2340 3770 2539 3827 Paulus
2571 3767 2845 3842 apostolus
2872 3785 2884 3822 :
2911 3766 3130 3832 Littera,
3178 3765 3372 3835 inquit,
3399 3767 3551 3820 .occi-

1965 3868 2062 3931 dit,
2090 3865 2316 3938 Spiritus
2341 3877 2514 3919 autem
2542 3863 2787 3932 vivi/icat.
2838 3861 2904 3915 Et
2932 3859 2987 3914 in
3014 3858 3304 3928 Evangelia
3330 3876 3342 3912 :
3371 3857 3548 3928 Spiri-

1965 3969 2051 4014 tus
2087 3969 2160 4013 est
2195 3960 2284 4030 qui
2331 3956 2576 4027 vivi/ient.
2645 3954 2787 4009 Nam
2827 3969 2951 4008 caro
2995 3969 3102 4007 non
3148 3952 3356 4023 prodest
3396 3951 3549 4022 quid-

1965 4069 2142 4124 quam.
2186 4050 2339 4106 Sieut
2363 4051 2558 4104 liberat
2590 4047 2769 4113 Pater,
2798 4047 2870 4101 ita
2902 4044 3092 4110 Filius,
3126 4043 3198 4097 ita
3229 4051 3285 4098 et
3314 4043 3549 4114 Spiritus

1966 4153 2204 4198 sanctus.
2265 4141 2342 4197 De
2382 4141 2542 4196 Patre
2569 4158 2582 4195 :
2609 4139 2749 4193 Deus
2791 4136 3024 4192 excelsus
3069 4133 3319 4189 liberator
3365 4149 3546 4188 eorum

1963 4245 2060 4289 est.
2110 4236 2186 4290 De
2220 4233 2358 4289 Filio
2394 4233 2447 4287 in
2482 4230 2775 4304 Evangelio
2800 4246 2815 4284 :
2839 4227 2897 4284 Si
2920 4245 3005 4283 vos
3025 4225 3198 4280 Filius
3219 4225 3544 4289 liberaverit,

1965 4344 2079 4381 vere
2110 4327 2258 4380 liberi
2295 4326 2468 4390 eritis,
2507 4335 2556 4378 et
2588 4325 2780 4378 veritas
2813 4319 3052 4374 liberabit
3085 4335 3191 4372 vos.
3233 4317 3310 4371 De
3341 4315 3546 4386 Spiritu

1965 4427 2152 4472 sancto
2180 4436 2191 4470 :
2223 4416 2454 4488 Spiritus
2481 4417 2596 4470 vita:
2642 4417 2698 4470 in
2735 4413 2941 4468 Christo
2975 4411 3109 4486 Jest‘
3143 4410 3375 4465 liberavit
3407 4425 3486 4462 me
3511 4425 3546 4463 a

1965 4507 2073 4580 lege
2092 4509 2290 4580 peccati
2318 4517 2366 4561 et
2402 4507 2605 4561 mortis.
2662 4505 2836 4575 Elegit
2862 4503 3044 4569 Pater,
3070 4503 3144 4557 ita
3175 4511 3229 4558 et
3257 4501 3444 4566 Filius,
3471 4501 3547 4556 ita

286 4607 370 4652 tre
403 4606 460 4652 et
495 4598 634 4654 Filio
665 4601 954 4671 baptizatis
998 4604 1367 4658 remissionem
1401 4603 1588 4657 tribuit
1618 4611 1865 4674 peccato-
1890 4625 1943 4684 Β
1967 4610 2023 4658 et
2047 4600 2280 4672 Spiritus
2303 4609 2543 4657 sanctus.
2581 4599 2660 4654 De
2686 4599 2848 4653 Patre
2875 4597 3205 4669 Apostolus:
3232 4596 3546 4651 Benedictus

286 4707 426 4747 rum.
465 4689 605 4746 Audi
627 4692 789 4746 etiam
810 4695 953 4764 quod
973 4697 1040 4750 ad
1059 4694 1368 4753 Corinthios
1384 4697 1498 4769 jam
1522 4697 1725 4752 dictum
1744 4705 1828 4753 est
1849 4715 1862 4753 :

287 4781 492 4850 Gratia,
521 4785 717 4855 inquit,
753 4785 963 4841 Domini
991 4790 1157 4842 nostri
1177 4789 1305 4844 Iesu
1329 4789 1544 4855 Christi,
1567 4801 1615 4846 et
1637 4793 1866 4848 charitas

285 4882 334 4928 et
367 4875 767 4930 communicatio
797 4877 967 4930 sancti
1007 4875 1236 4948 Spiritus
1273 4896 1391 4933 cum
1426 4881 1663 4935 omnibus
1701 4881 1863 4936 vobis.

287 4966 388 5034 Qui
404 4967 449 5022 si
469 4983 576 5023 non
596 4977 738 5023 esset
760 4969 900 5024 Deus
924 4977 979 5026 et
998 4979 1248 5026 creatura
1269 4980 1432 5036 esset,
1457 4972 1598 5028 sicut
1617 4973 1868 5043 blasphe-

287 5069 437 5115 maut
470 5061 726 5124 bteretici,
765 5077 1038 5132 nunquam
1073 5063 1127 5118 in
1156 5063 1445 5134 baptismo,
1477 5062 1567 5118 ubi
1595 5063 1741 5119 salus
1768 5063 1868 5118 hu-

287 5157 432 5212 mani
459 5157 672 5228 generis
692 5157 888 5228 agitur,
914 5155 1060 5210 Patri
1089 5163 1145 5211 et
1163 5155 1300 5212 Filio
1322 5155 1686 5226 copularetur.

356 5250 488 5304 Nam
527 5251 671 5319 quod
699 5250 858 5306 unius
889 5251 1205 5306 substantias
1239 5250 1309 5305 sit
1340 5249 1504 5305 Pater
1529 5259 1585 5305 et
1616 5249 1785 5306 Filius
1813 5260 1869 5307 et

289 5345 523 5416 Spiritus
548 5352 768 5399 sanctus
792 5344 958 5399 lsaias
985 5346 1250 5414 propheta
1272 5345 1422 5411 dicit,
1453 5345 1594 5400 sicut
1614 5343 1728 5414 jam
1757 5361 1869 5402 me-

290 5437 791 5503 moravimus:Quis
815 5438 1055 5507 appendit
1079 5439 1242 5493 tribus
1265 5439 1442 5510 digitis
1463 5439 1651 5494 malent
1675 5450 1827 5495 terra:
1843 5441 1870 5494 ?

289 5527 405 5595 Quo
429 5528 544 5583 loco
569 5545 665 5598 per
685 5536 794 5584 tres
818 5530 1011 5600 digitos
1033 5530 1087 5584 in
1116 5531 1290 5586 tribus
1304 5532 1549 5601 personis
1562 5549 1722 5586 unam
1737 5533 1865 5587 sub-

290 5619 540 5674 stantiam
580 5635 699 5675 esse
733 5621 1028 5690 perdocuit.
1083 5622 1234 5686 Quod
1267 5622 1558 5692 Apostolus
1587 5626 1652 5678 de
1691 5624 1868 5679 Trini-

291 5718 402 5765 tate
429 5710 628 5764 dictum
658 5711 959 5782 intelligens
998 5712 1072 5766 ait
1097 5732 1109 5766 :
1137 5711 1222 5766 Ex
1252 5713 1363 5784 ipso
1401 5723 1449 5768 et
1489 5732 1582 5785 per
1612 5715 1781 5785 ipsum
1817 5724 1866 5768 et

293 5803 349 5858 in
366 5803 477 5878 ipso
495 5811 615 5858 sunt
633 5805 828 5862 omnia.
859 5805 1008 5865 idem
1039 5821 1108 5866 ex
1134 5804 1297 5864 Patre
1321 5815 1376 5865 et
1403 5807 1543 5864 Filio
1572 5817 1627 5866 et
1664 5809 1865 5879 Spiritu

1972 4695 2116 4750 Deus
2145 4705 2194 4750 et
2237 4693 2400 4750 Pater
2453 4693 2668 4749 Domini
2718 4691 2849 4746 Jesu
2893 4691 3108 4757 Christi,
3150 4691 3240 4762 qui
3267 4687 3418 4761 elegit
3451 4704 3545 4744 nos

1971 4797 2090 4842 ante
2114 4787 2295 4843 mundi
2316 4785 2755 4841 constitutionem.
2780 4783 2854 4838 De
2875 4782 3012 4838 Filio
3035 4800 3048 4836 :
3076 4781 3200 4837 Non
3225 4799 3312 4836 vos
3335 4798 3415 4835 me
3442 4779 3546 4834 ele-

1971 4882 2140 4952 gistis,
2161 4879 2251 4934 sed
2273 4895 2365 4949 ego
2385 4876 2514 4948 elegi
2542 4893 2647 4932 vos.
2689 4875 2763 4930 De
2793 4873 2996 4946 Spiritu
3019 4881 3210 4928 sancto
3235 4873 3289 4926 in
3319 4871 3545 4926 Actibus

1973 4973 2372 5044 apostolorum:
2395 4968 2528 5025 Cum
2555 4987 2675 5042 ergo
2693 4969 3026 5040 jejunassent
3052 4973 3100 5019 et
3128 4973 3381 5028 orassent,
3407 4963 3542 5016 dixit

1972 5071 2046 5123 eis
2077 5067 2303 5139 Spiritus
2339 5076 2591 5121 sanctus:
2643 5064 2924 5134 Segregate
2972 5060 3101 5114 mihi
3153 5058 3454 5113 Barnabam
3495 5067 3544 5112 et

1973 5159 2207 5213 Paulum
2231 5158 2301 5211 ad
2348 5175 2474 5228 opus
2503 5157 2570 5210 ad
2618 5154 2756 5225 quod
2792 5152 2921 5224 elegi
2965 5168 3072 5206 eos.
3098 5150 3322 5206 Creator
3349 5148 3548 5203 dicitur

1971 5249 2152 5315 Pater,
2187 5250 2257 5303 ita
2287 5247 2475 5314 Filius,
2506 5247 2578 5300 ita
2609 5245 2844 5315 Spiritus
2858 5251 3097 5298 sanctus.
3128 5241 3203 5296 De
3225 5241 3384 5294 Patre
3404 5239 3548 5308 Apo-

1968 5341 2172 5397 stolus:
2201 5339 2332 5406 Qua:
2357 5341 2422 5394 sit
2445 5338 2758 5393 sacramenti
2787 5335 3150 5407 dispensatioa
3171 5333 3303 5396 Deo,
3327 5332 3417 5404 qui
3437 5348 3548 5386 om-

1974 5433 2062 5486 nia
2085 5431 2298 5485 creavit.
2332 5432 2406 5485 De
2450 5428 2587 5482 Filio
2634 5427 2701 5480 ad
2731 5425 3080 5482 Colossenses
3106 5442 3120 5478 :
3170 5422 3308 5488 Quia
3337 5421 3402 5474 ab
3433 5422 3546 5491 ipso

1974 5534 2150 5577 creata
2187 5533 2307 5577 sunt
2340 5521 2600 5582 universa,
2629 5528 2676 5573 et
2709 5519 2884 5572 omnia
2904 5518 2957 5570 in
2979 5519 3089 5587 ipso
3119 5523 3378 5570 constant.
3401 5513 3467 5567 Et
3489 5514 3547 5570 iu

1973 5615 2294 5684 Evangelio:
2339 5611 2529 5666 Omnia
2559 5629 2650 5682 per
2681 5612 2848 5682 ipsum
2885 5611 3025 5680 facta
3052 5619 3192 5663 sunt.
3226 5607 3303 5662 De
3339 5605 3546 5676 Spiritu

1974 5709 2026 5763 in
2059 5707 2344 5761 Salomone
2371 5722 2384 5756 :
2418 5703 2483 5756 Et
2516 5702 2638 5756 vidit
2669 5711 2716 5755 et
2757 5702 3107 5756 dinumeravit
3145 5708 3192 5753 et
3230 5716 3437 5754 mensus
3465 5707 3545 5754 est

1972 5803 2168 5867 omnia,
2202 5800 2310 5870 ipse
2345 5796 2534 5854 creavit
2567 5812 2628 5853 ea
2659 5812 2752 5869 per
2789 5793 3049 5869 Spiritum
3096 5779 3377 5859 sanctum;
3411 5791 3546 5848 etin
