4062 6332
557 337 698 396 1599

1548 337 1606 392 S.
1645 330 2002 390 BENEDlCTl
2043 328 2331 387 ABBATIS
2368 333 2778 388 ANIANENSIS

3639 377 3644 379 -
3682 339 3823 395 μου

552 466 749 523 aquam
793 459 850 508 et
879 450 1058 523 ignem
1097 450 1271 506 sancti
1311 449 1546 520 Spiritus
1567 450 1766 505 oblatio
1814 450 1905 504 Dei
1931 458 2013 503 est
2047 447 2128 502 ef—
2156 443 2211 504 Α
2235 443 2352 500 Etsi
2383 465 2690 503 noveramus
2725 448 2992 504 Christum
3014 451 3301 507 secundum
3325 437 3564 520 carnem,
3589 456 3690 509 sed
3705 457 3832 526 jam

551 543 746 611 fectus,
800 543 1016 599 dicente
1037 542 1302 598 Domino:
1337 542 1398 598 Si
1423 543 1539 613 quis
1569 559 1672 596 non
1731 553 1944 596 renatus
1972 541 2130 611 fuerit

551 651 618 691 ea:
657 621 796 707 aqua
845 644 893 690 et
921 633 1124 705 Spiritu
1149 643 1352 700 sancto,
1401 650 1505 689 non
1557 633 1768 688 intrabit
1809 635 1863 688 in
1916 651 2130 704 regnum

552 725 822 782 calorum.
882 723 988 782 Sed
1037 726 1178 781 sicut
1207 740 1400 797 panem
1421 724 1534 795 jam
1561 727 1726 782 semel
1775 727 2055 782 decoctum
2084 728 2130 782 si

557 819 756 890 aliquis
779 820 1021 875 remittat
1064 820 1120 875 in
1151 835 1368 890 aquam,
1417 830 1472 876 et
1525 821 1687 876 vellet
1727 821 2130 877 recommisceri

553 921 609 969 et
652 929 911 986 coquere,
956 922 1012 970 et
1033 915 1283 986 perderet
1326 915 1611 984 pristinam
1647 916 1957 986 dignitatem
1983 924 2039 970 et
2076 915 2131 970 in

553 1004 890 1076 nigredinem
942 1013 1103 1062 terrae
1142 1015 1574 1072 converteretur,
1625 1007 1704 1062 sic
1755 1007 1881 1062 talis
1905 1006 2132 1062 edicitur

552 1097 857 1168 quicunque
909 1097 963 1152 in
1015 1113 1075 1153 se
1121 1098 1388 1168 permittit
1424 1099 1749 1170 baptismum
1805 1099 2011 1153 iterari.
2066 1099 2133 1154 Et

553 1187 674 1242 ideo
696 1188 857 1244 debet
883 1189 1251 1260 unusquisque
1270 1205 1441 1260 usque
1469 1191 1536 1245 ad
1553 1198 1780 1245 mortem
1802 1188 2131 1259 baptismum

552 1295 709 1334 suum
747 1281 858 1336 Deo
879 1280 1126 1351 adjutore
1173 1298 1412 1349 servare,
1465 1283 1509 1337 si
1538 1282 1649 1336 vult
1672 1282 1738 1336 ad
1770 1297 1934 1351 regna
1964 1280 2131 1336 creto-

552 1385 673 1423 rum
701 1370 935 1426 feliciter
961 1373 1266 1442 pervenire.
1314 1372 1450 1426 Nam
1484 1373 1789 1442 quicunque
1810 1387 1869 1426 se
1891 1371 2128 1442 rebapti-

551 1475 677 1516 zare
690 1463 977 1532 permittit,
999 1464 1112 1534 ipse
1133 1463 1534 1535 hlasphematin
1559 1463 1760 1534 Spiritu
1779 1473 1986 1529 sancto,
2002 1464 2130 1518 dum

550 1568 610 1607 se
635 1553 867 1624 denegat
905 1553 1273 1611 Christianum
1304 1565 1358 1611 et
1402 1571 1500 1626 per
1534 1570 1729 1625 aquam
1773 1571 1838 1610 ac
1867 1555 2129 1625 Spiritum

551 1653 799 1699 sanctum
826 1645 992 1702 fuisse
1009 1656 1275 1712 renatum,
1295 1655 1349 1702 et
1377 1661 1597 1702 necesse
1615 1656 1701 1702 est
1720 1657 1779 1701 ut
1795 1646 1939 1702 illam
1966 1664 2131 1718 quam

547 1737 972 1792 memoravimus
1005 1738 1216 1794 Domini
1257 1739 1577 1794 sententiain
1623 1740 2002 1796 comminantis
2033 1757 2130 1796 ex-

2235 557 2338 595 non
2363 542 2598 595 novimus
2623 558 2762 596 eum.
2827 541 2871 596 Ο
2897 545 3227 599 exsecranda
3255 545 3486 601 dualitas
3519 589 3535 612 ,
3588 562 3828 617 operosa

2231 632 2577 702 praesumptio
2619 648 2780 686 unam
2814 631 3026 688 Domini
3063 637 3234 690 nostri
3275 635 3402 691 Jesu
3438 635 3657 692 Christi
3704 654 3830 708 per-

2231 737 2418 778 sonam
2469 723 2774 778 dirimentis
2801 725 2856 779 in
2884 726 3037 792 duas,
3093 743 3216 782 cum
3269 730 3410 784 sicut
3438 731 3830 799 unusquisque

2231 823 2474 870 nostrum
2500 831 2567 871 ex
2597 817 2775 872 anima
2806 817 3053 875 rationali
3076 829 3307 877 etcarne
3331 837 3437 876 una
3469 822 3532 876 ﬁt
3557 837 3829 892 persona,

2231 908 2356 978 quia
2387 923 2526 964 unus
2551 917 2634 963 est
2664 910 2844 975 homo,
2902 914 2975 964 ita
3015 911 3156 966 Deus
3178 921 3234 967 et
3271 914 3432 968 homo
3456 929 3570 968 una
3597 914 3680 968 sit
3709 929 3830 983 per-

2232 1012 2386 1062 sona,
2417 1000 2542 1070 quia
2571 1016 2708 1056 unus
2731 1011 2814 1057 est
2839 1000 3108 1070 Christus,
3148 1019 3257 1059 non
3306 1006 3448 1061 duo!
3493 1005 3666 1061 Unde
3695 1007 3828 1060 hea-

2231 1098 2317 1144 tus
2338 1090 2549 1156 Petrus,
2579 1107 2702 1146 cum
2731 1093 3100 1148 sciscitaretur
3128 1095 3390 1152 Dominus
3434 1113 3466 1150 a
3531 1096 3831 1166 discipulis

2231 1185 2343 1240 suis
2371 1199 2532 1254 quem
2562 1200 2683 1242 esse
2715 1187 2959 1242 dicerent
2992 1189 3240 1244 homines
3267 1189 3434 1244 (ilium
3464 1191 3748 1254 hominis,
3776 1200 3832 1245 et

2233 1277 2322 1334 alii
2343 1285 2507 1347 atque
2543 1278 2636 1332 alii
2665 1278 2823 1334 aliter
2849 1288 3009 1348 atque
3036 1280 3194 1335 aliter
3217 1282 3483 1344 dicerent,
3536 1282 3832 1352 respondit

2232 1387 2371 1427 unus
2395 1387 2495 1443 pro
2517 1373 2768 1429 omnibus
2797 1387 2863 1426 ex
2888 1372 2982 1426 Dei
3013 1381 3067 1428 et
3090 1374 3325 1429 hominis
3367 1374 3687 1430 substantia
3711 1376 3832 1430 uni-

2233 1465 2362 1519 tatis
2397 1478 2684 1534 pcrsonam
2719 1464 3028 1521 confitendo
3079 1466 3264 1520 dicens
3295 1485 3308 1520 :
3366 1465 3443 1520 Tu
3489 1483 3546 1521 es
3577 1465 3832 1521 Christus

2235 1552 2406 1608 Filius
2438 1553 2534 1609 Dei
2571 1555 2689 1610 vivi.
2733 1555 3070 1611 Dominusde
3097 1555 3235 1612 Filio
3257 1558 3492 1612 hominis
3538 1559 3597 1612 id
3626 1559 3834 1614 estho-

2233 1645 2380 1702 mine
2403 1647 2722 1717 interrogat,
2748 1655 2803 1703 et
2827 1647 3018 1703 Petrus
3061 1649 3309 1707 eumdem
3351 1649 3553 1703 Filium
3595 1649 3699 1702 Dei
3725 1650 3834 1704 vivi

2234 1754 2365 1794 vera
2389 1739 2512 1795 fidei
2536 1742 2770 1810 puritate
2798 1739 3018 1796 fatetur.
3069 1740 3135 1795 Et
3158 1757 3189 1795 e
3211 1751 3401 1796 contra
3440 1739 3725 1796 Feliciani
3748 1743 3834 1797 in-

546 1828 902 1897 cipiatzQuia
920 1831 1548 1902 quiblasphemaveritin
1566 1831 1770 1903 Spiritu
1797 1843 2130 1898 sancto,non
2158 1803 2207 1864 Β
2234 1833 2381 1890 fandi
2437 1835 2747 1905 adoptivum
2797 1850 2921 1890 eum
2971 1843 3256 1890 veternare
3300 1835 3674 1899 contendunt,
3704 1851 3837 1890 cum

543 1920 593 1974 ei
621 1921 948 1987 remittetur,
980 1939 1154 1994 neque
1187 1924 1239 1979 in
1265 1925 1368 1979 hoc
1383 1923 1601 1984 saeculo.
1634 1940 1807 1995 neque
1835 1925 1888 1980 in
1922 1924 2123 1982 futuro.

1261 2086 1350 2160 Π

543 2199 915 2280 Disputatio
951 2203 1274 2296 Benedicti
1305 2203 1823 2297 Ieeitteadversus
1858 2207 2132 2270 Felicia-‘

1053 2303 1196 2343 nam
1230 2293 1627 2362 impietatem.

1060 2382 1220 2446 (Apud
1246 2381 1427 2445 Belum,
1454 2385 1600 2450 ibid.)

612 2485 671 2541 ln
700 2489 924 2545 exordio
938 2489 1217 2545 nubeculae
1232 2492 1666 2549 testimoniorum
1689 2495 1966 2552 catholica:
1979 2497 2124 2565 fidei,

544 2593 668 2633 cum
696 2581 956 2637 adversus
979 2583 1222 2639 infelices
1251 2584 1556 2642 Felicianos
1583 2590 1928 2646 exhortarem
1947 2592 2123 2646 divul-

542 2689 662 2729 sum
689 2676 965 2732 alumnum
982 2679 1211 2735 viriliter
1222 2683 1515 2747 contraire,
1550 2684 1728 2740 recolo
1759 2701 1844 2740 me
1859 2685 1928 2740 ab
1950 2687 2127 2742 Evan-

542 2767 684 2837 gelio
709 2767 934 2825 Joannis
954 2771 1252 2838 exordisse,
1280 2772 1582 2830 istiusmodi
1613 2784 1905 2833 attestante
1934 2797 1947 2833 :
1995 2777 2124 2833 Haec

543 2868 718 2913 autem
756 2861 951 2933 scripta
980 2873 1100 2918 sunt
1127 2873 1182 2918 ut
1208 2866 1432 2920 credatis
1453 2869 1575 2938 quia
1603 2867 1759 2924 Iesus
1783 2881 1858 2924 est
1884 2871 2123 2927 Christus

539 2949 714 3008 Filius
741 2953 859 3020 Dei,
897 2964 947 3009 et
983 2965 1040 3010 ut
1071 2956 1335 3012 credentes
1361 2959 1516 3013 vitam
1555 2961 1788 3016 habeatis
1831 2963 1887 3016 in
1917 2964 2123 3018 nomine

535 3044 720 3112 ipsius.
791 3045 883 3100 llle
921 3047 1141 3116 inquam
1171 3049 1262 3118 qui
1285 3051 1354 3104 ab
1383 3051 1576 3122 angelo
1611 3053 1892 3108 nuntiatus
1938 3064 2043 3120 est,
2067 3062 2124 3109 et

537 3148 734 3189 nomen
784 3135 858 3189 illi
910 3138 1221 3206 impositum
1252 3149 1336 3194 est
1362 3139 1538 3208 Jesus,
1572 3144 1854 3198 nuntiante
1892 3146 2122 3200 archan-

535 3225 658 3296 gelo
687 3226 884 3299 virgini
919 3247 932 3283 :
968 3227 1156 3286 Paries
1185 3230 1405 3297 Filium,
1457 3243 1507 3288 et
1537 3237 1744 3290 vocabis
1770 3253 1971 3292 momen
2005 3241 2121 3309 ejus

534 3312 738 3372 Iesum.
791 3318 889 3374 llic
935 3320 1117 3393 itaque
1163 3321 1323 3380 Jesus
1373 3334 1533 3381 natus
1587 3341 1654 3381 ex
1693 3327 1906 3397 virgine
1950 3331 2121 3387 Maria

532 3405 704 3464 Filius
726 3421 810 3466 est
832 3412 950 3478 Dei,
980 3414 1121 3470 sicut
1153 3424 1381 3472 testatur
1407 3418 1509 3473 iste
1535 3420 1892 3491 evangelista,
1919 3432 1979 3477 ut
2003 3439 2122 3480 om-

531 3517 630 3558 nes
651 3503 706 3559 in
737 3504 838 3561 hac
866 3505 970 3563 fide
1014 3507 1240 3567 fidentes
1285 3512 1452 3568 vitam
1481 3515 1690 3582 possint
1735 3517 1936 3572 habere
1964 3526 2122 3573 aeter-

530 3607 657 3648 nam
682 3594 736 3649 in
767 3599 983 3654 nomine
1012 3600 1202 3671 ipsius.
1260 3603 1366 3660 Sed
1415 3605 1543 3674 quid
1586 3606 1652 3660 ad
1679 3607 1792 3662 haec
1814 3608 2119 3677 pervicacia

531 3683 933 3745 Felicianorum
981 3691 1312 3749 infaustuum
1381 3698 1584 3765 poterit
1637 3699 1890 3755 mutilare
1924 3741 1938 3765 ,
1991 3700 2116 3756 dum

527 3777 633 3832 iste
681 3782 1013 3853 evangelista
1071 3785 1298 3842 dilectus
1320 3795 1375 3842 et
1408 3803 1438 3842 a
1470 3787 1581 3844 Deo
1611 3789 1816 3846 electus
1842 3792 1981 3848 hanc
2012 3793 2117 3849 sibi

526 3881 650 3924 esse
674 3873 1017 3929 occasionem
1040 3876 1311 3932 scribendi
1355 3878 1706 3950 Evangelium
1737 3881 1937 3936 dixerit
1989 3883 2118 3952 quia

525 3957 685 4018 Jesus
703 3973 788 4018 est
815 3964 1064 4022 Christus
1085 3966 1254 4024 Filius
1290 3969 1405 4033 Dei,
1440 3980 1578 4026 etut
1615 3972 1900 4028 credentes
1949 3974 2116 4029 vitam

528 4059 786 4107 aeternam
815 4055 1052 4110 habeant
1071 4057 1125 4112 in
1161 4059 1379 4115 nomine
1397 4061 1610 4131 ipsius?
1647 4062 1761 4118 Nisi
1788 4063 1928 4120 forte
1953 4075 2014 4120 ut
2039 4065 2118 4121 fa-

526 4149 748 4197 teantur
772 4159 831 4200 se
854 4161 1130 4214 nunquam
1165 4148 1448 4205 habituros
1475 4152 1638 4206 vitam
1665 4163 1946 4219 aeternam,
1987 4156 2115 4224 quia

525 4247 632 4288 non
663 4235 891 4290 credunt
936 4234 1135 4292 Filium
1153 4254 1276 4294 esse
1299 4239 1394 4294 Dei
1424 4239 1711 4297 Dominum
1751 4255 1997 4301 nostrum
2031 4245 2116 4303 Je-

522 4339 644 4380 sum
668 4325 944 4383 Christum
983 4345 1171 4384 verum
1216 4341 1270 4387 et
1293 4334 1602 4404 proprium,
1650 4337 1743 4392 sed
1775 4340 1959 4396 nescio
2005 4356 2113 4410 qua

522 4416 893 4476 demutatione
916 4422 1099 4478 ﬁctum
1120 4432 1177 4479 et
1204 4425 1533 4497 adoptivum.
1569 4429 1784 4487 Siccine
1809 4433 1996 4488 dicunt
2026 4451 2114 4491 as-

2235 1927 2494 1984 Dominus
2524 1928 2665 1983 hanc
2694 1925 2817 1982 fidei
2838 1925 3233 1982 confessionem
3261 1929 3536 1993 sanciens,
3562 1929 3641 1984 ob
3692 1929 3838 1984 hanc

2232 2019 2453 2074 Petrum
2484 2017 2895 2084 beatiﬁcaverit,
2930 2033 3095 2087 super
3119 2018 3261 2072 hanc
3311 2017 3622 2072 Ecclesiam
3676 2033 3837 2072 suam

2232 2111 2610 2166 stabiliendam
2657 2109 2975 2181 praedixerit
3010 2109 3240 2165 dicens:
3281 2109 3480 2164 Beatus
3531 2127 3588 2164 es
3649 2107 3840 2163 Simon

2229 2199 2486 2271 Barjona,
2519 2201 2645 2271 quia
2677 2216 2800 2254 caro
2833 2210 2881 2254 et
2913 2201 3129 2272 sanguis
3157 2217 3261 2254 non
3301 2200 3550 2255 reuelauit
3589 2201 3724 2264 tibi,
3747 2202 3838 2253 sed

2231 2290 2396 2346 Pater
2417 2309 2562 2346 meus
2589 2332 2602 2357 ,
2628 2293 2717 2362 qui
2745 2301 2820 2346 est
2859 2293 2913 2346 in
2942 2293 3103 2346 caelis.
3140 2291 3210 2345 Et
3251 2308 3343 2363 ego
3384 2291 3480 2345 tibi
3545 2293 3676 2345 dico
3711 2294 3839 2362 quia

2228 2395 2286 2439 tu
2329 2403 2382 2440 es
2411 2385 2624 2451 Petrus,
2658 2395 2706 2439 et
2749 2402 2904 2456 super
2946 2387 3082 2440 hanc
3133 2396 3334 2456 petram
3382 2386 3680 2455 wdiﬁcabo
3735 2386 3839 2440 Ec-

2229 2477 2442 2532 clesiam
2479 2494 2669 2544 meam,
2707 2487 2756 2531 et
2805 2487 2969 2548 portw
3010 2477 3166 2547 inferi
3194 2495 3296 2531 non
3317 2478 3698 2548 prtevalebunt
3746 2479 3838 2531 ad-

2227 2587 2404 2624 versus
2447 2585 2582 2623 eam.
2639 2567 2711 2624 Ut
2758 2583 2886 2640 ergo
2919 2568 3214 2624 secundum
3251 2568 3530 2624 Danielem
3589 2572 3838 2641 prophe-

2227 2673 2338 2719 tam
2362 2664 2876 2735 adducaturjustitia
2901 2665 3227 2734 sempiterna
3249 2672 3304 2718 et
3331 2674 3574 2735 ungatur
3599 2674 3835 2720 sanctus

2227 2765 2539 2812 sanctorum
2565 2756 2781 2827 impleta
2816 2757 2916 2811 hac
2941 2756 3246 2827 prophetia,
3282 2756 3387 2810 ista
3417 2765 3508 2811 est
3539 2773 3679 2811 vera
3707 2757 3834 2812 ﬁdei

2226 2860 2522 2922 praerogata
2547 2849 2815 2906 confessio
2844 2850 3014 2916 uncti,
3049 2850 3102 2904 id
3133 2857 3216 2905 est
3257 2849 3459 2905 Christi
3516 2849 3650 2905 Filii
3712 2851 3831 2918 Dei,

2225 2960 2332 2999 non
2360 2944 2618 3014 adoptivi,
2643 2944 2738 2998 sed
2765 2943 2969 3014 pr0prii
2996 2959 3011 3010 ;
3050 2942 3137 2998 cui
3178 2943 3398 3014 proprio
3423 2942 3568 2998 Filio
3589 2959 3709 2999 non
3738 2958 3832 3012 pe-

2225 3037 2398 3108 percit
2428 3036 2590 3092 Deus.

2299 3129 2509 3196 Quanta
2525 3144 2655 3198 ergo
2677 3129 2954 3184 temeritas
2967 3130 3161 3184 horum
3185 3129 3698 3200 antiphrasinorum
3718 3132 3828 3187 ha-

2227 3224 2540 3288 reticorum,
2568 3223 2818 3278 videlicet
2867 3223 3284 3290 Felicianorum,
3310 3225 3438 3295 quia
3486 3224 3824 3292 infelicium,

2223 3324 2413 3372 contra
2447 3323 2650 3370 tantam
2681 3315 3006 3371 soliditatem
3035 3331 3065 3370 a
3095 3317 3324 3372 Domino
3378 3319 3825 3374 commendatam

2223 3423 2550 3478 suorumque
2575 3407 2938 3478 apostolorum
2968 3408 3308 3479 dogmatibus
3327 3410 3675 3481 propalatam
3697 3427 3827 3480 por-

2221 3511 2307 3558 tas
2334 3501 2525 3556 mortis
2551 3515 2672 3555 sese
2701 3500 2948 3573 ingerere
2976 3500 3230 3556 Ecclesia
3269 3501 3364 3557 Dei
3387 3501 3688 3557 nitentium
3719 3518 3824 3559 nec

2219 3594 2625 3663 praevalentium
2656 3595 2669 3648 ι
2705 3594 2749 3650 Ο
2776 3609 2935 3650 θεων
2975 3595 3253 3650 temeritas
3301 3594 3602 3648 inferorum
3626 3605 3823 3665 porta-

2218 3704 2338 3742 rum
2362 3689 3026 3758 liarumperstrepentium
3065 3686 3292 3743 confuso
3321 3688 3558 3742 stridore
3611 3688 3818 3744 adver-

2218 3796 2310 3836 sus
2360 3781 2646 3837 Dominum
2707 3791 2761 3837 et
2787 3781 3046 3836 adversus
3093 3779 3365 3836 Christum
3413 3780 3572 3850 ejus!
3625 3779 3676 3836 0
3726 3797 3819 3836 ca-

2217 3879 2341 3933 nina
2393 3877 2561 3934 furies
2610 3877 2798 3933 rabido
2843 3893 2939 3932 ore
2977 3875 3253 3932 Christum
3289 3875 3483 3931 Filium
3537 3876 3638 3931 Dei
3702 3877 3816 3932 vivi

2217 3970 2538 4026 oblatrantis
2570 3970 2865 4025 secundum
2908 3969 3331 4040 assumptionem
3372 3985 3478 4024 non
3522 3985 3653 4025 esse
3684 3986 3815 4027 eum

2217 4061 2313 4118 Dei
2329 4062 2582 4116 virtutem
2610 4070 2666 4116 et
2687 4061 2781 4115 Dei
2797 4060 3120 4130 sapientiam
3135 4062 3468 4127 mentientis,
3483 4077 3611 4118 cum
3627 4063 3813 4133 ipsum

2215 4170 2410 4210 nomen
2437 4152 2638 4208 Christi
2666 4154 2959 4208 secundum
2983 4162 3336 4223 assumptum,
3387 4153 3435 4208 si
3479 4153 3563 4207 fas
3588 4163 3680 4208 est
3729 4154 3810 4208 di—

2215 4260 2356 4312 cere,
2413 4254 2604 4301 etnon
2649 4243 2945 4300 secundum
2986 4254 3368 4309 assumentem,
3413 4253 3495 4300 est
3545 4247 3804 4302 dictum!

2215 4341 2415 4397 Verum
2439 4338 2694 4409 quoniam
2721 4337 2972 4394 Christus
3000 4338 3068 4393 ab
3091 4339 3345 4393 unctione
3384 4348 3468 4393 est
3501 4339 3713 4404 dictus,
3750 4352 3807 4397 et

2212 4443 2408 4489 unctus
2432 4433 2486 4487 in
2518 4431 2884 4501 assumptione
2909 4438 3094 4486 nostro
3104 4430 3387 4501 participio
3411 4430 3463 4484 in
3483 4443 3806 4490 assumentc

521 4513 884 4611 smn-ptionem
917 4523 973 4571 et
1020 4517 1364 4587 adoptionem
1422 4537 1584 4577 unum
1633 4540 1784 4593 esse;
1825 4537 1880 4582 et
1925 4527 2111 4586 Jesum
2137 4551 2189 4611 ι)
2213 4528 2404 4594 verbo,
2433 4527 2573 4582 sicut
2609 4525 2871 4595 scriptum
2899 4533 2984 4580 est
3005 4537 3024 4576 :
3061 4522 3222 4578 Unxit
3257 4535 3307 4580 te
3341 4525 3481 4580 Deus
3516 4535 3644 4582 tutis
3688 4531 3804 4583 oleo
3830 4598 3844 4608 υ

519 4600 818 4670 Christum,
869 4607 1162 4662 secundum
1208 4611 1350 4679 quod
1379 4611 1540 4666 homo
1568 4623 1653 4668 est
1683 4657 1696 4679 ,
1756 4626 1978 4688 propter
2013 4637 2098 4677 as-

519 4695 882 4764 sumptionem
897 4696 1249 4756 humanitatis
1268 4717 1486 4759 necesse
1500 4704 1615 4760 fieri
1632 4707 1940 4778 ad0ptivum
1956 4728 2095 4781 esse,

516 4801 623 4841 non
650 4789 952 4859 proprium.
1011 4791 1079 4846 Et
1125 4794 1254 4862 quid
1290 4793 1451 4852 faciet
1499 4798 1686 4856 insana
1721 4802 1822 4857 ista
1844 4806 2098 4872 procacio

515 4879 775 4935 adversus
801 4881 967 4938 totius
983 4883 1173 4938 salutis
1195 4885 1650 4956 dispensationem
1676 4893 1747 4948 ita
1770 4897 2014 4965 garriens
2039 4907 2099 4955 ut
2124 4919 2126 4922 ν

512 4969 771 5027 virtutem
800 4973 893 5029 Dei
945 4975 1089 5032 dicat
1111 4993 1218 5034 non
1250 4994 1370 5034 esse
1397 4985 1670 5051 propriam
1695 4993 1750 5038 et
1775 4986 2096 5056 sapientiam

511 5059 631 5131 ejus
668 5073 878 5119 asserat
907 5066 1251 5137 adoptivam?
1296 5068 1431 5124 Nam
1469 5071 1745 5128 Christum
1775 5075 1958 5143 Deum,
1991 5079 2099 5135 vir-

510 5161 683 5209 tutem
706 5163 762 5210 et
785 5156 879 5212 Dei
900 5159 1219 5229 sapientiam
1235 5176 1355 5217 esse
1366 5162 1654 5234 Apostolus
1684 5169 1837 5224 testis
1859 5178 1971 5226 est:
1997 5169 2097 5228 Cui

512 5243 754 5316 (proprio
779 5246 937 5323 Filio)
966 5267 1069 5304 non
1089 5253 1314 5322 pepercit
1341 5253 1502 5320 Deus,
1553 5258 1644 5312 sed
1667 5276 1763 5328 pro
1791 5261 1937 5317 nobis
1984 5281 2095 5318 om-

510 5337 666 5393 nibus
700 5340 920 5395 tradidit
968 5341 1138 5398 illum.
1185 5343 1524 5404 lnticiatores
1572 5358 1750 5405 tamen
1790 5361 1954 5408 tanta:
2004 5370 2096 5410 ve-

510 5429 662 5487 ritati
698 5433 932 5504 pellaces
983 5449 1047 5489 ac
1090 5445 1282 5492 contra
1311 5449 1547 5495 econtra
1586 5443 1771 5498 aiunt:
1820 5442 2088 5502 Virtutem

507 5521 606 5580 Dei
637 5534 692 5581 et
719 5529 1039 5600 sapientiam
1068 5529 1360 5602 Apostolus
1385 5535 1659 5593 Christum
1690 5543 1984 5597 secundum
2007 5559 2089 5600 as-

510 5629 834 5687 sumentem,
892 5629 948 5676 et
974 5638 1078 5677 non
1111 5627 1402 5680 secundum
1433 5639 1764 5699 assumptum
1795 5674 1809 5698 ,
1848 5651 2086 5705 pronun-

2202 4621 2398 4682 lmitia:
2419 4633 2528 4689 prae
2557 4615 2897 4687 participibus
2924 4617 3048 4669 tuis.
3085 4613 3204 4669 Prae
3244 4616 3603 4687 participibus
3630 4618 3803 4688 igitur

2201 4714 2540 4776 Christicolis
2565 4753 2580 4778 ,
2626 4710 2834 4766 scilicet
2888 4710 3117 4774 cunctis,
3149 4717 3344 4764 unctus
3370 4719 3455 4764 est
3512 4708 3796 4775 Christus,

2203 4810 2257 4864 in
2302 4823 2409 4878 quo
2451 4812 2538 4860 est
2593 4817 2780 4858 eorum
2834 4801 3104 4872 particeps
3145 4799 3308 4854 homo
3355 4799 3594 4854 Verbum
3665 4818 3800 4856 caro

2203 4903 2436 4959 factum:
2489 4899 2615 4971 quis
2661 4897 2805 4968 quod
2837 4897 2913 4951 illi
2965 4895 3255 4966 adoptione
3299 4905 3629 4965 acceperunt
3671 4897 3795 4952 Filii

2201 5012 2319 5053 esse
2335 4995 2427 5050 Dei
2452 4991 2883 5049 Christianitatis
2911 4991 3135 5044 obtentu
3163 4989 3476 5045 chrismatis
3507 4992 3790 5057 unctione,

2201 5087 2255 5142 id
2277 5085 2530 5142 Christus
2579 5083 2820 5153 possidet
2874 5082 3208 5153 proprietate
3235 5081 3482 5146 virtutis;
3510 5083 3794 5138 nihilomi-

2199 5192 2300 5231 nus
2350 5184 2410 5230 ut
2461 5175 2532 5230 sit
2583 5173 2834 5245 proprius
2860 5173 2954 5228 Dei
2978 5173 3285 5245 unigenitus
3310 5172 3513 5238 Filius,
3565 5173 3634 5228 de
3664 5173 3793 5242 Spi-

2196 5267 2304 5321 ritu
2334 5273 2525 5321 sancto
2547 5279 2613 5320 ex
2648 5263 2815 5318 Maria
2850 5264 3057 5335 virgine
3111 5265 3422 5330 theotocon,
3455 5265 3508 5318 id
3554 5273 3644 5318 est
3687 5263 3788 5318 Dei

2196 5359 2458 5432 genitrice
2496 5358 2711 5428 virgine
2739 5365 3030 5426 conceptus
3079 5366 3134 5410 et
3184 5366 3366 5422 natus,
3391 5373 3496 5412 non
3523 5357 3651 5422 duo,
3690 5355 3785 5411 sed

2193 5469 2369 5508 unus:
2403 5452 2529 5522 quia
2557 5465 2667 5506 non
2720 5450 2828 5504 duo
2868 5457 2995 5503 sunt
3030 5446 3170 5514 Filii,
3208 5464 3348 5504 unus
3401 5448 3679 5519 praprius,
3725 5456 3783 5502 et

2193 5545 2330 5600 alter
2367 5545 2669 5614 adoptivus,
2723 5542 2816 5597 sed
2844 5557 2985 5595 unus
3007 5541 3147 5595 idem
3167 5541 3418 5610 proprius
3467 5540 3782 5610 unigenitus

2193 5639 2287 5693 Dei
2313 5637 2497 5692 Filius.
2537 5635 2737 5690 Etideo
2771 5633 3143 5704 aitApostolus
3170 5634 3387 5703 proprio
3410 5631 3545 5687 Filio
3561 5648 3666 5687 non
3688 5648 3779 5703 pe-

509 5708 626 5800 ti-at.
685 5709 818 5800 Nam
867 5718 1164 5770 secundum
1216 5730 1578 5776 assumentem
1601 5722 1852 5780 Christus
1878 5727 1971 5781 Dei
2003 5736 2088 5783 est
2190 5730 2450 5800 percisse,
2475 5729 2730 5800 quoniam
2762 5728 2848 5782 ubi
2871 5729 3006 5782 venit
3034 5724 3298 5796 plenitudo
3325 5728 3596 5797 temporis,
3627 5727 3772 5782 sicut

508 5796 682 5852 virtus
698 5808 750 5855 et
764 5799 1168 5878 Deisapientia;
1197 5811 1491 5869 secundum
1505 5823 1689 5876 autem
1711 5827 2046 5890 assumptum
2066 5835 2082 5880 δ
2106 5890 2113 5896 _
2185 5796 2329 5883 idem
2355 5823 2470 5894 ipse
2492 5796 2593 5891 ait,
2616 5821 2912 5898 misitDeus
2939 5819 3140 5878 Filium
3161 5837 3314 5878 suum
3327 5820 3528 5894 factum
3549 5837 3616 5876 es:
3641 5835 3773 5901 me:
