4062 6332
245 312 374 375 MM

1511 308 1890 371 OPUSCULA.
1930 311 2171 373 OPUSC.
2212 311 2285 374 ΙΙ.¹

3344 320 3482 387 1402

237 436 381 502 (iere,
415 433 612 505 factum
670 429 765 487 sub
811 432 939 504 lege.
972 428 1125 498 Quod
1161 410 1342 485 autem
1377 429 1447 485 sit
1475 430 1804 499 unigenitus,
1835 428 1888 487 Λ
1911 438 1959 482 et
1987 447 2173 486 manus
2219 441 2410 487 nostra:
2456 440 2807 490 tractaverunt
2849 435 2915 490 de
2953 437 3102 493 verbo
3128 438 3267 507 sitm,
3296 435 3349 496 'et
3373 444 3480 499 vita

236 541 392 582 sacra
420 524 701 594 Scriptura
730 538 834 578 non
858 530 1019 588 tacet,
1046 524 1140 577 sed
1179 522 1507 576 creberrime
1546 521 1798 576 inculcat.

238 618 387 679 Unde
412 629 495 676 est
522 620 650 673 illud
677 639 689 673 :
723 618 961 673 Vidimus
992 618 1215 690 gloriam
1247 618 1383 688 ejus,
1410 616 1632 688 gloriam
1651 618 1803 689 quasi

233 711 484 780 unigeniti
519 728 551 764 a
581 709 761 765 Patre.

301 801 439 869 Quid
467 804 534 857 ad
579 802 693 857 hac
722 802 865 857 lavet
906 804 1279 859 nunc'vesana
1311 803 1591 858 temeritas
1617 802 1802 858 dicen-

230 892 363 949 tium
408 895 831 965 assumptionem
864 902 920 949 et
966 895 1310 965 adoptionem
1358 911 1524 950 unum
1574 911 1716 959 esse,
1747 902 1804 949 et

228 984 349 1042 ideo
373 987 647 1043 Christum
671 988 967 1044 secundum
994 989 1267 1043 hominem
1312 997 1645 1060 assumptum
1682 1003 1805 1044 esse

227 1081 389 1135 etiam
421 1083 753 1151 adoptivum,
783 1098 906 1137 cum
931 1082 1066 1136 nihil
1096 1081 1288 1136 horum
1313 1082 1708 1137 convincantnr
1746 1081 1801 1134 in

224 1172 497 1228 Christum
525 1174 752 1242 reperiri
792 1173 991 1243 posse?
1036 1174 1264 1228 Prorsus
1305 1189 1405 1227 nec
1432 1172 1799 1242 adeptionem,

223 1264 350 1335 quia
370 1265 645 1335 proprium
667 1280 788 1319 eum
808 1265 965 1319 docet
989 1265 1277 1335 Apostolus
1303 1278 1425 1318 esse
1452 1262 1647 1316 Filium
1670 1262 1796 1328 Dei;

220 1369 397 1425 neque
418 1356 859 1424 assumptionem,
888 1357 1012 1423 quia
1034 1355 1165 1410 dicit
1182 1342 1394 1410 misisse
1413 1355 1581 1409 Deum
1603 1354 1798 1409 Filium

227 1458 383 1500 suum
433 1446 633 1501 factum
679 1462 745 1502 ex
793 1448 1055 1503 muliere:
1089 1447 1348 1517 quoniam
1391 1448 1622 1503 Verbum
1670 1463 1798 1503 caro

217 1535 421 1593 factum
448 1545 547 1602 est,
589 1553 695 1592 non
721 1538 1016 1609 assumpsit
1040 1553 1294 1603 carnem;
1329 1539 1422 1593 sed
1449 1539 1684 1593 Verbum
1713 1555 1799 1595 ca-

215 1641 280 1680 ro
306 1624 533 1691 factum,
564 1626 707 1682 Deus
750 1628 911 1681 homo
940 1625 1116 1683 factus
1146 1635 1246 1692 est,
1280 1627 1448 1683 Filius
1483 1627 1576 1682 Dei
1620 1627 1797 1684 factus

213 1728 281 1770 ex
312 1716 572 1771 muliere:
606 1718 862 1788 quoniam
891 1732 998 1773 non
1026 1718 1178 1788 prius
1218 1717 1394 1773 factus
1432 1733 1576 1784 caro,
1619 1720 1795 1775 denuo

1904 522 2241 591 manifestata
2268 535 2360 589 cst,
2408 534 2459 579 et
2485 526 2710 582 vidimus
2736 538 2785 583 et
2809 538 3061 584 testamur
3099 543 3147 586 et
3193 538 3477 591 annuntia-

1903 631 2020 667 mus
2048 615 2189 669 vobis
2213 616 2373 669 vitam
2399 628 2647 672 (uernant
2695 636 2812 690 quce
2847 631 2958 675 erat
2986 623 3127 691 apud
3179 620 3393 680 Patrem
3428 633 3480 680 et

1904 707 2145 776 apparuit
2179 708 2343 763 nobis.
2396 708 2636 781 Denique
2666 712 2806 767 hanc
2844 714 3007 769 vitam
3038 725 3295 773 aeternam
3338 717 3481 789 apud

1903 797 2119 854 Patrem
2172 802 2240 855 ab
2294 801 2468 867 initio,
2520 819 2680 873 quam
2729 807 2830 861 sibi
2864 811 3177 878 apparuisse
3225 819 3476 883 testatur,

1905 891 2009 946 nisi
2038 891 2270 947 Verbum
2300 910 2429 950 caro
2452 895 2624 962 ﬁeret,
2665 914 2839 969 neque
2872 902 3112 968 vidisset,
3146 921 3320 977 neque
3364 924 3482 966 ma-

1902 986 2060 1040 nibus
2082 996 2491 1045 contreetasset.
2525 990 2632 1046 Sed
2657 1002 2715 1047 ut
2747 994 2981 1050 Verbum
3014 1013 3141 1053 caro
3183 1001 3354 1068 ﬁeret,
3400 1011 3481 1060 te-

1903 1086 2082 1134 stante
2104 1082 2293 1137 eodem
2322 1084 2653 1152 evangelista
2682 1101 2697 1140 :
2730 1084 2820 1141 Sic
2846 1087 2988 1142 Deus
3015 1089 3199 1145 dilexit
3227 1094 3478 1149 mundum

1903 1176 1959 1221 ut
1986 1169 2184 1225 Filium
2211 1190 2363 1227 suum
2382 1175 2701 1245 unigenitum
2729 1178 2913 1245 daret;
2939 1190 2994 1234 ut
3022 1183 3190 1237 omnis
3213 1186 3300 1254 qui
3319 1188 3481 1241 credit

1901 1262 1954 1316 in
1977 1262 2144 1332 ipsum
2186 1281 2290 1318 non
2327 1276 2522 1335 pereat,
2562 1268 2652 1321 sed
2687 1268 2872 1324 habeat
2909 1271 3065 1326 vitam
3111 1284 3383 1330 wtemam.
3415 1277 3482 1332 Et

1900 1363 2183 1424 prOpterea
2215 1358 2339 1425 quia
2376 1358 2607 1414 Verbum
2639 1375 2770 1416 caro
2808 1360 3011 1418 factum
3037 1374 3138 1431 est,
3187 1373 3242 1421 et
3268 1367 3480 1440 unige-

1901 1446 2046 1500 nitus
2076 1446 2170 1501 Dei
2201 1455 2256 1502 et
2288 1448 2401 1502 vita
2431 1458 2634 1506 aeterna
2658 1461 2763 1519 est,
2796 1453 2915 1508 ideo
2934 1470 3040 1509 non
3065 1465 3149 1511 est
3176 1456 3478 1528 adoptivus,

1900 1537 1996 1591 sed
2041 1538 2337 1593 secundum
2386 1540 2701 1611 Apostolum
2752 1547 3027 1615 proprius,
3076 1554 3132 1602 et
3187 1549 3483 1606 secundum

1899 1629 2284 1700 evangelistam
2312 1632 2622 1703 unigenitus
2653 1634 2745 1689 Dei
2774 1635 2959 1692 Filius.
2990 1636 3059 1691 Et
3081 1638 3200 1693 ideo
3227 1638 3484 1709 Apostolo

1897 1734 2006 1774 non
2046 1721 2219 1775 solum
2265 1730 2325 1776 ut
2371 1722 2641 1779 suﬁiceret
2686 1726 2888 1792 dicere,
2940 1725 3169 1798 Propria
3218 1726 3359 1784 Filio
3383 1748 3481 1785 suo

212 1820 295 1865 est
324 1820 633 1881 assumptus
679 1826 709 1866 a
753 1811 968 1876 Verbo;
1025 1813 1119 1867 sed
1155 1812 1529 1882 praeveniendo
1558 1810 1795 1867 Verbum
1823 1807 1870 1865 B
1898 1828 2001 1867 non
2027 1816 2250 1884 pepercit
2278 1815 2441 1882 Deus,
2485 1818 2577 1872 sed
2606 1819 2770 1873 etiam
2801 1820 2877 1873 ait
2903 1839 2915 1874 :
2958 1818 3071 1875 Nos
3093 1834 3268 1876 autem
3291 1823 3485 1877 eratdi-

215 1917 404 1968 carne,
438 1903 673 1957 Verbum
722 1890 1109 1958 carod‘actum
1155 1911 1256 1959 est.
1314 1904 1459 1958 Idem
1513 1918 1621 1958 non
1672 1919 1796 1960 cum

209 2004 600 2066 esset-pauper,
634 1996 783 2052 dives
836 1995 1011 2051 factus
1054 2005 1157 2062 est,
1184 1997 1279 2051 sed
1305 2012 1421 2050 cum
1464 2006 1593 2052 esset
1633 1998 1794 2063 dives,

208 2103 411 2157 pauper
444 2086 614 2155 factus
646 2095 766 2152 est;
815 2089 943 2157 quia
1000 2104 1117 2141 cum
1170 2096 1301 2142 esset
1356 2089 1411 2141 in
1454 2088 1624 2159 [arma
1673 2087 1792 2154 Dei,

208 2196 314 2234 non
343 2180 582 2250 rapinam
611 2178 897 2233 arbitratus
936 2188 1010 2233 est
1038 2195 1147 2233 esse
1174 2195 1229 2232 se
1257 2176 1509 2249 wgualem
1535 2177 1666 2245 Deo,
1704 2177 1795 2232 sed

206 2273 537 2350 semetipsum
595 2273 897 2336 exinanivit,
950 2272 1175 2342 formam
1221 2273 1355 2327 servi
1411 2272 1692 2343 accipiens,
1737 2272 1794 2327 in

205 2365 552 2419 similitudine
579 2365 847 2419 hominum
889 2363 1084 2433 factus,
1133 2363 1316 2417 habitu
1360 2372 1437 2417 est
1473 2365 1709 2417 inventus
1736 2371 1796 2417 ut

210 2456 387 2510 homo.
437 2457 581 2511 Idem
613 2458 748 2527 ipse,
798 2457 914 2525 ipse
964 2455 1218 2519 Verbum,
1281 2470 1404 2510 cum
1454 2455 1604 2511 dives
1649 2464 1795 2511 esset

208 2548 262 2604 in
303 2548 474 2603 forma
518 2547 638 2613 Dei,
677 2549 902 2620 aequalis
949 2548 1080 2613 Deo,
1112 2563 1319 2619 pauper
1350 2547 1524 2604 factus
1557 2557 1658 2615 est,
1690 2565 1789 2604 ex-

203 2641 495 2695 inaniendo
529 2656 611 2706 se,
632 2641 870 2697 Verbum
894 2655 1023 2695 caro
1049 2641 1249 2706 liendo,
1284 2639 1455 2696 Filius
1477 2641 1572 2696 Dei
1618 2640 1793 2696 factus

207 2747 278 2786 ex
306 2732 554 2797 muliere,
577 2746 683 2786 non
706 2739 1039 2799 assumptus,
1069 2739 1130 2784 ut
1165 2730 1466 2800 blasphemi
1502 2732 1670 2795 aiunt,
1698 2730 1793 2785 ad-

207 2825 445 2894 optione.
480 2822 630 2879 Unus
672 2822 815 2877 idem
845 2822 960 2891 ipse
991 2821 1083 2891 qui
1129 2822 1426 2888 descendit,
1455 2838 1562 2877 non
1589 2832 1647 2876 ut
1686 2823 1786 2876 ho-

201 2914 403 2969 minem
433 2920 751 2976 assumeret,
782 2911 875 2983 qui
898 2912 1127 2967 necdum
1158 2922 1278 2968 erat
1307 2912 1588 2979 formatus,
1616 2913 1708 2967 sed
1734 2920 1796 2967 ut

201 3010 365 3065 homo
388 3009 542 3064 ﬁeret
583 3008 915 3062 incarnatus.
966 3006 1115 3061 idem
1160 3007 1274 3076 ipse
1302 3014 1385 3061 est
1429 3007 1520 3077 qui
1548 3006 1794 3062 ascendit

202 3115 367 3171 super
388 3115 575 3154 ornnes
605 3099 797 3165 caelos,
832 3107 892 3152 ut
938 3098 1185 3169 impleret
1214 3099 1417 3153 omnia.
1477 3098 1782 3153 Secundum

1899 1922 2078 1959 camus
2106 1905 2370 1962 Christum
2395 1910 2727 1977 cruciﬁxum,
2775 1912 2980 1966 Judais
2999 1913 3207 1983 quidem
3249 1914 3479 1969 scanda-

1897 1994 2024 2060 lum,
2055 1996 2289 2067 gentibus
2342 2008 2516 2053 autem
2561 2000 2860 2066 stultitiam,
2890 2002 3016 2074 ipsis
3068 2013 3242 2058 autem
3286 2005 3483 2058 vocatis

1895 2088 2102 2144 Judwis
2144 2099 2191 2144 et
2226 2088 2425 2146 ercis
2473 2091 2741 2149 Christum
2786 2094 2884 2150 Dei
2926 2096 3164 2151 virtutem
3198 2106 3244 2152 et
3272 2095 3372 2151 Dei
3397 2114 3484 2151 sa-

1895 2180 2162 2250 pientiam.

1965 2290 2101 2378 Cum
2149 2294 2315 2366 igitur
2361 2292 2638 2350 Christum
2694 2296 3014 2353 cruciﬁxum
3054 2313 3121 2354 ex
3166 2296 3485 2353 inﬁrmitate

1893 2394 2102 2452 nostra,
2132 2387 2387 2443 virtutem
2419 2399 2597 2445 autem
2627 2406 2695 2446 ex
2720 2392 2919 2447 virtute
2945 2407 3060 2457 sua,
3087 2392 3333 2447 eumdem
3357 2392 3497 2446 cru-’

1894 2475 2116 2531 ciﬁxum
2165 2477 2311 2533 dicat
2357 2480 2646 2550 Apostolus
2674 2481 2951 2538 Christum
2995 2483 3090 2539 Dei
3135 2483 3392 2538 virtutem
3422 2489 3479 2536 et

1894 2568 1989 2623 Dei
2049 2570 2392 2638 sapientiam,
2446 2572 2569 2641 quis
2615 2572 2802 2635 infami
2854 2574 3032 2646 elogio
3081 2573 3357 2630 Christum
3387 2572 3485 2629 Dei

1891 2664 2151 2719 virtutem
2181 2674 2236 2720 et
2266 2664 2360 2720 Dei
2395 2666 2719 2738 sapientiam
2746 2669 3045 2724 secundum
3067 2669 3341 2725 hominem
3368 2683 3487 2724 cru-

1893 2754 2115 2810 ciﬁxum
2148 2756 2458 2826 adoptivum
2494 2757 2690 2813 audeat
2716 2759 2917 2825 dicere,
2950 2759 3057 2814 nisi
3083 2768 3263 2815 mente
3293 2758 3486 2814 insana

1894 2847 2140 2916 negando
2168 2845 2468 2913 Christum,
2515 2857 2571 2904 et
2615 2865 2713 2904 suo
2760 2850 3041 2906 mendacio
3089 2851 3487 2907 Antichristum

1894 2955 1953 2994 se
1982 2939 2406 3008 comprobante?
2440 2941 2508 2995 Et
2554 2942 2676 3012 quis
2722 2951 2805 2998 est
2836 2944 3091 3007 mendax,
3120 2952 3255 2999 teste
3277 2943 3486 3000 Joanne

1894 3032 2171 3103 apostolo,
2220 3033 2326 3087 nisi
2376 3033 2469 3104 qui
2528 3042 2689 3105 negat
2735 3035 2988 3104 quoniam
3035 3034 3193 3091 Jesus
3241 3052 3349 3091 non
3399 3043 3486 3091 est

1811 3158 1860 3214 η
1894 3126 2186 3183 Christus?
2209 3126 2276 3180 Et
2300 3126 2388 3180 hic
2414 3133 2497 3181 est
2538 3126 2906 3187 Antichristus
2936 3127 3029 3197 qui
3060 3134 3221 3198 negat
3264 3124 3481 3181 Patrem

200 3194 344 3288 qu?"
375 3207 630 3264 magnum
665 3191 768 3288 1³9⁸
797 3204 918 3288 esse
942 3190 1161 3260 pietatis
1196 3198 1595 3288 εοοωιηθηιυηι
1640 3190 1785 3260 ΑΡΟ⁶
1811 3190 1861 3219 ἡ
1891 3228 1945 3274 et
1970 3217 2188 3272 Filium.
2231 3213 2421 3271 Omnis
2446 3216 2589 3270 enim
2621 3217 2713 3286 qui
2758 3224 2919 3288 negat
2956 3190 3183 3282 Filium,
3235 3231 3339 3271 nec
3382 3214 3487 3271 Pa-

201 3285 372 3340 stolus
423 3288 618 3343 docet:
683 3285 836 3353 Quod
884 3287 1278 3357 manifestatum
1333 3295 1430 3353 est,
1479 3287 1675 3357 inquit,
1727 3287 1785 3343 in

201 3395 380 3445 carne,
416 3379 772 3449 justiﬁcatum
813 3388 887 3434 est
930 3379 986 3434 in
1029 3380 1237 3449 spiritu,
1274 3380 1519 3449 apparuit
1564 3377 1782 3449 angelis,

1888 3318 2027 3365 trem
2057 3309 2245 3363 habet.
2281 3307 2408 3373 Sed,
2442 3308 2586 3362 sicut
2609 3308 2776 3363 isdem
2812 3309 2890 3363 ait
2917 3307 3105 3371 Filius,
3152 3308 3242 3378 qui
3266 3325 3369 3362 non
3394 3309 3490 3361 ho-

1887 3399 2143 3483 nori/ictu.
2177 3395 2380 3450 Filium
2451 3414 2556 3451 non
2604 3397 2918 3467 honoriﬁcat
2943 3393 3182 3463 Patrem,
3223 3398 3313 3468 qui
3341 3397 3484 3452 misit

197 3469 542 3542 prtrdicatum
599 3479 674 3522 est
728 3469 783 3523 in
841 3468 1095 3539 gentibus,
1154 3469 1407 3522 creditum
1450 3477 1526 3522 est
1580 3468 1636 3520 in
1689 3469 1786 3522 hoc
1883 3488 2055 3545 illum.

202 3563 423 3631 mundo,
463 3573 787 3635 assumptum
835 3571 910 3617 est
952 3563 1007 3616 in
1045 3561 1232 3634 gloria.
1289 3561 1403 3616 Hoc
1452 3561 1593 3615 idem
1641 3560 1786 3631 quod

204 3657 611 3713 manifestatum
652 3663 738 3711 est
780 3655 835 3710 in
864 3669 1048 3720 carne,
1089 3652 1444 3724 justiﬁeatum
1489 3663 1571 3709 est
1597 3655 1650 3708 in
1680 3644 1791 3725 spi-J

207 3757 335 3819 ritu,
388 3754 515 3824 quia
568 3751 781 3807 dicente
829 3748 1153 3819 archangelo
1200 3749 1266 3805 de
1302 3747 1543 3818 ejusdem
1590 3748 1688 3804 Dei
1734 3756 1791 3804 et

210 3846 425 3904 Domini
452 3845 750 3918 genitrice:
808 3843 961 3911 Quod
989 3846 1125 3899 enim
1172 3845 1227 3898 in
1268 3861 1329 3898 ea
1375 3852 1556 3897 natum
1584 3853 1682 3909 est,
1725 3842 1791 3898 de

211 3941 414 4013 Spiritu
456 3948 638 3994 sancto
675 3949 770 3993 est.
810 3937 889 3993 Ac
916 3937 995 3993 sic
1023 3945 1084 3991 ut
1113 3936 1548 3992 instaurarentur
1573 3952 1693 4007 quae
1737 3936 1792 3991 in

214 4033 370 4091 caelis
399 4042 455 4088 et
500 4046 619 4103 quae
649 4031 705 4085 in
750 4030 909 4085 terris
959 4037 1084 4085 sunt
1131 4030 1187 4084 in
1236 4028 1375 4100 ipso,
1425 4029 1673 4098 apparuit
1697 4045 1794 4084 an-

211 4128 367 4201 gelis,
394 4126 743 4196 prauiicatum
781 4131 865 4180 est
912 4124 963 4178 in
1009 4122 1282 4195 gentibus,
1325 4133 1662 4193 assumptum
1711 4128 1796 4177 est

209 4218 265 4273 in
301 4217 492 4287 gloria,
540 4224 601 4271 ut
648 4215 718 4270 sit
764 4215 1030 4270 mediator
1077 4213 1176 4271 Dei
1223 4223 1278 4270 et
1319 4214 1599 4269 hominum
1639 4212 1796 4270 Jesus

210 4309 495 4365 Christus:
525 4308 648 4380 quia
672 4307 763 4377 qui
788 4306 955 4374 Deus,
986 4305 1130 4362 idem
1160 4313 1243 4362 est
1267 4306 1467 4373 homo;
1498 4313 1555 4361 et
1579 4306 1671 4375 qui
1700 4306 1798 4361 ho-

210 4416 318 4467 mo,
348 4400 490 4456 idem
519 4398 633 4470 ipse
660 4407 743 4454 est
779 4396 940 4454 Deus.

1960 3581 2225 3648 Quocirca
2253 3587 2457 3651 quanta
2496 3580 2568 3636 sit
2613 3579 2877 3636 caecitatis
2925 3579 3172 3650 obreptio
3197 3580 3319 3650 quis
3372 3595 3480 3635 non

1887 3675 2073 3731 videat
2099 3673 2597 3744 blasphemantium
2640 3671 2913 3729 Chris‘tum
2955 3671 3288 3743 adoptivum,
3322 3688 3483 3741 quem

1890 3775 2047 3821 tanta
2069 3767 2278 3821 unitate
2308 3764 2589 3835 cognoscit
2631 3764 2850 3821 unicum
2899 3762 3179 3833 proprium
3209 3772 3264 3817 et
3293 3777 3483 3817 verum

1891 3859 1987 3915 Dei
2012 3858 2348 3930 unigenitum
2368 3856 2589 3923 Filium,
2613 3858 2667 3912 in
2691 3865 2921 3926 utraque
2946 3864 3140 3911 natura
3162 3855 3482 3927 perfecttw,

1894 3950 2061 4005 tantis
2088 3950 2295 4005 idoneis
2325 3949 2648 4006 testimoniis
2672 3947 3013 4020 propalatum
3031 3947 3054 4001 ?
3071 3948 3173 4015 Qui
3205 3950 3250 4001 si
3280 3944 3487 4017 adepti-

1894 4061 1995 4099 vus
2018 4044 2228 4110 fuisset,
2262 4043 2420 4099 ﬁctus
2455 4050 2511 4099 et
2539 4058 2647 4097 non
2674 4042 2879 4097 veritas
2906 4049 3070 4098 esset.
3117 4040 3186 4096 Et
3212 4040 3483 4112 quomodo

1897 4136 2099 4192 veritas
2146 4137 2212 4192 de
2242 4145 2388 4191 terra
2415 4144 2535 4201 orta
2569 4143 2674 4203 est,
2705 4143 2761 4190 et
2806 4135 2922 4205 ipse
2948 4133 3015 4190 de
3062 4148 3120 4189 se
3163 4132 3295 4189 dicit
3322 4151 3334 4163 -
3366 4130 3487 4203 Ego

1898 4247 2014 4285 sum
2051 4230 2153 4296 via,
2205 4232 2415 4294 veritas,
2471 4238 2520 4283 et
2577 4229 2705 4294 vita,
2757 4226 2805 4282 si
2856 4225 3138 4296 adoptivus
3182 4231 3237 4278 et
3284 4237 3393 4277 non
3430 4222 3486 4277 in

1898 4323 2132 4378 veritate
2179 4322 2274 4377 Dei
2307 4322 2476 4377 Filius
2504 4322 2632 4377 est?
2676 4320 2812 4376 Nam
2844 4328 2980 4374 teste
3028 4316 3235 4373 Joanne
3285 4316 3489 4371 scimus

1901 4416 2153 4486 quoniam
2205 4414 2374 4469 Filius
2405 4415 2498 4469 Dei
2527 4415 2676 4468 venit
2702 4421 2759 4470 et
2786 4410 2936 4467 dedit
2973 4411 3129 4466 nobis
3180 4424 3399 4465 sensum
3428 4413 3490 4463 ut

283 4516 363 4572 Ex
414 4526 609 4571 natura
643 4530 774 4588 ergo
825 4522 1059 4586 utraque
1108 4529 1217 4569 una
1245 4512 1495 4569 Christus
1542 4527 1795 4583 persona.
1823 4521 1877 4581 1)
1903 4521 2297 4578 cognoscamus
2323 4521 2512 4564 verum
2569 4505 2738 4559 Deum
2786 4510 2844 4556 et
2876 4502 3046 4557 simus
3089 4500 3145 4556 in
3172 4514 3302 4557 vero
3348 4498 3490 4556 Filio

212 4611 293 4666 De
320 4607 438 4679 ipso
465 4606 757 4662 ostendens
781 4607 924 4662 idem
954 4608 1128 4678 ipsum
1171 4607 1303 4663 dicit
1328 4605 1469 4660 idem
1499 4605 1614 4676 ipse
1639 4622 1652 4658 :
1686 4602 1798 4658 Ne-

212 4719 298 4758 mo
345 4699 576 4756 ascendit
624 4699 681 4753 in
706 4697 892 4753 cadum
942 4699 1045 4752 nisi
1089 4701 1177 4770 qui
1216 4698 1481 4753 descendit
1538 4698 1602 4753 de
1645 4696 1793 4764 caelo,

213 4792 357 4865 ﬁlius
408 4791 635 4846 hominis
679 4790 769 4862 qui
813 4800 888 4844 est
938 4790 993 4844 in
1030 4790 1176 4844 caelo.
1228 4790 1283 4846 In
1332 4799 1475 4846 terra
1523 4799 1798 4846 erattunc

216 4883 475 4954 temporis
502 4881 776 4937 localitate
802 4881 943 4937 inter
971 4881 1218 4936 homines
1251 4881 1411 4936 homo
1438 4898 1452 4947 ;
1482 4889 1536 4936 et
1564 4882 1618 4936 in
1658 4881 1797 4937 casio

214 4993 274 5034 se
301 4991 421 5033 esse
448 4975 661 5031 dicebat
686 4974 887 5030 Filium
914 4974 1152 5030 hominis
1176 4991 1191 5040 ;
1242 4975 1370 5045 quia
1399 4974 1491 5045 qui
1536 4974 1677 5029 ﬁlius
1701 4975 1799 5029 ho-

215 5068 380 5125 minis
405 5075 527 5123 erat
560 5066 852 5132 localitate,
900 5066 1042 5123 idem
1088 5066 1256 5122 Filius
1288 5076 1409 5122 erat
1449 5065 1546 5120 Dei
1574 5067 1798 5120 immen-

216 5163 396 5219 sitate.
449 5160 679 5231 Propter
727 5161 870 5230 quod
898 5160 1061 5216 dicit:
1097 5160 1159 5216 Si
1181 5177 1302 5232 ergo
1353 5159 1584 5214 uideritis
1624 5159 1797 5228 [ilium

217 5254 444 5310 hominis
472 5253 835 5309 ascendentem
875 5254 963 5307 ubi
986 5262 1097 5307 erat
1124 5255 1270 5323 prius
1294 5252 1319 5306 ἵ
1351 5251 1521 5319 Quem
1548 5267 1646 5322 pro
1673 5260 1795 5306 tan-

222 5354 272 5401 ta
302 5346 527 5401 unitatis
563 5344 894 5416 proprietate
921 5359 1048 5398 vere
1069 5343 1261 5399 Filium
1290 5343 1387 5398 Dei
1411 5340 1646 5398 Joannes
1668 5358 1798 5413 apo-

220 5436 388 5493 stolus
405 5444 462 5490 et
475 5435 823 5507 evangelista,
849 5434 1131 5491 confessus
1150 5443 1235 5491 est
1252 5435 1544 5499 hominem,
1573 5444 1631 5490 ut
1651 5450 1799 5490 eum-

220 5529 344 5586 dem
367 5529 460 5599 qui
484 5531 552 5585 ab
577 5530 732 5585 initio
758 5529 866 5583 vita
892 5537 1096 5583 :eterna
1122 5535 1205 5582 est
1235 5529 1374 5598 apud
1396 5527 1636 5592 Patrem,
1675 5541 1798 5581 ver-

221 5621 350 5678 bum
370 5636 429 5677 se
452 5620 805 5690 corporaliter
826 5628 880 5675 et
904 5619 1103 5674 vidisse
1130 5627 1186 5674 et
1213 5626 1577 5674 contrectasse
1601 5618 1798 5689 praedi-

224 5713 429 5770 caverit
478 5712 699 5767 dicens:
752 5712 905 5777 Quod
948 5713 1049 5785 fuit
1089 5712 1153 5766 ab
1195 5712 1366 5776 initio,
1407 5711 1546 5783 quod
1591 5712 1796 5767 audivi-

224 5826 360 5879 mus,
388 5807 528 5881 quod
558 5807 776 5864 vidimus
815 5808 981 5865 oculis
1009 5808 1216 5874 nostris,
1246 5807 1385 5880 quod
1413 5807 1793 5878 perspeximus,

1898 4602 2013 4673 ejus
2036 4603 2162 4659 Jesu
2191 4604 2429 4659 Christo.
2464 4601 2565 4657 Hic
2602 4608 2686 4657 est
2719 4615 2882 4654 verus
2922 4597 3065 4653 Deus
3090 4603 3147 4652 et
3186 4596 3300 4651 vita
3324 4603 3486 4651 aeter-

1898 4712 1988 4751 na.
2023 4695 2177 4764 Quod
2205 4695 2249 4750 si
2295 4682 2579 4763 adoptivus
2624 4699 2787 4757 esset,
2820 4705 2921 4745 nec
2953 4704 3117 4744 verus
3166 4686 3265 4743 Dei
3313 4685 3487 4743 Filius

1897 4790 2045 4845 Patri
2098 4789 2208 4844 Deo
2234 4805 2384 4855 vero,
2420 4801 2598 4857 neque
2643 4783 2785 4841 Deus
2830 4799 2994 4841 verus
3037 4791 3093 4839 et
3125 4783 3235 4838 vita
3285 4790 3489 4836 aeterna

1898 4885 2176 4949 existeret,
2205 4884 2296 4955 qui
2328 4897 2457 4938 vere
2486 4890 2571 4937 est
2594 4881 2797 4936 veritas
2824 4881 2892 4936 de
2913 4891 3059 4935 terra
3080 4885 3200 4934 orta
3224 4873 3490 4929 veniendo

1899 4985 1959 5031 ut
1986 4978 2148 5032 homo
2178 4977 2350 5043 ﬁeret,
2400 4984 2456 5032 et
2503 4974 2730 5045 proinde
2768 4972 3079 5029 hominibus
3125 4968 3235 5031 via,
3263 4967 3485 5031 veritas,

1897 5080 1953 5125 et
1976 5070 2109 5123 vita.
2162 5066 2336 5122 Verus
2366 5074 2451 5122 est
2502 5066 2687 5138 igitur,
2742 5079 2849 5119 non
2886 5061 3188 5132 adoptivus,
3237 5056 3489 5129 proprius

1898 5161 2073 5217 Filius
2096 5161 2190 5216 Dei
2214 5161 2475 5215 Dominus
2497 5157 2657 5216 Jesus
2677 5156 2947 5220 Christus,
2972 5153 3065 5225 qui
3083 5151 3151 5208 de
3171 5165 3230 5206 se
3253 5151 3369 5221 ipso
3390 5163 3489 5203 cae-

1899 5269 1963 5310 co
2000 5262 2129 5307 nato
2156 5252 2234 5306 sic
2255 5265 2482 5307 exorsus
2517 5257 2601 5305 est
2632 5246 2816 5317 loqui:
2868 5244 2947 5299 Tu
2987 5243 3157 5298 credis
3186 5243 3241 5296 in
3282 5238 3486 5295 Filium

1896 5345 2040 5399 Dei?
2064 5345 2132 5399 Et
2158 5343 2248 5398 ille
2268 5362 2281 5397 :
2306 5342 2437 5409 Quis
2459 5351 2557 5403 est,
2581 5320 2821 5402 Domine,
2848 5346 2902 5390 ut
2926 5335 3135 5390 credam
3162 5334 3217 5387 in
3238 5331 3398 5386 eum?
3418 5329 3495 5389 Et

1899 5436 2158 5491 Dominus
2183 5434 2263 5491 ei:
2296 5434 2364 5487 Et
2386 5431 2560 5488 vidisti
2581 5447 2720 5494 eum,
2741 5437 2791 5484 et
2810 5428 2900 5499 qui
2918 5427 3145 5496 loquitur
3167 5435 3358 5489 tecum,
3376 5422 3485 5492 ipse

1898 5536 2013 5582 est:
2053 5525 2107 5581 id
2152 5534 2260 5591 est,
2296 5539 2457 5595 quem
2493 5521 2673 5577 vidisti
2706 5535 2891 5587 carne,
2947 5518 3039 5589 qui
3090 5515 3354 5586 alloquor,
3382 5528 3487 5586 ego

1899 5620 2011 5690 ipse
2025 5618 2192 5674 Filius
2207 5618 2300 5673 Dei
2316 5633 2455 5673 sum.
2478 5614 2731 5684 Alioquin
2755 5613 2880 5683 quia
2900 5610 3181 5666 divinitate
3199 5605 3484 5662 invisibilis

1898 5724 2003 5780 est,
2030 5713 2315 5768 videbatur
2340 5711 2499 5765 homo
2527 5717 2582 5761 et
2603 5708 2749 5775 IOQUt
2765 5706 2939 5760 batur.
2971 5704 3139 5771 Quem
3166 5701 3329 5756 etiam
3351 5714 3481 5770 pro-

1899 5805 2084 5865 cidens
2115 5803 2359 5861 adoravit
2393 5801 2588 5865 Filium
2620 5798 2737 5869 Dei,
2785 5798 2837 5853 in
2869 5811 2977 5869 quo
3005 5811 3065 5853 se
3103 5793 3240 5851 dixit
3283 5790 3495 5874 visibiﬁ
