4062 6332
614 293 756 353 1408

1623 288 1682 346 S.
1722 286 2085 345 BENEDICTI
2118 285 2415 344 ABBATIS
2448 288 2863 346 ANIANENSIS

3734 290 3880 350 μοι

602 413 711 470 lem
744 418 801 469 et
822 411 1133 484 loquentem
1158 408 1356 465 Filium
1402 421 1532 486 esse
1547 404 1666 462 Dei.
1708 406 1847 462 Hinc
1889 415 1974 463 est
2017 406 2183 461 etiam
2210 404 2475 478 Abacuc)
2521 422 2644 461 cum
2698 406 2919 473 diceret,
2951 388 3128 463 Ε’πὶεά
3171 411 3226 463 in
3281 409 3508 465 salutem
3544 410 3738 482 populi
3783 416 3885 485 tui,

603 503 749 574 quod
793 501 1066 573 apostolus
1094 499 1293 565 Paulus
1345 497 1640 555 secundum
1685 498 1958 553 hominem
2003 512 2069 551 ex
2097 511 2181 551 se-

602 597 752 653 mine
780 596 949 652 David
997 595 1156 651 docet
1202 608 1324 649 eum
1355 608 1475 648 esse
1529 592 1723 648 Filium
1771 591 1886 645 Dei.
1931 589 2084 645 Unde
2127 595 2181 643 et

599 689 1040 762 praedestinatum
1104 692 1492 742 commemorat
1551 684 1842 739 secundum
1904 679 2179 735 hominem

601 794 727 837 eum
754 794 915 851 quem
943 777 1199 849 praedicat
1217 776 1411 831 Filium
1441 774 1562 841 Dei,
1593 774 1838 829 scribens
1882 773 1955 826 ita
1980 789 1993 825 :
2027 768 2178 823 Pati-

598 864 682 941 (us
708 885 884 924 servus
920 867 1049 923 Iesu
1094 865 1311 932 Christi,
1363 876 1573 921 vocatus
1611 863 1900 936 apostolus,
1940 879 2181 932 segrega-

598 969 684 1016 tus
705 962 761 1015 in
784 957 1046 1030 evangelio
1085 957 1203 1025 Dei,
1241 957 1380 1029 quod
1429 967 1548 1011 ante
1582 956 1893 1028 promiserat
1940 970 2032 1024 per
2058 968 2179 1024 pro-

488 1044 491 1047 ⁷
594 1052 776 1125 phetas
795 1068 917 1106 suos
946 1050 1002 1105 in
1021 1048 1312 1121 Scripturis
1338 1050 1533 1104 sanctis
1562 1051 1625 1103 de
1661 1047 1803 1102 Filio
1830 1064 1946 1113 suo,
1978 1046 2067 1116 qui
2095 1044 2179 1114 fa-

595 1151 708 1197 ctus
737 1151 813 1197 est
854 1142 902 1196 ei
942 1157 1007 1197 ea:
1042 1142 1235 1196 semine
1276 1140 1445 1195 David
1479 1141 1763 1195 secundum
1810 1156 2041 1203 carnem,
2088 1137 2177 1208 qui

591 1234 996 1308 prwdestinatus
1039 1243 1115 1290 est
1160 1226 1333 1289 Filius
1374 1234 1469 1288 Dei
1513 1234 1568 1288 in
1597 1234 1804 1288 virtute.
1857 1231 1991 1285 Nam
2034 1227 2178 1299 quod

589 1328 1026 1400 prmdestinatur,
1074 1335 1364 1397 antequam
1415 1328 1484 1381 sit
1539 1328 1593 1381 in
1648 1339 1706 1380 re
1753 1323 2172 1407 prmordinatur.

589 1417 856 1476 Divinitas
898 1435 1030 1477 vero
1081 1419 1455 1491 praedestinari
1508 1419 1734 1488 nequit,
1787 1417 1914 1486 quia
1978 1414 2178 1485 sempi-

588 1517 745 1568 terna
766 1528 890 1570 esse
916 1513 1269 1585 dignoscitur.
1302 1508 1723 1568 Praedestinatus
1767 1516 1853 1564 est
1880 1516 2061 1563 autem
2088 1506 2176 1560 Fi-

587 1584 695 1657 lius
722 1601 819 1658 Dei
844 1602 903 1658 in
952 1584 1179 1668 virtute,
1226 1617 1332 1656 non
1378 1601 1681 1666 divinitate,
1738 1600 1832 1654 sed
1878 1597 2174 1654 secundum

586 1692 732 1766 quod
764 1690 944 1749 factus
998 1700 1082 1749 est
1128 1708 1193 1747 ex
1236 1693 1445 1750 semine
1489 1690 1659 1748 David
1707 1690 2000 1746 secundum
2045 1704 2171 1744 car-

584 1763 733 1851 nem,
781 1784 1077 1840 secundum
1115 1785 1259 1853 quod
1286 1790 1443 1839 antea
1486 1783 1626 1839 Deus
1653 1782 1816 1839 Pater
1839 1780 2166 1853 promiserat
2195 1763 2242 1823 Β

581 1888 681 1945 per
708 1876 1002 1946 prophetas
1042 1890 1171 1931 suos
1219 1874 1275 1928 in
1326 1872 1624 1944 Scripturis
1668 1872 1871 1928 sanctis
1921 1871 1988 1927 de
2029 1867 2168 1926 Filio

582 1982 700 2031 suo,
732 1968 824 2038 qui
867 1966 1045 2025 factus
1086 1978 1171 2026 est
1204 1969 1255 2025 ei
1297 1984 1365 2024 ex
1406 1968 1613 2024 semine
1654 1966 1823 2022 David
1871 1965 2173 2021 secundum

580 2075 822 2128 carnem,
849 2062 1146 2118 secundum
1184 2062 1328 2132 quod
1376 2070 1535 2116 antea
1581 2060 1722 2114 Deus
1764 2057 1927 2113 Pater
1966 2057 2171 2128 promi-

577 2159 728 2207 serat
770 2166 868 2221 per
911 2154 1202 2223 prophetas
1248 2167 1375 2208 suos
1419 2153 1472 2207 in
1523 2150 1818 2222 Scripturis
1870 2150 2073 2205 sanctis
2101 2149 2167 2205 de

576 2241 716 2298 Filio
757 2258 877 2309 suo,
916 2258 1075 2312 quem
1113 2241 1393 2298 constituit
1441 2242 1710 2297 literedem
1763 2241 2163 2305 universorum,

575 2346 674 2401 per
695 2346 856 2403 quem
878 2326 1008 2387 fecit
1034 2336 1090 2387 et
1107 2333 1321 2388 smcula'.
1353 2330 1693 2402 Quapropter
1718 2331 1773 2386 in
1798 2330 1999 2386 virtute
2027 2344 2166 2399 prur-

575 2422 878 2480 destinatus
924 2433 1007 2480 est
1056 2418 1224 2480 Filius
1254 2423 1371 2492 Dei,
1408 2424 1664 2480 nimirum
1709 2424 1764 2480 in
1808 2438 1914 2496 qua
1962 2425 2164 2481 virtute

576 2512 826 2571 Christus
854 2506 951 2571 Dei
976 2520 1059 2571 est
1084 2508 1253 2571 virtus
1278 2522 1332 2571 et
1375 2510 1470 2572 Dei
1500 2517 1785 2587 sapientia,
1816 2518 1959 2573 Deus
1998 2518 2163 2571 homo

574 2590 773 2674 factus,
822 2610 878 2665 et
922 2609 1083 2665 homo
1138 2610 1192 2665 in
1242 2610 1409 2665 Deum
1462 2610 1810 2677 clariﬁcatus,
1867 2610 2161 2665 secundum

573 2700 717 2772 quod
738 2699 853 2770 ipse
872 2700 1096 2771 protulit
1119 2702 1334 2757 dicens:
1359 2696 1610 2773 Cleri/ica
1622 2721 1723 2768 me,
1743 2711 1799 2757 tu
1823 2699 2002 2769 Pater,
2021 2702 2165 2773 apud

558 2793 897 2863 temetipsum
942 2790 1181 2848 claritate
1225 2812 1381 2866 quam
1427 2796 1587 2850 habui
1630 2798 1778 2868 prius
1813 2814 1969 2868 quam
2006 2813 2160 2851 mun-

569 2870 671 2938 dus
699 2893 831 2939 esset
874 2885 1015 2956 apud
1051 2894 1118 2941 te.
1158 2884 1233 2940 De
1275 2902 1379 2957 qua
1428 2889 1619 2944 deilica‘
1673 2889 1919 2944 claritate
1967 2905 2165 2944 secun-

2281 498 2335 553 in
2359 498 2579 552 salutem
2609 514 2725 553 cum
2753 496 2962 553 Christo
2985 509 3075 555 tuo
3106 538 3122 554 .
3162 540 3176 555 .
3221 539 3235 554 .
3272 540 3287 555 .
3321 542 3336 556 .
3371 544 3385 556 .
3418 542 3432 557 .
3464 503 3713 559 essionis
3740 504 3888 564 illius

2278 589 2492 645 deitatis
2510 590 2625 659 ejus
2649 590 3043 648 confessionem
3061 592 3292 664 eleganti
3317 595 3673 665 professione
3699 599 3887 655 subin-

2280 681 2401 735 tulit
2426 682 2639 736 (licens:
2667 679 2777 750 Ego
2806 691 2978 735 autem
3008 684 3062 737 in
3089 682 3313 739 Domino
3339 687 3606 756 gaudebo,
3633 697 3685 741 et
3706 690 3884 743 asul-

2277 772 2397 826 tabo
2418 774 2470 826 in
2501 772 2607 826 Deo
2633 770 2761 827 Jesu
2800 789 2935 827 meo.
2979 773 3120 829 Deus
3151 775 3406 830 Dominus
3432 776 3709 846 fortitudo
3741 796 3878 833 mea.

2276 864 2354 919 Ac
2384 881 2478 935 per
2534 866 2636 919 hoc
2675 865 2824 935 quia,
2866 875 3029 936 prout
3078 876 3187 934 est,
3237 870 3612 925 essentialiter
3644 872 3886 941 promul-

2278 964 2435 1026 gatur
2487 954 2630 1011 Deus
2680 973 2708 1011 a
2761 958 3041 1028 prophetis
3089 968 3145 1013 et
3202 962 3407 1016 sanctis
3470 961 3775 1031 apostolis,
3831 970 3881 1017 et

2276 1048 2503 1117 proinde
2532 1064 2796 1120 nusquam
2822 1058 2906 1105 est
2932 1051 3274 1108 solummodo
3298 1056 3610 1119 vocativus,
3643 1056 3780 1124 quia
3806 1056 3881 1110 di-

2276 1137 2350 1191 cit
2395 1134 2601 1193 Isaias:
2662 1137 2733 1193 Et
2781 1140 3053 1194 vocabitur
3095 1159 3279 1197 nomen
3329 1144 3446 1213 ejus
3511 1145 3879 1211 admirabilis,

2276 1227 2628 1292 consiliarius,
2669 1228 2833 1296 Deus,
2859 1230 2935 1284 ita
2961 1246 3062 1286 nec
3084 1231 3247 1286 etiam
3277 1226 3572 1303 adeptione
3606 1232 3763 1288 ﬁlius
3791 1249 3881 1289 ro-

2278 1319 2506 1384 cativus,
2536 1319 2664 1374 licet
2691 1320 2888 1375 dixerit
2930 1321 3258 1394 archangelo
3298 1324 3680 1396 evangelicus,
3724 1324 3879 1391 Quod

2276 1413 2413 1466 enim
2451 1428 2515 1466 ex
2546 1421 2594 1467 te
2639 1424 2883 1469 nascetur
2924 1425 3189 1484 sanctum,
3219 1418 3490 1473 vocabitur
3517 1416 3568 1471 F
3571 1419 3709 1473 ilius
3759 1418 3877 1485 Dei,

2276 1502 2369 1557 sed
2390 1503 2662 1574 proprius,
2684 1504 2898 1573 unicus,
2926 1508 3235 1580 unigenitus
3260 1509 3353 1564 Dei
3375 1509 3581 1575 Filius,
3607 1511 3763 1566 sicut
3798 1527 3883 1567 a-

2273 1607 2373 1663 pra
2404 1608 2470 1648 ex
2502 1594 2716 1664 eloquio
2742 1611 2898 1653 sacro
2925 1598 3127 1654 invicta
3166 1601 3493 1657 auctoritate
3517 1602 3877 1671 protulimus.

2348 1686 2597 1743 Attamen
2618 1691 2903 1759 przenotati
2930 1690 3026 1746 lilii
3054 1692 3373 1761 perditionis
3398 1695 3468 1749 ad
3501 1695 3628 1750 biec
3650 1704 3709 1750 et
3752 1696 3879 1752 reli-

2269 1793 2374 1849 qua
2405 1778 2601 1836 dehinc
2646 1790 2839 1837 cuncta
2887 1783 3129 1848 absurdi,
3172 1785 3299 1853 quia
3349 1800 3451 1840 nec
3496 1784 3733 1840 Christo
3774 1802 3873 1842 nec

2270 1868 2413 1925 illius
2443 1878 2569 1926 sunt
2592 1872 2938 1943 evangelistis
2965 1883 3020 1930 et
3052 1874 3308 1945 apostolis
3348 1876 3869 1948 prophetarumqne

2269 1961 2505 2017 oraculis
2527 1962 2751 2030 creduli,
2780 1979 2879 2034 pro
2901 1979 2966 2020 eo
2991 1967 3133 2036 quod
3165 1981 3273 2022 non
3317 1966 3572 2022 habendo
3626 1971 3877 2025 testimo-

2267 2053 2418 2106 nium
2449 2053 2543 2108 Dei
2573 2053 2626 2108 in
2664 2068 2744 2120 se,
2771 2070 2877 2109 non
2904 2055 3133 2110 credunt
3175 2056 3232 2111 in
3281 2055 3420 2112 Filio
3466 2052 3593 2123 Dei,
3650 2059 3878 2113 menda-

2268 2158 2385 2198 cem
2417 2143 2622 2199 iaciunt
2646 2161 2794 2213 eum,
2821 2147 3078 2216 quoniam
3101 2163 3228 2230 .non
3273 2148 3501 2202 credunt
3528 2149 3586 2203 in
3620 2148 3875 2203 testimo-

2265 2236 2358 2290 nio
2386 2252 2493 2306 quo
2526 2237 2845 2294 testiﬁcatus
2888 2245 2974 2295 est
3017 2224 3161 2295 Deus
3206 2240 3274 2295 de
3301 2240 3436 2294 Filio
3470 2255 3573 2296 suo
3602 2259 3618 2295 :
3669 2238 3780 2294 Hie
3802 2252 3875 2296 est

2266 2324 2441 2383 Filius
2490 2346 2631 2401 meus
2666 2328 2908 2397 dilectus,
2940 2332 2995 2386 in
3023 2348 3126 2402 quo
3171 2324 3300 2386 mihi
3326 2331 3631 2404 comptae-ssi
3656 2348 3676 2385 :
3704 2334 3873 2403 ipsis.

2264 2420 2479 2486 audite;
2502 2436 2603 2476 nec
2634 2422 2800 2477 etiam
2827 2422 2967 2479 Filio
2992 2424 3172 2479 veraci
3197 2440 3446 2480 veracem
3471 2426 3781 2482 veritatem
3808 2426 3870 2481 de

2266 2527 2327 2567 se
2356 2512 2474 2581 ipso
2503 2513 2706 2569 dicenti
2736 2533 2749 2568 :
2782 2512 2842 2570 Si
2868 2532 2955 2570 vos
2992 2513 3167 2572 Filius
3197 2514 3517 2584 liberaverit,
3552 2537 3681 2574 nere
3721 2521 3871 2574 liberi

2261 2605 2429 2672 eritis,
2450 2615 2500 2659 et
2518 2606 2835 2675 cognoscetis
2862 2609 3156 2676 veritatem,
3180 2619 3228 2664 et
3250 2613 3440 2666 veritas
3470 2611 3730 2667 liberabit
3764 2630 3867 2668 eos.

2260 2694 2448 2768 Neque
2493 2699 2638 2753 enim
2662 2699 2807 2754 aliud
2849 2715 3047 2756 nomen
3071 2702 3139 2756 d‘e
3167 2702 3269 2757 sub
3298 2702 3457 2768 emlo,
3510 2711 3665 2759 teste
3713 2702 3869 2760 beato

2259 2788 2425 2846 Petro
2471 2791 2731 2861 apostolo,
2784 2792 2839 2847 in
2890 2809 2998 2863 quo
3048 2803 3296 2864 oporteat
3340 2795 3628 2852 hominem
3657 2797 3866 2853 salsum

2260 2880 2383 2935 ﬁeri
2408 2882 2511 2937 nisi
2535 2881 2589 2936 iu
2621 2882 2837 2939 nomine
2862 2882 3075 2939 Domini
3102 2886 3277 2940 nostri
3306 2884 3433 2942 Jesu
3452 2885 3696 2943 Christi.
3729 2888 3864 2944 Pro—

572 2973 700 3031 dum
736 2988 953 3032 carnem
982 2975 1103 3033 Filii
1132 2979 1226 3034 Dei
1267 2995 1583 3051 responsum
1625 2990 1708 3036 est
1750 2983 1827 3037 illi
1856 2997 1886 3037 a
1918 2981 2029 3038 Deo
2054 2981 2157 3037 Pa-
2254 2983 2378 3045 pter
2401 2975 2543 3046 quod
2570 2984 2626 3032 et
2664 2977 3135 3049 psalmigraphus:
3171 2977 3298 3035 Fiat
3338 2998 3530 3035 manus
3557 2991 3661 3036 tua
3690 3000 3849 3055 super

572 3070 697 3126 t're:
750 3060 817 3123 Et
868 3068 1173 3140 clariﬁcavi,
1231 3080 1279 3126 et
1323 3075 1514 3127 iterum
1566 3072 1887 3144 clariﬁcabo.
1942 3075 2018 3131 De
2046 3086 2154 3147 qua
2183 3137 2225 3160 η
2257 3066 2802 3124 υἱιάηιάείτιενωιιιω
2823 3078 2872 3124 et
2897 3087 3053 3142 super
3071 3070 3243 3140 ﬁlium
3289 3064 3520 3160 hominis
3547 3092 3713 3147 quem
3737 3094 3862 3131 con-

571 3160 740 3216 ctiam
770 3161 939 3216 isdem
968 3137 1060 3231 qui
1104 3177 1288 3233 supra,
1316 3164 1381 3220 de
1406 3170 1513 3235 quo
1539 3137 1739 3220 dictum
1766 3174 1866 3221 est.
1907 3164 2011 3221 Vas
2051 3137 2155 3222 ἑτε-
2181 3137 2233 3200 G
2256 3157 2483 3228 ﬁrmasti
2518 3160 2634 3226 tibi,
2658 3172 2704 3214 et
2724 3178 2827 3215 non
2856 3161 3174 3218 discedimus
3198 3182 3230 3218 a
3256 3174 3324 3220 te.
3353 3152 3658 3223 Enimvero
3684 3178 3863 3224 extor-

568 3252 756 3310 ctionis
786 3263 861 3310 est
898 3248 1046 3322 mihi,
1089 3266 1146 3311 ut
1185 3267 1351 3328 portet
1399 3270 1585 3313 nomen
1625 3276 1795 3313 meum
1828 3276 2003 3315 coram
2030 3278 2154 3332 gen-

2257 3265 2344 3305 res
2366 3249 2435 3305 ab
2463 3251 2566 3305 hac
2590 3252 2860 3307 tutissima
2886 3253 3137 3321 veritate,
3162 3256 3289 3325 quia
3309 3271 3413 3311 nec
3434 3248 3548 3312 Deo
3568 3252 3730 3313 Patri
3750 3275 3860 3315 cre-

567 3346 705 3402 tibus
732 3356 781 3401 et
825 3348 1027 3418 regibus
1075 3357 1123 3402 et
1167 3346 1293 3418 ﬁliis
1341 3348 1533 3417 Israel,
1564 3350 1637 3405 ita
1687 3350 2154 3409 luculentiusluce
2254 3341 2390 3397 dum
2426 3357 2600 3412 ηεψιε
2631 3340 2770 3397 Fili“
2804 3344 2939 3415 θῙηεν
2984 3358 3083 3400 nec
3127 3346 3292 3401 “iam
3335 3345 3428 3401 um
3471 3346 3856 3421 ιιιεοιοεοηιω

564 3432 899 3507 deprompsit
943 3436 1161 3493 dicens:
1189 3436 1444 3509 Optabam
1484 3457 1577 3512 ego
1604 3441 1882 3496 anathema
1918 3460 2027 3498 esse
2058 3461 2152 3516 pro
2253 3428 2529 3488 Christum
2552 3434 2645 3489 Dei
2670 3433 2865 3489 Filium
2887 3435 2941 3489 in
2961 3450 3124 3492 carne
3140 3436 3372 3503 venisse,
3390 3438 3755 3495 manifestum
3776 3448 3857 3496 est

566 3528 821 3600 fratribus
846 3530 994 3597 meis,
1028 3531 1117 3601 qui
1157 3538 1285 3587 sunt
1328 3530 1603 3599 Israelita},
1648 3550 1713 3589 ex
1753 3535 1940 3605 quibus
1976 3546 2149 3607 patres

2257 3539 2346 3580 eos
2366 3524 2731 3581 Antichristos
2758 3543 2901 3607 esse,
2929 3526 3140 3585 dicente
3165 3518 3400 3586 Joanne:
3445 3527 3558 3598 Qui
3589 3551 3704 3588 non
3726 3550 3850 3588 con-

565 3629 617 3675 et
662 3621 873 3692 adoptio
922 3631 969 3676 et
1019 3616 1300 3694 legislatio,
1354 3633 1401 3678 et
1450 3641 1515 3679 ea:
1555 3625 1741 3697 quibus
1789 3622 2029 3682 Christus
2071 3645 2152 3685 se-

568 3712 798 3767 cundum
828 3726 1053 3779 carnem,
1104 3715 1196 3786 qui
1229 3724 1302 3769 est
1344 3733 1500 3786 super
1546 3716 1720 3772 omnia
1764 3717 1904 3775 Deus
1936 3720 2147 3776 benedi-

565 3817 678 3865 ctus
716 3810 773 3864 in
806 3810 1020 3865 sarcula.
1073 3806 1212 3867 Ecce
1243 3808 1335 3882 qui
1376 3813 1668 3869 secundum
1726 3830 1945 3872 carnem
1987 3833 2149 3888 super

565 3900 747 3956 omnia
778 3894 918 3957 Deus
944 3896 1263 3959 benedictus
1288 3904 1341 3959 in
1382 3898 1575 3960 secula
1620 3908 1963 3978 praedicatur,
2012 3927 2149 3964 nun-

564 3990 692 4060 quid
718 4006 823 4044 non
845 4006 876 4045 a
902 3992 1177 4062 praphetis
1198 3994 1249 4048 in
1275 3989 1572 4064 Scripturis
1597 3999 1799 4053 sanctis
1819 3999 1979 4053 simili
2004 3999 2146 4057 fastu

562 4082 977 4153 praeconizatur,
1005 4084 1155 4154 juxta
1188 4086 1330 4156 quod
1353 4088 1706 4159 prophetatus
1727 4092 2146 4162 praedestinatus

566 4182 651 4231 est
675 4168 845 4230 Filius
880 4162 974 4232 Dei
998 4176 1051 4231 in
1079 4174 1321 4232 virtute?
1348 4176 1547 4251 Utique
1575 4184 1666 4252 qui
1692 4184 1757 4239 de
1780 4182 1997 4241 Christo
2022 4203 2147 4257 pro-

564 4265 837 4338 phetando
860 4268 1123 4338 praedixit,
1172 4260 1449 4339 Speciosus
1487 4271 1656 4341 forma
1686 4291 1796 4345 pra:
1827 4272 1953 4345 ﬁliis
1980 4277 2146 4334 homi-

564 4376 713 4440 num,
748 4366 801 4414 et
825 4368 1041 4425 caetera,
1073 4358 1138 4415 ile
1160 4364 1224 4417 eo
1244 4373 1563 4433 prosecutus
1585 4363 1816 4434 adjecit:
1844 4367 2007 4425 Sedes
2028 4381 2141 4440 tua,

561 4438 725 4517 Deus,
758 4448 809 4505 in
830 4444 1077 4506 sitculum
1108 4453 1305 4507 smculi.
1338 4454 1405 4508 Et
1427 4455 1516 4525 qui
1550 4456 1626 4510 ait
1656 4476 1668 4511 :
1702 4457 2009 4516 Benedictus
2051 4438 2141 4535 qui

559 4554 805 4599 venturus
851 4545 905 4599 in
936 4538 1147 4600 nomine
1186 4545 1417 4613 Domini,
1468 4551 1654 4606 subter
1700 4552 1864 4609 etiam
1895 4555 2073 4611 intulit
2121 4576 2133 4613 :

559 4636 702 4693 Deus
732 4637 985 4693 Dominus
1026 4644 1079 4694 et
1126 4634 1301 4696 illuxit
1348 4643 1513 4698 nobis.
1574 4644 1641 4699 Et
1685 4644 1853 4703 Isaias
1883 4664 2003 4703 cum
2056 4650 2138 4705 di-

559 4734 744 4783 ceret:
778 4716 992 4794 Rorate,
1020 4729 1151 4795 carli,
1174 4728 1413 4802 desuper,
1440 4744 1488 4788 et
1515 4735 1673 4790 nubes
1697 4737 1878 4807 pluunt
1891 4739 2135 4809 justum;

560 4820 833 4891 aperiatur
879 4830 1041 4889 terra,
1074 4830 1121 4876 et
1168 4826 1417 4894 germinet
1448 4824 1792 4894 Salratorem,
1842 4841 1888 4884 et
1925 4831 2136 4901 justitia

561 4909 767 4964 oriatur
808 4910 986 4979 simul,
1034 4929 1124 4984 ego
1155 4912 1409 4971 Dominus
1447 4922 1616 4973 creari
1644 4937 1781 4983 eum,
1817 4931 2138 4990 prosecutus

560 4998 753 5056 caetera
786 5004 851 5058 de
887 5003 1003 5075 eius
1030 5000 1449 5076 magniﬁcentia,
1475 5009 1527 5063 in
1552 5012 1895 5068 conclusione
1924 5013 2000 5070 sic
2021 5016 2132 5071 ait:

561 5078 787 5146 Tantum
816 5095 870 5149 in
899 5100 948 5179 te
972 5103 1067 5161 est,
1091 5092 1252 5163 Deus,
1290 5109 1337 5153 et
1387 5118 1489 5154 non
1526 5113 1600 5157 est
1633 5104 1823 5177 absque
1851 5112 1919 5175 te,
1952 5098 2089 5165 Deus
2113 5129 2135 5179 ;

557 5202 674 5242 vere
707 5196 763 5240 tu
813 5204 866 5242 es
907 5176 1047 5243 Deus
1097 5182 1454 5261 dbsconditus,
1494 5194 1633 5252 Deus
1663 5176 1833 5255 Israel
1880 5176 2130 5261 salvator.

556 5264 823 5333 Ieremias
851 5293 1093 5349 quoque:
1133 5274 1236 5348 Qui
1276 5282 1491 5355 perfecit
1524 5296 1713 5343 terram
1740 5291 1794 5345 in
1822 5294 2133 5364 sempiterno

557 5379 805 5443 tempore,
863 5372 945 5427 hic
979 5372 1120 5429 Deus
1168 5388 1342 5431 noster
1387 5391 1484 5446 est,
1523 5391 1571 5436 et
1630 5401 1731 5438 non
1788 5388 2134 5442 u'stimnbilttr

555 5462 695 5517 alius
740 5462 809 5516 ad
854 5462 1024 5518 illum.
1085 5458 1186 5520 Hic
1231 5460 1492 5526 adinvenit
1544 5490 1744 5527 onmem
1794 5475 1925 5530 viam
1976 5478 2135 5532 disci-

553 5552 733 5637 plinae,
772 5568 821 5612 et
861 5558 1005 5613 dedit
1034 5559 1179 5614 illam
1218 5559 1381 5617 Iacob
1426 5583 1586 5637 puero
1628 5584 1721 5621 suo
1752 5572 1803 5623 et
1850 5568 2021 5626 Israel
2044 5572 2128 5625 di-

554 5632 687 5727 lecto
724 5664 839 5703 suo.
886 5644 1013 5704 Post
1054 5650 1164 5705 Ιιωε
1201 5670 1357 5725 super
1399 5666 1589 5711 terram
1628 5658 1762 5713 risus
1806 5669 1902 5727 est,
1940 5671 1988 5715 et
2011 5672 2131 5719 cunt

553 5737 853 5800 hominibus
902 5752 1235 5804 conversatus
1260 5756 1357 5806 est.
1407 5746 1486 5807 De
1523 5766 1630 5823 quo
1678 5752 1965 5827 (propheta
2013 5755 2125 5812 lia-

2249 3614 2427 3683 fitetur
2443 3614 2625 3669 Iesum
2655 3616 2921 3673 Christum
2944 3621 3225 3675 venientem
3248 3623 3302 3676 in
3329 3640 3510 3690 carne,
3546 3624 3638 3679 hic
3670 3628 3751 3680 est
3775 3644 3855 3680 se-

2248 3696 2439 3761 ductor
2462 3717 2510 3762 et
2544 3707 2919 3765 Antichrist'us.
2964 3711 3032 3766 Et
3077 3711 3237 3767 item:
3281 3712 3465 3769 Omnis
3503 3716 3733 3786 spiritus
3760 3716 3852 3788 qui

2249 3802 2528 3871 conﬁtetur
2545 3798 2724 3858 Iesum
2745 3802 3013 3861 Christum
3034 3807 3088 3863 in
3111 3826 3269 3864 carne
3290 3812 3505 3877 uenisse,
3519 3829 3586 3866 es:
3610 3808 3731 3867 Deo
3748 3822 3845 3868 est.

2247 3892 2319 3949 Et
2351 3895 2518 3949 omnis
2549 3896 2765 3966 spiritus
2791 3898 2884 3969 qui
2914 3897 3062 3953 soluit
3084 3898 3366 3963 lenimen:
3383 3896 3495 3956 Deo
3527 3920 3638 3959 non
3663 3914 3777 3970 est;
3799 3913 3848 3961 et

2246 3986 2331 4042 hic
2355 3996 2431 4043 est
2465 3984 2834 4057 Antichristus,
2880 3984 3024 4061 quod
3059 3991 3282 4047 audistis
3327 3993 3576 4064 quoniam
3614 3998 3756 4051 venit
3798 4002 3847 4050 et

2245 4098 2384 4139 nunc
2407 4084 2461 4137 in
2484 4078 2676 4137 mundo
2705 4094 2798 4138 est.
2840 4082 2972 4150 Q’uis
2998 4090 3081 4139 est
3108 4086 3288 4139 autem
3328 4080 3421 4154 qui
3455 4083 3624 4139 solvit
3654 4084 3841 4141 Iesum

2244 4176 2349 4231 nisi
2377 4177 2468 4247 qui
2498 4176 2628 4232 dicit
2653 4179 2931 4249 proprium
2956 4192 3078 4234 eum
3101 4195 3223 4235 esse
3248 4176 3439 4234 Filium
3468 4177 3564 4234 Dei
3587 4190 3661 4234 ex
3704 4179 3841 4234 diﬁ-

2244 4267 2436 4336 nitate,
2478 4270 2787 4340 adoptivum
2814 4280 2993 4326 autem
3036 4288 3158 4328 esse
3204 4289 3269 4328 ex
3298 4288 3484 4337 carne,
3530 4272 3839 4328 dissolvens

2244 4377 2407 4416 unam
2434 4372 2720 4431 personam
2744 4362 2905 4420 unius
2929 4360 3056 4420 Jesu
3082 4358 3283 4420 Christi
3308 4364 3403 4418 Dei
3427 4364 3479 4418 iii
3518 4362 3661 4419 dua‘s
3703 4357 3838 4419 lilio—

2243 4468 2364 4508 rum
2388 4470 2649 4525 personas
2670 4457 2764 4511 Dei
2806 4457 3042 4512 hominis
3067 4473 3189 4513 cum
3232 4448 3502 4521 Nestorio,
3534 4462 3665 4512 cum
3701 4458 3834 4513 dui-

2242 4560 2360 4600 rum
2384 4554 2701 4600 naturarum
2725 4547 3023 4603 substantia
3048 4548 3236 4603 sitima
3251 4551 3305 4603 in
3324 4547 3796 4619 Christ
3812 4567 3847 4630 ς,

2240 4639 2493 4708 quoniam
2520 4632 2621 4694 Dei
2634 4638 2802 4695 Filius
2826 4641 2883 4696 in
2905 4641 3240 4713 proprietate
3261 4644 3583 4714 personata
3604 4641 3735 4697 ιηιι
3756 4643 3836 4697 οι

2237 4728 2442 4798 gnitate
2482 4729 2741 4785 adunavit
2783 4730 2886 4788 sibi
2926 4731 3201 4787 hominem
3224 4739 3284 4787 ut
3319 4736 3464 4788 esset
3502 4732 3837 4788 mare

2237 4827 2357 4873 stus
2380 4828 2435 4874 et
2466 4832 2607 4875 unus
2650 4821 2792 4877 Deus
2832 4830 2889 4878 et
2927 4836 3066 4879 unus
3105 4824 3201 4879 Dei
3239 4823 3407 4879 Filius
3445 4828 3593 4879 totas
3626 4816 3686 4878 in
3714 4826 3827 4879 suis

2235 4919 2291 4964 et
2318 4916 2459 4967 totus
2499 4912 2552 4967 in
2575 4913 2798 4979 nostris,
2840 4912 3112 4983 perfectus
3151 4915 3215 4969 in
3234 4914 3536 4979 divinitate,
3566 4922 3623 4970 et
3645 4915 3827 4985 perfe-

2236 5007 2357 5057 ctus
2403 5002 2459 5057 in
2503 5001 2859 5069 humanitate,
2910 5006 3104 5059 unicus
3156 5005 3467 5077 unigenitas
3501 5005 3597 5061 mi
3628 5006 3819 5062 litus.

2235 5090 2388 5159 Quod
2403 5104 2527 5148 cum
2547 5093 2729 5149 amitis
2752 5095 2967 5151 idoneis
2984 5082 3303 5152 testimoniis
3326 5104 3487 5167 capra
3509 5098 3818 5161 meum,

2235 5186 2288 5238 et
2309 5186 2548 5239 omnium
2573 5187 3030 5256 praedecessorum
3074 5186 3295 5242 Patrum
3342 5188 3566 5243 traditio
3602 5190 3819 5259 prima

2233 5273 2506 5332 catholica
2520 5277 2767 5346 dogmate
2813 5279 3205 5347 comprobavit,
3246 5286 3302 5333 et
3327 5277 3670 5349 synodalium
3693 5293 3821 5333 sau-

2233 5368 2470 5423 ctiitnnm
2494 5376 2611 5422 rata
2633 5369 3052 5440 inconvulsaque
3089 5370 3355 5426 sentcntia
3391 5369 3820 5439 dum,”

2232 5472 2350 5513 rum
2365 5459 2566 5514 illibata
2578 5458 2713 5514 fides
2727 5458 2830 5514 ista
2847 5461 3126 5532 singulari,
3143 5460 3457 5531 recipiendo
3470 5461 3821 5532 unigean

2229 5550 2427 5606 Filium
2445 5552 2539 5606 Dei
2570 5550 2622 5605 in
2646 5566 2813 5607 carne
2834 5553 3063 5616 venisse,
3103 5552 3255 5608 dedit
3290 5552 3373 5607 eis
3392 5559 3727 5622 potem
3742 5550 3815 5605 ε-

2227 5641 2329 5697 lius
2350 5642 2447 5697 Dei‘
2463 5643 2601 5706 lteri,
2622 5650 2681 5697 ut
2703 5642 2894 5699 tierent
2914 5644 3038 5699 Filii
3059 5644 3152 5699 Dei
3178 5642 3488 5714 adoptione,
3509 5644 3813 5699 secundum

2227 5731 2373 5806 quod
2392 5731 2607 5789 Domini
2631 5733 2728 5790 Dei
2764 5736 3062 5807 assumptio
3096 5743 3305 5802 nostra,
3331 5743 3387 5790 et
3427 5735 3606 5791 sancti
3630 5732 3809 5791 Israel
