4062 6332
167 311 302 368 N05

1404 276 1791 364 OPUSCULA.
1832 269 2076 364 opusc.
2114 308 2179 366 ιι.

3278 312 3421 370 nos
3491 289 3505 295 ’

163 424 305 494 regis
322 421 492 478 nostri
536 422 652 493 Ipse
671 430 850 476 autem
874 421 1008 476 dixit
1027 393 1321 489 assumptio
1338 428 1732 473 nostra.........
1764 415 1817 476 Α
1841 434 2004 489 super
2026 430 2232 491 gentes,
2254 422 2396 478 Deus
2421 424 2572 480 sedet
2591 439 2754 496 super
2771 424 2952 481 sedem
2973 434 3215 482 sanctam
3239 443 3416 494 suam,

163 512 429 583 refugium
459 513 599 568 istud
640 511 819 567 factus
845 518 929 565 est
968 508 1144 574 nobis,
1172 510 1298 580 quia
1339 509 1573 565 Verbum
1610 524 1740 564 caro

162 603 362 661 factum
402 614 505 669 est,
553 604 732 659 flendo
770 603 915 674 quod
957 618 1064 657 non
1101 608 1238 664 erat,
1289 616 1397 655 non
1443 601 1741 655 amittendo

163 700 301 770 quod
325 707 463 763 erat,
488 698 664 753 iiendo
686 697 828 751 Deus
847 696 1010 751 homo
1047 708 1113 751 ex
1133 694 1480 764 proprietatis
1506 692 1740 747 essentia

162 789 469 862 unigenitus
495 789 668 844 Filius
704 789 799 843 Dei
821 797 1007 843 nostra
1030 788 1328 854 assumptio
1365 794 1421 841 et
1448 785 1737 857 refugium,

162 893 222 939 ut
257 899 324 939 ex
366 884 466 938 hac
496 883 832 953 plenitudine
859 882 1047 952 gratiae
1096 880 1288 934 ﬁerent
1326 878 1573 934 homines
1619 877 1740 934 Filii

161 976 256 1033 Dei
279 976 582 1045 adoptione.
608 973 719 1039 Ille,
753 973 879 1043 quia
916 973 1068 1042 prius
1093 986 1271 1040 quam
1308 979 1522 1025 montes
1547 969 1742 1026 ﬁerent

159 1079 216 1123 et
239 1068 566 1125 iormaretur
590 1078 735 1119 terra
757 1072 812 1119 et
833 1062 1003 1139 orbis,
1030 1078 1061 1116 a
1103 1060 1302 1117 sarculo
1323 1069 1380 1116 et
1405 1062 1461 1115 in
1484 1060 1740 1116 smculum

160 1157 302 1214 Deus
324 1167 431 1223 est,
448 1167 505 1212 et
523 1172 590 1212 ex
622 1165 864 1226 tempore
909 1156 1073 1210 homo
1111 1152 1313 1218 lactus,
1352 1152 1652 1221 assumptio
1686 1157 1742 1206 et

160 1247 422 1319 refugium
453 1255 699 1303 nostrum
721 1254 843 1312 est;
882 1245 983 1310 illi,
1022 1244 1150 1313 quia
1190 1242 1307 1313 Ego
1356 1242 1491 1304 disci,
1532 1241 1631 1305 ait,
1665 1241 1742 1294 dii

159 1341 281 1395 estis
298 1349 347 1394 et
382 1338 482 1409 ﬁlii
504 1338 717 1392 Excelsi
748 1353 952 1401 omnes,
978 1342 1244 1405 quotquot
1283 1334 1635 1389 crediderunt
1679 1333 1736 1386 in

159 1446 302 1495 eum,
346 1430 492 1485 dedit
521 1430 601 1484 eis
634 1436 957 1499 potestatem
1004 1426 1145 1482 [illos
1182 1428 1277 1482 Dei
1324 1418 1462 1481 lieii.
1505 1425 1741 1481 Proinde

159 1523 440 1577 universos
460 1521 712 1576 admonet
735 1519 1027 1590 Apostolus
1053 1520 1274 1574 dicens:
1309 1516 1489 1572 Videte
1529 1534 1593 1571 ne
1626 1517 1740 1588 quis

158 1630 248 1668 vos
272 1612 495 1683 decipiat
516 1629 608 1683 per
634 1610 1018 1682 philosophiam
1046 1619 1094 1666 et
1134 1611 1342 1665 inanem
1371 1608 1640 1680 fallaciam
1661 1624 1743 1663 se-

1840 514 2096 584 quoniam
2137 518 2337 586 quippe
2363 518 2722 573 essentiallter
2749 524 2803 574 et
2831 532 2991 574 verus
3016 526 3098 574 est
3141 518 3284 576 Deus
3313 520 3419 577 Do-

1840 607 2021 663 minus
2053 608 2212 664 Iesus
2240 610 2508 675 Christus,
2530 612 2642 682 “qui
2672 612 2911 668 ascendit
2939 613 2994 666 in
3027 612 3225 668 cuilum
3254 621 3308 670 et
3334 628 3422 671 se-

1840 701 1932 755 det
1952 712 1980 753 a
2014 698 2219 756 dextris
2245 702 2361 768 Dei,
2394 703 2532 759 sicut
2574 703 3009 758 doctissimorum
3036 703 3256 759 Palmm
3287 718 3413 760 san-

1840 800 1942 848 etae
1969 790 2426 849 Chalcedonensis
2471 794 2659 864 synodi
2692 802 2926 849 testatur
2970 796 3280 852 auctoritas.
3327 794 3421 851 Ait

1840 884 1983 938 enim
2002 896 2017 937 :
2038 901 2057 933 ι
2088 882 2264 938 Unum
2281 883 2637 955 eumdemque
2655 884 2852 939 Filium
2873 884 3153 941 Dominum
3176 896 3419 943 nostrum

1839 972 2023 1028 Iesum
2046 973 2322 1030 Christum
2347 975 2591 1031 conﬁteri
2613 988 2977 1033 consonanter
2996 990 3184 1033 omnes
3203 979 3424 1034 instrui-

1839 1078 1965 1120 mur
1988 1074 2042 1121 et
2080 1068 2357 1135 docemur,
2398 1068 2697 1137 perlectum
2735 1070 2983 1125 eumdem
3024 1071 3081 1125 in
3124 1066 3422 1138 divinitate,

1839 1168 1895 1213 et
1918 1159 2220 1228 perfectum
2249 1160 2499 1216 eumdem
2527 1161 2583 1215 in
2624 1174 2805 1225 carne,
2837 1160 3006 1217 Deum
3034 1160 3299 1217 veraciter
3327 1162 3424 1216 ho—

1840 1250 2151 1321 minemque
2179 1251 2433 1308 eumdem
2468 1254 2645 1324 ipsum
2670 1255 2944 1309 veraciter
2964 1269 3030 1309 ex
3052 1254 3235 1309 anima
3257 1255 3424 1309 ratio-

1839 1342 1951 1396 nali
1985 1350 2041 1397 et
2061 1352 2307 1413 corpore,
2334 1346 2636 1411 omousion,
2661 1346 2714 1401 id
2747 1354 2831 1401 est
2868 1346 3028 1401 unius
3048 1347 3296 1402 essentia:
3324 1342 3426 1401 Pa-

1842 1436 1947 1490 tris
1971 1436 2267 1490 secundum
2288 1436 2642 1499 divinitatem,
2677 1442 2730 1492 et
2754 1438 3072 1492 homousion
3095 1432 3249 1492 nobis
3278 1451 3429 1491 eum-

1843 1529 1966 1583 dem
2000 1529 2175 1600 ipsum
2216 1530 2512 1584 secundum
2542 1529 2957 1595 humanitatem,
2983 1536 3083 1600 per
3124 1526 3303 1584 omnia
3334 1540 3432 1584 no—

1841 1619 1928 1676 bis
1955 1621 2160 1691 absque
2205 1621 2544 1676 solummodo
2587 1621 2797 1692 peccati
2829 1619 3127 1676 colluvione
3173 1619 3430 1686 similem,

160 1707 386 1761 cundum
413 1706 745 1761 traditionem
774 1704 1043 1759 hominum
1062 1714 1110 1758 et
1138 1720 1243 1759 non
1262 1703 1547 1757 secundum
1587 1700 1743 1756 Citri-
1768 1768 1814 1780 _
1844 1716 1970 1764 ante
1998 1709 2194 1765 smmla
2213 1704 2431 1780 quidem
2450 1711 2517 1765 de
2539 1710 2699 1764 Patfe
2720 1717 2900 1765 natum
2925 1708 3218 1767 secundum
3238 1706 3434 1764 divini-

156 1807 295 1852 stum
320 1811 339 1850 :
362 1799 485 1869 quia
510 1798 566 1852 in
591 1798 702 1868 ipso
746 1796 947 1850 habitat
968 1796 1136 1850 omnia
1155 1794 1422 1866 plenitudo
1450 1794 1739 1848 divinitatis
1768 1768 1818 1829 Β
1850 1808 2041 1867 tatem,
2072 1802 2127 1856 in
2156 1768 2469 1858 nouissimis
2496 1811 2681 1858 autem
2725 1802 2915 1858 diebus
2960 1801 3212 1856 eumdem
3253 1801 3429 1871 ipsum

159 1878 519 1959 corporaliter,
546 1898 595 1943 et
627 1888 748 1942 estis
778 1888 832 1943 in
860 1886 954 1942 illo
977 1886 1177 1957 repleti.
1205 1886 1320 1942 Non
1351 1886 1490 1941 dixit
1527 1885 1744 1956 spirita—

158 1981 301 2048 liter,
338 1981 432 2037 sed
467 1980 831 2052 corporaliter,
880 1989 941 2035 ut
984 1995 1170 2035 veram
1211 1979 1573 2050 intelligamus
1619 1976 1747 2032 sub-

159 2072 417 2127 stantiam
438 2073 638 2137 carnis,
669 2072 761 2127 ubi
784 2080 869 2127 est
894 2071 1171 2142 plenitudo
1190 2071 1506 2136 divinitatis,
1540 2070 1748 2125 habita—

159 2165 239 2219 tio
263 2165 603 2236 corporalis:
635 2179 743 2233 qua
772 2164 958 2235 utique
1001 2164 1166 2219 etiam
1216 2171 1329 2219 tota
1378 2162 1618 2232 repletur
1654 2161 1750 2217 Ec-

158 2258 351 2325 clesia,
377 2273 498 2328 qua:
526 2259 801 2314 inhaerens
823 2258 989 2328 capiti
1022 2272 1219 2328 corpus
1242 2260 1329 2312 est
1354 2255 1558 2311 Christi
1582 2271 1595 2321 ;
1622 2269 1750 2324 pro-

156 2361 285 2424 pter
309 2351 451 2421 quod
474 2350 685 2407 Domini
711 2352 1010 2421 assumptio
1046 2357 1255 2416 nostra,
1287 2358 1345 2405 et
1367 2348 1565 2415 sancti,
1582 2346 1751 2404 Israel

161 2444 315 2514 regis
341 2444 540 2510 nostri,
566 2454 625 2498 ut
661 2446 755 2513 qui
797 2445 1008 2499 haliitat
1050 2444 1107 2499 in
1149 2443 1421 2511 adjutorio
1462 2440 1747 2507 Altissimi,

116 2536 123 2540 ’
161 2534 220 2590 in
264 2535 605 2604 protectione
660 2535 763 2590 hac
803 2535 1015 2588 Domini
1064 2543 1467 2588 commoretur:
1498 2532 1752 2586 videlicet

159 2633 225 2681 ut
262 2639 392 2680 vera
434 2625 558 2680 ﬁdei
595 2626 937 2682 confessione
964 2627 1111 2681 dicat
1154 2626 1418 2681 Domino:
1470 2622 1752 2696 Susceptor

159 2733 309 2772 meus
353 2733 407 2771 es
458 2726 515 2770 tu
579 2726 628 2771 et
680 2717 938 2788 refugium
984 2728 1176 2782 meum,
1213 2717 1352 2772 Deus
1407 2732 1573 2771 meus.
1630 2715 1749 2772 Non

166 2809 569 2878 nuncupativus
616 2808 778 2874 Deus,
832 2826 939 2865 non
987 2811 1271 2879 adoptivus
1316 2822 1373 2866 et
1420 2810 1609 2876 falsus,
1653 2811 1751 2865 sed

159 2902 462 2959 secundum
502 2901 662 2960 ο(ιῦἰὲ
709 2906 1005 2975 assumptio
1045 2913 1229 2960 nostra
1259 2913 1314 2961 et
1360 2906 1532 2961 sancti
1584 2903 1752 2960 israel

160 2994 309 3063 regis
360 2996 552 3061 nostri,
604 3002 884 3067 susceptor
937 3006 993 3052 et
1042 2997 1310 3069 refugiunt
1352 2997 1499 3053 Deus
1541 3004 1625 3053 est
1652 3012 1751 3051 no-

159 3096 299 3153 ster,
330 3089 627 3143 secundum
662 3089 716 3145 id
742 3088 886 3159 Quod
907 3088 1049 3146 Deus
1083 3097 1191 3156 est,
1216 3090 1520 3145 essmrialis
1550 3101 1747 3145 secun-

159 3181 299 3236 dum
319 3181 463 3250 quod
488 3196 683 3237 nomen
709 3189 796 3237 est
841 3182 980 3251 ejus,
1010 3184 1085 3238 ita
1115 3191 1170 3238 et
1207 3183 1327 3238 laus
1349 3182 1487 3251 ejus,
1536 3185 1749 3239 dicente

158 3273 436 3346 Propheta
462 3289 479 3330 :
507 3272 801 3329 Secundum
842 3289 1028 3330 nomen
1054 3286 1221 3341 tuum,
1246 3268 1408 3342 Deus,
1453 3278 1531 3331 sic
1554 3286 1605 3331 et
1630 3276 1749 3331 laus

158 3375 260 3421 tua
304 3366 360 3420 in
397 3365 528 3434 ﬁnes
570 3373 742 3419 terrm.
788 3365 929 3420 Nam
971 3374 1019 3420 et
1064 3366 1172 3437 ipse
1220 3367 1363 3420 Deus
1395 3376 1537 3420 meus
1583 3374 1632 3420 et
1665 3380 1753 3420 sa-

160 3451 358 3514 lutaris
386 3468 555 3521 meus,
594 3467 863 3527 susceptor
905 3472 1067 3522 meus,
1097 3473 1200 3511 non
1237 3458 1476 3512 movebar
1503 3457 1750 3526 amplius,

157 3552 293 3622 quia
318 3552 427 3621 ipse
455 3550 597 3604 Deus
620 3554 766 3604 meus
796 3558 845 3603 et
867 3549 1098 3604 saltator
1138 3562 1308 3616 meus,
1340 3551 1559 3620 adjutor
1580 3562 1748 3617 ruens,

162 3658 275 3697 non
296 3641 579 3711 migrabo.
606 3640 664 3695 In
706 3640 818 3696 Deo
842 3654 975 3711 ergo
1017 3640 1240 3696 salutari
1272 3655 1392 3697 meo
1428 3641 1599 3713 gloria
1627 3654 1751 3696 mea

164 3734 314 3789 Dens
361 3735 545 3790 auxilii
588 3730 695 3789 mei
719 3740 775 3790 et
801 3740 924 3804 spes
966 3740 1089 3789 mea
1113 3735 1169 3790 in
1218 3735 1328 3790 Deo
1367 3742 1472 3801 est,
1502 3735 1593 3805 qui
1626 3746 1753 3791 vere

167 3828 316 3883 Deus
341 3834 427 3883 est
452 3838 519 3884 ex
550 3828 758 3884 duabus
784 3829 1105 3884 substantiis
1137 3828 1447 3900 unigenitus
1469 3829 1564 3883 Dei
1595 3825 1753 3883 Iesus

165 3921 418 3977 Christus
434 3916 597 3977 Filius
618 3921 731 3987 Dei,
758 3937 787 3977 a
802 3936 907 3992 quo
928 3936 1033 3977 non
1052 3918 1309 3978 movebor
1328 3921 1621 3986 dubietate,
1646 3935 1753 3976 non

165 4014 450 4083 emigraho
501 4013 724 4069 alterius
781 4014 848 4068 ad
901 4013 1203 4076 culturam,
1263 4012 1521 4082 quoniam
1583 4010 1753 4067 Deum

167 4106 356 4161 nescio
384 4106 548 4160 alium
581 4114 781 4175 praeter
809 4122 953 4162 eum.
982 4105 1099 4177 Ipse
1122 4107 1215 4177 qui
1254 4113 1338 4162 est
1363 4104 1529 4173 Deus,
1568 4093 1755 4161 etnon

167 4198 525 4253 mstimabitur
548 4198 686 4253 alius
705 4199 772 4253 ad
802 4198 972 4253 illum.

244 4286 389 4343 Sane
430 4288 556 4357 (mia
603 4288 746 4342 idem
787 4288 928 4343 Deus
972 4287 1225 4343 salutaris
1250 4296 1536 4359 susceptor
1582 4304 1750 4352 meus,

171 4393 333 4450 quem
367 4380 519 4451 virgo
568 4381 815 4450 concepit
859 4389 913 4435 et
964 4383 1193 4451 peperit,
1246 4381 1561 4446 Emanuhel,
1615 4380 1756 4450 quod

1847 1901 2073 1963 propter
2125 1906 2223 1947 nos
2251 1901 2307 1948 et
2337 1900 2563 1963 propter
2587 1900 2827 1949 nostram
2875 1893 3105 1948 salutem
3151 1907 3216 1950 ex
3264 1886 3433 1947 Maria

1850 1985 2063 2055 virgine
2092 1985 2380 2040 theotocon
2406 1985 2461 2040 id
2486 1993 2571 2041 est
2593 1985 2689 2041 Dei
2721 1987 2982 2058 genitrice
3011 1986 3307 2043 secundum
3329 1986 3434 2040 hu-

1848 2076 2189 2140 manitatem,
2217 2089 2387 2130 unum
2422 2075 2783 2146 eiusdemque
2806 2076 3085 2132 Christum
3112 2076 3309 2131 Filium
3337 2075 3433 2130 Dei

1850 2166 2020 2222 Deum
2063 2168 2403 2239 unigenitum
2455 2168 2510 2222 in
2568 2168 2776 2223 duabus
2816 2168 3046 2232 naturis,
3101 2167 3218 2221 sine
3246 2163 3435 2221 confu-

1850 2257 2024 2324 sione,
2056 2258 2175 2312 sine
2201 2258 2575 2326 eonversione,
2615 2258 2734 2314 sine
2757 2258 3039 2323 divisione,
3070 2256 3190 2312 sine
3214 2269 3433 2327 separa-

1850 2351 2000 2406 tione
2045 2352 2398 2419 noscendum,
2444 2366 2711 2423 nusquam
2757 2361 3079 2406 naturarum
3123 2348 3425 2405 differentia

1849 2455 1949 2512 per
1976 2447 2238 2498 unitatem
2272 2443 2486 2513 penitus
2521 2449 2873 2509 commutata,
2910 2441 3083 2513 magis
3110 2448 3293 2496 autem
3328 2436 3435 2494 sal-

1849 2546 1919 2586 va
1943 2533 2283 2602 proprietate
2323 2533 2607 2602 utriusque
2633 2538 2839 2587 naturae
2872 2542 2929 2587 et
2967 2532 3021 2585 in
3050 2542 3210 2585 unam
3240 2536 3438 2586 eccun-

1851 2629 1906 2677 te
1932 2636 2242 2692 personam,
2273 2637 2374 2678 nee
2409 2623 2466 2678 in
2504 2623 2638 2678 duas
2666 2623 2896 2677 divisum
2922 2621 3289 2691 partitumque
3313 2634 3437 2691 per-

1850 2731 2033 2782 sonas,
2065 2731 2229 2771 unum
2272 2716 2633 2785 eumdemque
2671 2708 2869 2770 Filium
2899 2714 3232 2784 unigenitum
3262 2712 3433 2767 Deum

1849 2825 2039 2865 verum
2064 2808 2249 2865 Iesum
2272 2810 2549 2864 Christum
2576 2800 2862 2863 Dominum
2892 2807 3230 2864 confitemur.
3255 2824 3274 2859 ι
3302 2804 3429 2861 Hac

1850 2910 1936 2957 est
1960 2910 2149 2957 sancta
2179 2901 2331 2967 fides,
2361 2899 2616 2956 inviolata
2642 2900 2863 2965 veritas,
2895 2899 3266 2977 amplectenda
3290 2912 3428 2967 pra:-

1852 2997 2072 3061 dicatio,
2105 3008 2267 3066 quam
2298 2996 2495 3051 merito
2536 3002 2635 3066 per
2670 2994 2929 3064 Spiritum
2962 3002 3209 3048 sanctum
3236 3002 3431 3046 conve-

1851 3091 2065 3144 nienter
2088 3088 2313 3144 effusam
2340 3102 2438 3159 per
2478 3094 2655 3142 totum
2694 3086 2952 3141 mundum
2980 3082 3245 3139 catholica
3273 3078 3438 3136 couti-

1851 3188 1996 3238 tetur
2021 3180 2279 3236 Ecclesia.

1923 3276 2191 3332 Caeterum
2230 3274 2359 3345 quia
2397 3274 2660 3342 scriptum
2701 3277 2785 3326 est
2816 3287 2831 3323 :
2868 3264 3048 3324 Nolite
3082 3265 3425 3338 multiplicari

1855 3368 1999 3439 loqui
2027 3365 2271 3421 sublimia
2299 3364 2605 3434 gloriantes,
2634 3361 2881 3433 quoniam
2910 3354 3049 3414 Deus
3090 3359 3429 3414 scientiarum

1854 3456 2136 3519 Dominus,
2175 3463 2224 3507 et
2261 3454 2362 3521 ipsi
2389 3460 2760 3523 praparantur
2795 3450 3155 3521 cogitationes,
3189 3447 3435 3519 quamvis

1852 3549 2024 3604 multa
2064 3546 2474 3619 suppeditentur
2512 3543 2671 3599 fateri
2715 3545 2779 3600 de
2814 3544 2915 3598 hac
2957 3543 3229 3597 individua
3254 3540 3347 3596 Dei
3377 3546 3432 3596 et

1854 3641 2090 3697 hominis
2131 3655 2195 3694 es
2225 3637 2435 3693 duabus
2472 3635 2792 3691 substantiis
2822 3648 2931 3688 una
2958 3633 3177 3688 deitatis
3207 3644 3435 3703 persona

1853 3730 2116 3802 unigeniti
2136 3730 2259 3784 Filii
2282 3728 2681 3794 Dei,credenda
2704 3735 2830 3783 sunt
2853 3727 2953 3780 ista
2977 3740 3080 3780 non
3109 3724 3246 3779 ultra
3269 3737 3432 3792 quam

1856 3838 2045 3894 sapere
2072 3825 2356 3894 quisquam
2386 3829 2441 3877 et
2463 3812 2763 3892 intelligere
2789 3824 2970 3890 potest
3008 3806 3263 3873 cociendo
3314 3814 3432 3889 (sic)

1855 3917 2195 3988 astipulanda
2221 3934 2233 3968 :
2262 3916 2404 3970 sicut
2433 3928 2534 3969 nec
2558 3913 2781 3968 omnino
2806 3910 3079 3982 quomodo
3103 3908 3246 3964 Deus
3272 3906 3435 3963 Pater

1854 4009 2025 4065 Deum
2060 4007 2306 4079 genuerit
2330 4005 2525 4061 Filium
2561 4020 2576 4059 :
2605 4004 2749 4074 quod
2779 4012 2834 4059 et
2872 4002 3047 4075 angeli
3078 4001 3344 4066 nesciunt,
3376 4006 3434 4055 et

1853 4101 2133 4173 prophetis
2152 4108 2237 4155 est
2254 4098 2506 4154 inscium.
2532 4095 2684 4152 Unde
2706 4094 2835 4151 illud
2855 4104 2941 4151 est
2960 4095 3160 4150 dictum
3181 4112 3193 4147 :
3214 4091 3438 4147 Genera-

1857 4196 2045 4250 tionem
2071 4193 2185 4264 ejus
2212 4194 2329 4264 quis
2356 4189 2659 4245 enarrabit?
2684 4186 2856 4256 Quam
2878 4197 3143 4244 secretam
3170 4187 3435 4256 originem

1856 4300 1979 4340 cum
2005 4285 2227 4355 proprio
2260 4282 2400 4337 Filio
2432 4280 2585 4335 novit
2613 4281 2729 4350 ipse
2757 4278 2905 4335 solus
2929 4278 3017 4348 qui
3052 4279 3254 4348 genuit,
3275 4273 3433 4344 juxta

1857 4366 1998 4448 quod
2036 4376 2275 4446 ejusdem
2312 4374 2622 4446 unigenitus
2660 4372 2789 4427 dicit
2824 4391 2837 4425 :
2868 4370 3034 4425 Nemo
3067 4370 3203 4445 novit
3233 4367 3433 4423 Filium

169 4473 593 4541 interpretatum
616 4473 813 4527 dicitur
842 4471 1131 4528 Nobiscum
1161 4473 1319 4538 Deus,
1363 4481 1421 4527 ut
1448 4475 1518 4528 sit
1564 4474 1746 4528 Domi-
1773 4486 1828 4546 Ῑ)
1857 4471 1959 4525 nisi
1985 4465 2165 4534 Pater,
2193 4474 2242 4521 et
2274 4464 2490 4519 Patrem
2532 4480 2681 4519 nemo
2722 4464 2863 4518 norit
2895 4462 2999 4516 nisi
3033 4459 3232 4527 Filius,
3264 4469 3313 4515 et
3349 4462 3434 4517 cui

171 4579 279 4619 nus
319 4563 581 4618 virtutum
626 4565 907 4619 nobiscum
932 4554 1240 4636 'susceptor
1282 4575 1470 4621 noster
1496 4564 1636 4621 Deus
1662 4563 1754 4619 Ja-

173 4656 298 4721 cob,
337 4655 585 4709 hortatur
607 4653 828 4710 dicens:
876 4654 1069 4711 Vacate
1104 4658 1341 4712 etridete
1377 4656 1625 4729 quoniam
1664 4664 1758 4727 ego

174 4764 293 4805 sum
322 4748 483 4815 Deus,
528 4749 673 4804 Deus
719 4750 940 4819 inquam
969 4752 1055 4805 cui
1105 4754 1269 4807 etiam
1325 4754 1537 4809 cadenti
1586 4762 1761 4809 morte

176 4845 356 4899 carnis
380 4845 693 4915 prophetiae
718 4846 963 4901 canitur:
1006 4846 1194 4915 Surge,
1231 4844 1392 4911 Deus,
1429 4848 1616 4919 judico
1656 4858 1761 4902 ter-

177 4948 310 4998 ram,
360 4936 608 5005 quoniam
635 4944 693 4989 tu
742 4926 1163 4991 hiereditabis‘in
1212 4937 1446 4991 omnibus
1494 4940 1750 5008 gentibus,

177 5028 359 5097 quicq.
397 5026 646 5081 ascendit
678 5027 819 5083 Deus
865 5028 915 5082 in
948 5028 1267 5101 juhilatione
1307 5032 1364 5085 et
1392 5029 1654 5086 Dominus
1699 5031 1754 5086 in

179 5132 310 5175 voce
361 5118 538 5185 tubae;
574 5117 869 5174 secundem
920 5122 1067 5190 quod
1098 5128 1151 5176 et
1188 5120 1347 5177 dicit:
1393 5120 1612 5176 Psallire
1644 5120 1757 5175 Dea

179 5212 268 5281 qui
312 5210 550 5264 ascendit
587 5222 742 5280 super
764 5209 946 5264 celum
978 5211 1093 5264 caeli
1120 5212 1187 5265 ad
1229 5211 1497 5266 orientem.
1528 5210 1760 5282 Pmpter

182 5296 325 5375 quod
353 5305 525 5375 inquit
550 5299 835 5359 Psahnista
863 5321 877 5359 :
919 5302 1141 5360 Psallite
1180 5305 1289 5361 Deo
1325 5316 1525 5372 nostro,
1552 5300 1758 5378 psallite

183 5402 293 5472 regi
320 5416 514 5470 nostra,
543 5401 791 5475 quoniam
832 5416 925 5455 rea:
950 5400 1118 5457 amnis
1147 5406 1321 5469 terra,
1354 5400 1517 5470 Deus,
1544 5399 1765 5473 psallite

182 5499 455 5568 sapienter.

256 5584 369 5664 Non
410 5602 538 5660 ergo
582 5586 831 5659 insipide,
880 5587 977 5643 sed
1003 5627 1016 5641 .
1067 5626 1082 5640 .
1122 5626 1137 5641 .
1182 5626 1196 5641 .
1228 5626 1243 5642 .
1275 5627 1289 5643 .
1329 5628 1342 5641 .
1379 5626 1393 5641 .
1435 5596 1531 5642 rex
1585 5588 1766 5643 omnis

190 5692 345 5736 terra:
388 5678 551 5745 Deus,
582 5681 673 5750 qui
704 5679 982 5736 descendit
1015 5685 1070 5734 et
1097 5677 1341 5735 ascendit
1376 5680 1640 5734 mediator
1668 5678 1766 5735 Dei

190 5778 243 5830 et
294 5771 571 5829 hominum
617 5772 780 5829 homo
820 5769 1068 5831 Christus
1104 5768 1282 5842 Iesus,
1337 5773 1582 5845 regnavit
1620 5774 1767 5831 Deus

1851 4563 2071 4618 voluerit
2100 4559 2270 4614 Filius
2311 4558 2554 4613 revelare.
2574 4556 2702 4623 Sed,
2736 4566 2796 4611 ut
2822 4550 3061 4612 breviter
3086 4556 3285 4621 dicam,
3322 4550 3435 4610 suf-

1855 4658 1968 4714 ﬁcit
2001 4670 2098 4710 nos
2127 4653 2267 4709 scire
2298 4652 2421 4723 quia
2450 4652 2539 4706 lux
2569 4648 2755 4721 genuit
2780 4648 3140 4721 splendorem,
3168 4648 3428 4719 propheta

1861 4757 2094 4806 tcstante
2126 4765 2141 4803 :
2176 4745 2244 4800 In
2280 4742 2643 4815 splendoribus
2687 4751 2988 4797 sanctorum
3032 4756 3097 4797 ea:
3136 4748 3281 4795 utero
3317 4751 3437 4796 ante

1860 4840 2139 4913 luciferum
2181 4838 2334 4910 genui
2383 4847 2449 4890 te.
2505 4832 2704 4890 Lucem
2759 4844 2936 4890 autem
2984 4833 3142 4889 istam
3191 4832 3332 4887 absit
3378 4842 3437 4886 ut

1862 4936 2149 5005 quisquam
2180 4930 2479 4985 arbitretur
2502 4940 2839 4996 corpoream,
2882 4925 2979 4981 sed
3014 4923 3189 4979 lucem
3226 4923 3437 4993 sapien—

1862 5030 1952 5084 tia:
1977 5040 2180 5085 veram.
2213 5039 2332 5094 qua:
2360 5020 2629 5077 illuminat
2656 5032 2872 5075 omnem
2908 5017 3186 5073 hominem
3209 5016 3433 5070 venien-

1864 5124 1973 5176 tem
2004 5120 2061 5174 in
2090 5118 2349 5173 mundum
2376 5133 2389 5169 :
2417 5116 2471 5170 in
2499 5130 2606 5185 quo
2635 5113 2838 5168 lumine
2868 5110 3097 5167 obtentu
3121 5106 3245 5165 ﬁdei
3273 5110 3437 5165 credo

1864 5211 2097 5281 itiipsnm
2142 5206 2313 5263 visuri
2360 5208 2563 5262 erimus
2603 5205 2807 5270 lumen,
2851 5204 3142 5258 seduntlum
3186 5199 3333 5272 quod
3380 5214 3413 5256 e'

1864 5304 2177 5378 psaltiziicus
2197 5309 2348 5357 vates
2371 5315 2526 5356 sacro
2548 5312 2845 5354 cano.......
2860 5295 3104 5368 quoniam
3127 5293 3269 5366 apud
3290 5304 3340 5348 te
3361 5300 3438 5346 est

1868 5397 1986 5467 fons
2015 5398 2154 5459 vitm,
2185 5391 2379 5462 adjecit
2405 5399 2454 5446 et
2490 5392 2544 5444 in
2581 5388 2775 5443 lumine
2806 5396 2897 5441 tuo
2928 5384 3210 5441 videbimus
3240 5382 3432 5437 lumen.

1866 5488 2140 5545 Interdum
2175 5487 2527 5557 quoadusque
2559 5483 2660 5537 iste
2695 5480 2972 5537 illucescat
3006 5479 3122 5534 dies
3163 5484 3218 5533 et
3248 5473 3440 5531 lucifer"

1869 5583 2076 5637 oriatur
2113 5581 2166 5634 in
2198 5577 2452 5653 cordi-bus
2485 5574 2706 5637 nostris,
2752 5581 2932 5645 spreta
2971 5570 3188 5627 infanda
3221 5566 3438 5623 hmreti—

1869 5689 2056 5730 eorum
2101 5678 2425 5732 commenta,
2459 5666 2770 5721 ﬁrmissime
2809 5671 3057 5719 teneatur
3089 5659 3203 5731 spei
3242 5664 3439 5711 nostra

1870 5768 2040 5826 solida
2086 5763 2309 5831 veritas,
2355 5759 2507 5817 verbi
2557 5760 2828 5819 incarnati
2878 5758 3058 5815 unitas
3109 5769 3176 5811 ex
3225 5751 3437 5811 duabus
