4062 6332
753 295 889 361 1407

1766 303 1825 361 S.
1862 296 2224 360 BENEDICTI
2263 302 2556 361 ABBATIS
2592 304 3012 361 ANIANENSIS

3796 330 3872 392 Μ

750 425 1069 485 substantiis
1092 425 1255 481 unius
1279 438 1522 496 persona:
1544 423 1669 479 Filii
1703 423 1798 479 Dei
1826 425 1932 479 vivi
1957 423 2083 479 Jcsu
2118 422 2316 477 Christi
2344 424 2396 482 A
2488 420 2598 476 Nec
2620 420 2854 477 Verbum
2877 422 3052 492 igitur
3075 422 3133 478 in
3158 437 3404 490 carnem,
3427 443 3522 483 nec
3539 446 3652 490 caro
3672 436 3714 492 in
3731 440 3871 507 Verbum

749 519 960 575 Domini
1010 518 1210 584 nostri;
1247 524 1307 571 ut
1333 516 1563 588 cognitis
1606 524 1814 571 naturae
1837 516 2119 584 utriusque
2148 514 2314 568 docu-

747 610 969 675 mentis,
1001 616 1057 664 et
1096 608 1318 663 verbum
1356 608 1411 662 in
1446 606 1664 662 Christo
1696 606 1915 662 homine
1948 614 2004 661 et
2041 605 2314 661 Christum

748 700 1021 754 hominem
1051 700 1338 753 adoremus
1362 698 1415 752 in
1440 698 1634 753 verbo:
1663 698 1915 768 quoniam
1944 697 2317 767 promulgante

746 790 905 846 beato
924 790 1110 845 Leone
1150 805 1310 860 papa,
1342 789 1408 854 si,
1447 797 1609 859 prout
1639 788 1930 859 Apostolus
1968 788 2062 854 ait,
2091 787 2183 857 qui
2222 787 2317 842 ad-

746 881 917 939 haeret
939 882 1081 946 Deo,
1119 898 1257 936 unus
1291 882 1515 952 spiritus
1542 889 1653 947 est,
1685 883 1853 937 multo
1884 882 2053 952 magis
2082 880 2316 936 Verbum

747 989 874 1031 caro
900 971 1099 1027 factum
1135 988 1275 1027 unus
1301 982 1387 1027 est
1408 972 1674 1038 Christus,
1700 974 1788 1028 ubi
1821 973 1954 1028 nihil
1982 981 2067 1029 est
2094 971 2316 1028 alterius

745 1074 954 1120 natura:
983 1064 1126 1135 quod
1152 1079 1258 1119 non
1289 1063 1360 1118 sit
1387 1063 1669 1134 utriusque
1697 1064 2008 1134 subjiciens.

812 1157 931 1214 Non
979 1175 1107 1231 ergo
1161 1160 1501 1216 inﬁrmemur
1550 1161 1605 1216 in
1651 1161 1876 1217 consilio
1929 1160 2315 1217 misericordia:

741 1248 859 1314 Dei,
897 1267 1017 1320 qua:
1047 1267 1146 1307 nos
1181 1260 1238 1307 et
1276 1252 1593 1309 innocentiae
1640 1252 1897 1308 reformet
1926 1263 1982 1309 et
2020 1253 2162 1308 vitae.
2200 1253 2312 1309 Nec

740 1340 867 1408 quia
908 1339 964 1395 in
992 1339 1271 1397 Salvatore
1309 1352 1496 1399 nostro
1532 1343 1814 1399 manifesta
1856 1345 2199 1414 agnoscimus
2225 1359 2317 1415 ge-

741 1430 884 1485 mina
924 1432 1075 1503 signa
1120 1442 1357 1495 natura),
1399 1443 1493 1489 aut
1535 1435 1589 1489 in
1633 1435 1800 1504 gloria
1842 1436 1934 1490 Dei
1982 1438 2048 1491 de
2089 1437 2315 1491 veritate

742 1523 947 1589 carnis,
987 1532 1082 1580 aut
1116 1525 1172 1580 in
1210 1526 1513 1581 humilitate
1542 1528 1779 1583 hominis
1807 1528 1874 1583 de
1906 1529 2107 1584 deitate
2140 1528 2312 1598 maje-

741 1613 899 1667 statis
930 1613 1199 1670 ullatenus
1231 1616 1539 1672 dubitemus
1578 1634 1591 1670 :
1628 1619 1756 1689 quia
1791 1619 1930 1675 idem
1959 1620 2121 1675 homo
2147 1628 2229 1675 est
2257 1621 2313 1675 in

740 1701 913 1759 forma
947 1706 1039 1761 Dei
1076 1708 1166 1777 qui
1198 1706 1427 1762 formam
1457 1710 1659 1779 recepit
1685 1710 1851 1777 servi,
1880 1712 2022 1767 idem
2053 1720 2108 1768 et
2133 1712 2315 1769 incor-

2418 521 2625 567 mutata
2658 522 2768 578 est;
2803 514 2896 568 sed
2924 522 3240 584 utrumque
3269 516 3325 570 in
3354 533 3456 573 uno
3480 534 3658 591 manet,
3680 539 3722 582 et
3737 541 3871 596 um“

2418 610 2651 672 utroque
2692 610 2796 669 est,
2840 618 2944 657 non
2993 605 3330 662 diversitate
3376 609 3584 676 divisus,
3614 632 3701 673 non
3730 629 3869 690 pem.

2419 695 2561 748 tione
2587 693 2860 750 confusus.
2904 694 3029 751 Non
3066 697 3217 752 alius
3245 713 3312 754 ex
3343 698 3516 768 Patre,
3541 705 3659 762 alius
3681 725 3733 763 ex
3753 726 3866 784 matre;

2419 784 2681 839 sed‘idem
2708 785 2847 841 alter
2872 801 2937 841 ex
2961 786 3140 843 Patre
3168 797 3299 844 ante
3327 806 3482 848 omne
3504 797 3780 869 principium,
3797 808 3868 866 alter

2418 875 2484 930 de
2521 884 2692 933 matre
2732 878 2787 933 in
2814 878 2918 934 ﬁne
2955 880 3333 948 saeculorum;
3375 894 3433 940 ut
3460 898 3592 944 esset
3614 895 3865 958 mediatode

2417 972 2471 1019 et
2502 966 2779 1023 hominum
2809 970 2973 1024 homo
2999 970 3269 1028 Christus
3293 973 3470 1041 Iesus,
3512 979 3560 1033 in
3593 995 3685 1049 quo
3706 985 3866 1047 habitaret

2413 1057 2691 1127 plenitudo
2723 1060 3029 1118 divinitatis
3062 1065 3447 1135 corporaliter.
3480 1069 3648 1127 Totum
3672 1075 3789 1146 igitur
3805 1098 3864 1136 cor-

2412 1169 2514 1223 pus
2547 1154 2733 1226 implet
2770 1165 2883 1212 tota
2915 1156 3219 1225 divinitas;
3251 1170 3311 1215 et
3336 1162 3473 1216 sicut
3509 1165 3627 1219 nihil
3657 1170 3769 1223 deest
3789 1173 3863 1229 illius

2414 1244 2681 1313 maiestati
2720 1247 2871 1317 cujus
2920 1249 3275 1306 habitatione
3327 1253 3566 1323 impletur
3602 1257 3861 1325 habitaculum,

2415 1337 2495 1393 sic
2531 1339 2665 1394 nihil
2702 1349 2787 1396 est
2824 1342 3076 1412 corporis
3118 1344 3269 1413 quod
3309 1360 3416 1399 non
3455 1362 3546 1402 suo
3579 1348 3801 1407 habitatore
3825 1359 3859 1408 sit

2414 1426 2662 1496 plenum,
2696 1429 2751 1483 in
2783 1445 2891 1499 quo
2922 1439 2977 1485 et
3007 1445 3116 1485 nos
3147 1447 3341 1487 sumus
3377 1434 3570 1503 repleti.
3609 1438 3728 1504 Quod
3758 1454 3858 1499 autem

2414 1516 2618 1572 dictum
2643 1528 2751 1585 est,
2778 1519 2849 1573 Et
2876 1521 3003 1575 estis
3043 1522 3103 1575 in
3133 1521 3229 1575 illo
3269 1524 3464 1594 repleti,
3498 1535 3656 1581 nostra
3682 1531 3861 1600 utiquees

2418 1610 2722 1679 signiﬁcata
2768 1621 2995 1679 natura;
3038 1614 3111 1669 ad
3151 1629 3292 1683 quos
3327 1615 3415 1669 illa
3457 1619 3654 1688 repletio
3680 1637 3754 1676 non
3771 1629 3859 1693 peni

2416 1708 2592 1765 neret,
2618 1700 2721 1755 nisi
2744 1701 2838 1756 Dei
2862 1700 3106 1757 Verbum
3135 1703 3313 1758 nostri
3334 1705 3433 1760 sibi
3455 1709 3643 1776 generis
3662 1719 3704 1764 et
3723 1713 3858 1767 animal

739 1810 936 1864 poreus
978 1812 1202 1852 manens
1246 1804 1301 1853 et
1339 1813 1538 1869 corpus
1583 1814 1889 1865 assumens,
1932 1801 2071 1856 idem
2116 1802 2171 1857 in
2220 1819 2317 1858 sua

2253 1819 2317 1858 ua
2345 1782 2393 1842 B
2419 1799 2475 1845 et
2498 1806 2693 1862 corpus
2719 1792 3036 1858 invenisset,
3074 1810 3204 1864 qua:
3230 1796 3306 1849 ita
3337 1796 3390 1851 in
3418 1799 3606 1855 unitate
3625 1815 3857 1856 convenerunt

742 1888 940 1943 virtute
980 1889 1325 1957 inviolabilis,
1370 1896 1425 1946 et
1464 1890 1520 1945 in
1561 1900 1746 1946 nostra
1787 1891 2101 1947 inﬁrmitate
2142 1893 2319 1962 passi-

739 1977 883 2044 bilis,
916 1979 1056 2035 idem
1092 1996 1122 2035 a
1145 1991 1373 2052 paterno
1411 1982 1670 2039 indivisus
1695 1984 1911 2050 throno,
1941 1993 1996 2039 et
2020 1985 2088 2039 ab
2140 1985 2321 2055 impiis

741 2071 1032 2127 cruciﬁxus
1068 2073 1120 2127 in
1156 2073 1320 2144 ligno.
1356 2073 1501 2129 Idem
1536 2085 1622 2130 est
1656 2090 1817 2146 super
1844 2076 2106 2131 caelorum
2140 2075 2323 2131 altitu-

742 2163 896 2219 dines
918 2165 1095 2221 victor
1122 2167 1313 2223 mortis
1341 2167 1658 2232 ascendens,
1687 2178 1743 2223 et
1772 2183 1943 2237 usque
1971 2169 2037 2223 ad
2069 2183 2321 2225 consum-

740 2254 1033 2312 mationem
1080 2258 1262 2314 saeculi
1311 2260 1618 2315 universam
1656 2258 1952 2315 Ecclesiam
2000 2275 2108 2315 non
2159 2262 2323 2316 relin-

739 2362 930 2417 quens.
971 2350 1117 2405 Idem
1151 2361 1428 2423 postremo
1453 2362 1537 2409 est
1573 2353 1665 2424 qui
1702 2354 1756 2407 in
1783 2354 1971 2408 eadem
1999 2369 2104 2423 qua
2135 2369 2323 2409 ascen-

740 2439 820 2493 dit
859 2455 1023 2497 carne
1050 2454 1328 2506 venturus,
1360 2445 1503 2499 sicut
1534 2443 1799 2512 judicium
1837 2444 2091 2500 sustinuit
2133 2443 2322 2514 impio-

740 2546 880 2597 rum,
912 2534 987 2588 ita
1011 2532 1351 2602 iudicaturus
1377 2546 1460 2591 est
1489 2536 1555 2591 de
1585 2537 1827 2591 omnium
1869 2536 2082 2591 actione
2120 2545 2323 2591 morta-

740 2622 892 2677 lium.
945 2624 1114 2688 Unde,
1174 2640 1243 2681 ne
1290 2627 1536 2695 pluribus
1580 2628 1906 2682 testimoniis
1951 2628 2318 2696 immoremur,

739 2731 905 2770 unmn
944 2717 1141 2772 suﬁicit
1174 2734 1239 2774 ex
1266 2720 1561 2791 Evangelio
1595 2720 1740 2776 beati
1778 2720 2000 2777 Joannis
2038 2722 2319 2790 adhibere,

742 2808 883 2872 quod
918 2809 1032 2878 ipse
1058 2808 1315 2865 Dominus
1362 2820 1549 2867 noster
1597 2812 1701 2867 hoc
1749 2812 1927 2867 dicit:
1965 2814 2130 2868 Amen
2170 2830 2322 2868 amen

740 2900 860 2953 dico
883 2900 1046 2965 vobis,
1069 2903 1192 2972 quia
1222 2904 1353 2957 venit
1376 2904 1510 2958 liora
1534 2914 1583 2958 et
1611 2920 1749 2958 nunc
1783 2915 1859 2960 est
1888 2907 2099 2976 quando
2126 2907 2321 2961 mortui

740 2986 952 3039 audient
978 3003 1150 3042 vocem
1173 2986 1303 3042 Filii
1326 2989 1443 3056 Dei,
1472 2999 1518 3044 et
1541 2990 1630 3061 qui
1654 2992 1919 3045 audierint
1952 2993 2137 3048 vivent.
2174 2990 2321 3047 Sicut

2422 1889 2481 1936 ut
2505 1898 2607 1938 nec
2630 1885 3029 1953 separationem
3056 1887 3275 1956 possint
3299 1888 3489 1945 habere
3510 1907 3598 1945 nec
3610 1892 3754 1957 tinem,
3770 1911 3857 1949 mus

2420 1970 2583 2027 homo
2596 1972 2723 2028 vero
2740 1974 2920 2029 unitus
2933 1974 3068 2039 Deo,
3088 1990 3197 2031 nec
3210 1979 3501 2034 secundum
3520 1982 3856 2052 existentempriu
3910 2044 3911 2047 η

2421 2065 2656 2120 animam
2701 2067 2962 2123 deductus
3011 2084 3047 2124 ε
3090 2070 3274 2137 oculis,
3317 2088 3415 2127 nec
3458 2075 3705 2128 secundum
3722 2091 3850 2129 carnea

2421 2172 2637 2217 creatus
2670 2175 2737 2216 ex
2779 2162 2969 2229 nihilo,
3001 2164 3262 2219 eamdem
3292 2180 3479 2236 gerens
3520 2168 3569 2221 in
3595 2167 3721 2223 Verbi
3742 2169 3853 2222 detuli

2422 2266 2709 2321 personam
2753 2263 2814 2308 ut
2859 2254 3068 2310 veritas
3112 2256 3457 2313 aﬂ'ectionum
3493 2260 3580 2314 sub
3615 2261 3850 2315 moderamine
3910 2292 3911 2331 χ

2421 2341 2641 2397 deitatis
2678 2351 2822 2399 esset
2858 2353 2914 2400 et
2951 2347 3192 2414 mentis,
3221 2356 3279 2403 et
3314 2355 3497 2405 tenens
3526 2365 3781 2404 communem
3803 2366 3851 2403 no-

2420 2433 2628 2489 hiscum
2674 2435 2728 2490 in
2767 2451 2995 2507 corpore
3045 2439 3363 2509 animaque.
3393 2448 3629 2495 naturam.
3669 2439 3750 2494 Non
3768 2441 3846 2493 enin

2421 2533 2568 2580 esset
2614 2525 2708 2581 Dei
2756 2527 3152 2600 hominumque
3218 2531 3477 2586 mediator
3518 2530 3607 2585 nisi
3642 2529 3742 2584 idem
3774 2529 3848 2582 Dea

2421 2618 2673 2689 idemque
2712 2620 2876 2676 homo
2919 2621 2979 2676 in
3024 2630 3269 2692 utroque
3305 2632 3361 2678 et
3395 2639 3520 2678 unus
3546 2628 3663 2678 esset
3688 2630 3843 2675 eum:

2421 2708 2499 2764 De
2526 2724 2634 2779 quo
2669 2726 2779 2766 uno
2804 2727 3047 2782 veroque
3086 2714 3251 2770 docet
3290 2715 3476 2769 beatus
3515 2712 3727 2782 apostolus
3739 2710 3845 2763 Petrus

2419 2816 2675 2872 maguum
2712 2817 2832 2858 esse
2865 2804 3091 2873 pietatis
3147 2813 3533 2860 sacramentum
3556 2822 3567 2856 :
3588 2801 3704 2868 Quod
3716 2797 3843 2864 mil“

2422 2904 2620 2950 statum
2644 2882 2744 2962 est,
2772 2897 2968 2967 inquit,
2988 2898 3047 2952 in
3068 2914 3253 2964 carne,
3267 2897 3589 2968 justi/imum
3604 2903 3662 2949 est
3675 2891 3842 2958 inpiati»

2420 2989 2666 3059 apparuit
2705 2988 2925 3060 angelis,
2966 2991 3322 3061 prwdicatum
3350 2998 3423 3044 est
3449 2986 3662 3059 gentibus,
3689 2980 3838 3036 creditis

739 3073 874 3125 enim
901 3071 1061 3127 Pater
1078 3075 1228 3129 habet
1259 3079 1421 3131 vitam
1448 3079 1503 3131 in
1525 3080 1818 3150 semetipso,
1841 3082 1916 3134 sic
1939 3082 2080 3136 dedit
2102 3091 2150 3135 et
2175 3081 2318 3137 Filio
2351 3140 2389 3154 η
2420 3090 2495 3136 est
2519 3084 2577 3137 in
2596 3083 2695 3137 hoc
2719 3083 2934 3149 mundo,
2961 3092 3296 3154 assumptum
3316 3082 3461 3136 estin
3480 3077 3636 3149 gloria.
3658 3075 3749 3128 Item
3762 3070 3839 3123 unde

740 3167 898 3220 vitam
926 3167 1115 3222 habere
1150 3168 1206 3222 in
1230 3171 1524 3237 semetipso,
1551 3182 1599 3225 et
1629 3181 1935 3243 potestatem
1967 3173 2108 3227 dedit
2144 3175 2191 3227 ei
2222 3175 2317 3244 ju—

741 3257 937 3313 dicium
967 3259 1160 3329 facere,
1196 3262 1321 3331 quia
1344 3261 1488 3330 ﬁlius
1520 3263 1744 3317 hominis
1774 3272 1869 3318 est.
1916 3264 2058 3336 Ergo
2087 3266 2186 3321 sub
2212 3280 2319 3320 una

739 3352 1026 3416 sententia,
1058 3354 1184 3422 quia
1213 3352 1383 3408 Filius
1412 3354 1506 3409 Dei
1537 3364 1638 3420 est,
1674 3366 1838 3426 atque
1874 3358 1999 3427 quia
2037 3357 2183 3414 ﬁlius
2214 3358 2315 3413 ho-

738 3441 901 3497 minis
939 3451 1044 3510 est,
1083 3453 1307 3515 apparet
1339 3448 1789 3515 quemadmodum
1824 3448 2098 3505 Christum
2134 3451 2318 3509 Domi-

739 3548 868 3586 num
898 3533 952 3587 in
983 3535 1188 3590 unitate
1212 3551 1456 3607 personte
1478 3538 1698 3593 credere
1724 3540 2043 3607 debeamus;
2073 3542 2167 3613 qui
2194 3557 2316 3598 cum

738 3625 809 3679 sit
837 3625 1005 3680 Filius
1027 3627 1122 3683 Dei
1149 3642 1247 3698 per
1271 3644 1432 3699 quem
1461 3628 1589 3685 tacti
1617 3646 1825 3699 sumus,
1854 3634 2015 3688 etiam
2045 3634 2187 3690 ﬁlius
2216 3635 2315 3691 ho-

739 3715 903 3770 minis
938 3731 1035 3786 per
1072 3719 1494 3788 assumptionem
1532 3719 1709 3777 factus
1743 3730 1829 3779 est
1857 3726 2060 3791 carnis,
2099 3733 2159 3779 ut
2194 3742 2314 3781 mo-

740 3817 972 3874 reretur,
1001 3810 1137 3865 sicut
1175 3810 1251 3865 ait
1277 3810 1588 3881 Apostolus,
1617 3823 1840 3885 propter
1872 3816 2067 3872 delicta
2106 3829 2314 3887 nostra,

740 3908 794 3952 ct
826 3910 1135 3971 resurgeret
1159 3911 1381 3973 propter
1400 3900 1841 3971 justiﬁeationem
1880 3917 2145 3975 nostram,
2177 3925 2317 3966 unus

741 3989 988 4059 idemque
1012 3993 1153 4047 Deus
1189 3993 1351 4048 homo
1383 4003 1438 4048 ει
1462 3995 1624 4050 homo
1646 3997 1808 4065 Deus,
1838 3998 2006 4054 Filius
2028 3999 2144 4067 Dei,
2174 4001 2317 4056 ﬁlius

742 4081 1007 4149 hominis;
1041 4094 1096 4139 et
1130 4086 1273 4144 ﬁlius
1309 4090 1562 4158 hominis,
1600 4092 1768 4148 Filius
1798 4095 1915 4149 Dei.
1940 4096 2140 4151 Verum
2183 4111 2317 4166 quo-

742 4172 886 4227 niam
916 4175 1129 4231 nonnisi
1158 4192 1225 4232 ex
1254 4186 1483 4249 utroque
1513 4181 1804 4237 salvamur.
1845 4184 1991 4241 Talis
2025 4187 2167 4241 enim
2199 4195 2317 4243 erat

741 4263 1018 4320 hominum
1050 4283 1081 4321 a
1116 4268 1306 4338 primis
1342 4271 1501 4325 ducta
1538 4272 1871 4343 genitoribus
1910 4290 2073 4331 causa
2113 4288 2316 4333 morta-

740 4358 869 4413 lium
914 4369 975 4415 ut
1012 4358 1259 4433 originali
1298 4374 1522 4434 peccato
1570 4374 1886 4423 transeunte
1930 4384 2028 4441 per
2070 4379 2315 4441 posteros

740 4454 916 4509 nullus
960 4469 1178 4525 pmnam
1226 4458 1588 4515 damnationis
1635 4461 2035 4518 evaderet'nisi
2076 4463 2312 4520 Verbum

737 4563 866 4602 caro
893 4547 1047 4604 ﬁeret
1086 4558 1143 4606 et
1167 4550 1438 4608 habitaret
1469 4553 1525 4608 in
1548 4553 1724 4609 nobis.
1774 4553 1884 4610 Nec
1906 4554 2051 4609 enim
2076 4554 2313 4612 Verbum

743 4645 836 4689 aut
869 4637 922 4690 in
952 4652 1173 4693 carnem
1202 4649 1297 4696 aut
1323 4642 1377 4696 in
1407 4642 1643 4698 animam
1682 4642 1866 4713 aliqua
1893 4644 1975 4699 sui
2005 4653 2157 4714 parte
2184 4660 2314 4703 con-

744 4741 955 4783 versum
985 4736 1088 4797 est,
1117 4745 1238 4785 cum
1273 4732 1501 4802 simplex
1530 4741 1586 4788 et
1624 4718 2085 4790 incommutabilis
2117 4744 2312 4791 natura

739 4821 956 4877 deitatis
981 4830 1088 4878 tota
1110 4823 1166 4879 in
1192 4839 1289 4880 sua
1312 4825 1384 4879 sit
1410 4840 1621 4896 semper
1647 4827 1905 4893 essentia,
1934 4841 2036 4883 nec
2054 4827 2311 4885 damnum

742 4917 824 4971 sui
857 4918 1125 4989 recipiens
1158 4934 1259 4975 nec
1284 4907 1654 4990 augmentum.
1687 4920 1754 4975 Et
1778 4920 1859 4976 sic
1884 4928 2306 4990 assumptum...

898 5012 1194 5086 gloriﬁcata
1214 5013 1270 5068 in
1294 5013 1626 5085 gloriﬁcante
1643 5022 1976 5085 permaneat.
2000 5012 2110 5071 Cur
2128 5022 2309 5070 autem

739 5104 1118 5161 inconveniens
1167 5113 1261 5160 aut
1305 5103 1634 5176 impossibile
1678 5105 1924 5161 videatur
1967 5115 2026 5162 ut
2070 5107 2307 5163 Verbum

739 5214 868 5254 caro
905 5206 1066 5268 atque
1104 5198 1283 5253 anima
1320 5215 1459 5254 unus
1486 5197 1644 5255 Jesus
1672 5197 1919 5255 Christus
1953 5207 2008 5256 et
2038 5217 2175 5256 unus
2212 5200 2308 5256 Dei

739 5289 1082 5361 hominisque
1116 5292 1186 5347 sit
1215 5292 1403 5359 Filius,
1442 5293 1486 5349 si
1524 5309 1653 5349 caro
1689 5301 1746 5350 et
1769 5296 1968 5361 anima,
1997 5311 2116 5364 quae
2149 5295 2310 5350 dissi-

738 5383 943 5438 milium
987 5394 1303 5440 naturarum
1345 5396 1489 5453 sunt,
1535 5402 1698 5442 unam
1748 5386 1949 5442 faciant
1991 5390 2153 5442 etiam
2190 5388 2305 5441 sine

738 5476 900 5532 Verbi
929 5477 1299 5533 incarnatione
1324 5494 1630 5548 personam,
1655 5494 1774 5534 cum
1805 5478 1972 5533 multo
2002 5478 2210 5533 facilius
2239 5476 2311 5531 sit

736 5576 797 5621 ut
822 5569 961 5623 hanc
991 5570 1250 5624 unitatem
1282 5570 1364 5624 sui
1394 5579 1554 5639 atque
1579 5570 1812 5624 hominis
1843 5569 2061 5623 dcitatis
2090 5575 2309 5638 praestet

738 5660 976 5719 potestas
1000 5669 1161 5721 quam
1196 5663 1255 5707 ut
1286 5670 1403 5709 eam
1434 5656 1490 5709 in
1518 5656 1834 5711 substantiis
1870 5655 2112 5711 obtineat
2139 5653 2306 5712 solius

740 5735 1091 5797 humanitatis
1126 5742 1426 5799 inﬁrmitas.

2336 4519 2390 4579 D

2421 3189 2582 3243 supra
2621 3183 2840 3229 δθηεῑυε
2877 3173 3119 3235 Hilarius
3158 3174 3217 3228 in
3257 3171 3446 3228 divinis
3476 3164 3737 3236 dogmatibus
3763 3159 3834 3211 insi-

2418 3266 2596 3337 gniter
2649 3267 2982 3322 orthodoxus
3032 3267 3112 3322 ita
3162 3270 3247 3322 est
3300 3276 3485 3319 orsus:
3512 3278 3529 3311 ι
3554 3259 3658 3315 Cum
3692 3251 3832 3309 Velm

2419 3356 2562 3412 Deus
2588 3356 2645 3411 in
2665 3365 3005 3412 sacramento
3032 3364 3249 3412 naturae
3276 3368 3386 3410 suae
3408 3363 3602 3407 manens
3620 3346 3731 3400 homo
3746 3345 3834 3392 ml!

2418 3449 2509 3511 sit,
2545 3456 2705 3503 natus
2736 3454 2917 3503 autem
2946 3455 3031 3502 est
3068 3462 3180 3502 non
3214 3453 3273 3500 ut
3299 3450 3438 3499 esset
3471 3440 3600 3503 alius,
3623 3433 3834 3490 sedulam

2418 3538 2694 3594 hominem
2726 3539 2867 3594 Deus
2904 3539 3209 3609 suscipiens
3229 3535 3486 3592 hominem

2417 3626 2491 3683 sit
2515 3628 2763 3700 intelligi.
2800 3626 2936 3683 Nam
2961 3630 3237 3700 quomodo
3262 3626 3416 3683 Jesus
3437 3621 3644 3678 Christus
3659 3614 3722 3669 Dei
3736 3609 3830 3664 Filius

2417 3729 2577 3775 natus
2615 3735 2683 3776 ex
2715 3719 2882 3776 Maria
2917 3731 3022 3786 est,
3055 3721 3165 3776 nisi
3197 3718 3340 3789 quod
3371 3712 3571 3805 verbum
3601 3721 3695 3805 ωξυ

2418 3821 2525 3879 est,
2553 3813 2760 3869 scilicet
2778 3814 2923 3884 quod
2944 3813 3115 3868 Filius
3139 3812 3256 3877 Dei,
3283 3823 3401 3865 cum
3428 3806 3477 3859 in
3500 3801 3639 3857 lorma
3654 3792 3718 3850 Dei

2418 3874 2654 3961 formam
2684 3874 2829 3961 servi
2858 3906 3104 3975 accepit?
3140 3925 3160 3958 ι
3195 3902 3327 3959 Cum
3359 3912 3479 3968 ergo
3499 3890 3749 3949 Dominuset
3770 3874 3827 3929 sal-

2415 4006 2572 4052 vator
2618 4006 2803 4053 noster
2840 3974 2999 4054 Jesus
3023 3997 3274 4053 Christus
3313 4002 3367 4051 et
3404 3998 3542 4046 natus
3580 3991 3624 4037 et
3653 3974 3824 4048 PMB“

2416 4101 2663 4149 mortuus
2698 4100 2754 4148 et
2796 4093 3039 4165 sepultus
3078 4096 3151 4150 sit
3189 4103 3243 4151 et
3277 4083 3612 4148 resurrexerit,
3634 4087 3708 4170 noti

2416 4182 2471 4236 in
2501 4183 2585 4238 his
2611 4154 3075 4241 sacramentorum
3121 4179 3504 4242 diversitatibus
3527 4171 3582 4226 ab
3611 4178 3656 4220 se
3673 4154 3819 4215 diriditis

2415 4289 2536 4330 esse
2560 4290 2631 4330 ne
2658 4274 2909 4331 Christus
2937 4277 3027 4343 sit,
3071 4292 3196 4333 cum
3239 4289 3345 4329 non
3385 4268 3508 4324 alius
3529 4250 3819 4358 Christus

2414 4368 2509 4437 qui
2541 4368 2595 4423 in
2624 4367 2796 4424 forma
2823 4369 2921 4424 Dei
2948 4340 3067 4425 erat
3096 4370 3319 4425 formam
3362 4358 3491 4419 servi
3516 4345 3689 4416 melli"

2415 4426 2553 4517 alius
2581 4477 2744 4533 quam
2781 4462 2876 4532 qui
2912 4473 3072 4518 natus
3108 4471 3192 4519 est
3225 4466 3456 4517 mortuus
3484 4454 3571 4511 est.

2415 4569 2579 4625 quam
2607 4553 2699 4624 qui
2728 4562 2975 4611 mortuus
2997 4564 3082 4610 est
3118 4548 3426 4613 resurrexit,
3447 4550 3594 4656 neque
3609 4524 3812 4656 “xix:

2492 4644 2503 4656 .
2789 4645 2821 4656 .-
2885 4645 2918 4656 ,μ
2958 4647 2970 4656 .
3124 4645 3156 4656 ..
3243 4643 3255 4656 .
3482 4646 3534 4656 ,..
3559 4637 3623 4656 Α...

2414 4612 2506 4715 qui
2533 4612 2830 4699 resurrexit
2854 4645 2927 4701 sit
2955 4647 3011 4700 in
3038 4645 3211 4711 ctelis,
3241 4643 3292 4698 in
3320 4636 3459 4696 caelis
3480 4634 3626 4685 autem
3646 4612 3814 4715 noti?”
3843 4648 3853 4671 ο

2413 4702 2669 4806 sitquam
2694 4737 2785 4807 qui
2816 4736 3094 4794 descendit
3116 4737 3182 4793 de
3198 4702 3371 4836 vetulis:
3389 4726 3537 4782 Homo
3547 4702 3810 4836 Ἦ

2412 4804 2974 4885 nus—lesus'Christus
3003 4828 3306 4899 unigenitus
3333 4823 3480 4881 Deus,
3514 4824 3594 4899 pst
3613 4804 3786 4899 απᾟέῗξξ

2412 4879 3196 4975 ;;;b;.;;.‘;.(a;;;.i.;;."ia;;
3203 4879 3296 4971 '11.
3322 4919 3372 4966 et
3393 4879 3477 4963 Dei
3500 4879 3806 4988 rusus.th

2416 5010 2520 5065 hoc
2542 5008 2850 5080 apostolicae
2876 5009 3135 5064 doctrina:
3155 5004 3422 5104 eruditanm.
3444 5007 3536 5099 nt)"
3553 4974 3806 5104 anim

2414 5103 2507 5159 sed
2534 5072 2675 5158 dono
2706 5100 2991 5201 Spiritus,-
3008 5100 3188 5201 ﬁdem,
3206 5113 3322 5201 cum

2412 5193 2611 5253 Iudaeis
2626 5168 2778 5263 signa
2795 5193 3098 5264 petentibus
3115 5191 3363 5262 loquitur:
3387 5180 3485 5237 Nos
3497 5179 3634 5264 ante!"

2548 5248 2731 5341 desunt
2763 5248 3027 5339 C‘hristum
3055 5294 3103 5339 et
3125 5248 3258 5338 hunc
3275 5272 3563 5380 “alii”:
3579 5248 3803 5380 ἱεῖς

2411 5377 2528 5432 dem
2553 5375 2883 5441 scandalum,
2899 5375 3133 5446 gentibus
3152 5385 3314 5427 autem
3330 5358 3602 5463 stultitiam;1
3598 5347 3799 5463 25:33:;

2414 5469 2606 5527 uocatis
2626 5466 2830 5521 Judwis
2859 5475 2907 5520 et
2921 5463 3117 5520 ercis
3128 5464 3301 5518 Iesum
3319 5454 3545 5558 Christqu
3561 5439 3645 5558 (13::
3647 5430 3797 5558 mg:

2410 5571 2461 5615 et
2482 5560 2576 5613 Dei
2614 5559 2943 5628 sapientiam.
2999 5552 3242 5626 Nunquid
3268 5548 3447 5606 divisus
3472 5541 3541 5591 est
3560 5521 3799 5655 2:125:52:

2411 5650 2548 5705 alius
2584 5650 2654 5704 sit
2699 5648 2993 5705 cruciﬁxus
3032 5660 3086 5704 et
3121 5648 3252 5703 alius
3284 5637 3500 5697 Christus

2450 5741 2461 5751 υ
2542 5740 2573 5753 ,ο
2637 5737 2674 5753 η
2717 5738 2764 5753 ιη
2802 5738 2861 5753 n.
3062 5741 3072 5753 ι
3099 5741 3111 5753 ι
3280 5746 3352 5753 Α---
3386 5729 3551 5753 ,ιιιηιοι

2410 5740 2610 5813 pientia
2635 5737 2764 5795 Dei?
2799 5738 2869 5794 Et
2905 5755 3029 5797 cum
3059 5741 3198 5797 idem
3229 5746 3355 5793 unus
3385 5730 3521 5789 atque
3540 5709 3693 5766 unusbl
