  <div class='ocr_page' id='page_1' title='image "/cluster/home/n/w/nwhite01/storage/ocr_20150623/103/hvd.32044015466816/710.png"; bbox 0 0 4062 6332; ppageno 0'>
   <div class='ocr_carea' id='block_1_1' title="bbox 140 429 302 487">
    <p class='ocr_par' dir='ltr' id='par_1_1' title="bbox 140 429 302 487">
     <span class='ocr_line' id='line_1_1' title="bbox 140 429 302 487; baseline 0.006 -1"><span class='ocrx_word' id='word_1_1' title='bbox 140 429 302 487; x_wconf 69' lang='grc'><strong>1409</strong></span> 
     </span>
    </p>
   </div>
   <div class='ocr_carea' id='block_1_2' title="bbox 1397 405 2168 472">
    <p class='ocr_par' dir='ltr' id='par_1_2' title="bbox 1397 405 2168 472">
     <span class='ocr_line' id='line_1_2' title="bbox 1397 405 2168 472; baseline -0.016 0"><span class='ocrx_word' id='word_1_2' title='bbox 1397 409 1782 472; x_wconf 85' lang='lat' dir='ltr'><strong>OPUSCULA.</strong></span> <span class='ocrx_word' id='word_1_3' title='bbox 1821 406 2065 466; x_wconf 90' lang='lat' dir='ltr'><strong>OPUSC.</strong></span> <span class='ocrx_word' id='word_1_4' title='bbox 2103 405 2168 461; x_wconf 86' lang='lat' dir='ltr'><strong>ll.</strong></span> 
     </span>
    </p>
   </div>
   <div class='ocr_carea' id='block_1_3' title="bbox 3259 410 3401 468">
    <p class='ocr_par' dir='ltr' id='par_1_3' title="bbox 3259 410 3401 468">
     <span class='ocr_line' id='line_1_3' title="bbox 3259 410 3401 468; baseline 0.007 -1"><span class='ocrx_word' id='word_1_5' title='bbox 3259 410 3401 468; x_wconf 70' lang='grc'><strong>1410</strong></span> 
     </span>
    </p>
   </div>
   <div class='ocr_carea' id='block_1_4' title="bbox 135 511 3398 604">
    <p class='ocr_par' dir='ltr' id='par_1_4' title="bbox 135 511 3398 604">
     <span class='ocr_line' id='line_1_4' title="bbox 135 511 3398 604; baseline -0.006 -1"><span class='ocrx_word' id='word_1_6' title='bbox 135 544 426 604; x_wconf 84' lang='lat' dir='ltr'><strong>scendens</strong></span> <span class='ocrx_word' id='word_1_7' title='bbox 462 549 518 596; x_wconf 88' lang='lat' dir='ltr'><strong>et</strong></span> <span class='ocrx_word' id='word_1_8' title='bbox 559 511 887 603; x_wconf 76' lang='lat' dir='ltr'><strong>ascendens,</strong></span> <span class='ocrx_word' id='word_1_9' title='bbox 952 549 1091 590; x_wconf 91' lang='lat' dir='ltr'><strong>unus</strong></span> <span class='ocrx_word' id='word_1_10' title='bbox 1127 545 1341 604; x_wconf 90' lang='lat' dir='ltr'><strong>quoque</strong></span> <span class='ocrx_word' id='word_1_11' title='bbox 1379 529 1534 584; x_wconf 90' lang='lat' dir='ltr'><strong>nobis</strong></span> <span class='ocrx_word' id='word_1_12' title='bbox 1573 527 1728 582; x_wconf 87' lang='lat' dir='ltr'><strong>Jesus</strong></span> <span class='ocrx_word' id='word_1_13' title='bbox 1755 529 1806 588; x_wconf 84' lang='grc' dir='ltr'><strong>Α</strong></span> <span class='ocrx_word' id='word_1_14' title='bbox 1831 539 1934 578; x_wconf 90' lang='lat' dir='ltr'><strong>nus</strong></span> <span class='ocrx_word' id='word_1_15' title='bbox 1977 522 2251 578; x_wconf 87' lang='lat' dir='ltr'><strong>Feliciano</strong></span> <span class='ocrx_word' id='word_1_16' title='bbox 2296 535 2572 593; x_wconf 84' lang='lat' dir='ltr'><strong>exponens</strong></span> <span class='ocrx_word' id='word_1_17' title='bbox 2591 520 2818 591; x_wconf 85' lang='lat' dir='ltr'><strong>Ariano,</strong></span> <span class='ocrx_word' id='word_1_18' title='bbox 2862 524 3008 580; x_wconf 88' lang='lat' dir='ltr'><strong>inter</strong></span> <span class='ocrx_word' id='word_1_19' title='bbox 3053 531 3246 582; x_wconf 84' lang='lat' dir='ltr'><strong>caetera</strong></span> <span class='ocrx_word' id='word_1_20' title='bbox 3292 528 3398 586; x_wconf 87' lang='lat' dir='ltr'><strong>ait:</strong></span> 
     </span>
    </p>
   </div>
   <div class='ocr_carea' id='block_1_5' title="bbox 135 617 1726 694">
    <p class='ocr_par' dir='ltr' id='par_1_5' title="bbox 135 617 1726 694">
     <span class='ocr_line' id='line_1_5' title="bbox 135 617 1726 694; baseline -0.015 -1"><span class='ocrx_word' id='word_1_21' title='bbox 135 637 410 694; x_wconf 79' lang='lat' dir='ltr'><strong>Christus</strong></span> <span class='ocrx_word' id='word_1_22' title='bbox 438 635 508 688; x_wconf 87' lang='lat' dir='ltr'><strong>sit</strong></span> <span class='ocrx_word' id='word_1_23' title='bbox 535 633 624 687; x_wconf 87' lang='lat' dir='ltr'><strong>Dei</strong></span> <span class='ocrx_word' id='word_1_24' title='bbox 657 631 822 686; x_wconf 83' lang='lat' dir='ltr'><strong>Filius</strong></span> <span class='ocrx_word' id='word_1_25' title='bbox 855 636 909 684; x_wconf 91' lang='lat' dir='ltr'><strong>et</strong></span> <span class='ocrx_word' id='word_1_26' title='bbox 937 626 1171 682; x_wconf 88' lang='lat' dir='ltr'><strong>hominis</strong></span> <span class='ocrx_word' id='word_1_27' title='bbox 1201 624 1360 686; x_wconf 91' lang='lat' dir='ltr'><strong>ﬁlius,</strong></span> <span class='ocrx_word' id='word_1_28' title='bbox 1405 630 1461 675; x_wconf 88' lang='lat' dir='ltr'><strong>et</strong></span> <span class='ocrx_word' id='word_1_29' title='bbox 1491 617 1726 673; x_wconf 74' lang='lat' dir='ltr'><strong>Verbum</strong></span> 
     </span>
    </p>
   </div>
   <div class='ocr_carea' id='block_1_6' title="bbox 140 709 1726 790">
    <p class='ocr_par' dir='ltr' id='par_1_6' title="bbox 140 709 1726 790">
     <span class='ocr_line' id='line_1_6' title="bbox 140 709 1726 790; baseline -0.014 -8"><span class='ocrx_word' id='word_1_30' title='bbox 140 726 302 782; x_wconf 87' lang='lat' dir='ltr'><strong>Deus</strong></span> <span class='ocrx_word' id='word_1_31' title='bbox 323 733 378 778; x_wconf 90' lang='lat' dir='ltr'><strong>et</strong></span> <span class='ocrx_word' id='word_1_32' title='bbox 400 725 560 778; x_wconf 90' lang='lat' dir='ltr'><strong>homo</strong></span> <span class='ocrx_word' id='word_1_33' title='bbox 585 737 730 784; x_wconf 86' lang='lat' dir='ltr'><strong>caro,</strong></span> <span class='ocrx_word' id='word_1_34' title='bbox 754 729 808 774; x_wconf 91' lang='lat' dir='ltr'><strong>et</strong></span> <span class='ocrx_word' id='word_1_35' title='bbox 828 733 1018 790; x_wconf 89' lang='lat' dir='ltr'><strong>passus</strong></span> <span class='ocrx_word' id='word_1_36' title='bbox 1040 725 1096 770; x_wconf 93' lang='lat' dir='ltr'><strong>et</strong></span> <span class='ocrx_word' id='word_1_37' title='bbox 1120 722 1364 769; x_wconf 89' lang='lat' dir='ltr'><strong>mortuus</strong></span> <span class='ocrx_word' id='word_1_38' title='bbox 1389 721 1444 764; x_wconf 90' lang='lat' dir='ltr'><strong>et</strong></span> <span class='ocrx_word' id='word_1_39' title='bbox 1467 709 1726 780; x_wconf 89' lang='lat' dir='ltr'><strong>sepultus,</strong></span> 
     </span>
    </p>
   </div>
   <div class='ocr_carea' id='block_1_7' title="bbox 142 798 1729 885">
    <p class='ocr_par' dir='ltr' id='par_1_7' title="bbox 142 798 1729 885">
     <span class='ocr_line' id='line_1_7' title="bbox 142 798 1729 885; baseline -0.012 -15"><span class='ocrx_word' id='word_1_40' title='bbox 142 824 207 871; x_wconf 88' lang='lat' dir='ltr'><strong>et</strong></span> <span class='ocrx_word' id='word_1_41' title='bbox 247 829 540 885; x_wconf 80' lang='lat' dir='ltr'><strong>resurgens</strong></span> <span class='ocrx_word' id='word_1_42' title='bbox 577 813 628 866; x_wconf 91' lang='lat' dir='ltr'><strong>in</strong></span> <span class='ocrx_word' id='word_1_43' title='bbox 665 812 863 866; x_wconf 75' lang='lat' dir='ltr'><strong>oculum</strong></span> <span class='ocrx_word' id='word_1_44' title='bbox 901 817 1172 877; x_wconf 91' lang='lat' dir='ltr'><strong>receptus,</strong></span> <span class='ocrx_word' id='word_1_45' title='bbox 1220 804 1412 858; x_wconf 91' lang='lat' dir='ltr'><strong>sedens</strong></span> <span class='ocrx_word' id='word_1_46' title='bbox 1457 816 1488 854; x_wconf 91' lang='lat' dir='ltr'><strong>a</strong></span> <span class='ocrx_word' id='word_1_47' title='bbox 1523 798 1729 854; x_wconf 77' lang='lat' dir='ltr'><strong>dextris</strong></span> 
     </span>
    </p>
   </div>
   <div class='ocr_carea' id='block_1_8' title="bbox 144 895 1730 974">
    <p class='ocr_par' dir='ltr' id='par_1_8' title="bbox 144 895 1730 974">
     <span class='ocr_line' id='line_1_8' title="bbox 144 895 1730 974; baseline -0.013 -6"><span class='ocrx_word' id='word_1_48' title='bbox 144 910 274 974; x_wconf 90' lang='lat' dir='ltr'><strong>Dei,</strong></span> <span class='ocrx_word' id='word_1_49' title='bbox 307 910 513 964; x_wconf 86' lang='lat' dir='ltr'><strong>habens</strong></span> <span class='ocrx_word' id='word_1_50' title='bbox 541 910 593 962; x_wconf 90' lang='lat' dir='ltr'><strong>in</strong></span> <span class='ocrx_word' id='word_1_51' title='bbox 619 924 676 963; x_wconf 91' lang='lat' dir='ltr'><strong>se</strong></span> <span class='ocrx_word' id='word_1_52' title='bbox 702 924 807 962; x_wconf 93' lang='lat' dir='ltr'><strong>uno</strong></span> <span class='ocrx_word' id='word_1_53' title='bbox 836 906 1131 972; x_wconf 85' lang='lat' dir='ltr'><strong>eodemque</strong></span> <span class='ocrx_word' id='word_1_54' title='bbox 1157 916 1252 972; x_wconf 91' lang='lat' dir='ltr'><strong>per</strong></span> <span class='ocrx_word' id='word_1_55' title='bbox 1278 895 1730 968; x_wconf 76' lang='lat' dir='ltr'><strong>dispensationem</strong></span> 
     </span>
    </p>
   </div>
   <div class='ocr_carea' id='block_1_9' title="bbox 146 989 1731 1072">
    <p class='ocr_par' dir='ltr' id='par_1_9' title="bbox 146 989 1731 1072">
     <span class='ocr_line' id='line_1_9' title="bbox 146 989 1731 1072; baseline -0.01 -16"><span class='ocrx_word' id='word_1_56' title='bbox 146 1011 328 1072; x_wconf 86' lang='lat' dir='ltr'><strong>atque</strong></span> <span class='ocrx_word' id='word_1_57' title='bbox 363 1010 606 1056; x_wconf 90' lang='lat' dir='ltr'><strong>naturam</strong></span> <span class='ocrx_word' id='word_1_58' title='bbox 649 1001 701 1053; x_wconf 91' lang='lat' dir='ltr'><strong>in</strong></span> <span class='ocrx_word' id='word_1_59' title='bbox 726 999 820 1054; x_wconf 90' lang='lat' dir='ltr'><strong>Dei</strong></span> <span class='ocrx_word' id='word_1_60' title='bbox 856 998 1025 1052; x_wconf 85' lang='lat' dir='ltr'><strong>forma</strong></span> <span class='ocrx_word' id='word_1_61' title='bbox 1054 1004 1109 1050; x_wconf 91' lang='lat' dir='ltr'><strong>et</strong></span> <span class='ocrx_word' id='word_1_62' title='bbox 1139 994 1194 1048; x_wconf 90' lang='lat' dir='ltr'><strong>in</strong></span> <span class='ocrx_word' id='word_1_63' title='bbox 1231 992 1404 1047; x_wconf 80' lang='lat' dir='ltr'><strong>forma</strong></span> <span class='ocrx_word' id='word_1_64' title='bbox 1443 989 1584 1045; x_wconf 88' lang='lat' dir='ltr'><strong>servi</strong></span> <span class='ocrx_word' id='word_1_65' title='bbox 1615 989 1731 1042; x_wconf 87' lang='lat' dir='ltr'><strong>sine</strong></span> 
     </span>
    </p>
   </div>
   <div class='ocr_carea' id='block_1_10' title="bbox 147 1080 1733 1165">
    <p class='ocr_par' dir='ltr' id='par_1_10' title="bbox 147 1080 1733 1165">
     <span class='ocr_line' id='line_1_10' title="bbox 147 1080 1733 1165; baseline -0.009 -16"><span class='ocrx_word' id='word_1_66' title='bbox 147 1097 345 1164; x_wconf 85' lang='lat' dir='ltr'><strong>aliqua</strong></span> <span class='ocrx_word' id='word_1_67' title='bbox 373 1095 710 1165; x_wconf 77' lang='lat' dir='ltr'><strong>separatione</strong></span> <span class='ocrx_word' id='word_1_68' title='bbox 737 1093 879 1163; x_wconf 91' lang='lat' dir='ltr'><strong>quod</strong></span> <span class='ocrx_word' id='word_1_69' title='bbox 905 1093 1064 1147; x_wconf 91' lang='lat' dir='ltr'><strong>homo</strong></span> <span class='ocrx_word' id='word_1_70' title='bbox 1091 1097 1194 1154; x_wconf 87' lang='lat' dir='ltr'><strong>est,</strong></span> <span class='ocrx_word' id='word_1_71' title='bbox 1225 1097 1280 1143; x_wconf 91' lang='lat' dir='ltr'><strong>et</strong></span> <span class='ocrx_word' id='word_1_72' title='bbox 1305 1086 1567 1141; x_wconf 74' lang='lat' dir='ltr'><strong>divisione</strong></span> <span class='ocrx_word' id='word_1_73' title='bbox 1591 1080 1733 1152; x_wconf 90' lang='lat' dir='ltr'><strong>quod</strong></span> 
     </span>
    </p>
   </div>
   <div class='ocr_carea' id='block_1_11' title="bbox 149 1183 1735 1254">
    <p class='ocr_par' dir='ltr' id='par_1_11' title="bbox 149 1183 1735 1254">
     <span class='ocr_line' id='line_1_11' title="bbox 149 1183 1735 1254; baseline -0.01 -14"><span class='ocrx_word' id='word_1_74' title='bbox 149 1186 310 1240; x_wconf 90' lang='lat' dir='ltr'><strong>Deus</strong></span> <span class='ocrx_word' id='word_1_75' title='bbox 337 1195 437 1250; x_wconf 86' lang='lat' dir='ltr'><strong>est,</strong></span> <span class='ocrx_word' id='word_1_76' title='bbox 465 1200 570 1238; x_wconf 91' lang='lat' dir='ltr'><strong>non</strong></span> <span class='ocrx_word' id='word_1_77' title='bbox 599 1185 907 1254; x_wconf 91' lang='lat' dir='ltr'><strong>ambiguum</strong></span> <span class='ocrx_word' id='word_1_78' title='bbox 945 1183 997 1236; x_wconf 89' lang='lat' dir='ltr'><strong>in</strong></span> <span class='ocrx_word' id='word_1_79' title='bbox 1025 1196 1132 1251; x_wconf 92' lang='lat' dir='ltr'><strong>quo</strong></span> <span class='ocrx_word' id='word_1_80' title='bbox 1163 1185 1502 1234; x_wconf 89' lang='lat' dir='ltr'><strong>sacramento</strong></span> <span class='ocrx_word' id='word_1_81' title='bbox 1531 1185 1584 1228; x_wconf 88' lang='lat' dir='ltr'><strong>et</strong></span> <span class='ocrx_word' id='word_1_82' title='bbox 1610 1187 1735 1244; x_wconf 87' lang='lat' dir='ltr'><strong>pas-</strong></span> 
     </span>
    </p>
   </div>
   <div class='ocr_carea' id='block_1_12' title="bbox 115 1264 1736 1332">
    <p class='ocr_par' dir='ltr' id='par_1_12' title="bbox 115 1264 1736 1332">
     <span class='ocr_line' id='line_1_12' title="bbox 115 1264 1736 1332; baseline -0.01 0"><span class='ocrx_word' id='word_1_83' title='bbox 115 1283 125 1295; x_wconf 92' lang='lat'><strong><em>&#39;</em></strong></span> <span class='ocrx_word' id='word_1_84' title='bbox 153 1293 258 1332; x_wconf 88' lang='lat' dir='ltr'><strong>sus</strong></span> <span class='ocrx_word' id='word_1_85' title='bbox 287 1286 374 1331; x_wconf 91' lang='lat' dir='ltr'><strong>est</strong></span> <span class='ocrx_word' id='word_1_86' title='bbox 407 1285 462 1331; x_wconf 91' lang='lat' dir='ltr'><strong>et</strong></span> <span class='ocrx_word' id='word_1_87' title='bbox 485 1276 708 1330; x_wconf 80' lang='lat' dir='ltr'><strong>viveret.</strong></span> <span class='ocrx_word' id='word_1_88' title='bbox 740 1275 806 1328; x_wconf 91' lang='lat' dir='ltr'><strong>Et</strong></span> <span class='ocrx_word' id='word_1_89' title='bbox 832 1290 952 1328; x_wconf 90' lang='lat' dir='ltr'><strong>cum</strong></span> <span class='ocrx_word' id='word_1_90' title='bbox 981 1274 1034 1327; x_wconf 92' lang='lat' dir='ltr'><strong>in</strong></span> <span class='ocrx_word' id='word_1_91' title='bbox 1065 1272 1252 1326; x_wconf 90' lang='lat' dir='ltr'><strong>eodem</strong></span> <span class='ocrx_word' id='word_1_92' title='bbox 1279 1276 1422 1322; x_wconf 87' lang='lat' dir='ltr'><strong>esset</strong></span> <span class='ocrx_word' id='word_1_93' title='bbox 1449 1264 1736 1319; x_wconf 91' lang='lat' dir='ltr'><strong>inﬁrmitas</strong></span> 
     </span>
    </p>
   </div>
   <div class='ocr_carea' id='block_1_13' title="bbox 154 1355 1735 1439">
    <p class='ocr_par' dir='ltr' id='par_1_13' title="bbox 154 1355 1735 1439">
     <span class='ocr_line' id='line_1_13' title="bbox 154 1355 1735 1439; baseline -0.01 -15"><span class='ocrx_word' id='word_1_94' title='bbox 154 1371 229 1424; x_wconf 85' lang='lat' dir='ltr'><strong>ad</strong></span> <span class='ocrx_word' id='word_1_95' title='bbox 271 1369 578 1439; x_wconf 90' lang='lat' dir='ltr'><strong>passionem</strong></span> <span class='ocrx_word' id='word_1_96' title='bbox 617 1375 668 1420; x_wconf 89' lang='lat' dir='ltr'><strong>et</strong></span> <span class='ocrx_word' id='word_1_97' title='bbox 713 1366 779 1420; x_wconf 90' lang='lat' dir='ltr'><strong>ad</strong></span> <span class='ocrx_word' id='word_1_98' title='bbox 821 1367 985 1418; x_wconf 89' lang='lat' dir='ltr'><strong>vitam</strong></span> <span class='ocrx_word' id='word_1_99' title='bbox 1011 1363 1103 1418; x_wconf 88' lang='lat' dir='ltr'><strong>Dei</strong></span> <span class='ocrx_word' id='word_1_100' title='bbox 1133 1363 1328 1425; x_wconf 86' lang='lat' dir='ltr'><strong>virtus,</strong></span> <span class='ocrx_word' id='word_1_101' title='bbox 1357 1374 1462 1413; x_wconf 93' lang='lat' dir='ltr'><strong>non</strong></span> <span class='ocrx_word' id='word_1_102' title='bbox 1493 1357 1630 1411; x_wconf 90' lang='lat' dir='ltr'><strong>alius</strong></span> <span class='ocrx_word' id='word_1_103' title='bbox 1662 1355 1735 1408; x_wconf 91' lang='lat' dir='ltr'><strong>ita</strong></span> 
     </span>
    </p>
   </div>
   <div class='ocr_carea' id='block_1_14' title="bbox 153 1448 1739 1526">
    <p class='ocr_par' dir='ltr' id='par_1_14' title="bbox 153 1448 1739 1526">
     <span class='ocr_line' id='line_1_14' title="bbox 153 1448 1739 1526; baseline -0.009 -12"><span class='ocrx_word' id='word_1_104' title='bbox 153 1460 374 1514; x_wconf 89' lang='lat' dir='ltr'><strong>divisus</strong></span> <span class='ocrx_word' id='word_1_105' title='bbox 403 1475 432 1512; x_wconf 89' lang='lat' dir='ltr'><strong>a</strong></span> <span class='ocrx_word' id='word_1_106' title='bbox 464 1474 521 1512; x_wconf 91' lang='lat' dir='ltr'><strong>se</strong></span> <span class='ocrx_word' id='word_1_107' title='bbox 549 1465 692 1512; x_wconf 90' lang='lat' dir='ltr'><strong>esset</strong></span> <span class='ocrx_word' id='word_1_108' title='bbox 717 1457 806 1526; x_wconf 90' lang='lat' dir='ltr'><strong>qui</strong></span> <span class='ocrx_word' id='word_1_109' title='bbox 835 1464 890 1510; x_wconf 89' lang='lat' dir='ltr'><strong>et</strong></span> <span class='ocrx_word' id='word_1_110' title='bbox 912 1462 1186 1525; x_wconf 88' lang='lat' dir='ltr'><strong>pateretur</strong></span> <span class='ocrx_word' id='word_1_111' title='bbox 1214 1461 1268 1506; x_wconf 89' lang='lat' dir='ltr'><strong>et</strong></span> <span class='ocrx_word' id='word_1_112' title='bbox 1292 1453 1517 1505; x_wconf 82' lang='lat' dir='ltr'><strong>viveret.</strong></span> <span class='ocrx_word' id='word_1_113' title='bbox 1541 1448 1739 1501; x_wconf 87' lang='lat' dir='ltr'><strong>Passus</strong></span> 
     </span>
    </p>
   </div>
   <div class='ocr_carea' id='block_1_15' title="bbox 155 1538 1737 1614">
    <p class='ocr_par' dir='ltr' id='par_1_15' title="bbox 155 1538 1737 1614">
     <span class='ocr_line' id='line_1_15' title="bbox 155 1538 1737 1614; baseline -0.008 -12"><span class='ocrx_word' id='word_1_114' title='bbox 155 1555 246 1602; x_wconf 89' lang='lat' dir='ltr'><strong>cst</strong></span> <span class='ocrx_word' id='word_1_115' title='bbox 277 1547 422 1600; x_wconf 91' lang='lat' dir='ltr'><strong>enim</strong></span> <span class='ocrx_word' id='word_1_116' title='bbox 451 1544 922 1614; x_wconf 80' lang='lat' dir='ltr'><strong>unigenitus&#39;Deus</strong></span> <span class='ocrx_word' id='word_1_117' title='bbox 951 1557 1069 1611; x_wconf 67' lang='lat' dir='ltr'><strong>quae</strong></span> <span class='ocrx_word' id='word_1_118' title='bbox 1094 1541 1337 1595; x_wconf 91' lang='lat' dir='ltr'><strong>homines</strong></span> <span class='ocrx_word' id='word_1_119' title='bbox 1361 1538 1469 1609; x_wconf 90' lang='lat' dir='ltr'><strong>pati</strong></span> <span class='ocrx_word' id='word_1_120' title='bbox 1496 1543 1737 1606; x_wconf 85' lang='lat' dir='ltr'><strong>possunt,</strong></span> 
     </span>
    </p>
   </div>
   <div class='ocr_carea' id='block_1_16' title="bbox 157 1625 1742 1704">
    <p class='ocr_par' dir='ltr' id='par_1_16' title="bbox 157 1625 1742 1704">
     <span class='ocr_line' id='line_1_16' title="bbox 157 1625 1742 1704; baseline -0.009 -14"><span class='ocrx_word' id='word_1_121' title='bbox 157 1636 308 1690; x_wconf 88' lang='lat' dir='ltr'><strong>sicut</strong></span> <span class='ocrx_word' id='word_1_122' title='bbox 331 1634 462 1688; x_wconf 91' lang='lat' dir='ltr'><strong>dicit</strong></span> <span class='ocrx_word' id='word_1_123' title='bbox 484 1633 771 1704; x_wconf 84' lang='lat' dir='ltr'><strong>Apostolus</strong></span> <span class='ocrx_word' id='word_1_124' title='bbox 795 1649 808 1684; x_wconf 91' lang='lat'><strong>:</strong></span> <span class='ocrx_word' id='word_1_125' title='bbox 836 1631 972 1696; x_wconf 87' lang='lat' dir='ltr'><strong>Quia</strong></span> <span class='ocrx_word' id='word_1_126' title='bbox 1001 1631 1045 1684; x_wconf 87' lang='lat' dir='ltr'><strong>si</strong></span> <span class='ocrx_word' id='word_1_127' title='bbox 1079 1629 1344 1698; x_wconf 78' lang='lat' dir='ltr'><strong>confessus</strong></span> <span class='ocrx_word' id='word_1_128' title='bbox 1375 1627 1538 1696; x_wconf 81' lang='lat' dir='ltr'><strong>fueris</strong></span> <span class='ocrx_word' id='word_1_129' title='bbox 1568 1625 1624 1679; x_wconf 89' lang='lat' dir='ltr'><strong>in</strong></span> <span class='ocrx_word' id='word_1_130' title='bbox 1652 1639 1742 1677; x_wconf 90' lang='lat' dir='ltr'><strong>ore</strong></span> 
     </span>
    </p>
   </div>
   <div class='ocr_carea' id='block_1_17' title="bbox 157 1714 1742 1786">
    <p class='ocr_par' dir='ltr' id='par_1_17' title="bbox 157 1714 1742 1786">
     <span class='ocr_line' id='line_1_17' title="bbox 157 1714 1742 1786; baseline -0.006 -9"><span class='ocrx_word' id='word_1_131' title='bbox 157 1735 256 1778; x_wconf 88' lang='lat' dir='ltr'><strong>tuo</strong></span> <span class='ocrx_word' id='word_1_132' title='bbox 289 1723 571 1777; x_wconf 88' lang='lat' dir='ltr'><strong>Dominum</strong></span> <span class='ocrx_word' id='word_1_133' title='bbox 600 1724 800 1785; x_wconf 83' lang='lat' dir='ltr'><strong>Jesum,</strong></span> <span class='ocrx_word' id='word_1_134' title='bbox 832 1731 879 1775; x_wconf 90' lang='lat' dir='ltr'><strong>et</strong></span> <span class='ocrx_word' id='word_1_135' title='bbox 909 1722 962 1774; x_wconf 87' lang='lat' dir='ltr'><strong>in</strong></span> <span class='ocrx_word' id='word_1_136' title='bbox 994 1727 1148 1774; x_wconf 85' lang='lat' dir='ltr'><strong>corde</strong></span> <span class='ocrx_word' id='word_1_137' title='bbox 1183 1729 1272 1772; x_wconf 87' lang='lat' dir='ltr'><strong>tuo</strong></span> <span class='ocrx_word' id='word_1_138' title='bbox 1301 1717 1581 1771; x_wconf 75' lang='lat' dir='ltr'><strong>credideris</strong></span> <span class='ocrx_word' id='word_1_139' title='bbox 1604 1714 1742 1786; x_wconf 84' lang='lat' dir='ltr'><strong>quod</strong></span> 
     </span>
    </p>
   </div>
   <div class='ocr_carea' id='block_1_18' title="bbox 157 1806 1744 1875">
    <p class='ocr_par' dir='ltr' id='par_1_18' title="bbox 157 1806 1744 1875">
     <span class='ocr_line' id='line_1_18' title="bbox 157 1806 1744 1875; baseline -0.005 -7"><span class='ocrx_word' id='word_1_140' title='bbox 157 1813 314 1868; x_wconf 88' lang='lat' dir='ltr'><strong>Deus</strong></span> <span class='ocrx_word' id='word_1_141' title='bbox 336 1813 485 1868; x_wconf 83' lang='lat' dir='ltr'><strong>illum</strong></span> <span class='ocrx_word' id='word_1_142' title='bbox 505 1813 743 1867; x_wconf 70' lang='lat' dir='ltr'><strong>excitavit</strong></span> <span class='ocrx_word' id='word_1_143' title='bbox 771 1830 803 1866; x_wconf 92' lang='lat' dir='ltr'><strong>a</strong></span> <span class='ocrx_word' id='word_1_144' title='bbox 825 1812 1062 1875; x_wconf 78' lang='lat' dir='ltr'><strong>mortuis,</strong></span> <span class='ocrx_word' id='word_1_145' title='bbox 1087 1809 1260 1864; x_wconf 83' lang='lat' dir='ltr'><strong>salvus</strong></span> <span class='ocrx_word' id='word_1_146' title='bbox 1286 1809 1412 1873; x_wconf 87' lang='lat' dir='ltr'><strong>eris,</strong></span> <span class='ocrx_word' id='word_1_147' title='bbox 1441 1808 1620 1862; x_wconf 89' lang='lat' dir='ltr'><strong>salvus</strong></span> <span class='ocrx_word' id='word_1_148' title='bbox 1643 1806 1744 1860; x_wconf 92' lang='lat' dir='ltr'><strong>uti-</strong></span> 
     </span>
    </p>
   </div>
   <div class='ocr_carea' id='block_1_19' title="bbox 1834 615 3402 689">
    <p class='ocr_par' dir='ltr' id='par_1_19' title="bbox 1834 615 3402 689">
     <span class='ocr_line' id='line_1_19' title="bbox 1834 615 3402 689; baseline 0.008 -23"><span class='ocrx_word' id='word_1_149' title='bbox 1834 633 1852 666; x_wconf 74' lang='grc' dir='ltr'><strong><em>ι</em></strong></span> <span class='ocrx_word' id='word_1_150' title='bbox 1890 615 2004 671; x_wconf 84' lang='grc' dir='ltr'><strong>Νοη</strong></span> <span class='ocrx_word' id='word_1_151' title='bbox 2041 617 2176 670; x_wconf 91' lang='lat' dir='ltr'><strong>alius</strong></span> <span class='ocrx_word' id='word_1_152' title='bbox 2212 616 2372 671; x_wconf 90' lang='lat' dir='ltr'><strong>homo</strong></span> <span class='ocrx_word' id='word_1_153' title='bbox 2413 631 2642 688; x_wconf 87' lang='lat' dir='ltr'><strong>corpus,</strong></span> <span class='ocrx_word' id='word_1_154' title='bbox 2678 618 2817 674; x_wconf 89' lang='lat' dir='ltr'><strong>alius</strong></span> <span class='ocrx_word' id='word_1_155' title='bbox 2857 619 3086 675; x_wconf 87' lang='lat' dir='ltr'><strong>animus.</strong></span> <span class='ocrx_word' id='word_1_156' title='bbox 3140 621 3402 689; x_wconf 85' lang='lat' dir='ltr'><strong>Quamvis</strong></span> 
     </span>
    </p>
   </div>
   <div class='ocr_carea' id='block_1_20' title="bbox 1829 706 3404 781">
    <p class='ocr_par' dir='ltr' id='par_1_20' title="bbox 1829 706 3404 781">
     <span class='ocr_line' id='line_1_20' title="bbox 1829 706 3404 781; baseline 0.004 -20"><span class='ocrx_word' id='word_1_157' title='bbox 1829 706 1972 761; x_wconf 87' lang='lat' dir='ltr'><strong>aliud</strong></span> <span class='ocrx_word' id='word_1_158' title='bbox 2003 707 2237 769; x_wconf 89' lang='lat' dir='ltr'><strong>animus,</strong></span> <span class='ocrx_word' id='word_1_159' title='bbox 2274 707 2418 762; x_wconf 90' lang='lat' dir='ltr'><strong>aliud</strong></span> <span class='ocrx_word' id='word_1_160' title='bbox 2445 723 2662 778; x_wconf 85' lang='lat' dir='ltr'><strong>corpus,</strong></span> <span class='ocrx_word' id='word_1_161' title='bbox 2695 725 2834 764; x_wconf 91' lang='lat' dir='ltr'><strong>unus</strong></span> <span class='ocrx_word' id='word_1_162' title='bbox 2865 717 3042 764; x_wconf 89' lang='lat' dir='ltr'><strong>tamen</strong></span> <span class='ocrx_word' id='word_1_163' title='bbox 3072 720 3233 781; x_wconf 88' lang='lat' dir='ltr'><strong>atque</strong></span> <span class='ocrx_word' id='word_1_164' title='bbox 3261 713 3404 768; x_wconf 86' lang='lat' dir='ltr'><strong>idem</strong></span> 
     </span>
    </p>
   </div>
   <div class='ocr_carea' id='block_1_21' title="bbox 1830 798 3406 868">
    <p class='ocr_par' dir='ltr' id='par_1_21' title="bbox 1830 798 3406 868">
     <span class='ocr_line' id='line_1_21' title="bbox 1830 798 3406 868; baseline 0.003 -14"><span class='ocrx_word' id='word_1_165' title='bbox 1830 799 1993 854; x_wconf 90' lang='lat' dir='ltr'><strong>homo</strong></span> <span class='ocrx_word' id='word_1_166' title='bbox 2043 807 2098 853; x_wconf 89' lang='lat' dir='ltr'><strong>ct</strong></span> <span class='ocrx_word' id='word_1_167' title='bbox 2141 814 2337 868; x_wconf 78' lang='lat' dir='ltr'><strong>Corpus</strong></span> <span class='ocrx_word' id='word_1_168' title='bbox 2382 798 2608 854; x_wconf 89' lang='lat' dir='ltr'><strong>docetur</strong></span> <span class='ocrx_word' id='word_1_169' title='bbox 2657 811 2712 854; x_wconf 90' lang='lat' dir='ltr'><strong>et</strong></span> <span class='ocrx_word' id='word_1_170' title='bbox 2758 801 2988 854; x_wconf 91' lang='lat' dir='ltr'><strong>animus.</strong></span> <span class='ocrx_word' id='word_1_171' title='bbox 3045 801 3252 858; x_wconf 83' lang='lat' dir='ltr'><strong>Rursus</strong></span> <span class='ocrx_word' id='word_1_172' title='bbox 3296 817 3406 858; x_wconf 88' lang='lat' dir='ltr'><strong>non</strong></span> 
     </span>
    </p>
   </div>
   <div class='ocr_carea' id='block_1_22' title="bbox 1830 887 3404 960">
    <p class='ocr_par' dir='ltr' id='par_1_22' title="bbox 1830 887 3404 960">
     <span class='ocr_line' id='line_1_22' title="bbox 1830 887 3404 960; baseline 0.004 -17"><span class='ocrx_word' id='word_1_173' title='bbox 1830 905 1998 944; x_wconf 90' lang='lat' dir='ltr'><strong>unum</strong></span> <span class='ocrx_word' id='word_1_174' title='bbox 2051 896 2212 957; x_wconf 89' lang='lat' dir='ltr'><strong>atque</strong></span> <span class='ocrx_word' id='word_1_175' title='bbox 2261 887 2491 958; x_wconf 91' lang='lat' dir='ltr'><strong>idipsum</strong></span> <span class='ocrx_word' id='word_1_176' title='bbox 2544 904 2738 959; x_wconf 88' lang='lat' dir='ltr'><strong>corpus</strong></span> <span class='ocrx_word' id='word_1_177' title='bbox 2795 891 3019 946; x_wconf 89' lang='lat' dir='ltr'><strong>docetur</strong></span> <span class='ocrx_word' id='word_1_178' title='bbox 3062 900 3117 947; x_wconf 89' lang='lat' dir='ltr'><strong>et</strong></span> <span class='ocrx_word' id='word_1_179' title='bbox 3173 893 3404 960; x_wconf 85' lang='lat' dir='ltr'><strong>animus,</strong></span> 
     </span>
    </p>
   </div>
   <div class='ocr_carea' id='block_1_23' title="bbox 1834 980 3405 1050">
    <p class='ocr_par' dir='ltr' id='par_1_23' title="bbox 1834 980 3405 1050">
     <span class='ocr_line' id='line_1_23' title="bbox 1834 980 3405 1050; baseline 0.004 -18"><span class='ocrx_word' id='word_1_180' title='bbox 1834 980 1959 1049; x_wconf 88' lang='lat' dir='ltr'><strong>quia</strong></span> <span class='ocrx_word' id='word_1_181' title='bbox 2001 995 2066 1035; x_wconf 84' lang='lat' dir='ltr'><strong>ex</strong></span> <span class='ocrx_word' id='word_1_182' title='bbox 2108 987 2340 1050; x_wconf 86' lang='lat' dir='ltr'><strong>utroque</strong></span> <span class='ocrx_word' id='word_1_183' title='bbox 2378 982 2539 1034; x_wconf 90' lang='lat' dir='ltr'><strong>homo</strong></span> <span class='ocrx_word' id='word_1_184' title='bbox 2577 980 2752 1036; x_wconf 78' lang='lat' dir='ltr'><strong>factus</strong></span> <span class='ocrx_word' id='word_1_185' title='bbox 2793 990 2876 1036; x_wconf 88' lang='lat' dir='ltr'><strong>est</strong></span> <span class='ocrx_word' id='word_1_186' title='bbox 2908 998 3066 1038; x_wconf 90' lang='lat' dir='ltr'><strong>unus.</strong></span> <span class='ocrx_word' id='word_1_187' title='bbox 3107 981 3224 1037; x_wconf 86' lang='lat' dir='ltr'><strong>Non</strong></span> <span class='ocrx_word' id='word_1_188' title='bbox 3261 985 3405 1038; x_wconf 92' lang='lat' dir='ltr'><strong>enim</strong></span> 
     </span>
    </p>
   </div>
   <div class='ocr_carea' id='block_1_24' title="bbox 1832 1069 3401 1144">
    <p class='ocr_par' dir='ltr' id='par_1_24' title="bbox 1832 1069 3401 1144">
     <span class='ocr_line' id='line_1_24' title="bbox 1832 1069 3401 1144; baseline 0.004 -22"><span class='ocrx_word' id='word_1_189' title='bbox 1832 1069 1948 1123; x_wconf 61' lang='lat' dir='ltr'><strong>haec</strong></span> <span class='ocrx_word' id='word_1_190' title='bbox 1989 1076 2084 1122; x_wconf 91' lang='lat' dir='ltr'><strong>aut</strong></span> <span class='ocrx_word' id='word_1_191' title='bbox 2123 1070 2452 1124; x_wconf 87' lang='lat' dir='ltr'><strong>substantias</strong></span> <span class='ocrx_word' id='word_1_192' title='bbox 2501 1069 2835 1126; x_wconf 83' lang='lat' dir='ltr'><strong>confundunt</strong></span> <span class='ocrx_word' id='word_1_193' title='bbox 2871 1071 2926 1125; x_wconf 92' lang='lat' dir='ltr'><strong>in</strong></span> <span class='ocrx_word' id='word_1_194' title='bbox 2969 1073 3228 1128; x_wconf 90' lang='lat' dir='ltr'><strong>unitatem</strong></span> <span class='ocrx_word' id='word_1_195' title='bbox 3275 1089 3401 1144; x_wconf 86' lang='lat' dir='ltr'><strong>per-</strong></span> 
     </span>
    </p>
   </div>
   <div class='ocr_carea' id='block_1_25' title="bbox 1835 1160 3410 1228">
    <p class='ocr_par' dir='ltr' id='par_1_25' title="bbox 1835 1160 3410 1228">
     <span class='ocr_line' id='line_1_25' title="bbox 1835 1160 3410 1228; baseline 0.005 -16"><span class='ocrx_word' id='word_1_196' title='bbox 1835 1173 2001 1224; x_wconf 66' lang='lat' dir='ltr'><strong>sona},</strong></span> <span class='ocrx_word' id='word_1_197' title='bbox 2041 1167 2136 1212; x_wconf 91' lang='lat' dir='ltr'><strong>aut</strong></span> <span class='ocrx_word' id='word_1_198' title='bbox 2163 1175 2447 1228; x_wconf 89' lang='lat' dir='ltr'><strong>personam</strong></span> <span class='ocrx_word' id='word_1_199' title='bbox 2497 1160 2773 1228; x_wconf 82' lang='lat' dir='ltr'><strong>geminant</strong></span> <span class='ocrx_word' id='word_1_200' title='bbox 2811 1161 3125 1218; x_wconf 88' lang='lat' dir='ltr'><strong>diversitate</strong></span> <span class='ocrx_word' id='word_1_201' title='bbox 3162 1165 3410 1220; x_wconf 89' lang='lat' dir='ltr'><strong>substan-</strong></span> 
     </span>
    </p>
   </div>
   <div class='ocr_carea' id='block_1_26' title="bbox 1837 1248 3412 1319">
    <p class='ocr_par' dir='ltr' id='par_1_26' title="bbox 1837 1248 3412 1319">
     <span class='ocr_line' id='line_1_26' title="bbox 1837 1248 3412 1319; baseline 0.004 -17"><span class='ocrx_word' id='word_1_202' title='bbox 1837 1248 1944 1313; x_wconf 72' lang='lat' dir='ltr'><strong>tiae,</strong></span> <span class='ocrx_word' id='word_1_203' title='bbox 1967 1249 2401 1319; x_wconf 87' lang='lat' dir='ltr'><strong>quandoquidem</strong></span> <span class='ocrx_word' id='word_1_204' title='bbox 2425 1265 2564 1305; x_wconf 91' lang='lat' dir='ltr'><strong>unus</strong></span> <span class='ocrx_word' id='word_1_205' title='bbox 2589 1264 2655 1304; x_wconf 82' lang='lat' dir='ltr'><strong>ex</strong></span> <span class='ocrx_word' id='word_1_206' title='bbox 2671 1251 2770 1305; x_wconf 74' lang='lat' dir='ltr'><strong>‘liis</strong></span> <span class='ocrx_word' id='word_1_207' title='bbox 2795 1251 2956 1307; x_wconf 89' lang='lat' dir='ltr'><strong>homo</strong></span> <span class='ocrx_word' id='word_1_208' title='bbox 2978 1255 3220 1309; x_wconf 89' lang='lat' dir='ltr'><strong>noscitur</strong></span> <span class='ocrx_word' id='word_1_209' title='bbox 3246 1255 3412 1310; x_wconf 85' lang='lat' dir='ltr'><strong>exsti-</strong></span> 
     </span>
    </p>
   </div>
   <div class='ocr_carea' id='block_1_27' title="bbox 1836 1337 3413 1414">
    <p class='ocr_par' dir='ltr' id='par_1_27' title="bbox 1836 1337 3413 1414">
     <span class='ocr_line' id='line_1_27' title="bbox 1836 1337 3413 1414; baseline 0.004 -22"><span class='ocrx_word' id='word_1_210' title='bbox 1836 1340 1986 1393; x_wconf 91' lang='lat' dir='ltr'><strong>tisse.</strong></span> <span class='ocrx_word' id='word_1_211' title='bbox 2016 1337 2132 1393; x_wconf 85' lang='lat' dir='ltr'><strong>Non</strong></span> <span class='ocrx_word' id='word_1_212' title='bbox 2161 1340 2392 1408; x_wconf 91' lang='lat' dir='ltr'><strong>perdunt</strong></span> <span class='ocrx_word' id='word_1_213' title='bbox 2416 1341 2669 1410; x_wconf 88' lang='lat' dir='ltr'><strong>propria;</strong></span> <span class='ocrx_word' id='word_1_214' title='bbox 2704 1342 2796 1396; x_wconf 90' lang='lat' dir='ltr'><strong>sed</strong></span> <span class='ocrx_word' id='word_1_215' title='bbox 2821 1343 2946 1412; x_wconf 88' lang='lat' dir='ltr'><strong>quia</strong></span> <span class='ocrx_word' id='word_1_216' title='bbox 2977 1343 3030 1396; x_wconf 92' lang='lat' dir='ltr'><strong>in</strong></span> <span class='ocrx_word' id='word_1_217' title='bbox 3059 1360 3225 1398; x_wconf 91' lang='lat' dir='ltr'><strong>unum</strong></span> <span class='ocrx_word' id='word_1_218' title='bbox 3254 1352 3413 1414; x_wconf 88' lang='lat' dir='ltr'><strong>atque</strong></span> 
     </span>
    </p>
   </div>
   <div class='ocr_carea' id='block_1_28' title="bbox 1840 1429 3415 1504">
    <p class='ocr_par' dir='ltr' id='par_1_28' title="bbox 1840 1429 3415 1504">
     <span class='ocr_line' id='line_1_28' title="bbox 1840 1429 3415 1504; baseline 0.003 -21"><span class='ocrx_word' id='word_1_219' title='bbox 1840 1429 2278 1500; x_wconf 84' lang='lat' dir='ltr'><strong>inseparabiliter</strong></span> <span class='ocrx_word' id='word_1_220' title='bbox 2304 1431 2654 1497; x_wconf 87' lang='lat' dir='ltr'><strong>conveniunt,</strong></span> <span class='ocrx_word' id='word_1_221' title='bbox 2688 1448 2755 1487; x_wconf 83' lang='lat' dir='ltr'><strong>ex</strong></span> <span class='ocrx_word' id='word_1_222' title='bbox 2781 1434 3016 1504; x_wconf 88' lang='lat' dir='ltr'><strong>propriis</strong></span> <span class='ocrx_word' id='word_1_223' title='bbox 3052 1435 3306 1489; x_wconf 90' lang='lat' dir='ltr'><strong>videntur</strong></span> <span class='ocrx_word' id='word_1_224' title='bbox 3333 1433 3415 1488; x_wconf 80' lang='lat' dir='ltr'><strong>fa—</strong></span> 
     </span>
    </p>
   </div>
   <div class='ocr_carea' id='block_1_29' title="bbox 1841 1516 3416 1592">
    <p class='ocr_par' dir='ltr' id='par_1_29' title="bbox 1841 1516 3416 1592">
     <span class='ocr_line' id='line_1_29' title="bbox 1841 1516 3416 1592; baseline 0.007 -23"><span class='ocrx_word' id='word_1_225' title='bbox 1841 1525 1927 1570; x_wconf 88' lang='lat' dir='ltr'><strong>cta</strong></span> <span class='ocrx_word' id='word_1_226' title='bbox 1964 1517 2287 1581; x_wconf 80' lang='lat' dir='ltr'><strong>communia.</strong></span> <span class='ocrx_word' id='word_1_227' title='bbox 2315 1516 2557 1572; x_wconf 81' lang='lat' dir='ltr'><strong>Aﬁicitur</strong></span> <span class='ocrx_word' id='word_1_228' title='bbox 2594 1520 2648 1573; x_wconf 90' lang='lat' dir='ltr'><strong>in</strong></span> <span class='ocrx_word' id='word_1_229' title='bbox 2685 1537 2910 1592; x_wconf 86' lang='lat' dir='ltr'><strong>corpore</strong></span> <span class='ocrx_word' id='word_1_230' title='bbox 2947 1538 3101 1578; x_wconf 89' lang='lat' dir='ltr'><strong>mens</strong></span> <span class='ocrx_word' id='word_1_231' title='bbox 3141 1524 3416 1580; x_wconf 83' lang='lat' dir='ltr'><strong>doloribus</strong></span> 
     </span>
    </p>
   </div>
   <div class='ocr_carea' id='block_1_30' title="bbox 1841 1607 3414 1684">
    <p class='ocr_par' dir='ltr' id='par_1_30' title="bbox 1841 1607 3414 1684">
     <span class='ocr_line' id='line_1_30' title="bbox 1841 1607 3414 1684; baseline 0.006 -23"><span class='ocrx_word' id='word_1_232' title='bbox 1841 1608 2104 1676; x_wconf 91' lang='lat' dir='ltr'><strong>corporis,</strong></span> <span class='ocrx_word' id='word_1_233' title='bbox 2157 1607 2419 1678; x_wconf 80' lang='lat' dir='ltr'><strong>fatigatur</strong></span> <span class='ocrx_word' id='word_1_234' title='bbox 2473 1625 2670 1680; x_wconf 89' lang='lat' dir='ltr'><strong>corpus</strong></span> <span class='ocrx_word' id='word_1_235' title='bbox 2723 1613 3139 1684; x_wconf 80' lang='lat' dir='ltr'><strong>cogitationibus</strong></span> <span class='ocrx_word' id='word_1_236' title='bbox 3186 1615 3414 1681; x_wconf 89' lang='lat' dir='ltr'><strong>mentis;</strong></span> 
     </span>
    </p>
   </div>
   <div class='ocr_carea' id='block_1_31' title="bbox 1843 1701 3420 1776">
    <p class='ocr_par' dir='ltr' id='par_1_31' title="bbox 1843 1701 3420 1776">
     <span class='ocr_line' id='line_1_31' title="bbox 1843 1701 3420 1776; baseline 0.007 -24"><span class='ocrx_word' id='word_1_237' title='bbox 1843 1705 1898 1752; x_wconf 91' lang='lat' dir='ltr'><strong>et</strong></span> <span class='ocrx_word' id='word_1_238' title='bbox 1925 1713 2089 1752; x_wconf 93' lang='lat' dir='ltr'><strong>unum</strong></span> <span class='ocrx_word' id='word_1_239' title='bbox 2123 1706 2304 1754; x_wconf 89' lang='lat' dir='ltr'><strong>tamen</strong></span> <span class='ocrx_word' id='word_1_240' title='bbox 2335 1701 2526 1755; x_wconf 86' lang='lat' dir='ltr'><strong>horum</strong></span> <span class='ocrx_word' id='word_1_241' title='bbox 2554 1704 2833 1773; x_wconf 90' lang='lat' dir='ltr'><strong>proprium</strong></span> <span class='ocrx_word' id='word_1_242' title='bbox 2869 1713 2952 1759; x_wconf 90' lang='lat' dir='ltr'><strong>est</strong></span> <span class='ocrx_word' id='word_1_243' title='bbox 2994 1706 3254 1776; x_wconf 89' lang='lat' dir='ltr'><strong>corporis,</strong></span> <span class='ocrx_word' id='word_1_244' title='bbox 3283 1708 3420 1764; x_wconf 87' lang='lat' dir='ltr'><strong>alte-</strong></span> 
     </span>
    </p>
   </div>
   <div class='ocr_carea' id='block_1_32' title="bbox 1845 1789 3419 1862">
    <p class='ocr_par' dir='ltr' id='par_1_32' title="bbox 1845 1789 3419 1862">
     <span class='ocr_line' id='line_1_32' title="bbox 1845 1789 3419 1862; baseline 0.009 -23"><span class='ocrx_word' id='word_1_245' title='bbox 1845 1801 1967 1840; x_wconf 88' lang='lat' dir='ltr'><strong>rum</strong></span> <span class='ocrx_word' id='word_1_246' title='bbox 2008 1789 2224 1842; x_wconf 89' lang='lat' dir='ltr'><strong>mentis.</strong></span> <span class='ocrx_word' id='word_1_247' title='bbox 2254 1789 2383 1856; x_wconf 66' lang='lat' dir='ltr'><strong>Quae</strong></span> <span class='ocrx_word' id='word_1_248' title='bbox 2410 1791 2536 1844; x_wconf 90' lang='lat' dir='ltr'><strong>dum</strong></span> <span class='ocrx_word' id='word_1_249' title='bbox 2576 1793 2669 1845; x_wconf 92' lang='lat' dir='ltr'><strong>uni</strong></span> <span class='ocrx_word' id='word_1_250' title='bbox 2697 1793 2904 1847; x_wconf 87' lang='lat' dir='ltr'><strong>homini</strong></span> <span class='ocrx_word' id='word_1_251' title='bbox 2946 1796 3261 1862; x_wconf 88' lang='lat' dir='ltr'><strong>acciderint,</strong></span> <span class='ocrx_word' id='word_1_252' title='bbox 3293 1813 3419 1852; x_wconf 91' lang='lat' dir='ltr'><strong>cor-</strong></span> 
     </span>
    </p>
   </div>
   <div class='ocr_carea' id='block_1_33' title="bbox 161 1877 1753 1978">
    <p class='ocr_par' dir='ltr' id='par_1_33' title="bbox 161 1901 1741 1978">
     <span class='ocr_line' id='line_1_33' title="bbox 161 1901 1741 1978; baseline -0.004 -16"><span class='ocrx_word' id='word_1_253' title='bbox 161 1925 274 1978; x_wconf 92' lang='lat' dir='ltr'><strong>que</strong></span> <span class='ocrx_word' id='word_1_254' title='bbox 315 1908 586 1963; x_wconf 87' lang='lat' dir='ltr'><strong>credendo</strong></span> <span class='ocrx_word' id='word_1_255' title='bbox 624 1917 679 1961; x_wconf 90' lang='lat' dir='ltr'><strong>et</strong></span> <span class='ocrx_word' id='word_1_256' title='bbox 714 1905 1018 1961; x_wconf 87' lang='lat' dir='ltr'><strong>conﬁtendo</strong></span> <span class='ocrx_word' id='word_1_257' title='bbox 1049 1905 1334 1960; x_wconf 90' lang='lat' dir='ltr'><strong>Dominum</strong></span> <span class='ocrx_word' id='word_1_258' title='bbox 1365 1901 1546 1958; x_wconf 85' lang='lat' dir='ltr'><strong>Jesum</strong></span> <span class='ocrx_word' id='word_1_259' title='bbox 1586 1917 1654 1956; x_wconf 87' lang='lat' dir='ltr'><strong>ex</strong></span> <span class='ocrx_word' id='word_1_260' title='bbox 1683 1915 1741 1956; x_wconf 92' lang='lat' dir='ltr'><strong>se</strong></span> 
     </span>
    </p>
   </div>
   <div class='ocr_carea' id='block_1_34' title="bbox 1852 1877 3419 1978">
    <p class='ocr_par' dir='ltr' id='par_1_34' title="bbox 1852 1877 3419 1957">
     <span class='ocr_line' id='line_1_34' title="bbox 1852 1877 3419 1957; baseline 0.008 -26"><span class='ocrx_word' id='word_1_261' title='bbox 1852 1877 1990 1956; x_wconf 83' lang='lat' dir='ltr'><strong>poris</strong></span> <span class='ocrx_word' id='word_1_262' title='bbox 2019 1893 2302 1934; x_wconf 86' lang='lat' dir='ltr'><strong>commune</strong></span> <span class='ocrx_word' id='word_1_263' title='bbox 2325 1880 2580 1936; x_wconf 87' lang='lat' dir='ltr'><strong>videntur</strong></span> <span class='ocrx_word' id='word_1_264' title='bbox 2605 1893 2659 1938; x_wconf 91' lang='lat' dir='ltr'><strong>et</strong></span> <span class='ocrx_word' id='word_1_265' title='bbox 2690 1883 2908 1939; x_wconf 90' lang='lat' dir='ltr'><strong>mentis.</strong></span> <span class='ocrx_word' id='word_1_266' title='bbox 2938 1883 3029 1939; x_wconf 92' lang='lat' dir='ltr'><strong>Sic</strong></span> <span class='ocrx_word' id='word_1_267' title='bbox 3062 1895 3183 1956; x_wconf 91' lang='lat' dir='ltr'><strong>post</strong></span> <span class='ocrx_word' id='word_1_268' title='bbox 3205 1896 3419 1957; x_wconf 87' lang='lat' dir='ltr'><strong>partum</strong></span> 
     </span>
    </p>
   </div>
   <div class='ocr_carea' id='block_1_35' title="bbox 161 1995 1742 2070">
    <p class='ocr_par' dir='ltr' id='par_1_35' title="bbox 161 1995 1742 2070">
     <span class='ocr_line' id='line_1_35' title="bbox 161 1995 1742 2070; baseline -0.005 -14"><span class='ocrx_word' id='word_1_269' title='bbox 161 2001 288 2070; x_wconf 88' lang='lat' dir='ltr'><strong>ipso</strong></span> <span class='ocrx_word' id='word_1_270' title='bbox 316 2010 371 2056; x_wconf 90' lang='lat' dir='ltr'><strong>et</strong></span> <span class='ocrx_word' id='word_1_271' title='bbox 398 2000 534 2054; x_wconf 89' lang='lat' dir='ltr'><strong>mori</strong></span> <span class='ocrx_word' id='word_1_272' title='bbox 561 2008 613 2054; x_wconf 91' lang='lat' dir='ltr'><strong>et</strong></span> <span class='ocrx_word' id='word_1_273' title='bbox 643 2014 921 2068; x_wconf 80' lang='lat' dir='ltr'><strong>resurgere</strong></span> <span class='ocrx_word' id='word_1_274' title='bbox 947 1997 1204 2068; x_wconf 86' lang='lat' dir='ltr'><strong>potuisse.</strong></span> <span class='ocrx_word' id='word_1_275' title='bbox 1239 1997 1350 2051; x_wconf 89' lang='lat' dir='ltr'><strong>Nec</strong></span> <span class='ocrx_word' id='word_1_276' title='bbox 1373 1996 1537 2061; x_wconf 89' lang='lat' dir='ltr'><strong>enim,</strong></span> <span class='ocrx_word' id='word_1_277' title='bbox 1561 1995 1604 2050; x_wconf 91' lang='lat' dir='ltr'><strong>si</strong></span> <span class='ocrx_word' id='word_1_278' title='bbox 1635 2009 1742 2048; x_wconf 93' lang='lat' dir='ltr'><strong>non</strong></span> 
     </span>
    </p>
   </div>
   <div class='ocr_carea' id='block_1_36' title="bbox 162 2088 1741 2160">
    <p class='ocr_par' dir='ltr' id='par_1_36' title="bbox 162 2088 1741 2160">
     <span class='ocr_line' id='line_1_36' title="bbox 162 2088 1741 2160; baseline -0.003 -13"><span class='ocrx_word' id='word_1_279' title='bbox 162 2091 336 2147; x_wconf 89' lang='lat' dir='ltr'><strong>homo</strong></span> <span class='ocrx_word' id='word_1_280' title='bbox 361 2099 527 2155; x_wconf 84' lang='lat' dir='ltr'><strong>esset,</strong></span> <span class='ocrx_word' id='word_1_281' title='bbox 561 2091 695 2144; x_wconf 89' lang='lat' dir='ltr'><strong>mori</strong></span> <span class='ocrx_word' id='word_1_282' title='bbox 726 2091 1006 2160; x_wconf 90' lang='lat' dir='ltr'><strong>potuisset,</strong></span> <span class='ocrx_word' id='word_1_283' title='bbox 1037 2103 1234 2158; x_wconf 88' lang='lat' dir='ltr'><strong>neque,</strong></span> <span class='ocrx_word' id='word_1_284' title='bbox 1257 2091 1301 2142; x_wconf 93' lang='lat' dir='ltr'><strong>si</strong></span> <span class='ocrx_word' id='word_1_285' title='bbox 1327 2104 1433 2143; x_wconf 93' lang='lat' dir='ltr'><strong>non</strong></span> <span class='ocrx_word' id='word_1_286' title='bbox 1461 2088 1625 2152; x_wconf 86' lang='lat' dir='ltr'><strong>Deus,</strong></span> <span class='ocrx_word' id='word_1_287' title='bbox 1658 2103 1741 2142; x_wconf 87' lang='lat' dir='ltr'><strong>re-</strong></span> 
     </span>
    </p>
   </div>
   <div class='ocr_carea' id='block_1_37' title="bbox 164 2179 1745 2256">
    <p class='ocr_par' dir='ltr' id='par_1_37' title="bbox 164 2179 1745 2256">
     <span class='ocr_line' id='line_1_37' title="bbox 164 2179 1745 2256; baseline -0.004 -16"><span class='ocrx_word' id='word_1_288' title='bbox 164 2193 436 2256; x_wconf 82' lang='lat' dir='ltr'><strong>surgeret.</strong></span> <span class='ocrx_word' id='word_1_289' title='bbox 485 2183 634 2239; x_wconf 92' lang='lat' dir='ltr'><strong>Unus</strong></span> <span class='ocrx_word' id='word_1_290' title='bbox 675 2183 941 2252; x_wconf 88' lang='lat' dir='ltr'><strong>idemque,</strong></span> <span class='ocrx_word' id='word_1_291' title='bbox 973 2182 1074 2236; x_wconf 89' lang='lat' dir='ltr'><strong>etsi</strong></span> <span class='ocrx_word' id='word_1_292' title='bbox 1101 2181 1390 2237; x_wconf 81' lang='lat' dir='ltr'><strong>cruciﬁxus</strong></span> <span class='ocrx_word' id='word_1_293' title='bbox 1423 2195 1490 2234; x_wconf 79' lang='lat' dir='ltr'><strong>ex</strong></span> <span class='ocrx_word' id='word_1_294' title='bbox 1520 2179 1745 2234; x_wconf 91' lang='lat' dir='ltr'><strong>inﬁrmi-</strong></span> 
     </span>
    </p>
   </div>
   <div class='ocr_carea' id='block_1_38' title="bbox 165 2270 1745 2342">
    <p class='ocr_par' dir='ltr' id='par_1_38' title="bbox 165 2270 1745 2342">
     <span class='ocr_line' id='line_1_38' title="bbox 165 2270 1745 2342; baseline -0.004 -13"><span class='ocrx_word' id='word_1_295' title='bbox 165 2282 306 2342; x_wconf 85' lang='lat' dir='ltr'><strong>tate,</strong></span> <span class='ocrx_word' id='word_1_296' title='bbox 337 2275 428 2331; x_wconf 90' lang='lat' dir='ltr'><strong>sed</strong></span> <span class='ocrx_word' id='word_1_297' title='bbox 453 2275 589 2330; x_wconf 84' lang='lat' dir='ltr'><strong>vivit</strong></span> <span class='ocrx_word' id='word_1_298' title='bbox 618 2291 683 2330; x_wconf 83' lang='lat' dir='ltr'><strong>ex</strong></span> <span class='ocrx_word' id='word_1_299' title='bbox 707 2275 907 2329; x_wconf 89' lang='lat' dir='ltr'><strong>virtute</strong></span> <span class='ocrx_word' id='word_1_300' title='bbox 930 2273 1046 2328; x_wconf 93' lang='lat' dir='ltr'><strong>Dei.</strong></span> <span class='ocrx_word' id='word_1_301' title='bbox 1080 2272 1232 2340; x_wconf 84' lang='lat' dir='ltr'><strong>Quod</strong></span> <span class='ocrx_word' id='word_1_302' title='bbox 1266 2271 1517 2327; x_wconf 88' lang='lat' dir='ltr'><strong>salutaris</strong></span> <span class='ocrx_word' id='word_1_303' title='bbox 1555 2270 1745 2340; x_wconf 83' lang='lat' dir='ltr'><strong>dogma</strong></span> 
     </span>
    </p>
   </div>
   <div class='ocr_carea' id='block_1_39' title="bbox 167 2361 1749 2435">
    <p class='ocr_par' dir='ltr' id='par_1_39' title="bbox 167 2361 1749 2435">
     <span class='ocr_line' id='line_1_39' title="bbox 167 2361 1749 2435; baseline -0.003 -16"><span class='ocrx_word' id='word_1_304' title='bbox 167 2364 534 2435; x_wconf 83' lang='lat' dir='ltr'><strong>salutarisque</strong></span> <span class='ocrx_word' id='word_1_305' title='bbox 562 2365 829 2420; x_wconf 82' lang='lat' dir='ltr'><strong>confessio</strong></span> <span class='ocrx_word' id='word_1_306' title='bbox 858 2363 1220 2419; x_wconf 90' lang='lat' dir='ltr'><strong>misericordia</strong></span> <span class='ocrx_word' id='word_1_307' title='bbox 1250 2363 1343 2417; x_wconf 91' lang='lat' dir='ltr'><strong>Dei</strong></span> <span class='ocrx_word' id='word_1_308' title='bbox 1373 2361 1562 2416; x_wconf 88' lang='lat' dir='ltr'><strong>melior</strong></span> <span class='ocrx_word' id='word_1_309' title='bbox 1588 2375 1749 2430; x_wconf 90' lang='lat' dir='ltr'><strong>super</strong></span> 
     </span>
    </p>
   </div>
   <div class='ocr_carea' id='block_1_40' title="bbox 166 2455 1750 2526">
    <p class='ocr_par' dir='ltr' id='par_1_40' title="bbox 166 2455 1750 2526">
     <span class='ocr_line' id='line_1_40' title="bbox 166 2455 1750 2526; baseline -0.001 -16"><span class='ocrx_word' id='word_1_310' title='bbox 166 2457 341 2521; x_wconf 82' lang='lat' dir='ltr'><strong>vitas,</strong></span> <span class='ocrx_word' id='word_1_311' title='bbox 367 2458 548 2526; x_wconf 91' lang='lat' dir='ltr'><strong>quidni</strong></span> <span class='ocrx_word' id='word_1_312' title='bbox 585 2457 818 2511; x_wconf 87' lang='lat' dir='ltr'><strong>salutare</strong></span> <span class='ocrx_word' id='word_1_313' title='bbox 845 2457 1017 2510; x_wconf 84' lang='lat' dir='ltr'><strong>vultus</strong></span> <span class='ocrx_word' id='word_1_314' title='bbox 1044 2456 1149 2510; x_wconf 91' lang='lat' dir='ltr'><strong>mei</strong></span> <span class='ocrx_word' id='word_1_315' title='bbox 1179 2463 1231 2509; x_wconf 88' lang='lat' dir='ltr'><strong>et</strong></span> <span class='ocrx_word' id='word_1_316' title='bbox 1256 2455 1394 2509; x_wconf 90' lang='lat' dir='ltr'><strong>Deus</strong></span> <span class='ocrx_word' id='word_1_317' title='bbox 1419 2470 1589 2518; x_wconf 88' lang='lat' dir='ltr'><strong>meus,</strong></span> <span class='ocrx_word' id='word_1_318' title='bbox 1622 2455 1750 2509; x_wconf 81' lang='lat' dir='ltr'><strong>licet</strong></span> 
     </span>
    </p>
   </div>
   <div class='ocr_carea' id='block_1_41' title="bbox 170 2547 1748 2620">
    <p class='ocr_par' dir='ltr' id='par_1_41' title="bbox 170 2547 1748 2620">
     <span class='ocr_line' id='line_1_41' title="bbox 170 2547 1748 2620; baseline -0.001 -18"><span class='ocrx_word' id='word_1_319' title='bbox 170 2549 452 2619; x_wconf 89' lang='lat' dir='ltr'><strong>pr0prium</strong></span> <span class='ocrx_word' id='word_1_320' title='bbox 480 2557 758 2620; x_wconf 84' lang='lat' dir='ltr'><strong>syntagma</strong></span> <span class='ocrx_word' id='word_1_321' title='bbox 788 2558 1038 2618; x_wconf 74' lang='lat' dir='ltr'><strong>exposcat</strong></span> <span class='ocrx_word' id='word_1_322' title='bbox 1065 2547 1496 2603; x_wconf 88' lang='lat' dir='ltr'><strong>testiﬁcationem</strong></span> <span class='ocrx_word' id='word_1_323' title='bbox 1523 2549 1748 2601; x_wconf 86' lang='lat' dir='ltr'><strong>authen-</strong></span> 
     </span>
    </p>
   </div>
   <div class='ocr_carea' id='block_1_42' title="bbox 172 2637 1743 2709">
    <p class='ocr_par' dir='ltr' id='par_1_42' title="bbox 172 2637 1743 2709">
     <span class='ocr_line' id='line_1_42' title="bbox 172 2637 1743 2709; baseline -0.001 -16"><span class='ocrx_word' id='word_1_324' title='bbox 172 2639 411 2694; x_wconf 88' lang='lat' dir='ltr'><strong>ticorum</strong></span> <span class='ocrx_word' id='word_1_325' title='bbox 447 2639 816 2708; x_wconf 87' lang='lat' dir='ltr'><strong>multiplicem,</strong></span> <span class='ocrx_word' id='word_1_326' title='bbox 849 2639 1155 2709; x_wconf 84' lang='lat' dir='ltr'><strong>Stephanus</strong></span> <span class='ocrx_word' id='word_1_327' title='bbox 1182 2647 1358 2693; x_wconf 86' lang='lat' dir='ltr'><strong>tamen</strong></span> <span class='ocrx_word' id='word_1_328' title='bbox 1381 2639 1663 2707; x_wconf 90' lang='lat' dir='ltr'><strong>episc0pus</strong></span> <span class='ocrx_word' id='word_1_329' title='bbox 1689 2637 1743 2691; x_wconf 93' lang='lat' dir='ltr'><strong>in</strong></span> 
     </span>
    </p>
   </div>
   <div class='ocr_carea' id='block_1_43' title="bbox 175 2725 1752 2799">
    <p class='ocr_par' dir='ltr' id='par_1_43' title="bbox 175 2725 1752 2799">
     <span class='ocr_line' id='line_1_43' title="bbox 175 2725 1752 2799; baseline -0.001 -18"><span class='ocrx_word' id='word_1_330' title='bbox 175 2728 437 2799; x_wconf 90' lang='lat' dir='ltr'><strong>encycliis</strong></span> <span class='ocrx_word' id='word_1_331' title='bbox 475 2731 540 2782; x_wconf 89' lang='lat' dir='ltr'><strong>ad</strong></span> <span class='ocrx_word' id='word_1_332' title='bbox 569 2728 801 2782; x_wconf 89' lang='lat' dir='ltr'><strong>Leonem</strong></span> <span class='ocrx_word' id='word_1_333' title='bbox 832 2729 1130 2797; x_wconf 86' lang='lat' dir='ltr'><strong>principem</strong></span> <span class='ocrx_word' id='word_1_334' title='bbox 1161 2727 1354 2781; x_wconf 82' lang='lat' dir='ltr'><strong>exinde</strong></span> <span class='ocrx_word' id='word_1_335' title='bbox 1382 2727 1622 2781; x_wconf 89' lang='lat' dir='ltr'><strong>scribens</strong></span> <span class='ocrx_word' id='word_1_336' title='bbox 1650 2725 1752 2780; x_wconf 86' lang='lat' dir='ltr'><strong>mi-</strong></span> 
     </span>
    </p>
   </div>
   <div class='ocr_carea' id='block_1_44' title="bbox 175 2815 1748 2883">
    <p class='ocr_par' dir='ltr' id='par_1_44' title="bbox 175 2815 1748 2883">
     <span class='ocr_line' id='line_1_44' title="bbox 175 2815 1748 2883; baseline -0.003 -11"><span class='ocrx_word' id='word_1_337' title='bbox 175 2819 422 2872; x_wconf 90' lang='lat' dir='ltr'><strong>rabiliter</strong></span> <span class='ocrx_word' id='word_1_338' title='bbox 449 2819 580 2872; x_wconf 89' lang='lat' dir='ltr'><strong>dicit</strong></span> <span class='ocrx_word' id='word_1_339' title='bbox 604 2835 618 2873; x_wconf 87' lang='lat'><strong>:</strong></span> <span class='ocrx_word' id='word_1_340' title='bbox 649 2837 666 2868; x_wconf 78' lang='grc' dir='ltr'>ι</span> <span class='ocrx_word' id='word_1_341' title='bbox 695 2817 915 2872; x_wconf 86' lang='lat' dir='ltr'><strong>lndutus</strong></span> <span class='ocrx_word' id='word_1_342' title='bbox 940 2825 1023 2871; x_wconf 89' lang='lat' dir='ltr'><strong>cst</strong></span> <span class='ocrx_word' id='word_1_343' title='bbox 1041 2816 1206 2870; x_wconf 87' lang='lat' dir='ltr'><strong>Filius</strong></span> <span class='ocrx_word' id='word_1_344' title='bbox 1230 2816 1465 2869; x_wconf 89' lang='lat' dir='ltr'><strong>tunicam</strong></span> <span class='ocrx_word' id='word_1_345' title='bbox 1489 2815 1748 2883; x_wconf 88' lang='lat' dir='ltr'><strong>corporis,</strong></span> 
     </span>
    </p>
   </div>
   <div class='ocr_carea' id='block_1_45' title="bbox 174 2906 1752 2978">
    <p class='ocr_par' dir='ltr' id='par_1_45' title="bbox 174 2906 1752 2978">
     <span class='ocr_line' id='line_1_45' title="bbox 174 2906 1752 2978; baseline -0.004 -14"><span class='ocrx_word' id='word_1_346' title='bbox 174 2908 283 2964; x_wconf 91' lang='lat' dir='ltr'><strong>hoc</strong></span> <span class='ocrx_word' id='word_1_347' title='bbox 308 2916 410 2973; x_wconf 89' lang='lat' dir='ltr'><strong>est,</strong></span> <span class='ocrx_word' id='word_1_348' title='bbox 434 2909 699 2978; x_wconf 86' lang='lat' dir='ltr'><strong>integrum</strong></span> <span class='ocrx_word' id='word_1_349' title='bbox 724 2907 1018 2972; x_wconf 90' lang='lat' dir='ltr'><strong>hominem,</strong></span> <span class='ocrx_word' id='word_1_350' title='bbox 1043 2908 1108 2960; x_wconf 91' lang='lat' dir='ltr'><strong>de</strong></span> <span class='ocrx_word' id='word_1_351' title='bbox 1133 2913 1316 2961; x_wconf 91' lang='lat' dir='ltr'><strong>sancta</strong></span> <span class='ocrx_word' id='word_1_352' title='bbox 1337 2906 1564 2976; x_wconf 89' lang='lat' dir='ltr'><strong>virgine,</strong></span> <span class='ocrx_word' id='word_1_353' title='bbox 1591 2920 1752 2974; x_wconf 87' lang='lat' dir='ltr'><strong>quam</strong></span> 
     </span>
    </p>
   </div>
   <div class='ocr_carea' id='block_1_46' title="bbox 179 2996 1748 3068">
    <p class='ocr_par' dir='ltr' id='par_1_46' title="bbox 179 2996 1748 3068">
     <span class='ocr_line' id='line_1_46' title="bbox 179 2996 1748 3068; baseline -0.004 -15"><span class='ocrx_word' id='word_1_354' title='bbox 179 3006 405 3054; x_wconf 90' lang='lat' dir='ltr'><strong>sanctus</strong></span> <span class='ocrx_word' id='word_1_355' title='bbox 449 2998 683 3068; x_wconf 88' lang='lat' dir='ltr'><strong>Spiritus</strong></span> <span class='ocrx_word' id='word_1_356' title='bbox 731 2998 922 3052; x_wconf 84' lang='lat' dir='ltr'><strong>texuit.</strong></span> <span class='ocrx_word' id='word_1_357' title='bbox 987 2996 1338 3052; x_wconf 80' lang='lat' dir='ltr'><strong>lneﬁ&#39;abiliter</strong></span> <span class='ocrx_word' id='word_1_358' title='bbox 1385 2997 1440 3050; x_wconf 91' lang='lat' dir='ltr'><strong>in</strong></span> <span class='ocrx_word' id='word_1_359' title='bbox 1483 2996 1748 3065; x_wconf 85' lang='lat' dir='ltr'><strong>ingressu,</strong></span> 
     </span>
    </p>
   </div>
   <div class='ocr_carea' id='block_1_47' title="bbox 179 3082 1754 3156">
    <p class='ocr_par' dir='ltr' id='par_1_47' title="bbox 179 3082 1754 3156">
     <span class='ocr_line' id='line_1_47' title="bbox 179 3082 1754 3156; baseline -0.004 -14"><span class='ocrx_word' id='word_1_360' title='bbox 179 3088 614 3142; x_wconf 85' lang='lat' dir='ltr'><strong>inenarrabiliter</strong></span> <span class='ocrx_word' id='word_1_361' title='bbox 650 3087 703 3140; x_wconf 93' lang='lat' dir='ltr'><strong>in</strong></span> <span class='ocrx_word' id='word_1_362' title='bbox 739 3101 979 3156; x_wconf 86' lang='lat' dir='ltr'><strong>egressu,</strong></span> <span class='ocrx_word' id='word_1_363' title='bbox 1027 3083 1642 3154; x_wconf 88' lang='lat' dir='ltr'><strong>incomprehensibiliter</strong></span> <span class='ocrx_word' id='word_1_364' title='bbox 1671 3082 1754 3136; x_wconf 86' lang='lat' dir='ltr'><strong>in-</strong></span> 
     </span>
    </p>
   </div>
   <div class='ocr_carea' id='block_1_48' title="bbox 181 3174 1748 3247">
    <p class='ocr_par' dir='ltr' id='par_1_48' title="bbox 181 3174 1748 3247">
     <span class='ocr_line' id='line_1_48' title="bbox 181 3174 1748 3247; baseline -0.001 -17"><span class='ocrx_word' id='word_1_365' title='bbox 181 3191 402 3247; x_wconf 86' lang='lat' dir='ltr'><strong>gressus</strong></span> <span class='ocrx_word' id='word_1_366' title='bbox 429 3185 512 3231; x_wconf 89' lang='lat' dir='ltr'><strong>est</strong></span> <span class='ocrx_word' id='word_1_367' title='bbox 539 3177 845 3241; x_wconf 90' lang='lat' dir='ltr'><strong>invisibilis,</strong></span> <span class='ocrx_word' id='word_1_368' title='bbox 873 3191 1124 3246; x_wconf 86' lang='lat' dir='ltr'><strong>egressus</strong></span> <span class='ocrx_word' id='word_1_369' title='bbox 1153 3183 1238 3230; x_wconf 87' lang='lat' dir='ltr'><strong>est</strong></span> <span class='ocrx_word' id='word_1_370' title='bbox 1264 3175 1506 3230; x_wconf 88' lang='lat' dir='ltr'><strong>visibilis.</strong></span> <span class='ocrx_word' id='word_1_371' title='bbox 1535 3174 1748 3246; x_wconf 87' lang='lat' dir='ltr'><strong>Ingres-</strong></span> 
     </span>
    </p>
   </div>
   <div class='ocr_carea' id='block_1_49' title="bbox 182 3266 1755 3337">
    <p class='ocr_par' dir='ltr' id='par_1_49' title="bbox 182 3266 1755 3337">
     <span class='ocr_line' id='line_1_49' title="bbox 182 3266 1755 3337; baseline -0.001 -16"><span class='ocrx_word' id='word_1_372' title='bbox 182 3283 278 3321; x_wconf 86' lang='lat' dir='ltr'><strong>sus</strong></span> <span class='ocrx_word' id='word_1_373' title='bbox 306 3276 389 3322; x_wconf 88' lang='lat' dir='ltr'><strong>est</strong></span> <span class='ocrx_word' id='word_1_374' title='bbox 412 3268 506 3321; x_wconf 91' lang='lat' dir='ltr'><strong>Dei</strong></span> <span class='ocrx_word' id='word_1_375' title='bbox 538 3268 794 3333; x_wconf 87' lang='lat' dir='ltr'><strong>Verbum,</strong></span> <span class='ocrx_word' id='word_1_376' title='bbox 827 3282 1075 3337; x_wconf 88' lang='lat' dir='ltr'><strong>egressus</strong></span> <span class='ocrx_word' id='word_1_377' title='bbox 1104 3267 1246 3321; x_wconf 90' lang='lat' dir='ltr'><strong>idem</strong></span> <span class='ocrx_word' id='word_1_378' title='bbox 1268 3275 1350 3322; x_wconf 91' lang='lat' dir='ltr'><strong>est</strong></span> <span class='ocrx_word' id='word_1_379' title='bbox 1375 3268 1556 3322; x_wconf 91' lang='lat' dir='ltr'><strong>homo.</strong></span> <span class='ocrx_word' id='word_1_380' title='bbox 1588 3266 1755 3320; x_wconf 76' lang='lat' dir='ltr'><strong>Para-</strong></span> 
     </span>
    </p>
   </div>
   <div class='ocr_carea' id='block_1_50' title="bbox 183 3359 1756 3430">
    <p class='ocr_par' dir='ltr' id='par_1_50' title="bbox 183 3359 1756 3430">
     <span class='ocr_line' id='line_1_50' title="bbox 183 3359 1756 3430; baseline 0 -18"><span class='ocrx_word' id='word_1_381' title='bbox 183 3359 421 3430; x_wconf 86' lang='lat' dir='ltr'><strong>digmate</strong></span> <span class='ocrx_word' id='word_1_382' title='bbox 454 3359 717 3429; x_wconf 86' lang='lat' dir='ltr'><strong>siquidem</strong></span> <span class='ocrx_word' id='word_1_383' title='bbox 747 3360 851 3414; x_wconf 92' lang='lat' dir='ltr'><strong>isto</strong></span> <span class='ocrx_word' id='word_1_384' title='bbox 890 3359 1028 3413; x_wconf 91' lang='lat' dir='ltr'><strong>idem</strong></span> <span class='ocrx_word' id='word_1_385' title='bbox 1062 3367 1146 3413; x_wconf 90' lang='lat' dir='ltr'><strong>est</strong></span> <span class='ocrx_word' id='word_1_386' title='bbox 1171 3369 1365 3414; x_wconf 85' lang='lat' dir='ltr'><strong>exutus</strong></span> <span class='ocrx_word' id='word_1_387' title='bbox 1389 3359 1482 3428; x_wconf 90' lang='lat' dir='ltr'><strong>qui</strong></span> <span class='ocrx_word' id='word_1_388' title='bbox 1511 3367 1567 3413; x_wconf 90' lang='lat' dir='ltr'><strong>et</strong></span> <span class='ocrx_word' id='word_1_389' title='bbox 1604 3359 1756 3412; x_wconf 90' lang='lat' dir='ltr'><strong>indu-</strong></span> 
     </span>
    </p>
   </div>
   <div class='ocr_carea' id='block_1_51' title="bbox 187 3447 1759 3517">
    <p class='ocr_par' dir='ltr' id='par_1_51' title="bbox 187 3447 1759 3517">
     <span class='ocr_line' id='line_1_51' title="bbox 187 3447 1759 3517; baseline -0.003 -13"><span class='ocrx_word' id='word_1_390' title='bbox 187 3459 294 3514; x_wconf 90' lang='lat' dir='ltr'><strong>tus,</strong></span> <span class='ocrx_word' id='word_1_391' title='bbox 334 3449 540 3504; x_wconf 88' lang='lat' dir='ltr'><strong>scilicet</strong></span> <span class='ocrx_word' id='word_1_392' title='bbox 573 3449 665 3517; x_wconf 88' lang='lat' dir='ltr'><strong>qui</strong></span> <span class='ocrx_word' id='word_1_393' title='bbox 698 3449 898 3517; x_wconf 88' lang='lat' dir='ltr'><strong>absque</strong></span> <span class='ocrx_word' id='word_1_394' title='bbox 923 3449 1141 3502; x_wconf 90' lang='lat' dir='ltr'><strong>homine</strong></span> <span class='ocrx_word' id='word_1_395' title='bbox 1166 3447 1262 3501; x_wconf 91' lang='lat' dir='ltr'><strong>Dei</strong></span> <span class='ocrx_word' id='word_1_396' title='bbox 1289 3447 1479 3511; x_wconf 87' lang='lat' dir='ltr'><strong>Filius,</strong></span> <span class='ocrx_word' id='word_1_397' title='bbox 1509 3447 1674 3500; x_wconf 88' lang='lat' dir='ltr'><strong>etiam</strong></span> <span class='ocrx_word' id='word_1_398' title='bbox 1703 3453 1759 3500; x_wconf 90' lang='lat' dir='ltr'><strong>et</strong></span> 
     </span>
    </p>
   </div>
   <div class='ocr_carea' id='block_1_52' title="bbox 187 3537 1758 3606">
    <p class='ocr_par' dir='ltr' id='par_1_52' title="bbox 187 3537 1758 3606">
     <span class='ocr_line' id='line_1_52' title="bbox 187 3537 1758 3606; baseline -0.002 -11"><span class='ocrx_word' id='word_1_399' title='bbox 187 3556 309 3596; x_wconf 89' lang='lat' dir='ltr'><strong>cum</strong></span> <span class='ocrx_word' id='word_1_400' title='bbox 350 3539 569 3594; x_wconf 89' lang='lat' dir='ltr'><strong>homine</strong></span> <span class='ocrx_word' id='word_1_401' title='bbox 614 3553 754 3592; x_wconf 91' lang='lat' dir='ltr'><strong>unus</strong></span> <span class='ocrx_word' id='word_1_402' title='bbox 793 3539 1042 3606; x_wconf 88' lang='lat' dir='ltr'><strong>idemque</strong></span> <span class='ocrx_word' id='word_1_403' title='bbox 1080 3538 1270 3593; x_wconf 89' lang='lat' dir='ltr'><strong>Filius.</strong></span> <span class='ocrx_word' id='word_1_404' title='bbox 1317 3537 1435 3592; x_wconf 85' lang='lat' dir='ltr'><strong>Non</strong></span> <span class='ocrx_word' id='word_1_405' title='bbox 1473 3537 1611 3592; x_wconf 91' lang='lat' dir='ltr'><strong>alius</strong></span> <span class='ocrx_word' id='word_1_406' title='bbox 1665 3538 1758 3592; x_wconf 91' lang='lat' dir='ltr'><strong>ad-</strong></span> 
     </span>
    </p>
   </div>
   <div class='ocr_carea' id='block_1_53' title="bbox 189 3627 1757 3699">
    <p class='ocr_par' dir='ltr' id='par_1_53' title="bbox 189 3627 1757 3699">
     <span class='ocr_line' id='line_1_53' title="bbox 189 3627 1757 3699; baseline 0 -16"><span class='ocrx_word' id='word_1_407' title='bbox 189 3630 489 3699; x_wconf 86' lang='lat' dir='ltr'><strong>0ptivus,et</strong></span> <span class='ocrx_word' id='word_1_408' title='bbox 513 3627 649 3682; x_wconf 90' lang='lat' dir='ltr'><strong>alius</strong></span> <span class='ocrx_word' id='word_1_409' title='bbox 663 3627 912 3697; x_wconf 91' lang='lat' dir='ltr'><strong>proprius</strong></span> <span class='ocrx_word' id='word_1_410' title='bbox 939 3627 1033 3681; x_wconf 93' lang='lat' dir='ltr'><strong>Dei</strong></span> <span class='ocrx_word' id='word_1_411' title='bbox 1057 3627 1253 3692; x_wconf 83' lang='lat' dir='ltr'><strong>Filius;</strong></span> <span class='ocrx_word' id='word_1_412' title='bbox 1289 3627 1384 3682; x_wconf 91' lang='lat' dir='ltr'><strong>sed</strong></span> <span class='ocrx_word' id='word_1_413' title='bbox 1407 3627 1549 3682; x_wconf 90' lang='lat' dir='ltr'><strong>idem</strong></span> <span class='ocrx_word' id='word_1_414' title='bbox 1573 3627 1664 3698; x_wconf 92' lang='lat' dir='ltr'><strong>qui</strong></span> <span class='ocrx_word' id='word_1_415' title='bbox 1690 3644 1757 3683; x_wconf 82' lang='lat' dir='ltr'><strong>ex</strong></span> 
     </span>
    </p>
   </div>
   <div class='ocr_carea' id='block_1_54' title="bbox 190 3718 1760 3790">
    <p class='ocr_par' dir='ltr' id='par_1_54' title="bbox 190 3718 1760 3790">
     <span class='ocr_line' id='line_1_54' title="bbox 190 3718 1760 3790; baseline 0.001 -16"><span class='ocrx_word' id='word_1_416' title='bbox 190 3720 302 3776; x_wconf 91' lang='lat' dir='ltr'><strong>Deo</strong></span> <span class='ocrx_word' id='word_1_417' title='bbox 333 3728 414 3774; x_wconf 91' lang='lat' dir='ltr'><strong>est</strong></span> <span class='ocrx_word' id='word_1_418' title='bbox 459 3721 618 3784; x_wconf 89' lang='lat' dir='ltr'><strong>Deus,</strong></span> <span class='ocrx_word' id='word_1_419' title='bbox 655 3720 795 3773; x_wconf 91' lang='lat' dir='ltr'><strong>idem</strong></span> <span class='ocrx_word' id='word_1_420' title='bbox 845 3719 901 3773; x_wconf 92' lang='lat' dir='ltr'><strong>in</strong></span> <span class='ocrx_word' id='word_1_421' title='bbox 942 3719 1158 3773; x_wconf 86' lang='lat' dir='ltr'><strong>homine</strong></span> <span class='ocrx_word' id='word_1_422' title='bbox 1187 3718 1282 3773; x_wconf 92' lang='lat' dir='ltr'><strong>Dei</strong></span> <span class='ocrx_word' id='word_1_423' title='bbox 1331 3727 1416 3774; x_wconf 92' lang='lat' dir='ltr'><strong>est</strong></span> <span class='ocrx_word' id='word_1_424' title='bbox 1455 3719 1760 3790; x_wconf 89' lang='lat' dir='ltr'><strong>unigenitus</strong></span> 
     </span>
    </p>
   </div>
   <div class='ocr_carea' id='block_1_55' title="bbox 191 3808 1756 3879">
    <p class='ocr_par' dir='ltr' id='par_1_55' title="bbox 191 3808 1756 3879">
     <span class='ocr_line' id='line_1_55' title="bbox 191 3808 1756 3879; baseline 0.001 -15"><span class='ocrx_word' id='word_1_425' title='bbox 191 3809 388 3876; x_wconf 88' lang='lat' dir='ltr'><strong>Filius;</strong></span> <span class='ocrx_word' id='word_1_426' title='bbox 423 3809 677 3879; x_wconf 90' lang='lat' dir='ltr'><strong>quoniam</strong></span> <span class='ocrx_word' id='word_1_427' title='bbox 720 3810 762 3864; x_wconf 92' lang='lat' dir='ltr'><strong>si</strong></span> <span class='ocrx_word' id='word_1_428' title='bbox 793 3817 847 3863; x_wconf 93' lang='lat' dir='ltr'><strong>et</strong></span> <span class='ocrx_word' id='word_1_429' title='bbox 881 3808 1067 3863; x_wconf 88' lang='lat' dir='ltr'><strong>habitu</strong></span> <span class='ocrx_word' id='word_1_430' title='bbox 1098 3817 1181 3864; x_wconf 89' lang='lat' dir='ltr'><strong>est</strong></span> <span class='ocrx_word' id='word_1_431' title='bbox 1207 3810 1456 3864; x_wconf 90' lang='lat' dir='ltr'><strong>inventus</strong></span> <span class='ocrx_word' id='word_1_432' title='bbox 1489 3817 1546 3863; x_wconf 92' lang='lat' dir='ltr'><strong>ut</strong></span> <span class='ocrx_word' id='word_1_433' title='bbox 1576 3811 1756 3876; x_wconf 90' lang='lat' dir='ltr'><strong>homo,</strong></span> 
     </span>
    </p>
   </div>
   <div class='ocr_carea' id='block_1_56' title="bbox 194 3899 1762 3970">
    <p class='ocr_par' dir='ltr' id='par_1_56' title="bbox 194 3899 1762 3970">
     <span class='ocr_line' id='line_1_56' title="bbox 194 3899 1762 3970; baseline 0.001 -16"><span class='ocrx_word' id='word_1_434' title='bbox 194 3917 301 3956; x_wconf 90' lang='lat' dir='ltr'><strong>non</strong></span> <span class='ocrx_word' id='word_1_435' title='bbox 323 3908 408 3954; x_wconf 91' lang='lat' dir='ltr'><strong>est</strong></span> <span class='ocrx_word' id='word_1_436' title='bbox 431 3901 613 3954; x_wconf 82' lang='lat' dir='ltr'><strong>habitu</strong></span> <span class='ocrx_word' id='word_1_437' title='bbox 642 3901 984 3965; x_wconf 89' lang='lat' dir='ltr'><strong>immutatus;</strong></span> <span class='ocrx_word' id='word_1_438' title='bbox 1021 3899 1145 3955; x_wconf 90' lang='lat' dir='ltr'><strong>licet</strong></span> <span class='ocrx_word' id='word_1_439' title='bbox 1175 3901 1392 3956; x_wconf 91' lang='lat' dir='ltr'><strong>habitus</strong></span> <span class='ocrx_word' id='word_1_440' title='bbox 1421 3901 1492 3955; x_wconf 91' lang='lat' dir='ltr'><strong>sit</strong></span> <span class='ocrx_word' id='word_1_441' title='bbox 1521 3901 1594 3956; x_wconf 91' lang='lat' dir='ltr'><strong>illi</strong></span> <span class='ocrx_word' id='word_1_442' title='bbox 1625 3901 1762 3970; x_wconf 89' lang='lat' dir='ltr'><strong>apti-</strong></span> 
     </span>
    </p>
   </div>
   <div class='ocr_carea' id='block_1_57' title="bbox 197 3989 1762 4060">
    <p class='ocr_par' dir='ltr' id='par_1_57' title="bbox 197 3989 1762 4060">
     <span class='ocr_line' id='line_1_57' title="bbox 197 3989 1762 4060; baseline 0.001 -16"><span class='ocrx_word' id='word_1_443' title='bbox 197 3989 402 4053; x_wconf 82' lang='lat' dir='ltr'><strong>ﬁcatus,</strong></span> <span class='ocrx_word' id='word_1_444' title='bbox 432 4006 536 4045; x_wconf 92' lang='lat' dir='ltr'><strong>non</strong></span> <span class='ocrx_word' id='word_1_445' title='bbox 562 3989 670 4043; x_wconf 93' lang='lat' dir='ltr'><strong>ullo</strong></span> <span class='ocrx_word' id='word_1_446' title='bbox 699 3989 857 4043; x_wconf 93' lang='lat' dir='ltr'><strong>modo</strong></span> <span class='ocrx_word' id='word_1_447' title='bbox 885 3989 1184 4058; x_wconf 76' lang='lat' dir='ltr'><strong>adoptatus.</strong></span> <span class='ocrx_word' id='word_1_448' title='bbox 1212 3989 1408 4044; x_wconf 86' lang='lat' dir='ltr'><strong>Verum</strong></span> <span class='ocrx_word' id='word_1_449' title='bbox 1431 3991 1521 4060; x_wconf 90' lang='lat' dir='ltr'><strong>qui</strong></span> <span class='ocrx_word' id='word_1_450' title='bbox 1545 3991 1762 4046; x_wconf 85' lang='lat' dir='ltr'><strong>habitus</strong></span> 
     </span>
    </p>
   </div>
   <div class='ocr_carea' id='block_1_58' title="bbox 198 4078 1761 4149">
    <p class='ocr_par' dir='ltr' id='par_1_58' title="bbox 198 4078 1761 4149">
     <span class='ocr_line' id='line_1_58' title="bbox 198 4078 1761 4149; baseline 0.001 -17"><span class='ocrx_word' id='word_1_451' title='bbox 198 4093 300 4132; x_wconf 93' lang='lat' dir='ltr'><strong>non</strong></span> <span class='ocrx_word' id='word_1_452' title='bbox 336 4085 416 4132; x_wconf 91' lang='lat' dir='ltr'><strong>est</strong></span> <span class='ocrx_word' id='word_1_453' title='bbox 452 4078 701 4133; x_wconf 86' lang='lat' dir='ltr'><strong>habentis</strong></span> <span class='ocrx_word' id='word_1_454' title='bbox 741 4093 985 4147; x_wconf 72' lang='lat' dir='ltr'><strong>persona:</strong></span> <span class='ocrx_word' id='word_1_455' title='bbox 1009 4093 1263 4149; x_wconf 87' lang='lat' dir='ltr'><strong>persona,</strong></span> <span class='ocrx_word' id='word_1_456' title='bbox 1295 4080 1389 4133; x_wconf 91' lang='lat' dir='ltr'><strong>sed</strong></span> <span class='ocrx_word' id='word_1_457' title='bbox 1421 4079 1761 4149; x_wconf 90' lang='lat' dir='ltr'><strong>participatio</strong></span> 
     </span>
    </p>
   </div>
   <div class='ocr_carea' id='block_1_59' title="bbox 200 4170 1762 4241">
    <p class='ocr_par' dir='ltr' id='par_1_59' title="bbox 200 4170 1762 4241">
     <span class='ocr_line' id='line_1_59' title="bbox 200 4170 1762 4241; baseline 0.003 -17"><span class='ocrx_word' id='word_1_458' title='bbox 200 4179 398 4224; x_wconf 72' lang='lat' dir='ltr'><strong>natura:</strong></span> <span class='ocrx_word' id='word_1_459' title='bbox 428 4171 763 4240; x_wconf 88' lang='lat' dir='ltr'><strong>persistendo</strong></span> <span class='ocrx_word' id='word_1_460' title='bbox 790 4179 1000 4225; x_wconf 86' lang='lat' dir='ltr'><strong>natura.</strong></span> <span class='ocrx_word' id='word_1_461' title='bbox 1036 4170 1114 4226; x_wconf 87' lang='lat' dir='ltr'><strong>Ac</strong></span> <span class='ocrx_word' id='word_1_462' title='bbox 1141 4187 1239 4241; x_wconf 91' lang='lat' dir='ltr'><strong>per</strong></span> <span class='ocrx_word' id='word_1_463' title='bbox 1267 4173 1366 4226; x_wconf 90' lang='lat' dir='ltr'><strong>hoc</strong></span> <span class='ocrx_word' id='word_1_464' title='bbox 1400 4173 1642 4238; x_wconf 77' lang='lat' dir='ltr'><strong>consulte</strong></span> <span class='ocrx_word' id='word_1_465' title='bbox 1668 4174 1762 4228; x_wconf 91' lang='lat' dir='ltr'><strong>Dei</strong></span> 
     </span>
    </p>
   </div>
   <div class='ocr_carea' id='block_1_60' title="bbox 202 4257 1760 4328">
    <p class='ocr_par' dir='ltr' id='par_1_60' title="bbox 202 4257 1760 4328">
     <span class='ocr_line' id='line_1_60' title="bbox 202 4257 1760 4328; baseline 0.004 -16"><span class='ocrx_word' id='word_1_466' title='bbox 202 4257 362 4312; x_wconf 86' lang='lat' dir='ltr'><strong>Filius</strong></span> <span class='ocrx_word' id='word_1_467' title='bbox 400 4260 647 4314; x_wconf 87' lang='lat' dir='ltr'><strong>habendo</strong></span> <span class='ocrx_word' id='word_1_468' title='bbox 681 4260 944 4325; x_wconf 89' lang='lat' dir='ltr'><strong>habitum,</strong></span> <span class='ocrx_word' id='word_1_469' title='bbox 985 4260 1173 4314; x_wconf 88' lang='lat' dir='ltr'><strong>habitu</strong></span> <span class='ocrx_word' id='word_1_470' title='bbox 1214 4261 1460 4317; x_wconf 91' lang='lat' dir='ltr'><strong>inventus</strong></span> <span class='ocrx_word' id='word_1_471' title='bbox 1495 4270 1554 4316; x_wconf 89' lang='lat' dir='ltr'><strong>ut</strong></span> <span class='ocrx_word' id='word_1_472' title='bbox 1579 4265 1760 4328; x_wconf 90' lang='lat' dir='ltr'><strong>homo,</strong></span> 
     </span>
    </p>
   </div>
   <div class='ocr_carea' id='block_1_61' title="bbox 205 4349 1765 4420">
    <p class='ocr_par' dir='ltr' id='par_1_61' title="bbox 205 4349 1765 4420">
     <span class='ocr_line' id='line_1_61' title="bbox 205 4349 1765 4420; baseline 0.003 -18"><span class='ocrx_word' id='word_1_473' title='bbox 205 4349 336 4403; x_wconf 84' lang='lat' dir='ltr'><strong>idem</strong></span> <span class='ocrx_word' id='word_1_474' title='bbox 381 4350 494 4419; x_wconf 86' lang='lat' dir='ltr'><strong>ipse</strong></span> <span class='ocrx_word' id='word_1_475' title='bbox 534 4359 715 4406; x_wconf 91' lang='lat' dir='ltr'><strong>manet</strong></span> <span class='ocrx_word' id='word_1_476' title='bbox 753 4350 979 4404; x_wconf 89' lang='lat' dir='ltr'><strong>naturali</strong></span> <span class='ocrx_word' id='word_1_477' title='bbox 1014 4352 1340 4420; x_wconf 85' lang='lat' dir='ltr'><strong>proprietate</strong></span> <span class='ocrx_word' id='word_1_478' title='bbox 1383 4353 1630 4408; x_wconf 88' lang='lat' dir='ltr'><strong>habendo</strong></span> <span class='ocrx_word' id='word_1_479' title='bbox 1669 4355 1765 4408; x_wconf 85' lang='lat' dir='ltr'><strong>ha-</strong></span> 
     </span>
    </p>
   </div>
   <div class='ocr_carea' id='block_1_62' title="bbox 204 4439 1766 4513">
    <p class='ocr_par' dir='ltr' id='par_1_62' title="bbox 204 4439 1766 4513">
     <span class='ocr_line' id='line_1_62' title="bbox 204 4439 1766 4513; baseline 0.004 -21"><span class='ocrx_word' id='word_1_480' title='bbox 204 4439 330 4502; x_wconf 90' lang='lat' dir='ltr'><strong>bito,</strong></span> <span class='ocrx_word' id='word_1_481' title='bbox 360 4440 474 4510; x_wconf 90' lang='lat' dir='ltr'><strong>ipsa</strong></span> <span class='ocrx_word' id='word_1_482' title='bbox 509 4441 592 4496; x_wconf 88' lang='lat' dir='ltr'><strong>sui</strong></span> <span class='ocrx_word' id='word_1_483' title='bbox 621 4441 835 4496; x_wconf 87' lang='lat' dir='ltr'><strong>deitatis</strong></span> <span class='ocrx_word' id='word_1_484' title='bbox 860 4440 1196 4512; x_wconf 89' lang='lat' dir='ltr'><strong>persistendo</strong></span> <span class='ocrx_word' id='word_1_485' title='bbox 1226 4441 1618 4512; x_wconf 86' lang='lat' dir='ltr'><strong>singularitatis</strong></span> <span class='ocrx_word' id='word_1_486' title='bbox 1642 4459 1766 4513; x_wconf 89' lang='lat' dir='ltr'><strong>per-</strong></span> 
     </span>
    </p>
   </div>
   <div class='ocr_carea' id='block_1_63' title="bbox 207 4532 1764 4602">
    <p class='ocr_par' dir='ltr' id='par_1_63' title="bbox 207 4532 1764 4602">
     <span class='ocr_line' id='line_1_63' title="bbox 207 4532 1764 4602; baseline 0.003 -17"><span class='ocrx_word' id='word_1_487' title='bbox 207 4545 358 4593; x_wconf 87' lang='lat' dir='ltr'><strong>sona,</strong></span> <span class='ocrx_word' id='word_1_488' title='bbox 391 4532 644 4598; x_wconf 89' lang='lat' dir='ltr'><strong>quoniam</strong></span> <span class='ocrx_word' id='word_1_489' title='bbox 683 4547 913 4602; x_wconf 88' lang='lat' dir='ltr'><strong>persona</strong></span> <span class='ocrx_word' id='word_1_490' title='bbox 949 4532 1273 4602; x_wconf 90' lang='lat' dir='ltr'><strong>ingenunata</strong></span> <span class='ocrx_word' id='word_1_491' title='bbox 1319 4532 1533 4602; x_wconf 91' lang='lat' dir='ltr'><strong>propria</strong></span> <span class='ocrx_word' id='word_1_492' title='bbox 1577 4548 1672 4588; x_wconf 89' lang='lat' dir='ltr'><strong>sua</strong></span> <span class='ocrx_word' id='word_1_493' title='bbox 1707 4535 1764 4589; x_wconf 91' lang='lat' dir='ltr'><strong>in</strong></span> 
     </span>
    </p>
   </div>
   <div class='ocr_carea' id='block_1_64' title="bbox 1841 1968 3411 2041">
    <p class='ocr_par' dir='ltr' id='par_1_64' title="bbox 1841 1968 3411 2041">
     <span class='ocr_line' id='line_1_64' title="bbox 1841 1968 3411 2041; baseline 0.006 -18"><span class='ocrx_word' id='word_1_494' title='bbox 1841 1968 2064 2038; x_wconf 83' lang='lat' dir='ltr'><strong>virginis</strong></span> <span class='ocrx_word' id='word_1_495' title='bbox 2109 1985 2216 2024; x_wconf 92' lang='lat' dir='ltr'><strong>non</strong></span> <span class='ocrx_word' id='word_1_496' title='bbox 2263 1971 2400 2026; x_wconf 89' lang='lat' dir='ltr'><strong>alius</strong></span> <span class='ocrx_word' id='word_1_497' title='bbox 2430 1973 2525 2027; x_wconf 91' lang='lat' dir='ltr'><strong>Dei</strong></span> <span class='ocrx_word' id='word_1_498' title='bbox 2556 1980 2610 2028; x_wconf 91' lang='lat' dir='ltr'><strong>et</strong></span> <span class='ocrx_word' id='word_1_499' title='bbox 2655 1974 2792 2029; x_wconf 89' lang='lat' dir='ltr'><strong>alius</strong></span> <span class='ocrx_word' id='word_1_500' title='bbox 2838 1976 3092 2041; x_wconf 90' lang='lat' dir='ltr'><strong>hominis,</strong></span> <span class='ocrx_word' id='word_1_501' title='bbox 3143 1978 3236 2032; x_wconf 88' lang='lat' dir='ltr'><strong>sed</strong></span> <span class='ocrx_word' id='word_1_502' title='bbox 3268 1979 3411 2034; x_wconf 88' lang='lat' dir='ltr'><strong>idem</strong></span> 
     </span>
    </p>
   </div>
   <div class='ocr_carea' id='block_1_65' title="bbox 1843 2057 3419 2122">
    <p class='ocr_par' dir='ltr' id='par_1_65' title="bbox 1843 2057 3419 2122">
     <span class='ocr_line' id='line_1_65' title="bbox 1843 2057 3419 2122; baseline 0.006 -9"><span class='ocrx_word' id='word_1_503' title='bbox 1843 2057 2092 2113; x_wconf 87' lang='lat' dir='ltr'><strong>Christus</strong></span> <span class='ocrx_word' id='word_1_504' title='bbox 2127 2068 2182 2112; x_wconf 90' lang='lat' dir='ltr'><strong>et</strong></span> <span class='ocrx_word' id='word_1_505' title='bbox 2215 2059 2311 2114; x_wconf 90' lang='lat' dir='ltr'><strong>Dei</strong></span> <span class='ocrx_word' id='word_1_506' title='bbox 2351 2069 2406 2114; x_wconf 91' lang='lat' dir='ltr'><strong>et</strong></span> <span class='ocrx_word' id='word_1_507' title='bbox 2443 2061 2677 2118; x_wconf 88' lang='lat' dir='ltr'><strong>hominis</strong></span> <span class='ocrx_word' id='word_1_508' title='bbox 2705 2063 2874 2120; x_wconf 90' lang='lat' dir='ltr'><strong>Filius</strong></span> <span class='ocrx_word' id='word_1_509' title='bbox 2916 2065 3039 2120; x_wconf 82' lang='lat' dir='ltr'><strong>fuit.</strong></span> <span class='ocrx_word' id='word_1_510' title='bbox 3088 2066 3156 2120; x_wconf 90' lang='lat' dir='ltr'><strong>Et</strong></span> <span class='ocrx_word' id='word_1_511' title='bbox 3193 2067 3332 2122; x_wconf 90' lang='lat' dir='ltr'><strong>sicut</strong></span> <span class='ocrx_word' id='word_1_512' title='bbox 3363 2069 3419 2122; x_wconf 92' lang='lat' dir='ltr'><strong>in</strong></span> 
     </span>
    </p>
   </div>
   <div class='ocr_carea' id='block_1_66' title="bbox 1844 2148 3421 2226">
    <p class='ocr_par' dir='ltr' id='par_1_66' title="bbox 1844 2148 3421 2226">
     <span class='ocr_line' id='line_1_66' title="bbox 1844 2148 3421 2226; baseline 0.008 -25"><span class='ocrx_word' id='word_1_513' title='bbox 1844 2162 1952 2202; x_wconf 91' lang='lat' dir='ltr'><strong>uno</strong></span> <span class='ocrx_word' id='word_1_514' title='bbox 1985 2148 2205 2204; x_wconf 90' lang='lat' dir='ltr'><strong>homine</strong></span> <span class='ocrx_word' id='word_1_515' title='bbox 2235 2149 2381 2206; x_wconf 90' lang='lat' dir='ltr'><strong>aliud</strong></span> <span class='ocrx_word' id='word_1_516' title='bbox 2411 2153 2644 2220; x_wconf 91' lang='lat' dir='ltr'><strong>animus,</strong></span> <span class='ocrx_word' id='word_1_517' title='bbox 2677 2154 2820 2209; x_wconf 88' lang='lat' dir='ltr'><strong>aliud</strong></span> <span class='ocrx_word' id='word_1_518' title='bbox 2851 2171 3069 2226; x_wconf 89' lang='lat' dir='ltr'><strong>corpus,</strong></span> <span class='ocrx_word' id='word_1_519' title='bbox 3103 2158 3183 2212; x_wconf 91' lang='lat' dir='ltr'><strong>sic</strong></span> <span class='ocrx_word' id='word_1_520' title='bbox 3221 2160 3273 2212; x_wconf 91' lang='lat' dir='ltr'><strong>in</strong></span> <span class='ocrx_word' id='word_1_521' title='bbox 3308 2175 3421 2214; x_wconf 87' lang='lat' dir='ltr'><strong>me-</strong></span> 
     </span>
    </p>
   </div>
   <div class='ocr_carea' id='block_1_67' title="bbox 1846 2237 3425 2313">
    <p class='ocr_par' dir='ltr' id='par_1_67' title="bbox 1846 2237 3425 2313">
     <span class='ocr_line' id='line_1_67' title="bbox 1846 2237 3425 2313; baseline 0.007 -21"><span class='ocrx_word' id='word_1_522' title='bbox 1846 2237 2053 2293; x_wconf 89' lang='lat' dir='ltr'><strong>diatore</strong></span> <span class='ocrx_word' id='word_1_523' title='bbox 2081 2238 2174 2293; x_wconf 87' lang='lat' dir='ltr'><strong>Dei</strong></span> <span class='ocrx_word' id='word_1_524' title='bbox 2205 2247 2261 2294; x_wconf 89' lang='lat' dir='ltr'><strong>et</strong></span> <span class='ocrx_word' id='word_1_525' title='bbox 2298 2241 2576 2296; x_wconf 89' lang='lat' dir='ltr'><strong>hominum</strong></span> <span class='ocrx_word' id='word_1_526' title='bbox 2615 2243 2761 2298; x_wconf 88' lang='lat' dir='ltr'><strong>aliud</strong></span> <span class='ocrx_word' id='word_1_527' title='bbox 2797 2244 2890 2298; x_wconf 87' lang='lat' dir='ltr'><strong>Dei</strong></span> <span class='ocrx_word' id='word_1_528' title='bbox 2928 2245 3120 2313; x_wconf 89' lang='lat' dir='ltr'><strong>Filius,</strong></span> <span class='ocrx_word' id='word_1_529' title='bbox 3158 2247 3301 2302; x_wconf 87' lang='lat' dir='ltr'><strong>aliud</strong></span> <span class='ocrx_word' id='word_1_530' title='bbox 3330 2249 3425 2303; x_wconf 88' lang='lat' dir='ltr'><strong>ho-</strong></span> 
     </span>
    </p>
   </div>
   <div class='ocr_carea' id='block_1_68' title="bbox 1846 2329 3422 2405">
    <p class='ocr_par' dir='ltr' id='par_1_68' title="bbox 1846 2329 3422 2405">
     <span class='ocr_line' id='line_1_68' title="bbox 1846 2329 3422 2405; baseline 0.006 -21"><span class='ocrx_word' id='word_1_531' title='bbox 1846 2331 2008 2385; x_wconf 91' lang='lat' dir='ltr'><strong>minis</strong></span> <span class='ocrx_word' id='word_1_532' title='bbox 2049 2329 2167 2385; x_wconf 82' lang='lat' dir='ltr'><strong>l‘uit.</strong></span> <span class='ocrx_word' id='word_1_533' title='bbox 2206 2332 2356 2388; x_wconf 90' lang='lat' dir='ltr'><strong>Unus</strong></span> <span class='ocrx_word' id='word_1_534' title='bbox 2393 2341 2570 2388; x_wconf 91' lang='lat' dir='ltr'><strong>tamen</strong></span> <span class='ocrx_word' id='word_1_535' title='bbox 2601 2350 2668 2389; x_wconf 79' lang='lat' dir='ltr'><strong>ex</strong></span> <span class='ocrx_word' id='word_1_536' title='bbox 2703 2342 2932 2405; x_wconf 90' lang='lat' dir='ltr'><strong>utroque</strong></span> <span class='ocrx_word' id='word_1_537' title='bbox 2960 2336 3210 2393; x_wconf 91' lang='lat' dir='ltr'><strong>Christus</strong></span> <span class='ocrx_word' id='word_1_538' title='bbox 3237 2339 3422 2394; x_wconf 65' lang='lat' dir='ltr'><strong>Domi«</strong></span> 
     </span>
    </p>
   </div>
   <div class='ocr_carea' id='block_1_69' title="bbox 1845 2423 3412 2495">
    <p class='ocr_par' dir='ltr' id='par_1_69' title="bbox 1845 2423 3412 2495">
     <span class='ocr_line' id='line_1_69' title="bbox 1845 2423 3412 2495; baseline 0.006 -20"><span class='ocrx_word' id='word_1_539' title='bbox 1845 2437 1950 2476; x_wconf 89' lang='lat' dir='ltr'><strong>nus</strong></span> <span class='ocrx_word' id='word_1_540' title='bbox 1975 2423 2202 2477; x_wconf 83' lang='lat' dir='ltr'><strong>exstitit.</strong></span> <span class='ocrx_word' id='word_1_541' title='bbox 2233 2423 2393 2478; x_wconf 81' lang='lat' dir='ltr'><strong>Aliud</strong></span> <span class='ocrx_word' id='word_1_542' title='bbox 2422 2424 2643 2495; x_wconf 89' lang='lat' dir='ltr'><strong>inquam</strong></span> <span class='ocrx_word' id='word_1_543' title='bbox 2671 2441 2770 2495; x_wconf 89' lang='lat' dir='ltr'><strong>pro</strong></span> <span class='ocrx_word' id='word_1_544' title='bbox 2809 2427 3132 2484; x_wconf 88' lang='lat' dir='ltr'><strong>discretione</strong></span> <span class='ocrx_word' id='word_1_545' title='bbox 3161 2432 3412 2485; x_wconf 87' lang='lat' dir='ltr'><strong>substan-</strong></span> 
     </span>
    </p>
   </div>
   <div class='ocr_carea' id='block_1_70' title="bbox 1848 2511 3418 2590">
    <p class='ocr_par' dir='ltr' id='par_1_70' title="bbox 1848 2511 3418 2590">
     <span class='ocr_line' id='line_1_70' title="bbox 1848 2511 3418 2590; baseline 0.006 -25"><span class='ocrx_word' id='word_1_546' title='bbox 1848 2511 1958 2576; x_wconf 68' lang='lat' dir='ltr'><strong>tiae,</strong></span> <span class='ocrx_word' id='word_1_547' title='bbox 2003 2528 2110 2566; x_wconf 90' lang='lat' dir='ltr'><strong>non</strong></span> <span class='ocrx_word' id='word_1_548' title='bbox 2152 2512 2290 2567; x_wconf 89' lang='lat' dir='ltr'><strong>alius</strong></span> <span class='ocrx_word' id='word_1_549' title='bbox 2325 2529 2424 2583; x_wconf 90' lang='lat' dir='ltr'><strong>pro</strong></span> <span class='ocrx_word' id='word_1_550' title='bbox 2471 2515 2668 2570; x_wconf 69' lang='lat' dir='ltr'><strong>divinae</strong></span> <span class='ocrx_word' id='word_1_551' title='bbox 2716 2519 3044 2588; x_wconf 89' lang='lat' dir='ltr'><strong>pr0prietate</strong></span> <span class='ocrx_word' id='word_1_552' title='bbox 3093 2536 3357 2590; x_wconf 65' lang='lat' dir='ltr'><strong>personae.</strong></span> <span class='ocrx_word' id='word_1_553' title='bbox 3398 2541 3418 2575; x_wconf 72' lang='grc' dir='ltr'><strong><em>ι</em></strong></span> 
     </span>
    </p>
   </div>
   <div class='ocr_carea' id='block_1_71' title="bbox 1848 2600 3426 2676">
    <p class='ocr_par' dir='ltr' id='par_1_71' title="bbox 1848 2600 3426 2676">
     <span class='ocr_line' id='line_1_71' title="bbox 1848 2600 3426 2676; baseline 0.006 -21"><span class='ocrx_word' id='word_1_554' title='bbox 1848 2600 1916 2655; x_wconf 84' lang='grc' dir='ltr'><strong>Ει</strong></span> <span class='ocrx_word' id='word_1_555' title='bbox 1943 2601 2091 2655; x_wconf 89' lang='lat' dir='ltr'><strong>velut</strong></span> <span class='ocrx_word' id='word_1_556' title='bbox 2132 2603 2380 2671; x_wconf 89' lang='lat' dir='ltr'><strong>superius</strong></span> <span class='ocrx_word' id='word_1_557' title='bbox 2420 2603 2653 2660; x_wconf 79' lang='lat' dir='ltr'><strong>diximus</strong></span> <span class='ocrx_word' id='word_1_558' title='bbox 2683 2608 2825 2676; x_wconf 88' lang='lat' dir='ltr'><strong>quod</strong></span> <span class='ocrx_word' id='word_1_559' title='bbox 2866 2623 2932 2662; x_wconf 86' lang='lat' dir='ltr'><strong>ex</strong></span> <span class='ocrx_word' id='word_1_560' title='bbox 2970 2610 3147 2663; x_wconf 90' lang='lat' dir='ltr'><strong>anima</strong></span> <span class='ocrx_word' id='word_1_561' title='bbox 3177 2611 3426 2666; x_wconf 84' lang='lat' dir='ltr'><strong>rationali</strong></span> 
     </span>
    </p>
   </div>
   <div class='ocr_carea' id='block_1_72' title="bbox 1850 2693 3430 2772">
    <p class='ocr_par' dir='ltr' id='par_1_72' title="bbox 1850 2693 3430 2772">
     <span class='ocr_line' id='line_1_72' title="bbox 1850 2693 3430 2772; baseline 0.008 -26"><span class='ocrx_word' id='word_1_562' title='bbox 1850 2699 1907 2746; x_wconf 89' lang='lat' dir='ltr'><strong>et</strong></span> <span class='ocrx_word' id='word_1_563' title='bbox 1932 2706 2095 2746; x_wconf 88' lang='lat' dir='ltr'><strong>carne</strong></span> <span class='ocrx_word' id='word_1_564' title='bbox 2121 2707 2260 2747; x_wconf 89' lang='lat' dir='ltr'><strong>unus</strong></span> <span class='ocrx_word' id='word_1_565' title='bbox 2286 2693 2346 2747; x_wconf 89' lang='lat' dir='ltr'><strong>ﬁt</strong></span> <span class='ocrx_word' id='word_1_566' title='bbox 2367 2694 2550 2759; x_wconf 90' lang='lat' dir='ltr'><strong>homo,</strong></span> <span class='ocrx_word' id='word_1_567' title='bbox 2573 2697 2734 2750; x_wconf 90' lang='lat' dir='ltr'><strong>unius</strong></span> <span class='ocrx_word' id='word_1_568' title='bbox 2753 2696 2934 2752; x_wconf 89' lang='lat' dir='ltr'><strong>Patris</strong></span> <span class='ocrx_word' id='word_1_569' title='bbox 2962 2699 3153 2754; x_wconf 89' lang='lat' dir='ltr'><strong>unicus</strong></span> <span class='ocrx_word' id='word_1_570' title='bbox 3178 2702 3430 2772; x_wconf 86' lang='lat' dir='ltr'><strong>proprius</strong></span> 
     </span>
    </p>
   </div>
   <div class='ocr_carea' id='block_1_73' title="bbox 1853 2782 3430 2853">
    <p class='ocr_par' dir='ltr' id='par_1_73' title="bbox 1853 2782 3430 2853">
     <span class='ocr_line' id='line_1_73' title="bbox 1853 2782 3430 2853; baseline 0.008 -19"><span class='ocrx_word' id='word_1_571' title='bbox 1853 2787 1908 2834; x_wconf 92' lang='lat' dir='ltr'><strong>et</strong></span> <span class='ocrx_word' id='word_1_572' title='bbox 1942 2795 2104 2835; x_wconf 88' lang='lat' dir='ltr'><strong>verus</strong></span> <span class='ocrx_word' id='word_1_573' title='bbox 2145 2782 2452 2852; x_wconf 88' lang='lat' dir='ltr'><strong>unigenitus</strong></span> <span class='ocrx_word' id='word_1_574' title='bbox 2495 2784 2590 2839; x_wconf 91' lang='lat' dir='ltr'><strong>Dei</strong></span> <span class='ocrx_word' id='word_1_575' title='bbox 2636 2785 2836 2853; x_wconf 89' lang='lat' dir='ltr'><strong>Filius,</strong></span> <span class='ocrx_word' id='word_1_576' title='bbox 2890 2788 2963 2842; x_wconf 90' lang='lat' dir='ltr'><strong>ita</strong></span> <span class='ocrx_word' id='word_1_577' title='bbox 2992 2790 3134 2844; x_wconf 92' lang='lat' dir='ltr'><strong>Deus</strong></span> <span class='ocrx_word' id='word_1_578' title='bbox 3178 2799 3233 2846; x_wconf 90' lang='lat' dir='ltr'><strong>et</strong></span> <span class='ocrx_word' id='word_1_579' title='bbox 3267 2792 3430 2846; x_wconf 89' lang='lat' dir='ltr'><strong>homo</strong></span> 
     </span>
    </p>
   </div>
   <div class='ocr_carea' id='block_1_74' title="bbox 1853 2870 3433 2952">
    <p class='ocr_par' dir='ltr' id='par_1_74' title="bbox 1853 2870 3433 2952">
     <span class='ocr_line' id='line_1_74' title="bbox 1853 2870 3433 2952; baseline 0.008 -29"><span class='ocrx_word' id='word_1_580' title='bbox 1853 2885 1992 2924; x_wconf 93' lang='lat' dir='ltr'><strong>unus</strong></span> <span class='ocrx_word' id='word_1_581' title='bbox 2020 2877 2103 2924; x_wconf 89' lang='lat' dir='ltr'><strong>est</strong></span> <span class='ocrx_word' id='word_1_582' title='bbox 2135 2870 2405 2940; x_wconf 85' lang='lat' dir='ltr'><strong>Christus,</strong></span> <span class='ocrx_word' id='word_1_583' title='bbox 2434 2889 2500 2928; x_wconf 82' lang='lat' dir='ltr'><strong>ex</strong></span> <span class='ocrx_word' id='word_1_584' title='bbox 2538 2883 2653 2929; x_wconf 93' lang='lat' dir='ltr'><strong>toto</strong></span> <span class='ocrx_word' id='word_1_585' title='bbox 2679 2878 2930 2946; x_wconf 89' lang='lat' dir='ltr'><strong>proprius</strong></span> <span class='ocrx_word' id='word_1_586' title='bbox 2959 2886 3015 2934; x_wconf 90' lang='lat' dir='ltr'><strong>et</strong></span> <span class='ocrx_word' id='word_1_587' title='bbox 3042 2895 3203 2934; x_wconf 88' lang='lat' dir='ltr'><strong>verus</strong></span> <span class='ocrx_word' id='word_1_588' title='bbox 3241 2881 3433 2952; x_wconf 80' lang='lat' dir='ltr'><strong>unige-</strong></span> 
     </span>
    </p>
   </div>
   <div class='ocr_carea' id='block_1_75' title="bbox 1853 2960 3430 3041">
    <p class='ocr_par' dir='ltr' id='par_1_75' title="bbox 1853 2960 3430 3041">
     <span class='ocr_line' id='line_1_75' title="bbox 1853 2960 3430 3041; baseline 0.01 -28"><span class='ocrx_word' id='word_1_589' title='bbox 1853 2960 2002 3015; x_wconf 89' lang='lat' dir='ltr'><strong>nitus</strong></span> <span class='ocrx_word' id='word_1_590' title='bbox 2035 2961 2131 3016; x_wconf 93' lang='lat' dir='ltr'><strong>Dei</strong></span> <span class='ocrx_word' id='word_1_591' title='bbox 2171 2962 2358 3018; x_wconf 89' lang='lat' dir='ltr'><strong>Filius.</strong></span> <span class='ocrx_word' id='word_1_592' title='bbox 2399 2963 2659 3035; x_wconf 89' lang='lat' dir='ltr'><strong>Proprius</strong></span> <span class='ocrx_word' id='word_1_593' title='bbox 2701 2968 2988 3037; x_wconf 88' lang='lat' dir='ltr'><strong>siquidem,</strong></span> <span class='ocrx_word' id='word_1_594' title='bbox 3029 2971 3173 3039; x_wconf 87' lang='lat' dir='ltr'><strong>quod</strong></span> <span class='ocrx_word' id='word_1_595' title='bbox 3209 2973 3430 3041; x_wconf 88' lang='lat' dir='ltr'><strong>pr0prio</strong></span> 
     </span>
    </p>
   </div>
   <div class='ocr_carea' id='block_1_76' title="bbox 1853 3053 3429 3132">
    <p class='ocr_par' dir='ltr' id='par_1_76' title="bbox 1853 3053 3429 3132">
     <span class='ocr_line' id='line_1_76' title="bbox 1853 3053 3429 3132; baseline 0.006 -24"><span class='ocrx_word' id='word_1_596' title='bbox 1853 3053 1992 3109; x_wconf 89' lang='lat' dir='ltr'><strong>Filio</strong></span> <span class='ocrx_word' id='word_1_597' title='bbox 2033 3071 2131 3110; x_wconf 92' lang='lat' dir='ltr'><strong>suo</strong></span> <span class='ocrx_word' id='word_1_598' title='bbox 2169 3072 2278 3111; x_wconf 90' lang='lat' dir='ltr'><strong>non</strong></span> <span class='ocrx_word' id='word_1_599' title='bbox 2314 3058 2560 3129; x_wconf 89' lang='lat' dir='ltr'><strong>pepercit</strong></span> <span class='ocrx_word' id='word_1_600' title='bbox 2597 3059 2756 3114; x_wconf 90' lang='lat' dir='ltr'><strong>Deus.</strong></span> <span class='ocrx_word' id='word_1_601' title='bbox 2800 3060 3119 3132; x_wconf 86' lang='lat' dir='ltr'><strong>Unigenitus</strong></span> <span class='ocrx_word' id='word_1_602' title='bbox 3156 3071 3212 3117; x_wconf 91' lang='lat' dir='ltr'><strong>et</strong></span> <span class='ocrx_word' id='word_1_603' title='bbox 3249 3079 3429 3130; x_wconf 89' lang='lat' dir='ltr'><strong>verus,</strong></span> 
     </span>
    </p>
   </div>
   <div class='ocr_carea' id='block_1_77' title="bbox 1849 3132 3436 3218">
    <p class='ocr_par' dir='ltr' id='par_1_77' title="bbox 1849 3132 3436 3218">
     <span class='ocr_line' id='line_1_77' title="bbox 1849 3132 3436 3218; baseline 0.006 -22"><span class='ocrx_word' id='word_1_604' title='bbox 1849 3140 2004 3210; x_wconf 81' lang='lat' dir='ltr'><strong>juxta</strong></span> <span class='ocrx_word' id='word_1_605' title='bbox 2033 3145 2176 3214; x_wconf 88' lang='lat' dir='ltr'><strong>quod</strong></span> <span class='ocrx_word' id='word_1_606' title='bbox 2202 3153 2287 3200; x_wconf 90' lang='lat' dir='ltr'><strong>est</strong></span> <span class='ocrx_word' id='word_1_607' title='bbox 2311 3153 2531 3200; x_wconf 90' lang='lat' dir='ltr'><strong>sanctus</strong></span> <span class='ocrx_word' id='word_1_608' title='bbox 2556 3132 2886 3218; x_wconf 84' lang='lat' dir='ltr'><strong>evangelista</strong></span> <span class='ocrx_word' id='word_1_609' title='bbox 2915 3149 3194 3205; x_wconf 77' lang='lat' dir='ltr'><strong>confessus</strong></span> <span class='ocrx_word' id='word_1_610' title='bbox 3221 3168 3234 3202; x_wconf 88' lang='lat'><strong>:</strong></span> <span class='ocrx_word' id='word_1_611' title='bbox 3261 3151 3329 3204; x_wconf 88' lang='lat' dir='ltr'><strong>Et</strong></span> <span class='ocrx_word' id='word_1_612' title='bbox 3362 3146 3436 3206; x_wconf 71' lang='lat' dir='ltr'><strong>ri-</strong></span> 
     </span>
    </p>
   </div>
   <div class='ocr_carea' id='block_1_78' title="bbox 1781 3233 3429 3309">
    <p class='ocr_par' dir='ltr' id='par_1_78' title="bbox 1781 3233 3429 3309">
     <span class='ocr_line' id='line_1_78' title="bbox 1781 3233 3429 3309; baseline 0.005 -22"><span class='ocrx_word' id='word_1_613' title='bbox 1781 3238 1824 3304; x_wconf 74' lang='grc' dir='ltr'>α</span> <span class='ocrx_word' id='word_1_614' title='bbox 1856 3233 2030 3288; x_wconf 86' lang='lat' dir='ltr'><strong>dimus</strong></span> <span class='ocrx_word' id='word_1_615' title='bbox 2048 3234 2272 3305; x_wconf 85' lang='lat' dir='ltr'><strong>gloriam</strong></span> <span class='ocrx_word' id='word_1_616' title='bbox 2306 3236 2440 3305; x_wconf 83' lang='lat' dir='ltr'><strong>eius,</strong></span> <span class='ocrx_word' id='word_1_617' title='bbox 2464 3235 2687 3307; x_wconf 82' lang='lat' dir='ltr'><strong>gloriam</strong></span> <span class='ocrx_word' id='word_1_618' title='bbox 2713 3240 2867 3308; x_wconf 86' lang='lat' dir='ltr'><strong>quasi</strong></span> <span class='ocrx_word' id='word_1_619' title='bbox 2902 3241 3157 3309; x_wconf 85' lang='lat' dir='ltr'><strong>unigeniti</strong></span> <span class='ocrx_word' id='word_1_620' title='bbox 3187 3257 3219 3293; x_wconf 91' lang='lat' dir='ltr'><strong>a</strong></span> <span class='ocrx_word' id='word_1_621' title='bbox 3246 3241 3429 3307; x_wconf 83' lang='lat' dir='ltr'><strong>Patre,</strong></span> 
     </span>
    </p>
   </div>
   <div class='ocr_carea' id='block_1_79' title="bbox 1853 3325 3432 3399">
    <p class='ocr_par' dir='ltr' id='par_1_79' title="bbox 1853 3325 3432 3399">
     <span class='ocr_line' id='line_1_79' title="bbox 1853 3325 3432 3399; baseline 0.006 -22"><span class='ocrx_word' id='word_1_622' title='bbox 1853 3325 2064 3396; x_wconf 82' lang='lat' dir='ltr'><strong>plenum</strong></span> <span class='ocrx_word' id='word_1_623' title='bbox 2085 3328 2269 3396; x_wconf 68' lang='lat' dir='ltr'><strong>gratiis</strong></span> <span class='ocrx_word' id='word_1_624' title='bbox 2317 3338 2366 3381; x_wconf 86' lang='lat' dir='ltr'><strong>et</strong></span> <span class='ocrx_word' id='word_1_625' title='bbox 2401 3329 2656 3382; x_wconf 84' lang='lat' dir='ltr'><strong>veritatis.</strong></span> <span class='ocrx_word' id='word_1_626' title='bbox 2705 3330 2916 3399; x_wconf 87' lang='lat' dir='ltr'><strong>Quique</strong></span> <span class='ocrx_word' id='word_1_627' title='bbox 2945 3333 3200 3385; x_wconf 81' lang='lat' dir='ltr'><strong>nimirum</strong></span> <span class='ocrx_word' id='word_1_628' title='bbox 3228 3333 3294 3387; x_wconf 90' lang='lat' dir='ltr'><strong>de</strong></span> <span class='ocrx_word' id='word_1_629' title='bbox 3323 3341 3432 3386; x_wconf 89' lang='lat' dir='ltr'><strong>ter-</strong></span> 
     </span>
    </p>
   </div>
   <div class='ocr_carea' id='block_1_80' title="bbox 1856 3417 3432 3489">
    <p class='ocr_par' dir='ltr' id='par_1_80' title="bbox 1856 3417 3432 3489">
     <span class='ocr_line' id='line_1_80' title="bbox 1856 3417 3432 3489; baseline 0.006 -19"><span class='ocrx_word' id='word_1_630' title='bbox 1856 3417 2042 3487; x_wconf 88' lang='lat' dir='ltr'><strong>rigena</strong></span> <span class='ocrx_word' id='word_1_631' title='bbox 2080 3418 2289 3487; x_wconf 87' lang='lat' dir='ltr'><strong>virgine</strong></span> <span class='ocrx_word' id='word_1_632' title='bbox 2319 3427 2498 3485; x_wconf 89' lang='lat' dir='ltr'><strong>natus,</strong></span> <span class='ocrx_word' id='word_1_633' title='bbox 2541 3421 2739 3475; x_wconf 91' lang='lat' dir='ltr'><strong>veritas</strong></span> <span class='ocrx_word' id='word_1_634' title='bbox 2772 3422 2838 3475; x_wconf 91' lang='lat' dir='ltr'><strong>de</strong></span> <span class='ocrx_word' id='word_1_635' title='bbox 2872 3429 3018 3476; x_wconf 89' lang='lat' dir='ltr'><strong>terra</strong></span> <span class='ocrx_word' id='word_1_636' title='bbox 3056 3431 3175 3477; x_wconf 91' lang='lat' dir='ltr'><strong>orta</strong></span> <span class='ocrx_word' id='word_1_637' title='bbox 3210 3432 3310 3489; x_wconf 91' lang='lat' dir='ltr'><strong>est,</strong></span> <span class='ocrx_word' id='word_1_638' title='bbox 3347 3425 3432 3479; x_wconf 84' lang='lat' dir='ltr'><strong>id-</strong></span> 
     </span>
    </p>
   </div>
   <div class='ocr_carea' id='block_1_81' title="bbox 1857 3506 3431 3584">
    <p class='ocr_par' dir='ltr' id='par_1_81' title="bbox 1857 3506 3431 3584">
     <span class='ocr_line' id='line_1_81' title="bbox 1857 3506 3431 3584; baseline 0.006 -24"><span class='ocrx_word' id='word_1_639' title='bbox 1857 3506 2002 3561; x_wconf 91' lang='lat' dir='ltr'><strong>circo</strong></span> <span class='ocrx_word' id='word_1_640' title='bbox 2025 3507 2230 3563; x_wconf 90' lang='lat' dir='ltr'><strong>veritas</strong></span> <span class='ocrx_word' id='word_1_641' title='bbox 2257 3509 2517 3580; x_wconf 88' lang='lat' dir='ltr'><strong>unigeniti</strong></span> <span class='ocrx_word' id='word_1_642' title='bbox 2544 3517 2600 3565; x_wconf 92' lang='lat' dir='ltr'><strong>et</strong></span> <span class='ocrx_word' id='word_1_643' title='bbox 2623 3512 2960 3566; x_wconf 89' lang='lat' dir='ltr'><strong>mendacium</strong></span> <span class='ocrx_word' id='word_1_644' title='bbox 2987 3515 3431 3584; x_wconf 87' lang='lat' dir='ltr'><strong>adoptivi.........</strong></span> 
     </span>
    </p>
   </div>
   <div class='ocr_carea' id='block_1_82' title="bbox 1855 3599 3432 3672">
    <p class='ocr_par' dir='ltr' id='par_1_82' title="bbox 1855 3599 3432 3672">
     <span class='ocr_line' id='line_1_82' title="bbox 1855 3599 3432 3672; baseline 0.008 -20"><span class='ocrx_word' id='word_1_645' title='bbox 1855 3599 2102 3654; x_wconf 80' lang='lat' dir='ltr'><strong>veritatis</strong></span> <span class='ocrx_word' id='word_1_646' title='bbox 2147 3608 2336 3655; x_wconf 90' lang='lat' dir='ltr'><strong>careat</strong></span> <span class='ocrx_word' id='word_1_647' title='bbox 2380 3603 2719 3657; x_wconf 89' lang='lat' dir='ltr'><strong>mendacium</strong></span> <span class='ocrx_word' id='word_1_648' title='bbox 2770 3605 3092 3672; x_wconf 86' lang='lat' dir='ltr'><strong>adoptionis,</strong></span> <span class='ocrx_word' id='word_1_649' title='bbox 3137 3615 3192 3661; x_wconf 90' lang='lat' dir='ltr'><strong>et</strong></span> <span class='ocrx_word' id='word_1_650' title='bbox 3231 3609 3432 3664; x_wconf 87' lang='lat' dir='ltr'><strong>veritas</strong></span> 
     </span>
    </p>
   </div>
   <div class='ocr_carea' id='block_1_83' title="bbox 1857 3691 3426 3766">
    <p class='ocr_par' dir='ltr' id='par_1_83' title="bbox 1857 3691 3426 3766">
     <span class='ocr_line' id='line_1_83' title="bbox 1857 3691 3426 3766; baseline 0.005 -22"><span class='ocrx_word' id='word_1_651' title='bbox 1857 3691 2122 3761; x_wconf 86' lang='lat' dir='ltr'><strong>unigeniti</strong></span> <span class='ocrx_word' id='word_1_652' title='bbox 2191 3692 2443 3748; x_wconf 84' lang='lat' dir='ltr'><strong>excludat</strong></span> <span class='ocrx_word' id='word_1_653' title='bbox 2503 3694 2727 3750; x_wconf 90' lang='lat' dir='ltr'><strong>alterius</strong></span> <span class='ocrx_word' id='word_1_654' title='bbox 2769 3696 3112 3766; x_wconf 90' lang='lat' dir='ltr'><strong>adoptionem</strong></span> <span class='ocrx_word' id='word_1_655' title='bbox 3141 3699 3426 3753; x_wconf 90' lang='lat' dir='ltr'><strong>mendacii.</strong></span> 
     </span>
    </p>
   </div>
   <div class='ocr_carea' id='block_1_84' title="bbox 1858 3786 3435 3860">
    <p class='ocr_par' dir='ltr' id='par_1_84' title="bbox 1858 3786 3435 3860">
     <span class='ocr_line' id='line_1_84' title="bbox 1858 3786 3435 3860; baseline 0.004 -19"><span class='ocrx_word' id='word_1_656' title='bbox 1858 3786 2035 3857; x_wconf 82' lang='lat' dir='ltr'><strong>Ipsum</strong></span> <span class='ocrx_word' id='word_1_657' title='bbox 2071 3803 2201 3843; x_wconf 88' lang='lat' dir='ltr'><strong>vero</strong></span> <span class='ocrx_word' id='word_1_658' title='bbox 2244 3796 2301 3844; x_wconf 91' lang='lat' dir='ltr'><strong>et</strong></span> <span class='ocrx_word' id='word_1_659' title='bbox 2328 3789 2663 3860; x_wconf 86' lang='lat' dir='ltr'><strong>unigenitum</strong></span> <span class='ocrx_word' id='word_1_660' title='bbox 2700 3789 3031 3846; x_wconf 90' lang='lat' dir='ltr'><strong>declaratum</strong></span> <span class='ocrx_word' id='word_1_661' title='bbox 3065 3800 3121 3847; x_wconf 92' lang='lat' dir='ltr'><strong>et</strong></span> <span class='ocrx_word' id='word_1_662' title='bbox 3149 3795 3435 3849; x_wconf 87' lang='lat' dir='ltr'><strong>veritatem</strong></span> 
     </span>
    </p>
   </div>
   <div class='ocr_carea' id='block_1_85' title="bbox 1859 3868 3433 3951">
    <p class='ocr_par' dir='ltr' id='par_1_85' title="bbox 1859 3868 3433 3951">
     <span class='ocr_line' id='line_1_85' title="bbox 1859 3868 3433 3951; baseline 0.003 -17"><span class='ocrx_word' id='word_1_663' title='bbox 1859 3881 2062 3936; x_wconf 89' lang='lat' dir='ltr'><strong>scimus</strong></span> <span class='ocrx_word' id='word_1_664' title='bbox 2082 3868 2288 3936; x_wconf 85' lang='lat' dir='ltr'><strong>Joanne</strong></span> <span class='ocrx_word' id='word_1_665' title='bbox 2323 3881 2564 3951; x_wconf 90' lang='lat' dir='ltr'><strong>apostolo</strong></span> <span class='ocrx_word' id='word_1_666' title='bbox 2610 3888 2903 3937; x_wconf 88' lang='lat' dir='ltr'><strong>attestante</strong></span> <span class='ocrx_word' id='word_1_667' title='bbox 2930 3901 2941 3934; x_wconf 89' lang='lat'><strong>:</strong></span> <span class='ocrx_word' id='word_1_668' title='bbox 2970 3881 3232 3947; x_wconf 85' lang='lat' dir='ltr'><strong>Quoniam</strong></span> <span class='ocrx_word' id='word_1_669' title='bbox 3257 3881 3433 3938; x_wconf 87' lang='lat' dir='ltr'><strong>Filius</strong></span> 
     </span>
    </p>
   </div>
   <div class='ocr_carea' id='block_1_86' title="bbox 1858 3969 3438 4042">
    <p class='ocr_par' dir='ltr' id='par_1_86' title="bbox 1858 3969 3438 4042">
     <span class='ocr_line' id='line_1_86' title="bbox 1858 3969 3438 4042; baseline 0.003 -18"><span class='ocrx_word' id='word_1_670' title='bbox 1858 3969 1959 4024; x_wconf 86' lang='lat' dir='ltr'><strong>Dei</strong></span> <span class='ocrx_word' id='word_1_671' title='bbox 1990 3971 2147 4035; x_wconf 84' lang='lat' dir='ltr'><strong>venit,</strong></span> <span class='ocrx_word' id='word_1_672' title='bbox 2170 3980 2219 4024; x_wconf 81' lang='lat' dir='ltr'><strong>et</strong></span> <span class='ocrx_word' id='word_1_673' title='bbox 2244 3971 2386 4024; x_wconf 84' lang='lat' dir='ltr'><strong>dedit</strong></span> <span class='ocrx_word' id='word_1_674' title='bbox 2419 3971 2564 4025; x_wconf 87' lang='lat' dir='ltr'><strong>nobis</strong></span> <span class='ocrx_word' id='word_1_675' title='bbox 2598 3989 2830 4038; x_wconf 79' lang='lat' dir='ltr'><strong>sensum,</strong></span> <span class='ocrx_word' id='word_1_676' title='bbox 2857 3980 2910 4025; x_wconf 89' lang='lat' dir='ltr'><strong>ut</strong></span> <span class='ocrx_word' id='word_1_677' title='bbox 2943 3989 3316 4042; x_wconf 75' lang='lat' dir='ltr'><strong>cognoscamus</strong></span> <span class='ocrx_word' id='word_1_678' title='bbox 3349 3991 3438 4028; x_wconf 84' lang='lat' dir='ltr'><strong>ve-</strong></span> 
     </span>
    </p>
   </div>
   <div class='ocr_carea' id='block_1_87' title="bbox 1862 4061 3435 4134">
    <p class='ocr_par' dir='ltr' id='par_1_87' title="bbox 1862 4061 3435 4134">
     <span class='ocr_line' id='line_1_87' title="bbox 1862 4061 3435 4134; baseline 0.004 -19"><span class='ocrx_word' id='word_1_679' title='bbox 1862 4079 1978 4115; x_wconf 83' lang='lat' dir='ltr'><strong>rum</strong></span> <span class='ocrx_word' id='word_1_680' title='bbox 2008 4061 2196 4126; x_wconf 90' lang='lat' dir='ltr'><strong>Deum,</strong></span> <span class='ocrx_word' id='word_1_681' title='bbox 2231 4071 2278 4116; x_wconf 87' lang='lat' dir='ltr'><strong>et</strong></span> <span class='ocrx_word' id='word_1_682' title='bbox 2306 4063 2468 4117; x_wconf 83' lang='lat' dir='ltr'><strong>simus</strong></span> <span class='ocrx_word' id='word_1_683' title='bbox 2498 4065 2553 4118; x_wconf 88' lang='lat' dir='ltr'><strong>in</strong></span> <span class='ocrx_word' id='word_1_684' title='bbox 2587 4081 2706 4119; x_wconf 69' lang='lat' dir='ltr'><strong>vero</strong></span> <span class='ocrx_word' id='word_1_685' title='bbox 2737 4063 2874 4118; x_wconf 82' lang='lat' dir='ltr'><strong>Filio</strong></span> <span class='ocrx_word' id='word_1_686' title='bbox 2907 4065 3019 4134; x_wconf 89' lang='lat' dir='ltr'><strong>ejus</strong></span> <span class='ocrx_word' id='word_1_687' title='bbox 3052 4067 3180 4121; x_wconf 84' lang='lat' dir='ltr'><strong>Jesu</strong></span> <span class='ocrx_word' id='word_1_688' title='bbox 3207 4066 3435 4122; x_wconf 82' lang='lat' dir='ltr'><strong>Christo.</strong></span> 
     </span>
    </p>
   </div>
   <div class='ocr_carea' id='block_1_88' title="bbox 1863 4153 3439 4228">
    <p class='ocr_par' dir='ltr' id='par_1_88' title="bbox 1863 4153 3439 4228">
     <span class='ocr_line' id='line_1_88' title="bbox 1863 4153 3439 4228; baseline 0.004 -21"><span class='ocrx_word' id='word_1_689' title='bbox 1863 4153 1966 4207; x_wconf 84' lang='lat' dir='ltr'><strong>Hic</strong></span> <span class='ocrx_word' id='word_1_690' title='bbox 1987 4163 2063 4208; x_wconf 85' lang='lat' dir='ltr'><strong>est</strong></span> <span class='ocrx_word' id='word_1_691' title='bbox 2093 4171 2242 4208; x_wconf 84' lang='lat' dir='ltr'><strong>verus</strong></span> <span class='ocrx_word' id='word_1_692' title='bbox 2266 4155 2405 4209; x_wconf 86' lang='lat' dir='ltr'><strong>Deus</strong></span> <span class='ocrx_word' id='word_1_693' title='bbox 2430 4166 2478 4210; x_wconf 90' lang='lat' dir='ltr'><strong>et</strong></span> <span class='ocrx_word' id='word_1_694' title='bbox 2508 4157 2611 4211; x_wconf 77' lang='lat' dir='ltr'><strong>vita</strong></span> <span class='ocrx_word' id='word_1_695' title='bbox 2641 4167 2856 4211; x_wconf 77' lang='lat' dir='ltr'><strong>wterna.</strong></span> <span class='ocrx_word' id='word_1_696' title='bbox 2886 4157 3192 4227; x_wconf 85' lang='lat' dir='ltr'><strong>Eademque</strong></span> <span class='ocrx_word' id='word_1_697' title='bbox 3217 4167 3439 4228; x_wconf 84' lang='lat' dir='ltr'><strong>practer-</strong></span> 
     </span>
    </p>
   </div>
   <div class='ocr_carea' id='block_1_89' title="bbox 1863 4245 3440 4318">
    <p class='ocr_par' dir='ltr' id='par_1_89' title="bbox 1863 4245 3440 4318">
     <span class='ocr_line' id='line_1_89' title="bbox 1863 4245 3440 4318; baseline 0.003 -20"><span class='ocrx_word' id='word_1_698' title='bbox 1863 4260 1928 4298; x_wconf 90' lang='lat' dir='ltr'><strong>ea</strong></span> <span class='ocrx_word' id='word_1_699' title='bbox 1981 4245 2212 4300; x_wconf 87' lang='lat' dir='ltr'><strong>veritate</strong></span> <span class='ocrx_word' id='word_1_700' title='bbox 2256 4247 2321 4300; x_wconf 91' lang='lat' dir='ltr'><strong>de</strong></span> <span class='ocrx_word' id='word_1_701' title='bbox 2372 4256 2540 4301; x_wconf 91' lang='lat' dir='ltr'><strong>semet</strong></span> <span class='ocrx_word' id='word_1_702' title='bbox 2587 4247 2640 4301; x_wconf 93' lang='lat' dir='ltr'><strong>in</strong></span> <span class='ocrx_word' id='word_1_703' title='bbox 2677 4245 2900 4302; x_wconf 82' lang='lat' dir='ltr'><strong>Joannis</strong></span> <span class='ocrx_word' id='word_1_704' title='bbox 2935 4249 3226 4317; x_wconf 74' lang='lat' dir='ltr'><strong>Evangelio</strong></span> <span class='ocrx_word' id='word_1_705' title='bbox 3261 4251 3440 4318; x_wconf 87' lang='lat' dir='ltr'><strong>prolo-</strong></span> 
     </span>
    </p>
   </div>
   <div class='ocr_carea' id='block_1_90' title="bbox 1865 4336 3434 4406">
    <p class='ocr_par' dir='ltr' id='par_1_90' title="bbox 1865 4336 3434 4406">
     <span class='ocr_line' id='line_1_90' title="bbox 1865 4336 3434 4406; baseline 0.001 -19"><span class='ocrx_word' id='word_1_706' title='bbox 1865 4343 2064 4403; x_wconf 88' lang='lat' dir='ltr'><strong>quente</strong></span> <span class='ocrx_word' id='word_1_707' title='bbox 2103 4336 2244 4405; x_wconf 83' lang='lat' dir='ltr'><strong>quod</strong></span> <span class='ocrx_word' id='word_1_708' title='bbox 2273 4336 2343 4389; x_wconf 90' lang='lat' dir='ltr'><strong>sit</strong></span> <span class='ocrx_word' id='word_1_709' title='bbox 2371 4336 2576 4390; x_wconf 88' lang='lat' dir='ltr'><strong>veritas</strong></span> <span class='ocrx_word' id='word_1_710' title='bbox 2621 4337 2931 4406; x_wconf 82' lang='lat' dir='ltr'><strong>unigenitus</strong></span> <span class='ocrx_word' id='word_1_711' title='bbox 2972 4337 3086 4405; x_wconf 90' lang='lat' dir='ltr'><strong>ipse</strong></span> <span class='ocrx_word' id='word_1_712' title='bbox 3111 4354 3123 4388; x_wconf 92' lang='lat'><em>:</em></span> <span class='ocrx_word' id='word_1_713' title='bbox 3153 4336 3265 4405; x_wconf 89' lang='lat' dir='ltr'><strong>Ego</strong></span> <span class='ocrx_word' id='word_1_714' title='bbox 3295 4354 3434 4401; x_wconf 88' lang='lat' dir='ltr'><strong>sum,</strong></span> 
     </span>
    </p>
   </div>
   <div class='ocr_carea' id='block_1_91' title="bbox 1866 4429 3438 4500">
    <p class='ocr_par' dir='ltr' id='par_1_91' title="bbox 1866 4429 3438 4500">
     <span class='ocr_line' id='line_1_91' title="bbox 1866 4429 3438 4500; baseline 0.001 -17"><span class='ocrx_word' id='word_1_715' title='bbox 1866 4429 2136 4498; x_wconf 90' lang='lat' dir='ltr'><strong>inquiens,</strong></span> <span class='ocrx_word' id='word_1_716' title='bbox 2167 4429 2249 4482; x_wconf 83' lang='lat' dir='ltr'><strong>via</strong></span> <span class='ocrx_word' id='word_1_717' title='bbox 2274 4439 2323 4482; x_wconf 84' lang='lat' dir='ltr'><strong>et</strong></span> <span class='ocrx_word' id='word_1_718' title='bbox 2354 4430 2542 4483; x_wconf 84' lang='lat' dir='ltr'><strong>veritas</strong></span> <span class='ocrx_word' id='word_1_719' title='bbox 2576 4439 2622 4482; x_wconf 88' lang='lat' dir='ltr'><strong>et</strong></span> <span class='ocrx_word' id='word_1_720' title='bbox 2649 4430 2776 4483; x_wconf 78' lang='lat' dir='ltr'><strong>vita.</strong></span> <span class='ocrx_word' id='word_1_721' title='bbox 2811 4429 3157 4500; x_wconf 84' lang='lat' dir='ltr'><strong>Unigenittim</strong></span> <span class='ocrx_word' id='word_1_722' title='bbox 3190 4445 3248 4484; x_wconf 91' lang='lat' dir='ltr'><strong>se</strong></span> <span class='ocrx_word' id='word_1_723' title='bbox 3275 4431 3438 4484; x_wconf 87' lang='lat' dir='ltr'><strong>etiam</strong></span> 
     </span>
    </p>
   </div>
   <div class='ocr_carea' id='block_1_92' title="bbox 1867 4517 3442 4584">
    <p class='ocr_par' dir='ltr' id='par_1_92' title="bbox 1867 4517 3442 4584">
     <span class='ocr_line' id='line_1_92' title="bbox 1867 4517 3442 4584; baseline -0.002 -9"><span class='ocrx_word' id='word_1_724' title='bbox 1867 4519 2106 4584; x_wconf 76' lang='lat' dir='ltr'><strong>fatendo,</strong></span> <span class='ocrx_word' id='word_1_725' title='bbox 2137 4535 2260 4574; x_wconf 91' lang='lat' dir='ltr'><strong>cum</strong></span> <span class='ocrx_word' id='word_1_726' title='bbox 2289 4519 2421 4574; x_wconf 88' lang='lat' dir='ltr'><strong>dicit</strong></span> <span class='ocrx_word' id='word_1_727' title='bbox 2448 4537 2460 4572; x_wconf 91' lang='lat'><strong>:</strong></span> <span class='ocrx_word' id='word_1_728' title='bbox 2489 4518 2577 4574; x_wconf 89' lang='lat' dir='ltr'><strong>Sic</strong></span> <span class='ocrx_word' id='word_1_729' title='bbox 2601 4519 2743 4572; x_wconf 83' lang='lat' dir='ltr'><strong>Deus</strong></span> <span class='ocrx_word' id='word_1_730' title='bbox 2765 4519 2948 4573; x_wconf 72' lang='lat' dir='ltr'><strong>dilexit</strong></span> <span class='ocrx_word' id='word_1_731' title='bbox 2985 4519 3237 4572; x_wconf 89' lang='lat' dir='ltr'><strong>mundum</strong></span> <span class='ocrx_word' id='word_1_732' title='bbox 3263 4528 3318 4572; x_wconf 88' lang='lat' dir='ltr'><strong>ut</strong></span> <span class='ocrx_word' id='word_1_733' title='bbox 3340 4517 3442 4572; x_wconf 87' lang='lat' dir='ltr'><strong>Fi-</strong></span> 
     </span>
    </p>
   </div>
   <div class='ocr_carea' id='block_1_93' title="bbox 208 4597 3442 4690">
    <p class='ocr_par' dir='ltr' id='par_1_93' title="bbox 208 4597 3442 4690">
     <span class='ocr_line' id='line_1_93' title="bbox 208 4597 3442 4690; baseline 0.002 -29"><span class='ocrx_word' id='word_1_734' title='bbox 208 4597 421 4676; x_wconf 58' lang='lat' dir='ltr'><strong>hominé</strong></span> <span class='ocrx_word' id='word_1_735' title='bbox 441 4620 618 4684; x_wconf 67' lang='lat' dir='ltr'><strong>venit,</strong></span> <span class='ocrx_word' id='word_1_736' title='bbox 649 4597 867 4674; x_wconf 62' lang='grc' dir='ltr'><strong>ἀξῄιεηίε</strong></span> <span class='ocrx_word' id='word_1_737' title='bbox 895 4597 1144 4689; x_wconf 35' lang='lat' dir='ltr'><strong>pel-5.0%,</strong></span> <span class='ocrx_word' id='word_1_738' title='bbox 1181 4597 1574 4690; x_wconf 42' lang='lat' dir='ltr'><strong>propin-quod</strong></span> <span class='ocrx_word' id='word_1_739' title='bbox 1602 4621 1762 4676; x_wconf 60' lang='lat' dir='ltr'><strong>dicit;</strong></span> <span class='ocrx_word' id='word_1_740' title='bbox 1791 4597 1845 4657; x_wconf 82' lang='lat' dir='ltr'><strong>D</strong></span> <span class='ocrx_word' id='word_1_741' title='bbox 1870 4611 1999 4667; x_wconf 85' lang='lat' dir='ltr'><strong>lium</strong></span> <span class='ocrx_word' id='word_1_742' title='bbox 2034 4603 2187 4665; x_wconf 78' lang='lat' dir='ltr'><strong>suum</strong></span> <span class='ocrx_word' id='word_1_743' title='bbox 2217 4612 2538 4682; x_wconf 80' lang='lat' dir='ltr'><strong>unigenitum</strong></span> <span class='ocrx_word' id='word_1_744' title='bbox 2571 4613 2740 4677; x_wconf 86' lang='lat' dir='ltr'><strong>daret,</strong></span> <span class='ocrx_word' id='word_1_745' title='bbox 2775 4621 2831 4666; x_wconf 87' lang='lat' dir='ltr'><strong>ut</strong></span> <span class='ocrx_word' id='word_1_746' title='bbox 2868 4613 3036 4667; x_wconf 86' lang='lat' dir='ltr'><strong>omnis</strong></span> <span class='ocrx_word' id='word_1_747' title='bbox 3065 4614 3155 4684; x_wconf 86' lang='lat' dir='ltr'><strong>qui</strong></span> <span class='ocrx_word' id='word_1_748' title='bbox 3187 4613 3350 4667; x_wconf 80' lang='lat' dir='ltr'><strong>credit</strong></span> <span class='ocrx_word' id='word_1_749' title='bbox 3387 4614 3442 4667; x_wconf 88' lang='lat' dir='ltr'><strong>in</strong></span> 
     </span>
    </p>
   </div>
   <div class='ocr_carea' id='block_1_94' title="bbox 211 4708 1768 4779">
    <p class='ocr_par' dir='ltr' id='par_1_94' title="bbox 211 4708 1768 4779">
     <span class='ocr_line' id='line_1_94' title="bbox 211 4708 1768 4779; baseline 0.003 -16"><span class='ocrx_word' id='word_1_750' title='bbox 211 4708 313 4779; x_wconf 82' lang='lat' dir='ltr'><strong>Ego</strong></span> <span class='ocrx_word' id='word_1_751' title='bbox 343 4710 458 4762; x_wconf 86' lang='lat' dir='ltr'><strong>veni</strong></span> <span class='ocrx_word' id='word_1_752' title='bbox 498 4709 551 4762; x_wconf 87' lang='lat' dir='ltr'><strong>in</strong></span> <span class='ocrx_word' id='word_1_753' title='bbox 582 4711 786 4762; x_wconf 87' lang='lat' dir='ltr'><strong>nomine</strong></span> <span class='ocrx_word' id='word_1_754' title='bbox 810 4708 988 4762; x_wconf 83' lang='lat' dir='ltr'><strong>Patris</strong></span> <span class='ocrx_word' id='word_1_755' title='bbox 1025 4712 1146 4764; x_wconf 89' lang='lat' dir='ltr'><strong>mei.</strong></span> <span class='ocrx_word' id='word_1_756' title='bbox 1180 4710 1383 4765; x_wconf 85' lang='lat' dir='ltr'><strong>Nomen</strong></span> <span class='ocrx_word' id='word_1_757' title='bbox 1419 4712 1561 4765; x_wconf 89' lang='lat' dir='ltr'><strong>enim</strong></span> <span class='ocrx_word' id='word_1_758' title='bbox 1590 4711 1768 4767; x_wconf 85' lang='lat' dir='ltr'><strong>Patris</strong></span> 
     </span>
    </p>
   </div>
   <div class='ocr_carea' id='block_1_95' title="bbox 119 4798 1768 4869">
    <p class='ocr_par' dir='ltr' id='par_1_95' title="bbox 119 4798 1768 4869">
     <span class='ocr_line' id='line_1_95' title="bbox 119 4798 1768 4869; baseline 0.001 -16"><span class='ocrx_word' id='word_1_759' title='bbox 119 4817 128 4824; x_wconf 94' lang='grc'><strong>·</strong></span> <span class='ocrx_word' id='word_1_760' title='bbox 211 4813 484 4869; x_wconf 90' lang='lat' dir='ltr'><strong>personam</strong></span> <span class='ocrx_word' id='word_1_761' title='bbox 515 4798 772 4868; x_wconf 87' lang='lat' dir='ltr'><strong>pcrstruit</strong></span> <span class='ocrx_word' id='word_1_762' title='bbox 796 4798 916 4852; x_wconf 86' lang='lat' dir='ltr'><strong>Filii</strong></span> <span class='ocrx_word' id='word_1_763' title='bbox 951 4817 962 4852; x_wconf 91' lang='lat'><strong>:</strong></span> <span class='ocrx_word' id='word_1_764' title='bbox 997 4800 1120 4867; x_wconf 91' lang='lat' dir='ltr'><strong>quia</strong></span> <span class='ocrx_word' id='word_1_765' title='bbox 1156 4801 1369 4854; x_wconf 89' lang='lat' dir='ltr'><strong>nonnisi</strong></span> <span class='ocrx_word' id='word_1_766' title='bbox 1396 4801 1642 4856; x_wconf 88' lang='lat' dir='ltr'><strong>habendo</strong></span> <span class='ocrx_word' id='word_1_767' title='bbox 1679 4799 1768 4855; x_wconf 90' lang='lat' dir='ltr'><strong>Fi-</strong></span> 
     </span>
    </p>
   </div>
   <div class='ocr_carea' id='block_1_96' title="bbox 214 4887 1770 4957">
    <p class='ocr_par' dir='ltr' id='par_1_96' title="bbox 214 4887 1770 4957">
     <span class='ocr_line' id='line_1_96' title="bbox 214 4887 1770 4957; baseline 0.003 -17"><span class='ocrx_word' id='word_1_768' title='bbox 214 4887 332 4941; x_wconf 90' lang='lat' dir='ltr'><strong>lium</strong></span> <span class='ocrx_word' id='word_1_769' title='bbox 355 4899 631 4957; x_wconf 88' lang='lat' dir='ltr'><strong>paternam</strong></span> <span class='ocrx_word' id='word_1_770' title='bbox 663 4887 799 4957; x_wconf 86' lang='lat' dir='ltr'><strong>gerit</strong></span> <span class='ocrx_word' id='word_1_771' title='bbox 826 4903 1130 4956; x_wconf 90' lang='lat' dir='ltr'><strong>personam.</strong></span> <span class='ocrx_word' id='word_1_772' title='bbox 1163 4888 1265 4953; x_wconf 91' lang='lat' dir='ltr'><strong>Qui</strong></span> <span class='ocrx_word' id='word_1_773' title='bbox 1295 4903 1423 4956; x_wconf 85' lang='lat' dir='ltr'><strong>ergo</strong></span> <span class='ocrx_word' id='word_1_774' title='bbox 1461 4889 1516 4943; x_wconf 90' lang='lat' dir='ltr'><strong>iu</strong></span> <span class='ocrx_word' id='word_1_775' title='bbox 1552 4890 1770 4944; x_wconf 89' lang='lat' dir='ltr'><strong>nomine</strong></span> 
     </span>
    </p>
   </div>
   <div class='ocr_carea' id='block_1_97' title="bbox 213 4977 1771 5049">
    <p class='ocr_par' dir='ltr' id='par_1_97' title="bbox 213 4977 1771 5049">
     <span class='ocr_line' id='line_1_97' title="bbox 213 4977 1771 5049; baseline 0.003 -18"><span class='ocrx_word' id='word_1_776' title='bbox 213 4977 378 5032; x_wconf 86' lang='lat' dir='ltr'><strong>Patris</strong></span> <span class='ocrx_word' id='word_1_777' title='bbox 423 4979 591 5044; x_wconf 89' lang='lat' dir='ltr'><strong>venit,</strong></span> <span class='ocrx_word' id='word_1_778' title='bbox 642 4979 986 5033; x_wconf 87' lang='lat' dir='ltr'><strong>nihilominus</strong></span> <span class='ocrx_word' id='word_1_779' title='bbox 1009 4979 1176 5033; x_wconf 87' lang='lat' dir='ltr'><strong>Filius</strong></span> <span class='ocrx_word' id='word_1_780' title='bbox 1222 4980 1338 5049; x_wconf 88' lang='lat' dir='ltr'><strong>ejus</strong></span> <span class='ocrx_word' id='word_1_781' title='bbox 1386 4979 1504 5034; x_wconf 83' lang='lat' dir='ltr'><strong>fuit.</strong></span> <span class='ocrx_word' id='word_1_782' title='bbox 1554 4981 1619 5034; x_wconf 89' lang='lat' dir='ltr'><strong>Et</strong></span> <span class='ocrx_word' id='word_1_783' title='bbox 1650 4981 1771 5035; x_wconf 89' lang='lat' dir='ltr'><strong>ideo</strong></span> 
     </span>
    </p>
   </div>
   <div class='ocr_carea' id='block_1_98' title="bbox 216 5065 1774 5136">
    <p class='ocr_par' dir='ltr' id='par_1_98' title="bbox 216 5065 1774 5136">
     <span class='ocr_line' id='line_1_98' title="bbox 216 5065 1774 5136; baseline 0.003 -14"><span class='ocrx_word' id='word_1_784' title='bbox 216 5085 311 5122; x_wconf 87' lang='lat' dir='ltr'><strong>non</strong></span> <span class='ocrx_word' id='word_1_785' title='bbox 366 5069 470 5122; x_wconf 92' lang='lat' dir='ltr'><strong>duo</strong></span> <span class='ocrx_word' id='word_1_786' title='bbox 520 5079 784 5123; x_wconf 87' lang='lat' dir='ltr'><strong>venerunt</strong></span> <span class='ocrx_word' id='word_1_787' title='bbox 824 5071 919 5123; x_wconf 91' lang='lat' dir='ltr'><strong>ﬁlii</strong></span> <span class='ocrx_word' id='word_1_788' title='bbox 969 5085 1129 5125; x_wconf 87' lang='lat' dir='ltr'><strong>verus</strong></span> <span class='ocrx_word' id='word_1_789' title='bbox 1176 5077 1230 5124; x_wconf 89' lang='lat' dir='ltr'><strong>et</strong></span> <span class='ocrx_word' id='word_1_790' title='bbox 1269 5069 1465 5136; x_wconf 77' lang='lat' dir='ltr'><strong>falsus,</strong></span> <span class='ocrx_word' id='word_1_791' title='bbox 1508 5079 1600 5124; x_wconf 91' lang='lat' dir='ltr'><strong>aut</strong></span> <span class='ocrx_word' id='word_1_792' title='bbox 1635 5065 1774 5126; x_wconf 85' lang='lat' dir='ltr'><strong>unus</strong></span> 
     </span>
    </p>
   </div>
   <div class='ocr_carea' id='block_1_99' title="bbox 217 5159 1775 5230">
    <p class='ocr_par' dir='ltr' id='par_1_99' title="bbox 217 5159 1775 5230">
     <span class='ocr_line' id='line_1_99' title="bbox 217 5159 1775 5230; baseline 0.003 -19"><span class='ocrx_word' id='word_1_793' title='bbox 217 5159 400 5228; x_wconf 89' lang='lat' dir='ltr'><strong>partim</strong></span> <span class='ocrx_word' id='word_1_794' title='bbox 443 5160 712 5229; x_wconf 90' lang='lat' dir='ltr'><strong>proprius,</strong></span> <span class='ocrx_word' id='word_1_795' title='bbox 745 5161 940 5230; x_wconf 89' lang='lat' dir='ltr'><strong>partim</strong></span> <span class='ocrx_word' id='word_1_796' title='bbox 979 5161 1143 5215; x_wconf 90' lang='lat' dir='ltr'><strong>etiam</strong></span> <span class='ocrx_word' id='word_1_797' title='bbox 1174 5160 1476 5230; x_wconf 89' lang='lat' dir='ltr'><strong>adoptivus,</strong></span> <span class='ocrx_word' id='word_1_798' title='bbox 1517 5162 1610 5216; x_wconf 89' lang='lat' dir='ltr'><strong>sed</strong></span> <span class='ocrx_word' id='word_1_799' title='bbox 1637 5177 1775 5216; x_wconf 91' lang='lat' dir='ltr'><strong>unus</strong></span> 
     </span>
    </p>
   </div>
   <div class='ocr_carea' id='block_1_100' title="bbox 219 5249 1778 5321">
    <p class='ocr_par' dir='ltr' id='par_1_100' title="bbox 219 5249 1778 5321">
     <span class='ocr_line' id='line_1_100' title="bbox 219 5249 1778 5321; baseline 0.001 -16"><span class='ocrx_word' id='word_1_800' title='bbox 219 5249 361 5307; x_wconf 85' lang='lat' dir='ltr'><strong>Jesus</strong></span> <span class='ocrx_word' id='word_1_801' title='bbox 388 5252 632 5308; x_wconf 91' lang='lat' dir='ltr'><strong>Christus</strong></span> <span class='ocrx_word' id='word_1_802' title='bbox 667 5268 732 5307; x_wconf 82' lang='lat' dir='ltr'><strong>ex</strong></span> <span class='ocrx_word' id='word_1_803' title='bbox 771 5263 884 5308; x_wconf 89' lang='lat' dir='ltr'><strong>toto</strong></span> <span class='ocrx_word' id='word_1_804' title='bbox 924 5253 1234 5307; x_wconf 90' lang='lat' dir='ltr'><strong>benedictus</strong></span> <span class='ocrx_word' id='word_1_805' title='bbox 1278 5253 1367 5321; x_wconf 93' lang='lat' dir='ltr'><strong>qui</strong></span> <span class='ocrx_word' id='word_1_806' title='bbox 1412 5253 1558 5308; x_wconf 90' lang='lat' dir='ltr'><strong>venit</strong></span> <span class='ocrx_word' id='word_1_807' title='bbox 1596 5253 1647 5306; x_wconf 92' lang='lat' dir='ltr'><strong>in</strong></span> <span class='ocrx_word' id='word_1_808' title='bbox 1680 5267 1778 5307; x_wconf 90' lang='lat' dir='ltr'><strong>no-</strong></span> 
     </span>
    </p>
   </div>
   <div class='ocr_carea' id='block_1_101' title="bbox 221 5341 1773 5414">
    <p class='ocr_par' dir='ltr' id='par_1_101' title="bbox 221 5341 1773 5414">
     <span class='ocr_line' id='line_1_101' title="bbox 221 5341 1773 5414; baseline 0.001 -19"><span class='ocrx_word' id='word_1_809' title='bbox 221 5341 354 5395; x_wconf 90' lang='lat' dir='ltr'><strong>mine</strong></span> <span class='ocrx_word' id='word_1_810' title='bbox 379 5342 611 5396; x_wconf 91' lang='lat' dir='ltr'><strong>Domini.</strong></span> <span class='ocrx_word' id='word_1_811' title='bbox 661 5341 795 5408; x_wconf 86' lang='lat' dir='ltr'><strong>Quia</strong></span> <span class='ocrx_word' id='word_1_812' title='bbox 837 5343 927 5412; x_wconf 91' lang='lat' dir='ltr'><strong>qui</strong></span> <span class='ocrx_word' id='word_1_813' title='bbox 974 5342 1026 5395; x_wconf 92' lang='lat' dir='ltr'><strong>in</strong></span> <span class='ocrx_word' id='word_1_814' title='bbox 1062 5343 1328 5414; x_wconf 89' lang='lat' dir='ltr'><strong>principio</strong></span> <span class='ocrx_word' id='word_1_815' title='bbox 1371 5351 1490 5397; x_wconf 90' lang='lat' dir='ltr'><strong>erat</strong></span> <span class='ocrx_word' id='word_1_816' title='bbox 1516 5342 1773 5409; x_wconf 85' lang='lat' dir='ltr'><strong>Verbum,</strong></span> 
     </span>
    </p>
   </div>
   <div class='ocr_carea' id='block_1_102' title="bbox 223 5429 1777 5498">
    <p class='ocr_par' dir='ltr' id='par_1_102' title="bbox 223 5429 1777 5498">
     <span class='ocr_line' id='line_1_102' title="bbox 223 5429 1777 5498; baseline 0.001 -13"><span class='ocrx_word' id='word_1_817' title='bbox 223 5429 350 5485; x_wconf 89' lang='lat' dir='ltr'><strong>idem</strong></span> <span class='ocrx_word' id='word_1_818' title='bbox 388 5431 621 5486; x_wconf 88' lang='lat' dir='ltr'><strong>Verbum</strong></span> <span class='ocrx_word' id='word_1_819' title='bbox 671 5447 799 5486; x_wconf 86' lang='lat' dir='ltr'><strong>caro</strong></span> <span class='ocrx_word' id='word_1_820' title='bbox 841 5432 1037 5486; x_wconf 83' lang='lat' dir='ltr'><strong>factum</strong></span> <span class='ocrx_word' id='word_1_821' title='bbox 1087 5440 1201 5498; x_wconf 90' lang='lat' dir='ltr'><strong>est,</strong></span> <span class='ocrx_word' id='word_1_822' title='bbox 1251 5432 1586 5498; x_wconf 87' lang='lat' dir='ltr'><strong>individuus;</strong></span> <span class='ocrx_word' id='word_1_823' title='bbox 1637 5448 1777 5488; x_wconf 91' lang='lat' dir='ltr'><strong>unus</strong></span> 
     </span>
    </p>
   </div>
   <div class='ocr_carea' id='block_1_103' title="bbox 223 5522 1776 5592">
    <p class='ocr_par' dir='ltr' id='par_1_103' title="bbox 223 5522 1776 5592">
     <span class='ocr_line' id='line_1_103' title="bbox 223 5522 1776 5592; baseline 0.003 -18"><span class='ocrx_word' id='word_1_824' title='bbox 223 5522 459 5592; x_wconf 88' lang='lat' dir='ltr'><strong>proprius</strong></span> <span class='ocrx_word' id='word_1_825' title='bbox 491 5531 544 5577; x_wconf 91' lang='lat' dir='ltr'><strong>et</strong></span> <span class='ocrx_word' id='word_1_826' title='bbox 574 5539 732 5577; x_wconf 89' lang='lat' dir='ltr'><strong>verus</strong></span> <span class='ocrx_word' id='word_1_827' title='bbox 777 5524 1086 5592; x_wconf 85' lang='lat' dir='ltr'><strong>unigenitus</strong></span> <span class='ocrx_word' id='word_1_828' title='bbox 1109 5523 1204 5577; x_wconf 89' lang='lat' dir='ltr'><strong>Dei</strong></span> <span class='ocrx_word' id='word_1_829' title='bbox 1233 5523 1420 5578; x_wconf 89' lang='lat' dir='ltr'><strong>Filius.</strong></span> <span class='ocrx_word' id='word_1_830' title='bbox 1462 5523 1528 5577; x_wconf 85' lang='lat' dir='ltr'><strong>Et</strong></span> <span class='ocrx_word' id='word_1_831' title='bbox 1557 5524 1602 5577; x_wconf 91' lang='lat' dir='ltr'><strong>si</strong></span> <span class='ocrx_word' id='word_1_832' title='bbox 1633 5524 1776 5578; x_wconf 90' lang='lat' dir='ltr'><strong>aliud</strong></span> 
     </span>
    </p>
   </div>
   <div class='ocr_carea' id='block_1_104' title="bbox 227 5611 1776 5681">
    <p class='ocr_par' dir='ltr' id='par_1_104' title="bbox 227 5611 1776 5681">
     <span class='ocr_line' id='line_1_104' title="bbox 227 5611 1776 5681; baseline 0.003 -16"><span class='ocrx_word' id='word_1_833' title='bbox 227 5619 374 5681; x_wconf 86' lang='lat' dir='ltr'><strong>atque</strong></span> <span class='ocrx_word' id='word_1_834' title='bbox 409 5611 550 5665; x_wconf 90' lang='lat' dir='ltr'><strong>aliud</strong></span> <span class='ocrx_word' id='word_1_835' title='bbox 578 5627 644 5666; x_wconf 80' lang='lat' dir='ltr'><strong>ex</strong></span> <span class='ocrx_word' id='word_1_836' title='bbox 679 5615 1053 5668; x_wconf 89' lang='lat' dir='ltr'><strong>convenientia</strong></span> <span class='ocrx_word' id='word_1_837' title='bbox 1094 5623 1431 5679; x_wconf 87' lang='lat' dir='ltr'><strong>naturarum,</strong></span> <span class='ocrx_word' id='word_1_838' title='bbox 1465 5630 1570 5668; x_wconf 91' lang='lat' dir='ltr'><strong>non</strong></span> <span class='ocrx_word' id='word_1_839' title='bbox 1597 5622 1776 5670; x_wconf 90' lang='lat' dir='ltr'><strong>tamen</strong></span> 
     </span>
    </p>
   </div>
   <div class='ocr_carea' id='block_1_105' title="bbox 227 5700 1778 5775">
    <p class='ocr_par' dir='ltr' id='par_1_105' title="bbox 227 5700 1778 5775">
     <span class='ocr_line' id='line_1_105' title="bbox 227 5700 1778 5775; baseline 0.004 -21"><span class='ocrx_word' id='word_1_840' title='bbox 227 5708 302 5754; x_wconf 80' lang='lat' dir='ltr'><strong>est</strong></span> <span class='ocrx_word' id='word_1_841' title='bbox 334 5700 488 5767; x_wconf 90' lang='lat' dir='ltr'><strong>alius,</strong></span> <span class='ocrx_word' id='word_1_842' title='bbox 515 5702 608 5756; x_wconf 90' lang='lat' dir='ltr'><strong>sed</strong></span> <span class='ocrx_word' id='word_1_843' title='bbox 645 5719 782 5759; x_wconf 91' lang='lat' dir='ltr'><strong>unus</strong></span> <span class='ocrx_word' id='word_1_844' title='bbox 823 5705 1069 5774; x_wconf 89' lang='lat' dir='ltr'><strong>idemque</strong></span> <span class='ocrx_word' id='word_1_845' title='bbox 1100 5719 1169 5758; x_wconf 85' lang='lat' dir='ltr'><strong>ex</strong></span> <span class='ocrx_word' id='word_1_846' title='bbox 1209 5712 1322 5759; x_wconf 92' lang='lat' dir='ltr'><strong>toto</strong></span> <span class='ocrx_word' id='word_1_847' title='bbox 1348 5706 1656 5775; x_wconf 86' lang='lat' dir='ltr'><strong>unigenitus</strong></span> <span class='ocrx_word' id='word_1_848' title='bbox 1680 5705 1778 5760; x_wconf 89' lang='lat' dir='ltr'><strong>Dei</strong></span> 
     </span>
    </p>
   </div>
   <div class='ocr_carea' id='block_1_106' title="bbox 227 5787 1778 5866">
    <p class='ocr_par' dir='ltr' id='par_1_106' title="bbox 227 5787 1778 5866">
     <span class='ocr_line' id='line_1_106' title="bbox 227 5787 1778 5866; baseline 0.005 -24"><span class='ocrx_word' id='word_1_849' title='bbox 227 5787 400 5845; x_wconf 89' lang='lat' dir='ltr'><strong>Filius.</strong></span> <span class='ocrx_word' id='word_1_850' title='bbox 437 5809 456 5844; x_wconf 75' lang='grc' dir='ltr'><strong><em>ι</em></strong></span> <span class='ocrx_word' id='word_1_851' title='bbox 503 5791 654 5859; x_wconf 86' lang='lat' dir='ltr'><strong>Quod</strong></span> <span class='ocrx_word' id='word_1_852' title='bbox 692 5795 943 5866; x_wconf 86' lang='lat' dir='ltr'><strong>congruis</strong></span> <span class='ocrx_word' id='word_1_853' title='bbox 982 5793 1242 5865; x_wconf 77' lang='lat' dir='ltr'><strong>exemplis</strong></span> <span class='ocrx_word' id='word_1_854' title='bbox 1280 5802 1499 5852; x_wconf 85' lang='lat' dir='ltr'><strong>sanctus</strong></span> <span class='ocrx_word' id='word_1_855' title='bbox 1522 5795 1778 5866; x_wconf 84' lang='lat' dir='ltr'><strong>Augusti-</strong></span> 
     </span>
    </p>
   </div>
   <div class='ocr_carea' id='block_1_107' title="bbox 1870 4703 3442 4776">
    <p class='ocr_par' dir='ltr' id='par_1_107' title="bbox 1870 4703 3442 4776">
     <span class='ocr_line' id='line_1_107' title="bbox 1870 4703 3442 4776; baseline 0.002 -20"><span class='ocrx_word' id='word_1_856' title='bbox 1870 4703 2019 4756; x_wconf 83' lang='lat' dir='ltr'><strong>illum</strong></span> <span class='ocrx_word' id='word_1_857' title='bbox 2043 4719 2143 4756; x_wconf 89' lang='lat' dir='ltr'><strong>non</strong></span> <span class='ocrx_word' id='word_1_858' title='bbox 2164 4712 2360 4774; x_wconf 86' lang='lat' dir='ltr'><strong>pereat,</strong></span> <span class='ocrx_word' id='word_1_859' title='bbox 2383 4703 2474 4756; x_wconf 84' lang='lat' dir='ltr'><strong>sed</strong></span> <span class='ocrx_word' id='word_1_860' title='bbox 2499 4703 2686 4756; x_wconf 85' lang='lat' dir='ltr'><strong>habeat</strong></span> <span class='ocrx_word' id='word_1_861' title='bbox 2711 4704 2868 4758; x_wconf 87' lang='lat' dir='ltr'><strong>vitam</strong></span> <span class='ocrx_word' id='word_1_862' title='bbox 2899 4714 3169 4776; x_wconf 66' lang='lat' dir='ltr'><strong>aeternam.</strong></span> <span class='ocrx_word' id='word_1_863' title='bbox 3199 4705 3277 4759; x_wconf 89' lang='lat' dir='ltr'><strong>Ac</strong></span> <span class='ocrx_word' id='word_1_864' title='bbox 3299 4704 3442 4768; x_wconf 86' lang='lat' dir='ltr'><strong>ideo,</strong></span> 
     </span>
    </p>
   </div>
   <div class='ocr_carea' id='block_1_108' title="bbox 1874 4794 3446 4864">
    <p class='ocr_par' dir='ltr' id='par_1_108' title="bbox 1874 4794 3446 4864">
     <span class='ocr_line' id='line_1_108' title="bbox 1874 4794 3446 4864; baseline -0.001 -16"><span class='ocrx_word' id='word_1_865' title='bbox 1874 4801 2008 4849; x_wconf 89' lang='lat' dir='ltr'><strong>teste</strong></span> <span class='ocrx_word' id='word_1_866' title='bbox 2041 4795 2226 4849; x_wconf 90' lang='lat' dir='ltr'><strong>eodem</strong></span> <span class='ocrx_word' id='word_1_867' title='bbox 2260 4794 2554 4864; x_wconf 87' lang='lat' dir='ltr'><strong>unigenito,</strong></span> <span class='ocrx_word' id='word_1_868' title='bbox 2584 4795 2675 4864; x_wconf 90' lang='lat' dir='ltr'><strong>qui</strong></span> <span class='ocrx_word' id='word_1_869' title='bbox 2707 4795 2880 4850; x_wconf 85' lang='lat' dir='ltr'><strong>credit</strong></span> <span class='ocrx_word' id='word_1_870' title='bbox 2916 4796 2970 4850; x_wconf 89' lang='lat' dir='ltr'><strong>in</strong></span> <span class='ocrx_word' id='word_1_871' title='bbox 3009 4811 3131 4850; x_wconf 88' lang='lat' dir='ltr'><strong>eum</strong></span> <span class='ocrx_word' id='word_1_872' title='bbox 3167 4812 3273 4850; x_wconf 91' lang='lat' dir='ltr'><strong>non</strong></span> <span class='ocrx_word' id='word_1_873' title='bbox 3300 4794 3446 4863; x_wconf 91' lang='lat' dir='ltr'><strong>judi-</strong></span> 
     </span>
    </p>
   </div>
   <div class='ocr_carea' id='block_1_109' title="bbox 1874 4886 3444 4957">
    <p class='ocr_par' dir='ltr' id='par_1_109' title="bbox 1874 4886 3444 4957">
     <span class='ocr_line' id='line_1_109' title="bbox 1874 4886 3444 4957; baseline -0.003 -15"><span class='ocrx_word' id='word_1_874' title='bbox 1874 4897 2056 4952; x_wconf 89' lang='lat' dir='ltr'><strong>catur;</strong></span> <span class='ocrx_word' id='word_1_875' title='bbox 2100 4887 2191 4956; x_wconf 90' lang='lat' dir='ltr'><strong>qui</strong></span> <span class='ocrx_word' id='word_1_876' title='bbox 2229 4900 2356 4940; x_wconf 89' lang='lat' dir='ltr'><strong>vero</strong></span> <span class='ocrx_word' id='word_1_877' title='bbox 2385 4902 2489 4940; x_wconf 92' lang='lat' dir='ltr'><strong>non</strong></span> <span class='ocrx_word' id='word_1_878' title='bbox 2527 4886 2717 4952; x_wconf 88' lang='lat' dir='ltr'><strong>credit,</strong></span> <span class='ocrx_word' id='word_1_879' title='bbox 2746 4887 2855 4956; x_wconf 87' lang='lat' dir='ltr'><strong>jam</strong></span> <span class='ocrx_word' id='word_1_880' title='bbox 2879 4886 3154 4957; x_wconf 88' lang='lat' dir='ltr'><strong>judicatus</strong></span> <span class='ocrx_word' id='word_1_881' title='bbox 3183 4894 3285 4952; x_wconf 87' lang='lat' dir='ltr'><strong>est,</strong></span> <span class='ocrx_word' id='word_1_882' title='bbox 3318 4886 3444 4955; x_wconf 89' lang='lat' dir='ltr'><strong>quia</strong></span> 
     </span>
    </p>
   </div>
   <div class='ocr_carea' id='block_1_110' title="bbox 1875 4976 3098 5048">
    <p class='ocr_par' dir='ltr' id='par_1_110' title="bbox 1875 4976 3098 5048">
     <span class='ocr_line' id='line_1_110' title="bbox 1875 4976 3098 5048; baseline -0.001 -17"><span class='ocrx_word' id='word_1_883' title='bbox 1875 4992 1985 5031; x_wconf 91' lang='lat' dir='ltr'><strong>non</strong></span> <span class='ocrx_word' id='word_1_884' title='bbox 2021 4977 2191 5030; x_wconf 89' lang='lat' dir='ltr'><strong>credit</strong></span> <span class='ocrx_word' id='word_1_885' title='bbox 2219 4976 2270 5030; x_wconf 92' lang='lat' dir='ltr'><strong>in</strong></span> <span class='ocrx_word' id='word_1_886' title='bbox 2300 4976 2516 5031; x_wconf 91' lang='lat' dir='ltr'><strong>nomine</strong></span> <span class='ocrx_word' id='word_1_887' title='bbox 2542 4978 2802 5048; x_wconf 88' lang='lat' dir='ltr'><strong>unigeniti</strong></span> <span class='ocrx_word' id='word_1_888' title='bbox 2829 4977 2950 5031; x_wconf 86' lang='lat' dir='ltr'><strong>Filii</strong></span> <span class='ocrx_word' id='word_1_889' title='bbox 2982 4977 3098 5031; x_wconf 90' lang='lat' dir='ltr'><strong>Dei.</strong></span> 
     </span>
    </p>
   </div>
   <div class='ocr_carea' id='block_1_111' title="bbox 1947 5067 3448 5137">
    <p class='ocr_par' dir='ltr' id='par_1_111' title="bbox 1947 5067 3448 5137">
     <span class='ocr_line' id='line_1_111' title="bbox 1947 5067 3448 5137; baseline 0.002 -16"><span class='ocrx_word' id='word_1_890' title='bbox 1947 5067 2210 5135; x_wconf 90' lang='lat' dir='ltr'><strong>Quocirca</strong></span> <span class='ocrx_word' id='word_1_891' title='bbox 2244 5083 2350 5122; x_wconf 92' lang='lat' dir='ltr'><strong>non</strong></span> <span class='ocrx_word' id='word_1_892' title='bbox 2382 5068 2656 5123; x_wconf 91' lang='lat' dir='ltr'><strong>immerito</strong></span> <span class='ocrx_word' id='word_1_893' title='bbox 2684 5070 2923 5124; x_wconf 72' lang='lat' dir='ltr'><strong>haeretici</strong></span> <span class='ocrx_word' id='word_1_894' title='bbox 2945 5068 3258 5137; x_wconf 74' lang='lat' dir='ltr'><strong>iudicantur</strong></span> <span class='ocrx_word' id='word_1_895' title='bbox 3303 5069 3448 5125; x_wconf 88' lang='lat' dir='ltr'><strong>Feli-</strong></span> 
     </span>
    </p>
   </div>
   <div class='ocr_carea' id='block_1_112' title="bbox 1874 5160 3448 5233">
    <p class='ocr_par' dir='ltr' id='par_1_112' title="bbox 1874 5160 3448 5233">
     <span class='ocr_line' id='line_1_112' title="bbox 1874 5160 3448 5233; baseline 0.004 -19"><span class='ocrx_word' id='word_1_896' title='bbox 1874 5160 2036 5224; x_wconf 87' lang='lat' dir='ltr'><strong>ciani,</strong></span> <span class='ocrx_word' id='word_1_897' title='bbox 2065 5161 2157 5228; x_wconf 90' lang='lat' dir='ltr'><strong>qui</strong></span> <span class='ocrx_word' id='word_1_898' title='bbox 2204 5175 2234 5213; x_wconf 92' lang='lat' dir='ltr'><strong>a</strong></span> <span class='ocrx_word' id='word_1_899' title='bbox 2275 5169 2426 5214; x_wconf 86' lang='lat' dir='ltr'><strong>tanta</strong></span> <span class='ocrx_word' id='word_1_900' title='bbox 2457 5161 2719 5229; x_wconf 77' lang='lat' dir='ltr'><strong>unigeniti</strong></span> <span class='ocrx_word' id='word_1_901' title='bbox 2747 5162 2979 5216; x_wconf 90' lang='lat' dir='ltr'><strong>veritate</strong></span> <span class='ocrx_word' id='word_1_902' title='bbox 3005 5162 3292 5219; x_wconf 88' lang='lat' dir='ltr'><strong>dissentire</strong></span> <span class='ocrx_word' id='word_1_903' title='bbox 3322 5179 3448 5233; x_wconf 91' lang='lat' dir='ltr'><strong>pro-</strong></span> 
     </span>
    </p>
   </div>
   <div class='ocr_carea' id='block_1_113' title="bbox 1874 5248 3447 5308">
    <p class='ocr_par' dir='ltr' id='par_1_113' title="bbox 1874 5248 3447 5308">
     <span class='ocr_line' id='line_1_113' title="bbox 1874 5248 3447 5308; baseline 0.004 -6"><span class='ocrx_word' id='word_1_904' title='bbox 1874 5249 2090 5302; x_wconf 88' lang='lat' dir='ltr'><strong>bantur.</strong></span> <span class='ocrx_word' id='word_1_905' title='bbox 2135 5248 2299 5303; x_wconf 90' lang='lat' dir='ltr'><strong>Nobis</strong></span> <span class='ocrx_word' id='word_1_906' title='bbox 2343 5265 2474 5305; x_wconf 90' lang='lat' dir='ltr'><strong>sane</strong></span> <span class='ocrx_word' id='word_1_907' title='bbox 2516 5251 2817 5306; x_wconf 91' lang='lat' dir='ltr'><strong>istiusmodi</strong></span> <span class='ocrx_word' id='word_1_908' title='bbox 2858 5252 3193 5307; x_wconf 88' lang='lat' dir='ltr'><strong>credulitatis</strong></span> <span class='ocrx_word' id='word_1_909' title='bbox 3229 5255 3282 5308; x_wconf 90' lang='lat' dir='ltr'><strong>in</strong></span> <span class='ocrx_word' id='word_1_910' title='bbox 3321 5270 3447 5308; x_wconf 81' lang='lat' dir='ltr'><strong>con-</strong></span> 
     </span>
    </p>
   </div>
   <div class='ocr_carea' id='block_1_114' title="bbox 1874 5335 3448 5413">
    <p class='ocr_par' dir='ltr' id='par_1_114' title="bbox 1874 5335 3448 5413">
     <span class='ocr_line' id='line_1_114' title="bbox 1874 5335 3448 5413; baseline 0.006 -24"><span class='ocrx_word' id='word_1_911' title='bbox 1874 5335 2110 5394; x_wconf 79' lang='lat' dir='ltr'><strong>fessione</strong></span> <span class='ocrx_word' id='word_1_912' title='bbox 2142 5339 2299 5393; x_wconf 91' lang='lat' dir='ltr'><strong>unius</strong></span> <span class='ocrx_word' id='word_1_913' title='bbox 2323 5338 2417 5394; x_wconf 87' lang='lat' dir='ltr'><strong>Dei</strong></span> <span class='ocrx_word' id='word_1_914' title='bbox 2455 5348 2509 5394; x_wconf 92' lang='lat' dir='ltr'><strong>et</strong></span> <span class='ocrx_word' id='word_1_915' title='bbox 2542 5340 2779 5396; x_wconf 90' lang='lat' dir='ltr'><strong>hominis</strong></span> <span class='ocrx_word' id='word_1_916' title='bbox 2813 5342 3074 5413; x_wconf 89' lang='lat' dir='ltr'><strong>unigeniti</strong></span> <span class='ocrx_word' id='word_1_917' title='bbox 3103 5343 3196 5397; x_wconf 85' lang='lat' dir='ltr'><strong>ﬁlii</strong></span> <span class='ocrx_word' id='word_1_918' title='bbox 3236 5343 3328 5398; x_wconf 91' lang='lat' dir='ltr'><strong>Dei</strong></span> <span class='ocrx_word' id='word_1_919' title='bbox 3360 5359 3448 5398; x_wconf 89' lang='lat' dir='ltr'><strong>so-</strong></span> 
     </span>
    </p>
   </div>
   <div class='ocr_carea' id='block_1_115' title="bbox 1876 5427 3446 5504">
    <p class='ocr_par' dir='ltr' id='par_1_115' title="bbox 1876 5427 3446 5504">
     <span class='ocr_line' id='line_1_115' title="bbox 1876 5427 3446 5504; baseline 0.004 -23"><span class='ocrx_word' id='word_1_920' title='bbox 1876 5427 2147 5484; x_wconf 88' lang='lat' dir='ltr'><strong>lummodo</strong></span> <span class='ocrx_word' id='word_1_921' title='bbox 2172 5445 2278 5484; x_wconf 89' lang='lat' dir='ltr'><strong>una</strong></span> <span class='ocrx_word' id='word_1_922' title='bbox 2310 5430 2362 5485; x_wconf 93' lang='lat' dir='ltr'><strong>in</strong></span> <span class='ocrx_word' id='word_1_923' title='bbox 2390 5432 2615 5486; x_wconf 89' lang='lat' dir='ltr'><strong>veritate</strong></span> <span class='ocrx_word' id='word_1_924' title='bbox 2643 5447 2870 5502; x_wconf 88' lang='lat' dir='ltr'><strong>persona</strong></span> <span class='ocrx_word' id='word_1_925' title='bbox 2903 5442 3210 5486; x_wconf 89' lang='lat' dir='ltr'><strong>sanctorum</strong></span> <span class='ocrx_word' id='word_1_926' title='bbox 3234 5443 3446 5504; x_wconf 88' lang='lat' dir='ltr'><strong>patrum</strong></span> 
     </span>
    </p>
   </div>
   <div class='ocr_carea' id='block_1_116' title="bbox 1879 5520 3449 5595">
    <p class='ocr_par' dir='ltr' id='par_1_116' title="bbox 1879 5520 3449 5595">
     <span class='ocr_line' id='line_1_116' title="bbox 1879 5520 3449 5595; baseline 0.006 -23"><span class='ocrx_word' id='word_1_927' title='bbox 1879 5528 1934 5573; x_wconf 90' lang='lat' dir='ltr'><strong>ct</strong></span> <span class='ocrx_word' id='word_1_928' title='bbox 1968 5520 2062 5575; x_wconf 88' lang='lat' dir='ltr'><strong>Dei</strong></span> <span class='ocrx_word' id='word_1_929' title='bbox 2109 5523 2344 5577; x_wconf 89' lang='lat' dir='ltr'><strong>oraculis</strong></span> <span class='ocrx_word' id='word_1_930' title='bbox 2385 5524 2752 5594; x_wconf 86' lang='lat' dir='ltr'><strong>promulgata,</strong></span> <span class='ocrx_word' id='word_1_931' title='bbox 2786 5541 2892 5595; x_wconf 89' lang='lat' dir='ltr'><strong>qua</strong></span> <span class='ocrx_word' id='word_1_932' title='bbox 2941 5527 3239 5594; x_wconf 85' lang='lat' dir='ltr'><strong>capacitate</strong></span> <span class='ocrx_word' id='word_1_933' title='bbox 3289 5542 3449 5582; x_wconf 89' lang='lat' dir='ltr'><strong>nemo</strong></span> 
     </span>
    </p>
   </div>
   <div class='ocr_carea' id='block_1_117' title="bbox 1876 5613 3446 5686">
    <p class='ocr_par' dir='ltr' id='par_1_117' title="bbox 1876 5613 3446 5686">
     <span class='ocr_line' id='line_1_117' title="bbox 1876 5613 3446 5686; baseline 0.004 -21"><span class='ocrx_word' id='word_1_934' title='bbox 1876 5620 2054 5682; x_wconf 89' lang='lat' dir='ltr'><strong>potest</strong></span> <span class='ocrx_word' id='word_1_935' title='bbox 2080 5613 2257 5668; x_wconf 85' lang='lat' dir='ltr'><strong>dicere</strong></span> <span class='ocrx_word' id='word_1_936' title='bbox 2286 5615 2544 5668; x_wconf 91' lang='lat' dir='ltr'><strong>Dominus</strong></span> <span class='ocrx_word' id='word_1_937' title='bbox 2569 5613 2724 5669; x_wconf 83' lang='lat' dir='ltr'><strong>Jesus</strong></span> <span class='ocrx_word' id='word_1_938' title='bbox 2763 5617 2867 5671; x_wconf 86' lang='lat' dir='ltr'><strong>nisi</strong></span> <span class='ocrx_word' id='word_1_939' title='bbox 2908 5618 2960 5671; x_wconf 92' lang='lat' dir='ltr'><strong>in</strong></span> <span class='ocrx_word' id='word_1_940' title='bbox 2993 5616 3193 5686; x_wconf 90' lang='lat' dir='ltr'><strong>Spiritu</strong></span> <span class='ocrx_word' id='word_1_941' title='bbox 3234 5625 3446 5684; x_wconf 89' lang='lat' dir='ltr'><strong>sancto,</strong></span> 
     </span>
    </p>
   </div>
   <div class='ocr_carea' id='block_1_118' title="bbox 1879 5703 3445 5773">
    <p class='ocr_par' dir='ltr' id='par_1_118' title="bbox 1879 5703 3445 5773">
     <span class='ocr_line' id='line_1_118' title="bbox 1879 5703 3445 5773; baseline 0.005 -17"><span class='ocrx_word' id='word_1_942' title='bbox 1879 5717 1986 5772; x_wconf 93' lang='lat' dir='ltr'><strong>quo</strong></span> <span class='ocrx_word' id='word_1_943' title='bbox 2011 5704 2173 5758; x_wconf 89' lang='lat' dir='ltr'><strong>corde</strong></span> <span class='ocrx_word' id='word_1_944' title='bbox 2202 5703 2442 5758; x_wconf 89' lang='lat' dir='ltr'><strong>creditur</strong></span> <span class='ocrx_word' id='word_1_945' title='bbox 2469 5704 2536 5758; x_wconf 90' lang='lat' dir='ltr'><strong>ad</strong></span> <span class='ocrx_word' id='word_1_946' title='bbox 2558 5703 2850 5773; x_wconf 91' lang='lat' dir='ltr'><strong>justitiam,</strong></span> <span class='ocrx_word' id='word_1_947' title='bbox 2881 5723 2974 5762; x_wconf 90' lang='lat' dir='ltr'><strong>ore</strong></span> <span class='ocrx_word' id='word_1_948' title='bbox 3005 5706 3272 5761; x_wconf 82' lang='lat' dir='ltr'><strong>confessio</strong></span> <span class='ocrx_word' id='word_1_949' title='bbox 3298 5707 3358 5761; x_wconf 91' lang='lat' dir='ltr'><strong>ﬁt</strong></span> <span class='ocrx_word' id='word_1_950' title='bbox 3390 5708 3445 5764; x_wconf 83' lang='lat' dir='ltr'><strong>in</strong></span> 
     </span>
    </p>
   </div>
   <div class='ocr_carea' id='block_1_119' title="bbox 1879 5793 3445 5862">
    <p class='ocr_par' dir='ltr' id='par_1_119' title="bbox 1879 5793 3445 5862">
     <span class='ocr_line' id='line_1_119' title="bbox 1879 5793 3445 5862; baseline 0.003 -14"><span class='ocrx_word' id='word_1_951' title='bbox 1879 5793 2074 5860; x_wconf 87' lang='lat' dir='ltr'><strong>salute,</strong></span> <span class='ocrx_word' id='word_1_952' title='bbox 2103 5793 2349 5851; x_wconf 78' lang='lat' dir='ltr'><strong>suﬁicere</strong></span> <span class='ocrx_word' id='word_1_953' title='bbox 2373 5795 2667 5862; x_wconf 88' lang='lat' dir='ltr'><strong>credimus,</strong></span> <span class='ocrx_word' id='word_1_954' title='bbox 2697 5796 2904 5852; x_wconf 88' lang='lat' dir='ltr'><strong>dicente</strong></span> <span class='ocrx_word' id='word_1_955' title='bbox 2928 5796 3190 5860; x_wconf 83' lang='lat' dir='ltr'><strong>Apostolo</strong></span> <span class='ocrx_word' id='word_1_956' title='bbox 3219 5813 3233 5852; x_wconf 90' lang='lat'><strong>:</strong></span> <span class='ocrx_word' id='word_1_957' title='bbox 3262 5795 3445 5855; x_wconf 74' lang='lat' dir='ltr'><strong>Siqui-</strong></span> 
     </span>
    </p>
   </div>
  </div>
