  <div class='ocr_page' id='page_1' title='image "/cluster/home/n/w/nwhite01/storage/ocr_20150623/103/hvd.32044015466816/713.png"; bbox 0 0 4062 6332; ppageno 0'>
   <div class='ocr_carea' id='block_1_1' title="bbox 682 327 819 384">
    <p class='ocr_par' dir='ltr' id='par_1_1' title="bbox 682 327 819 384">
     <span class='ocr_line' id='line_1_1' title="bbox 682 327 819 384; baseline 0 0"><span class='ocrx_word' id='word_1_1' title='bbox 682 327 819 384; x_wconf 69' lang='grc'><strong>1415</strong></span> 
     </span>
    </p>
   </div>
   <div class='ocr_carea' id='block_1_2' title="bbox 1705 299 3836 370">
    <p class='ocr_par' dir='ltr' id='par_1_2' title="bbox 1705 299 3836 370">
     <span class='ocr_line' id='line_1_2' title="bbox 1705 299 3836 370; baseline -0.002 0"><span class='ocrx_word' id='word_1_2' title='bbox 1705 313 1763 370; x_wconf 92' lang='lat' dir='ltr'><strong>S.</strong></span> <span class='ocrx_word' id='word_1_3' title='bbox 1793 310 2158 369; x_wconf 83' lang='lat' dir='ltr'><strong>BENEDICTI</strong></span> <span class='ocrx_word' id='word_1_4' title='bbox 2195 305 2486 364; x_wconf 72' lang='lat' dir='ltr'><strong>ABBATIS</strong></span> <span class='ocrx_word' id='word_1_5' title='bbox 2523 299 2938 362; x_wconf 78' lang='lat' dir='ltr'><strong>A-NIANENSIS</strong></span> <span class='ocrx_word' id='word_1_6' title='bbox 3755 313 3836 370; x_wconf 73' lang='lat' dir='ltr'><strong>liis</strong></span> 
     </span>
    </p>
   </div>
   <div class='ocr_carea' id='block_1_3' title="bbox 674 411 3838 498">
    <p class='ocr_par' dir='ltr' id='par_1_3' title="bbox 674 411 3838 498">
     <span class='ocr_line' id='line_1_3' title="bbox 674 411 3838 498; baseline -0.009 0"><span class='ocrx_word' id='word_1_7' title='bbox 674 439 908 498; x_wconf 84' lang='lat' dir='ltr'><strong>termino</strong></span> <span class='ocrx_word' id='word_1_8' title='bbox 936 434 1198 492; x_wconf 90' lang='lat' dir='ltr'><strong>inﬁnitus.</strong></span> <span class='ocrx_word' id='word_1_9' title='bbox 1219 431 1463 488; x_wconf 81' lang='lat' dir='ltr'><strong>Inﬁnitas</strong></span> <span class='ocrx_word' id='word_1_10' title='bbox 1485 425 1803 484; x_wconf 71' lang='lat' dir='ltr'><strong>mternitatis</strong></span> <span class='ocrx_word' id='word_1_11' title='bbox 1830 426 1880 478; x_wconf 93' lang='lat' dir='ltr'><strong>in</strong></span> <span class='ocrx_word' id='word_1_12' title='bbox 1912 424 2096 488; x_wconf 80' lang='lat' dir='ltr'><strong>Patre,</strong></span> <span class='ocrx_word' id='word_1_13' title='bbox 2127 437 2250 492; x_wconf 90' lang='lat' dir='ltr'><strong>spe-</strong></span> <span class='ocrx_word' id='word_1_14' title='bbox 2278 427 2330 488; x_wconf 83' lang='grc' dir='ltr'><strong>Α</strong></span> <span class='ocrx_word' id='word_1_15' title='bbox 2354 418 2528 472; x_wconf 89' lang='lat' dir='ltr'><strong>ferum</strong></span> <span class='ocrx_word' id='word_1_16' title='bbox 2575 415 2806 487; x_wconf 88' lang='lat' dir='ltr'><strong>genitus,</strong></span> <span class='ocrx_word' id='word_1_17' title='bbox 2849 415 3020 483; x_wconf 85' lang='lat' dir='ltr'><strong>eique</strong></span> <span class='ocrx_word' id='word_1_18' title='bbox 3056 411 3271 468; x_wconf 89' lang='lat' dir='ltr'><strong>dicitur</strong></span> <span class='ocrx_word' id='word_1_19' title='bbox 3297 428 3311 465; x_wconf 90' lang='lat'><strong>:</strong></span> <span class='ocrx_word' id='word_1_20' title='bbox 3340 411 3506 466; x_wconf 83' lang='lat' dir='ltr'><strong>Hodie</strong></span> <span class='ocrx_word' id='word_1_21' title='bbox 3527 414 3661 483; x_wconf 80' lang='lat' dir='ltr'><strong>genui</strong></span> <span class='ocrx_word' id='word_1_22' title='bbox 3683 425 3731 471; x_wconf 84' lang='lat' dir='ltr'><strong>te.</strong></span> <span class='ocrx_word' id='word_1_23' title='bbox 3759 419 3838 480; x_wconf 62' lang='lat' dir='ltr'><strong>Hinc</strong></span> 
     </span>
    </p>
   </div>
   <div class='ocr_carea' id='block_1_4' title="bbox 677 513 2250 598">
    <p class='ocr_par' dir='ltr' id='par_1_4' title="bbox 677 513 2250 598">
     <span class='ocr_line' id='line_1_4' title="bbox 677 513 2250 598; baseline -0.015 -10"><span class='ocrx_word' id='word_1_24' title='bbox 677 534 788 590; x_wconf 88' lang='lat' dir='ltr'><strong>cies</strong></span> <span class='ocrx_word' id='word_1_25' title='bbox 833 533 884 585; x_wconf 92' lang='lat' dir='ltr'><strong>in</strong></span> <span class='ocrx_word' id='word_1_26' title='bbox 917 529 1169 598; x_wconf 82' lang='lat' dir='ltr'><strong>imagine,</strong></span> <span class='ocrx_word' id='word_1_27' title='bbox 1212 541 1343 579; x_wconf 89' lang='lat' dir='ltr'><strong>usus</strong></span> <span class='ocrx_word' id='word_1_28' title='bbox 1372 524 1424 576; x_wconf 89' lang='lat' dir='ltr'><strong>in</strong></span> <span class='ocrx_word' id='word_1_29' title='bbox 1456 535 1700 576; x_wconf 90' lang='lat' dir='ltr'><strong>munere.</strong></span> <span class='ocrx_word' id='word_1_30' title='bbox 1733 517 2061 587; x_wconf 81' lang='lat' dir='ltr'><strong>Sempiterni</strong></span> <span class='ocrx_word' id='word_1_31' title='bbox 2098 513 2250 584; x_wconf 84' lang='lat' dir='ltr'><strong>geni-</strong></span> 
     </span>
    </p>
   </div>
   <div class='ocr_carea' id='block_1_5' title="bbox 679 609 2252 690">
    <p class='ocr_par' dir='ltr' id='par_1_5' title="bbox 679 609 2252 690">
     <span class='ocr_line' id='line_1_5' title="bbox 679 609 2252 690; baseline -0.013 -12"><span class='ocrx_word' id='word_1_32' title='bbox 679 624 813 678; x_wconf 82' lang='lat' dir='ltr'><strong>toris</strong></span> <span class='ocrx_word' id='word_1_33' title='bbox 837 620 1048 690; x_wconf 85' lang='lat' dir='ltr'><strong>genitus</strong></span> <span class='ocrx_word' id='word_1_34' title='bbox 1088 616 1465 684; x_wconf 90' lang='lat' dir='ltr'><strong>sempiternus,</strong></span> <span class='ocrx_word' id='word_1_35' title='bbox 1495 620 1549 666; x_wconf 90' lang='lat' dir='ltr'><strong>et</strong></span> <span class='ocrx_word' id='word_1_36' title='bbox 1591 609 2057 677; x_wconf 88' lang='lat' dir='ltr'><strong>consempiternus</strong></span> <span class='ocrx_word' id='word_1_37' title='bbox 2100 613 2252 658; x_wconf 89' lang='lat' dir='ltr'><strong>utro-</strong></span> 
     </span>
    </p>
   </div>
   <div class='ocr_carea' id='block_1_6' title="bbox 679 695 2257 784">
    <p class='ocr_par' dir='ltr' id='par_1_6' title="bbox 679 695 2257 784">
     <span class='ocr_line' id='line_1_6' title="bbox 679 695 2257 784; baseline -0.013 -14"><span class='ocrx_word' id='word_1_38' title='bbox 679 728 909 784; x_wconf 86' lang='lat' dir='ltr'><strong>rumque</strong></span> <span class='ocrx_word' id='word_1_39' title='bbox 938 710 1234 782; x_wconf 89' lang='lat' dir='ltr'><strong>procedens</strong></span> <span class='ocrx_word' id='word_1_40' title='bbox 1273 707 1341 760; x_wconf 91' lang='lat' dir='ltr'><strong>ab</strong></span> <span class='ocrx_word' id='word_1_41' title='bbox 1381 705 1625 773; x_wconf 88' lang='lat' dir='ltr'><strong>utrisque</strong></span> <span class='ocrx_word' id='word_1_42' title='bbox 1661 702 1892 771; x_wconf 78' lang='lat' dir='ltr'><strong>Spiritus</strong></span> <span class='ocrx_word' id='word_1_43' title='bbox 1918 706 2154 754; x_wconf 89' lang='lat' dir='ltr'><strong>sanctus.</strong></span> <span class='ocrx_word' id='word_1_44' title='bbox 2189 695 2257 750; x_wconf 89' lang='lat' dir='ltr'><strong>Et</strong></span> 
     </span>
    </p>
   </div>
   <div class='ocr_carea' id='block_1_7' title="bbox 683 787 2252 868">
    <p class='ocr_par' dir='ltr' id='par_1_7' title="bbox 683 787 2252 868">
     <span class='ocr_line' id='line_1_7' title="bbox 683 787 2252 868; baseline -0.015 -6"><span class='ocrx_word' id='word_1_45' title='bbox 683 805 738 862; x_wconf 87' lang='lat' dir='ltr'><strong>id</strong></span> <span class='ocrx_word' id='word_1_46' title='bbox 767 812 934 858; x_wconf 86' lang='lat' dir='ltr'><strong>totum</strong></span> <span class='ocrx_word' id='word_1_47' title='bbox 955 809 1038 855; x_wconf 87' lang='lat' dir='ltr'><strong>est</strong></span> <span class='ocrx_word' id='word_1_48' title='bbox 1075 797 1344 868; x_wconf 90' lang='lat' dir='ltr'><strong>simplum,</strong></span> <span class='ocrx_word' id='word_1_49' title='bbox 1379 803 1546 849; x_wconf 91' lang='lat' dir='ltr'><strong>totum</strong></span> <span class='ocrx_word' id='word_1_50' title='bbox 1575 794 1811 855; x_wconf 84' lang='lat' dir='ltr'><strong>trinitas,</strong></span> <span class='ocrx_word' id='word_1_51' title='bbox 1841 799 2010 844; x_wconf 90' lang='lat' dir='ltr'><strong>totum</strong></span> <span class='ocrx_word' id='word_1_52' title='bbox 2053 787 2252 851; x_wconf 88' lang='lat' dir='ltr'><strong>unitas,</strong></span> 
     </span>
    </p>
   </div>
   <div class='ocr_carea' id='block_1_8' title="bbox 683 877 2255 950">
    <p class='ocr_par' dir='ltr' id='par_1_8' title="bbox 683 877 2255 950">
     <span class='ocr_line' id='line_1_8' title="bbox 683 877 2255 950; baseline -0.014 0"><span class='ocrx_word' id='word_1_53' title='bbox 683 905 857 950; x_wconf 91' lang='lat' dir='ltr'><strong>totum</strong></span> <span class='ocrx_word' id='word_1_54' title='bbox 896 889 1194 946; x_wconf 91' lang='lat' dir='ltr'><strong>omousion.</strong></span> <span class='ocrx_word' id='word_1_55' title='bbox 1241 887 1392 942; x_wconf 91' lang='lat' dir='ltr'><strong>Unus</strong></span> <span class='ocrx_word' id='word_1_56' title='bbox 1422 886 1564 940; x_wconf 85' lang='lat' dir='ltr'><strong>Deus</strong></span> <span class='ocrx_word' id='word_1_57' title='bbox 1605 883 1765 938; x_wconf 88' lang='lat' dir='ltr'><strong>Pater</strong></span> <span class='ocrx_word' id='word_1_58' title='bbox 1796 880 1955 937; x_wconf 82' lang='lat' dir='ltr'><strong>Verbi</strong></span> <span class='ocrx_word' id='word_1_59' title='bbox 2001 877 2255 941; x_wconf 81' lang='lat' dir='ltr'><strong>viventis,</strong></span> 
     </span>
    </p>
   </div>
   <div class='ocr_carea' id='block_1_9' title="bbox 686 971 2258 1057">
    <p class='ocr_par' dir='ltr' id='par_1_9' title="bbox 686 971 2258 1057">
     <span class='ocr_line' id='line_1_9' title="bbox 686 971 2258 1057; baseline -0.011 -16"><span class='ocrx_word' id='word_1_60' title='bbox 686 985 960 1057; x_wconf 74' lang='lat' dir='ltr'><strong>sapientia:</strong></span> <span class='ocrx_word' id='word_1_61' title='bbox 984 981 1346 1045; x_wconf 89' lang='lat' dir='ltr'><strong>subsistentis,</strong></span> <span class='ocrx_word' id='word_1_62' title='bbox 1369 987 1425 1034; x_wconf 89' lang='lat' dir='ltr'><strong>et</strong></span> <span class='ocrx_word' id='word_1_63' title='bbox 1451 978 1667 1032; x_wconf 88' lang='lat' dir='ltr'><strong>virtutis</strong></span> <span class='ocrx_word' id='word_1_64' title='bbox 1689 985 1792 1030; x_wconf 70' lang='lat' dir='ltr'><strong>tute</strong></span> <span class='ocrx_word' id='word_1_65' title='bbox 1813 983 1868 1029; x_wconf 91' lang='lat' dir='ltr'><strong>et</strong></span> <span class='ocrx_word' id='word_1_66' title='bbox 1895 973 2103 1043; x_wconf 69' lang='lat' dir='ltr'><strong>ﬁgurm.</strong></span> <span class='ocrx_word' id='word_1_67' title='bbox 2135 971 2258 1024; x_wconf 91' lang='lat' dir='ltr'><strong>Per-</strong></span> 
     </span>
    </p>
   </div>
   <div class='ocr_carea' id='block_1_10' title="bbox 685 1061 2260 1145">
    <p class='ocr_par' dir='ltr' id='par_1_10' title="bbox 685 1061 2260 1145">
     <span class='ocr_line' id='line_1_10' title="bbox 685 1061 2260 1145; baseline -0.01 -15"><span class='ocrx_word' id='word_1_68' title='bbox 685 1076 858 1131; x_wconf 79' lang='lat' dir='ltr'><strong>fectus</strong></span> <span class='ocrx_word' id='word_1_69' title='bbox 890 1072 1117 1145; x_wconf 82' lang='lat' dir='ltr'><strong>perfecti</strong></span> <span class='ocrx_word' id='word_1_70' title='bbox 1163 1071 1396 1141; x_wconf 80' lang='lat' dir='ltr'><strong>genitor,</strong></span> <span class='ocrx_word' id='word_1_71' title='bbox 1427 1069 1587 1124; x_wconf 89' lang='lat' dir='ltr'><strong>Pater</strong></span> <span class='ocrx_word' id='word_1_72' title='bbox 1615 1067 1737 1121; x_wconf 86' lang='lat' dir='ltr'><strong>Filii</strong></span> <span class='ocrx_word' id='word_1_73' title='bbox 1783 1063 2068 1134; x_wconf 85' lang='lat' dir='ltr'><strong>unigeniti.</strong></span> <span class='ocrx_word' id='word_1_74' title='bbox 2106 1061 2260 1116; x_wconf 89' lang='lat' dir='ltr'><strong>Unus</strong></span> 
     </span>
    </p>
   </div>
   <div class='ocr_carea' id='block_1_11' title="bbox 686 1153 2259 1226">
    <p class='ocr_par' dir='ltr' id='par_1_11' title="bbox 686 1153 2259 1226">
     <span class='ocr_line' id='line_1_11' title="bbox 686 1153 2259 1226; baseline -0.009 -5"><span class='ocrx_word' id='word_1_75' title='bbox 686 1166 945 1221; x_wconf 89' lang='lat' dir='ltr'><strong>Dominus</strong></span> <span class='ocrx_word' id='word_1_76' title='bbox 970 1163 1113 1218; x_wconf 88' lang='lat' dir='ltr'><strong>solus</strong></span> <span class='ocrx_word' id='word_1_77' title='bbox 1140 1177 1207 1216; x_wconf 80' lang='lat' dir='ltr'><strong>ex</strong></span> <span class='ocrx_word' id='word_1_78' title='bbox 1234 1161 1347 1216; x_wconf 92' lang='lat' dir='ltr'><strong>solo</strong></span> <span class='ocrx_word' id='word_1_79' title='bbox 1381 1161 1508 1224; x_wconf 86' lang='lat' dir='ltr'><strong>Deo,</strong></span> <span class='ocrx_word' id='word_1_80' title='bbox 1538 1158 1706 1226; x_wconf 82' lang='lat' dir='ltr'><strong>ﬁgura</strong></span> <span class='ocrx_word' id='word_1_81' title='bbox 1736 1167 1790 1210; x_wconf 88' lang='lat' dir='ltr'><strong>et</strong></span> <span class='ocrx_word' id='word_1_82' title='bbox 1818 1157 1995 1226; x_wconf 81' lang='lat' dir='ltr'><strong>imago</strong></span> <span class='ocrx_word' id='word_1_83' title='bbox 2021 1153 2259 1216; x_wconf 85' lang='lat' dir='ltr'><strong>deitatis,</strong></span> 
     </span>
    </p>
   </div>
   <div class='ocr_carea' id='block_1_12' title="bbox 685 1245 2259 1323">
    <p class='ocr_par' dir='ltr' id='par_1_12' title="bbox 685 1245 2259 1323">
     <span class='ocr_line' id='line_1_12' title="bbox 685 1245 2259 1323; baseline -0.008 -12"><span class='ocrx_word' id='word_1_84' title='bbox 685 1257 910 1313; x_wconf 83' lang='lat' dir='ltr'><strong>verbum</strong></span> <span class='ocrx_word' id='word_1_85' title='bbox 939 1264 1247 1323; x_wconf 88' lang='lat' dir='ltr'><strong>penetrans,</strong></span> <span class='ocrx_word' id='word_1_86' title='bbox 1272 1251 1534 1322; x_wconf 85' lang='lat' dir='ltr'><strong>sapientia</strong></span> <span class='ocrx_word' id='word_1_87' title='bbox 1566 1249 2029 1318; x_wconf 88' lang='lat' dir='ltr'><strong>comprehendens</strong></span> <span class='ocrx_word' id='word_1_88' title='bbox 2057 1245 2259 1308; x_wconf 90' lang='lat' dir='ltr'><strong>omnia,</strong></span> 
     </span>
    </p>
   </div>
   <div class='ocr_carea' id='block_1_13' title="bbox 687 1336 2259 1413">
    <p class='ocr_par' dir='ltr' id='par_1_13' title="bbox 687 1336 2259 1413">
     <span class='ocr_line' id='line_1_13' title="bbox 687 1336 2259 1413; baseline -0.01 -10"><span class='ocrx_word' id='word_1_89' title='bbox 687 1355 744 1403; x_wconf 89' lang='lat' dir='ltr'><strong>et</strong></span> <span class='ocrx_word' id='word_1_90' title='bbox 767 1347 940 1400; x_wconf 88' lang='lat' dir='ltr'><strong>virtus</strong></span> <span class='ocrx_word' id='word_1_91' title='bbox 971 1360 1074 1413; x_wconf 88' lang='lat' dir='ltr'><strong>qua</strong></span> <span class='ocrx_word' id='word_1_92' title='bbox 1105 1351 1213 1397; x_wconf 91' lang='lat' dir='ltr'><strong>tota</strong></span> <span class='ocrx_word' id='word_1_93' title='bbox 1241 1350 1491 1397; x_wconf 88' lang='lat' dir='ltr'><strong>creatura</strong></span> <span class='ocrx_word' id='word_1_94' title='bbox 1535 1339 1650 1393; x_wconf 91' lang='lat' dir='ltr'><strong>ﬁeri</strong></span> <span class='ocrx_word' id='word_1_95' title='bbox 1679 1338 1872 1408; x_wconf 91' lang='lat' dir='ltr'><strong>potuit.</strong></span> <span class='ocrx_word' id='word_1_96' title='bbox 1903 1336 2071 1390; x_wconf 86' lang='lat' dir='ltr'><strong>Filius</strong></span> <span class='ocrx_word' id='word_1_97' title='bbox 2097 1347 2259 1389; x_wconf 85' lang='lat' dir='ltr'><strong>verus</strong></span> 
     </span>
    </p>
   </div>
   <div class='ocr_carea' id='block_1_14' title="bbox 689 1425 2266 1502">
    <p class='ocr_par' dir='ltr' id='par_1_14' title="bbox 689 1425 2266 1502">
     <span class='ocr_line' id='line_1_14' title="bbox 689 1425 2266 1502; baseline -0.009 -11"><span class='ocrx_word' id='word_1_98' title='bbox 689 1436 828 1502; x_wconf 81' lang='lat' dir='ltr'><strong>veri,</strong></span> <span class='ocrx_word' id='word_1_99' title='bbox 853 1442 908 1490; x_wconf 91' lang='lat' dir='ltr'><strong>et</strong></span> <span class='ocrx_word' id='word_1_100' title='bbox 935 1432 1220 1488; x_wconf 84' lang='lat' dir='ltr'><strong>invisibilis</strong></span> <span class='ocrx_word' id='word_1_101' title='bbox 1248 1447 1315 1485; x_wconf 81' lang='lat' dir='ltr'><strong>ex</strong></span> <span class='ocrx_word' id='word_1_102' title='bbox 1345 1429 1622 1492; x_wconf 86' lang='lat' dir='ltr'><strong>invisibili,</strong></span> <span class='ocrx_word' id='word_1_103' title='bbox 1653 1437 1709 1482; x_wconf 90' lang='lat' dir='ltr'><strong>et</strong></span> <span class='ocrx_word' id='word_1_104' title='bbox 1738 1425 2169 1495; x_wconf 86' lang='lat' dir='ltr'><strong>incorruptibilis</strong></span> <span class='ocrx_word' id='word_1_105' title='bbox 2197 1438 2266 1477; x_wconf 79' lang='lat' dir='ltr'><strong>ex</strong></span> 
     </span>
    </p>
   </div>
   <div class='ocr_carea' id='block_1_15' title="bbox 691 1515 2269 1597">
    <p class='ocr_par' dir='ltr' id='par_1_15' title="bbox 691 1515 2269 1597">
     <span class='ocr_line' id='line_1_15' title="bbox 691 1515 2269 1597; baseline -0.01 -13"><span class='ocrx_word' id='word_1_106' title='bbox 691 1523 1120 1597; x_wconf 85' lang='lat' dir='ltr'><strong>incorruptibili,</strong></span> <span class='ocrx_word' id='word_1_107' title='bbox 1166 1531 1220 1577; x_wconf 90' lang='lat' dir='ltr'><strong>et</strong></span> <span class='ocrx_word' id='word_1_108' title='bbox 1247 1521 1602 1590; x_wconf 89' lang='lat' dir='ltr'><strong>sempiternus</strong></span> <span class='ocrx_word' id='word_1_109' title='bbox 1627 1534 1692 1573; x_wconf 85' lang='lat' dir='ltr'><strong>ex</strong></span> <span class='ocrx_word' id='word_1_110' title='bbox 1739 1518 2088 1587; x_wconf 89' lang='lat' dir='ltr'><strong>sempiterno.</strong></span> <span class='ocrx_word' id='word_1_111' title='bbox 2121 1515 2269 1570; x_wconf 89' lang='lat' dir='ltr'><strong>Unus</strong></span> 
     </span>
    </p>
   </div>
   <div class='ocr_carea' id='block_1_16' title="bbox 695 1605 2270 1687">
    <p class='ocr_par' dir='ltr' id='par_1_16' title="bbox 695 1605 2270 1687">
     <span class='ocr_line' id='line_1_16' title="bbox 695 1605 2270 1687; baseline -0.009 -15"><span class='ocrx_word' id='word_1_112' title='bbox 695 1616 930 1687; x_wconf 87' lang='lat' dir='ltr'><strong>Spiritus</strong></span> <span class='ocrx_word' id='word_1_113' title='bbox 959 1625 1178 1669; x_wconf 89' lang='lat' dir='ltr'><strong>sanctus</strong></span> <span class='ocrx_word' id='word_1_114' title='bbox 1203 1628 1270 1666; x_wconf 79' lang='lat' dir='ltr'><strong>ex</strong></span> <span class='ocrx_word' id='word_1_115' title='bbox 1300 1611 1413 1665; x_wconf 90' lang='lat' dir='ltr'><strong>Deo</strong></span> <span class='ocrx_word' id='word_1_116' title='bbox 1443 1609 1799 1665; x_wconf 85' lang='lat' dir='ltr'><strong>substantiam</strong></span> <span class='ocrx_word' id='word_1_117' title='bbox 1829 1607 2059 1671; x_wconf 85' lang='lat' dir='ltr'><strong>habens,</strong></span> <span class='ocrx_word' id='word_1_118' title='bbox 2091 1618 2142 1660; x_wconf 89' lang='lat' dir='ltr'><strong>et</strong></span> <span class='ocrx_word' id='word_1_119' title='bbox 2177 1605 2270 1675; x_wconf 89' lang='lat' dir='ltr'><strong>qui</strong></span> 
     </span>
    </p>
   </div>
   <div class='ocr_carea' id='block_1_17' title="bbox 692 1697 2267 1782">
    <p class='ocr_par' dir='ltr' id='par_1_17' title="bbox 692 1697 2267 1782">
     <span class='ocr_line' id='line_1_17' title="bbox 692 1697 2267 1782; baseline -0.01 -16"><span class='ocrx_word' id='word_1_120' title='bbox 692 1726 794 1782; x_wconf 88' lang='lat' dir='ltr'><strong>per</strong></span> <span class='ocrx_word' id='word_1_121' title='bbox 833 1709 1030 1764; x_wconf 91' lang='lat' dir='ltr'><strong>Filium</strong></span> <span class='ocrx_word' id='word_1_122' title='bbox 1073 1705 1341 1775; x_wconf 82' lang='lat' dir='ltr'><strong>apparuit,</strong></span> <span class='ocrx_word' id='word_1_123' title='bbox 1371 1701 1610 1774; x_wconf 86' lang='lat' dir='ltr'><strong>perfecta</strong></span> <span class='ocrx_word' id='word_1_124' title='bbox 1648 1703 1822 1772; x_wconf 83' lang='lat' dir='ltr'><strong>imago</strong></span> <span class='ocrx_word' id='word_1_125' title='bbox 1853 1700 1974 1754; x_wconf 87' lang='lat' dir='ltr'><strong>Filii</strong></span> <span class='ocrx_word' id='word_1_126' title='bbox 2020 1697 2267 1769; x_wconf 85' lang='lat' dir='ltr'><strong>perfecti,</strong></span> 
     </span>
    </p>
   </div>
   <div class='ocr_carea' id='block_1_18' title="bbox 2353 505 3839 580">
    <p class='ocr_par' dir='ltr' id='par_1_18' title="bbox 2353 505 3839 580">
     <span class='ocr_line' id='line_1_18' title="bbox 2353 505 3839 580; baseline -0.001 -16"><span class='ocrx_word' id='word_1_127' title='bbox 2353 509 2682 579; x_wconf 87' lang='lat' dir='ltr'><strong>sempiterna</strong></span> <span class='ocrx_word' id='word_1_128' title='bbox 2733 507 2997 560; x_wconf 87' lang='lat' dir='ltr'><strong>nativitas</strong></span> <span class='ocrx_word' id='word_1_129' title='bbox 3047 506 3394 561; x_wconf 86' lang='lat' dir='ltr'><strong>declaratur.</strong></span> <span class='ocrx_word' id='word_1_130' title='bbox 3443 505 3646 577; x_wconf 85' lang='lat' dir='ltr'><strong>Propter</strong></span> <span class='ocrx_word' id='word_1_131' title='bbox 3681 517 3839 580; x_wconf 66' lang='lat' dir='ltr'><strong>quodab</strong></span> 
     </span>
    </p>
   </div>
   <div class='ocr_carea' id='block_1_19' title="bbox 2354 595 3838 670">
    <p class='ocr_par' dir='ltr' id='par_1_19' title="bbox 2354 595 3838 670">
     <span class='ocr_line' id='line_1_19' title="bbox 2354 595 3838 670; baseline 0 -16"><span class='ocrx_word' id='word_1_132' title='bbox 2354 599 2614 670; x_wconf 83' lang='lat' dir='ltr'><strong>Apostolo</strong></span> <span class='ocrx_word' id='word_1_133' title='bbox 2639 597 2839 652; x_wconf 89' lang='lat' dir='ltr'><strong>dicitur</strong></span> <span class='ocrx_word' id='word_1_134' title='bbox 2863 612 2878 650; x_wconf 87' lang='lat'><strong>:</strong></span> <span class='ocrx_word' id='word_1_135' title='bbox 2904 597 3043 650; x_wconf 82' lang='lat' dir='ltr'><strong>Non</strong></span> <span class='ocrx_word' id='word_1_136' title='bbox 3067 607 3152 650; x_wconf 76' lang='lat' dir='ltr'><strong>est</strong></span> <span class='ocrx_word' id='word_1_137' title='bbox 3179 597 3236 649; x_wconf 86' lang='lat' dir='ltr'><strong>in</strong></span> <span class='ocrx_word' id='word_1_138' title='bbox 3266 595 3360 649; x_wconf 75' lang='lat' dir='ltr'><strong>iilo</strong></span> <span class='ocrx_word' id='word_1_139' title='bbox 3389 595 3482 649; x_wconf 77' lang='lat' dir='ltr'><strong>Est</strong></span> <span class='ocrx_word' id='word_1_140' title='bbox 3507 607 3549 649; x_wconf 88' lang='lat' dir='ltr'><strong>et</strong></span> <span class='ocrx_word' id='word_1_141' title='bbox 3575 596 3693 663; x_wconf 77' lang='lat' dir='ltr'><strong>Non,</strong></span> <span class='ocrx_word' id='word_1_142' title='bbox 3712 604 3774 654; x_wconf 74' lang='lat' dir='ltr'><strong>sed</strong></span> <span class='ocrx_word' id='word_1_143' title='bbox 3787 605 3838 660; x_wconf 71' lang='lat' dir='ltr'><strong>Eu</strong></span> 
     </span>
    </p>
   </div>
   <div class='ocr_carea' id='block_1_20' title="bbox 2355 688 3839 760">
    <p class='ocr_par' dir='ltr' id='par_1_20' title="bbox 2355 688 3839 760">
     <span class='ocr_line' id='line_1_20' title="bbox 2355 688 3839 760; baseline 0.004 -16"><span class='ocrx_word' id='word_1_144' title='bbox 2355 691 2410 745; x_wconf 85' lang='lat' dir='ltr'><strong>in</strong></span> <span class='ocrx_word' id='word_1_145' title='bbox 2439 689 2530 745; x_wconf 84' lang='lat' dir='ltr'><strong>illo</strong></span> <span class='ocrx_word' id='word_1_146' title='bbox 2569 690 2688 759; x_wconf 83' lang='lat' dir='ltr'><strong>fuit.</strong></span> <span class='ocrx_word' id='word_1_147' title='bbox 2720 688 2826 744; x_wconf 89' lang='lat' dir='ltr'><strong>Sed</strong></span> <span class='ocrx_word' id='word_1_148' title='bbox 2865 697 3014 752; x_wconf 89' lang='lat' dir='ltr'><strong>esto,</strong></span> <span class='ocrx_word' id='word_1_149' title='bbox 3055 697 3292 744; x_wconf 89' lang='lat' dir='ltr'><strong>maneat</strong></span> <span class='ocrx_word' id='word_1_150' title='bbox 3333 691 3470 742; x_wconf 89' lang='lat' dir='ltr'><strong>sicut</strong></span> <span class='ocrx_word' id='word_1_151' title='bbox 3505 698 3604 754; x_wconf 90' lang='lat' dir='ltr'><strong>est,</strong></span> <span class='ocrx_word' id='word_1_152' title='bbox 3643 701 3839 760; x_wconf 73' lang='lat' dir='ltr'><strong>generatio-</strong></span> 
     </span>
    </p>
   </div>
   <div class='ocr_carea' id='block_1_21' title="bbox 2358 779 3837 850">
    <p class='ocr_par' dir='ltr' id='par_1_21' title="bbox 2358 779 3837 850">
     <span class='ocr_line' id='line_1_21' title="bbox 2358 779 3837 850; baseline 0.003 -13"><span class='ocrx_word' id='word_1_153' title='bbox 2358 797 2482 837; x_wconf 88' lang='lat' dir='ltr'><strong>nem</strong></span> <span class='ocrx_word' id='word_1_154' title='bbox 2506 779 2623 850; x_wconf 83' lang='lat' dir='ltr'><strong>ejus</strong></span> <span class='ocrx_word' id='word_1_155' title='bbox 2650 783 2770 850; x_wconf 82' lang='lat' dir='ltr'><strong>quis</strong></span> <span class='ocrx_word' id='word_1_156' title='bbox 2789 781 3122 835; x_wconf 89' lang='lat' dir='ltr'><strong>enarrahit?</strong></span> <span class='ocrx_word' id='word_1_157' title='bbox 3146 780 3284 846; x_wconf 88' lang='lat' dir='ltr'><strong>Quis</strong></span> <span class='ocrx_word' id='word_1_158' title='bbox 3315 781 3633 835; x_wconf 87' lang='lat' dir='ltr'><strong>nativitatem</strong></span> <span class='ocrx_word' id='word_1_159' title='bbox 3656 783 3837 843; x_wconf 82' lang='lat' dir='ltr'><strong>illiuscun</strong></span> 
     </span>
    </p>
   </div>
   <div class='ocr_carea' id='block_1_22' title="bbox 2359 870 3854 946">
    <p class='ocr_par' dir='ltr' id='par_1_22' title="bbox 2359 870 3854 946">
     <span class='ocr_line' id='line_1_22' title="bbox 2359 870 3854 946; baseline 0.003 -18"><span class='ocrx_word' id='word_1_160' title='bbox 2359 875 2703 946; x_wconf 89' lang='lat' dir='ltr'><strong>processione</strong></span> <span class='ocrx_word' id='word_1_161' title='bbox 2769 872 3120 942; x_wconf 78' lang='lat' dir='ltr'><strong>distinguere</strong></span> <span class='ocrx_word' id='word_1_162' title='bbox 3180 871 3366 926; x_wconf 86' lang='lat' dir='ltr'><strong>valeat</strong></span> <span class='ocrx_word' id='word_1_163' title='bbox 3416 888 3447 925; x_wconf 89' lang='lat' dir='ltr'><strong>a</strong></span> <span class='ocrx_word' id='word_1_164' title='bbox 3501 870 3699 942; x_wconf 84' lang='lat' dir='ltr'><strong>Spiritus</strong></span> <span class='ocrx_word' id='word_1_165' title='bbox 3739 884 3854 933; x_wconf 59' lang='lat' dir='ltr'><strong>sancti</strong></span> 
     </span>
    </p>
   </div>
   <div class='ocr_carea' id='block_1_23' title="bbox 2360 962 3838 1036">
    <p class='ocr_par' dir='ltr' id='par_1_23' title="bbox 2360 962 3838 1036">
     <span class='ocr_line' id='line_1_23' title="bbox 2360 962 3838 1036; baseline 0.002 -16"><span class='ocrx_word' id='word_1_166' title='bbox 2360 966 2704 1036; x_wconf 89' lang='lat' dir='ltr'><strong>processione</strong></span> <span class='ocrx_word' id='word_1_167' title='bbox 2747 964 2862 1019; x_wconf 91' lang='lat' dir='ltr'><strong>sine</strong></span> <span class='ocrx_word' id='word_1_168' title='bbox 2905 962 3254 1017; x_wconf 84' lang='lat' dir='ltr'><strong>nativitate?</strong></span> <span class='ocrx_word' id='word_1_169' title='bbox 3279 962 3413 1028; x_wconf 83' lang='lat' dir='ltr'><strong>Quis</strong></span> <span class='ocrx_word' id='word_1_170' title='bbox 3447 963 3578 1017; x_wconf 86' lang='lat' dir='ltr'><strong>hanc</strong></span> <span class='ocrx_word' id='word_1_171' title='bbox 3603 965 3838 1024; x_wconf 71' lang='lat' dir='ltr'><strong>differentiam</strong></span> 
     </span>
    </p>
   </div>
   <div class='ocr_carea' id='block_1_24' title="bbox 2362 1045 3840 1126">
    <p class='ocr_par' dir='ltr' id='par_1_24' title="bbox 2362 1045 3840 1126">
     <span class='ocr_line' id='line_1_24' title="bbox 2362 1045 3840 1126; baseline -0.001 -17"><span class='ocrx_word' id='word_1_172' title='bbox 2362 1056 2727 1125; x_wconf 83' lang='lat' dir='ltr'><strong>processionis</strong></span> <span class='ocrx_word' id='word_1_173' title='bbox 2759 1069 2859 1109; x_wconf 89' lang='lat' dir='ltr'><strong>nec</strong></span> <span class='ocrx_word' id='word_1_174' title='bbox 2892 1045 3152 1124; x_wconf 75' lang='lat' dir='ltr'><strong>genitam</strong></span> <span class='ocrx_word' id='word_1_175' title='bbox 3206 1068 3311 1107; x_wconf 89' lang='lat' dir='ltr'><strong>nec</strong></span> <span class='ocrx_word' id='word_1_176' title='bbox 3354 1053 3625 1124; x_wconf 81' lang='lat' dir='ltr'><strong>ingenitam</strong></span> <span class='ocrx_word' id='word_1_177' title='bbox 3657 1072 3680 1108; x_wconf 90' lang='lat' dir='ltr'><strong>a</strong></span> <span class='ocrx_word' id='word_1_178' title='bbox 3711 1073 3840 1126; x_wconf 63' lang='lat' dir='ltr'><strong>prim.</strong></span> 
     </span>
    </p>
   </div>
   <div class='ocr_carea' id='block_1_25' title="bbox 2365 1142 3839 1216">
    <p class='ocr_par' dir='ltr' id='par_1_25' title="bbox 2365 1142 3839 1216">
     <span class='ocr_line' id='line_1_25' title="bbox 2365 1142 3839 1216; baseline 0.002 -16"><span class='ocrx_word' id='word_1_179' title='bbox 2365 1147 2516 1201; x_wconf 88' lang='lat' dir='ltr'><strong>sione</strong></span> <span class='ocrx_word' id='word_1_180' title='bbox 2548 1146 2882 1216; x_wconf 88' lang='lat' dir='ltr'><strong>distinguere</strong></span> <span class='ocrx_word' id='word_1_181' title='bbox 2910 1151 3148 1212; x_wconf 88' lang='lat' dir='ltr'><strong>appetat</strong></span> <span class='ocrx_word' id='word_1_182' title='bbox 3181 1142 3308 1196; x_wconf 91' lang='lat' dir='ltr'><strong>Filii</strong></span> <span class='ocrx_word' id='word_1_183' title='bbox 3339 1143 3549 1213; x_wconf 87' lang='lat' dir='ltr'><strong>genita?</strong></span> <span class='ocrx_word' id='word_1_184' title='bbox 3588 1144 3694 1210; x_wconf 83' lang='lat' dir='ltr'><strong>Quis</strong></span> <span class='ocrx_word' id='word_1_185' title='bbox 3713 1149 3839 1216; x_wconf 65' lang='lat' dir='ltr'><strong>qualem</strong></span> 
     </span>
    </p>
   </div>
   <div class='ocr_carea' id='block_1_26' title="bbox 2365 1233 3836 1304">
    <p class='ocr_par' dir='ltr' id='par_1_26' title="bbox 2365 1233 3836 1304">
     <span class='ocr_line' id='line_1_26' title="bbox 2365 1233 3836 1304; baseline -0.001 -10"><span class='ocrx_word' id='word_1_186' title='bbox 2365 1239 2598 1302; x_wconf 81' lang='lat' dir='ltr'><strong>Patrem,</strong></span> <span class='ocrx_word' id='word_1_187' title='bbox 2646 1237 2804 1292; x_wconf 86' lang='lat' dir='ltr'><strong>talem</strong></span> <span class='ocrx_word' id='word_1_188' title='bbox 2839 1236 3068 1299; x_wconf 89' lang='lat' dir='ltr'><strong>Filium,</strong></span> <span class='ocrx_word' id='word_1_189' title='bbox 3104 1235 3390 1304; x_wconf 86' lang='lat' dir='ltr'><strong>talemque</strong></span> <span class='ocrx_word' id='word_1_190' title='bbox 3435 1233 3666 1304; x_wconf 89' lang='lat' dir='ltr'><strong>Spiritum</strong></span> <span class='ocrx_word' id='word_1_191' title='bbox 3689 1251 3836 1294; x_wconf 80' lang='lat' dir='ltr'><strong>sanctum</strong></span> 
     </span>
    </p>
   </div>
   <div class='ocr_carea' id='block_1_27' title="bbox 2366 1327 3836 1398">
    <p class='ocr_par' dir='ltr' id='par_1_27' title="bbox 2366 1327 3836 1398">
     <span class='ocr_line' id='line_1_27' title="bbox 2366 1327 3836 1398; baseline -0.003 -11"><span class='ocrx_word' id='word_1_192' title='bbox 2366 1333 2607 1396; x_wconf 83' lang='lat' dir='ltr'><strong>audiens,</strong></span> <span class='ocrx_word' id='word_1_193' title='bbox 2645 1331 2712 1384; x_wconf 87' lang='lat' dir='ltr'><strong>ad</strong></span> <span class='ocrx_word' id='word_1_194' title='bbox 2756 1329 2914 1384; x_wconf 88' lang='lat' dir='ltr'><strong>talem</strong></span> <span class='ocrx_word' id='word_1_195' title='bbox 2955 1343 3344 1398; x_wconf 90' lang='lat' dir='ltr'><strong>personarum</strong></span> <span class='ocrx_word' id='word_1_196' title='bbox 3375 1327 3695 1381; x_wconf 84' lang='lat' dir='ltr'><strong>differentiam</strong></span> <span class='ocrx_word' id='word_1_197' title='bbox 3718 1331 3836 1384; x_wconf 75' lang='lat' dir='ltr'><strong>unifor-</strong></span> 
     </span>
    </p>
   </div>
   <div class='ocr_carea' id='block_1_28' title="bbox 2368 1419 3837 1491">
    <p class='ocr_par' dir='ltr' id='par_1_28' title="bbox 2368 1419 3837 1491">
     <span class='ocr_line' id='line_1_28' title="bbox 2368 1419 3837 1491; baseline 0.001 -14"><span class='ocrx_word' id='word_1_198' title='bbox 2368 1438 2512 1478; x_wconf 89' lang='lat' dir='ltr'><strong>mem</strong></span> <span class='ocrx_word' id='word_1_199' title='bbox 2552 1438 2617 1477; x_wconf 79' lang='lat' dir='ltr'><strong>ex</strong></span> <span class='ocrx_word' id='word_1_200' title='bbox 2677 1420 2906 1491; x_wconf 90' lang='lat' dir='ltr'><strong>simplici</strong></span> <span class='ocrx_word' id='word_1_201' title='bbox 2959 1420 3223 1475; x_wconf 82' lang='lat' dir='ltr'><strong>essentia</strong></span> <span class='ocrx_word' id='word_1_202' title='bbox 3273 1419 3488 1474; x_wconf 87' lang='lat' dir='ltr'><strong>deitatis</strong></span> <span class='ocrx_word' id='word_1_203' title='bbox 3535 1421 3716 1491; x_wconf 83' lang='lat' dir='ltr'><strong>hujusce</strong></span> <span class='ocrx_word' id='word_1_204' title='bbox 3746 1427 3837 1479; x_wconf 79' lang='lat' dir='ltr'><strong>etiam</strong></span> 
     </span>
    </p>
   </div>
   <div class='ocr_carea' id='block_1_29' title="bbox 2371 1513 3838 1585">
    <p class='ocr_par' dir='ltr' id='par_1_29' title="bbox 2371 1513 3838 1585">
     <span class='ocr_line' id='line_1_29' title="bbox 2371 1513 3838 1585; baseline 0 -15"><span class='ocrx_word' id='word_1_205' title='bbox 2371 1515 2742 1585; x_wconf 85' lang='lat' dir='ltr'><strong>singularitate</strong></span> <span class='ocrx_word' id='word_1_206' title='bbox 2782 1513 3100 1581; x_wconf 89' lang='lat' dir='ltr'><strong>maiestatis</strong></span> <span class='ocrx_word' id='word_1_207' title='bbox 3136 1529 3252 1567; x_wconf 90' lang='lat' dir='ltr'><strong>non</strong></span> <span class='ocrx_word' id='word_1_208' title='bbox 3293 1514 3624 1584; x_wconf 80' lang='lat' dir='ltr'><strong>Obstupescat</strong></span> <span class='ocrx_word' id='word_1_209' title='bbox 3652 1519 3838 1573; x_wconf 77' lang='lat' dir='ltr'><strong>attonitus?</strong></span> 
     </span>
    </p>
   </div>
   <div class='ocr_carea' id='block_1_30' title="bbox 2371 1605 3838 1677">
    <p class='ocr_par' dir='ltr' id='par_1_30' title="bbox 2371 1605 3838 1677">
     <span class='ocr_line' id='line_1_30' title="bbox 2371 1605 3838 1677; baseline 0.002 -17"><span class='ocrx_word' id='word_1_210' title='bbox 2371 1607 2511 1674; x_wconf 90' lang='lat' dir='ltr'><strong>Quin</strong></span> <span class='ocrx_word' id='word_1_211' title='bbox 2550 1614 2811 1676; x_wconf 69' lang='lat' dir='ltr'><strong>praeterea</strong></span> <span class='ocrx_word' id='word_1_212' title='bbox 2848 1606 3141 1675; x_wconf 89' lang='lat' dir='ltr'><strong>quomodo</strong></span> <span class='ocrx_word' id='word_1_213' title='bbox 3192 1605 3376 1675; x_wconf 78' lang='lat' dir='ltr'><strong>capiat</strong></span> <span class='ocrx_word' id='word_1_214' title='bbox 3404 1606 3585 1677; x_wconf 86' lang='lat' dir='ltr'><strong>ubique</strong></span> <span class='ocrx_word' id='word_1_215' title='bbox 3608 1615 3748 1672; x_wconf 88' lang='lat' dir='ltr'><strong>totum,</strong></span> <span class='ocrx_word' id='word_1_216' title='bbox 3776 1612 3838 1664; x_wconf 81' lang='lat' dir='ltr'><strong>ubi-</strong></span> 
     </span>
    </p>
   </div>
   <div class='ocr_carea' id='block_1_31' title="bbox 2371 1698 3839 1766">
    <p class='ocr_par' dir='ltr' id='par_1_31' title="bbox 2371 1698 3839 1766">
     <span class='ocr_line' id='line_1_31' title="bbox 2371 1698 3839 1766; baseline 0 -14"><span class='ocrx_word' id='word_1_217' title='bbox 2371 1712 2476 1766; x_wconf 87' lang='lat' dir='ltr'><strong>que</strong></span> <span class='ocrx_word' id='word_1_218' title='bbox 2523 1705 2876 1766; x_wconf 69' lang='lat' dir='ltr'><strong>prmsentem,</strong></span> <span class='ocrx_word' id='word_1_219' title='bbox 2922 1712 3038 1751; x_wconf 92' lang='lat' dir='ltr'><strong>non</strong></span> <span class='ocrx_word' id='word_1_220' title='bbox 3092 1711 3200 1766; x_wconf 90' lang='lat' dir='ltr'><strong>per</strong></span> <span class='ocrx_word' id='word_1_221' title='bbox 3258 1706 3442 1765; x_wconf 87' lang='lat' dir='ltr'><strong>partes</strong></span> <span class='ocrx_word' id='word_1_222' title='bbox 3497 1698 3689 1751; x_wconf 89' lang='lat' dir='ltr'><strong>divisum</strong></span> <span class='ocrx_word' id='word_1_223' title='bbox 3722 1699 3839 1753; x_wconf 77' lang='lat' dir='ltr'><strong>viritim</strong></span> 
     </span>
    </p>
   </div>
   <div class='ocr_carea' id='block_1_32' title="bbox 692 1789 3838 1876">
    <p class='ocr_par' dir='ltr' id='par_1_32' title="bbox 692 1789 3838 1876">
     <span class='ocr_line' id='line_1_32' title="bbox 692 1789 3838 1876; baseline -0.005 -16"><span class='ocrx_word' id='word_1_224' title='bbox 692 1803 931 1876; x_wconf 87' lang='lat' dir='ltr'><strong>perfecta</strong></span> <span class='ocrx_word' id='word_1_225' title='bbox 957 1800 1250 1855; x_wconf 88' lang='lat' dir='ltr'><strong>viventium</strong></span> <span class='ocrx_word' id='word_1_226' title='bbox 1280 1813 1464 1862; x_wconf 88' lang='lat' dir='ltr'><strong>causa,</strong></span> <span class='ocrx_word' id='word_1_227' title='bbox 1493 1796 1752 1852; x_wconf 90' lang='lat' dir='ltr'><strong>sanctitas</strong></span> <span class='ocrx_word' id='word_1_228' title='bbox 1781 1793 2269 1850; x_wconf 89' lang='lat' dir='ltr'><strong>sanctiﬁcationem</strong></span> <span class='ocrx_word' id='word_1_229' title='bbox 2297 1803 2347 1863; x_wconf 79' lang='grc' dir='ltr'><strong><em>Β</em></strong></span> <span class='ocrx_word' id='word_1_230' title='bbox 2372 1804 2724 1860; x_wconf 89' lang='lat' dir='ltr'><strong>personarum</strong></span> <span class='ocrx_word' id='word_1_231' title='bbox 2763 1791 3130 1859; x_wconf 85' lang='lat' dir='ltr'><strong>proprietate,</strong></span> <span class='ocrx_word' id='word_1_232' title='bbox 3175 1789 3275 1844; x_wconf 89' lang='lat' dir='ltr'><strong>sed</strong></span> <span class='ocrx_word' id='word_1_233' title='bbox 3305 1798 3472 1844; x_wconf 89' lang='lat' dir='ltr'><strong>totum</strong></span> <span class='ocrx_word' id='word_1_234' title='bbox 3506 1789 3555 1843; x_wconf 92' lang='lat' dir='ltr'><strong>in</strong></span> <span class='ocrx_word' id='word_1_235' title='bbox 3581 1789 3765 1844; x_wconf 83' lang='lat' dir='ltr'><strong>omnibus</strong></span> <span class='ocrx_word' id='word_1_236' title='bbox 3780 1793 3838 1844; x_wconf 76' lang='lat' dir='ltr'><strong>vir-</strong></span> 
     </span>
    </p>
   </div>
   <div class='ocr_carea' id='block_1_33' title="bbox 692 1882 2268 1966">
    <p class='ocr_par' dir='ltr' id='par_1_33' title="bbox 692 1882 2268 1966">
     <span class='ocr_line' id='line_1_33' title="bbox 692 1882 2268 1966; baseline -0.009 -16"><span class='ocrx_word' id='word_1_237' title='bbox 692 1893 999 1966; x_wconf 68' lang='lat' dir='ltr'><strong>przestatrix</strong></span> <span class='ocrx_word' id='word_1_238' title='bbox 1024 1909 1036 1944; x_wconf 95' lang='lat'>:</span> <span class='ocrx_word' id='word_1_239' title='bbox 1065 1907 1162 1960; x_wconf 90' lang='lat' dir='ltr'><strong>per</strong></span> <span class='ocrx_word' id='word_1_240' title='bbox 1186 1905 1343 1958; x_wconf 90' lang='lat' dir='ltr'><strong>quem</strong></span> <span class='ocrx_word' id='word_1_241' title='bbox 1371 1887 1512 1942; x_wconf 92' lang='lat' dir='ltr'><strong>Deus</strong></span> <span class='ocrx_word' id='word_1_242' title='bbox 1547 1887 1693 1941; x_wconf 89' lang='lat' dir='ltr'><strong>solus</strong></span> <span class='ocrx_word' id='word_1_243' title='bbox 1725 1901 1886 1954; x_wconf 88' lang='lat' dir='ltr'><strong>super</strong></span> <span class='ocrx_word' id='word_1_244' title='bbox 1917 1884 2099 1939; x_wconf 84' lang='lat' dir='ltr'><strong>omnia</strong></span> <span class='ocrx_word' id='word_1_245' title='bbox 2127 1891 2183 1936; x_wconf 91' lang='lat' dir='ltr'><strong>et</strong></span> <span class='ocrx_word' id='word_1_246' title='bbox 2210 1882 2268 1936; x_wconf 89' lang='lat' dir='ltr'><strong>in</strong></span> 
     </span>
    </p>
   </div>
   <div class='ocr_carea' id='block_1_34' title="bbox 693 1975 2272 2054">
    <p class='ocr_par' dir='ltr' id='par_1_34' title="bbox 693 1975 2272 2054">
     <span class='ocr_line' id='line_1_34' title="bbox 693 1975 2272 2054; baseline -0.007 -15"><span class='ocrx_word' id='word_1_247' title='bbox 693 1984 944 2039; x_wconf 88' lang='lat' dir='ltr'><strong>omnibus</strong></span> <span class='ocrx_word' id='word_1_248' title='bbox 972 1984 1334 2054; x_wconf 85' lang='lat' dir='ltr'><strong>cognoscitur,</strong></span> <span class='ocrx_word' id='word_1_249' title='bbox 1363 1988 1418 2035; x_wconf 89' lang='lat' dir='ltr'><strong>et</strong></span> <span class='ocrx_word' id='word_1_250' title='bbox 1441 1980 1610 2034; x_wconf 87' lang='lat' dir='ltr'><strong>Filius</strong></span> <span class='ocrx_word' id='word_1_251' title='bbox 1634 1995 1730 2050; x_wconf 89' lang='lat' dir='ltr'><strong>per</strong></span> <span class='ocrx_word' id='word_1_252' title='bbox 1769 1978 1971 2032; x_wconf 89' lang='lat' dir='ltr'><strong>omnia.</strong></span> <span class='ocrx_word' id='word_1_253' title='bbox 2000 1977 2098 2031; x_wconf 91' lang='lat' dir='ltr'><strong>Est</strong></span> <span class='ocrx_word' id='word_1_254' title='bbox 2122 1975 2272 2030; x_wconf 88' lang='lat' dir='ltr'><strong>enim</strong></span> 
     </span>
    </p>
   </div>
   <div class='ocr_carea' id='block_1_35' title="bbox 694 2066 2274 2143">
    <p class='ocr_par' dir='ltr' id='par_1_35' title="bbox 694 2066 2274 2143">
     <span class='ocr_line' id='line_1_35' title="bbox 694 2066 2274 2143; baseline -0.004 -15"><span class='ocrx_word' id='word_1_255' title='bbox 694 2073 997 2128; x_wconf 90' lang='lat' dir='ltr'><strong>intellectus</strong></span> <span class='ocrx_word' id='word_1_256' title='bbox 1022 2073 1298 2143; x_wconf 68' lang='lat' dir='ltr'><strong>sapientiae</strong></span> <span class='ocrx_word' id='word_1_257' title='bbox 1326 2070 1561 2140; x_wconf 90' lang='lat' dir='ltr'><strong>Spiritus</strong></span> <span class='ocrx_word' id='word_1_258' title='bbox 1585 2077 1824 2133; x_wconf 92' lang='lat' dir='ltr'><strong>sanctus,</strong></span> <span class='ocrx_word' id='word_1_259' title='bbox 1851 2068 2062 2134; x_wconf 92' lang='lat' dir='ltr'><strong>unicus,</strong></span> <span class='ocrx_word' id='word_1_260' title='bbox 2089 2066 2274 2121; x_wconf 86' lang='lat' dir='ltr'><strong>multi-</strong></span> 
     </span>
    </p>
   </div>
   <div class='ocr_carea' id='block_1_36' title="bbox 693 2159 2276 2235">
    <p class='ocr_par' dir='ltr' id='par_1_36' title="bbox 693 2159 2276 2235">
     <span class='ocr_line' id='line_1_36' title="bbox 693 2159 2276 2235; baseline -0.005 -17"><span class='ocrx_word' id='word_1_261' title='bbox 693 2166 840 2235; x_wconf 86' lang='lat' dir='ltr'><strong>plex,</strong></span> <span class='ocrx_word' id='word_1_262' title='bbox 872 2164 1104 2229; x_wconf 88' lang='lat' dir='ltr'><strong>subtilis,</strong></span> <span class='ocrx_word' id='word_1_263' title='bbox 1133 2162 1364 2226; x_wconf 90' lang='lat' dir='ltr'><strong>mobilis,</strong></span> <span class='ocrx_word' id='word_1_264' title='bbox 1395 2162 1645 2223; x_wconf 90' lang='lat' dir='ltr'><strong>disertus,</strong></span> <span class='ocrx_word' id='word_1_265' title='bbox 1675 2159 2130 2228; x_wconf 90' lang='lat' dir='ltr'><strong>incoinquinatus,</strong></span> <span class='ocrx_word' id='word_1_266' title='bbox 2161 2170 2276 2212; x_wconf 86' lang='lat' dir='ltr'><strong>cer-</strong></span> 
     </span>
    </p>
   </div>
   <div class='ocr_carea' id='block_1_37' title="bbox 697 2245 2269 2319">
    <p class='ocr_par' dir='ltr' id='par_1_37' title="bbox 697 2245 2269 2319">
     <span class='ocr_line' id='line_1_37' title="bbox 697 2245 2269 2319; baseline -0.007 -10"><span class='ocrx_word' id='word_1_267' title='bbox 697 2266 806 2319; x_wconf 87' lang='lat' dir='ltr'><strong>tus,</strong></span> <span class='ocrx_word' id='word_1_268' title='bbox 835 2256 1034 2319; x_wconf 85' lang='lat' dir='ltr'><strong>suavis,</strong></span> <span class='ocrx_word' id='word_1_269' title='bbox 1061 2268 1250 2308; x_wconf 91' lang='lat' dir='ltr'><strong>amans</strong></span> <span class='ocrx_word' id='word_1_270' title='bbox 1275 2252 1494 2314; x_wconf 89' lang='lat' dir='ltr'><strong>bonum,</strong></span> <span class='ocrx_word' id='word_1_271' title='bbox 1519 2250 1612 2319; x_wconf 93' lang='lat' dir='ltr'><strong>qui</strong></span> <span class='ocrx_word' id='word_1_272' title='bbox 1642 2248 1776 2303; x_wconf 87' lang='lat' dir='ltr'><strong>nihil</strong></span> <span class='ocrx_word' id='word_1_273' title='bbox 1800 2256 1946 2302; x_wconf 88' lang='lat' dir='ltr'><strong>vetat</strong></span> <span class='ocrx_word' id='word_1_274' title='bbox 1973 2247 2112 2301; x_wconf 91' lang='lat' dir='ltr'><strong>bene</strong></span> <span class='ocrx_word' id='word_1_275' title='bbox 2134 2245 2269 2310; x_wconf 92' lang='lat' dir='ltr'><strong>ﬁeri,</strong></span> 
     </span>
    </p>
   </div>
   <div class='ocr_carea' id='block_1_38' title="bbox 696 2343 2274 2418">
    <p class='ocr_par' dir='ltr' id='par_1_38' title="bbox 696 2343 2274 2418">
     <span class='ocr_line' id='line_1_38' title="bbox 696 2343 2274 2418; baseline -0.006 -17"><span class='ocrx_word' id='word_1_276' title='bbox 696 2348 984 2412; x_wconf 90' lang='lat' dir='ltr'><strong>humanus,</strong></span> <span class='ocrx_word' id='word_1_277' title='bbox 1024 2346 1308 2418; x_wconf 83' lang='lat' dir='ltr'><strong>benignus,</strong></span> <span class='ocrx_word' id='word_1_278' title='bbox 1354 2343 1585 2407; x_wconf 88' lang='lat' dir='ltr'><strong>stabilis,</strong></span> <span class='ocrx_word' id='word_1_279' title='bbox 1631 2350 1829 2405; x_wconf 90' lang='lat' dir='ltr'><strong>certus,</strong></span> <span class='ocrx_word' id='word_1_280' title='bbox 1877 2355 2117 2401; x_wconf 89' lang='lat' dir='ltr'><strong>securus,</strong></span> <span class='ocrx_word' id='word_1_281' title='bbox 2159 2353 2274 2392; x_wconf 84' lang='lat' dir='ltr'><strong>om-</strong></span> 
     </span>
    </p>
   </div>
   <div class='ocr_carea' id='block_1_39' title="bbox 695 2429 2276 2503">
    <p class='ocr_par' dir='ltr' id='par_1_39' title="bbox 695 2429 2276 2503">
     <span class='ocr_line' id='line_1_39' title="bbox 695 2429 2276 2503; baseline -0.006 -11"><span class='ocrx_word' id='word_1_282' title='bbox 695 2453 820 2492; x_wconf 90' lang='lat' dir='ltr'><strong>nem</strong></span> <span class='ocrx_word' id='word_1_283' title='bbox 851 2439 1054 2491; x_wconf 90' lang='lat' dir='ltr'><strong>habens</strong></span> <span class='ocrx_word' id='word_1_284' title='bbox 1085 2437 1359 2500; x_wconf 87' lang='lat' dir='ltr'><strong>virtutem,</strong></span> <span class='ocrx_word' id='word_1_285' title='bbox 1388 2433 1569 2488; x_wconf 85' lang='lat' dir='ltr'><strong>omnia</strong></span> <span class='ocrx_word' id='word_1_286' title='bbox 1598 2433 1956 2503; x_wconf 88' lang='lat' dir='ltr'><strong>prospiciens,</strong></span> <span class='ocrx_word' id='word_1_287' title='bbox 1987 2439 2040 2485; x_wconf 92' lang='lat' dir='ltr'><strong>et</strong></span> <span class='ocrx_word' id='word_1_288' title='bbox 2065 2429 2156 2498; x_wconf 91' lang='lat' dir='ltr'><strong>qui</strong></span> <span class='ocrx_word' id='word_1_289' title='bbox 2185 2444 2276 2483; x_wconf 88' lang='lat' dir='ltr'><strong>ca-</strong></span> 
     </span>
    </p>
   </div>
   <div class='ocr_carea' id='block_1_40' title="bbox 695 2517 2270 2598">
    <p class='ocr_par' dir='ltr' id='par_1_40' title="bbox 695 2517 2270 2598">
     <span class='ocr_line' id='line_1_40' title="bbox 695 2517 2270 2598; baseline -0.008 -16"><span class='ocrx_word' id='word_1_290' title='bbox 695 2529 812 2598; x_wconf 89' lang='lat' dir='ltr'><strong>piat</strong></span> <span class='ocrx_word' id='word_1_291' title='bbox 843 2541 1030 2582; x_wconf 90' lang='lat' dir='ltr'><strong>omnes</strong></span> <span class='ocrx_word' id='word_1_292' title='bbox 1071 2527 1317 2596; x_wconf 88' lang='lat' dir='ltr'><strong>spiritus,</strong></span> <span class='ocrx_word' id='word_1_293' title='bbox 1350 2522 1719 2592; x_wconf 85' lang='lat' dir='ltr'><strong>intelligibilis,</strong></span> <span class='ocrx_word' id='word_1_294' title='bbox 1755 2520 2006 2583; x_wconf 89' lang='lat' dir='ltr'><strong>mundus,</strong></span> <span class='ocrx_word' id='word_1_295' title='bbox 2038 2517 2270 2572; x_wconf 88' lang='lat' dir='ltr'><strong>subtilis.</strong></span> 
     </span>
    </p>
   </div>
   <div class='ocr_carea' id='block_1_41' title="bbox 699 2608 2274 2687">
    <p class='ocr_par' dir='ltr' id='par_1_41' title="bbox 699 2608 2274 2687">
     <span class='ocr_line' id='line_1_41' title="bbox 699 2608 2274 2687; baseline -0.008 -15"><span class='ocrx_word' id='word_1_296' title='bbox 699 2619 972 2687; x_wconf 84' lang='lat' dir='ltr'><strong>Siquidem</strong></span> <span class='ocrx_word' id='word_1_297' title='bbox 1003 2617 1162 2687; x_wconf 86' lang='lat' dir='ltr'><strong>huius</strong></span> <span class='ocrx_word' id='word_1_298' title='bbox 1191 2613 1692 2669; x_wconf 86' lang='lat' dir='ltr'><strong>communicationis</strong></span> <span class='ocrx_word' id='word_1_299' title='bbox 1721 2612 1968 2681; x_wconf 85' lang='lat' dir='ltr'><strong>largitate</strong></span> <span class='ocrx_word' id='word_1_300' title='bbox 2011 2608 2274 2663; x_wconf 89' lang='lat' dir='ltr'><strong>conﬁteor</strong></span> 
     </span>
    </p>
   </div>
   <div class='ocr_carea' id='block_1_42' title="bbox 697 2703 2274 2777">
    <p class='ocr_par' dir='ltr' id='par_1_42' title="bbox 697 2703 2274 2777">
     <span class='ocr_line' id='line_1_42' title="bbox 697 2703 2274 2777; baseline -0.008 -14"><span class='ocrx_word' id='word_1_301' title='bbox 697 2706 1004 2777; x_wconf 90' lang='lat' dir='ltr'><strong>singillatim</strong></span> <span class='ocrx_word' id='word_1_302' title='bbox 1031 2720 1382 2775; x_wconf 89' lang='lat' dir='ltr'><strong>personarum</strong></span> <span class='ocrx_word' id='word_1_303' title='bbox 1411 2703 1797 2774; x_wconf 89' lang='lat' dir='ltr'><strong>proprietatem</strong></span> <span class='ocrx_word' id='word_1_304' title='bbox 1842 2707 2136 2761; x_wconf 88' lang='lat' dir='ltr'><strong>servatam,</strong></span> <span class='ocrx_word' id='word_1_305' title='bbox 2173 2712 2274 2751; x_wconf 92' lang='lat' dir='ltr'><strong>nec</strong></span> 
     </span>
    </p>
   </div>
   <div class='ocr_carea' id='block_1_43' title="bbox 699 2789 2277 2860">
    <p class='ocr_par' dir='ltr' id='par_1_43' title="bbox 699 2789 2277 2860">
     <span class='ocr_line' id='line_1_43' title="bbox 699 2789 2277 2860; baseline -0.008 -5"><span class='ocrx_word' id='word_1_306' title='bbox 699 2799 1126 2855; x_wconf 81' lang='lat' dir='ltr'><strong>substantialiter</strong></span> <span class='ocrx_word' id='word_1_307' title='bbox 1169 2797 1486 2851; x_wconf 89' lang='lat' dir='ltr'><strong>Trinitatem</strong></span> <span class='ocrx_word' id='word_1_308' title='bbox 1535 2793 1729 2857; x_wconf 83' lang='lat' dir='ltr'><strong>dividi,</strong></span> <span class='ocrx_word' id='word_1_309' title='bbox 1774 2806 1874 2846; x_wconf 81' lang='lat' dir='ltr'><strong>nec</strong></span> <span class='ocrx_word' id='word_1_310' title='bbox 1918 2789 2277 2860; x_wconf 89' lang='lat' dir='ltr'><strong>personaliter</strong></span> 
     </span>
    </p>
   </div>
   <div class='ocr_carea' id='block_1_44' title="bbox 701 2881 2276 2952">
    <p class='ocr_par' dir='ltr' id='par_1_44' title="bbox 701 2881 2276 2952">
     <span class='ocr_line' id='line_1_44' title="bbox 701 2881 2276 2952; baseline -0.007 -6"><span class='ocrx_word' id='word_1_311' title='bbox 701 2892 922 2946; x_wconf 92' lang='lat' dir='ltr'><strong>omnino</strong></span> <span class='ocrx_word' id='word_1_312' title='bbox 969 2889 1243 2950; x_wconf 89' lang='lat' dir='ltr'><strong>confundi,</strong></span> <span class='ocrx_word' id='word_1_313' title='bbox 1283 2889 1378 2943; x_wconf 91' lang='lat' dir='ltr'><strong>sed</strong></span> <span class='ocrx_word' id='word_1_314' title='bbox 1423 2885 1706 2941; x_wconf 89' lang='lat' dir='ltr'><strong>omousion</strong></span> <span class='ocrx_word' id='word_1_315' title='bbox 1745 2883 2063 2939; x_wconf 88' lang='lat' dir='ltr'><strong>Trinitatem</strong></span> <span class='ocrx_word' id='word_1_316' title='bbox 2105 2881 2276 2952; x_wconf 85' lang='lat' dir='ltr'><strong>magis</strong></span> 
     </span>
    </p>
   </div>
   <div class='ocr_carea' id='block_1_45' title="bbox 700 2973 2276 3055">
    <p class='ocr_par' dir='ltr' id='par_1_45' title="bbox 700 2973 2276 3055">
     <span class='ocr_line' id='line_1_45' title="bbox 700 2973 2276 3055; baseline -0.008 -16"><span class='ocrx_word' id='word_1_317' title='bbox 700 2986 981 3055; x_wconf 87' lang='lat' dir='ltr'><strong>magisque</strong></span> <span class='ocrx_word' id='word_1_318' title='bbox 1009 2981 1316 3038; x_wconf 90' lang='lat' dir='ltr'><strong>conﬁtendo</strong></span> <span class='ocrx_word' id='word_1_319' title='bbox 1364 2980 1552 3044; x_wconf 92' lang='lat' dir='ltr'><strong>Deum,</strong></span> <span class='ocrx_word' id='word_1_320' title='bbox 1598 2993 1706 3032; x_wconf 90' lang='lat' dir='ltr'><strong>non</strong></span> <span class='ocrx_word' id='word_1_321' title='bbox 1747 2985 1924 3030; x_wconf 90' lang='lat' dir='ltr'><strong>autem</strong></span> <span class='ocrx_word' id='word_1_322' title='bbox 1967 2973 2276 3039; x_wconf 89' lang='lat' dir='ltr'><strong>omousion,</strong></span> 
     </span>
    </p>
   </div>
   <div class='ocr_carea' id='block_1_46' title="bbox 700 3051 2280 3144">
    <p class='ocr_par' dir='ltr' id='par_1_46' title="bbox 700 3051 2280 3144">
     <span class='ocr_line' id='line_1_46' title="bbox 700 3051 2280 3144; baseline -0.006 -15"><span class='ocrx_word' id='word_1_323' title='bbox 700 3051 865 3144; x_wconf 65' lang='lat' dir='ltr'><strong>quod,</strong></span> <span class='ocrx_word' id='word_1_324' title='bbox 893 3051 1027 3144; x_wconf 84' lang='lat' dir='ltr'><strong>proh</strong></span> <span class='ocrx_word' id='word_1_325' title='bbox 1053 3073 1236 3127; x_wconf 85' lang='lat' dir='ltr'><strong>nefas!</strong></span> <span class='ocrx_word' id='word_1_326' title='bbox 1283 3072 1522 3126; x_wconf 70' lang='lat' dir='ltr'><strong>haeretici</strong></span> <span class='ocrx_word' id='word_1_327' title='bbox 1553 3076 1833 3125; x_wconf 84' lang='lat' dir='ltr'><strong>exsecrate</strong></span> <span class='ocrx_word' id='word_1_328' title='bbox 1877 3069 2150 3123; x_wconf 84' lang='lat' dir='ltr'><strong>dixerunt.</strong></span> <span class='ocrx_word' id='word_1_329' title='bbox 2178 3051 2280 3120; x_wconf 85' lang='lat' dir='ltr'><strong>Sa-</strong></span> 
     </span>
    </p>
   </div>
   <div class='ocr_carea' id='block_1_47' title="bbox 701 3159 2280 3220">
    <p class='ocr_par' dir='ltr' id='par_1_47' title="bbox 701 3159 2280 3220">
     <span class='ocr_line' id='line_1_47' title="bbox 701 3159 2280 3220; baseline -0.006 0"><span class='ocrx_word' id='word_1_330' title='bbox 701 3165 921 3220; x_wconf 90' lang='lat' dir='ltr'><strong>cratiori</strong></span> <span class='ocrx_word' id='word_1_331' title='bbox 951 3180 1080 3220; x_wconf 87' lang='lat' dir='ltr'><strong>sane</strong></span> <span class='ocrx_word' id='word_1_332' title='bbox 1121 3162 1421 3217; x_wconf 80' lang='lat' dir='ltr'><strong>differentia</strong></span> <span class='ocrx_word' id='word_1_333' title='bbox 1463 3161 1586 3214; x_wconf 89' lang='lat' dir='ltr'><strong>ﬁdei</strong></span> <span class='ocrx_word' id='word_1_334' title='bbox 1614 3159 1876 3215; x_wconf 86' lang='lat' dir='ltr'><strong>conﬁteor</strong></span> <span class='ocrx_word' id='word_1_335' title='bbox 1921 3168 1973 3213; x_wconf 88' lang='lat' dir='ltr'><strong>te</strong></span> <span class='ocrx_word' id='word_1_336' title='bbox 2018 3173 2141 3212; x_wconf 92' lang='lat' dir='ltr'><strong>cum</strong></span> <span class='ocrx_word' id='word_1_337' title='bbox 2187 3171 2280 3210; x_wconf 87' lang='lat' dir='ltr'><strong>ca—</strong></span> 
     </span>
    </p>
   </div>
   <div class='ocr_carea' id='block_1_48' title="bbox 703 3249 2278 3324">
    <p class='ocr_par' dir='ltr' id='par_1_48' title="bbox 703 3249 2278 3324">
     <span class='ocr_line' id='line_1_48' title="bbox 703 3249 2278 3324; baseline -0.008 -10"><span class='ocrx_word' id='word_1_338' title='bbox 703 3261 901 3315; x_wconf 89' lang='lat' dir='ltr'><strong>tholica</strong></span> <span class='ocrx_word' id='word_1_339' title='bbox 943 3259 1090 3314; x_wconf 90' lang='lat' dir='ltr'><strong>omni</strong></span> <span class='ocrx_word' id='word_1_340' title='bbox 1137 3256 1376 3312; x_wconf 85' lang='lat' dir='ltr'><strong>Ecclesia</strong></span> <span class='ocrx_word' id='word_1_341' title='bbox 1417 3255 1632 3309; x_wconf 89' lang='lat' dir='ltr'><strong>Patrem</strong></span> <span class='ocrx_word' id='word_1_342' title='bbox 1677 3252 2032 3324; x_wconf 86' lang='lat' dir='ltr'><strong>unigenitum,</strong></span> <span class='ocrx_word' id='word_1_343' title='bbox 2078 3249 2278 3304; x_wconf 87' lang='lat' dir='ltr'><strong>Filium</strong></span> 
     </span>
    </p>
   </div>
   <div class='ocr_carea' id='block_1_49' title="bbox 706 3340 2282 3423">
    <p class='ocr_par' dir='ltr' id='par_1_49' title="bbox 706 3340 2282 3423">
     <span class='ocr_line' id='line_1_49' title="bbox 706 3340 2282 3423; baseline -0.008 -16"><span class='ocrx_word' id='word_1_344' title='bbox 706 3352 963 3423; x_wconf 90' lang='lat' dir='ltr'><strong>genitum,</strong></span> <span class='ocrx_word' id='word_1_345' title='bbox 997 3349 1256 3420; x_wconf 90' lang='lat' dir='ltr'><strong>Spiritum</strong></span> <span class='ocrx_word' id='word_1_346' title='bbox 1281 3355 1527 3403; x_wconf 91' lang='lat' dir='ltr'><strong>sanctum</strong></span> <span class='ocrx_word' id='word_1_347' title='bbox 1557 3361 1655 3401; x_wconf 89' lang='lat' dir='ltr'><strong>nec</strong></span> <span class='ocrx_word' id='word_1_348' title='bbox 1681 3345 1919 3416; x_wconf 86' lang='lat' dir='ltr'><strong>genitum</strong></span> <span class='ocrx_word' id='word_1_349' title='bbox 1944 3358 2043 3397; x_wconf 89' lang='lat' dir='ltr'><strong>nec</strong></span> <span class='ocrx_word' id='word_1_350' title='bbox 2071 3340 2282 3412; x_wconf 82' lang='lat' dir='ltr'><strong>ingeni-</strong></span> 
     </span>
    </p>
   </div>
   <div class='ocr_carea' id='block_1_50' title="bbox 705 3433 2282 3507">
    <p class='ocr_par' dir='ltr' id='par_1_50' title="bbox 705 3433 2282 3507">
     <span class='ocr_line' id='line_1_50' title="bbox 705 3433 2282 3507; baseline -0.007 -11"><span class='ocrx_word' id='word_1_351' title='bbox 705 3449 843 3506; x_wconf 89' lang='lat' dir='ltr'><strong>tum,</strong></span> <span class='ocrx_word' id='word_1_352' title='bbox 875 3441 967 3496; x_wconf 91' lang='lat' dir='ltr'><strong>sed</strong></span> <span class='ocrx_word' id='word_1_353' title='bbox 996 3456 1062 3494; x_wconf 81' lang='lat' dir='ltr'><strong>ex</strong></span> <span class='ocrx_word' id='word_1_354' title='bbox 1103 3439 1263 3493; x_wconf 86' lang='lat' dir='ltr'><strong>Patre</strong></span> <span class='ocrx_word' id='word_1_355' title='bbox 1307 3438 1548 3506; x_wconf 89' lang='lat' dir='ltr'><strong>Filioque</strong></span> <span class='ocrx_word' id='word_1_356' title='bbox 1591 3436 1992 3507; x_wconf 89' lang='lat' dir='ltr'><strong>procedentem,</strong></span> <span class='ocrx_word' id='word_1_357' title='bbox 2023 3433 2218 3486; x_wconf 91' lang='lat' dir='ltr'><strong>Filium</strong></span> <span class='ocrx_word' id='word_1_358' title='bbox 2249 3446 2282 3486; x_wconf 88' lang='lat' dir='ltr'><strong>a</strong></span> 
     </span>
    </p>
   </div>
   <div class='ocr_carea' id='block_1_51' title="bbox 705 3525 2282 3599">
    <p class='ocr_par' dir='ltr' id='par_1_51' title="bbox 705 3525 2282 3599">
     <span class='ocr_line' id='line_1_51' title="bbox 705 3525 2282 3599; baseline -0.006 -13"><span class='ocrx_word' id='word_1_359' title='bbox 705 3539 759 3586; x_wconf 87' lang='lat' dir='ltr'><strong>te</strong></span> <span class='ocrx_word' id='word_1_360' title='bbox 783 3533 894 3586; x_wconf 89' lang='lat' dir='ltr'><strong>Deo</strong></span> <span class='ocrx_word' id='word_1_361' title='bbox 922 3531 1086 3585; x_wconf 91' lang='lat' dir='ltr'><strong>Patre</strong></span> <span class='ocrx_word' id='word_1_362' title='bbox 1108 3530 1381 3584; x_wconf 90' lang='lat' dir='ltr'><strong>nascendo</strong></span> <span class='ocrx_word' id='word_1_363' title='bbox 1406 3529 1720 3599; x_wconf 90' lang='lat' dir='ltr'><strong>procedere,</strong></span> <span class='ocrx_word' id='word_1_364' title='bbox 1754 3525 2012 3596; x_wconf 80' lang='lat' dir='ltr'><strong>Spiritum</strong></span> <span class='ocrx_word' id='word_1_365' title='bbox 2036 3531 2282 3578; x_wconf 86' lang='lat' dir='ltr'><strong>sanctum</strong></span> 
     </span>
    </p>
   </div>
   <div class='ocr_carea' id='block_1_52' title="bbox 703 3616 2283 3692">
    <p class='ocr_par' dir='ltr' id='par_1_52' title="bbox 703 3616 2283 3692">
     <span class='ocr_line' id='line_1_52' title="bbox 703 3616 2283 3692; baseline -0.005 -15"><span class='ocrx_word' id='word_1_366' title='bbox 703 3623 1044 3692; x_wconf 89' lang='lat' dir='ltr'><strong>procedendo</strong></span> <span class='ocrx_word' id='word_1_367' title='bbox 1073 3638 1179 3676; x_wconf 91' lang='lat' dir='ltr'><strong>non</strong></span> <span class='ocrx_word' id='word_1_368' title='bbox 1213 3621 1380 3675; x_wconf 90' lang='lat' dir='ltr'><strong>nasci.</strong></span> <span class='ocrx_word' id='word_1_369' title='bbox 1422 3621 1488 3674; x_wconf 88' lang='lat' dir='ltr'><strong>Et</strong></span> <span class='ocrx_word' id='word_1_370' title='bbox 1518 3621 1655 3675; x_wconf 91' lang='lat' dir='ltr'><strong>hanc</strong></span> <span class='ocrx_word' id='word_1_371' title='bbox 1703 3616 2135 3673; x_wconf 63' lang='lat' dir='ltr'><strong>inaestimabilem</strong></span> <span class='ocrx_word' id='word_1_372' title='bbox 2185 3630 2283 3670; x_wconf 89' lang='lat' dir='ltr'><strong>na-</strong></span> 
     </span>
    </p>
   </div>
   <div class='ocr_carea' id='block_1_53' title="bbox 708 3709 2286 3782">
    <p class='ocr_par' dir='ltr' id='par_1_53' title="bbox 708 3709 2286 3782">
     <span class='ocr_line' id='line_1_53' title="bbox 708 3709 2286 3782; baseline -0.006 -12"><span class='ocrx_word' id='word_1_373' title='bbox 708 3717 1002 3779; x_wconf 85' lang='lat' dir='ltr'><strong>tivitatem;</strong></span> <span class='ocrx_word' id='word_1_374' title='bbox 1045 3715 1138 3768; x_wconf 90' lang='lat' dir='ltr'><strong>sed</strong></span> <span class='ocrx_word' id='word_1_375' title='bbox 1168 3722 1221 3767; x_wconf 91' lang='lat' dir='ltr'><strong>et</strong></span> <span class='ocrx_word' id='word_1_376' title='bbox 1251 3713 1670 3782; x_wconf 89' lang='lat' dir='ltr'><strong>processionem,</strong></span> <span class='ocrx_word' id='word_1_377' title='bbox 1699 3725 1800 3766; x_wconf 89' lang='lat' dir='ltr'><strong>nec</strong></span> <span class='ocrx_word' id='word_1_378' title='bbox 1829 3709 2058 3779; x_wconf 82' lang='lat' dir='ltr'><strong>coepisse</strong></span> <span class='ocrx_word' id='word_1_379' title='bbox 2084 3715 2139 3763; x_wconf 92' lang='lat' dir='ltr'><strong>et</strong></span> <span class='ocrx_word' id='word_1_380' title='bbox 2165 3722 2286 3776; x_wconf 60' lang='lat' dir='ltr'><strong>per.</strong></span> 
     </span>
    </p>
   </div>
   <div class='ocr_carea' id='block_1_54' title="bbox 706 3804 2286 3874">
    <p class='ocr_par' dir='ltr' id='par_1_54' title="bbox 706 3804 2286 3874">
     <span class='ocr_line' id='line_1_54' title="bbox 706 3804 2286 3874; baseline -0.003 -12"><span class='ocrx_word' id='word_1_381' title='bbox 706 3809 904 3863; x_wconf 81' lang='lat' dir='ltr'><strong>fectant</strong></span> <span class='ocrx_word' id='word_1_382' title='bbox 927 3823 1066 3869; x_wconf 89' lang='lat' dir='ltr'><strong>esse,</strong></span> <span class='ocrx_word' id='word_1_383' title='bbox 1092 3823 1193 3861; x_wconf 91' lang='lat' dir='ltr'><strong>nec</strong></span> <span class='ocrx_word' id='word_1_384' title='bbox 1220 3807 1490 3861; x_wconf 87' lang='lat' dir='ltr'><strong>destitisse</strong></span> <span class='ocrx_word' id='word_1_385' title='bbox 1514 3813 1568 3859; x_wconf 90' lang='lat' dir='ltr'><strong>et</strong></span> <span class='ocrx_word' id='word_1_386' title='bbox 1595 3804 1980 3874; x_wconf 89' lang='lat' dir='ltr'><strong>sempiternam</strong></span> <span class='ocrx_word' id='word_1_387' title='bbox 2015 3818 2134 3858; x_wconf 90' lang='lat' dir='ltr'><strong>esse</strong></span> <span class='ocrx_word' id='word_1_388' title='bbox 2162 3817 2286 3858; x_wconf 92' lang='lat' dir='ltr'><strong>con-</strong></span> 
     </span>
    </p>
   </div>
   <div class='ocr_carea' id='block_1_55' title="bbox 707 3893 2282 3967">
    <p class='ocr_par' dir='ltr' id='par_1_55' title="bbox 707 3893 2282 3967">
     <span class='ocr_line' id='line_1_55' title="bbox 707 3893 2282 3967; baseline -0.003 -15"><span class='ocrx_word' id='word_1_389' title='bbox 707 3899 881 3952; x_wconf 87' lang='lat' dir='ltr'><strong>ﬁteor.</strong></span> <span class='ocrx_word' id='word_1_390' title='bbox 929 3897 1034 3950; x_wconf 88' lang='lat' dir='ltr'><strong>Sed</strong></span> <span class='ocrx_word' id='word_1_391' title='bbox 1084 3899 1242 3950; x_wconf 88' lang='lat' dir='ltr'><strong>istam</strong></span> <span class='ocrx_word' id='word_1_392' title='bbox 1298 3897 1698 3967; x_wconf 89' lang='lat' dir='ltr'><strong>generationem</strong></span> <span class='ocrx_word' id='word_1_393' title='bbox 1747 3903 1918 3960; x_wconf 90' lang='lat' dir='ltr'><strong>tuam,</strong></span> <span class='ocrx_word' id='word_1_394' title='bbox 1958 3910 1991 3949; x_wconf 94' lang='lat' dir='ltr'><strong>o</strong></span> <span class='ocrx_word' id='word_1_395' title='bbox 2037 3893 2282 3959; x_wconf 90' lang='lat' dir='ltr'><strong>Domine,</strong></span> 
     </span>
    </p>
   </div>
   <div class='ocr_carea' id='block_1_56' title="bbox 705 3985 2283 4056">
    <p class='ocr_par' dir='ltr' id='par_1_56' title="bbox 705 3985 2283 4056">
     <span class='ocr_line' id='line_1_56' title="bbox 705 3985 2283 4056; baseline -0.001 -16"><span class='ocrx_word' id='word_1_396' title='bbox 705 3985 1029 4040; x_wconf 88' lang='lat' dir='ltr'><strong>ineffabilem</strong></span> <span class='ocrx_word' id='word_1_397' title='bbox 1074 4001 1222 4048; x_wconf 90' lang='lat' dir='ltr'><strong>vere,</strong></span> <span class='ocrx_word' id='word_1_398' title='bbox 1258 3987 1386 4056; x_wconf 90' lang='lat' dir='ltr'><strong>quin</strong></span> <span class='ocrx_word' id='word_1_399' title='bbox 1430 3985 1608 4054; x_wconf 89' lang='lat' dir='ltr'><strong>potius</strong></span> <span class='ocrx_word' id='word_1_400' title='bbox 1655 3985 2283 4056; x_wconf 90' lang='lat' dir='ltr'><strong>incomprehensibilem,</strong></span> 
     </span>
    </p>
   </div>
   <div class='ocr_carea' id='block_1_57' title="bbox 707 4077 2287 4146">
    <p class='ocr_par' dir='ltr' id='par_1_57' title="bbox 707 4077 2287 4146">
     <span class='ocr_line' id='line_1_57' title="bbox 707 4077 2287 4146; baseline 0.003 -17"><span class='ocrx_word' id='word_1_401' title='bbox 707 4078 827 4146; x_wconf 89' lang='lat' dir='ltr'><strong>quis</strong></span> <span class='ocrx_word' id='word_1_402' title='bbox 860 4077 1176 4130; x_wconf 88' lang='lat' dir='ltr'><strong>enarrabit?</strong></span> <span class='ocrx_word' id='word_1_403' title='bbox 1205 4077 1336 4142; x_wconf 86' lang='lat' dir='ltr'><strong>Quis</strong></span> <span class='ocrx_word' id='word_1_404' title='bbox 1369 4078 1511 4132; x_wconf 90' lang='lat' dir='ltr'><strong>enim</strong></span> <span class='ocrx_word' id='word_1_405' title='bbox 1544 4085 1601 4130; x_wconf 91' lang='lat' dir='ltr'><strong>ut</strong></span> <span class='ocrx_word' id='word_1_406' title='bbox 1629 4086 1714 4130; x_wconf 89' lang='lat' dir='ltr'><strong>est</strong></span> <span class='ocrx_word' id='word_1_407' title='bbox 1737 4093 1842 4132; x_wconf 92' lang='lat' dir='ltr'><strong>non</strong></span> <span class='ocrx_word' id='word_1_408' title='bbox 1879 4078 2047 4132; x_wconf 92' lang='lat' dir='ltr'><strong>solum</strong></span> <span class='ocrx_word' id='word_1_409' title='bbox 2072 4078 2287 4133; x_wconf 90' lang='lat' dir='ltr'><strong>edicere</strong></span> 
     </span>
    </p>
   </div>
   <div class='ocr_carea' id='block_1_58' title="bbox 709 4166 2287 4236">
    <p class='ocr_par' dir='ltr' id='par_1_58' title="bbox 709 4166 2287 4236">
     <span class='ocr_line' id='line_1_58' title="bbox 709 4166 2287 4236; baseline 0.001 -15"><span class='ocrx_word' id='word_1_410' title='bbox 709 4166 801 4221; x_wconf 89' lang='lat' dir='ltr'><strong>sed</strong></span> <span class='ocrx_word' id='word_1_411' title='bbox 832 4166 994 4221; x_wconf 90' lang='lat' dir='ltr'><strong>etiam</strong></span> <span class='ocrx_word' id='word_1_412' title='bbox 1025 4167 1482 4236; x_wconf 88' lang='lat' dir='ltr'><strong>comprehendere</strong></span> <span class='ocrx_word' id='word_1_413' title='bbox 1513 4167 1692 4220; x_wconf 86' lang='lat' dir='ltr'><strong>valeat</strong></span> <span class='ocrx_word' id='word_1_414' title='bbox 1738 4167 1978 4236; x_wconf 88' lang='lat' dir='ltr'><strong>genitum</strong></span> <span class='ocrx_word' id='word_1_415' title='bbox 2017 4183 2123 4221; x_wconf 93' lang='lat' dir='ltr'><strong>non</strong></span> <span class='ocrx_word' id='word_1_416' title='bbox 2166 4183 2287 4224; x_wconf 87' lang='lat' dir='ltr'><strong>esse</strong></span> 
     </span>
    </p>
   </div>
   <div class='ocr_carea' id='block_1_59' title="bbox 709 4256 2288 4328">
    <p class='ocr_par' dir='ltr' id='par_1_59' title="bbox 709 4256 2288 4328">
     <span class='ocr_line' id='line_1_59' title="bbox 709 4256 2288 4328; baseline 0.001 -17"><span class='ocrx_word' id='word_1_417' title='bbox 709 4257 934 4328; x_wconf 88' lang='lat' dir='ltr'><strong>genitori</strong></span> <span class='ocrx_word' id='word_1_418' title='bbox 965 4257 1342 4327; x_wconf 88' lang='lat' dir='ltr'><strong>posteriorem,</strong></span> <span class='ocrx_word' id='word_1_419' title='bbox 1385 4271 1448 4310; x_wconf 91' lang='lat' dir='ltr'><strong>ac</strong></span> <span class='ocrx_word' id='word_1_420' title='bbox 1480 4271 1584 4309; x_wconf 93' lang='lat' dir='ltr'><strong>non</strong></span> <span class='ocrx_word' id='word_1_421' title='bbox 1611 4256 1665 4310; x_wconf 87' lang='lat' dir='ltr'><strong>id</strong></span> <span class='ocrx_word' id='word_1_422' title='bbox 1693 4256 1834 4325; x_wconf 90' lang='lat' dir='ltr'><strong>quod</strong></span> <span class='ocrx_word' id='word_1_423' title='bbox 1865 4258 2049 4326; x_wconf 90' lang='lat' dir='ltr'><strong>genuit</strong></span> <span class='ocrx_word' id='word_1_424' title='bbox 2085 4273 2288 4327; x_wconf 66' lang='lat' dir='ltr'><strong>prince-</strong></span> 
     </span>
    </p>
   </div>
   <div class='ocr_carea' id='block_1_60' title="bbox 710 4345 2289 4417">
    <p class='ocr_par' dir='ltr' id='par_1_60' title="bbox 710 4345 2289 4417">
     <span class='ocr_line' id='line_1_60' title="bbox 710 4345 2289 4417; baseline -0.001 -14"><span class='ocrx_word' id='word_1_425' title='bbox 710 4349 837 4403; x_wconf 88' lang='lat' dir='ltr'><strong>dere</strong></span> <span class='ocrx_word' id='word_1_426' title='bbox 884 4346 1270 4417; x_wconf 84' lang='lat' dir='ltr'><strong>generantem?</strong></span> <span class='ocrx_word' id='word_1_427' title='bbox 1299 4345 1423 4401; x_wconf 84' lang='lat' dir='ltr'><strong>Haec</strong></span> <span class='ocrx_word' id='word_1_428' title='bbox 1466 4354 1644 4400; x_wconf 90' lang='lat' dir='ltr'><strong>autem</strong></span> <span class='ocrx_word' id='word_1_429' title='bbox 1679 4348 1955 4415; x_wconf 85' lang='lat' dir='ltr'><strong>generatio</strong></span> <span class='ocrx_word' id='word_1_430' title='bbox 1987 4362 2086 4402; x_wconf 90' lang='lat' dir='ltr'><strong>nec</strong></span> <span class='ocrx_word' id='word_1_431' title='bbox 2134 4357 2289 4402; x_wconf 88' lang='lat' dir='ltr'><strong>ante-</strong></span> 
     </span>
    </p>
   </div>
   <div class='ocr_carea' id='block_1_61' title="bbox 707 4438 2288 4507">
    <p class='ocr_par' dir='ltr' id='par_1_61' title="bbox 707 4438 2288 4507">
     <span class='ocr_line' id='line_1_61' title="bbox 707 4438 2288 4507; baseline -0.001 -13"><span class='ocrx_word' id='word_1_432' title='bbox 707 4439 823 4494; x_wconf 83' lang='lat' dir='ltr'><strong>rius</strong></span> <span class='ocrx_word' id='word_1_433' title='bbox 863 4453 963 4493; x_wconf 89' lang='lat' dir='ltr'><strong>nec</strong></span> <span class='ocrx_word' id='word_1_434' title='bbox 1003 4439 1164 4493; x_wconf 88' lang='lat' dir='ltr'><strong>habet</strong></span> <span class='ocrx_word' id='word_1_435' title='bbox 1201 4438 1491 4506; x_wconf 86' lang='lat' dir='ltr'><strong>quidquam</strong></span> <span class='ocrx_word' id='word_1_436' title='bbox 1538 4438 1808 4507; x_wconf 90' lang='lat' dir='ltr'><strong>posterius</strong></span> <span class='ocrx_word' id='word_1_437' title='bbox 1834 4439 1859 4491; x_wconf 77' lang='grc' dir='ltr'><strong>ε’</strong></span> <span class='ocrx_word' id='word_1_438' title='bbox 1880 4439 2005 4506; x_wconf 90' lang='lat' dir='ltr'><strong>quia</strong></span> <span class='ocrx_word' id='word_1_439' title='bbox 2052 4446 2111 4491; x_wconf 90' lang='lat' dir='ltr'><strong>ut</strong></span> <span class='ocrx_word' id='word_1_440' title='bbox 2141 4453 2288 4492; x_wconf 92' lang='lat' dir='ltr'><strong>nunc</strong></span> 
     </span>
    </p>
   </div>
   <div class='ocr_carea' id='block_1_62' title="bbox 2372 1885 3840 1955">
    <p class='ocr_par' dir='ltr' id='par_1_62' title="bbox 2372 1885 3840 1955">
     <span class='ocr_line' id='line_1_62' title="bbox 2372 1885 3840 1955; baseline -0.004 -13"><span class='ocrx_word' id='word_1_441' title='bbox 2372 1895 2486 1942; x_wconf 90' lang='lat' dir='ltr'><strong>tute</strong></span> <span class='ocrx_word' id='word_1_442' title='bbox 2506 1887 2652 1940; x_wconf 92' lang='lat' dir='ltr'><strong>omni</strong></span> <span class='ocrx_word' id='word_1_443' title='bbox 2683 1894 2900 1941; x_wconf 90' lang='lat' dir='ltr'><strong>tenente</strong></span> <span class='ocrx_word' id='word_1_444' title='bbox 2924 1885 3210 1951; x_wconf 88' lang='lat' dir='ltr'><strong>localiter,</strong></span> <span class='ocrx_word' id='word_1_445' title='bbox 3239 1885 3338 1940; x_wconf 89' lang='lat' dir='ltr'><strong>sed</strong></span> <span class='ocrx_word' id='word_1_446' title='bbox 3368 1885 3694 1955; x_wconf 89' lang='lat' dir='ltr'><strong>potentialiter</strong></span> <span class='ocrx_word' id='word_1_447' title='bbox 3716 1901 3778 1954; x_wconf 84' lang='lat' dir='ltr'><strong>per</strong></span> <span class='ocrx_word' id='word_1_448' title='bbox 3793 1900 3840 1937; x_wconf 75' lang='lat' dir='ltr'><strong>ei-</strong></span> 
     </span>
    </p>
   </div>
   <div class='ocr_carea' id='block_1_63' title="bbox 2372 1973 3836 2045">
    <p class='ocr_par' dir='ltr' id='par_1_63' title="bbox 2372 1973 3836 2045">
     <span class='ocr_line' id='line_1_63' title="bbox 2372 1973 3836 2045; baseline -0.005 -12"><span class='ocrx_word' id='word_1_449' title='bbox 2372 1977 2651 2033; x_wconf 90' lang='lat' dir='ltr'><strong>cellentem</strong></span> <span class='ocrx_word' id='word_1_450' title='bbox 2680 1976 3032 2045; x_wconf 82' lang='lat' dir='ltr'><strong>praesentiam</strong></span> <span class='ocrx_word' id='word_1_451' title='bbox 3066 1973 3417 2043; x_wconf 88' lang='lat' dir='ltr'><strong>maiestatis?</strong></span> <span class='ocrx_word' id='word_1_452' title='bbox 3447 1989 3543 2042; x_wconf 91' lang='lat' dir='ltr'><strong>qua</strong></span> <span class='ocrx_word' id='word_1_453' title='bbox 3570 1973 3672 2028; x_wconf 84' lang='lat' dir='ltr'><strong>licet</strong></span> <span class='ocrx_word' id='word_1_454' title='bbox 3703 1974 3754 2026; x_wconf 86' lang='lat' dir='ltr'><strong>sis</strong></span> <span class='ocrx_word' id='word_1_455' title='bbox 3773 1973 3836 2026; x_wconf 50' lang='lat' dir='ltr'><strong>hi.</strong></span> 
     </span>
    </p>
   </div>
   <div class='ocr_carea' id='block_1_64' title="bbox 2373 2065 3834 2138">
    <p class='ocr_par' dir='ltr' id='par_1_64' title="bbox 2373 2065 3834 2138">
     <span class='ocr_line' id='line_1_64' title="bbox 2373 2065 3834 2138; baseline -0.004 -16"><span class='ocrx_word' id='word_1_456' title='bbox 2373 2083 2498 2138; x_wconf 90' lang='lat' dir='ltr'><strong>que,</strong></span> <span class='ocrx_word' id='word_1_457' title='bbox 2522 2068 2648 2122; x_wconf 88' lang='lat' dir='ltr'><strong>dees</strong></span> <span class='ocrx_word' id='word_1_458' title='bbox 2679 2076 2858 2122; x_wconf 91' lang='lat' dir='ltr'><strong>tamen</strong></span> <span class='ocrx_word' id='word_1_459' title='bbox 2886 2067 3226 2136; x_wconf 89' lang='lat' dir='ltr'><strong>plerumque</strong></span> <span class='ocrx_word' id='word_1_460' title='bbox 3250 2081 3265 2120; x_wconf 93' lang='lat'>:</span> <span class='ocrx_word' id='word_1_461' title='bbox 3295 2067 3420 2134; x_wconf 89' lang='lat' dir='ltr'><strong>quia</strong></span> <span class='ocrx_word' id='word_1_462' title='bbox 3451 2065 3494 2118; x_wconf 88' lang='lat' dir='ltr'><strong>si</strong></span> <span class='ocrx_word' id='word_1_463' title='bbox 3519 2065 3834 2134; x_wconf 54' lang='lat' dir='ltr'><strong>praemium</strong></span> 
     </span>
    </p>
   </div>
   <div class='ocr_carea' id='block_1_65' title="bbox 2375 2152 3838 2228">
    <p class='ocr_par' dir='ltr' id='par_1_65' title="bbox 2375 2152 3838 2228">
     <span class='ocr_line' id='line_1_65' title="bbox 2375 2152 3838 2228; baseline -0.007 -15"><span class='ocrx_word' id='word_1_464' title='bbox 2375 2167 2550 2213; x_wconf 89' lang='lat' dir='ltr'><strong>tamen</strong></span> <span class='ocrx_word' id='word_1_465' title='bbox 2575 2173 2634 2212; x_wconf 87' lang='lat' dir='ltr'><strong>es</strong></span> <span class='ocrx_word' id='word_1_466' title='bbox 2660 2157 2852 2228; x_wconf 90' lang='lat' dir='ltr'><strong>gratia.</strong></span> <span class='ocrx_word' id='word_1_467' title='bbox 2894 2154 3003 2211; x_wconf 87' lang='lat' dir='ltr'><strong>Sed</strong></span> <span class='ocrx_word' id='word_1_468' title='bbox 3039 2157 3088 2210; x_wconf 91' lang='lat' dir='ltr'><strong>si</strong></span> <span class='ocrx_word' id='word_1_469' title='bbox 3123 2171 3234 2210; x_wconf 84' lang='lat' dir='ltr'><strong>non</strong></span> <span class='ocrx_word' id='word_1_470' title='bbox 3263 2168 3542 2226; x_wconf 89' lang='lat' dir='ltr'><strong>possumus</strong></span> <span class='ocrx_word' id='word_1_471' title='bbox 3567 2152 3838 2222; x_wconf 82' lang='lat' dir='ltr'><strong>capiendodis-</strong></span> 
     </span>
    </p>
   </div>
   <div class='ocr_carea' id='block_1_66' title="bbox 2373 2243 3834 2318">
    <p class='ocr_par' dir='ltr' id='par_1_66' title="bbox 2373 2243 3834 2318">
     <span class='ocr_line' id='line_1_66' title="bbox 2373 2243 3834 2318; baseline -0.006 -14"><span class='ocrx_word' id='word_1_472' title='bbox 2373 2250 2641 2318; x_wconf 86' lang='lat' dir='ltr'><strong>tinguere,</strong></span> <span class='ocrx_word' id='word_1_473' title='bbox 2697 2264 2988 2318; x_wconf 85' lang='lat' dir='ltr'><strong>possumus</strong></span> <span class='ocrx_word' id='word_1_474' title='bbox 3036 2256 3093 2302; x_wconf 88' lang='lat' dir='ltr'><strong>te</strong></span> <span class='ocrx_word' id='word_1_475' title='bbox 3141 2247 3376 2302; x_wconf 88' lang='lat' dir='ltr'><strong>docente</strong></span> <span class='ocrx_word' id='word_1_476' title='bbox 3419 2245 3624 2299; x_wconf 83' lang='lat' dir='ltr'><strong>ﬁdeliter</strong></span> <span class='ocrx_word' id='word_1_477' title='bbox 3658 2243 3834 2305; x_wconf 71' lang='lat' dir='ltr'><strong>conﬁteri,</strong></span> 
     </span>
    </p>
   </div>
   <div class='ocr_carea' id='block_1_67' title="bbox 2375 2335 3834 2398">
    <p class='ocr_par' dir='ltr' id='par_1_67' title="bbox 2375 2335 3834 2398">
     <span class='ocr_line' id='line_1_67' title="bbox 2375 2335 3834 2398; baseline -0.007 -1"><span class='ocrx_word' id='word_1_478' title='bbox 2375 2342 2548 2398; x_wconf 90' lang='lat' dir='ltr'><strong>donec</strong></span> <span class='ocrx_word' id='word_1_479' title='bbox 2581 2341 2865 2396; x_wconf 60' lang='lat' dir='ltr'><strong>illucescit</strong></span> <span class='ocrx_word' id='word_1_480' title='bbox 2902 2341 3022 2395; x_wconf 89' lang='lat' dir='ltr'><strong>dies</strong></span> <span class='ocrx_word' id='word_1_481' title='bbox 3065 2347 3126 2394; x_wconf 90' lang='lat' dir='ltr'><strong>et</strong></span> <span class='ocrx_word' id='word_1_482' title='bbox 3161 2338 3362 2394; x_wconf 81' lang='lat' dir='ltr'><strong>lucifer</strong></span> <span class='ocrx_word' id='word_1_483' title='bbox 3397 2338 3586 2392; x_wconf 89' lang='lat' dir='ltr'><strong>oriatur</strong></span> <span class='ocrx_word' id='word_1_484' title='bbox 3609 2337 3652 2389; x_wconf 90' lang='lat' dir='ltr'><strong>in</strong></span> <span class='ocrx_word' id='word_1_485' title='bbox 3683 2335 3834 2388; x_wconf 60' lang='lat' dir='ltr'><strong>cordibus.</strong></span> 
     </span>
    </p>
   </div>
   <div class='ocr_carea' id='block_1_68' title="bbox 2375 2427 3832 2502">
    <p class='ocr_par' dir='ltr' id='par_1_68' title="bbox 2375 2427 3832 2502">
     <span class='ocr_line' id='line_1_68' title="bbox 2375 2427 3832 2502; baseline -0.007 -14"><span class='ocrx_word' id='word_1_486' title='bbox 2375 2433 2577 2488; x_wconf 90' lang='lat' dir='ltr'><strong>nostris</strong></span> <span class='ocrx_word' id='word_1_487' title='bbox 2611 2433 2752 2487; x_wconf 90' lang='lat' dir='ltr'><strong>idem</strong></span> <span class='ocrx_word' id='word_1_488' title='bbox 2786 2433 3106 2502; x_wconf 86' lang='lat' dir='ltr'><strong>unigenitus</strong></span> <span class='ocrx_word' id='word_1_489' title='bbox 3132 2431 3299 2487; x_wconf 86' lang='lat' dir='ltr'><strong>Jesus</strong></span> <span class='ocrx_word' id='word_1_490' title='bbox 3334 2430 3568 2486; x_wconf 88' lang='lat' dir='ltr'><strong>Christus</strong></span> <span class='ocrx_word' id='word_1_491' title='bbox 3590 2427 3719 2482; x_wconf 82' lang='lat' dir='ltr'><strong>Filius</strong></span> <span class='ocrx_word' id='word_1_492' title='bbox 3745 2435 3832 2489; x_wconf 75' lang='lat' dir='ltr'><strong>tntis;</strong></span> 
     </span>
    </p>
   </div>
   <div class='ocr_carea' id='block_1_69' title="bbox 2375 2520 3830 2593">
    <p class='ocr_par' dir='ltr' id='par_1_69' title="bbox 2375 2520 3830 2593">
     <span class='ocr_line' id='line_1_69' title="bbox 2375 2520 3830 2593; baseline -0.006 -15"><span class='ocrx_word' id='word_1_493' title='bbox 2375 2523 2468 2593; x_wconf 89' lang='lat' dir='ltr'><strong>qui</strong></span> <span class='ocrx_word' id='word_1_494' title='bbox 2507 2523 2649 2578; x_wconf 88' lang='lat' dir='ltr'><strong>sicut</strong></span> <span class='ocrx_word' id='word_1_495' title='bbox 2687 2526 2961 2578; x_wconf 87' lang='lat' dir='ltr'><strong>nascendo</strong></span> <span class='ocrx_word' id='word_1_496' title='bbox 2993 2525 3067 2580; x_wconf 90' lang='lat' dir='ltr'><strong>de</strong></span> <span class='ocrx_word' id='word_1_497' title='bbox 3110 2532 3169 2578; x_wconf 88' lang='lat' dir='ltr'><strong>te</strong></span> <span class='ocrx_word' id='word_1_498' title='bbox 3201 2538 3335 2577; x_wconf 88' lang='lat' dir='ltr'><strong>vero</strong></span> <span class='ocrx_word' id='word_1_499' title='bbox 3361 2523 3466 2576; x_wconf 90' lang='lat' dir='ltr'><strong>Deo</strong></span> <span class='ocrx_word' id='word_1_500' title='bbox 3504 2520 3626 2573; x_wconf 89' lang='lat' dir='ltr'><strong>Deus</strong></span> <span class='ocrx_word' id='word_1_501' title='bbox 3646 2527 3706 2573; x_wconf 89' lang='lat' dir='ltr'><strong>est</strong></span> <span class='ocrx_word' id='word_1_502' title='bbox 3729 2532 3830 2579; x_wconf 70' lang='lat' dir='ltr'><strong>rem,</strong></span> 
     </span>
    </p>
   </div>
   <div class='ocr_carea' id='block_1_70' title="bbox 2377 2607 3831 2685">
    <p class='ocr_par' dir='ltr' id='par_1_70' title="bbox 2377 2607 3831 2685">
     <span class='ocr_line' id='line_1_70' title="bbox 2377 2607 3831 2685; baseline -0.006 -17"><span class='ocrx_word' id='word_1_503' title='bbox 2377 2614 2452 2668; x_wconf 92' lang='lat' dir='ltr'><strong>ita</strong></span> <span class='ocrx_word' id='word_1_504' title='bbox 2487 2614 2669 2670; x_wconf 90' lang='lat' dir='ltr'><strong>lumen</strong></span> <span class='ocrx_word' id='word_1_505' title='bbox 2705 2615 2771 2676; x_wconf 90' lang='lat' dir='ltr'><strong>de</strong></span> <span class='ocrx_word' id='word_1_506' title='bbox 2808 2614 3015 2670; x_wconf 91' lang='lat' dir='ltr'><strong>lumine</strong></span> <span class='ocrx_word' id='word_1_507' title='bbox 3054 2633 3069 2668; x_wconf 92' lang='lat'><strong>:</strong></span> <span class='ocrx_word' id='word_1_508' title='bbox 3104 2614 3163 2669; x_wconf 91' lang='lat' dir='ltr'><strong>in</strong></span> <span class='ocrx_word' id='word_1_509' title='bbox 3202 2630 3313 2685; x_wconf 90' lang='lat' dir='ltr'><strong>quo</strong></span> <span class='ocrx_word' id='word_1_510' title='bbox 3345 2612 3536 2668; x_wconf 86' lang='lat' dir='ltr'><strong>lumine</strong></span> <span class='ocrx_word' id='word_1_511' title='bbox 3563 2622 3638 2665; x_wconf 89' lang='lat' dir='ltr'><strong>tuo</strong></span> <span class='ocrx_word' id='word_1_512' title='bbox 3663 2609 3771 2664; x_wconf 85' lang='lat' dir='ltr'><strong>credo</strong></span> <span class='ocrx_word' id='word_1_513' title='bbox 3787 2607 3831 2658; x_wconf 80' lang='lat' dir='ltr'><strong>ri-</strong></span> 
     </span>
    </p>
   </div>
   <div class='ocr_carea' id='block_1_71' title="bbox 2377 2699 3831 2776">
    <p class='ocr_par' dir='ltr' id='par_1_71' title="bbox 2377 2699 3831 2776">
     <span class='ocr_line' id='line_1_71' title="bbox 2377 2699 3831 2776; baseline -0.008 -14"><span class='ocrx_word' id='word_1_514' title='bbox 2377 2706 2622 2762; x_wconf 90' lang='lat' dir='ltr'><strong>debimus</strong></span> <span class='ocrx_word' id='word_1_515' title='bbox 2661 2707 2868 2774; x_wconf 88' lang='lat' dir='ltr'><strong>lumen,</strong></span> <span class='ocrx_word' id='word_1_516' title='bbox 2899 2708 3115 2772; x_wconf 91' lang='lat' dir='ltr'><strong>lumen,</strong></span> <span class='ocrx_word' id='word_1_517' title='bbox 3167 2709 3417 2776; x_wconf 88' lang='lat' dir='ltr'><strong>inquam,</strong></span> <span class='ocrx_word' id='word_1_518' title='bbox 3459 2719 3620 2760; x_wconf 87' lang='lat' dir='ltr'><strong>verum</strong></span> <span class='ocrx_word' id='word_1_519' title='bbox 3647 2703 3744 2771; x_wconf 84' lang='lat' dir='ltr'><strong>quod</strong></span> <span class='ocrx_word' id='word_1_520' title='bbox 3767 2699 3831 2752; x_wconf 84' lang='lat' dir='ltr'><strong>illu-</strong></span> 
     </span>
    </p>
   </div>
   <div class='ocr_carea' id='block_1_72' title="bbox 2378 2793 3828 2860">
    <p class='ocr_par' dir='ltr' id='par_1_72' title="bbox 2378 2793 3828 2860">
     <span class='ocr_line' id='line_1_72' title="bbox 2378 2793 3828 2860; baseline -0.006 -9"><span class='ocrx_word' id='word_1_521' title='bbox 2378 2797 2549 2852; x_wconf 88' lang='lat' dir='ltr'><strong>minat</strong></span> <span class='ocrx_word' id='word_1_522' title='bbox 2582 2813 2799 2860; x_wconf 88' lang='lat' dir='ltr'><strong>omnem</strong></span> <span class='ocrx_word' id='word_1_523' title='bbox 2837 2799 3119 2853; x_wconf 89' lang='lat' dir='ltr'><strong>hominem</strong></span> <span class='ocrx_word' id='word_1_524' title='bbox 3165 2798 3469 2853; x_wconf 84' lang='lat' dir='ltr'><strong>venientem</strong></span> <span class='ocrx_word' id='word_1_525' title='bbox 3505 2796 3550 2849; x_wconf 91' lang='lat' dir='ltr'><strong>in</strong></span> <span class='ocrx_word' id='word_1_526' title='bbox 3589 2793 3828 2850; x_wconf 66' lang='lat' dir='ltr'><strong>mandante</strong></span> 
     </span>
    </p>
   </div>
   <div class='ocr_carea' id='block_1_73' title="bbox 2379 2888 3827 2961">
    <p class='ocr_par' dir='ltr' id='par_1_73' title="bbox 2379 2888 3827 2961">
     <span class='ocr_line' id='line_1_73' title="bbox 2379 2888 3827 2961; baseline -0.011 -15"><span class='ocrx_word' id='word_1_527' title='bbox 2379 2891 2510 2946; x_wconf 87' lang='lat' dir='ltr'><strong>dicit</strong></span> <span class='ocrx_word' id='word_1_528' title='bbox 2543 2908 2557 2945; x_wconf 90' lang='lat'><strong>:</strong></span> <span class='ocrx_word' id='word_1_529' title='bbox 2596 2889 2710 2961; x_wconf 83' lang='lat' dir='ltr'><strong>Ego</strong></span> <span class='ocrx_word' id='word_1_530' title='bbox 2748 2908 2867 2945; x_wconf 73' lang='lat' dir='ltr'><strong>sum</strong></span> <span class='ocrx_word' id='word_1_531' title='bbox 2913 2891 3008 2944; x_wconf 73' lang='lat' dir='ltr'><strong>tua:</strong></span> <span class='ocrx_word' id='word_1_532' title='bbox 3053 2891 3269 2946; x_wconf 78' lang='lat' dir='ltr'><strong>mundi.</strong></span> <span class='ocrx_word' id='word_1_533' title='bbox 3305 2889 3407 2956; x_wconf 81' lang='lat' dir='ltr'><strong>Qui</strong></span> <span class='ocrx_word' id='word_1_534' title='bbox 3446 2888 3646 2958; x_wconf 66' lang='lat' dir='ltr'><strong>sequitur</strong></span> <span class='ocrx_word' id='word_1_535' title='bbox 3676 2900 3745 2946; x_wconf 78' lang='lat' dir='ltr'><strong>nte,</strong></span> <span class='ocrx_word' id='word_1_536' title='bbox 3772 2896 3827 2931; x_wconf 72' lang='lat' dir='ltr'><strong>to:</strong></span> 
     </span>
    </p>
   </div>
   <div class='ocr_carea' id='block_1_74' title="bbox 2379 2969 3826 3046">
    <p class='ocr_par' dir='ltr' id='par_1_74' title="bbox 2379 2969 3826 3046">
     <span class='ocr_line' id='line_1_74' title="bbox 2379 2969 3826 3046; baseline -0.007 -12"><span class='ocrx_word' id='word_1_537' title='bbox 2379 2979 2612 3034; x_wconf 80' lang='lat' dir='ltr'><strong>ambulat</strong></span> <span class='ocrx_word' id='word_1_538' title='bbox 2646 2983 2701 3034; x_wconf 82' lang='lat' dir='ltr'><strong>in</strong></span> <span class='ocrx_word' id='word_1_539' title='bbox 2726 2981 2972 3046; x_wconf 78' lang='lat' dir='ltr'><strong>tenebris,</strong></span> <span class='ocrx_word' id='word_1_540' title='bbox 3003 2983 3100 3037; x_wconf 78' lang='lat' dir='ltr'><strong>sed</strong></span> <span class='ocrx_word' id='word_1_541' title='bbox 3148 2980 3362 3036; x_wconf 75' lang='lat' dir='ltr'><strong>habebit</strong></span> <span class='ocrx_word' id='word_1_542' title='bbox 3399 2979 3559 3033; x_wconf 77' lang='lat' dir='ltr'><strong>lumen</strong></span> <span class='ocrx_word' id='word_1_543' title='bbox 3588 2977 3696 3030; x_wconf 58' lang='lat' dir='ltr'><strong>vita.</strong></span> <span class='ocrx_word' id='word_1_544' title='bbox 3724 2969 3826 3038; x_wconf 79' lang='lat' dir='ltr'><strong>Siqui-</strong></span> 
     </span>
    </p>
   </div>
   <div class='ocr_carea' id='block_1_75' title="bbox 2380 3060 3827 3142">
    <p class='ocr_par' dir='ltr' id='par_1_75' title="bbox 2380 3060 3827 3142">
     <span class='ocr_line' id='line_1_75' title="bbox 2380 3060 3827 3142; baseline -0.008 -16"><span class='ocrx_word' id='word_1_545' title='bbox 2380 3071 2502 3126; x_wconf 87' lang='lat' dir='ltr'><strong>dem</strong></span> <span class='ocrx_word' id='word_1_546' title='bbox 2544 3080 2602 3126; x_wconf 92' lang='lat' dir='ltr'><strong>ut</strong></span> <span class='ocrx_word' id='word_1_547' title='bbox 2628 3074 2732 3127; x_wconf 91' lang='lat' dir='ltr'><strong>hoc</strong></span> <span class='ocrx_word' id='word_1_548' title='bbox 2759 3071 2938 3127; x_wconf 91' lang='lat' dir='ltr'><strong>lumen</strong></span> <span class='ocrx_word' id='word_1_549' title='bbox 2968 3074 3206 3128; x_wconf 88' lang='lat' dir='ltr'><strong>verbum</strong></span> <span class='ocrx_word' id='word_1_550' title='bbox 3243 3071 3550 3142; x_wconf 86' lang='lat' dir='ltr'><strong>sapientiam</strong></span> <span class='ocrx_word' id='word_1_551' title='bbox 3570 3082 3624 3120; x_wconf 88' lang='lat' dir='ltr'><strong>ac</strong></span> <span class='ocrx_word' id='word_1_552' title='bbox 3643 3075 3745 3119; x_wconf 78' lang='lat' dir='ltr'><strong>tuam</strong></span> <span class='ocrx_word' id='word_1_553' title='bbox 3765 3060 3827 3112; x_wconf 74' lang='lat' dir='ltr'><strong>vit-</strong></span> 
     </span>
    </p>
   </div>
   <div class='ocr_carea' id='block_1_76' title="bbox 2307 3151 3822 3238">
    <p class='ocr_par' dir='ltr' id='par_1_76' title="bbox 2307 3151 3822 3238">
     <span class='ocr_line' id='line_1_76' title="bbox 2307 3151 3822 3238; baseline -0.011 -21"><span class='ocrx_word' id='word_1_554' title='bbox 2307 3175 2352 3238; x_wconf 70' lang='grc' dir='ltr'><strong>ρ</strong></span> <span class='ocrx_word' id='word_1_555' title='bbox 2385 3169 2553 3216; x_wconf 87' lang='lat' dir='ltr'><strong>tutem</strong></span> <span class='ocrx_word' id='word_1_556' title='bbox 2596 3163 2850 3232; x_wconf 87' lang='lat' dir='ltr'><strong>prosequi</strong></span> <span class='ocrx_word' id='word_1_557' title='bbox 2878 3163 3212 3228; x_wconf 89' lang='lat' dir='ltr'><strong>valeremus,</strong></span> <span class='ocrx_word' id='word_1_558' title='bbox 3257 3178 3354 3232; x_wconf 90' lang='lat' dir='ltr'><strong>per</strong></span> <span class='ocrx_word' id='word_1_559' title='bbox 3375 3175 3523 3232; x_wconf 91' lang='lat' dir='ltr'><strong>quem</strong></span> <span class='ocrx_word' id='word_1_560' title='bbox 3549 3155 3685 3211; x_wconf 88' lang='lat' dir='ltr'><strong>fecisti</strong></span> <span class='ocrx_word' id='word_1_561' title='bbox 3704 3151 3822 3211; x_wconf 77' lang='lat' dir='ltr'><strong>omnia,</strong></span> 
     </span>
    </p>
   </div>
   <div class='ocr_carea' id='block_1_77' title="bbox 2380 3248 3825 3311">
    <p class='ocr_par' dir='ltr' id='par_1_77' title="bbox 2380 3248 3825 3311">
     <span class='ocr_line' id='line_1_77' title="bbox 2380 3248 3825 3311; baseline -0.01 -1"><span class='ocrx_word' id='word_1_562' title='bbox 2380 3255 2526 3310; x_wconf 86' lang='lat' dir='ltr'><strong>hunc</strong></span> <span class='ocrx_word' id='word_1_563' title='bbox 2551 3254 2746 3310; x_wconf 87' lang='lat' dir='ltr'><strong>Filium</strong></span> <span class='ocrx_word' id='word_1_564' title='bbox 2779 3263 2930 3310; x_wconf 89' lang='lat' dir='ltr'><strong>tuum</strong></span> <span class='ocrx_word' id='word_1_565' title='bbox 2959 3255 3184 3311; x_wconf 91' lang='lat' dir='ltr'><strong>voluisti</strong></span> <span class='ocrx_word' id='word_1_566' title='bbox 3225 3255 3345 3310; x_wconf 87' lang='lat' dir='ltr'><strong>ﬁeri</strong></span> <span class='ocrx_word' id='word_1_567' title='bbox 3383 3254 3514 3308; x_wconf 86' lang='lat' dir='ltr'><strong>inter</strong></span> <span class='ocrx_word' id='word_1_568' title='bbox 3533 3248 3692 3310; x_wconf 85' lang='lat' dir='ltr'><strong>omnia,</strong></span> <span class='ocrx_word' id='word_1_569' title='bbox 3713 3251 3752 3296; x_wconf 88' lang='lat' dir='ltr'><strong>ut</strong></span> <span class='ocrx_word' id='word_1_570' title='bbox 3773 3253 3825 3308; x_wconf 82' lang='lat' dir='ltr'><strong>pet</strong></span> 
     </span>
    </p>
   </div>
   <div class='ocr_carea' id='block_1_78' title="bbox 2380 3341 3820 3418">
    <p class='ocr_par' dir='ltr' id='par_1_78' title="bbox 2380 3341 3820 3418">
     <span class='ocr_line' id='line_1_78' title="bbox 2380 3341 3820 3418; baseline -0.01 -17"><span class='ocrx_word' id='word_1_571' title='bbox 2380 3361 2542 3416; x_wconf 82' lang='lat' dir='ltr'><strong>quem</strong></span> <span class='ocrx_word' id='word_1_572' title='bbox 2570 3346 2784 3402; x_wconf 83' lang='lat' dir='ltr'><strong>fuerant</strong></span> <span class='ocrx_word' id='word_1_573' title='bbox 2826 3356 3033 3414; x_wconf 89' lang='lat' dir='ltr'><strong>creata,</strong></span> <span class='ocrx_word' id='word_1_574' title='bbox 3065 3363 3169 3418; x_wconf 85' lang='lat' dir='ltr'><strong>per</strong></span> <span class='ocrx_word' id='word_1_575' title='bbox 3197 3347 3372 3417; x_wconf 88' lang='lat' dir='ltr'><strong>ipsum</strong></span> <span class='ocrx_word' id='word_1_576' title='bbox 3401 3348 3564 3399; x_wconf 89' lang='lat' dir='ltr'><strong>essent</strong></span> <span class='ocrx_word' id='word_1_577' title='bbox 3583 3345 3627 3392; x_wconf 86' lang='lat' dir='ltr'><strong>et</strong></span> <span class='ocrx_word' id='word_1_578' title='bbox 3657 3341 3820 3390; x_wconf 72' lang='lat' dir='ltr'><strong>recreata.</strong></span> 
     </span>
    </p>
   </div>
   <div class='ocr_carea' id='block_1_79' title="bbox 2312 3422 3824 3512">
    <p class='ocr_par' dir='ltr' id='par_1_79' title="bbox 2312 3422 3824 3512">
     <span class='ocr_line' id='line_1_79' title="bbox 2312 3422 3824 3512; baseline -0.021 -6"><span class='ocrx_word' id='word_1_579' title='bbox 2312 3496 2320 3506; x_wconf 78' lang='lat'><strong>.</strong></span> <span class='ocrx_word' id='word_1_580' title='bbox 2379 3448 2604 3510; x_wconf 69' lang='lat' dir='ltr'><strong>propter</strong></span> <span class='ocrx_word' id='word_1_581' title='bbox 2628 3456 2788 3509; x_wconf 86' lang='lat' dir='ltr'><strong>quem</strong></span> <span class='ocrx_word' id='word_1_582' title='bbox 2817 3441 3020 3506; x_wconf 87' lang='lat' dir='ltr'><strong>omnia,</strong></span> <span class='ocrx_word' id='word_1_583' title='bbox 3068 3449 3127 3498; x_wconf 87' lang='lat' dir='ltr'><strong>et</strong></span> <span class='ocrx_word' id='word_1_584' title='bbox 3171 3457 3270 3512; x_wconf 88' lang='lat' dir='ltr'><strong>per</strong></span> <span class='ocrx_word' id='word_1_585' title='bbox 3301 3453 3454 3510; x_wconf 90' lang='lat' dir='ltr'><strong>quem</strong></span> <span class='ocrx_word' id='word_1_586' title='bbox 3493 3432 3655 3491; x_wconf 84' lang='lat' dir='ltr'><strong>omnia.</strong></span> <span class='ocrx_word' id='word_1_587' title='bbox 3678 3427 3730 3482; x_wconf 76' lang='lat' dir='ltr'><strong>Ac</strong></span> <span class='ocrx_word' id='word_1_588' title='bbox 3758 3422 3824 3476; x_wconf 78' lang='lat' dir='ltr'><strong>ideo</strong></span> 
     </span>
    </p>
   </div>
   <div class='ocr_carea' id='block_1_80' title="bbox 2383 3512 3822 3590">
    <p class='ocr_par' dir='ltr' id='par_1_80' title="bbox 2383 3512 3822 3590">
     <span class='ocr_line' id='line_1_80' title="bbox 2383 3512 3822 3590; baseline -0.011 -6"><span class='ocrx_word' id='word_1_589' title='bbox 2383 3531 2526 3585; x_wconf 83' lang='lat' dir='ltr'><strong>hunc</strong></span> <span class='ocrx_word' id='word_1_590' title='bbox 2573 3531 2812 3586; x_wconf 80' lang='lat' dir='ltr'><strong>Verbum</strong></span> <span class='ocrx_word' id='word_1_591' title='bbox 2861 3547 2992 3587; x_wconf 89' lang='lat' dir='ltr'><strong>caro</strong></span> <span class='ocrx_word' id='word_1_592' title='bbox 3051 3533 3261 3589; x_wconf 88' lang='lat' dir='ltr'><strong>factum</strong></span> <span class='ocrx_word' id='word_1_593' title='bbox 3310 3529 3568 3590; x_wconf 88' lang='lat' dir='ltr'><strong>conﬁteor,</strong></span> <span class='ocrx_word' id='word_1_594' title='bbox 3608 3537 3690 3576; x_wconf 71' lang='lat' dir='ltr'><strong>sua:</strong></span> <span class='ocrx_word' id='word_1_595' title='bbox 3717 3512 3822 3572; x_wconf 72' lang='lat' dir='ltr'><strong>antis</strong></span> 
     </span>
    </p>
   </div>
   <div class='ocr_carea' id='block_1_81' title="bbox 2383 3611 3822 3690">
    <p class='ocr_par' dir='ltr' id='par_1_81' title="bbox 2383 3611 3822 3690">
     <span class='ocr_line' id='line_1_81' title="bbox 2383 3611 3822 3690; baseline -0.013 -15"><span class='ocrx_word' id='word_1_596' title='bbox 2383 3620 2734 3690; x_wconf 90' lang='lat' dir='ltr'><strong>conceptione</strong></span> <span class='ocrx_word' id='word_1_597' title='bbox 2761 3629 3103 3690; x_wconf 88' lang='lat' dir='ltr'><strong>conceptum,</strong></span> <span class='ocrx_word' id='word_1_598' title='bbox 3131 3631 3187 3677; x_wconf 90' lang='lat' dir='ltr'><strong>et</strong></span> <span class='ocrx_word' id='word_1_599' title='bbox 3218 3637 3328 3676; x_wconf 73' lang='lat' dir='ltr'><strong>sua:</strong></span> <span class='ocrx_word' id='word_1_600' title='bbox 3360 3617 3525 3675; x_wconf 88' lang='lat' dir='ltr'><strong>carnis</strong></span> <span class='ocrx_word' id='word_1_601' title='bbox 3549 3611 3755 3668; x_wconf 79' lang='lat' dir='ltr'><strong>nativitate</strong></span> <span class='ocrx_word' id='word_1_602' title='bbox 3770 3615 3822 3654; x_wconf 76' lang='lat' dir='ltr'><strong>na-</strong></span> 
     </span>
    </p>
   </div>
   <div class='ocr_carea' id='block_1_82' title="bbox 2384 3697 3818 3783">
    <p class='ocr_par' dir='ltr' id='par_1_82' title="bbox 2384 3697 3818 3783">
     <span class='ocr_line' id='line_1_82' title="bbox 2384 3697 3818 3783; baseline 0.002 -18"><span class='ocrx_word' id='word_1_603' title='bbox 2384 3719 2527 3775; x_wconf 90' lang='lat' dir='ltr'><strong>tum,</strong></span> <span class='ocrx_word' id='word_1_604' title='bbox 2578 3727 2685 3766; x_wconf 90' lang='lat' dir='ltr'><strong>non</strong></span> <span class='ocrx_word' id='word_1_605' title='bbox 2747 3713 3093 3783; x_wconf 88' lang='lat' dir='ltr'><strong>ad0ptivum,</strong></span> <span class='ocrx_word' id='word_1_606' title='bbox 3145 3716 3242 3770; x_wconf 89' lang='lat' dir='ltr'><strong>sed</strong></span> <span class='ocrx_word' id='word_1_607' title='bbox 3297 3709 3552 3783; x_wconf 86' lang='lat' dir='ltr'><strong>proprium</strong></span> <span class='ocrx_word' id='word_1_608' title='bbox 3603 3697 3818 3768; x_wconf 70' lang='grc' dir='ltr'><strong>υηίεεηίωω</strong></span> 
     </span>
    </p>
   </div>
   <div class='ocr_carea' id='block_1_83' title="bbox 2382 3790 3817 3874">
    <p class='ocr_par' dir='ltr' id='par_1_83' title="bbox 2382 3790 3817 3874">
     <span class='ocr_line' id='line_1_83' title="bbox 2382 3790 3817 3874; baseline -0.012 -20"><span class='ocrx_word' id='word_1_609' title='bbox 2382 3808 2556 3864; x_wconf 86' lang='lat' dir='ltr'><strong>tuum,</strong></span> <span class='ocrx_word' id='word_1_610' title='bbox 2599 3801 2894 3871; x_wconf 86' lang='lat' dir='ltr'><strong>perfectum</strong></span> <span class='ocrx_word' id='word_1_611' title='bbox 2926 3803 3095 3858; x_wconf 90' lang='lat' dir='ltr'><strong>Deum</strong></span> <span class='ocrx_word' id='word_1_612' title='bbox 3143 3803 3532 3874; x_wconf 86' lang='lat' dir='ltr'><strong>perfectumque</strong></span> <span class='ocrx_word' id='word_1_613' title='bbox 3571 3790 3817 3849; x_wconf 72' lang='lat' dir='ltr'><strong>hominem!</strong></span> 
     </span>
    </p>
   </div>
   <div class='ocr_carea' id='block_1_84' title="bbox 2388 3881 3816 3966">
    <p class='ocr_par' dir='ltr' id='par_1_84' title="bbox 2388 3881 3816 3966">
     <span class='ocr_line' id='line_1_84' title="bbox 2388 3881 3816 3966; baseline -0.012 -19"><span class='ocrx_word' id='word_1_614' title='bbox 2388 3901 2575 3947; x_wconf 85' lang='lat' dir='ltr'><strong>sancta</strong></span> <span class='ocrx_word' id='word_1_615' title='bbox 2605 3901 2660 3946; x_wconf 86' lang='lat' dir='ltr'><strong>et</strong></span> <span class='ocrx_word' id='word_1_616' title='bbox 2690 3893 3032 3949; x_wconf 87' lang='lat' dir='ltr'><strong>immaculata</strong></span> <span class='ocrx_word' id='word_1_617' title='bbox 3062 3908 3385 3966; x_wconf 88' lang='lat' dir='ltr'><strong>semperque</strong></span> <span class='ocrx_word' id='word_1_618' title='bbox 3424 3887 3600 3957; x_wconf 81' lang='lat' dir='ltr'><strong>virgine</strong></span> <span class='ocrx_word' id='word_1_619' title='bbox 3635 3881 3816 3933; x_wconf 63' lang='lat' dir='ltr'><strong>theolowﬂ</strong></span> 
     </span>
    </p>
   </div>
   <div class='ocr_carea' id='block_1_85' title="bbox 2384 3972 3815 4049">
    <p class='ocr_par' dir='ltr' id='par_1_85' title="bbox 2384 3972 3815 4049">
     <span class='ocr_line' id='line_1_85' title="bbox 2384 3972 3815 4049; baseline -0.012 -13"><span class='ocrx_word' id='word_1_620' title='bbox 2384 3982 2544 4037; x_wconf 87' lang='lat' dir='ltr'><strong>beata</strong></span> <span class='ocrx_word' id='word_1_621' title='bbox 2576 3984 2765 4049; x_wconf 85' lang='lat' dir='ltr'><strong>Maria,</strong></span> <span class='ocrx_word' id='word_1_622' title='bbox 2797 3986 3095 4041; x_wconf 89' lang='lat' dir='ltr'><strong>animatum</strong></span> <span class='ocrx_word' id='word_1_623' title='bbox 3133 3986 3315 4042; x_wconf 89' lang='lat' dir='ltr'><strong>anima</strong></span> <span class='ocrx_word' id='word_1_624' title='bbox 3340 3977 3580 4039; x_wconf 85' lang='lat' dir='ltr'><strong>rationali,</strong></span> <span class='ocrx_word' id='word_1_625' title='bbox 3606 3985 3698 4026; x_wconf 79' lang='lat' dir='ltr'><strong>vera</strong></span> <span class='ocrx_word' id='word_1_626' title='bbox 3721 3972 3815 4019; x_wconf 70' lang='lat' dir='ltr'><strong>carne</strong></span> 
     </span>
    </p>
   </div>
   <div class='ocr_carea' id='block_1_86' title="bbox 2386 4051 3816 4146">
    <p class='ocr_par' dir='ltr' id='par_1_86' title="bbox 2386 4051 3816 4146">
     <span class='ocr_line' id='line_1_86' title="bbox 2386 4051 3816 4146; baseline -0.018 -20"><span class='ocrx_word' id='word_1_627' title='bbox 2386 4073 2588 4143; x_wconf 86' lang='lat' dir='ltr'><strong>absque</strong></span> <span class='ocrx_word' id='word_1_628' title='bbox 2616 4082 2840 4143; x_wconf 89' lang='lat' dir='ltr'><strong>peccato</strong></span> <span class='ocrx_word' id='word_1_629' title='bbox 2876 4075 2942 4129; x_wconf 93' lang='lat' dir='ltr'><strong>de</strong></span> <span class='ocrx_word' id='word_1_630' title='bbox 2976 4074 3184 4146; x_wconf 89' lang='lat' dir='ltr'><strong>Spiritu</strong></span> <span class='ocrx_word' id='word_1_631' title='bbox 3222 4082 3404 4131; x_wconf 90' lang='lat' dir='ltr'><strong>saneto</strong></span> <span class='ocrx_word' id='word_1_632' title='bbox 3431 4073 3686 4134; x_wconf 83' lang='lat' dir='ltr'><strong>conceptus,</strong></span> <span class='ocrx_word' id='word_1_633' title='bbox 3711 4063 3746 4107; x_wconf 89' lang='lat' dir='ltr'><strong>ut</strong></span> <span class='ocrx_word' id='word_1_634' title='bbox 3763 4051 3816 4146; x_wconf 51' lang='lat' dir='ltr'><strong>bo:</strong></span> 
     </span>
    </p>
   </div>
   <div class='ocr_carea' id='block_1_87' title="bbox 2386 4139 3813 4235">
    <p class='ocr_par' dir='ltr' id='par_1_87' title="bbox 2386 4139 3813 4235">
     <span class='ocr_line' id='line_1_87' title="bbox 2386 4139 3813 4235; baseline 0.001 -18"><span class='ocrx_word' id='word_1_635' title='bbox 2386 4164 2585 4218; x_wconf 83' lang='lat' dir='ltr'><strong>minem</strong></span> <span class='ocrx_word' id='word_1_636' title='bbox 2630 4181 2788 4235; x_wconf 91' lang='lat' dir='ltr'><strong>quem</strong></span> <span class='ocrx_word' id='word_1_637' title='bbox 2826 4167 2939 4222; x_wconf 90' lang='lat' dir='ltr'><strong>sola</strong></span> <span class='ocrx_word' id='word_1_638' title='bbox 2968 4167 3212 4224; x_wconf 87' lang='lat' dir='ltr'><strong>bonitate</strong></span> <span class='ocrx_word' id='word_1_639' title='bbox 3246 4173 3537 4227; x_wconf 85' lang='lat' dir='ltr'><strong>creaverat,</strong></span> <span class='ocrx_word' id='word_1_640' title='bbox 3563 4160 3750 4227; x_wconf 74' lang='grc' dir='ltr'><strong>(ιυειῐισῖυθ</strong></span> <span class='ocrx_word' id='word_1_641' title='bbox 3776 4139 3813 4194; x_wconf 58' lang='lat' dir='ltr'><strong>ad</strong></span> 
     </span>
    </p>
   </div>
   <div class='ocr_carea' id='block_1_88' title="bbox 2386 4244 3813 4326">
    <p class='ocr_par' dir='ltr' id='par_1_88' title="bbox 2386 4244 3813 4326">
     <span class='ocr_line' id='line_1_88' title="bbox 2386 4244 3813 4326; baseline -0.012 -17"><span class='ocrx_word' id='word_1_642' title='bbox 2386 4257 2673 4325; x_wconf 87' lang='lat' dir='ltr'><strong>imaginem</strong></span> <span class='ocrx_word' id='word_1_643' title='bbox 2703 4269 2754 4313; x_wconf 91' lang='lat' dir='ltr'><strong>et</strong></span> <span class='ocrx_word' id='word_1_644' title='bbox 2785 4273 2938 4313; x_wconf 90' lang='lat' dir='ltr'><strong>suam</strong></span> <span class='ocrx_word' id='word_1_645' title='bbox 2985 4261 3387 4316; x_wconf 87' lang='lat' dir='ltr'><strong>similitudinem</strong></span> <span class='ocrx_word' id='word_1_646' title='bbox 3415 4252 3618 4326; x_wconf 85' lang='lat' dir='ltr'><strong>perfecte</strong></span> <span class='ocrx_word' id='word_1_647' title='bbox 3646 4244 3813 4326; x_wconf 57' lang='lat' dir='ltr'><strong>formate</strong></span> 
     </span>
    </p>
   </div>
   <div class='ocr_carea' id='block_1_89' title="bbox 2389 4324 3810 4416">
    <p class='ocr_par' dir='ltr' id='par_1_89' title="bbox 2389 4324 3810 4416">
     <span class='ocr_line' id='line_1_89' title="bbox 2389 4324 3810 4416; baseline -0.014 -18"><span class='ocrx_word' id='word_1_648' title='bbox 2389 4353 2488 4407; x_wconf 88' lang='lat' dir='ltr'><strong>rat,</strong></span> <span class='ocrx_word' id='word_1_649' title='bbox 2507 4324 2712 4416; x_wconf 15' lang='lat' dir='ltr'><strong>isponte</strong></span> <span class='ocrx_word' id='word_1_650' title='bbox 2734 4348 2800 4403; x_wconf 91' lang='lat' dir='ltr'><strong>de</strong></span> <span class='ocrx_word' id='word_1_651' title='bbox 2829 4347 2934 4402; x_wconf 90' lang='lat' dir='ltr'><strong>hoc</strong></span> <span class='ocrx_word' id='word_1_652' title='bbox 2977 4343 3253 4403; x_wconf 86' lang='lat' dir='ltr'><strong>schemate</strong></span> <span class='ocrx_word' id='word_1_653' title='bbox 3285 4324 3479 4416; x_wconf 81' lang='lat' dir='ltr'><strong>lapsum</strong></span> <span class='ocrx_word' id='word_1_654' title='bbox 3520 4324 3810 4416; x_wconf 71' lang='lat' dir='ltr'><strong>misericorditer</strong></span> 
     </span>
    </p>
   </div>
   <div class='ocr_carea' id='block_1_90' title="bbox 2388 4413 3812 4512">
    <p class='ocr_par' dir='ltr' id='par_1_90' title="bbox 2388 4413 3812 4512">
     <span class='ocr_line' id='line_1_90' title="bbox 2388 4413 3812 4512; baseline 0.009 -20"><span class='ocrx_word' id='word_1_655' title='bbox 2388 4413 2699 4509; x_wconf 77' lang='lat' dir='ltr'><strong>repararet,</strong></span> <span class='ocrx_word' id='word_1_656' title='bbox 2742 4449 3162 4512; x_wconf 89' lang='lat' dir='ltr'><strong>reparatumque</strong></span> <span class='ocrx_word' id='word_1_657' title='bbox 3204 4413 3458 4496; x_wconf 82' lang='lat' dir='ltr'><strong>catholico</strong></span> <span class='ocrx_word' id='word_1_658' title='bbox 3493 4420 3744 4512; x_wconf 29' lang='lat' dir='ltr'><strong>baptism“,s</strong></span> <span class='ocrx_word' id='word_1_659' title='bbox 3768 4413 3812 4464; x_wconf 41' lang='grc' dir='ltr'><strong>ιθ</strong></span> 
     </span>
    </p>
   </div>
   <div class='ocr_carea' id='block_1_91' title="bbox 709 4511 3805 4602">
    <p class='ocr_par' dir='ltr' id='par_1_91' title="bbox 709 4511 3805 4602">
     <span class='ocr_line' id='line_1_91' title="bbox 709 4511 3805 4602; baseline -0.005 -17"><span class='ocrx_word' id='word_1_660' title='bbox 709 4531 919 4602; x_wconf 80' lang='lat' dir='ltr'><strong>genitor</strong></span> <span class='ocrx_word' id='word_1_661' title='bbox 944 4546 1020 4596; x_wconf 91' lang='lat' dir='ltr'><strong>es,</strong></span> <span class='ocrx_word' id='word_1_662' title='bbox 1068 4531 1141 4584; x_wconf 90' lang='lat' dir='ltr'><strong>ita</strong></span> <span class='ocrx_word' id='word_1_663' title='bbox 1184 4532 1346 4586; x_wconf 89' lang='lat' dir='ltr'><strong>Pater</strong></span> <span class='ocrx_word' id='word_1_664' title='bbox 1373 4531 1440 4585; x_wconf 90' lang='lat' dir='ltr'><strong>ab</strong></span> <span class='ocrx_word' id='word_1_665' title='bbox 1466 4541 1668 4585; x_wconf 69' lang='lat' dir='ltr'><strong>aeterno</strong></span> <span class='ocrx_word' id='word_1_666' title='bbox 1693 4545 1770 4596; x_wconf 91' lang='lat' dir='ltr'><strong>es,</strong></span> <span class='ocrx_word' id='word_1_667' title='bbox 1805 4532 2056 4601; x_wconf 87' lang='lat' dir='ltr'><strong>quoniam</strong></span> <span class='ocrx_word' id='word_1_668' title='bbox 2089 4533 2285 4586; x_wconf 88' lang='lat' dir='ltr'><strong>immu—</strong></span> <span class='ocrx_word' id='word_1_669' title='bbox 2308 4530 2361 4590; x_wconf 90' lang='lat' dir='ltr'><strong>D</strong></span> <span class='ocrx_word' id='word_1_670' title='bbox 2389 4548 2569 4597; x_wconf 87' lang='lat' dir='ltr'><strong>vacro,</strong></span> <span class='ocrx_word' id='word_1_671' title='bbox 2605 4535 2688 4588; x_wconf 90' lang='lat' dir='ltr'><strong>sui</strong></span> <span class='ocrx_word' id='word_1_672' title='bbox 2717 4535 2879 4588; x_wconf 89' lang='lat' dir='ltr'><strong>etiam</strong></span> <span class='ocrx_word' id='word_1_673' title='bbox 2913 4511 3263 4590; x_wconf 82' lang='lat' dir='ltr'><strong>conﬁrmaret</strong></span> <span class='ocrx_word' id='word_1_674' title='bbox 3291 4528 3516 4601; x_wconf 89' lang='lat' dir='ltr'><strong>corporis</strong></span> <span class='ocrx_word' id='word_1_675' title='bbox 3545 4511 3805 4585; x_wconf 55' lang='lat' dir='ltr'><strong>sanguini“!Ile</strong></span> 
     </span>
    </p>
   </div>
   <div class='ocr_carea' id='block_1_92' title="bbox 707 4623 2284 4695">
    <p class='ocr_par' dir='ltr' id='par_1_92' title="bbox 707 4623 2284 4695">
     <span class='ocr_line' id='line_1_92' title="bbox 707 4623 2284 4695; baseline 0.001 -17"><span class='ocrx_word' id='word_1_676' title='bbox 707 4624 891 4678; x_wconf 82' lang='lat' dir='ltr'><strong>tabilis</strong></span> <span class='ocrx_word' id='word_1_677' title='bbox 918 4640 996 4678; x_wconf 91' lang='lat' dir='ltr'><strong>es.</strong></span> <span class='ocrx_word' id='word_1_678' title='bbox 1030 4623 1257 4692; x_wconf 91' lang='lat' dir='ltr'><strong>Semper</strong></span> <span class='ocrx_word' id='word_1_679' title='bbox 1297 4639 1424 4694; x_wconf 84' lang='lat' dir='ltr'><strong>ergo</strong></span> <span class='ocrx_word' id='word_1_680' title='bbox 1454 4623 1708 4678; x_wconf 78' lang='lat' dir='ltr'><strong>exstitisti</strong></span> <span class='ocrx_word' id='word_1_681' title='bbox 1736 4623 1916 4690; x_wconf 89' lang='lat' dir='ltr'><strong>Pater,</strong></span> <span class='ocrx_word' id='word_1_682' title='bbox 1948 4625 2039 4694; x_wconf 89' lang='lat' dir='ltr'><strong>qui</strong></span> <span class='ocrx_word' id='word_1_683' title='bbox 2069 4641 2284 4695; x_wconf 87' lang='lat' dir='ltr'><strong>semper</strong></span> 
     </span>
    </p>
   </div>
   <div class='ocr_carea' id='block_1_93' title="bbox 710 4713 2284 4787">
    <p class='ocr_par' dir='ltr' id='par_1_93' title="bbox 710 4713 2284 4787">
     <span class='ocr_line' id='line_1_93' title="bbox 710 4713 2284 4787; baseline 0.003 -20"><span class='ocrx_word' id='word_1_684' title='bbox 710 4713 947 4767; x_wconf 88' lang='lat' dir='ltr'><strong>habuisti</strong></span> <span class='ocrx_word' id='word_1_685' title='bbox 978 4713 1170 4766; x_wconf 89' lang='lat' dir='ltr'><strong>Filium</strong></span> <span class='ocrx_word' id='word_1_686' title='bbox 1201 4713 1286 4766; x_wconf 93' lang='lat' dir='ltr'><strong>cui</strong></span> <span class='ocrx_word' id='word_1_687' title='bbox 1314 4714 1577 4769; x_wconf 79' lang='lat' dir='ltr'><strong>existeres</strong></span> <span class='ocrx_word' id='word_1_688' title='bbox 1607 4715 1782 4769; x_wconf 87' lang='lat' dir='ltr'><strong>Pater.</strong></span> <span class='ocrx_word' id='word_1_689' title='bbox 1812 4715 1948 4781; x_wconf 84' lang='lat' dir='ltr'><strong>Quia</strong></span> <span class='ocrx_word' id='word_1_690' title='bbox 1976 4717 2158 4787; x_wconf 89' lang='lat' dir='ltr'><strong>itaque</strong></span> <span class='ocrx_word' id='word_1_691' title='bbox 2186 4718 2284 4771; x_wconf 88' lang='lat' dir='ltr'><strong>im-</strong></span> 
     </span>
    </p>
   </div>
   <div class='ocr_carea' id='block_1_94' title="bbox 708 4805 2281 4874">
    <p class='ocr_par' dir='ltr' id='par_1_94' title="bbox 708 4805 2281 4874">
     <span class='ocr_line' id='line_1_94' title="bbox 708 4805 2281 4874; baseline 0.003 -17"><span class='ocrx_word' id='word_1_692' title='bbox 708 4805 983 4860; x_wconf 89' lang='lat' dir='ltr'><strong>mutabilis</strong></span> <span class='ocrx_word' id='word_1_693' title='bbox 1025 4820 1104 4870; x_wconf 92' lang='lat' dir='ltr'><strong>es,</strong></span> <span class='ocrx_word' id='word_1_694' title='bbox 1148 4820 1361 4874; x_wconf 90' lang='lat' dir='ltr'><strong>semper</strong></span> <span class='ocrx_word' id='word_1_695' title='bbox 1402 4805 1551 4860; x_wconf 85' lang='lat' dir='ltr'><strong>fuisti</strong></span> <span class='ocrx_word' id='word_1_696' title='bbox 1582 4816 1643 4860; x_wconf 89' lang='lat' dir='ltr'><strong>ut</strong></span> <span class='ocrx_word' id='word_1_697' title='bbox 1682 4823 1759 4862; x_wconf 91' lang='lat' dir='ltr'><strong>es.</strong></span> <span class='ocrx_word' id='word_1_698' title='bbox 1809 4807 1877 4861; x_wconf 86' lang='lat' dir='ltr'><strong>Et</strong></span> <span class='ocrx_word' id='word_1_699' title='bbox 1921 4807 2041 4862; x_wconf 91' lang='lat' dir='ltr'><strong>ideo</strong></span> <span class='ocrx_word' id='word_1_700' title='bbox 2087 4808 2281 4862; x_wconf 88' lang='lat' dir='ltr'><strong>Filium</strong></span> 
     </span>
    </p>
   </div>
   <div class='ocr_carea' id='block_1_95' title="bbox 707 4895 2280 4966">
    <p class='ocr_par' dir='ltr' id='par_1_95' title="bbox 707 4895 2280 4966">
     <span class='ocr_line' id='line_1_95' title="bbox 707 4895 2280 4966; baseline 0.001 -17"><span class='ocrx_word' id='word_1_701' title='bbox 707 4911 816 4950; x_wconf 89' lang='lat' dir='ltr'><strong>non</strong></span> <span class='ocrx_word' id='word_1_702' title='bbox 861 4896 1092 4966; x_wconf 76' lang='lat' dir='ltr'><strong>proeisti,</strong></span> <span class='ocrx_word' id='word_1_703' title='bbox 1139 4895 1228 4965; x_wconf 90' lang='lat' dir='ltr'><strong>qui</strong></span> <span class='ocrx_word' id='word_1_704' title='bbox 1276 4910 1508 4965; x_wconf 89' lang='lat' dir='ltr'><strong>semper,</strong></span> <span class='ocrx_word' id='word_1_705' title='bbox 1555 4895 1715 4950; x_wconf 89' lang='lat' dir='ltr'><strong>Pater</strong></span> <span class='ocrx_word' id='word_1_706' title='bbox 1758 4905 1818 4949; x_wconf 93' lang='lat' dir='ltr'><strong>ut</strong></span> <span class='ocrx_word' id='word_1_707' title='bbox 1855 4913 2036 4962; x_wconf 87' lang='lat' dir='ltr'><strong>esses,</strong></span> <span class='ocrx_word' id='word_1_708' title='bbox 2084 4897 2280 4953; x_wconf 87' lang='lat' dir='ltr'><strong>Filium</strong></span> 
     </span>
    </p>
   </div>
   <div class='ocr_carea' id='block_1_96' title="bbox 710 4987 2282 5057">
    <p class='ocr_par' dir='ltr' id='par_1_96' title="bbox 710 4987 2282 5057">
     <span class='ocr_line' id='line_1_96' title="bbox 710 4987 2282 5057; baseline 0.001 -13"><span class='ocrx_word' id='word_1_709' title='bbox 710 4987 969 5052; x_wconf 84' lang='lat' dir='ltr'><strong>habuisti,</strong></span> <span class='ocrx_word' id='word_1_710' title='bbox 995 4987 1088 5056; x_wconf 91' lang='lat' dir='ltr'><strong>qui</strong></span> <span class='ocrx_word' id='word_1_711' title='bbox 1112 4988 1253 5041; x_wconf 91' lang='lat' dir='ltr'><strong>sicut</strong></span> <span class='ocrx_word' id='word_1_712' title='bbox 1277 5002 1376 5041; x_wconf 91' lang='lat' dir='ltr'><strong>nec</strong></span> <span class='ocrx_word' id='word_1_713' title='bbox 1405 4988 1614 5057; x_wconf 66' lang='lat' dir='ltr'><strong>coepisti</strong></span> <span class='ocrx_word' id='word_1_714' title='bbox 1645 4987 1699 5041; x_wconf 89' lang='lat' dir='ltr'><strong>id</strong></span> <span class='ocrx_word' id='word_1_715' title='bbox 1728 5003 1868 5050; x_wconf 90' lang='lat' dir='ltr'><strong>esse,</strong></span> <span class='ocrx_word' id='word_1_716' title='bbox 1896 4988 1968 5042; x_wconf 91' lang='lat' dir='ltr'><strong>ita</strong></span> <span class='ocrx_word' id='word_1_717' title='bbox 1997 5006 2092 5044; x_wconf 91' lang='lat' dir='ltr'><strong>nec</strong></span> <span class='ocrx_word' id='word_1_718' title='bbox 2117 4991 2282 5046; x_wconf 91' lang='lat' dir='ltr'><strong>etiam</strong></span> 
     </span>
    </p>
   </div>
   <div class='ocr_carea' id='block_1_97' title="bbox 712 5078 2296 5147">
    <p class='ocr_par' dir='ltr' id='par_1_97' title="bbox 712 5078 2296 5147">
     <span class='ocr_line' id='line_1_97' title="bbox 712 5078 2296 5147; baseline 0 -13"><span class='ocrx_word' id='word_1_719' title='bbox 712 5079 964 5134; x_wconf 89' lang='lat' dir='ltr'><strong>destitisti</strong></span> <span class='ocrx_word' id='word_1_720' title='bbox 1014 5097 1026 5131; x_wconf 89' lang='lat'>:</span> <span class='ocrx_word' id='word_1_721' title='bbox 1069 5080 1193 5147; x_wconf 91' lang='lat' dir='ltr'><strong>quia</strong></span> <span class='ocrx_word' id='word_1_722' title='bbox 1245 5087 1298 5130; x_wconf 91' lang='lat' dir='ltr'><strong>tu</strong></span> <span class='ocrx_word' id='word_1_723' title='bbox 1343 5078 1484 5131; x_wconf 87' lang='lat' dir='ltr'><strong>idem</strong></span> <span class='ocrx_word' id='word_1_724' title='bbox 1530 5079 1642 5147; x_wconf 90' lang='lat' dir='ltr'><strong>ipse</strong></span> <span class='ocrx_word' id='word_1_725' title='bbox 1688 5094 1747 5133; x_wconf 92' lang='lat' dir='ltr'><strong>es</strong></span> <span class='ocrx_word' id='word_1_726' title='bbox 1802 5079 1978 5147; x_wconf 89' lang='lat' dir='ltr'><strong>Pater,</strong></span> <span class='ocrx_word' id='word_1_727' title='bbox 2026 5081 2167 5135; x_wconf 89' lang='lat' dir='ltr'><strong>sicut</strong></span> <span class='ocrx_word' id='word_1_728' title='bbox 2215 5083 2296 5137; x_wconf 67' lang='lat' dir='ltr'><strong>ab,</strong></span> 
     </span>
    </p>
   </div>
   <div class='ocr_carea' id='block_1_98' title="bbox 712 5167 2287 5240">
    <p class='ocr_par' dir='ltr' id='par_1_98' title="bbox 712 5167 2287 5240">
     <span class='ocr_line' id='line_1_98' title="bbox 712 5167 2287 5240; baseline 0.003 -16"><span class='ocrx_word' id='word_1_729' title='bbox 712 5177 918 5224; x_wconf 63' lang='lat' dir='ltr'><strong>aeterno</strong></span> <span class='ocrx_word' id='word_1_730' title='bbox 943 5167 1111 5222; x_wconf 90' lang='lat' dir='ltr'><strong>fuisti.</strong></span> <span class='ocrx_word' id='word_1_731' title='bbox 1145 5168 1409 5234; x_wconf 91' lang='lat' dir='ltr'><strong>Quocirca</strong></span> <span class='ocrx_word' id='word_1_732' title='bbox 1455 5169 1593 5223; x_wconf 88' lang='lat' dir='ltr'><strong>sicut</strong></span> <span class='ocrx_word' id='word_1_733' title='bbox 1620 5185 1648 5222; x_wconf 90' lang='lat' dir='ltr'><strong>a</strong></span> <span class='ocrx_word' id='word_1_734' title='bbox 1674 5169 1939 5240; x_wconf 90' lang='lat' dir='ltr'><strong>principio</strong></span> <span class='ocrx_word' id='word_1_735' title='bbox 1983 5180 2108 5226; x_wconf 88' lang='lat' dir='ltr'><strong>ante</strong></span> <span class='ocrx_word' id='word_1_736' title='bbox 2151 5172 2287 5228; x_wconf 92' lang='lat' dir='ltr'><strong>luci-</strong></span> 
     </span>
    </p>
   </div>
   <div class='ocr_carea' id='block_1_99' title="bbox 713 5258 2287 5332">
    <p class='ocr_par' dir='ltr' id='par_1_99' title="bbox 713 5258 2287 5332">
     <span class='ocr_line' id='line_1_99' title="bbox 713 5258 2287 5332; baseline 0.004 -20"><span class='ocrx_word' id='word_1_737' title='bbox 713 5258 910 5321; x_wconf 90' lang='lat' dir='ltr'><strong>ferum,</strong></span> <span class='ocrx_word' id='word_1_738' title='bbox 956 5260 1027 5312; x_wconf 88' lang='lat' dir='ltr'><strong>ita</strong></span> <span class='ocrx_word' id='word_1_739' title='bbox 1061 5268 1113 5312; x_wconf 90' lang='lat' dir='ltr'><strong>te</strong></span> <span class='ocrx_word' id='word_1_740' title='bbox 1151 5259 1308 5313; x_wconf 90' lang='lat' dir='ltr'><strong>hodie</strong></span> <span class='ocrx_word' id='word_1_741' title='bbox 1337 5261 1584 5328; x_wconf 89' lang='lat' dir='ltr'><strong>genuisse</strong></span> <span class='ocrx_word' id='word_1_742' title='bbox 1611 5261 1811 5324; x_wconf 78' lang='lat' dir='ltr'><strong>dixisti,</strong></span> <span class='ocrx_word' id='word_1_743' title='bbox 1843 5275 1900 5314; x_wconf 85' lang='lat' dir='ltr'><strong>ut</strong></span> <span class='ocrx_word' id='word_1_744' title='bbox 1929 5278 2026 5318; x_wconf 87' lang='lat' dir='ltr'><strong>nec</strong></span> <span class='ocrx_word' id='word_1_745' title='bbox 2058 5265 2287 5332; x_wconf 63' lang='lat' dir='ltr'><strong>coepisse</strong></span> 
     </span>
    </p>
   </div>
   <div class='ocr_carea' id='block_1_100' title="bbox 713 5349 2287 5423">
    <p class='ocr_par' dir='ltr' id='par_1_100' title="bbox 713 5349 2287 5423">
     <span class='ocr_line' id='line_1_100' title="bbox 713 5349 2287 5423; baseline 0.004 -20"><span class='ocrx_word' id='word_1_746' title='bbox 713 5357 768 5403; x_wconf 91' lang='lat' dir='ltr'><strong>et</strong></span> <span class='ocrx_word' id='word_1_747' title='bbox 807 5349 1099 5419; x_wconf 88' lang='lat' dir='ltr'><strong>perfectam</strong></span> <span class='ocrx_word' id='word_1_748' title='bbox 1126 5364 1245 5404; x_wconf 89' lang='lat' dir='ltr'><strong>esse</strong></span> <span class='ocrx_word' id='word_1_749' title='bbox 1288 5353 1600 5406; x_wconf 85' lang='lat' dir='ltr'><strong>ostenderes</strong></span> <span class='ocrx_word' id='word_1_750' title='bbox 1638 5353 1939 5408; x_wconf 84' lang='lat' dir='ltr'><strong>istiusmodi</strong></span> <span class='ocrx_word' id='word_1_751' title='bbox 1982 5356 2287 5423; x_wconf 86' lang='lat' dir='ltr'><strong>generatio-</strong></span> 
     </span>
    </p>
   </div>
   <div class='ocr_carea' id='block_1_101' title="bbox 713 5441 2287 5516">
    <p class='ocr_par' dir='ltr' id='par_1_101' title="bbox 713 5441 2287 5516">
     <span class='ocr_line' id='line_1_101' title="bbox 713 5441 2287 5516; baseline 0.005 -22"><span class='ocrx_word' id='word_1_752' title='bbox 713 5455 837 5494; x_wconf 92' lang='lat' dir='ltr'><strong>nem</strong></span> <span class='ocrx_word' id='word_1_753' title='bbox 874 5441 1084 5511; x_wconf 84' lang='lat' dir='ltr'><strong>generis</strong></span> <span class='ocrx_word' id='word_1_754' title='bbox 1125 5441 1200 5494; x_wconf 89' lang='lat' dir='ltr'><strong>tui</strong></span> <span class='ocrx_word' id='word_1_755' title='bbox 1238 5457 1252 5494; x_wconf 87' lang='lat'><strong>:</strong></span> <span class='ocrx_word' id='word_1_756' title='bbox 1287 5441 1505 5505; x_wconf 83' lang='lat' dir='ltr'><strong>Tecum,</strong></span> <span class='ocrx_word' id='word_1_757' title='bbox 1558 5444 1838 5513; x_wconf 88' lang='lat' dir='ltr'><strong>inquiens,</strong></span> <span class='ocrx_word' id='word_1_758' title='bbox 1880 5447 2192 5516; x_wconf 80' lang='lat' dir='ltr'><strong>principium</strong></span> <span class='ocrx_word' id='word_1_759' title='bbox 2231 5448 2287 5502; x_wconf 87' lang='lat' dir='ltr'><strong>in</strong></span> 
     </span>
    </p>
   </div>
   <div class='ocr_carea' id='block_1_102' title="bbox 714 5531 2287 5603">
    <p class='ocr_par' dir='ltr' id='par_1_102' title="bbox 714 5531 2287 5603">
     <span class='ocr_line' id='line_1_102' title="bbox 714 5531 2287 5603; baseline 0.004 -17"><span class='ocrx_word' id='word_1_760' title='bbox 714 5531 801 5586; x_wconf 83' lang='lat' dir='ltr'><strong>die</strong></span> <span class='ocrx_word' id='word_1_761' title='bbox 836 5532 1040 5586; x_wconf 75' lang='lat' dir='ltr'><strong>virtutis</strong></span> <span class='ocrx_word' id='word_1_762' title='bbox 1075 5542 1197 5595; x_wconf 72' lang='lat' dir='ltr'><strong>tute,</strong></span> <span class='ocrx_word' id='word_1_763' title='bbox 1234 5533 1290 5586; x_wconf 88' lang='lat' dir='ltr'><strong>in</strong></span> <span class='ocrx_word' id='word_1_764' title='bbox 1316 5533 1674 5603; x_wconf 77' lang='lat' dir='ltr'><strong>splendoribus</strong></span> <span class='ocrx_word' id='word_1_765' title='bbox 1702 5547 2025 5601; x_wconf 81' lang='lat' dir='ltr'><strong>sanctorum,</strong></span> <span class='ocrx_word' id='word_1_766' title='bbox 2059 5549 2178 5592; x_wconf 87' lang='lat' dir='ltr'><strong>ante</strong></span> <span class='ocrx_word' id='word_1_767' title='bbox 2203 5538 2287 5592; x_wconf 80' lang='lat' dir='ltr'><strong>lu—</strong></span> 
     </span>
    </p>
   </div>
   <div class='ocr_carea' id='block_1_103' title="bbox 717 5619 2286 5698">
    <p class='ocr_par' dir='ltr' id='par_1_103' title="bbox 717 5619 2286 5698">
     <span class='ocr_line' id='line_1_103' title="bbox 717 5619 2286 5698; baseline 0.005 -24"><span class='ocrx_word' id='word_1_768' title='bbox 717 5619 934 5686; x_wconf 75' lang='lat' dir='ltr'><strong>ciferum</strong></span> <span class='ocrx_word' id='word_1_769' title='bbox 973 5622 1127 5691; x_wconf 83' lang='lat' dir='ltr'><strong>genui</strong></span> <span class='ocrx_word' id='word_1_770' title='bbox 1157 5631 1236 5686; x_wconf 83' lang='lat' dir='ltr'><strong>te;</strong></span> <span class='ocrx_word' id='word_1_771' title='bbox 1265 5631 1322 5676; x_wconf 89' lang='lat' dir='ltr'><strong>et</strong></span> <span class='ocrx_word' id='word_1_772' title='bbox 1355 5642 1367 5676; x_wconf 89' lang='lat'>:</span> <span class='ocrx_word' id='word_1_773' title='bbox 1411 5622 1584 5678; x_wconf 81' lang='lat' dir='ltr'><strong>Filius</strong></span> <span class='ocrx_word' id='word_1_774' title='bbox 1616 5643 1758 5680; x_wconf 75' lang='lat' dir='ltr'><strong>meus</strong></span> <span class='ocrx_word' id='word_1_775' title='bbox 1803 5644 1856 5680; x_wconf 78' lang='lat' dir='ltr'><strong>es</strong></span> <span class='ocrx_word' id='word_1_776' title='bbox 1903 5635 1981 5692; x_wconf 86' lang='lat' dir='ltr'><strong>tu,</strong></span> <span class='ocrx_word' id='word_1_777' title='bbox 2010 5644 2101 5698; x_wconf 85' lang='lat' dir='ltr'><strong>ego</strong></span> <span class='ocrx_word' id='word_1_778' title='bbox 2131 5628 2286 5683; x_wconf 85' lang='lat' dir='ltr'><strong>hodie</strong></span> 
     </span>
    </p>
   </div>
   <div class='ocr_carea' id='block_1_104' title="bbox 717 5710 2284 5790">
    <p class='ocr_par' dir='ltr' id='par_1_104' title="bbox 717 5710 2284 5790">
     <span class='ocr_line' id='line_1_104' title="bbox 717 5710 2284 5790; baseline 0.012 -30"><span class='ocrx_word' id='word_1_779' title='bbox 717 5710 873 5778; x_wconf 81' lang='lat' dir='ltr'><strong>genui</strong></span> <span class='ocrx_word' id='word_1_780' title='bbox 902 5718 970 5764; x_wconf 89' lang='lat' dir='ltr'><strong>te.</strong></span> <span class='ocrx_word' id='word_1_781' title='bbox 997 5710 1092 5766; x_wconf 89' lang='lat' dir='ltr'><strong>Sui</strong></span> <span class='ocrx_word' id='word_1_782' title='bbox 1117 5726 1248 5782; x_wconf 84' lang='lat' dir='ltr'><strong>ergo</strong></span> <span class='ocrx_word' id='word_1_783' title='bbox 1285 5713 1609 5786; x_wconf 90' lang='lat' dir='ltr'><strong>principium</strong></span> <span class='ocrx_word' id='word_1_784' title='bbox 1651 5719 1961 5790; x_wconf 87' lang='lat' dir='ltr'><strong>designatur</strong></span> <span class='ocrx_word' id='word_1_785' title='bbox 1993 5729 2120 5778; x_wconf 90' lang='lat' dir='ltr'><strong>ante</strong></span> <span class='ocrx_word' id='word_1_786' title='bbox 2150 5721 2284 5778; x_wconf 88' lang='lat' dir='ltr'><strong>luci-</strong></span> 
     </span>
    </p>
   </div>
   <div class='ocr_carea' id='block_1_105' title="bbox 2385 4607 3809 4693">
    <p class='ocr_par' dir='ltr' id='par_1_105' title="bbox 2385 4607 3809 4693">
     <span class='ocr_line' id='line_1_105' title="bbox 2385 4607 3809 4693; baseline -0.018 -16"><span class='ocrx_word' id='word_1_787' title='bbox 2385 4625 2598 4679; x_wconf 88' lang='lat' dir='ltr'><strong>celebre</strong></span> <span class='ocrx_word' id='word_1_788' title='bbox 2633 4634 2989 4680; x_wconf 88' lang='lat' dir='ltr'><strong>sacramento.</strong></span> <span class='ocrx_word' id='word_1_789' title='bbox 3019 4625 3187 4693; x_wconf 90' lang='lat' dir='ltr'><strong>Quem</strong></span> <span class='ocrx_word' id='word_1_790' title='bbox 3223 4621 3474 4680; x_wconf 87' lang='lat' dir='ltr'><strong>veraciter</strong></span> <span class='ocrx_word' id='word_1_791' title='bbox 3506 4608 3742 4670; x_wconf 80' lang='lat' dir='ltr'><strong>cruciﬁxum</strong></span> <span class='ocrx_word' id='word_1_792' title='bbox 3762 4607 3809 4647; x_wconf 59' lang='lat' dir='ltr'><strong>se</strong></span> 
     </span>
    </p>
   </div>
   <div class='ocr_carea' id='block_1_106' title="bbox 2385 4697 3804 4784">
    <p class='ocr_par' dir='ltr' id='par_1_106' title="bbox 2385 4697 3804 4784">
     <span class='ocr_line' id='line_1_106' title="bbox 2385 4697 3804 4784; baseline -0.013 -17"><span class='ocrx_word' id='word_1_793' title='bbox 2385 4715 2617 4768; x_wconf 91' lang='lat' dir='ltr'><strong>cundum</strong></span> <span class='ocrx_word' id='word_1_794' title='bbox 2649 4715 3094 4784; x_wconf 89' lang='lat' dir='ltr'><strong>assumptionem,</strong></span> <span class='ocrx_word' id='word_1_795' title='bbox 3131 4731 3237 4770; x_wconf 90' lang='lat' dir='ltr'><strong>non</strong></span> <span class='ocrx_word' id='word_1_796' title='bbox 3269 4721 3436 4768; x_wconf 86' lang='lat' dir='ltr'><strong>autem</strong></span> <span class='ocrx_word' id='word_1_797' title='bbox 3463 4699 3694 4761; x_wconf 86' lang='lat' dir='ltr'><strong>secundum</strong></span> <span class='ocrx_word' id='word_1_798' title='bbox 3717 4697 3804 4740; x_wconf 55' lang='grc' dir='ltr'><strong>ω’</strong></span> 
     </span>
    </p>
   </div>
   <div class='ocr_carea' id='block_1_107' title="bbox 2385 4786 3803 4875">
    <p class='ocr_par' dir='ltr' id='par_1_107' title="bbox 2385 4786 3803 4875">
     <span class='ocr_line' id='line_1_107' title="bbox 2385 4786 3803 4875; baseline -0.007 -15"><span class='ocrx_word' id='word_1_799' title='bbox 2385 4806 2582 4860; x_wconf 92' lang='lat' dir='ltr'><strong>mentis</strong></span> <span class='ocrx_word' id='word_1_800' title='bbox 2624 4807 2915 4874; x_wconf 88' lang='lat' dir='ltr'><strong>virtutem,</strong></span> <span class='ocrx_word' id='word_1_801' title='bbox 2960 4808 3239 4875; x_wconf 89' lang='lat' dir='ltr'><strong>conﬁteor,</strong></span> <span class='ocrx_word' id='word_1_802' title='bbox 3277 4815 3332 4863; x_wconf 90' lang='lat' dir='ltr'><strong>et</strong></span> <span class='ocrx_word' id='word_1_803' title='bbox 3372 4803 3434 4859; x_wconf 90' lang='lat' dir='ltr'><strong>ad</strong></span> <span class='ocrx_word' id='word_1_804' title='bbox 3473 4798 3637 4855; x_wconf 85' lang='lat' dir='ltr'><strong>inferos</strong></span> 
     </span>
    </p>
   </div>
   <div class='ocr_carea' id='block_1_108' title="bbox 2383 4869 3798 4970">
    <p class='ocr_par' dir='ltr' id='par_1_108' title="bbox 2383 4869 3798 4970">
     <span class='ocr_line' id='line_1_108' title="bbox 2383 4869 3798 4970; baseline 0.008 -19"><span class='ocrx_word' id='word_1_805' title='bbox 2383 4897 2546 4964; x_wconf 91' lang='lat' dir='ltr'><strong>disse,</strong></span> <span class='ocrx_word' id='word_1_806' title='bbox 2587 4915 2910 4970; x_wconf 90' lang='lat' dir='ltr'><strong>suorumque</strong></span> <span class='ocrx_word' id='word_1_807' title='bbox 2940 4901 3308 4957; x_wconf 86' lang='lat' dir='ltr'><strong>liberationem</strong></span> <span class='ocrx_word' id='word_1_808' title='bbox 3347 4895 3466 4952; x_wconf 82' lang='lat' dir='ltr'><strong>inibi</strong></span> <span class='ocrx_word' id='word_1_809' title='bbox 3494 4889 3650 4959; x_wconf 71' lang='grc' dir='ltr'><strong>θόίδδθν</strong></span> <span class='ocrx_word' id='word_1_810' title='bbox 3683 4869 3798 4969; x_wconf 56' lang='lat' dir='ltr'><strong>“,‘m</strong></span> 
     </span>
    </p>
   </div>
   <div class='ocr_carea' id='block_1_109' title="bbox 2388 4969 3802 5054">
    <p class='ocr_par' dir='ltr' id='par_1_109' title="bbox 2388 4969 3802 5054">
     <span class='ocr_line' id='line_1_109' title="bbox 2388 4969 3802 5054; baseline -0.013 -12"><span class='ocrx_word' id='word_1_811' title='bbox 2388 4988 2543 5042; x_wconf 86' lang='lat' dir='ltr'><strong>tertia</strong></span> <span class='ocrx_word' id='word_1_812' title='bbox 2581 4969 2923 5045; x_wconf 9' lang='lat' dir='ltr'><strong>veracissirme</strong></span> <span class='ocrx_word' id='word_1_813' title='bbox 2953 4993 3330 5054; x_wconf 82' lang='lat' dir='ltr'><strong>resurrexisse,</strong></span> <span class='ocrx_word' id='word_1_814' title='bbox 3360 4996 3409 5040; x_wconf 90' lang='lat' dir='ltr'><strong>et</strong></span> <span class='ocrx_word' id='word_1_815' title='bbox 3441 4996 3546 5038; x_wconf 84' lang='lat' dir='ltr'><strong>eum</strong></span> <span class='ocrx_word' id='word_1_816' title='bbox 3577 4972 3714 5031; x_wconf 82' lang='lat' dir='ltr'><strong>eadem</strong></span> <span class='ocrx_word' id='word_1_817' title='bbox 3737 4969 3802 5054; x_wconf 63' lang='grc' dir='ltr'><strong>ιιιεξ</strong></span> 
     </span>
    </p>
   </div>
   <div class='ocr_carea' id='block_1_110' title="bbox 2386 5045 3800 5152">
    <p class='ocr_par' dir='ltr' id='par_1_110' title="bbox 2386 5045 3800 5152">
     <span class='ocr_line' id='line_1_110' title="bbox 2386 5045 3800 5152; baseline -0.006 -17"><span class='ocrx_word' id='word_1_818' title='bbox 2386 5096 2551 5135; x_wconf 86' lang='lat' dir='ltr'><strong>carne</strong></span> <span class='ocrx_word' id='word_1_819' title='bbox 2597 5082 2894 5152; x_wconf 86' lang='lat' dir='ltr'><strong>gloriﬁcata</strong></span> <span class='ocrx_word' id='word_1_820' title='bbox 2938 5083 2993 5137; x_wconf 91' lang='lat' dir='ltr'><strong>in</strong></span> <span class='ocrx_word' id='word_1_821' title='bbox 3035 5087 3227 5140; x_wconf 63' lang='lat' dir='ltr'><strong>caelum</strong></span> <span class='ocrx_word' id='word_1_822' title='bbox 3267 5078 3564 5137; x_wconf 79' lang='lat' dir='ltr'><strong>ascendisse.</strong></span> <span class='ocrx_word' id='word_1_823' title='bbox 3597 5069 3638 5120; x_wconf 73' lang='grc' dir='ltr'><strong>ἱη</strong></span> <span class='ocrx_word' id='word_1_824' title='bbox 3670 5045 3800 5127; x_wconf 57' lang='grc' dir='ltr'><strong>(μηδ</strong></span> 
     </span>
    </p>
   </div>
   <div class='ocr_carea' id='block_1_111' title="bbox 2381 5152 3799 5245">
    <p class='ocr_par' dir='ltr' id='par_1_111' title="bbox 2381 5152 3799 5245">
     <span class='ocr_line' id='line_1_111' title="bbox 2381 5152 3799 5245; baseline -0.021 -18"><span class='ocrx_word' id='word_1_825' title='bbox 2381 5173 2642 5245; x_wconf 88' lang='lat' dir='ltr'><strong>judicium</strong></span> <span class='ocrx_word' id='word_1_826' title='bbox 2670 5175 2912 5230; x_wconf 84' lang='lat' dir='ltr'><strong>vivorum</strong></span> <span class='ocrx_word' id='word_1_827' title='bbox 2941 5185 2996 5231; x_wconf 88' lang='lat' dir='ltr'><strong>et</strong></span> <span class='ocrx_word' id='word_1_828' title='bbox 3035 5190 3356 5233; x_wconf 90' lang='lat' dir='ltr'><strong>mortuorum</strong></span> <span class='ocrx_word' id='word_1_829' title='bbox 3379 5169 3664 5238; x_wconf 79' lang='lat' dir='ltr'><strong>exspectatur</strong></span> <span class='ocrx_word' id='word_1_830' title='bbox 3684 5152 3799 5245; x_wconf 51' lang='lat' dir='ltr'><strong>ventu:</strong></span> 
     </span>
    </p>
   </div>
   <div class='ocr_carea' id='block_1_112' title="bbox 2386 5240 3796 5332">
    <p class='ocr_par' dir='ltr' id='par_1_112' title="bbox 2386 5240 3796 5332">
     <span class='ocr_line' id='line_1_112' title="bbox 2386 5240 3796 5332; baseline -0.021 -14"><span class='ocrx_word' id='word_1_831' title='bbox 2386 5278 2499 5318; x_wconf 87' lang='lat' dir='ltr'><strong>rus.</strong></span> <span class='ocrx_word' id='word_1_832' title='bbox 2530 5262 2908 5332; x_wconf 87' lang='lat' dir='ltr'><strong>Huiuscemodi</strong></span> <span class='ocrx_word' id='word_1_833' title='bbox 2942 5276 3274 5324; x_wconf 89' lang='lat' dir='ltr'><strong>sacramento</strong></span> <span class='ocrx_word' id='word_1_834' title='bbox 3299 5261 3637 5318; x_wconf 77' lang='lat' dir='ltr'><strong>resurrecturus</strong></span> <span class='ocrx_word' id='word_1_835' title='bbox 3657 5240 3796 5332; x_wconf 52' lang='lat' dir='ltr'><strong>cuncto?</strong></span> 
     </span>
    </p>
   </div>
   <div class='ocr_carea' id='block_1_113' title="bbox 2387 5331 3795 5428">
    <p class='ocr_par' dir='ltr' id='par_1_113' title="bbox 2387 5331 3795 5428">
     <span class='ocr_line' id='line_1_113' title="bbox 2387 5331 3795 5428; baseline -0.011 -19"><span class='ocrx_word' id='word_1_836' title='bbox 2387 5355 2646 5410; x_wconf 88' lang='lat' dir='ltr'><strong>conﬁteor</strong></span> <span class='ocrx_word' id='word_1_837' title='bbox 2673 5357 2918 5413; x_wconf 90' lang='lat' dir='ltr'><strong>homines</strong></span> <span class='ocrx_word' id='word_1_838' title='bbox 2946 5359 2999 5412; x_wconf 93' lang='lat' dir='ltr'><strong>in</strong></span> <span class='ocrx_word' id='word_1_839' title='bbox 3023 5360 3198 5414; x_wconf 89' lang='lat' dir='ltr'><strong>virum</strong></span> <span class='ocrx_word' id='word_1_840' title='bbox 3231 5336 3498 5428; x_wconf 85' lang='lat' dir='ltr'><strong>perfectum</strong></span> <span class='ocrx_word' id='word_1_841' title='bbox 3523 5345 3568 5398; x_wconf 92' lang='lat' dir='ltr'><strong>in</strong></span> <span class='ocrx_word' id='word_1_842' title='bbox 3591 5331 3795 5428; x_wconf 53' lang='lat' dir='ltr'><strong>tttensm&#39;:1</strong></span> 
     </span>
    </p>
   </div>
   <div class='ocr_carea' id='block_1_114' title="bbox 2382 5422 3792 5518">
    <p class='ocr_par' dir='ltr' id='par_1_114' title="bbox 2382 5422 3792 5518">
     <span class='ocr_line' id='line_1_114' title="bbox 2382 5422 3792 5518; baseline -0.036 5"><span class='ocrx_word' id='word_1_843' title='bbox 2382 5447 2559 5502; x_wconf 66' lang='grc' dir='ltr'><strong>ωιθίίε</strong></span> <span class='ocrx_word' id='word_1_844' title='bbox 2584 5447 2929 5518; x_wconf 78' lang='lat' dir='ltr'><strong>Plenitudinis</strong></span> <span class='ocrx_word' id='word_1_845' title='bbox 2966 5451 3189 5518; x_wconf 90' lang='lat' dir='ltr'><strong>Christi,</strong></span> <span class='ocrx_word' id='word_1_846' title='bbox 3218 5422 3316 5505; x_wconf 81' lang='lat' dir='ltr'><strong>non</strong></span> <span class='ocrx_word' id='word_1_847' title='bbox 3341 5451 3554 5500; x_wconf 87' lang='lat' dir='ltr'><strong>naturam</strong></span> <span class='ocrx_word' id='word_1_848' title='bbox 3591 5432 3662 5483; x_wconf 85' lang='lat' dir='ltr'><strong>aut</strong></span> <span class='ocrx_word' id='word_1_849' title='bbox 3677 5422 3792 5518; x_wconf 55' lang='lat' dir='ltr'><strong>soliti&quot;</strong></span> 
     </span>
    </p>
   </div>
   <div class='ocr_carea' id='block_1_115' title="bbox 2381 5502 3791 5618">
    <p class='ocr_par' dir='ltr' id='par_1_115' title="bbox 2381 5502 3791 5618">
     <span class='ocr_line' id='line_1_115' title="bbox 2381 5502 3791 5618; baseline -0.004 -26"><span class='ocrx_word' id='word_1_850' title='bbox 2381 5502 2655 5603; x_wconf 78' lang='lat' dir='ltr'><strong>mutando,</strong></span> <span class='ocrx_word' id='word_1_851' title='bbox 2683 5541 2776 5595; x_wconf 88' lang='lat' dir='ltr'><strong>sed</strong></span> <span class='ocrx_word' id='word_1_852' title='bbox 2800 5549 3004 5597; x_wconf 89' lang='lat' dir='ltr'><strong>tantum</strong></span> <span class='ocrx_word' id='word_1_853' title='bbox 3029 5502 3357 5618; x_wconf 76' lang='lat' dir='ltr'><strong>fragilitatem</strong></span> <span class='ocrx_word' id='word_1_854' title='bbox 3377 5543 3424 5591; x_wconf 91' lang='lat' dir='ltr'><strong>et</strong></span> <span class='ocrx_word' id='word_1_855' title='bbox 3442 5502 3791 5618; x_wconf 86' lang='lat' dir='ltr'><strong>vitia</strong></span> 
     </span>
    </p>
   </div>
   <div class='ocr_carea' id='block_1_116' title="bbox 2383 5597 3792 5707">
    <p class='ocr_par' dir='ltr' id='par_1_116' title="bbox 2383 5597 3792 5707">
     <span class='ocr_line' id='line_1_116' title="bbox 2383 5597 3792 5707; baseline 0.013 -18"><span class='ocrx_word' id='word_1_856' title='bbox 2383 5635 2784 5706; x_wconf 89' lang='lat' dir='ltr'><strong>secundumque</strong></span> <span class='ocrx_word' id='word_1_857' title='bbox 2828 5597 3142 5696; x_wconf 59' lang='lat' dir='ltr'><strong>studiorun:</strong></span> <span class='ocrx_word' id='word_1_858' title='bbox 3175 5648 3228 5696; x_wconf 91' lang='lat' dir='ltr'><strong>et</strong></span> <span class='ocrx_word' id='word_1_859' title='bbox 3268 5643 3465 5706; x_wconf 72' lang='lat' dir='ltr'><strong>operum</strong></span> <span class='ocrx_word' id='word_1_860' title='bbox 3500 5597 3792 5707; x_wconf 53' lang='lat' dir='ltr'><strong>amen.”</strong></span> 
     </span>
    </p>
   </div>
   <div class='ocr_carea' id='block_1_117' title="bbox 2383 5695 3788 5804">
    <p class='ocr_par' dir='ltr' id='par_1_117' title="bbox 2383 5695 3788 5804">
     <span class='ocr_line' id='line_1_117' title="bbox 2383 5695 3788 5804; baseline -0.029 -7"><span class='ocrx_word' id='word_1_861' title='bbox 2383 5726 2606 5796; x_wconf 68' lang='grc' dir='ltr'><strong>ετθιίαω</strong></span> <span class='ocrx_word' id='word_1_862' title='bbox 2652 5695 3100 5801; x_wconf 44' lang='grc' dir='ltr'><strong>Ρὲοροεὶιυωιιυε</strong></span> <span class='ocrx_word' id='word_1_863' title='bbox 3137 5695 3350 5804; x_wconf 74' lang='lat' dir='ltr'><strong>iustitiae</strong></span> <span class='ocrx_word' id='word_1_864' title='bbox 3385 5695 3788 5778; x_wconf 61' lang='lat' dir='ltr'><strong>bonitatisDeiw‘“</strong></span> 
     </span>
    </p>
   </div>
  </div>
