4062 6332
239 363 367 445 rm

236 504 401 566 tibus,
443 501 522 556 sic
561 497 680 554 aliis
709 496 766 552 in
808 491 1154 565 opprobrium
1198 495 1254 544 et
1299 487 1479 556 ignem
1529 492 1812 539 aetemum.
1844 487 1896 544 Α

235 588 509 648 Conﬁteor
551 589 712 642 etiam
758 586 898 655 quod
941 584 1174 639 divinam
1227 580 1628 645 humanamque
1677 574 1807 627 sub—

237 683 488 738 stantiam
529 676 585 734 in
609 689 838 748 utraque
864 675 1134 746 perfeCtus
1162 685 1324 725 unam
1356 667 1604 724 Christus
1633 681 1814 736 perso-

239 788 366 829 nam
396 769 721 843 gestaverit:
752 765 878 838 quia
927 779 1026 820 nec
1061 761 1352 834 geminavit
1382 759 1660 826 utriusque
1689 755 1815 809 sub-

237 861 453 918 stantiae
497 858 823 929 integritatis
868 867 1180 926 personam,
1217 866 1317 905 nec
1360 847 1603 903 confudit
1642 845 1813 915 gemi-

239 969 367 1008 nam
399 951 622 1005 unitatis
645 962 892 1018 persona:
934 941 1309 1000 substantiam.
1349 939 1592 994 Alterum
1619 937 1816 1006 quippe

189 1034 201 1041 ’
240 1051 435 1099 neuter
479 1033 742 1104 exclusit,
786 1038 912 1108 quia
959 1045 1247 1102 utrumque
1292 1043 1434 1086 unus
1494 1024 1817 1084 intemerato

235 1136 360 1205 jure
389 1117 656 1196 servavit,
687 1128 980 1184 secundum
1009 1125 1152 1196 quod
1180 1119 1349 1178 dicit:
1381 1118 1549 1174 Nemo
1585 1117 1818 1172 ascendit

241 1227 298 1280 in
340 1223 523 1279 omium
555 1223 653 1275 nisi
681 1221 770 1290 qui
805 1217 1068 1272 descendit
1106 1213 1170 1269 de
1200 1214 1346 1277 caelo,
1380 1210 1558 1284 Filius
1593 1207 1819 1262 hominis

242 1319 336 1388 qui
362 1325 435 1370 est
466 1317 521 1368 in‘
558 1313 702 1367 caelo.
731 1311 800 1365 Et
826 1312 915 1381 qui
941 1307 1236 1370 descendit,
1278 1307 1387 1375 ipse
1415 1312 1490 1357 est
1525 1311 1573 1355 et
1614 1301 1704 1370 qui
1735 1315 1821 1352 as-

243 1405 434 1461 cendit.
467 1403 714 1472 Magnum
743 1415 873 1471 ergo
909 1400 1014 1454 hoc
1036 1406 1120 1452 est
1148 1396 1366 1466 pietatis
1393 1398 1818 1455 sacramentum,

245 1495 388 1566 quod
425 1492 830 1548 manifestatum
856 1498 940 1544 est
971 1489 1024 1542 in
1051 1503 1238 1551 carne,
1269 1484 1626 1553 justiﬁeatum
1657 1491 1740 1536 est
1767 1481 1823 1535 in

245 1565 462 1654 spiritu,
492 1581 741 1652 apparuit
781 1579 1008 1650 angelis,
1048 1579 1399 1647 przedicatum
1427 1583 1513 1629 est
1551 1573 1822 1646 gentibus,
1861 1565 1864 1569 ’

247 1676 517 1732 creditum
547 1682 630 1729 est
670 1674 724 1727 in
752 1675 856 1728 hoc
885 1672 1106 1735 mundo,
1150 1679 1486 1739 assumptum
1517 1676 1599 1722 est
1628 1668 1683 1722 in
1719 1666 1829 1738 glo-

248 1767 348 1821 ria.
380 1766 473 1821 Sic
518 1767 597 1821 sic
623 1780 742 1835 qua:
783 1779 999 1819 sursum
1038 1771 1163 1818 sunt
1188 1761 1444 1832 sapiendo
1482 1761 1594 1815 vita
1638 1768 1825 1815 nostra

1473 365 1834 424 OPUSCULA
1847 406 1859 418 .
1902 361 2035 419 OPU
2045 360 2144 416 SC.
2188 360 2252 416 V.

3351 346 3490 424 ins

2132 475 2366 545 Denique
2384 489 2476 544 per
2496 470 2730 526 ordinem
2749 470 2954 525 eosdem
2978 471 3274 539 repetentes.
3342 480 3344 482 '

1982 567 2059 621 De
2085 567 2261 636 primo
2283 565 2556 620 sciendum
2582 571 2665 618 est
2699 563 2838 632 quod
2876 561 3178 616 nullatenus
3207 562 3366 617 aliter
3389 563 3495 617 nisi

1908 661 2061 733 juxta
2092 663 2234 732 quod
2280 660 2479 730 Regula
2520 659 2696 730 jubet,
2733 659 2849 713 ﬁeri
2890 659 3080 722 debet;
3114 660 3218 714 hoc
3254 667 3356 723 est,
3391 673 3498 713 non

1916 752 2150 808 alienum
2185 754 2276 806 sed
2300 752 2578 822 proprium
2599 760 2682 805 est
2701 748 2961 818 judicium
2991 749 3318 820 ponendum.

1987 842 2063 896 De
2093 843 2326 896 secundo
2356 841 2584 896 sollicite
2613 840 3060 897 considerandum
3091 841 3215 908 quia
3245 854 3350 894 non
3382 853 3500 893 om-

1916 931 2078 986 nibus
2111 931 2358 1000 personis
2403 929 2753 1000 suprascripti
2798 931 2996 1000 gradus
3037 931 3311 985 conveniri
3353 939 3485 1001 pote

1920 1036 2064 1081 runt.
2090 1026 2226 1094 Quia
2259 1026 2415 1081 aliter
2443 1023 2748 1097 corrigendi
2779 1032 2905 1080 sunt
2951 1025 3183 1090 honesti,
3215 1024 3372 1081 aliter
3399 1027 3506 1082 im-

1917 1121 2093 1189 probi.
2125 1114 2258 1173 Nam
2305 1112 2506 1190 Regula
2552 1119 2795 1190 praecipit
2830 1119 2894 1174 de
2937 1119 3279 1174 contumacia
3306 1128 3369 1174 ut
3413 1135 3504 1175 se-

1921 1212 2066 1265 crete
2097 1210 2261 1264 semel
2293 1219 2385 1264 aut
2425 1210 2508 1266 bis
2536 1211 2905 1265 admoneatur.
2949 1211 3017 1264 Et
3060 1210 3186 1266 alibi
3227 1211 3359 1266 dicit
3396 1229 3408 1264 :
3447 1210 3508 1266 Si

1923 1305 2210 1356 contumax
2249 1301 2434 1366 fuerit,
2461 1302 2527 1357 de
2557 1303 2884 1357 monasterio
2928 1303 3245 1371 expellatur.
3279 1300 3519 1358 Necesse

1923 1402 2008 1447 est
2035 1408 2164 1462 ergo
2192 1399 2252 1446 ut
2276 1393 2422 1462 justo
2444 1393 2813 1448 moderamine
2850 1402 3141 1463 utrumque
3163 1393 3511 1448 decernatur.

1925 1482 2169 1557 Qualiter
2221 1483 2518 1537 secundum
2566 1483 2831 1553 Regulam
2885 1492 2941 1538 et
2977 1491 3267 1539 contumax
3303 1492 3514 1539 secrete

1925 1575 2133 1629 moneri
2168 1575 2340 1644 possit
2362 1583 2416 1630 et
2441 1576 2507 1630 de
2548 1577 2880 1631 monasterio
2906 1571 3118 1646 expelli.
3157 1576 3251 1631 ille
3278 1591 3516 1646 namque

1927 1673 2136 1720 secrete
2161 1673 2245 1720 est
2286 1665 2654 1720 admonendus
2688 1683 2700 1719 :
2735 1666 2859 1736 quia
2891 1667 3016 1722 licet
3044 1666 3245 1736 aliquid
3272 1659 3518 1721 aPriore

1929 1757 2254 1827 imperatum
2278 1757 2541 1822 refutans,
2568 1774 2690 1813 mox
2718 1766 2898 1813 tamen
2919 1758 3237 1813 emendatus
3259 1758 3516 1814 emenda-

250 1855 565 1911 abscondita
611 1863 694 1910 est
738 1868 862 1909 cum
911 1853 1131 1908 Christo
1175 1853 1229 1908 in
1281 1852 1414 1907 Deo.
1460 1851 1594 1906 Cum
1648 1858 1827 1906 autem
1857 1851 1904 1910 B
1933 1849 2132 1900 tionem
2161 1846 2503 1916 promittens.
2539 1847 2640 1913 Qui
2675 1855 2728 1901 et
2772 1848 3026 1903 honestus
3057 1847 3182 1918 jure
3207 1847 3312 1902 dici
3357 1854 3515 1918 pote-

249 1945 498 2001 Cbristus
528 1945 839 2016 apparuerit
862 1945 973 2000 vita
1020 1952 1227 2009 nostra,
1259 1944 1440 2009 credo,
1484 1942 1730 2007 Domine,
1775 1949 1830 1996 et

253 2050 353 2090 nos
382 2036 766 2106 apparebimus
809 2049 930 2089 cum
960 2033 1077 2103 ipso
1112 2033 1166 2087 in
1197 2032 1388 2103 gloria,
1430 2047 1554 2087 cum
1584 2047 1692 2102 quo
1735 2031 1831 2086 tibi

253 2125 364 2180 Deo
392 2124 540 2180 Patri
581 2125 635 2179 in
669 2125 876 2180 unitate
909 2123 1144 2194 Spiritus
1173 2125 1345 2178 sancti
1374 2122 1554 2177 omnis
1580 2123 1756 2176 honor
1777 2127 1834 2175 et

253 2216 444 2288 gloria,
471 2217 662 2282 virtus,
691 2215 971 2285 maiestas,
1000 2223 1056 2270 et
1081 2214 1390 2285 imperium,
1428 2228 1492 2267 ac
1518 2211 1690 2266 nostri
1733 2211 1834 2266 mi—

253 2309 459 2363 seratio
487 2323 585 2378 per
612 2308 905 2363 indebitam
944 2306 1372 2363 misericordiam
1401 2312 1571 2369 tuam,
1599 2308 1834 2374 gratuita

252 2399 618 2469 prmveniente
647 2415 713 2454 ac
759 2387 1122 2468 subsequente
1165 2396 1339 2467 gratia
1377 2411 1443 2450 ex
1486 2410 1629 2450 nunc
1654 2402 1710 2449 et
1738 2409 1834 2465 per

254 2491 580 2546 immortalia
609 2489 805 2545 saecula
831 2489 1168 2545 saeculorum.
1194 2486 1385 2542 Amen.

982 2686 1088 2758 ν.

259 2837 616 2915 Excerptus
648 2833 1036 2915 diversarum
1083 2833 1302 2915 modus
1329 2832 1840 2915 paenitentiarum

284 2934 292 2947 '
346 2935 386 2975 a
429 2911 760 2981 Benedicto
815 2913 1029 2974 abbate
1063 2911 1473 2988 [Antanensi]
1504 2911 1840 2972 distinctus

346 2992 416 3054 de
445 2993 686 3072 Regula
715 2993 918 3053 sancti
940 2990 1256 3052 Benedicti
1282 2991 1545 3074 abbatis.

506 3115 673 3178 (Apud
699 3114 888 3177 Baluz.,
917 3113 1125 3176 Capitul.
1149 3119 1265 3163 tom.
1297 3112 1361 3174 ii,
1387 3126 1435 3175 p.
1463 3111 1627 3176 1585.)

1933 1937 2022 1991 r'it.
2051 1937 2118 1990 Et
2160 1937 2248 1991 ille
2277 1937 2342 1991 de
2371 1936 2698 1992 monasterio
2733 1937 3082 2008 expellendus
3108 1937 3199 2006 qui
3230 1945 3286 1992 et
3323 1947 3516 1992 contu-

1931 2041 2058 2081 max
2088 2026 2274 2080 existit
2298 2034 2354 2081 et
2394 2025 2538 2083 nullo
2557 2042 2795 2096 unquam
2833 2036 2991 2098 pacto
3023 2026 3321 2099 acquiescit
3345 2029 3521 2085 susci-

1932 2133 2063 2189 pere
2117 2119 2478 2188 disciplinam.
2543 2117 2715 2186 Quem
2777 2119 3086 2176 omnimodo
3143 2127 3520 2176 contumacem

1934 2209 2138 2281 Regula
2170 2219 2348 2266 vocat.
2398 2209 2549 2266 Unde
2577 2219 2633 2266 et
2660 2211 2854 2266 merito
2897 2212 3174 2282 improbus
3208 2219 3292 2268 est
3338 2213 3524 2268 dicen-

1935 2304 2056 2359 dus.
2083 2303 2401 2374 Quanquam
2431 2313 2489 2358 et
2514 2305 2816 2376 improbum
2848 2305 2996 2360 illum
3019 2307 3184 2361 etiam
3215 2315 3373 2363 vocet
3400 2308 3519 2379 qui,

1937 2392 2064 2448 licet
2094 2387 2406 2464 frequenter
2429 2395 2774 2466 corripiatur,
2822 2396 3116 2467 disciplinae
3160 2409 3342 2454 tamen
3369 2413 3524 2468 regu-

1937 2484 2038 2538 lari
2085 2501 2192 2541 non
2237 2487 2561 2542 contradicit
2592 2505 2604 2541 :
2635 2488 2726 2558 qui
2761 2487 3100 2544 honestatem
3147 2505 3309 2560 quam
3344 2491 3521 2561 prius,

1937 2578 2065 2632 dum
2090 2594 2150 2634 se
2191 2579 2481 2634 emendare
2515 2579 2797 2650 proﬁtens,
2835 2581 3036 2636 habere
3062 2578 3347 2637 videbatur
3365 2583 3528 2638 relin-

1937 2682 2129 2736 quens,
2164 2668 2231 2723 ad
2264 2668 2564 2745 improbam
2589 2669 2887 2739 duramque
2917 2678 3153 2726 mentem
3182 2672 3396 2728 transit.
3419 2671 3526 2728 Ne-

1939 2777 2063 2831 que,
2096 2771 2156 2816 ut
2201 2778 2363 2832 supra
2399 2763 2604 2818 dictum
2633 2771 2735 2829 est,
2773 2763 3021 2819 omnibus
3065 2764 3310 2835 personis
3335 2779 3530 2821 omnes

1941 2851 2140 2928 gradus
2195 2852 2474 2906 conveniri
2521 2861 2799 2923 poterunt;
2833 2854 2959 2922 quia
3001 2853 3253 2908 videlicet
3301 2855 3530 2910 diversa:

1942 2948 2068 2996 sunt
2095 2939 2385 3011 qualitates
2427 2943 2728 3009 mentium;
2757 2959 2828 2996 un
2859 2943 3002 2998 unde
3028 2941 3233 3014 [Forte,
3264 2952 3324 2998 ut
3361 2943 3530 3017 unde]

1942 3050 2082 3091 unus
2111 3036 2377 3103 medetur,
2404 3035 2528 3091 inde
2550 3036 2688 3090 alter
2707 3037 3014 3105 perimitur.
3033 3035 3374 3107 Quapropter
3395 3052 3531 3108 quo-

1944 3127 2194 3182 rumdam
2248 3127 2565 3182 verberibus
2603 3135 2729 3182 sunt
2769 3127 3082 3182 coercendae
3111 3142 3378 3197 personae,
3423 3127 3532 3183 mi-

333 3221 556 3276 Plurimi
582 3235 920 3290 nequaquam
956 3218 1186 3288 pleniter
1217 3217 1574 3289 intelligentes
1612 3215 1842 3287 judicio—
1869 3203 1914 3265 C
1945 3217 2092 3276 nime
2117 3232 2246 3272 vero
2286 3218 2662 3287 quorumdam.
2692 3218 2768 3272 De
2798 3209 3410 3288 quorum'qualitatibus
3427 3217 3532 3274 Re-

264 3327 386 3368 rum
424 3311 720 3367 sententias
749 3311 804 3364 in
833 3310 1036 3381 Regula
1072 3310 1242 3364 sancti
1271 3309 1450 3364 Patris
1476 3309 1645 3364 nostri
1677 3306 1845 3363 Bene-

265 3406 416 3468 dicti,
455 3404 612 3458 aliter
661 3419 822 3472 quam
852 3404 1108 3472 praecepit
1138 3403 1383 3472 judicare
1424 3402 1619 3456 solent.
1657 3401 1844 3456 Scien-

265 3495 394 3549 dum
423 3496 606 3563 itaque
645 3502 728 3548 est
751 3501 982 3562 quatuor
1011 3493 1084 3546 ibi
1134 3493 1399 3547 contineri
1439 3492 1626 3546 modos
1651 3491 1847 3560 quibus

267 3584 696 3654 delinquentium
723 3598 877 3638 error
901 3583 1212 3652 corrigitur.

339 3679 556 3733 Primus
588 3692 822 3748 namque
869 3685 953 3731 est
974 3691 1134 3746 quem
1162 3675 1305 3730 idem
1339 3674 1500 3728 Pater
1525 3672 1849 3729 Benedictus

268 3771 490 3842 proprio
533 3769 739 3837 judicio
795 3769 1192 3825 determinavit.
1236 3766 1308 3822 Ut
1341 3775 1426 3822 est
1457 3785 1470 3820 :
1503 3765 1602 3833 Qui
1628 3781 1725 3835 per
1753 3780 1850 3819 ne-

267 3862 582 3932 gligentiam
644 3869 885 3930 tempore
933 3861 1225 3915 constituto
1277 3859 1342 3914 ad
1380 3858 1686 3913 Nocturnos
1742 3873 1850 3911 non

265 3951 565 4020 pulsaverit
591 3950 821 4019 signum.
862 3949 1013 4004 Unde
1046 3950 1099 4003 in
1134 3949 1371 4004 oratorio
1399 3948 1651 4004 satisﬁeri
1674 3945 1846 4014 jubet.

273 4041 343 4094 Et
366 4041 458 4108 qui
482 4040 550 4094 ad
583 4040 820 4095 otiicium
851 4041 1091 4095 divinum
1119 4039 1271 4094 tarde
1317 4039 1633 4094 occurrerit.
1662 4039 1729 4092 Et
1757 4040 1851 4109 qui

273 4145 373 4199 per
408 4129 790 4200 negligentiam
821 4131 954 4184 hora
984 4128 1291 4194 refectionis
1320 4128 1386 4182 ad
1413 4144 1673 4183 mensam.
1711 4129 1777 4182 Et
1806 4130 1852 4184 si

273 4220 364 4279 cui
387 4218 613 4274 olfertur
639 4218 836 4288 aliquid
861 4235 890 4272 a
916 4219 1123 4281 Priore,
1152 4228 1205 4272 et
1235 4219 1478 4288 accipere
1503 4218 1760 4272 renuerit.
1786 4218 1854 4272 Et

270 4311 320 4364 si
352 4311 494 4379 quis,
524 4310 649 4364 dum
673 4311 984 4378 pronuntiat
1007 4309 1270 4380 psalmum
1303 4318 1396 4362 aut
1432 4309 1738 4375 lectionem,
1769 4308 1850 4363 fe-

274 4403 491 4458 fellerit.
523 4402 588 4455 Et
619 4403 708 4470 qui
737 4417 835 4472 pro
859 4402 1034 4471 aliqua
1063 4411 1177 4454 arte
1204 4399 1497 4455 extollitur.

351 4493 630 4547 Secundus
665 4502 748 4548 est
775 4493 839 4546 de
883 4492 1213 4562 spiritalibus
1237 4493 1415 4545 rebus.
1451 4489 1600 4544 Unde
1630 4490 1744 4558 ipse
1769 4489 1852 4544 di-

1948 3307 2073 3378 gula
2123 3308 2254 3363 dicit
2287 3327 2299 3361 :
2334 3307 2642 3363 Secundum
2674 3308 3119 3378 uniuscujusque,
3153 3309 3346 3378 inquit,
3397 3325 3533 3380 qua-

1947 3399 2156 3453 litatem
2181 3398 2267 3453 vel
2310 3398 2718 3467 intelligentiam
2755 3399 3006 3454 omnibus
3034 3414 3092 3454 se
3132 3399 3438 3456 conformet
3479 3408 3534 3458 et

1947 3496 2114 3556 aptet.
2163 3488 2403 3558 Itemque
2441 3488 2567 3544 alibi
2602 3505 2615 3542 :
2659 3487 2731 3543 Ut
2782 3489 2981 3545 viderit
3031 3489 3226 3560 cuique
3253 3492 3532 3561 expedire,

1949 3580 2246 3650 prudenter
2274 3587 2328 3634 et
2353 3595 2476 3634 cum
2510 3580 2776 3635 cbaritate
2806 3581 3019 3636 studeat
3059 3591 3344 3653 amputare
3375 3583 3531 3639 vitia.

1950 3679 2018 3734 Et
2045 3679 2339 3734 notandum
2368 3678 2472 3732 tria
2499 3678 2828 3748 inspicienda
2858 3693 3072 3749 semper
3092 3679 3146 3734 in
3163 3681 3368 3752 judicio
3390 3696 3534 3748 esse,

1950 3784 2240 3840 personam
2267 3768 2534 3832 videlicet,
2567 3768 2942 3834 intentionem,
2976 3776 3140 3840 atque
3187 3771 3406 3825 modum
3443 3787 3520 3826 ne-

1952 3863 2086 3916 licti.
2141 3862 2456 3925 Personam,
2505 3870 2686 3914 utrum
2730 3861 3002 3916 intellectu
3049 3871 3106 3917 et
3143 3863 3407 3918 modestia
3450 3863 3535 3918 vi--

1953 3963 2095 4026 geat,
2125 3953 2210 4008 vel
2250 3953 2445 4007 duritia
2473 3960 2526 4007 et
2552 3953 2923 4022 inquietudine
2949 3954 3148 4009 mentis
3171 3955 3535 4010 contradictor

1953 4045 2159 4101 existit.
2189 4044 2568 4109 intentionem,
2591 4053 2772 4098 utrum
2796 4045 2974 4100 studio
2999 4061 3066 4100 an
3090 4045 3408 4103 inﬁrmitate
3436 4047 3536 4102 de-

1954 4133 2193 4204 liquerit.
2229 4132 2462 4197 Modum,
2493 4142 2672 4187 utrum
2701 4135 2938 4204 graviter
2958 4135 3043 4190 vel
3063 4144 3210 4191 certe
3238 4135 3430 4192 leviter
3449 4152 3536 4192 er-

1956 4225 2176 4279 raverit.
2229 4221 2380 4278 Unde
2422 4231 2476 4277 et
2509 4222 2714 4292 Regula
2758 4224 2926 4278 dicit:
2961 4225 3271 4280 Secundum
3317 4227 3537 4299 modum

1957 4315 2128 4384 culpae
2176 4313 2751 4369 excommunicationis
2780 4315 2863 4369 vel
2915 4315 3215 4385 disciplinae
3249 4317 3410 4374 debet
3443 4333 3538 4372 ex-

1959 4404 2104 4459 tendi
2134 4419 2408 4458 mensura.
2437 4402 2606 4472 igitur
2655 4404 2832 4458 omnis
2859 4403 3174 4473 Spiritaliter
3221 4405 3539 4475 delinquens

1960 4494 2141 4548 tandiu
2182 4501 2392 4548 secrete
2424 4493 2631 4546 moneri
2679 4492 2839 4546 debet
2875 4492 3046 4546 donec
3094 4508 3154 4548 se
3202 4494 3374 4563 ipsum
3426 4496 3540 4565 ipse

277 4583 390 4637 cit:
421 4582 479 4635 Si
501 4584 620 4651 quis
648 4583 811 4637 frater
830 4561 1142 4645 contumax,
1169 4590 1262 4634 aut
1293 4579 1623 4645 inobediens,
1648 4589 1740 4634 aut
1766 4595 1856 4634 su-
1878 4561 1933 4621 D
1960 4585 2264 4654 improbum
2316 4582 2591 4637 reddendo
2619 4581 2688 4635 ab
2734 4582 2944 4636 occulto
2973 4561 3317 4638 transeat—ad
3359 4561 3540 4654 publi-

273 4676 498 4748 .perbus,
539 4683 633 4728 aut
669 4691 1030 4739 murmurans,
1080 4675 1164 4729 vel
1191 4675 1243 4728 in
1278 4675 1476 4744 aliquo,
1508 4674 1559 4727 id
1602 4683 1707 4738 est,
1747 4674 1856 4744 spi-

280 4767 425 4821 ritali
466 4775 698 4829 tantum,
741 4767 1046 4819 contrarius
1088 4767 1322 4820 existens
1369 4774 1569 4820 sancta:
1618 4765 1852 4836 Regula}.

282 4858 384 4924 Qui
419 4855 748 4925 proﬁciendo
797 4871 964 4924 usque
1013 4855 1080 4909 ad
1125 4865 1328 4922 septem
1374 4857 1570 4924 gradus
1616 4856 1858 4910 extendi-

256 4957 390 5021 _tur.
438 4946 661 5000 Occulte
710 4945 957 5000 videlicet
1002 4945 1284 5014 castigatio
1327 4944 1457 5015 [Αι.,
1497 4946 1854 5018 castigando],

283 5037 519 5108 publice
549 5037 924 5106 corripiendo,
983 5038 1036 5090 in
1089 5037 1377 5091 levioribus
1425 5036 1593 5104 culpis
1642 5052 1858 5090 excom-

284 5127 630 5190 municando,
677 5127 731 5180 in
773 5127 994 5197 jejuniis
1042 5125 1202 5180 nimis
1250 5127 1568 5196 ailligendo,
1625 5127 1860 5180 verberi-

283 5219 386 5273 bus
410 5215 728 5280 coercendo,
759 5230 857 5284 pro
901 5216 1088 5270 eodem
1129 5216 1469 5270 inemendato
1500 5215 1567 5268 ab
1609 5215 1860 5270 omnibus

287 5305 527 5370 orando,
577 5313 737 5373 atque
785 5304 853 5358 ad
905 5304 1155 5358 ultimum
1207 5305 1272 5358 de
1322 5303 1647 5358 monasterio
1682 5303 1862 5372 expel-

288 5396 466 5453 lendo.

275 5527 280 5531 .
363 5487 576 5545 Tertius
615 5488 682 5544 de
721 5488 880 5544 rebus
912 5486 1288 5542 exterioribus.
1328 5486 1440 5542 Hoc
1490 5495 1573 5541 est
1603 5505 1614 5539 :
1649 5485 1706 5540 Si
1744 5486 1866 5556 quis

275 5581 545 5635 damnum
594 5577 1114 5654 per'negiigentiam
1150 5577 1364 5645 aliquod
1410 5577 1648 5631 intulerit
1680 5592 1866 5654 mona-

293 5669 480 5725 sterio.

364 5761 600 5829 Quartus
628 5762 692 5817 de
717 5761 1086 5818 criminalibus
1119 5762 1346 5818 delictis.

572 5877 844 5937 Parnm”
882 5876 1044 5938 Clli.

1961 4692 2103 4729 cum.
2138 4689 2191 4730 tn
2219 4691 2324 4744 qua
2371 4674 2582 4743 publica
2620 4674 2962 4743 correptione
3008 4675 3052 4730 si
3081 4691 3188 4732 non
3222 4679 3542 4734 emendave-

1958 4769 2055 4832 rit,
2076 4769 2142 4823 ad
2161 4767 2772 4823 excommunicationem
2791 4767 3048 4821 leviarum
3062 4769 3342 4839 culparum
3363 4778 3541 4825 trans-

1956 4858 2076 4913 ibit.
2121 4858 2224 4914 Ubi
2274 4874 2401 4913 cum
2451 4857 2652 4912 diutius
2698 4858 3002 4926 nequiverit
3051 4860 3270 4930 corrigi,
3313 4860 3543 4915 nimium

1954 4947 2282 5018 jejuniorum
2335 4948 2702 5003 maceratione
2739 4947 3027 5015 ailligatur.
3069 4948 3173 5002 Per
3215 4963 3382 5016 quam
3431 4964 3544 5004 non

1963 5050 2244 5110 correptus
2266 5041 2311 5096 si
2333 5055 2564 5111 persona
2587 5039 3023 5116 exstiterittalis,
3042 5037 3374 5109 ﬂagellorum
3397 5055 3544 5096 coer-

1964 5139 2154 5183 ceatur
2202 5129 2474 5184 acredine.
2530 5127 2625 5183 Sin
2680 5143 2809 5182 vero
2838 5143 3084 5196 personae
3112 5144 3220 5184 non
3265 5130 3546 5186 admiserit

1965 5216 2352 5281 consideratio,
2381 5217 2740 5272 communiter
2785 5217 2852 5270 ab
2881 5218 3132 5274 omnibus
3173 5219 3545 5275 misericordia

1966 5306 2284 5376 impleretur
2307 5307 2723 5377 Omnipotentis.
2754 5305 2905 5372 Quod
2933 5308 2979 5363 si
3013 5324 3114 5364 nec
3141 5309 3243 5365 isto
3271 5311 3430 5365 modo
3455 5325 3548 5365 sa-

1954 5407 2126 5454 .natus
2152 5397 2331 5463 fuerit,
2359 5400 2681 5471 przecidatur
2707 5416 2737 5454 a
2778 5417 3003 5471 corpore
3033 5404 3364 5459 monasterii.
3399 5405 3465 5458 Et
3495 5404 3544 5460 si

1966 5490 2255 5558 contigerit
2279 5498 2338 5544 ut
2374 5505 2471 5560 per
2497 5490 2900 5559 negligentiam,
2926 5493 3052 5546 dum
3097 5501 3191 5546 aut
3232 5493 3287 5547 in
3329 5493 3545 5550 occulto

1956 5591 2062 5640 aut
2089 5582 2142 5635 in
2183 5582 2399 5650 publico
2436 5581 2778 5646 admonetur,
2819 5583 3024 5654 aliquid
3063 5585 3244 5640 damni
3273 5596 3544 5643 monaste-

1967 5671 2048 5725 rio
2099 5671 2357 5735 intulerit,
2409 5673 2907 5728 excommunicetur
2957 5675 3012 5729 in
3055 5675 3344 5733 levioribus
3371 5677 3543 5748 culpis

1966 5761 2258 5814 secundum
2283 5759 2498 5814 modum
2525 5759 2712 5830 culpa.
2744 5761 2810 5816 Et
2837 5772 3052 5832 peracta
3083 5767 3416 5834 poenitentia,
3443 5767 3544 5826 itcv

2955 5873 3031 5938 Ιιὸ
