4062 6332
665 295 802 359 αιο

1682 295 1739 349 8.
1771 289 2203 349 BENEDICTUS
2237 291 2459 348 ABBAS
2493 290 2923 352 ANIANENSIS.
3694 312 3780 373 mo

664 429 786 475 rum
816 420 1121 472 revertatur
1140 409 1210 468 ad
1235 408 1290 468 id
1311 408 1401 466 ubi
1430 409 1577 481 prius
1600 407 1907 464 tenebatur.
1932 405 2000 462 Et
2028 419 2134 460 non
2158 419 2247 460 so—
2272 412 2322 471 Α
2348 406 2618 480 exstiterit
2642 405 2866 463 factum.
2905 405 3057 464 Tunc
3088 374 3380 464 secundum
3407 412 3590 470 modum
3611 416 3735 478 delicti
3751 438 3783 484 ει

663 508 778 566 lum
802 508 929 563 dum
958 502 1136 560 verbis
1177 510 1447 566 monetur,
1473 512 1663 555 verum
1709 496 1872 553 etiam
1903 494 1950 549 si
1971 494 2152 565 aliquo
2176 508 2246 550 ex

662 596 991 671 supradictis
1023 593 1193 668 gradu
1219 592 1576 664 deprimatur.

729 686 946 754 Primus
974 683 1241 756 capitulus
1265 691 1349 738 est
1368 697 1505 736 xxrt.
1534 679 1613 734 lbi
1655 692 1846 735 omnes
1867 676 2066 748 gradus
2094 676 2245 730 inve-

664 777 773 834 niri
800 775 1002 830 valent.

704 866 1017 923 “Secundus
1044 878 1172 919 vero
1193 861 1462 932 capitulus
1483 867 1568 916 est
1590 860 1657 916 de
1675 859 1861 930 pueris
1879 857 2088 913 minore
2112 871 2246 926 qua-

654 946 789 1015 liter
816 964 975 1014 aetate
997 955 1380 1025 corripiantur,
1404 970 1536 1010 xxx.

682 1108 693 1116 ,
734 1049 837 1107 Ubi
866 1048 1023 1103 facile
1047 1055 1197 1118 patet
1239 1047 1380 1116 quod
1406 1047 1462 1102 in
1488 1040 1745 1102 vicesimo
1787 1042 1950 1099 tertio
1984 1041 2242 1112 scriptum

658 1147 761 1198 est.
780 1138 889 1195 Sin
911 1146 1092 1194 autem
1118 1138 1396 1207 improbus
1416 1146 1516 1203 est,
1546 1137 1798 1192 vindictae
1826 1133 2091 1205 corporali
2117 1135 2244 1189 sub-

658 1231 839 1291 datur.
865 1229 927 1289 in
958 1229 1343 1287 ﬁnevidelicet
1368 1230 1560 1300 capitis
1588 1245 1698 1283 xxx
1725 1228 1818 1283 ubi
1860 1227 1992 1284 dicit
2024 1241 2039 1281 :
2071 1226 2137 1281 Hi
2165 1234 2245 1281 ta-

657 1320 739 1399 les
770 1320 900 1377 dum
934 1322 1272 1393 delinquunt,
1322 1329 1417 1375 aut
1447 1319 1666 1392 ieiuniis
1704 1318 1887 1373 nimiis
1917 1318 2240 1388 afﬂigantur.

650 1402 751 1471 aut
775 1410 919 1467 acris
951 1409 1267 1466 verberibus
1290 1417 1670 1476 coerceantur,
1704 1415 1763 1462 ut
1792 1414 2133 1463 sanarentur.

2346 511 2635 569 personam
2664 506 2720 553 et
2745 496 3103 554 intentionem
3149 496 3427 556 levioribus
3457 502 3781 574 culpzeiudidm

2347 584 2663 660 subiacebit.
2697 588 2753 644 In
2780 604 2889 659 quo
2914 589 3076 644 modo
3110 589 3409 647 continetur
3437 594 3648 666 quidquid
3670 601 3784 659 inito.

2345 679 2467 748 gula
2491 678 2779 734 invenitur.
2815 677 2941 733 Sive
2965 679 3300 748 gravissima:
3331 681 3551 738 vindicta:
3585 687 3783 757 subiaceat,

2347 786 2442 826 seu
2470 772 2726 842 graviori,
2752 787 2846 837 seu
2871 771 3129 841 regulari,
3158 789 3255 830 seu
3281 779 3711 849 excommunicetur,
3730 801 3784 843 seu

2346 864 2889 920 excommunicationi
2922 860 3217 934 subiaceat.

2415 955 2620 1010 Prmter
2665 955 2770 1012 hoc
2816 956 2959 1025 quod
3006 956 3063 1010 in
3113 956 3423 1027 quibusdam
3458 957 3575 1017 locis
3606 961 3785 1025 invenitur

2343 1045 2659 1104 districtiori
2689 1047 2987 1118 disciplina:
3036 1046 3332 1116 subiaceat.
3380 1049 3517 1117 Quod
3551 1054 3711 1123 quidam
3741 1057 3784 1114 ita

2344 1138 2569 1209 intelligi
2597 1138 2805 1204 volunt,
2833 1146 2895 1192 ut
2921 1137 2967 1193 si
2994 1137 3207 1194 occulte
3233 1147 3326 1194 aut
3357 1138 3547 1211 publice
3569 1142 3702 1200 verbis
3718 1163 3786 1202 mo-

2342 1232 2591 1298 nebatur,
2620 1231 2673 1285 in
2707 1230 2899 1309 eodem
2925 1231 3098 1301 gradu
3127 1231 3307 1287 aerius
3330 1233 3626 1302 corripiatur.

2418 1322 2654 1389 Quartus
2677 1336 2892 1391 quoque
2916 1321 3130 1387 modus,
3150 1330 3210 1378 ut
3258 1322 3544 1393 pmdictum
3567 1334 3646 1389 est,
3670 1326 3714 1381 de
3736 1343 3784 1384 ca.

2339 1413 2595 1485 pitalihus
2633 1413 2950 1470 criminibus
2974 1422 3219 1482 .constat,
3248 1413 3571 1473 fornicatione
3601 1418 3781 1483 videlicet.

650 1550 653 1559 κ
724 1500 881 1560 Hune
904 1504 1152 1574 sequitur
1195 1520 1386 1560 xxviii.
1419 1502 1497 1559 De
1530 1503 1617 1559 bis
1650 1503 1742 1573 qui
1766 1503 1962 1574 saepius
2007 1499 2241 1572 correpti
2342 1503 2628 1569 adulterio,
2657 1512 2820 1574 atque
2861 1503 3131 1560 ebrietate
3171 1504 3399 1570 assidua,
3427 1505 3684 1576 exterisque
3714 1524 3782 1577 qua

654 1592 944 1675 emendare
970 1595 1262 1651 noluerint.
1295 1594 1397 1652 Ubi
1447 1595 1701 1650 similiter
1746 1603 1950 1664 septem
1996 1589 2240 1664 praedicti
2341 1593 2489 1656 nullo
2505 1593 2663 1651 modo
2678 1593 2780 1648 nisi
2803 1595 3128 1664 poenitentia
3149 1595 3785 1666 eorporalisecnndumaneto-

650 1683 855 1753 gradus
887 1682 1076 1738 inserti
1104 1692 1252 1739 sunt.
1299 1684 1377 1740 De
1410 1684 1570 1739 tertio
1610 1691 1790 1739 autem
1819 1681 1981 1738 modo
2014 1681 2243 1751 iudicio-
2341 1684 2558 1740 ritatem
2612 1686 2930 1757 canonicam
2959 1691 3284 1757 purgantur.
3312 1683 3368 1739 1n
3393 1684 3567 1755 quibus
3593 1693 3635 1741 et
3668 1686 3784 1741 modus

653 1786 774 1826 rum
799 1772 941 1829 sicut
966 1788 1128 1845 supra
1152 1773 1471 1846 dispositum
1495 1782 1600 1830 est.
1626 1773 1703 1830 De
1729 1774 1928 1829 damno
1953 1771 2239 1841 cujuslibet
2266 1793 2314 1853 B
2340 1792 2440 1832 nec
2459 1792 2567 1832 non
2588 1785 2640 1832 et
2665 1791 2900 1855 persona
2924 1787 3091 1848 atque
3113 1778 3338 1843 intentio
3359 1792 3549 1846 scalper
3564 1777 3784 1848 inspicienda

653 1863 732 1918 rei
757 1865 1013 1920 exteriori
1033 1873 1117 1921 est
1143 1865 1571 1936 intelligendum,
1588 1865 1680 1922 ubi
1705 1864 2041 1921 solummodo
2061 1862 2240 1919 anim-
2348 1876 2492 1924 sunt.
2525 1867 2626 1924 Ubi
2657 1869 2865 1939 pariter
2882 1884 3100 1939 quoque
3130 1876 3430 1927 sanctorum
3448 1866 3630 1922 Patrum
3646 1866 3785 1921 institu-

653 1955 1067 2026 advertendum,
1103 1957 1150 2014 si
1189 1958 1513 2033 negligentia
1540 1959 1935 2017 interveniente
1983 1958 2241 2014 damnum
2347 1959 2426 2014 tio
2451 1957 2679 2015 sollicite
2708 1966 2791 2013 est
2824 1958 3232 2030 perpendenda.

1362 2228 2052 2362 CHARTXE
2150 2221 3204 2393 ANIANENSES.

667 2098 695 2131 ,,

1426 2535 1468 2591 Ι.

651 2651 979 2726 Prwuptu'nt
1004 2641 1184 2706 Caroli
1224 2644 1889 2792 ιῖἓῗιιῗξορὲἕἹἘοηηειετ-ἱο
1920 2648 2229 2706 Anianensi.

616 2862 619 2863 ν
719 2837 921 2915 [Αριιᾶι
947 2835 1013 2892 D.
1042 2830 1597 2976 Bouquetéa
1630 2831 1720 2887 des
1748 2833 1898 2900 Irish,
1929 2842 2060 2889 tom.
2097 2832 2162 2902 ν,

1314 2920 1400 2957 381.
1446 2920 1571 2957 4ος).

1314 2920 1342 2957 a
1386 2942 1400 2957 .
1446 2918 1571 2959 ηιθῡ.

737 3000 837 3055 ain
863 2999 1085 3054 nomine
1107 2918 1313 3053 sanet;
1336 2919 1393 3051 Et
1419 2918 1709 3051 indivinute
1736 2995 2040 3052 Trinitatis.

718 3090 966 3155 Carolus,
994 3092 1168 3159 gratia
1205 3088 1299 3143 Dei
1326 3102 1424 3142 rex
1466 3086 1800 3142 Francorum
1833 3097 1891 3143 et
1924 3088 2238 3159 Langobar-

648 3183 874 3244 dorum,
914 3195 980 3235 ac
1027 3178 1289 3250 patricius
1335 3177 1720 3232 Romanorum.
1776 3176 2027 3250 Magnum
2078 3180 2237 3249 regni

2337 2544 2501 2600 etiam
2540 2545 2795 2613 deinceps
2839 2541 2895 2597 in
2931 2540 3059 2612 iure
3097 2540 3266 2611 ipsius
3312 2536 3471 2594 sancti
3515 2535 3599 2591 loci
3636 2543 3701 2588 aut
3726 2546 3782 2603 per

2336 2650 2438 2691 nos
2492 2643 2586 2690 aut
2630 2650 2728 2705 per
2778 2633 2913 2688 alios
2972 2630 3209 2686 voluerit
3254 2629 3420 2683 divina
3463 2626 3607 2698 pietas
3652 2621 3779 2693 augeri.

2335 2727 2715 2799 praecipientes
2746 2722 3002 2794 iubemus
3050 2733 3216 2793 atque
3265 2715 3720 2775 anathematizamus,
3746 2718 3780 2762 ut

2340 2798 2521 2873 nullus
2571 2831 2770 2879 comes,
2809 2830 2983 2885 neque
3012 2814 3320 2884 episcopus,
3370 2816 3454 2862 aut
3479 2805 3564 2861 ulla
3592 2798 3778 2874 iudiciaria

2340 2916 2579 2980 potestas
2626 2907 2697 2961 ad
2744 2920 2938 2961 causas
2985 2903 3301 2965 audiendas,
3329 2896 3403 2954 vel
3449 2896 3572 2952 [reda
3595 2890 3779 2961 exigenda.

2339 3006 2433 3053 aut
2456 2997 2768 3053 mansiones
2813 2995 2898 3051 vel
2939 3003 3160 3069 paratas
3189 2988 3464 3052 faciendas,
3503 2995 3579 3042 aut
3601 2981 3779 3049 ﬁdeiusso-

2336 3106 2427 3147 res
2456 3075 2740 3156 tollendos,
2792 3105 2894 3145 nec
2942 3089 3200 3144 homines
3237 3084 3396 3155 ipsius
3436 3076 3683 3137 monasterii
3714 3081 3777 3125 um

2337 3180 2601 3252 ingenuos
2630 3196 2794 3251 quam
2833 3193 3041 3243 servos,
3088 3173 3367 3248 qui'supra
3403 3182 3574 3228 ten-am
3596 3159 3778 3252 memorati

650 3271 821 3330 nostri
861 3249 1118 3341 inungere
1140 3269 1412 3326 credimus
1451 3249 1943 3335 munimentum,rsi
1973 3272 2236 3328 beneﬁcia
2263 3286 2308 3348 ο
2339 3249 2661 3327 monasterii
2686 3270 2925 3327 residere
2956 3271 3232 3333 videntur,
3274 3260 3635 3334 distringendosy
3650 3249 3777 3309 nm"

648 3371 952 3437 opportuna
1006 3363 1139 3419 locis
1208 3361 1561 3419 ecclesiarum
1631 3362 1890 3419 benevola
1950 3365 2236 3421 devotione

648 3458 1015 3520 concedimus,
1051 3470 1115 3511 ac
1146 3454 1373 3510 Domino
1400 3462 1716 3526 protegente
1744 3456 2008 3512 stabiliter
2033 3456 2235 3527 perdu-

647 3564 775 3605 rare
809 3546 1205 3603 conscribirnus
1243 3544 1378 3617 [Al.,
1421 3543 1788 3618 conﬁdimus].
1836 3545 2005 3617 Igitur
2045 3557 2234 3601 notum

648 3638 998 3697 sitomnibus
1037 3635 1327 3706 episcopis,
1374 3636 1684 3702 abbatibus,
1728 3636 2038 3703 comitibus,
2083 3638 2234 3691 vice-

649 3729 960 3794 eomitibus,
991 3727 1235 3793 vicariis,
1280 3727 1630 3789 centenariis,
1659 3727 1955 3796 iudicibus,
1987 3743 2083 3783 seu
2111 3742 2233 3782 om-

609 3821 617 3829 '
649 3820 810 3876 nibus
831 3818 1101 3883 ﬁdelibus,
1141 3816 1499 3888 praesentibus
1542 3817 1751 3873 scilicet
1774 3825 1832 3872 et
1860 3818 2075 3883 futuris,
2106 3834 2235 3890 qua-

648 3911 775 3969 liter
803 3911 889 3966 vir
919 3910 1240 3966 venerabilis
1258 3909 1585 3969 Benedictus
1604 3909 1774 3964 abbas
1792 3925 1859 3965 ex
1880 3910 2232 3977 monasterio,

647 4002 795 4074 quod
819 4004 935 4073 ipse
958 4017 1097 4056 novo
1123 4016 1288 4071 opere
1313 3999 1437 4070 iure
1468 4000 1818 4071 proprietatis
1845 4017 1874 4054 a
1904 4000 2232 4061 fundamen-

590 4156 593 4159 Α
651 4096 725 4151 tis
769 4095 824 4149 in
873 4095 1082 4149 honore
1122 4093 1215 4146 Dei
1260 4093 1541 4163 genitricis
1589 4091 1793 4155 Mariae,
1847 4106 1946 4147 seu
2003 4092 2231 4147 aliorum

650 4192 965 4246 iunctorum
990 4181 1277 4238 aediﬁcavit
1315 4181 1369 4236 in
1399 4181 1518 4237 loco
1543 4190 1888 4250 nuncupante
1918 4181 2151 4247 Aniano,
2178 4183 2233 4237 in

650 4293 791 4353 pago
816 4276 1251 4349 Magdalenense,
1281 4276 1473 4331 subtus
1497 4282 1678 4330 castro
1721 4272 2232 4340 Monte-Calmense,

650 4370 721 4425 ad
749 4377 990 4427 nostram
1033 4366 1266 4423 accessit
1297 4364 1659 4428 clementiam,
1692 4371 1747 4417 et
1770 4363 2086 4434 praedictum
2119 4377 2234 4417 mo-

654 4457 959 4515 nasterium
991 4471 1117 4512 eum
1146 4452 1398 4511 omnibus
1422 4453 1583 4508 rebus
1606 4461 1661 4507 et
1686 4451 2022 4506 ornamentis
2056 4450 2233 4507 eccle-

586 4590 589 4595 ι
648 4553 771 4619 βίω.
806 4565 905 4609 seu
942 4548 1276 4620 appendiciis
1304 4542 1391 4601 vel
1418 4545 1733 4616 adiacentiis
1762 4544 1876 4600 suis
1906 4544 1960 4599 in
1991 4544 2236 4599 manibus

2339 3363 2421 3419 las
2446 3363 2838 3420 redlribitiones
2882 3371 2975 3417 aut
3013 3363 3232 3419 illicitas
3267 3358 3553 3416 occasiones
3574 3344 3778 3421 ρεπιιιίτω

2338 3458 2455 3523 das,
2507 3464 2602 3513 aut
2647 3455 2811 3509 ullum
2856 3455 3080 3510 omnino
3130 3469 3347 3511 censum
3392 3443 3690 3518 inquirendum
3713 3433 3777 3488 ullo

2336 3562 2574 3617 unquam
2604 3555 2847 3617 tempore
2875 3548 3084 3619 ingredi
3129 3548 3339 3610 audeat,
3374 3541 3443 3597 vel
3478 3544 3674 3594 esactare
3696 3541 3778 3619 ι)ηῇ

2336 3645 2537 3692 sumat.
2572 3635 2681 3692 Sed
2707 3637 2812 3692 hoc
2838 3617 2955 3709 ipse
2981 3637 3153 3694 abbas
3192 3636 3274 3692 vel
3310 3639 3605 3688 successores
3626 3620 3697 3713 sui.
3723 3617 3775 3713 illi

2335 3728 2585 3784 monachi
2615 3707 2894 3783 memorati
2921 3727 3049 3794 loci,
3085 3733 3373 3801 praesentes
3394 3719 3570 3778 scilicet
3591 3720 3632 3769 et
3658 3707 3776 3802 futuri.

2334 3830 2556 3892 propter
2614 3836 2810 3875 nomen
2868 3798 3103 3875 Domini
3138 3820 3235 3875 sub
3289 3817 3492 3884 integrae
3536 3798 3776 3892 immanitatis

2335 3911 2572 3975 nomine,
2613 3912 2820 3981 absque
2861 3909 3151 3979 cuiuslibet
3182 3907 3448 3977 iniquitate
3472 3905 3549 3954 aut
3582 3894 3776 3981 coniti"?

2336 4010 2444 4059 tate
2473 4003 2686 4059 valeant
2714 3978 2994 4059 dominare
3018 4018 3032 4057 :
3060 4014 3118 4059 et
3145 4001 3273 4057 nulli
3302 4006 3514 4066 unquam
3541 3978 3691 4043 homini
3717 3983 3774 4044 ΡΝ

2334 4096 2698 4166 qualicunque
2764 4110 2825 4150 re
2884 4095 3096 4150 nullum
3150 4092 3366 4150 omnino
3407 4068 3774 4166 censnmaudeanl

2334 4186 2681 4258 i"‘l’eﬂdel'e;
2727 4186 2821 4242 scd
2861 4187 3036 4258 ipsum
3079 4193 3321 4243 sanctum
3364 4179 3519 4233 locum
3556 4165 3633 4222 sub
3659 4162 3772 4258 nostra

2333 4251 2738 4335 defensione-et
2779 4251 3147 4334 dominatione
3185 4274 3420 4330 volumus
3460 4251 3774 4350 consurgit

2334 4376 2551 4424 tuentes
2570 4377 2732 4438 atque
2749 4366 3020 4436 iubentes,
3050 4377 3112 4424 ut
3136 4379 3306 4437 neque
3331 4374 3439 4423 vos,
3456 4362 3598 4440 neque
3611 4342 3772 4440 inuicte!

2336 4472 2433 4514 seu
2461 4472 2804 4515 successores
2832 4459 3000 4515 vestri
3025 4459 3108 4514 vel
3133 4455 3374 4530 quislibet
3404 4462 3465 4502 ex
3493 4434 3771 4530 iudieimfﬁ

2336 4557 2553 4611 testate,
2609 4549 2665 4603 in
2708 4548 2953 4603 ecclesiis
2979 4557 3035 4603 et
3061 4516 3217 4611 locis,
3254 4541 3337 4598 vel
3366 4535 3496 4607 agris
3529 4541 3603 4583 ³ου
3630 4516 3772 4611 Tim"

652 4642 859 4700 nostris
879 4640 1192 4712 plenissima
1221 4637 1605 4695 deliberatione
1632 4636 1781 4691 visus
1816 4643 1903 4692 est
1934 4635 2227 4705 delegasse,
2256 4638 2310 4698 D
2332 4609 2767 4709 possessionibus
2801 4640 3153 4709 suprascripti
3196 4609 3505 4692 monasterii,
3527 4614 3595 4670 vel
3628 4609 3675 4664 de

646 4734 909 4803 «ipsum
933 4739 1179 4787 sanctum
1198 4729 1375 4786 locum
1398 4729 1498 4785 sub
1518 4736 1703 4783 nostra
1739 4726 2050 4782 defensione
2074 4736 2235 4796 atque

645 4824 1023 4881 dominatione
1048 4824 1114 4879 ad
1143 4820 1435 4894 regendum
1459 4820 1606 4873 visus
1633 4824 1717 4874 est
1745 4819 1903 4873 nobis
1924 4816 2231 4873 tradidisse.

648 4913 861 4971 Idcirco
893 4914 962 4971 ad
1002 4912 1118 4984 eius
1146 4912 1460 4984 petitionem
1493 4909 1601 4965 tale
1626 4925 1727 4979 pro
1763 4918 1966 4964 reterna
1994 4910 2231 4964 retribu-

642 5008 805 5063 tione
847 5005 1169 5069 beneﬁcium
1215 5018 1344 5074 erga
1387 5001 1564 5073 ipsum
1607 5008 1854 5055 sanctum
1905 4999 2083 5054 locum
2131 5000 2231 5055 visi

650 5098 858 5154 luimus
884 5095 1188 5160 indulsisse,
1214 5103 1275 5149 ut
1317 5095 1371 5148 in
1413 5091 1655 5147 ecclesiis
1682 5096 1738 5146 et
1776 5090 1931 5157 locis,
1956 5091 2043 5146 vel
2087 5093 2233 5164 agris

642 5205 753 5247 seu
775 5188 997 5261 reliquis
1037 5185 1470 5260 possessionibus
1515 5182 1686 5253 ipsius
1730 5183 2062 5248 monasterii,
2097 5196 2233 5251 quas

654 5279 919 5337 moderno
945 5287 1185 5348 tempore
1226 5291 1323 5348 per
1352 5285 1595 5330 nostram
1626 5273 1973 5328 donationem
2004 5287 2068 5327 ac
2103 5287 2234 5328 eon-

656 5370 1019 5428 ﬁrmationem
1063 5384 1159 5425 ceu
1214 5375 1531 5424 caeterorum
1579 5365 1816 5421 ﬁdelium
1856 5366 2002 5435 iuste
2056 5365 2231 5434 possi-

658 5465 786 5519 dere
812 5463 1051 5526 videtur,
1082 5462 1136 5516 in
1181 5458 1510 5531 quibuslibet
1551 5457 1703 5522 locis,
1734 5456 1990 5528 quidquid
2031 5453 2228 5511 ibidem

654 5562 881 5626 propter
930 5543 1168 5609 divinum
1211 5563 1453 5605 amorem
1505 5548 1758 5605 collatum
1819 5547 1954 5611 fuit,
2007 5561 2235 5621 quaeque

652 5680 655 5681 '
730 5672 764 5707 ι
788 5662 1021 5720 Delenda
1049 5661 1162 5716 haec
1188 5659 1482 5726 invocatio,
1512 5674 1632 5731 qua:
1660 5658 1837 5737 addita
1866 5656 1985 5713 fuit.

2338 4698 2496 4783 nibus
2524 4742 2645 4797 quae
2672 4698 3040 4799 suprascripta
3070 4698 3213 4795 sunt,
3255 4723 3355 4780 ullo
3382 4720 3584 4799 unquam

2330 4784 2640 4888 inquietare
2690 4784 3038 4874 et-aexactare
3081 4784 3422 4890 praesumatis.
3459 4798 3549 4858 Sed
3583 4784 3770 4890 “adio:

2336 4918 2561 4982 propter
2588 4925 2783 4966 nomen
2807 4909 3019 4966 Domini
3055 4877 3112 4966 et
3131 4916 3376 4966 aeternam
3407 4877 3768 4982 remuneratieﬂ

2330 4962 2406 5056 ad
2439 4962 2557 5069 iam
2608 4998 2778 5055 fatum
2844 4962 3230 5055 monasterium
3288 4983 3568 5069 indulsimus

2339 5044 2670 5162 temporibus
2709 5090 2962 5162 proﬁciat
3008 5091 3065 5147 in
3116 5091 3460 5161 augmentum.
3516 5068 3573 5124 Ει

2341 5138 2669 5162 ωυρμ---
2710 5138 2961 5162 γαπ---
3117 5138 3181 5147 ,μ

2337 5180 2553 5252 quidem
2600 5181 2781 5236 divina
2822 5182 3105 5238 vocatione
3150 5138 3513 5269 sir’prasct'itt“:s

2328 5235 2507 5328 abbas
2533 5271 2856 5328 Benedictus
2873 5272 2956 5326 vel
2979 5235 3312 5328 successores
3332 5260 3437 5330 eius
3457 5252 3514 5307 d°
3532 5235 3765 5360 wing;

2337 5364 2630 5421 Dominum
2666 5364 3053 5434 migraverinl.
3093 5361 3296 5435 quam“
3335 5329 3766 5453 me'mi‘fmﬁﬁﬁ

2335 5472 2433 5527 per
2451 5455 2631 5511 omnia
2655 5419 2862 5510 ﬁdelem
2891 5453 3003 5525 ipsa
3034 5419 3214 5510 saneta
3256 5429 3559 5527 εοηετθρίίῗ

2371 5490 2423 5512 vn
2451 5490 2631 5511 Uluqu
2655 5490 2862 5510 unum"
2892 5490 2906 5509 ι
2947 5490 3003 5510 an
3035 5490 3214 5510 “mu”
3257 5490 3464 5512 “manu

2338 5490 2542 5620 :cripto
2568 5490 3036 5604 monasteriorum
3079 5545 3144 5602 de
3186 5533 3509 5613 qualicunque
3542 5490 3767 5567 lceorolur
