4062 6332
333 268 465 338 ιω

1566 261 1871 323 (ΞΠᾹἎΤΕ
1906 255 2357 317 ANIANENSES.

3443 245 3584 311 μεθ

328 390 443 451 ‘rint
466 393 665 462 eligere
706 388 974 451 abbatem,
1005 396 1096 455 qut
1137 383 1310 454 Ipsam
1340 388 1580 437 sanctam
1617 390 1911 447 congrega-
1936 375 1989 437 Α
2015 372 2222 429 ﬁrmior
2247 372 2528 437 habeatur,
2555 376 2612 427 et
2638 384 2735 443 per
2754 369 2937 462 futura
2949 377 3199 462 tempora
3226 369 3438 441 plenius
3455 383 3591 426 wn-

333 486 537 542 tionem
564 478 856 537 secundum
906 475 1164 548 Regulam
1193 472 1366 529 sancti
1402 469 1676 526 Benedicti
1717 479 1909 538 regere

329 574 528 640 valeat,
565 578 665 643 per
690 572 832 627 hanc
864 577 1105 624 nostram
1134 564 1510 622 auctoritatem
1535 559 1910 631 exprzemissa

330 663 663 739 indulgentia
698 662 970 718 licentiam
1004 660 1268 721 habeant;
1306 664 1362 711 et
1389 655 1694 721 ubicunque
1726 649 1910 703 volueé

331 762 445 819 rint
470 762 708 818 ordinari
748 770 804 816 et
848 760 951 834 ipsi
1004 766 1097 815 aut
1138 755 1386 813 monachi
1441 754 1705 823 ipsorum,
1750 746 1835 802 vel
1879 760 1911 801 a

332 849 577 925 quolibet
619 850 896 922 pontiﬁce,
934 865 1001 905 ex
1040 856 1309 921 prccCepto
1341 854 1397 900 et
1433 853 1698 899 consensu
1728 846 1913 894 nostro

331 953 657 1015 potestatem
704 945 941 1000 habeant
974 959 988 997 :
1028 946 1296 1012 quatenus
1331 936 1432 1009 ipsi
1480 934 1622 991 servi
1662 934 1778 995 Dei,
1820 930 1914 1001 qui

333 1033 533 1090 ibidem
559 1034 669 1090 Deo
705 1034 955 1088 famulari
977 1034 1247 1095 videntur,
1276 1045 1376 1100 pro
1403 1027 1558 1082 nobis
1582 1031 1637 1079 et
1664 1024 1911 1093 conjuge,

326 1123 591 1197 proleque
621 1132 828 1187 nostra,
871 1131 926 1177 et
960 1120 1255 1177 stabilitate
1302 1117 1466 1172 totius
1511 1113 1664 1185 regni
1722 1128 1755 1166 a
1805 1112 1915 1165 Deo

333 1210 491 1268 nobis
538 1212 812 1268 commissi
857 1210 941 1265 vel
987 1206 1361 1270 conservandi,
1398 1204 1657 1259 attentius
1697 1197 1916 1254 Domini

333 1302 762 1357 misericordiam
790 1314 1015 1355 exorare
1042 1296 1400 1354 delectentur.
1426 1294 1495 1349 Et
1515 1302 1574 1348 ut
1598 1295 1714 1350 haec
1732 1301 1920 1345 aucto—

334 1390 471 1446 ritas
506 1390 933 1446 conﬁrmationis
971 1389 1280 1458 nostrisque
1315 1386 1622 1456 futurisque
1661 1382 1918 1455 tempori-

332 1482 460 1548 bus,
505 1482 738 1537 Domino
774 1488 1108 1551 protegente,
1156 1479 1331 1533 valeat
1373 1476 1628 1532 inviolata
1674 1489 1915 1537 manere,

334 1564 500 1628 manu
543 1573 762 1643 propria
810 1570 1103 1643 signaculis
1149 1568 1589 1639 subscripsimus,
1632 1575 1688 1620 et
1731 1563 1918 1620 annuli

335 1663 506 1718 nostri
541 1662 895 1734 impressione
921 1661 1186 1732 assignari
1207 1659 1491 1729 jussimus.

326 1768 329 1777 ‘
407 1755 633 1829 Signum
663 1755 841 1812 Caroli
867 1755 1242 1827 gl'oriosissimi
1268 1753 1434 1822 regis.

405 1845 544 1901 Data
576 1860 628 1901 vt
663 1844 780 1900 Kal.
808 1844 1100 1917 Augustas,
1128 1858 1272 1899 anno
1296 1858 1395 1897 xxx.
1412 1840 1563 1913 regni
1595 1839 1789 1896 nostri.

406 1933 601 1990 Actum
635 1934 692 1989 in
717 1932 1106 2006 Raganesburg
1132 1931 1332 2004 palatio
1367 1937 1556 1986 nostro
1594 1928 1829 1999 publico,
1861 1925 1915 1980 in

336 2023 434 2081 Dei
454 2026 691 2082 nomine.

1086 2111 1163 2169 fll.

338 2241 672 2320 Prceeptunt
725 2245 979 2302 Ludovici
1039 2244 1161 2368 Pii:
1195 2240 1527 2326 imperatoris
1583 2254 1679 2309 pro
1738 2238 1920 2295 eodem

954 2333 1141 2368 manas
1166 2332 1296 2368 ενιοε

954 2332 1296 2370 ηιοηαειεηοε

954 2426 1131 2501 (Anno
1159 2425 1311 2497 8M.)

733 2542 931 2615 1Apnd.
956 2540 1019 2597 D.
1052 2540 1342 2609 Bouquet.,
1372 2548 1531 2610 una.J

410 2654 472 2712 In
506 2652 725 2711 nomine
762 2651 975 2708 Domini
1018 2651 1115 2707 Dei
1159 2658 1216 2705 et
1253 2649 1551 2704 Salvatoris
1585 2647 1757 2703 nostri
1796 2643 1925 2701 Iesu

341 2746 575 2814 Christi,
614 2745 921 2803 Ludovicus
983 2743 1166 2799 divina
1227 2740 1517 2795 ordinante
1581 2737 1924 2809 providentia

344 2835 643 2910 imperator
669 2835 964 2906 Augustus.

416 2926 616 2983 Notum
637 2926 709 2980 sit
730 2924 942 2980 cunctis
968 2922 1215 2978 fidelibus
1241 2918 1443 2977 nostris
1468 2918 1715 2991 partibus
1752 2916 1931 2988 Septi-

345 3020 562 3087 maniaa,
604 3017 928 3083 Provinciae,
982 3015 1301 3088 Burgundize
1345 3012 1798 3076 consistentibus,
1844 3008 1930 3065 vel

346 3112 600 3168 omnibus
641 3126 757 3167 rem
797 3110 1066 3182 publicam
1096 3100 1531 3179 procurantibus,
1574 3105 1930 3177 praesentibus
1956 3078 2002 3142 (ἶ

347 3202 557 3261 scilicet
598 3210 761 3272 atque
814 3199 1044 3267 futuris,
1088 3200 1216 3271 quia
1262 3199 1316 3254 in
1360 3197 1700 3268 eleemosyna
1745 3202 1931 3250 nostra

347 3288 642 3351 Benedicto
681 3293 865 3348 abbati
911 3307 979 3347 ex
1024 3291 1355 3347 monasterio
1392 3278 1628 3354 Ahiana,
1667 3288 1811 3358 quod
1849 3294 1936 3342 est

351 3392 724 3440 constructum
752 3382 804 3435 in
833 3383 1040 3436 honore
1080 3379 1293 3435 Domini
1330 3379 1503 3433 nostri
1543 3376 1667 3432 Jesn
1707 3374 1931 3439 Christi,

350 3488 492 3549 pago
536 3473 971 3546 Magdalenense,
1014 3487 1108 3528 seu
1155 3469 1582 3534 successoribus,
1633 3466 1938 3522 rectoribus

352 3567 606 3622 videlicet
655 3564 938 3621 memorati
985 3561 1336 3625 monasterii,
1390 3576 1489 3632 pro
1536 3558 1938 3630 opportunitate

355 3672 636 3713 servorum
686 3656 783 3712 Dei
836 3656 893 3711 in
935 3655 1125 3712 eodem
1178 3654 1426 3711 coenobio
1480 3653 1937 3718 consistentium,

358 3750 731 3806 concessimus
768 3756 849 3815 ut,
890 3749 1320 3819 quandocunque
1361 3740 1442 3803 eis
1482 3744 1701 3801 libuerit
1744 3745 1940 3801 missos

354 3856 488 3917 [suos
528 3842 583 3896 in
628 3841 863 3911 aliquam
897 3849 1109 3912 partem
1157 3840 1369 3912 imperii
1413 3839 1584 3895 nostri
1631 3839 1940 3911 negotiandi

346 3946 524 4015 causa
561 3931 820 4003 dirigere,
864 3948 985 3987 cum
1028 3931 1200 3987 carris
1231 3931 1479 3987 videlicet
1516 3939 1571 3986 et
1600 3930 1804 3986 sanmis
1829 3932 1942 3986 sive

358 4021 598 4092 navigio,
631 4036 752 4076 cum
785 4022 1149 4093 qualicunque
1170 4021 1379 4078 scilicet
1406 4022 1642 4093 negotio,
1667 4021 1941 4077 licentiam

359 4113 601 4168 habeant
624 4113 881 4184 pergendi
923 4113 1014 4168 ubi
1051 4114 1341 4180 voluerint,
1371 4114 1574 4184 absque
1610 4112 1836 4184 alicujus
1862 4113 1943 4168 in-

285 4194 291 4201 ’
360 4201 649 4258 testatione
673 4202 757 4257 vel
780 4204 1187 4259 contrarietate.
1230 4203 1355 4260 Ideo
1396 4205 1493 4260 has
1526 4203 1735 4259 litteras
1757 4212 1944 4258 aucto-

359 4291 539 4348 ritatis
564 4300 764 4348 nostra:
794 4292 874 4348 eis
917 4292 1032 4348 ﬁeri
1069 4292 1353 4363 jus‘simus,
1394 4310 1490 4365 per
1530 4310 1667 4366 quas
1691 4293 1944 4365 jubemus

360 4386 574 4442 cunctis
619 4386 869 4443 ﬁdelibus
906 4390 1108 4444 nostris
1158 4397 1214 4444 et
1258 4388 1565 4458 junioribus
1625 4389 1841 4453 vestris,
1885 4396 1945 4443 ut

360 4489 522 4532 nemo
562 4476 855 4544 telonenm,
897 4478 984 4534 vel
1034 4479 1390 4551 pontaticum,
1446 4494 1547 4535 nec
1588 4481 1938 4550 portaticum,

362 4572 458 4621 aut
500 4568 909 4637 cespitaticum,
965 4585 1059 4625 seu
1107 4573 1432 4639 rotaticum,
1478 4581 1573 4628 aut
1613 4573 1941 4636 navaticnm,

362 4667 526 4728 atque
567 4658 948 4726 salutaticnm,
1001 4661 1085 4716 vel
1129 4663 1295 4719 ullum
1340 4679 1593 4730 censum,
1643 4672 1737 4720 aut
1779 4663 1944 4720 ullam

363 4749 782 4807 redhibitionem
812 4751 881 4806 ab
906 4750 985 4806 eis
1010 4752 1227 4822 exigere
1248 4757 1607 4824 prmsumatis.
1646 4754 1753 4811 Sed
1784 4754 1946 4811 liccat

363 4841 445 4897 eis
467 4855 564 4912 per
591 4841 732 4897 hanc
755 4851 994 4898 nostram
1034 4845 1413 4900 auctoritatem
1443 4846 1664 4916 paciﬁce
1697 4856 1751 4902 et
1775 4848 1945 4904 libere

362 4931 472 4988 huc
520 4931 755 5004 illucque
797 4932 1133 5001 discurrere,
1176 4943 1285 4992 tam
1326 4945 1469 4991 terra
1504 4953 1667 5008 quam
1705 4940 1944 5013 navigio,

363 5031 419 5080 et
449 5025 656 5096 absque
686 5023 912 5093 alimjus
940 5026 1347 5094 contrarietate,
1393 5027 1534 5083 sicut
1570 5028 1818 5099 superius
1861 5030 1946 5084 in.

365 5114 606 5183 tulimus,
636 5115 723 5171 vel
742 5115 1088 5173 infestatione
1126 5128 1218 5173 aut
1250 5119 1579 5188 detentione,
1606 5120 1819 5192 negotia
1848 5134 1945 5175 sua

364 5224 648 5282 peragere,
674 5208 759 5264 vel
788 5209 1093 5282 ubicunque
1114 5209 1451 5276 advenerint,
1491 5226 1588 5284 per
1626 5227 1723 5269 vos
1762 5211 1949 5269 defen-

366 5300 572 5359 sionem
597 5309 653 5358 et
676 5300 1030 5358 salvationem
1067 5302 1324 5359 habeant.
1347 5301 1418 5359 Et
1449 5303 1497 5359 si
1524 5302 1721 5376 aliquis
1742 5313 1947 5361 temere

368 5390 513 5448 hanc
554 5401 803 5449 nostram
833 5392 1247 5463 praeceptionem
1288 5393 1593 5467 irrumpere
1633 5396 1947 5463 tentaverit,

371 5483 617 5553 magistri
644 5484 884 5541 locorum
928 5485 1143 5542 illorum
1180 5485 1273 5555 qui
1311 5500 1424 5541 rem
1459 5487 1727 5558 publicam
1755 5501 1949 5558 procu-

373 5588 500 5631 rare
528 5584 841 5643 noscuntur,
886 5576 1015 5633 illud
1051 5575 1598 5645 emendarijubeant,
1642 5579 1689 5633 si
1733 5579 1826 5634 Dei
1852 5593 1950 5635 no-

375 5677 655 5738 stramque
677 5669 844 5728 velint
863 5670 1062 5757 habere
1082 5671 1334 5755 gratiam.
1359 5670 1426 5726 Et
1446 5679 1505 5727 ut
1520 5671 1635 5728 haec
1653 5672 1949 5729 auctoritas

2012 472 2277 529 servetur,
2299 463 2367 518 de
2393 462 2594 517 annulo
2617 470 2803 518 nostro
2822 460 3042 532 sigillari
3059 459 3342 530 iussimus.

2082 554 2452 611 Faramundus
2482 555 2551 610 ad
2570 556 2744 610 vicem
2772 554 3088 611 Helisachar
3109 554 3335 624 scripsit.

2084 649 2219 704 Data
2250 666 2307 704 Ix
2341 649 2460 705 Kal.
2485 649 2672 715 Maias,
2709 664 2851 705 anno
2880 651 2933 716 l,
2967 648 3182 705 Christo
3202 647 3453 718 propitio,
3483 647 3590 706 lm-

2013 740 2149 810 perii
2171 739 2366 804 nostri,
2391 739 2684 795 indictione
2703 754 2799 794 vn.

2083 833 2278 978 Acgum
2305 832 2474 904 Aquis
2510 833 2711 905 palatio
2750 841 2955 900 nostro,
2978 830 3035 888 in
3061 831 3158 888 Dei
3183 830 3398 889 nomine
3420 829 3602 888 felici-

2083 939 2121 978 r.
2199 938 2343 978 men.

2015 932 2121 980 ter.
2150 932 2343 980 Amen.

2338 1098 2589 1180 Ejusdem
2613 1126 2708 1181 pro
2736 1108 2915 1163 eodem
2935 1107 3269 1162 monasterio.

2634 1199 2809 1270 (Anno
2838 1197 2987 1269 814.)

2414 1291 2593 1365 [Apud
2622 1291 2686 1345 D.
2723 1289 3014 1360 Bouquet.,
3048 1285 3204 1360 ibid.]

2086 1382 2144 1440 ln
2172 1384 2390 1439 nomine
2432 1383 2644 1438 Domini
2687 1381 2785 1437 Dei
2829 1389 2887 1436 et
2919 1378 3220 1435 Salvatoris
3261 1373 3432 1432 nostri
3468 1373 3598 1432 Iesu

2017 1475 2241 1541 Christi,
2295 1474 2599 1531 Ludovicus
2656 1471 2837 1527 divina
2904 1469 3189 1525 ordinante
3260 1465 3602 1538 providentia

2020 1566 2318 1636 imperator
2342 1565 2635 1635 Augustus.

2093 1656 2357 1713 Omnibus
2383 1657 2671 1727 episcopis,
2693 1654 2999 1719 abbatibus,
3024 1651 3270 1717 ducibus,
3291 1646 3601 1713 comitibus.

1943 1728 1993 1791 Β
2022 1746 2391 1812 vicedominis,
2422 1746 2659 1810 vicariis,
2703 1745 3049 1812 centenariis,
3094 1758 3189 1799 seu
3217 1740 3441 1812 reliquis
3466 1737 3605 1795 ﬁde.

2022 1839 2184 1906 libus,
2221 1839 2305 1895 vel
2346 1839 2526 1895 missis
2568 1838 2773 1893 nostris
2814 1835 3246 1893 discurrentibus
3279 1840 3469 1888 notum
3508 1830 3604 1896 sit.

2022 1931 2148 2000 quia
2176 1930 2435 2000 quidquid
2455 1938 2679 2001 propter
2706 1929 2947 1984 divinum
2968 1941 3208 1982 amorem
3232 1925 3316 1979 vel
3341 1930 3602 1996 opportuo

2024 2021 2249 2076 nitatem
2271 2034 2549 2075 servorum
2575 2019 2666 2074 Dei
2684 2018 2915 2089 agimus,
2931 2018 3036 2072 hoc
3056 2015 3213 2071 nobis
3233 2012 3603 2085 proculdubio

2025 2113 2093 2167 ad
2123 2122 2382 2168 aeternam
2408 2110 2799 2167 beatitudinem
2822 2108 3096 2180 pertinere
3126 2105 3471 2163 conﬁdimus.
3502 2102 3608 2175 lgio

2026 2212 2116 2260 tur
2144 2205 2444 2276 comperiat
2472 2203 2715 2259 omnium
2758 2202 2994 2258 ﬁdelium
3017 2211 3327 2256 nostrorum
3363 2197 3605 2261 solertia,

2025 2297 2374 2369 praesentium
2404 2294 2610 2351 scilicet
2635 2301 2692 2349 et
2727 2292 3056 2357 futurorum,
3086 2290 3215 2361 quia
3261 2290 3347 2344 vir
3375 2302 3609 2344 venera-

2025 2388 2153 2444 bilis
2183 2386 2509 2443 Benedictus
2538 2386 2705 2441 ahbas
2742 2400 2807 2440 ex
2856 2384 3188 2440 monasterio
3224 2382 3455 2447 Aniano,
3504 2380 3611 2436 sito

2026 2474 2085 2533 in
2123 2494 2260 2548 pago
2300 2477 2735 2547 Magdalenense,
2764 2483 3077 2531 constructo
3110 2475 3165 2529 in
3208 2474 3469 2528 honorem
3500 2472 3611 2526 Do—

2028 2568 2164 2624 mini
2192 2577 2249 2623 et
2273 2567 2570 2622 Salvatoris
2594 2566 2763 2621 nostri
2792 2565 2919 2620 Jesu
2957 2564 3159 2619 Christi
3188 2573 3244 2619 et
3270 2571 3472 2619 sancta:
3502 2562 3615 2616 Ma.

2030 2659 2127 2713 ria:
2155 2672 2371 2727 semper
2398 2656 2647 2726 virginis,
2689 2666 2784 2712 seu
2820 2662 2874 2711 et
2914 2663 3233 2710 caeterorum
3275 2659 3614 2716 sanctorum.

2032 2751 2400 2810 detnlitnobis
2428 2758 2756 2820 praeceptum
2796 2747 3000 2803 domini
3037 2754 3095 2802 et
3135 2744 3397 2817 genitoris
3443 2743 3615 2798 nostri

2032 2842 2211 2899 Caroli
2242 2842 2572 2897 serenissimi
2602 2839 2969 2911 imperatoris,
3002 2839 3056 2891 in
3103 2851 3212 2907 quo
3238 2833 3620 2901 continebatur

2034 2933 2266 3005 qualiter
2311 2934 2424 3002 ipse
2462 2940 2820 2987 memoratum
2863 2927 3252 3003 monasterium
3278 2926 3332 2981 in
3371 2941 3470 2980 suo
3492 2939 3620 2996 pro-

2033 3025 2153 3095 prio
2183 3032 2561 3093 construxerat
2584 3030 2636 3077 et
2674 3036 2797 3076 eum
2827 3020 3001 3074 eidem
3042 3017 3271 3089 genitori
3306 3018 3491 3071 nostro
3520 3028 3621 3084 per

2033 3117 2274 3171 chartam
2318 3112 2626 3170 donationis
2665 3112 3042 3184 delegaverat;
3087 3117 3143 3162 et
3175 3106 3448 3179 quomodo
3475 3105 3641 3161 idem“

2033 3207 2416 3265 serenissimus
2461 3206 2755 3275 imperator
2785 3204 2960 3273 ipsum
2998 3208 3054 3255 et
3090 3198 3385 3255 monachos
3417 3196 3622 3252 ibidem

2034 3300 2291 3369 degentes
2351 3296 2451 3351 sub
2501 3294 2859 3349 immanitatis
2913 3292 3223 3348 defensione
3282 3294 3616 3358 susceperat.

2036 3386 2144 3442 Sed
2168 3400 2266 3458 pro
2299 3384 2570 3439 ﬁrmitatis
2595 3383 2773 3438 studio
2801 3382 2957 3453 petiit
2986 3372 3275 3452 prmdictus
3310 3376 3482 3434 abbas
3510 3376 3623 3433 cel-

2037 3477 2325 3533 simdinem
2351 3482 2608 3536 nostram,
2636 3482 2696 3527 ut
2715 3474 2890 3528 denuo
2910 3487 3011 3527 nos
3029 3472 3202 3543 ipsum
3227 3468 3622 3526 monasterium

2038 3568 2140 3622 sub
2175 3574 2363 3621 nostra
2390 3562 2701 3620 defensione
2742 3564 3102 3633 reciperemns
3126 3570 3183 3617 et
3218 3574 3319 3635 pro
3351 3559 3622 3619 mercedis

2038 3668 2239 3713 nostra:
2282 3665 2569 3730 augmento
2590 3655 2788 3710 similia
2818 3654 2869 3709 ei
2897 3654 3197 3709 concedere
3221 3660 3275 3708 et
3298 3651 3622 3709 conﬁrmare

2042 3753 2383 3809 deberemus.
2408 3749 2573 3820 Cujus
2609 3747 2855 3820 petitioni
2888 3747 3156 3815 denegare
3196 3745 3468 3801 noluimus
3482 3754 3503 3811 ;‘
3525 3744 3624 3802 sed

2042 3846 2115 3901 ita
2144 3845 2197 3899 in
2226 3843 2476 3899 omnibus
2513 3849 2564 3897 et
2596 3848 2886 3911 pra-sentes
2915 3849 2970 3895 et
3007 3839 3173 3894 futuri
3205 3836 3392 3894 ﬁdeles
3422 3845 3623 3893 sancta:

2044 3932 2138 3988 Dei
2166 3931 2422 3989 Ecclesia:
2450 3939 2505 3986 et
2531 3930 2699 3985 nostri
2740 3944 3056 3985 concessum
3096 3938 3149 3984 et
3184 3938 3446 4000 perpetuo
3472 3920 3625 3982 ano-

2041 4023 2126 4079 bis
2149 4020 2526 4078 conﬁrmatum
2551 4034 2671 4075 esse
2695 4026 3043 4091 cognoscant.
3079 4017 3463 4089 Prmcipientes
3492 4031 3624 4089 ergo

2038 4115 2291 4189 jubemus
2338 4122 2399 4169 ut
2441 4113 2618 4169 nullus
2655 4111 2822 4183 judex
2862 4113 3128 4184 publicus,
3166 4124 3343 4183 neque
3371 4110 3628 4183 quislibet

2042 4222 2110 4262 ex
2129 4205 2412 4276 iudiciaria
2441 4212 2730 4276 potestate,
2768 4218 2868 4258 nec
2891 4203 3033 4258 ullus
3055 4203 3122 4258 de
3152 4200 3397 4257 ﬁdelibus
3418 4201 3627 4257 nostris

2046 4298 2102 4354 in
2122 4297 2399 4362 ecclesias,
2427 4305 2520 4351 aut
2550 4295 2687 4361 loca,
2722 4296 2805 4350 vel
2845 4309 3005 4366 agros
3030 4308 3124 4349 seu
3150 4291 3386 4363 reliquas
3408 4299 3626 4362 posses-

1965 4426 2020 4487 Β
2045 4390 2226 4447 siones
2255 4389 2493 4462 praedicti
2530 4387 2866 4453 monasterii,
2914 4401 3050 4457 quas
3085 4387 3345 4441 moderno
3380 4386 3626 4457 tempere

2044 4497 2142 4553 per
2178 4479 2498 4535 donationes
2542 4487 2597 4533 et
2637 4478 2820 4533 domni
2866 4476 3209 4548 imperatoris
3241 4473 3415 4531 Caroli
3442 4482 3497 4530 et
3524 4487 3625 4529 no-

2044 4586 2186 4629 stras
2225 4581 2280 4627 et
2319 4580 2638 4627 caeterorum
2668 4568 2902 4623 ﬁdelium
2936 4568 3082 4640 juste
3108 4565 3386 4637 possidere
3414 4564 3628 4621 videtur

2044 4664 2098 4720 in
2138 4661 2467 4734 quibuslibet
2498 4660 2650 4724 locis,
2685 4657 2942 4729 quidquid
2986 4656 3185 4713 ibidem
3222 4663 3444 4728 propter
3484 4651 3625 4708 divi-

2045 4770 2174 4810 num
2199 4767 2440 4809 amorem
2482 4750 2733 4807 collatum
2777 4747 2899 4815 fuit,
2930 4762 3156 4820 quaeque
3182 4744 3345 4803 etiam
3369 4745 3624 4817 deinceps

2046 4851 2100 4908 in
2138 4846 2287 4924 jure’
2306 4849 2477 4922 ipsius
2500 4847 2673 4904 sancti
2707 4846 2808 4902 loci
2836 4852 2931 4900 aut
2956 4858 3053 4915 per
3083 4857 3202 4906 nos,
3231 4834 3324 4895 aut
3346 4853 3447 4911 per
3465 4836 3623 4924 alios,

2044 4920 2279 4998 voluerit
2302 4920 2479 4996 divina
2515 4938 2691 5009 pietas
2725 4934 2934 5008 augeri,
2976 4933 3044 4988 ad
3085 4938 3281 4987 causas
3308 4920 3623 4991 audiendas.
3692 4920 3711 4933 “

2024 5020 2307 5089 ’νθιΐι-θάιι
2340 5029 2625 5103 exigenda,
2670 5034 2760 5083 aut
2804 5024 3110 5081 mansiones
3151 5020 3235 5078 vel
3278 5026 3497 5091 paratas
3545 5016 3625 5072 τεά

2048 5123 2303 5187 ciendas,
2352 5132 2445 5177 aut
2491 5120 2836 5190 ﬁdejussores
2893 5113 3176 5181 tollendos,
3228 5126 3329 5168 nec
3376 5109 3627 5168 homines

2048 5216 2217 5289 ipsius
2245 5213 2509 5280 ecclesiae,
2553 5222 2663 5267 tam
2703 5210 2963 5282 ingenuos
2990 5210 3262 5277 quamque
3295 5216 3509 5268 servos,
3531 5199 3625 5273 qui

2048 5324 2211 5381 supra
2235 5316 2436 5367 terram
2461 5312 2771 5363 memoratae
2806 5300 3049 5360 ecclesiae
3087 5298 3328 5356 residere
3352 5294 3624 5359 videntur.

2049 5403 2473 5475 distringendos,
2515 5412 2616 5455 nec
2654 5396 2793 5452 ullas
2843 5392 3233 5450 redhibitiones
3270 5386 3627 5445 aut'illicitas

2048 5494 2360 5550 occasiones
2400 5487 2767 5561 requirendas,
2818 5484 2928 5541 ullo
2974 5497 3210 5554 unquam
3254 5480 3500 5551 tempore
3543 5477 3627 5534 in-

2051 5584 2202 5658 gredi
2241 5581 2456 5646 audeat,
2482 5577 2567 5633 vel
2607 5585 2859 5633 exactare
2907 5578 3219 5647 prmumat.
3260 5570 3327 5626 Et
3364 5568 3627 5640 quidquid

2052 5676 2118 5733 de
2146 5675 2308 5731 rebus
2338 5668 2549 5742 praefati
2579 5666 2891 5725 monasterii
2929 5664 3093 5721 ﬁscus
3127 5672 3346 5736 sperare
3386 5666 3626 5733 poterat,
