4062 6332
658 261 795 316 14ξό
1667 266 1723 323 S.
1764 267 2195 324 BENEDICTUS
2228 266 2449 323 ABBAS
2486 265 2913 323 ANIANENSIS.
3698 277 3787 338 im

652 382 825 433 totum
856 392 956 432 nos
984 392 1083 446 pro
1119 385 1323 431 aeterna
1366 379 1809 435 remuneratione
1832 381 2091 450 prtedicto
2126 397 2243 437 mo-
2266 394 2313 454 Α
2344 381 2466 436 dem
2482 375 3316 447 monasteriiAnianensisusque
3328 378 3391 435 ad
3410 381 3632 440 terminos
3647 403 3789 463 eorum,

632 466 893 525 .nasterio
913 467 1273 532 concedimus,
1306 475 1365 523 ut
1391 471 1665 538 perpetuis
1693 474 2024 542 temporibus
2048 475 2100 528 in
2129 474 2230 528 ali-
2333 473 2475 527 sicut
2500 473 2728 526 domnus
2753 476 2809 523 et
2831 469 3046 539 genitor
3069 479 3258 522 noster
3276 468 3484 525 Carolus
3505 473 3634 530 bona:
3659 495 3792 539 memo.

649 558 887 613 muniam
912 573 1210 629 pauperum
1239 567 1293 613 et
1320 560 1583 631 stipendia
1612 564 1999 620 monachorum
2029 565 2227 621 ibidem

647 647 761 703 Deo
792 637 1163 703 famulantium
1204 648 1453 719 proﬁciat
1484 650 1537 704 in
1568 662 1934 722 augmentum.
1965 655 2033 709 Et
2058 671 2229 726 quan-

647 738 936 808 doquidem
978 739 1158 796 divina
1204 740 1487 795 vocatione
1536 744 1878 812 supradictus
1926 745 2092 800 abbas
2143 747 2244 801 vel

645 842 989 883 successores
1031 827 1112 883 sui
1150 827 1216 883 de
1265 829 1368 884 bac
1416 829 1535 884 luce
1582 831 1954 901 migraverint,
1986 836 2226 905 quandiu

644 918 748 989 ipsi
778 918 1025 974 monachi
1054 918 1200 973 inter
1227 933 1284 974 se
1324 919 1487 974 talem
1530 921 1774 977 invenire
1808 925 2100 992 potuerint,
2132 926 2225 996 qui

642 1009 818 1078 ipsam
860 1009 1330 1080 congregationem
1375 1010 1671 1065 secundum
1734 1010 1995 1083 Regulam
2048 1016 2223 1071 sancti

640 1096 916 1152 Benedicti
944 1113 1132 1169 regere
1161 1098 1391 1166 valeant,
1422 1116 1522 1170 per
1543 1101 1685 1157 hanc
1712 1110 1952 1157 nostram
1989 1105 2226 1160 auctori-

641 1197 813 1242 tatem
849 1199 901 1243 et
924 1204 1246 1244 consensum
1290 1191 1563 1245 licentiam
1598 1192 1832 1248 habeant
1862 1194 2095 1267 eligendi
2127 1199 2223 1253 ab-

638 1280 796 1334 hates
824 1296 837 1333 :
864 1287 1130 1349 quatenus
1171 1280 1303 1350 ipsis
1350 1282 1524 1337 servis
1573 1282 1692 1349 Dei,
1732 1284 1825 1354 qui
1872 1284 2072 1340 ibidem
2111 1287 2223 1344 Dco

638 1370 890 1426 famulari
916 1371 1186 1439 videntur,
1232 1388 1331 1443 pro
1374 1375 1530 1429 nobis
1578 1383 1633 1430 et
1682 1375 1932 1448 conjuge,
1964 1380 2221 1450 proleque

634 1470 843 1528 nostra,
895 1477 960 1518 ac
1009 1461 1305 1517 stabilitate
1353 1464 1516 1518 totius
1560 1463 1774 1536 imperii
1822 1468 1995 1522 nostri
2035 1484 2067 1522 a
2107 1469 2220 1527 Deo

554 1571 560 1577 ί
632 1553 792 1609 nobis
833 1553 1077 1609 concessi
1106 1552 1187 1608 vel
1226 1554 1600 1620 conservandi,
1633 1552 1837 1627 jugiter
1871 1556 2088 1613 Domini
2115 1560 2219 1615 mi-

632 1644 986 1700 sericordiam
1017 1660 1243 1700 exorare
1267 1644 1583 1701 delectetur.
1611 1646 1679 1701 Et
1700 1657 1758 1702 ut
1779 1649 1897 1704 haec
1920 1651 2215 1707 auctoritas

2332 563 2426 617 ria:
2452 562 2725 630 piissimus
2751 560 3021 629 Augustus
3052 566 3209 613 trans
3243 559 3407 629 ripam
3432 561 3612 631 praefati
3630 566 3791 631 ﬂuminis

2329 644 2426 721 p‘c,
2443 666 2595 705 suum
2615 657 2942 721 pmceptum
2957 649 3023 703 ad
3038 649 3320 718 pr0prium
3340 652 3627 708 antedictum
3643 662 3791 719 tradidit

2330 741 2739 805 monasterium,
2768 746 2993 809 excepto
3035 739 3318 809 proprium
3345 740 3649 813 ingenuorum
3676 738 3791 806 boni-

2327 816 2477 897 num,
2518 832 2661 902 quod
2688 829 2826 886 infra
2855 828 3122 897 conjacet.
3159 829 3293 883 Item
3321 829 3373 885 in
3400 833 3570 887 eodem
3596 840 3790 905 pagoillos

2327 937 2485 994 segos
2529 937 2653 977 cum
2705 919 2998 991 piscatoria
3026 959 3042 984 ,
3093 927 3548 991 quantumcunque
3588 923 3631 978 in
3663 927 3790 989 eode.

2326 1011 2445 1067 loco
2475 1012 2617 1067 idem
2637 1012 2850 1083 genitor
2872 1018 3060 1065 uoster
3081 1010 3355 1080 quondam
3383 1012 3447 1066 ad
3476 1028 3611 1067 suum
3631 1015 3789 1077 habebat

2323 1118 2478 1173 opus,
2506 1104 2597 1173 qui
2626 1114 2710 1158 est
2733 1102 2878 1157 inter
2911 1115 3065 1156 mare
3105 1109 3164 1156 et
3203 1109 3467 1173 stagnum,
3510 1120 3612 1160 cum
3630 1110 3787 1168 ecchsia

2323 1202 2378 1249 et
2406 1193 2684 1249 villaribus
2710 1203 2763 1248 et
2802 1192 3054 1247 omnibus
3084 1193 3419 1261 aspicientiis
3456 1194 3534 1249 vel
3565 1196 3788 1265 adiacentis

2324 1283 2457 1337 suis.
2484 1282 2561 1338 De
2589 1282 2721 1337 silva
2750 1296 2881 1337 vero
2905 1296 3027 1351 qua:
3055 1281 3236 1336 eidem
3265 1282 3394 1337 ﬁsco
3432 1281 3631 1352 adjacet,
3660 1302 3787 1345 conco-

2323 1372 2498 1428 dimus
2526 1372 2733 1427 eisdem
2770 1372 3052 1427 monachis
3090 1380 3149 1426 et
3172 1386 3358 1447 eorum
3386 1372 3670 1442 hominibus,
3688 1383 3785 1436 atad

2320 1479 2452 1519 usus
2483 1471 2537 1519 et
2572 1464 2639 1518 ad
2674 1463 2995 1533 piscatorias
3024 1462 3463 1528 reemendendas,
3488 1475 3783 1534 quantumcun-

2319 1569 2424 1623 que
2463 1569 2688 1609 necesse
2736 1552 2902 1608 fuerit
2929 1553 2998 1607 ad
3047 1567 3242 1607 eorum
3283 1552 3544 1621 utilitates,
3578 1558 3783 1627 accipiant.

2318 1642 2526 1699 Pascua
2558 1644 2725 1700 etiam
2771 1643 2839 1698 ad
2870 1643 3130 1699 animalia
3157 1643 3347 1699 alenda
3381 1645 3567 1715 absque
3586 1647 3707 1704 ullius
3721 1649 3782 1704 lto-

628 1736 836 1793 nostris
883 1734 1184 1806 futurisque
1223 1737 1573 1807 temporibus,
1608 1738 1835 1795 Domino
1874 1748 2213 1812 protegente,
2244 1749 2291 1809 Β
2320 1736 2482 1791 minis
2510 1735 2913 1807 ὶωρεάἰωεοιο.
2945 1735 3038 1790 ubi
3067 1734 3361 1801 voluerim.
3389 1744 3442 1791 et
3460 1735 3527 1789 illi
3548 1746 3593 1791 et
3613 1738 3781 1796 homines

597 1828 811 1905 'yaleat
839 1827 1156 1886 inconvulsa
1187 1846 1428 1895 manere,
1466 1846 1627 1886 manu
1651 1832 1866 1903 propria
1892 1834 2212 1905 subscripsi-

630 1933 773 1983 mus,
809 1924 864 1972 et
890 1918 1074 1972 annuli
1112 1920 1284 1975 nostri
1314 1920 1667 1991 impressione
1700 1922 1899 1993 signari
1921 1921 2206 1992 jussimns.

699 2009 925 2082 Signum
959 2009 1218 2067 Ludovici
1245 2012 1577 2068 serenissimi
1606 2014 1968 2083 imperatoris.

624 2153 630 2158 ,
696 2098 986 2155 Durandus
1034 2099 1306 2166 diaconus,
1342 2101 1411 2156 ad
1456 2101 1631 2158 vicem
1677 2101 1995 2160 llelisacbar
2049 2088 2233 2162 recc-1

522 2220 526 2225 ~
625 2190 807 2261 gnovi.

691 2278 831 2334 Data
862 2294 915 2334 rx
946 2279 1063 2335 Kal.
1106 2280 1253 2349 Maii,
1282 2297 1425 2339 anno
1460 2298 1500 2355 ι,
1545 2282 1764 2343 Christo
1799 2287 2054 2359 propitio,
2106 2288 2209 2344 im-

524 2400 531 2405 ο
620 2369 761 2440 perii
788 2371 986 2436 nostri,
1018 2364 1432 2428 indictione'vtr.

693 2460 889 2516 Actum
916 2460 1086 2543 Aquis
1112 2463 1313 2533 palatio
1343 2473 1556 2533 nostro,
1574 2465 1626 2521 in
1659 2464 1757 2522 Dei
1797 2466 2014 2523 nomine
2035 2466 2207 2524 felici-

616 2558 727 2615 ter.
761 2551 937 2609 Amen

1365 2644 1456 2701 IV.

932 2728 1182 2807 Ejusdem
1211 2756 1306 2811 pro
1333 2739 1514 2794 eodem
1552 2743 1887 2798 monasterio.

1226 2831 1404 2905 (Anno
1441 2833 1592 2907 8H.)

1045 2921 1219 2997 [Apud
1248 2926 1314 2981 D.
1340 2926 1628 2997 Bouquet.,
1661 2928 1818 3001 ibid.j

604 3052 609 3057 ρ
686 3014 747 3070 In
784 3015 1003 3071 nomine
1048 3016 1144 3071 Dei
1188 3025 1243 3072 et
1289 3016 1587 3073 Salvatoris
1625 3020 1798 3075 nostri
1838 3019 1964 3076 Jesu
1994 3021 2196 3078 Christi

2313 1840 2501 1881 eorum
2538 1826 2792 1882 habeant.
2833 1824 3043 1881 Caetera
3083 1842 3219 1882 vero
3246 1841 3365 1896 quae
3396 1836 3598 1894 restant,
3620 1838 3663 1883 et
3676 1828 3779 1897 silva,

2311 1925 2367 1973 et
2403 1932 2622 1988 pascua,
2653 1924 2879 1971 utantur
2906 1924 2961 1972 et
2990 1931 3182 1972 comes
3211 1925 3264 1972 et
3294 1916 3596 1972 habitatores
3616 1919 3779 1975 civitatis

2308 2008 2658 2080 Agathensis,
2690 2009 2831 2064 sicut
2852 2008 3161 2079 antiquitus
3191 2023 3322 2063 usus
3344 2006 3455 2062 fuit.
3478 2007 3529 2062 In
3551 2023 3661 2078 pago
3680 2024 3779 2064 nan-

2309 2113 2414 2169 que
2441 2097 2739 2169 Agathensi
2771 2098 2961 2153 fiscum
2984 2107 3237 2154 nostrum
3266 2098 3357 2167 qui
3382 2107 3670 2167 nuncupatur
3687 2097 3774 2162 Sita,

2308 2199 2364 2246 et
2388 2190 2441 2245 in
2463 2205 2602 2261 pago
2616 2188 2954 2245 Narbonensi
2977 2190 3190 2246 salinas
3216 2204 3336 2259 qua:
3362 2197 3480 2244 sunt
3508 2189 3556 2243 in
3578 2189 3673 2244 loco
3685 2205 3777 2244 nun-

2306 2291 2538 2355 cupante
2570 2283 2868 2356 Ad-Signa,
2908 2293 3387 2355 quantumcunque
3417 2284 3491 2341 eis
3527 2286 3777 2341 maternis-

2306 2391 2399 2432 sus
2424 2373 2704 2431 Leibulfus
2738 2390 2921 2431 comes
2947 2375 3276 2447 designavit,
3301 2391 3421 2432 cum
3445 2376 3651 2432 terminis
3672 2376 3778 2432 etla-

2306 2469 2666 2525 terationibus
2690 2472 2823 2525 suis.
2854 2470 2981 2526 Haec
3016 2470 3205 2526 omnia
3228 2473 3527 2543 praescripta
3548 2469 3776 2528 comoedo-

2305 2561 2423 2627 siis,
2463 2561 2768 2628 villaribus,
2808 2562 3081 2629 domibus,
3122 2562 3422 2633 mancipiis,
3466 2560 3625 2632 virgis,
3659 2560 3773 2625 silvis,

2306 2652 2488 2718 terris,
2517 2652 2708 2723 pratis,
2764 2651 3003 2723 pascuis,
3032 2654 3288 2723 garricis,
3326 2651 3629 2718 molendinis,
3665 2650 3771 2721 aquis

2303 2762 2637 2818 aquarumve
2685 2746 3020 2810 decursibus,
3070 2746 3279 2803 cultum
3326 2754 3381 2801 et
3422 2744 3658 2807 incultum,
3692 2756 3773 2798 αιιι

2302 2839 2557 2894 omnibus
2583 2837 2901 2907 adjacentiis
2927 2837 3011 2893 vel
3037 2839 3390 2909 appendiciis,
3419 2846 3569 2893 totum
3591 2844 3633 2892 et
3652 2835 3701 2890 ad
3719 2833 3771 2888 in-

2303 2938 2516 3002 tegrum
2544 2938 2845 2986 memorato
2867 2930 3242 2987 concessimus
3264 2928 3583 2985 monasterio.
3614 2925 3665 2981 Et
3680 2926 3771 2980 banc

2301 3024 2721 3094 prmceptionem
2750 3032 2953 3080 nostra:
2974 3026 3319 3081 auctoritatis
3343 3039 3436 3096 pro
3461 3021 3681 3078 ﬁrmitatis
3698 3027 3771 3075 stn-

615 3105 924 3162 Ludovicus
970 3107 1153 3162 divina
1186 3109 1473 3166 ordinante
1520 3111 1859 3179 providentia
1902 3114 2199 3183 imperator
2227 3098 2271 3160 C
2304 3114 2393 3170 dio
2418 3114 2534 3170 fieri
2551 3114 2833 3184 jussimus,
2870 3128 2969 3186 per
2988 3130 3157 3186 quam
3183 3116 3399 3172 omnino
3424 3112 3701 3185 praecipimus
3716 3116 3769 3162 ιι-

615 3202 916 3273 Angustus.

688 3294 746 3351 Si
784 3310 912 3366 erga
960 3295 1078 3351 loca
1117 3295 1314 3353 divinis
1353 3297 1588 3354 cultibus
1632 3298 1938 3369 mancipata
1976 3310 2202 3371 propter

600 3401 856 3442 .amorem
885 3386 982 3443 Dei
1004 3387 1231 3458 ejusque
1258 3388 1314 3444 in
1341 3389 1548 3446 eisdem
1575 3390 1712 3447 locis
1741 3390 1845 3446 sibi
1873 3389 2202 3448 famulantes

616 3476 887 3535 beneficia
911 3488 1218 3549 opportuna
1242 3479 1521 3552 largimur,
1558 3482 1841 3552 praemium
1878 3484 2036 3538 nobis
2057 3483 2199 3553 apud

616 3569 908 3624 Dominum
937 3577 1157 3624 aeternae
1193 3571 1649 3627 remunerationis
1669 3572 1895 3641 rependi
1924 3588 2034 3629 non
2061 3572 2200 3629 ditii-

611 3661 811 3718 dimus.
839 3660 1050 3717 Idcirco
1076 3671 1266 3717 notum
1291 3662 1366 3717 sit
1390 3663 1646 3718 omnibus
1685 3662 1934 3718 ﬁdelibus
1971 3665 2193 3731 nostris,

610 3753 972 3823 praesentibus
998 3763 1057 3810 et
1084 3754 1303 3820 futuris,
1330 3755 1460 3825 quia
1487 3755 1692 3825 placuit
1732 3755 1889 3811 nobis
1918 3771 2017 3828 pro
2055 3772 2198 3811 mer-

611 3844 763 3899 cedis
781 3852 984 3900 nostrze
998 3851 1291 3915 augmento
1310 3844 1378 3899 ad
1399 3844 1813 3910 monasterium,
1829 3844 1973 3913 quod
1995 3843 2198 3898 dicitur

609 3935 844 4000 Aniana,
886 3936 1050 3991 situm
1089 3936 1145 3990 in
1191 3950 1331 4007 pago
1357 3934 1797 4012 Magdalenense,
1823 3941 2196 3990 constructum

610 4029 667 4083 in
699 4028 906 4083 honore
934 4028 1152 4085 Domini
1187 4038 1244 4086 et
1283 4029 1586 4085 Salvatoris
1623 4029 1798 4085 nostri
1838 4026 1967 4084 Iesu
1993 4026 2194 4083 Christi

590 4130 666 4178 .et
698 4131 901 4177 sanctas
942 4123 1125 4179 Mariae
1149 4139 1364 4194 semper
1396 4125 1645 4196 virginis,
1676 4140 1774 4180 seu
1811 4124 2043 4179 aliorum
2069 4138 2197 4178 san-

602 4221 846 4279 ctcrunt,
870 4214 963 4270 ubi
1006 4213 1329 4272 Benedictus
1356 4216 1525 4272 abbas
1559 4230 1792 4287 praeesse
1820 4216 2058 4282 videtur,
2095 4214 2195 4270 ali-
2272 4268 2276 4272 Α

506 4322 512 4330 ·
588 4303 742 4372 quid
763 4318 832 4359 ex
860 4304 1023 4360 rebus
1048 4305 1264 4361 tradere
1285 4306 1507 4371 nostris,
1535 4307 1590 4363 id
1628 4315 1734 4373 est,
1758 4307 2047 4377 quamdam
2078 4306 2191 4362 cel-

2303 3218 2410 3275 que
2432 3206 2690 3276 jubemus
2715 3212 2775 3259 ut
2816 3205 2994 3262 nullus
3036 3222 3106 3262 ex
3139 3206 3386 3262 fidelibus
3408 3211 3585 3260 sancte
3609 3200 3680 3255 Dei
3703 3197 3769 3252 Eo-

2302 3292 2485 3349 clcsite
2517 3308 2582 3348 ac
2611 3293 2815 3349 nostris
2840 3293 2907 3350 de
2940 3296 3274 3366 praescriptis
3308 3295 3461 3351 rebus
3485 3308 3512 3346 a
3540 3287 3661 3345 nobis
3678 3301 3768 3358 prae

2300 3382 2412 3441 fato
2459 3383 2794 3440 monasterio
2838 3383 2923 3440 vel
2963 3385 3372 3458 congregationi
3413 3383 3585 3439 ibidem
3623 3374 3789 3450 degenti"

2299 3473 2572 3528 concessis
2594 3472 2800 3543 aliquid
2828 3474 3153 3533 abstrahere
3177 3484 3269 3531 aut
3289 3475 3515 3531 minuere
3538 3476 3682 3534 tentet,
3701 3478 3767 3521 net

2298 3564 2551 3621 homines
2576 3564 2779 3621 ibidem
2807 3577 3218 3625 commanentes
3242 3568 3557 3639 distringere,
3581 3578 3660 3619 nec
3685 3558 3768 3613 ﬁde

2288 3653 2536 3724 jussores
2578 3653 2792 3721 tollere,
2843 3671 2944 3711 nec
2982 3665 3206 3726 paratas
3246 3656 3523 3726 requirere,
3564 3665 3642 3706 nec
3673 3646 3765 3701 ullas

2282 3732 2691 3803 'redhibitiones
2723 3747 2942 3818 exigere
2964 3756 3280 3819 praesumat.
3305 3743 3428 3814 Sed,
3454 3746 3575 3802 sicut
3592 3736 3767 3797 nobisob

2296 3851 2539 3892 amorem
2570 3836 2667 3893 Dei
2712 3838 3029 3908 prmscripta
3076 3834 3202 3896 loca
3242 3851 3362 3896 cum
3388 3834 3607 3893 omnibus
3637 3839 3765 3886 eorum

2294 3928 2626 3999 appendiciis
2681 3929 2858 3984 eidem
2918 3911 3327 4002 congregationi
3367 3927 3615 3997 delegare,
3651 3925 3762 3985 ιιιιικ

2291 4018 2682 4089 perpetualiter
2722 4019 2790 4074 ad
2833 4019 3139 4076 habendum
3174 4020 3383 4077 tradere
3421 4016 3576 4078 libuit,
3610 4011 3667 4065 ita
3699 4005 3765 4060 Do-

2291 4110 2441 4164 mino
2469 4117 2808 4179 protegente,
2843 4110 3049 4181 absque
3093 4111 3323 4182 alicujus
3364 4105 3684 4165 contrarietate
3708 4092 3763 4150 vel

2291 4200 2719 4257 deminoratione
2790 4208 2885 4256 aut
2939 4204 3312 4270 resnltatione,
3370 4202 3484 4273 jure
3535 4192 3762 4251 ﬁrmissimo

2274 4291 2437 4362 ipsas
2469 4308 2558 4348 res
2586 4293 2788 4349 habere
2812 4301 2868 4347 et
2893 4289 3174 4363 possidere
3202 4295 3427 4351 valeant.
3455 4286 3631 4345 Placuit
3648 4280 3761 4337 etiam

598 4366 776 4449 .lnlam
802 4405 1148 4467 nuncnpantc
1183 4396 1422 4453 Gellonis
1448 4366 1505 4452 in
1542 4414 1682 4470 pago
1710 4366 2035 4463 Dntevense,
2068 4414 2190 4454 cum
2222 4453 2267 4470 h
2295 4382 2453 4438 ηοδίδ
2496 4381 2657 4451 huius
2694 4385 3102 4454 οοηετεεθιίοιιί
3144 4381 3471 4447 ῐηοηθδιθτίίν
3496 4371 3669 4470 (Wand?

609 4485 864 4541 omnibus
890 4453 1225 4557 appendiciis
1271 4489 1408 4555 suis,
1444 4453 1934 4560 vel-qtridquid'ibi
1977 4453 2190 4545 wmel-
2218 4453 2269 4513 ί)
2295 4473 2475 4549 minus
2532 4474 2870 4529 abundanter
2909 4453 3100 4545 flarsiri
3145 4477 3392 4548 dignatus
3437 4468 3596 4532 ίιιθτίιν

582 4576 1037 4645 -ιωιιεηιιοηᾶθηι
1077 4592 1277 4642 comes,
1325 4580 1419 4648 qui
1449 4580 1621 4650 ipsam
1650 4579 1899 4637 cellulam
1930 4580 1986 4635 in
2027 4595 2191 4635 causa

588 4666 817 4721 domini
850 4675 908 4737 et
954 4668 1215 4737 genitoris
1256 4670 1427 4724 nostri
1471 4670 1800 4737 construxit,
1850 4684 1946 4725 seu
1993 4679 2051 4725 et
2099 4670 2191 4724 alii

585 4756 740 4812 .boni
760 4756 1006 4814 homines
1030 4772 1129 4828 per
1151 4768 1453 4815 strumenta
1478 4761 1790 4816 chartarum
1816 4761 2186 4817 tradiderunt:

582 4861 853 4911 ,necnon
876 4856 934 4904 et
963 4848 1016 4917 in
1038 4848 1294 4918 praedicto
1319 4864 1458 4920 pago
1488 4850 1669 4905 villam
1700 4866 1822 4921 quae
1851 4851 2053 4906 dicitur
2079 4850 2192 4905 Ma-

500 4938 507 4944 ’
583 4937 948 5008 ,garantiate;
978 4940 1029 4995 ei
1053 4939 1108 4994 in
1129 4941 1316 4995 eodem
1344 4955 1483 5012 pago
1509 4942 1562 4996 in
1589 4940 1708 4996 loco
1737 4942 1827 5011 qui
1856 4941 2053 4995 dicitur
2081 4940 2188 4996 Ca-

580 5034 745 5090 .stra,
770 5036 991 5096 pastura
1012 5030 1305 5100 ad.pccora
1333 5047 1522 5085 eorum
1544 5030 1757 5095 alenda,
1783 5046 1909 5085 cum
1940 5030 2189 5086 terminis
2264 5092 2273 5097 ,

611 5126 669 5172 et
694 5117 1011 5185 adiacentiis
1044 5121 1200 5186 suis;
1240 5122 1296 5176 in
1342 5138 1483 5193 pago
1518 5121 1825 5178 Bederense
1867 5121 2057 5203 fiscum
2093 5138 2191 5179 no-

581 5214 789 5262 .strum
832 5206 1098 5274 Miliacus,
1135 5226 1259 5265 cum
1302 5211 1531 5266 ecclesia
1577 5212 1747 5267 sancti
1791 5211 2093 5283 Paragorii,
2133 5218 2190 5268 et

578 5356 586 5368 ,
614 5293 875 5351 Militiane
902 5296 1113 5365 villam;
1166 5307 1221 5354 et
1247 5300 1302 5354 in
1331 5315 1468 5370 pago
1499 5299 1917 5371 Magdalonense
1948 5310 2189 5357 castrum

575 5389 758 5458 :qnod
802 5390 1002 5459 dicitur
1041 5390 1513 5458 Montecalmense,
1559 5394 1722 5450 situm
1758 5392 1915 5463 juxta
1968 5392 2188 5477 ﬂuvium

613 5480 811 5546 Araur,
839 5495 961 5551 cum
995 5481 1225 5538 ecclesia
1252 5484 1423 5539 sancti
1467 5483 1679 5548 Hilarii,
1711 5501 1742 5538 a
1774 5484 2021 5540 terminis
2040 5474 2186 5553 ejus-

2292 4545 2475 4619 modia
2501 4565 2568 4619 de
2600 4564 2721 4620 oleo
2747 4565 2898 4631 dare,
2940 4564 2996 4620 id
3023 4573 3109 4622 est
3146 4545 3229 4623 de.
3246 4566 3497 4622 telomena
3518 4564 3566 4614 et
3593 4545 3756 4609 sobrii;

2292 4654 2509 4724 quando
2536 4669 2667 4710 vero
2687 4655 2887 4720 minus,
2926 4670 3023 4711 sex
3046 4656 3245 4712 modia.
3273 4652 3339 4712 Et
3354 4654 3577 4726 jubemus
3597 4654 3673 4713 per
3688 4635 3757 4690 θοι

2288 4755 2621 4817 praeceptum
2648 4748 3093 4817 procuratoribus
3118 4748 3420 4805 earumdem
3448 4739 3651 4796 villarum
3664 4736 3758 4798 Pﬂ”

2292 4842 2536 4898 sentibus
2569 4851 2626 4898 et
2662 4841 2881 4909 futuris,
2908 4852 2970 4899 ut
3013 4860 3316 4901 mensuram
3356 4839 3452 4897 olei
3478 4826 3756 4924 ρτωεετῑιξξθηξ

2290 4933 2471 4989 missis
2519 4932 2759 5003 ejusdem
2826 4936 3260 5007 congregationis
3313 4932 3394 4988 vel
3446 4912 3756 5007 successori“

2266 5014 2408 5097 :cjus
2434 4999 2599 5093 lijure
2634 5040 2742 5080 uno
2771 4999 3200 5101 annisjsingulis
3233 5026 3360 5080 dare
3408 5016 3637 5076 studeant.

2290 5091 2489 5186 quippe
2520 5116 2815 5180 auctoritas
2858 5124 2920 5171 ut
2948 5091 3165 5173 nostris
3205 5126 3259 5173 et
3297 5110 3477 5169 futuris
3504 5091 3754 5191 ιθωροτξδξδ

2260 5206 2470 5279 _valeat
2497 5205 2811 5261 inconvulsa
2842 5220 3082 5273 manere,
3108 5224 3264 5263 manu
3288 5200 3487 5276 propria
3515 5189 3753 5286 sub“???

2258 5278 2265 5369 ξ
2295 5314 2436 5363 mus,
2468 5306 2523 5353 et
2550 5298 2735 5365 annuli
2763 5299 2934 5355 nostri
2972 5299 3320 5371 impressione
3353 5285 3536 5363 signari
3546 5278 3751 5371 jussilmf-

2260 5368 2265 5389 ζ
2365 5388 2588 5459 Signum
2631 5386 2814 5446 domni
2843 5368 3100 5447 Ludovici
3122 5385 3436 5447 Serenissimi
3473 5368 3748 5460 imperem“?

2362 5480 2647 5537 Durandus
2676 5478 2936 5538 diaconus
2958 5483 3025 5538 ad
3048 5482 3220 5539 vicem
3245 5479 3497 5536 Helisacar
3518 5460 3750 5527 τθοοῖη⁰⁷¹⁶

686 5590 795 5668 ιλῐη
836 5593 942 5647 alio
984 5568 1274 5664 diplomate
1327 5594 1565 5665 ejusdem
1620 5596 1983 5666 imperatoris,
2026 5596 2169 5667 quod
2206 5593 2466 5651 emissum
2517 5601 2599 5650 est
2639 5609 2779 5653 anno
2827 5596 2951 5663 822,
2992 5612 3092 5667 pro
3130 5597 3254 5668 jure
3297 5606 3427 5654 uno.
3477 5577 3664 5636 haben"
3710 5568 3748 5610 ’³

577 5718 584 5727 ,
615 5659 847 5717 Arelate.
