4062 6332
257 363 408 420 “25

1487 359 1788 414 CHARTzE
1831 359 2283 422 ANIANENSES.

3358 366 3496 421 1426

323 476 457 530 Data
482 489 600 529 vnn
631 471 749 528 Kal.
783 473 928 540 Maii,
965 489 1107 529 anno
1137 489 1175 537 ι,
1208 473 1423 529 Christo
1444 475 1696 544 propitio,
1727 474 1827 528 im-
1852 494 1903 554 Α
1929 477 2279 544 perfruantur
2306 479 2532 534 arbitrio
2572 479 2820 535 faciendi.
2846 480 2914 535 Et
2944 489 3002 535 ut
3039 481 3141 536 hoc
3170 491 3496 553 praeceptum

253 566 387 637 perii
415 565 604 629 nostri,
635 564 926 618 indictione
951 581 1046 618 vn.

322 654 514 708 Actum
553 652 721 725 Aquis
755 655 954 725 palatio
985 662 1172 710 nostro
1200 653 1254 708 in
1290 654 1383 710 Dei
1410 655 1627 710 nomine
1656 654 1824 710 felici-

255 752 358 800 ter.
388 745 580 800 Amen.
1003 811 1048 867 ν

558 902 813 974 Ejusaem
838 903 940 974 'pro
975 902 1152 957 eodem
1181 905 1512 957 monasterio.

860 993 1038 1064 (Anno
1075 991 1224 1062 8l5.)

659 1081 835 1155 [Apud
863 1081 926 1135 D.
958 1082 1245 1151 Bouquet.,
1273 1081 1428 1151 ibid.]
1451 1097 1459 1104 '

324 1173 382 1227 ln
418 1170 635 1227 nomine
678 1171 890 1226 Domini
929 1170 1026 1223 Dei
1053 1178 1108 1224 et
1157 1168 1456 1224 Salvator-is
1486 1173 1655 1224 nostri
1699 1165 1826 1221 Jesu

254 1263 478 1327 Christi,
508 1263 813 1318 Ludovicus
855 1262 1036 1317 divina
1062 1261 1345 1315 ordinante
1369 1259 1700 1329 providentia
1728 1259 1829 1314 im-

255 1361 474 1423 perator
494 1352 787 1422 Augustus.

325 1441 384 1496 Si
413 1441 556 1496 enim
579 1455 665 1505 ea,
695 1455 814 1509 qua:
843 1438 1028 1494 ﬁdeles
1054 1439 1273 1508 imperii
1310 1441 1480 1494 nostri
1509 1455 1606 1509 pro
1633 1455 1829 1510 oppor-

257 1531 574 1588 tunitatibus
596 1530 876 1599 utriusque
896 1531 1069 1600 partis
1089 1531 1231 1584 inter
1256 1546 1313 1585 se
1336 1539 1826 1596 commutaverunt,

257 1629 445 1677 nostra
463 1620 848 1675 confirmamus
871 1620 1212 1684 auctoritate,
1245 1635 1450 1674 morem
1479 1621 1531 1674 iu
1548 1622 1660 1681 hoc
1686 1620 1830 1675 facto

257 1726 576 1768 exercemus
600 1711 953 1781 imperialem,
978 1720 1032 1766 et
1054 1711 1106 1765 in
1132 1713 1471 1781 postmodum
1492 1710 1616 1780 jure
1639 1712 1828 1767 ﬁrmis-

1926 569 2270 624 aucloritatis
2314 579 2516 626 nostra:
2550 572 2851 642 pleniorem
2877 573 3118 628 obtineat
3137 573 3397 642 vigorem,
3442 584 3530 628 et.

1922 671 2022 725 per
2043 657 2224 711 futura
2250 667 2494 727 tempora
2517 659 2896 714 inviolabiliter
2923 669 3295 725 conservetur,
3319 662 3386 716 de
3407 678 3498 716 au-

1924 747 2055 801 nulo
2076 756 2260 802 nostro
2290 750 2482 803 subtus
2501 749 2762 818 jussimus
2792 749 3036 820 sigillari.

1995 835 2281 889 Duraudus
2305 835 2565 891 diaconus
2595 837 2662 890 ad
2683 837 2857 890 vicem
2889 837 3164 892 Helisacar
3184 839 3491 907 recognovi.

1996 923 2130 978 Data
2151 941 2244 978 vni
2269 924 2452 978 Kalen.
2485 925 2723 989 Martias,
2753 940 2915 988 anno,
2941 925 3154 979 Christo
3176 925 3425 995 propitio,
3457 942 3492 980 ιι

1926 1012 2138 1082 imperii
2192 1014 2370 1068 domui
2429 1014 2687 1084 Ludovici
2745 1014 2971 1082 piissimi
3037 1013 3304 1082 Augusti,
3357 1013 3468 1067 indi

1926 1104 2104 1158 ctione
2141 1120 2258 1158 vm.
2297 1167 2300 1170 ,

1999 1193 2192 1270 Actum
2223 1193 2546 1264 Aquisgrani
2569 1193 2766 1264 palatio
2795 1193 2942 1264 regio
2973 1193 3025 1266 in
3056 1193 3151 1247 Dci
3177 1206 3394 1247 nomine
3419 1190 3496 1246 fe-

1927 1279 2120 1336 liciter.
2149 1281 2338 1336 Amen.
2520 1274 2525 1280 ’

2666 1374 2752 1429 Ἦ.

2245 1459 2497 1532 Ejusdem
2530 1480 2622 1533 pro
2650 1464 2828 1517 eodem
2851 1467 3182 1518 monasterio.

2533 1555 2711 1624 (Anno
2750 1553 2899 1625 8l5.)

1931 1639 2100 1714 [Inter
2154 1643 2286 1696 Acta
2344 1641 2451 1698 SS.
2512 1613 2712 1696 ordinis
2762 1641 2819 1696 S.
2867 1613 3206 1716 benedicti,
3245 1655 3400 1716 parte
3449 1613 3518 1713 ι,¹

2425 1727 2549 1767 saec.
2594 1728 2665 1777 IV,
2699 1728 2821 1783 pag.
2859 1713 3011 1785 θη

257 1804 397 1873 sime
416 1818 731 1858 mansurum
754 1816 1069 1873 permanere
1092 1803 1355 1858 volumus.
1384 1802 1722 1873 Quapropter
1739 1818 1828 1858 no—
1858 1839 1904 1899 Β
1963 1801 1966 1804 ’
2001 1801 2060 1857 ln
2099 1801 2315 1856 nomine
2359 1802 2571 1857 Domini
2616 1802 2709 1856 Dei
2747 1811 2803 1857 et
2843 1803 3140 1859 Salvatoris
3177 1805 3346 1859 nostri
3376 1804 3500 1859 Jesu

259 1894 400 1949 verit
423 1893 636 1948 utilitas
669 1907 762 1948 seu
809 1893 1074 1947 industria
1097 1894 1335 1947 omnium
1356 1892 1592 1946 fidelium
1615 1899 1830 1948 nostro-

257 1999 398 2050 rum,
421 1992 530 2038 tam
545 1983 892 2054 praesentium
913 1999 1076 2052 quam
1091 1992 1146 2038 et
1158 1983 1480 2047 futurorum,
1497 1983 1620 2052 quia
1641 1983 1831 2040 adiens

257 2076 606 2132 serenitatem
645 2075 896 2130 culminis
926 2076 1096 2129 nostri
1125 2075 1207 2129 vir
1236 2076 1560 2131 venerabilis
1601 2073 1830 2131 Benedi-

257 2175 379 2222 ctus
419 2167 590 2221 abbas
616 2181 683 2220 ex
722 2166 1052 2221 monasterio
1075 2167 1216 2235 quod
1245 2174 1470 2220 vocatur
1496 2166 1826 2230 Anianense,

258 2257 422 2312 situm
445 2257 498 2310 in
521 2260 660 2325 pago
690 2255 1118 2326 Magdalenense,
1142 2264 1510 2312 constructum
1540 2256 1596 2310 in
1628 2257 1830 2310 honore

258 2346 471 2401 Domini
503 2347 673 2401 nostri
704 2345 828 2400 Jesu
860 2345 1060 2401 Christi
1099 2354 1153 2400 et
1183 2355 1381 2401 sancta:
1414 2347 1596 2401 Marize
1620 2361 1832 2416 semper

259 2437 507 2506 virginis,
539 2435 680 2504 quod
709 2435 821 2503 ipse
848 2451 878 2488 a
910 2435 1274 2491 fundamentis
1301 2437 1355 2490 in
1385 2452 1483 2491 suo
1513 2443 1832 2492 construxe-

259 2532 346 2579 rat
368 2525 610 2594 proprio,
643 2530 696 2577 et
722 2523 919 2576 domno
949 2532 1006 2576 et
1030 2525 1259 2592 genitori
1307 2535 1490 2579 nostro
1519 2524 1711 2580 Carolo
1741 2525 1832 2580 ho-

260 2617 631 2671 mememoria:
653 2617 896 2686 piissimo
917 2618 1180 2690 Augusto,
1210 2635 1331 2675 cum
1356 2621 1606 2674 omnibus
1631 2620 1830 2674 ibidem

262 2707 688 2778 aspicientibus,
735 2722 833 2776 per
882 2711 1126 2764 chartam
1183 2711 1452 2780 delegavit
1493 2712 1828 2776 donationis;

263 2799 497 2855 innotuit
521 2815 586 2855 eo
612 2803 755 2870 quod
780 2816 902 2856 cum
925 2801 1170 2871 pluribus
1199 2802 1510 2856 hominibus
1531 2816 1629 2870 per
1653 2801 1833 2856 diver-

265 2905 354 2946 sos
382 2906 549 2962 pagos
593 2891 700 2965 [ΑΙ.
735 2892 885 2956 add.,
926 2891 1410 2964 commanentibus]
1451 2892 1831 2946 commutatio-

268 2995 392 3034 nem
421 2977 657 3046 fecisset,
688 2982 830 3037 datis
856 2981 1062 3037 scilicet
1089 2982 1156 3036 de
1194 2983 1352 3037 rebus
1371 2983 1613 3054 praedicti
1641 2997 1832 3038 mona-

265 3071 418 3126 sterii
449 3087 548 3142 per
575 3072 849 3128 chartulas
888 3074 1325 3129 commutationis
1348 3073 1477 3139 illis,
1515 3082 1570 3129 et
1597 3075 1833 3144 acceptis

1933 1889 2157 1955 Christi,
2187 1891 2492 1946 Ludovicus
2520 1891 2702 1946 divina
2734 1892 3016 1948 ordinante
3043 1894 3377 1964 providentia
3409 1894 3504 1948 im-

1931 1990 2151 2052 perator
2189 1981 2479 2054 Augustus.
2643 1981 2646 1984 ’
2842 1982 2847 1989 ’

2004 2072 2062 2127 Si
2093 2072 2436 2128 liberalitatis
2458 2080 2658 2129 nostrae
2689 2089 2912 2130 munere
2940 2076 3005 2130 de
3030 2075 3306 2131 beneﬁciis
3335 2091 3362 2128 a
3393 2076 3503 2130 Deo

1932 2163 2090 2218 nobis
2119 2163 2330 2218 collatis
2359 2163 2491 2219 locis
2531 2165 2640 2220 Deo
2682 2167 2877 2220 dicatis
2913 2166 3113 2235 aliquid
3153 2167 3498 2226 conferimus,

1932 2254 1987 2308 id
2023 2253 2176 2308 nobis
2214 2262 2270 2309 et
2306 2255 2372 2309 ad
2405 2255 2690 2310 mortalem
2722 2257 2890 2311 vitam
2935 2257 3162 2312 feliciter
3199 2260 3503 2328 transigen-

1933 2346 2078 2410 dam,
2111 2353 2165 2399 et
2203 2346 2273 2400 ad
2297 2353 2557 2400 aeternam
2597 2346 2984 2417 perpetualiter
3007 2349 3352 2403 obtinendam
3378 2365 3504 2418 pro-

1935 2435 2176 2490 futurum
2202 2436 2407 2506 liquido
2437 2436 2729 2491 credimus.
2762 2437 2914 2492 Unde
2941 2439 3150 2492 noverit
3175 2439 3502 2508 experientia

1933 2533 2097 2594 atque
2121 2525 2328 2580 utilitas
2348 2526 2586 2579 omnium
2615 2525 2850 2580 ﬁdelium
2878 2535 3206 2590 nostrorum,
3235 2535 3342 2580 tam
3368 2542 3503 2596 prae-

1933 2615 2166 2670 sentium
2197 2630 2358 2683 quam
2389 2623 2444 2669 et
2473 2613 2797 2678 futurorum,
2833 2615 2958 2684 quia
2989 2615 3192 2684 placuit
3225 2617 3380 2670 nobis
3405 2632 3504 2686 pro

1931 2693 2200 2764 mercedis
2238 2717 2436 2764 nostrae
2479 2717 2768 2780 augmento
2810 2717 2865 2763 et
2910 2710 3103 2764 animae
3145 2710 3507 2766 emolumento

1933 2800 2221 2868 quamdam
2252 2798 2500 2854 cellulam
2549 2815 2612 2854 ex
2658 2815 2717 2854 re
2763 2799 3108 2868 proprietatis
3139 2808 3356 2864 nostrai,
3388 2816 3507 2870 qua:

1934 2898 2274 2956 nuncupatur
2301 2888 2636 2954 Casa-Nova,
2668 2905 2787 2956 qua:
2817 2889 2920 2944 sita
2948 2898 3032 2943 est
3059 2875 3212 2959 juxta
3241 2897 3503 2954 castrum,

1935 2977 2077 3046 quod
2103 2984 2444 3046 nuncupatur
2471 2977 2781 3042 Planitium,
2826 2977 2880 3031 in
2929 2992 3068 3047 pago
3093 2977 3319 3033 Ucetico
3345 2994 3528 3056 super‘

1935 3067 2155 3123 ﬁuvium
2210 3068 2386 3133 Cicer,
2435 3083 2594 3138 quam
2638 3069 2837 3124 dudum
2880 3067 3182 3124 Willelmus
3233 3071 3507 3139 quondam

268 3160 338 3215 ab
363 3161 443 3216 eis
471 3163 537 3217 de
568 3165 730 3218 rebus
756 3179 944 3218 eorum
976 3165 1209 3234 propriis
1237 3164 1302 3219 ad
1329 3172 1538 3233 partem
1564 3171 1837 3220 monaste-
1862 3178 1907 3242 ρ
1939 3174 2120 3215 comes
2149 3175 2180 3214 a
2222 3159 2572 3215 fundamento
2605 3161 2658 3214 in
2689 3160 2895 3215 honore
2929 3169 3131 3216 sanctae
3162 3161 3342 3216 Maria:
3367 3178 3508 3218 sem-

264 3253 334 3308 rii
355 3255 438 3309 sui
461 3255 712 3311 similiter
743 3270 840 3325 per
866 3257 1138 3311 chartulas
1163 3258 1621 3323 commutationis,
1651 3265 1705 3312 et
1727 3273 1837 3312 ma-

265 3344 426 3400 nibus
461 3347 724 3400 bonorum
751 3347 1028 3402 hominum
1055 3348 1321 3402 roboratis
1346 3365 1360 3401 :
1389 3361 1452 3401 ea
1477 3348 1722 3402 videlicet
1752 3363 1836 3401 ra-

265 3435 411 3489 tione
439 3443 499 3490 ut
527 3437 786 3504 quidquid
824 3452 950 3506 pars
985 3437 1141 3490 alteri
1183 3438 1411 3491 contulit
1447 3438 1608 3506 parti,
1635 3438 1836 3506 absque

264 3525 426 3580 ullius
465 3525 834 3596 inquietudine
869 3534 962 3579 aut
997 3525 1194 3593 injusta
1234 3525 1687 3594 interpellatione,
1713 3525 1836 3595 jure

267 3615 578 3671 ﬁrmissimo
627 3616 946 3670 retinerent.
989 3615 1055 3668 Et
1107 3615 1311 3669 idcirco
1359 3615 1650 3685 postulavit
1691 3615 1835 3670 idem

263 3705 586 3761 Benedictus
623 3714 682 3760 ut
711 3689 873 3776 super
905 3706 1121 3762 easdem
1151 3707 1600 3761 commutationes
1635 3714 1835 3761 nostrae

264 3795 604 3851 auctoritatis
645 3805 973 3866 praeceptum
1017 3795 1132 3850 fieri
1171 3811 1535 3860 censeremus,
1566 3812 1665 3866 per
1692 3797 1835 3866 quod

255 3886 383 3959 jure
417 3889 728 3946 ﬁrmissimo
755 3900 810 3946 et
839 3892 954 3961 ipse
990 3901 1045 3945 et
1084 3898 1324 3945 rectores
1358 3889 1674 3944 monasterii
1707 3890 1832 3956 hoc,

261 3981 406 4053 quod
439 3991 780 4052 acceperant,
807 3992 862 4036 et
887 3983 1028 4052 quod
1069 3982 1176 4037 illis
1221 3981 1311 4036 alii
1342 3981 1698 4045 tradiderant,
1741 3996 1835 4051 pe-

261 4073 509 4130 renniter
529 4074 793 4128 haberent
823 4081 876 4127 et
906 4071 1266 4142 possiderent.
1295 4071 1460 4142 Cujus
1494 4071 1744 4140 precibus
1765 4071 1833 4126 ob

263 4162 626 4217 reverentiam
656 4162 822 4231 ipsius
848 4161 1020 4216 sancti
1043 4159 1148 4216 loci
1170 4169 1225 4215 et
1246 4160 1536 4215 utilitatem
1562 4166 1833 4213 utrarum-

263 4267 373 4321 que
413 4252 672 4322 partium,
729 4253 869 4307 hanc
904 4262 1103 4308 nostne
1142 4253 1483 4307 auctoritatis
1517 4251 1836 4322 prazceptio-

262 4358 388 4398 nem
414 4358 575 4414 super
603 4344 819 4398 easdem
840 4345 1294 4399 commutationes
1326 4345 1441 4399 ﬁeri
1470 4345 1827 4409 decrevimus,

261 4447 360 4504 per
379 4448 538 4503 quam
580 4434 920 4489 decernimus
954 4443 1114 4504 atque
1138 4433 1392 4503 jubemus
1425 4443 1486 4488 ut
1524 4451 1628 4489 non
1658 4435 1830 4490 solum

1938 3265 2037 3320 per
2075 3251 2301 3320 virginis
2342 3258 2738 3314 construxerat,
2783 3259 2837 3304 et
2890 3252 3051 3306 rebus
3090 3253 3502 3322 quamplurimis

1938 3341 2228 3404 ditaverat,
2258 3349 2314 3394 et
2341 3341 2539 3395 domno
2563 3348 2618 3394 et
2650 3339 2880 3410 genitori
2923 3350 3108 3395 nostro
3135 3341 3328 3396 Carolo
3353 3345 3508 3397 bonae

1937 3432 2210 3485 memoriae
2240 3431 2484 3500 piissimo
2514 3431 2760 3502 Augusto
2800 3447 2924 3487 cum
2963 3432 3128 3487 rebus
3155 3441 3211 3488 et
3234 3434 3505 3499 omnibus,

1937 3534 2056 3588 qua:
2085 3520 2259 3574 eidem
2290 3519 2494 3574 cellulae
2538 3521 2782 3590 aspicere
2831 3519 3035 3575 fecerat
3076 3536 3174 3591 per
3205 3522 3505 3577 chartulam

1937 3607 2202 3678 delegavit
2253 3609 2591 3674 donationis;
2633 3610 2726 3664 sed
2775 3617 2959 3678 postea
2991 3618 3212 3680 propter
3247 3627 3504 3680 compen-

1936 3701 2082 3756 dium
2128 3709 2183 3756 et
2230 3701 2332 3756 loci
2365 3703 2654 3757 utilitatem
2694 3719 2799 3757 non
2841 3703 3027 3772 procul
3073 3704 3140 3756 ab
3169 3703 3357 3757 eodem
3387 3702 3508 3758 loco

1933 3793 2123 3847 eadem
2143 3793 2334 3847 cellula
2357 3801 2662 3848 constructa
2690 3804 2795 3858 est,
2817 3809 2936 3864 quae
2959 3802 3303 3863 nuncupatur
3324 3805 3350 3834 α
3371 3792 3508 3849 Gonn-

1935 3882 2180 3947 danicus,
2213 3883 2265 3937 in
2291 3881 2478 3938 eodem
2505 3898 2642 3954 pago
2673 3890 2729 3938 et
2764 3899 2926 3953 super
2955 3884 3204 3939 eumdem
3243 3881 3462 3937 ﬂuvium
3483 3925 3498 3948 ,

1934 3973 2002 4028 ad
2024 3974 2408 4028 monasterium
2433 3975 2576 4043 quod
2597 3982 2936 4044 nuncupatur
2955 3974 3166 4028 Aniana
3187 3973 3504 4037 concedere,

1931 4071 1988 4118 et
2007 4078 2105 4133 per
2131 4065 2272 4120 hanc
2302 4073 2501 4120 nostra:
2525 4066 2864 4121 auctoritatis
2885 4065 3228 4135 largitionem
3264 4067 3500 4130 tradere,

1933 4155 2076 4223 quod
2119 4164 2202 4210 est
2232 4157 2395 4211 situm
2425 4157 2479 4212 in
2507 4173 2644 4228 pago
2675 4158 3108 4228 ltlagdalonense,
3141 4173 3249 4213 non
3288 4159 3447 4228 longe
3475 4176 3507 4213 a

1931 4251 2112 4298 castro
2141 4245 2282 4313 quod
2303 4245 2502 4300 dicitur
2518 4245 2900 4311 Monscalmus,
2919 4255 3291 4301 constructum
3319 4245 3373 4299 in
3402 4247 3472 4300 ho
3489 4276 3502 4286 -

1932 4350 2065 4388 nore
2102 4336 2313 4388 Domini
2349 4345 2404 4391 et
2454 4335 2750 4390 Salvatoris
2795 4336 2923 4391 Jesu
2971 4336 3175 4390 Christi
3210 4343 3266 4388 et
3306 4347 3509 4390 sancta:

1934 4425 2118 4479 Marias
2146 4440 2360 4494 semper
2386 4427 2630 4497 virginis,
2662 4426 2752 4479 ubi
2789 4427 2954 4480 etiam
2985 4425 3304 4496 Senegildus
3335 4425 3504 4480 abbas

261 4536 374 4586 res,
399 4537 516 4590 quae
541 4524 608 4579 ab
640 4524 760 4579 aliis
787 4525 1096 4580 hominibus
1121 4527 1292 4580 eidem
1327 4526 1536 4580 tradita:
1569 4537 1693 4580 sunt
1717 4542 1831 4581 mo-
1859 4529 1908 4588 ι)
1933 4531 2169 4588 praeesse
2193 4517 2407 4571 videtur
2437 4536 2450 4570 :
2489 4518 2630 4587 quod
2659 4517 2787 4571 olim
2816 4517 2900 4570 vir
2928 4517 3251 4572 venerabilis
3282 4517 3508 4572 Benedi-

261 4613 518 4674 nasterio,
551 4621 606 4667 et
633 4615 807 4668 eidem
835 4617 1165 4671 monasterio
1191 4618 1279 4671 alii
1310 4618 1555 4671 homines
1583 4617 1833 4674 similiter

261 4715 363 4771 per
395 4701 697 4756 chartulam
735 4707 1170 4759 commutationis
1201 4708 1536 4761 tradiderunt
1577 4707 1700 4778 jure
1742 4708 1832 4761 fir-

263 4793 509 4847 missimo
555 4801 775 4847 teneant
829 4801 884 4847 et
914 4795 1224 4863 possideant
1263 4815 1275 4848 :
1309 4813 1495 4851 verum
1552 4799 1717 4853 etiam
1777 4807 1832 4854 et

263 4884 435 4938 sicubi
467 4883 718 4952 deinceps
761 4897 858 4952 per
896 4884 1196 4939 chartulam
1243 4888 1680 4942 commutationis
1705 4904 1828 4943 cum

259 4973 591 5043 quibuslibet
623 4975 807 5029 liberis
840 4975 1148 5029 hominibus
1175 4985 1425 5029 rectores
1451 4977 1620 5045 ipsius
1641 4991 1829 5032 mona-

260 5065 414 5120 sterii
461 5066 940 5120 commutationem
985 5063 1168 5120 facere
1207 5066 1504 5128 voluerint,
1559 5066 1832 5122 licentiam

261 5157 514 5222 habeant,
553 5171 616 5212 ea
661 5157 866 5212 scilicet
900 5159 1109 5213 ratione
1149 5165 1209 5211 ut
1245 5158 1694 5213 commutationes
1716 5160 1832 5228 pari

262 5255 448 5302 tenore
476 5248 908 5313 conscribantur,
956 5247 1312 5316 manibusque
1350 5249 1614 5302 bonorum
1655 5247 1831 5302 homi-

261 5352 391 5390 num
418 5338 741 5393 roborentur
765 5357 778 5392 :
808 5349 863 5392 et
891 5339 1151 5409 quidquid
1177 5353 1304 5409 pars
1324 5339 1469 5407 juste
1503 5346 1560 5391 et
1601 5338 1833 5391 rationa-

261 5426 444 5481 biliter
481 5429 637 5486 alteri
667 5431 956 5485 contulerit
985 5431 1146 5501 parti,
1171 5446 1268 5500 per
1299 5431 1437 5484 hanc
1463 5437 1705 5485 nostram
1737 5445 1831 5482 au-

265 5516 567 5572 ctoritatem
592 5521 714 5588 jure
741 5520 1051 5574 firmissimo
1079 5528 1373 5575 teneant-et
1394 5517 1705 5588 possideant
1733 5537 1744 5572 :
1778 5527 1832 5573 et

265 5608 522 5678 quidquid
548 5613 740 5666 exinde
769 5613 945 5668 facere
988 5613 1253 5667 voluerint
1275 5613 1445 5667 libero
1488 5611 1542 5664 in
1579 5611 1829 5665 omnibus

1938 4616 2058 4662 ctus
2084 4607 2252 4660 abbas
2279 4607 2332 4660 in
2373 4623 2471 4662 suo
2509 4616 2886 4662 construxerat
2910 4607 3152 4677 pr0prio,
3179 4617 3235 4663 et
3259 4608 3509 4663 similiter

1937 4700 2136 4754 domno
2165 4709 2218 4754 et
2243 4701 2474 4770 genitori
2500 4710 2684 4756 nostro
2705 4701 2898 4756 Carolo
2918 4717 3014 4770 per
3034 4703 3391 4756 instrumenta
3417 4702 3508 4756 dc-

1935 4790 2208 4861 legaverat
2253 4791 2584 4845 chartarum.
2643 4791 2796 4846 Hanc
2841 4791 3021 4861 itaque
3063 4791 3333 4856 cellulam,
3387 4806 3508 4859 quae

1937 4881 2077 4936 sicut
2100 4881 2357 4947 diximus,
2389 4890 2729 4951 nuncupatur
2753 4881 3114 4948 Gordanicus,
3138 4891 3193 4936 et
3217 4883 3364 4935 illam
3385 4897 3505 4950 quae

1934 4983 2160 5041 vocatur
2181 4973 2517 5040 Casa-Nova,
2544 4990 2667 5029 cum
2685 4975 2934 5030 omnibus
2957 4974 3152 5028 ibidem
3182 4973 3507 5042 pertinenti--

1935 5065 2034 5118 bus
2061 5064 2144 5118 vel
2172 5065 2573 5134 aspicientibus,
2601 5081 2721 5118 cum
2752 5063 3054 5132 mancipiis,
3080 5063 3346 5127 domibus,
3379 5063 3508 5117 tedi-

1937 5153 2096 5217 ficiis,
2139 5155 2322 5218 terris,
2363 5155 2555 5217 vineis,
2599 5154 2769 5217 silvis,
2826 5153 3012 5222 pratis,
3066 5153 3303 5223 pascuis,
3354 5153 3508 5222 aquis

1939 5257 2274 5312 aquarumvc
2316 5243 2655 5307 decursibus,
2709 5243 2997 5296 mobilibus
3027 5250 3081 5296 et
3119 5241 3506 5305 immobilibus,

1941 5348 2066 5386 cum
2093 5333 2342 5388 omnibus
2382 5349 2503 5404 quae
2534 5332 2822 5402 praedictus
2861 5332 3165 5389 Willelmus
3193 5349 3290 5403 per
3318 5333 3506 5388 vendi-

1941 5426 2136 5490 tiones,
2186 5428 2481 5490 cessiones,
2527 5425 2847 5480 donationes
2894 5427 3243 5496 acquisierat,
3289 5433 3344 5480 et
3378 5440 3510 5494 prte-

1941 5519 2052 5574 fato
2088 5521 2282 5574 domno
2323 5528 2377 5574 et
2423 5517 2652 5586 genitori
2703 5525 2890 5572 nostro
2919 5518 3245 5582 tradiderat;
3281 5524 3335 5569 et
3383 5532 3504 5570 cum

1940 5609 2026 5666 his
2062 5629 2179 5682 quae
2219 5620 2402 5681 postea
2449 5610 2718 5679 praedictis
2763 5609 2892 5664 locis
2936 5625 2965 5664 a
3001 5609 3156 5665 bonis
3198 5607 3533 5685 hominibus_

336 5756 359 5784 λ
384 5744 734 5810 Cordanicus,
776 5746 1058 5801 vernaculo
1096 5744 1426 5816 (luourague,
1468 5761 1610 5799 nunc
1647 5760 1812 5813 usque
1850 5743 2119 5814 prioratus
2153 5744 2368 5798 Auimue
2397 5741 2684 5811 subjectus.
