4062 6332
258 314 395 376 1429
1492 283 1793 346 αἰΑῆτῶ
1833 274 2286 336 ANANENSES.
2774 290 2787 299 ·
3382 264 3522 324 μω

256 421 478 499 propria
526 413 997 475 subterflrmamus
1018 450 1034 476 ,
1061 416 1116 465 et
1165 401 1351 461 annuli
1398 398 1574 457 nostri
1602 397 1837 467 impres—
1866 395 1915 457 Α
1941 391 2083 499 liter,
2113 393 2256 499 sicut
2283 405 2372 447 res
2396 399 2605 499 caetera:
2633 386 2701 499 ad
2728 386 2904 499 ipsum
2926 380 3327 499 monasterium.

428 472 642 581 signari
662 507 945 579 iussimus.
1019 472 1028 476 ⁷
1834 540 1841 551 ,
1945 493 2159 550 nentes,
2199 484 2277 538 ita
2313 497 2378 538 ea
2406 480 2509 581 sub
2541 486 2729 581 nostra
2775 473 3089 581 defensione
3131 473 3410 581 consistat.
3454 472 3528 540 Et

1943 584 2004 632 ut
2048 577 2165 632 bam
2206 580 2392 630 nostra
2430 569 2602 640 iussio
2632 568 2687 623 in
2729 565 2980 623 omnibus
3022 561 3231 618 limior
3256 561 3527 625 habeatur

1928 676 2002 737 ct
2027 664 2221 721 melius
2263 669 2637 727 conservetur,
2658 659 2727 717 de
2750 657 2950 715 annulo
2976 663 3163 712 nostro
3196 655 3386 711 subter
3402 653 3526 726 inse

335 604 562 675 Signum
586 596 851 655 Ludovici
880 589 1227 665 imperatoris
1260 583 1616 645 serenissimi.

332 671 712 749 Favramundus
740 684 810 739 ad
832 683 1006 739 vicem
1027 676 1296 748 Fridugisi
1318 671 1623 745 recognovi.

338 786 474 843 Data
503 798 543 838 ιι
570 779 751 836 Nonas
791 773 1123 836 Decembris,
1162 784 1307 826 anno
1350 763 1555 824 Christi
1607 759 1842 834 propitio

265 874 480 949 imperii
499 870 701 927 domini
725 866 897 924 nostri
921 878 947 906 ι
970 880 1047 931 vr,
1075 861 1368 923 indictione
1385 872 1484 913 ιιι.

304 1022 305 1027 η
339 942 533 1020 sctum
559 956 885 1031 Aquisgrani
943 953 1142 1027 palatio
1201 950 1350 1023 regio
1383 948 1439 1004 in
1481 944 1580 1002 Dei
1624 942 1846 1001 nomine

269 1054 521 1117 feliciter,
548 1050 742 1109 Amen.

575 1255 830 1333 Ejusdem
858 1268 956 1325 pro
991 1251 1170 1307 eodem
1200 1245 1549 1305 monasterio.

832 1390 835 1393 Α
881 1343 1058 1416 (Anno
1089 1341 1232 1411 819v,

275 1441 602 1517 [interm
650 1435 756 1495 SS.
1373 1436 1517 1502 part.
1549 1442 1592 1494 r,
1618 1439 1743 1482 saec.
1769 1436 1846 1487 tv.

338 1620 405 1663 in
443 1601 663 1658 nomine
704 1595 919 1656 Domini
965 1593 1062 1649 Dei
1101 1598 1159 1647 et
1186 1589 1480 1647 Salvatoris
1521 1585 1696 1646 nostri
1723 1583 1855 1641 Jesu

276 1694 481 1753 Christi
521 1691 829 1748 Ludovicus
857 1685 1040 1744 divina
1066 1683 1357 1741 ordinante
1384 1677 1726 1754 providentia
1752 1676 1857 1732 im-

277 1792 497 1856 perator
522 1782 816 1853 Augustus.
1230 1828 1233 1833 .

350 1872 550 1929 Notum
573 1873 644 1928 sit
670 1869 921 1939 omnibus
960 1866 1209 1929 ﬁdelibus
1235 1862 1461 1929 nostris,
1490 1860 1623 1933 quia
1650 1860 1733 1915 vir
1759 1873 1860 1915 ve-

280 1964 538 2023 nerabilis
564 1962 888 2019 Benedictus
909 1959 1053 2015 abba
1075 1972 1183 2013 una
1207 1971 1331 2013 cum
1351 1968 1619 2015 consensu
1641 1952 1669 1993 ιι
1691 1951 1862 2007 Geor-

281 2050 356 2127 gii
377 2055 591 2112 abbatis
610 2051 932 2115 Anianensis
953 2048 1292 2113 monasterii,
1318 2059 1482 2115 quem
1507 2045 1629 2115 ipse
1656 2042 1864 2101 ibidem

283 2160 653 2205 successorem
677 2144 937 2214 elegerat,
959 2151 1014 2196 et
1040 2137 1325 2195 monachis
1345 2135 1545 2192 ibidem
1570 2132 1865 2189 consisten-

280 2240 452 2305 tibus,
490 2252 586 2294 seu
631 2235 794 2292 etiam
837 2241 893 2291 et
941 2231 1169 2288 Nibridii
1214 2225 1637 2283 reverentissimi
1686 2222 1865 2279 archi—

284 2329 538 2401 episcopi
555 2336 610 2382 et
636 2325 861 2381 aliorum
891 2336 1172 2378 servorum
1194 2319 1313 2384 Dei,
1340 2317 1552 2373 cuidam
1578 2312 1783 2379 cellula:
1806 2311 1866 2369 in

283 2436 424 2492 pago
444 2417 685 2474 Albiensi
709 2431 870 2487 super
893 2413 1112 2468 ﬂuvium
1134 2412 1226 2481 qui
1248 2410 1448 2467 dicitur
1470 2407 1699 2477 Aquotis
1724 2405 1864 2469 sitae,

287 2517 632 2580 nuncupante
658 2504 1005 2570 Bella-Cella,
1031 2507 1356 2560 constructae
1381 2499 1436 2553 in
1460 2498 1668 2553 honore
1690 2494 1868 2551 sancti

287 2600 564 2659 Benedicti
615 2606 671 2655 et
720 2596 952 2651 aliorum
1000 2596 1332 2655 sanctortun,
1365 2603 1486 2660 qua:
1534 2582 1866 2655 nuperrimis

292 2689 626 2762 temporibus
667 2702 808 2743 novo
855 2699 1019 2755 opere
1062 2683 1118 2737 in
1162 2682 1331 2737 rebus
1381 2692 1516 2750 quas
1545 2687 1567 2716 α
1597 2673 1870 2731 Vulfarius

293 2795 476 2836 comes
499 2784 800 2833 memorato
830 2772 1164 2830 monasterio
1184 2768 1479 2824 Anianensi
1505 2764 1867 2834 delegaverat,

295 2878 607 2926 constructa
634 2876 740 2933 est,
770 2864 1110 2938 privilegium
1138 2862 1209 2918 ob
1250 2861 1560 2915 ﬁrmitatem
1598 2856 1703 2911 loci
1744 2869 1874 2909 con-

295 2962 480 3028 cessit,
509 2968 570 3016 ut
601 2972 816 3030 semper
843 2957 911 3013 de
944 2958 1062 3027 ipsa
1089 2950 1505 3027 congregatione
1548 2947 1748 3007 ibidem
1776 2945 1875 3001 eli-

1948 756 2119 815 simus
2140 754 2395 825 sigillati.

2018 846 2306 902 Durandus
2330 845 2589 901 diaconus
2618 842 2689 898 ad
2710 842 2883 898 vicem
2908 839 3188 896 Helisacar
3210 837 3526 908 recognovi.

2020 939 2155 993 Data
2196 952 2271 992 vti
2314 936 2393 992 id.
2445 935 2627 998 Mart.,
2673 949 2817 990 anno
2864 932 3068 990 Christi
3129 931 3366 1002 propitio
3422 931 3526 986 ima

1866 1094 1867 1097 η
1950 1030 2087 1104 perii
2132 1028 2316 1085 domni
2345 1026 2606 1083 Ludovici
2653 1026 2884 1097 piissimi
2916 1023 3145 1097 Augusti
3187 1032 3361 1091 sexto,
3394 1023 3533 1080 indic

1953 1121 2131 1177 ctione
2155 1135 2254 1175 xu.

2022 1214 2216 1269 Actum
2263 1212 2590 1285 Aquisgrani
2634 1209 2840 1283 palatio
2874 1208 3026 1279 regio
3069 1208 3126 1265 ln
3168 1206 3264 1265 Dei
3317 1204 3536 1264 uetula.

1955 1309 2210 1373 feliciter.
2234 1306 2427 1368 Amen.
2512 1294 2523 1314 '

2710 1399 2784 1455 Χ.

2244 1491 2499 1566 Ejusdem
2539 1509 2634 1566 pro
2680 1490 2863 1549 eodem
2906 1491 3244 1549 monasterio.

2575 1583 2753 1656 (Anno
2778 1580 2930 1654 820.)
3064 1628 3070 1635 .

2347 1674 2525 1748 [Apud
2557 1673 2620 1728 ι).
2663 1672 2951 1741 Bouquei.,
2990 1670 3149 1742 ibid.)

1880 1740 1931 1805 Β
2026 1767 2087 1825 ln
2126 1740 2369 1823 nomine-
2384 1740 2596 1820 Domini
2630 1762 2726 1818 Dei
2754 1740 2813 1817 et
2856 1740 3156 1817 Salvatoris
3192 1756 3363 1815 nostri
3412 1758 3543 1816 Iesu

1957 1860 2159 1920 Christi
2182 1900 2197 1927 ,
2249 1856 2553 1917 Ludovicus
2608 1853 2797 1912 divina
2854 1851 3196 1924 providentia
3248 1851 3545 1924 imperator

1960 1955 2256 2027 Augustus.
3122 1987 3127 1993 .

2028 2046 2164 2102 Cum
2192 2043 2535 2101 locisdivino
2564 2038 2734 2097 cultui
2761 2037 3088 2109 mancipatis
3113 2034 3184 2094 ob
3205 2034 3403 2099 divina:
3430 2048 3544 2090 ser-

1960 2134 2147 2193 vitutis
2195 2149 2436 2190 amorem
2474 2132 2731 2204 quiddam
2772 2130 3089 2196 deferimus,
3118 2136 3174 2184 et
3201 2125 3545 2199 imperialem

1960 2241 2169 2285 morem
2217 2225 2472 2282 decenter
2502 2222 2809 2294 implemus,
2838 2229 2893 2276 et
2936 2220 2990 2276 id
3017 2219 3174 2275 nobis
3201 2217 3551 2290 profuturum

1962 2320 2032 2376 ad
2071 2327 2287 2374 aeternae
2318 2314 2777 2373 remunerationis
2820 2314 3044 2385 praemia
3088 2311 3420 2384 capessenda
3459 2323 3554 2365 ves

1963 2412 2164 2467 raciter
2211 2408 2502 2465 credimus.
2543 2405 2751 2461 idcirco
2794 2386 3009 2459 noverit
3037 2402 3282 2465 omnium
3311 2399 3554 2456 ﬁdelium

1965 2512 2300 2566 nostrorum,
2323 2498 2673 2571 praesentium
2721 2497 2929 2553 scilicet
2952 2505 3007 2552 et
3039 2495 3347 2551 futurorum
3385 2490 3557 2548 soler-

1966 2595 2062 2660 tia,
2092 2594 2218 2664 quia
2265 2607 2366 2647 nos
2392 2591 2575 2649 divino
2604 2604 2791 2645 amore
2839 2588 3112 2655 succensi,
3136 2586 3268 2643 olim
3315 2601 3414 2657 per
3461 2600 3558 2641 no-

1968 2692 2142 2742 utrum
2166 2690 2502 2755 praeceptum
2537 2681 2861 2737 tradidimus
2887 2681 3178 2751 quamdam
3208 2679 3402 2735 cellam
3430 2693 3558 2748 pro-

1967 2776 2217 2848 prietatis
2268 2782 2507 2838 nostras,
2557 2774 2719 2827 sitam
2772 2770 2914 2826 infra
2981 2785 3166 2827 muros
3224 2767 3561 2825 Areiatensis

1970 2865 2247 2929 civitatis,
2301 2871 2670 2931 constructam
2716 2862 2772 2916 in
2834 2862 3042 2916 honore
3101 2858 3277 2915 sancti
3334 2856 3561 2913 Martini

1972 2954 2300 3013 confessoris
2349 2954 2579 3020 Christi,
2611 2968 2733 3010 eum
2785 2955 2946 3009 rebus
2976 2961 3033 3009 et
3064 2952 3351 3023 mancipiis
3382 2950 3455 3006 ad
3502 2960 3563 3007 se

298 3063 488 3126 89mm
530 3054 776 3117 abbalesu
825 3049 1086 3148 quandiu_
1232 3044 1369 3148 ῑειὶξθξ
1399 3041 1629 3144 ίηνςηίνῖ
1667 3039 1876 3143 inmiti-
1901 3083 1948 3148 Ο
1977 3046 2365 3119 aspicientibus
2406 3046 2491 3101 vel
2532 3046 2954 3118 pertinentibus,
3008 3045 3340 3101 monasterio
3396 3042 3563 3099 Ania-

301 3152 441 3200 sent.
471 3143 529 3198 Si
556 3157 687 3198 vero
721 3139 1039 3211 contigisset
1073 3136 1272 3193 ibidem
1314 3134 1465 3190 illum
1503 3130 1732 3187 inveniri
1776 3128 1879 3185 mi-

302 3236 449 3291 nime
475 3249 657 3305 posse,
686 3242 747 3289 ut
770 3232 836 3288 de
858 3230 1113 3302 praedicta
1156 3226 1576 3298 congregatione
1602 3222 1881 3277 Anianen-

302 3328 384 3386 sis
426 3326 745 3384 monasterii
791 3325 995 3381 ibidem
1032 3322 1485 3385 constitueretur;
1526 3325 1583 3373 et
1626 3317 1675 3372 si
1722 3314 1882 3370 aliter

303 3435 465 3490 quam
490 3418 773 3489 oportebat
796 3416 1035 3482 fecisset,
1057 3422 1113 3470 et
1134 3429 1166 3469 a
1191 3427 1292 3470 suo
1314 3410 1592 3483 proposito
1618 3407 1673 3461 in
1699 3406 1881 3474 aliquo

305 3509 686 3572 exorbitasset,
733 3514 797 3561 ut
844 3514 1023 3561 rector
1066 3516 1211 3575 saepe
1257 3499 1519 3558 nominati
1565 3493 1881 3552 menasterii

307 3614 406 3659 sua
433 3598 756 3654 auctoritate
787 3595 916 3651 illud
942 3594 1276 3650 emendaret.

377 3688 647 3745 Caeterum
674 3686 914 3757 quandiu
942 3700 1097 3740 suam
1119 3681 1513 3755 professionem
1540 3680 1680 3736 bene
1701 3679 1885 3734 obser-

308 3783 537 3847 vabunt,
567 3780 873 3855 nullatenus
904 3776 1144 3848 qualibet
1177 3773 1464 3830 occasione
1494 3786 1590 3828 eos
1629 3770 1887 3826 infestas-

310 3879 454 3937 sent,
478 3878 574 3926 aut
601 3884 790 3925 eorum
834 3868 1067 3937 quietem
1098 3862 1529 3936 perturbassent,
1554 3868 1648 3917 aut
1679 3860 1884 3930 aliquid

312 3960 572 4017 contrarii
597 3961 679 4016 eis
703 3958 983 4015 fecissent.
1014 3956 1122 4012 Sed
1142 3963 1205 4010 ut
1232 3954 1425 4009 melius
1449 3960 1884 4019 conservaretur,

311 4050 467 4120 petiit
516 4056 578 4103 ut
627 4054 825 4104 nostrae
868 4045 1116 4117 iussione
1163 4057 1358 4099 manus
1398 4053 1574 4098 ratum
1619 4048 1883 4097 maneret.

312 4138 547 4197 Proinde
572 4141 670 4196 bas
692 4140 903 4195 litteras
921 4138 1038 4194 ﬁeri
1052 4135 1335 4206 iussimus,
1358 4149 1456 4205 per
1477 4147 1613 4204 quas
1632 4131 1886 4202 iubemus

313 4238 376 4285 ut
398 4231 681 4285 memorati
709 4228 904 4282 fratres
927 4228 978 4281 in
1001 4226 1190 4283 eodem
1215 4226 1337 4281 loco
1352 4226 1711 4280 consistentes
1731 4223 1885 4294 juxta

313 4318 560 4389 superius
611 4325 852 4373 laxatum
896 4313 1112 4369 modum
1159 4316 1269 4371 Deo
1310 4317 1492 4386 quiete
1542 4316 1803 4381 militent,
1833 4325 1890 4372 et

1981 3139 2166 3204 nensi,
2199 3139 2343 3209 quod
2379 3146 2465 3195 est
2501 3139 2739 3195 dicatum
2778 3140 2835 3194 in
2871 3139 3079 3196 honore
3118 3136 3329 3194 Domini
3361 3145 3414 3194 et
3443 3135 3563 3192 Sal-

1977 3230 2182 3284 vatoris
2207 3229 2383 3284 nostri
2408 3226 2537 3285 Jesu
2564 3228 2793 3293 Christi,
2824 3237 2880 3284 et
2905 3238 3108 3284 sancta:
3136 3226 3319 3284 Mariae
3347 3240 3565 3299 semper

1978 3322 2223 3393 virginis,
2254 3322 2417 3376 situm
2448 3322 2502 3376 in
2530 3336 2667 3393 pago
2711 3321 3145 3393 Magdalonense.
3192 3320 3259 3376 Et
3289 3320 3565 3393 tuncpla-

1980 3412 2092 3468 cuit
2119 3413 2275 3468 nobis
2304 3426 2403 3482 pro
2424 3412 2665 3469 remedio
2685 3413 2881 3471 anima:
2909 3422 3129 3479 nostrae,
3154 3421 3212 3468 ut
3244 3414 3366 3483 pius
3383 3410 3569 3469 Domi-

1980 3518 2084 3560 nus
2130 3511 2480 3574 peccatorum
2535 3512 2844 3561 nostrorum
2874 3505 3115 3561 maculas
3151 3513 3361 3577 tergere
3397 3514 3451 3561 et
3477 3522 3568 3561 su-

1980 3597 2164 3669 pernis
2196 3597 2407 3653 civibus
2453 3597 2681 3654 adscisci
2728 3599 2998 3670 dignetur,
3042 3598 3335 3669 quamdam
3382 3598 3565 3655 villam

1975 3685 2117 3757 juris
2146 3686 2335 3750 nostri,
2371 3702 2490 3758 quae
2523 3689 2721 3744 dicitur
2746 3687 3030 3755 Massacia,
3050 3692 3184 3746 cum
3230 3690 3595 3762 appendiciis_~

1984 3780 2114 3845 suis,
2142 3780 2426 3834 habentem
2450 3780 2571 3851 plus
2602 3782 2779 3837 minus
2805 3782 3165 3853 quadraginta
3190 3800 3591 3855 mansosuqutea

1982 3878 2067 3926 est
2101 3886 2169 3926 ex
2215 3871 2425 3926 ratione
2467 3872 2734 3941 pra-dictae
2774 3874 2923 3930 cellae
2972 3875 3145 3930 sancti
3191 3875 3431 3940 Martini,
3463 3890 3570 3931 non

1984 3962 2158 4019 solum
2195 3961 2372 4019 eidem
2401 3962 2550 4021 cellze
2585 3962 2827 4030 reddere,
2875 3965 2970 4021 sed
3010 3966 3177 4022 etiam
3227 3958 3571 4023 liberalitatis

1986 4062 2186 4111 nostra:
2230 4070 2453 4111 munere
2493 4071 2592 4125 per
2621 4056 2720 4113 bos
2766 4056 3075 4127 imperiales
3124 4058 3309 4129 apices
3350 4069 3572 4114 nostros

1987 4148 2184 4203 ibidem
2219 4146 2546 4203 confirmare
2574 4165 2588 4201 :
2621 4156 2889 4219 quatenus
2915 4151 3103 4206 eadem
3129 4151 3263 4207 cella
3286 4165 3408 4206 cum
3434 4165 3574 4222 prae-

1987 4238 2130 4294 dicta
2162 4237 2285 4293 villa
2313 4239 2577 4309 perpetim
2608 4239 2661 4296 in
2688 4240 2779 4311 jus
2809 4248 2864 4295 ct
2891 4241 3313 4296 dominationem
3358 4220 3593 4311 praefati

1988 4328 2300 4383 monasterii
2324 4328 2648 4386 Anianensis
2684 4346 2984 4401 eorumque
3016 4332 3246 4387 rectoris
3289 4332 3567 4409 persistat.

316 4411 566 4512 abbatem
614 4410 852 4481 quandiu
892 4423 960 4468 ex
1002 4423 1061 4465 se
1100 4408 1299 4463 bonum
1339 4410 1540 4479 eligere
1589 4412 1877 4480 potuerint,

1990 4418 2138 4473 Hanc
2164 4434 2294 4475 vero
2330 4420 2512 4475 villam
2540 4435 2662 4476 cum
2691 4422 2943 4478 omnibus
2972 4422 3039 4477 ad
3069 4438 3127 4478 se
3154 4423 3409 4494 praesenti
3436 4432 3571 4480 tem-

308 4500 466 4570 juxta
518 4502 852 4571 praemissam
901 4500 1345 4557 constitutionem
1396 4501 1719 4573 eligantzet
1760 4501 1805 4556 si
1854 4517 1888 4558 a
1991 4524 2122 4580 pore
2142 4509 2286 4580 jnste
2315 4519 2368 4565 et
2411 4511 2656 4583 legaliter
2692 4514 3100 4583 aspicientibus,
3139 4514 3407 4581 domibus,
3436 4516 3573 4571 tedi-

315 4594 594 4664 proposito
615 4609 714 4648 suo
737 4594 996 4650 aliorsum
1023 4594 1251 4666 digressi
1275 4592 1495 4659 fuerint,
1513 4607 1612 4663 per
1637 4589 1887 4648 abbatem

314 4684 640 4740 Aniauensis
683 4686 995 4741 monasterii
1026 4688 1395 4758 corrigantur;
1441 4696 1515 4751 et,
1560 4686 1702 4742 sicut
1737 4686 1885 4742 intu-

315 4777 501 4843 limus,
529 4776 730 4833 nullam
758 4775 1154 4834 infestationem
1181 4787 1275 4833 aut
1301 4778 1727 4848 inquietudinem
1757 4792 1893 4849 qua-

314 4867 447 4924 libet
468 4868 775 4933 occasione,
803 4867 928 4921 dum
958 4868 1093 4923 bene
1120 4882 1276 4922 suum
1300 4868 1632 4937 propositum
1663 4884 1890 4925 conser-

314 4960 592 5025 vaverint,
624 4974 656 5013 a
685 4958 988 5017 rectoribus
1028 4967 1085 5014 et
1126 4959 1543 5030 congregatione
1585 4961 1887 5031 priescripti

315 5051 632 5109 monasterii
659 5049 985 5106 Anianensis
1012 5050 1323 5120 patiantur:
1349 5049 1443 5105 sed
1462 5048 1617 5118 juxta
1648 5054 1893 5120 praemis-

317 5159 435 5202 sam
464 5142 824 5200 conditionem
865 5141 921 5197 in
949 5141 1199 5197 omnibus
1238 5141 1421 5211 quiete
1446 5141 1629 5196 vivere
1657 5140 1888 5197 valeant.

319 5234 447 5292 Βίας
481 5249 611 5291 vero
630 5233 824 5290 cellula
862 5232 964 5288 sub
1004 5232 1193 5289 eadem
1219 5232 1578 5300 immunitate,
1607 5248 1767 5304 quam
1793 5250 1893 5291 nos

320 5328 578 5398 prtedicto
617 5324 946 5381 monasterio
989 5323 1285 5380 Anianensi
1312 5322 1565 5391 fecimus,
1594 5325 1894 5380 indivisibi-

394 5472 418 5532 ξι
449 5459 660 5532 initium
685 5459 834 5532 regni
858 5458 1210 5532 repetendum
1235 5458 1302 5532 ab
1324 5473 1466 5532 anno
1493 5457 1615 5532 8l_5.

395 5528 424 5570 ιι
462 5526 781 5586 Benedictus
804 5546 835 5584 a
858 5526 1129 5584 Ludovico
1152 5528 1249 5583 Pio
1278 5529 1331 5583 in
1360 5526 1646 5584 Franciam
1672 5540 1897 5586 voeatus

326 5616 471 5657 anno
499 5600 622 5656 8H.
654 5602 945 5671 Georgium
974 5601 1029 5655 in
1058 5600 1389 5656 monasterio
1412 5598 1705 5657 Anianensi
1738 5616 1895 5657 suum

327 5683 691 5726 successorem
729 5671 937 5742 elegera
946 5679 991 5737 t.

1993 4602 2157 4667 ﬁeiis,
2203 4602 2465 4667 ecclesiis,
2507 4605 2790 4677 mancipiis
2841 4607 3124 4677 utriusque
3170 4621 3352 4672 sexus,
3384 4608 3572 4673 terris,

1992 4693 2185 4758 vineis,
2213 4694 2403 4763 pratis,
2433 4695 2604 4761 silvis,
2637 4696 2854 4766 pascuis
2873 4738 2888 4763 ,
2918 4697 3074 4768 aquis
3104 4713 3439 4770 aquarumve
3483 4699 3575 4755 de-

1991 4787 2257 4851 cursibus,
2294 4787 2637 4854 molendinis,
2676 4790 2901 4860 perviis,
2930 4791 3168 4847 exitibus
3215 4801 3271 4848 et
3318 4793 3576 4862 regressi-

1991 4876 2113 4940 bus,
2144 4875 2225 4931 vel
2256 4886 2736 4951 quantumcunque
2777 4880 2844 4935 ad
2891 4895 3011 4935 eam
3042 4883 3304 4937 moderno
3332 4893 3577 4954 tempore

1993 4966 2238 5036 aspicere
2279 4967 2495 5022 videtur
2538 4976 2595 5024 et
2624 4968 2794 5024 nostri
2833 4968 2975 5038 juris
3004 4979 3059 5025 et
3087 4971 3450 5040 possessionis
3491 4981 3578 5030 est

1986 5055 2111 5126 jure
2142 5059 2509 5128 proprietatis,
2541 5067 2714 5114 totum
2740 5068 2796 5115 et
2822 5061 2888 5116 ad
2916 5060 3185 5132 integrum
3215 5062 3301 5118 vel
3329 5063 3578 5135 inquui-

1993 5148 2157 5203 situm
2186 5150 2453 5218 praedicta
2471 5151 2711 5207 ecclesiae
2731 5153 2904 5206 sancti
2927 5151 3142 5208 Mart-ini
3169 5162 3223 5210 et
3244 5156 3595 5227 monasterio,

1993 5238 2290 5295 Anianensi
2336 5256 2434 5311 per
2464 5243 2606 5297 hanc
2631 5250 2830 5297 nostrae
2858 5244 3200 5302 auctoritatis
3225 5246 3576 5303 donationem

1995 5330 2261 5388 donamus
2283 5341 2445 5403 atque
2470 5330 2901 5390 transfundimus
2923 5348 2940 5390 :
2965 5336 3039 5391 ita
3064 5337 3318 5395 videlicet
3342 5348 3400 5394 ut
3424 5338 3579 5411 quid—
3608 5349 3633 5407 ζ

2074 5473 2096 5504 c
2127 5463 2415 5538 _Vulfarius
2453 5464 2755 5538 Alliigcnsis
2794 5483 3001 5534 comes,
3026 5470 3271 5538 Aimoni,
3297 5473 3383 5530 cui
3431 5473 3576 5531 hunc

2000 5534 2315 5617 comitatum
2346 5552 2488 5617 anno
2526 5534 2628 5593 7T8
2663 5537 2887 5595 dederat
2911 5539 3135 5601 Carolus
3164 5534 3407 5616 Magnus,
3428 5561 3571 5602 .suc-

1999 5606 2231 5660 cessisse
2258 5606 2515 5661 creditur.
