4062 6332
508 264 511 267 ι
610 222 752 297 usi

1611 230 1669 288 S.
1710 223 2139 287 BENEDICTUS
2182 228 2397 286 ABBAS
2442 229 2863 288 ANIANENSIS.

3696 241 3788 302 illi

620 334 751 416 quid
777 349 1036 398 rectores
1059 344 1117 396 et
1141 336 1378 394 ministri
1424 337 1633 410 praafati
1680 340 1997 395 monasterii
2035 338 2199 394 Ania-
2222 346 2274 406 Α
2298 352 2462 410 quam
2488 339 2738 410 juniores
2778 350 2833 397 et
2882 339 3286 398 ministeriales
3314 344 3493 411 vestri,
3522 358 3578 405 ut
3612 351 3792 418 homines

618 433 805 491 nensis
817 432 888 488 ob
898 431 1186 487 utilitatem
1208 436 1264 485 et
1282 427 1583 500 profectum
1605 428 1852 506 prsidicti
1878 428 2196 483 monasterii

619 524 804 580 facere
852 521 1153 586 voluerint,
1179 520 1350 574 libero
1377 519 1433 573 in
1460 519 1556 575 Dei
1600 519 1818 574 nomine
1849 518 2196 589 perfruantur

618 619 849 675 arbitrio
874 616 1123 672 faciendi.
1172 615 1240 670 Et
1280 623 1343 669 ut
1368 614 1484 669 haec
1532 614 1831 669 auctoritas
1876 628 1973 684 per
2017 612 2194 668 futura

618 722 866 783 tempora
886 705 1249 765 inviolabilem
1275 706 1516 761 obtineat
1537 704 1872 772 firmitatem,
1891 719 2008 759 eam
2032 721 2195 759 manu

618 800 841 873 propria
869 801 1056 855 subter
1097 797 1455 863 ﬁrmavimus,
1481 804 1536 853 et
1560 797 1743 852 annuli
1769 798 1941 871 nostri
1968 798 2196 868 impres—

619 888 777 955 sione
803 890 1008 962 signari
1034 882 1311 961 iussimus.
1680 876 1681 879 “
1758 914 1763 918 ι
1790 966 1793 969 ν

691 982 919 1053 Signum
944 982 1201 1038 Ludovici
1227 982 1558 1048 serenissimi
1584 981 1949 1053 imperatoris.

691 1074 979 1129 Durandns
1047 1073 1306 1131 diaconus
1357 1074 1428 1131 ad
1477 1074 1654 1142 vicem
1707 1072 1977 1147 Fridugisi
2038 1088 2194 1129 reco-

622 1166 806 1238 gnovi.

693 1258 828 1312 Data
851 1273 932 1312 ιιιι
951 1257 1076 1314 ldus
1091 1257 1290 1325 Martii,
1312 1272 1473 1324 anno,
1492 1256 1707 1313 Christo
1723 1255 1976 1327 propitio,
1994 1270 2069 1309 vti
2096 1253 2198 1309 im-

617 1348 757 1421 perii
777 1348 960 1404 domui
981 1348 1240 1406 Ludovici
1261 1347 1494 1421 piissimi
1505 1347 1754 1418 Augusti,
1768 1345 2062 1403 indictione
2075 1359 2194 1398 xm.

688 1438 885 1495 Actum
916 1439 1254 1511 .Aquisgrani
1301 1439 1508 1510 palatio
1556 1438 1707 1512 regio
1752 1438 1807 1493 in
1834 1436 1930 1492 Dei
1978 1435 2199 1491 nomine

619 1527 872 1592 feliciter.
907 1528 1099 1595 Amen.
1364 1599 1443 1657 Χῖ

726 1712 733 1717 ν
803 1714 809 1760 ;
903 1692 1162 1764 Ejusdem
1204 1708 1300 1763 pro
1341 1691 1522 1755 eadem
1574 1690 1892 1751 monasterio

1220 1783 1399 1857 (Anno
1438 1780 1589 1853 822.)
1612 1834 1617 1837 .

1028 1874 1204 1949 [Apud
1228 1874 1292 1929 Ι).
1322 1873 1612 1945 Bouquet.,
1643 1871 1800 1946 ibid.]
2190 1930 2197 1934 .

624 2024 629 2025 ,
691 1970 752 2025 ln
780 1967 1000 2024 nomine
1025 1966 1238 2023 Domini
1266 1965 1364 2022 Dei
1400 1972 1457 2021 et
1501 1963 1801 2020 Salvatoris
1852 1963 2025 2020 nostri
2066 1961 2198 2020 Jesu

621 2060 865 2125 Christi,
918 2057 1221 2115 Ludovicus
1274 2056 1460 2112 divina
1513 2055 1801 2111 ordinante
1859 2056 2200 2125 providentia

620 2151 918 2221 imperator
955 2144 1256 2219 Augustus,
1299 2145 1554 2202 omnibus
1597 2145 1913 2211 comitibus,
1954 2145 2200 2212 vicariis,

621 2226 973 2307 centenariis,
1010 2240 1126 2295 sive
1160 2238 1371 2294 ceteris
1388 2237 1661 2309 judicibus
1704 2236 1909 2293 nostris
1953 2236 2203 2308 partibus

621 2333 952 2400 Provinciae,
982 2343 1008 2373 α
1037 2329 1387 2403 δεριίωθώω
1412 2336 1469 2386 et
1496 2328 1804 2401 Aquitaniae
1850 2328 2201 2386 consistenti-

620 2427 724 2486 bus

694 2514 890 2579 Notum
912 2513 1066 2569 vobis
1092 2512 1166 2569 sit
1187 2513 1331 2583 quod
1352 2512 1438 2567 vir
1459 2513 1784 2569 venerabilis
1808 2510 2201 2568 Tructesindus

620 2607 790 2669 abbas
814 2608 1133 2662 monasterii
1168 2606 1488 2662 Anianensis
1522 2604 1790 2679 suggessit
1830 2601 1988 2658 nobis
2034 2610 2205 2671 atque,

620 2694 902 2764 indicavit,
930 2697 1074 2768 quod
1102 2696 1351 2765 homines
1371 2695 1457 2751 vel
1486 2694 1673 2759 famuli
1704 2691 1991 2750 memorati
2011 2706 2201 2748 mona~

620 2786 775 2845 sterii
813 2801 916 2857 per
959 2786 1177 2857 diversa
1220 2786 1338 2849 loca
1387 2786 1767 2851 consistentes,
1798 2784 1855 2840 in
1880 2783 2203 2840 ministeriis

617 2879 818 2936 vestris
862 2879 1032 2939 multa
1073 2879 1387 2951 prmjudicia
1414 2888 1470 2935 et
1496 2879 1887 2941 infestationes.
1917 2876 2200 2948 patiantur

618 2980 734 3029 tam
761 2985 793 3025 a
815 2969 1121 3041 junioribus
1156 2971 1350 3026 vestris
1381 2985 1543 3040 quam
1587 2971 1656 3026 ab
1699 2969 1820 3031 aliis
1864 2966 2197 3032 hominibus,

619 3070 677 3127 et
703 3075 812 3121 non
836 3067 1066 3150 possunt
1099 3061 1301 3150 habere
1328 3059 1700 3150 defensionem
1725 3074 1825 3130 per
1868 3067 2196 3150 praeceptum
2224 3084 2270 3150 Ο

618 3147 1000 3216 immanitatis,
1048 3149 1193 3223 quod
1236 3164 1335 3215 nos
1383 3149 1561 3211 eidem
1603 3149 1933 3207 monasterio
1976 3153 2200 3222 propter

619 3241 719 3297 Dei
761 3255 1001 3311 amorem
1025 3248 1082 3301 et
1106 3247 1348 3305 nostram
1378 3239 1777 3310 eleemosynam
1811 3237 2198 3303 concessimus,

618 3347 687 3388 co
731 3331 876 3403 quod
915 3346 1012 3388 vos
1054 3332 1168 3388 sive
1202 3329 1447 3401 iuniores
1488 3331 1659 3386 vestri
1701 3330 1896 3386 dicatis
1938 3345 2047 3389 non
2077 3329 2201 3400 plus

618 3423 978 3479 immunitatis
1004 3438 1199 3480 nomen
1229 3423 1516 3495 complecti
1541 3438 1706 3494 quam
1742 3422 2039 3478 claustrum
2083 3438 2201 3478 mo-

619 3513 878 3580 nasterii;
910 3521 1108 3570 cietera
1132 3513 1316 3585 omnia
1346 3513 1593 3584 quamvis
1620 3512 1689 3568 ad
1717 3512 1895 3587 ipsum
1923 3520 2199 3567 monastes-

616 3603 763 3659 rium
790 3603 1121 3674 pertinentia
1147 3590 1303 3658 extra
1348 3603 1752 3665 immunitatem
1780 3617 1919 3658 esse.
1967 3600 2213 3677 Propter

546 3692 549 3693 ⁷
617 3693 726 3750 hoc
752 3678 999 3762 volumus
1016 3690 1084 3749 'ut
1112 3693 1424 3764 intelligatis
1462 3708 1574 3748 non
1601 3692 1777 3765 solum
1805 3694 1873 3753 ad
1900 3691 2206 3758 claustrum,

618 3787 959 3855 monasterii,
1008 3786 1093 3843 vel
1140 3786 1400 3844 ecclesias
1448 3794 1612 3856 atque
1656 3786 1794 3841 atria
1843 3782 2198 3855 ecclesiarum

621 3878 982 3937 immanitatis
1011 3894 1210 3936 nomen
1239 3881 1536 3952 pertinere,
1560 3896 1751 3937 verum
1779 3880 1943 3936 etiam
1984 3879 2052 3935 ad
2097 3879 2197 3934 do-

619 3986 739 4027 mos
765 3980 823 4029 et
850 3960 1004 4037 villas
1030 3981 1085 4028 et
1114 3981 1266 4043 septa
1308 3973 1555 4028 villarum
1575 4016 1590 4041 ,
1619 3983 1675 4030 et
1706 3974 2050 4044 piseatorias,
2079 3987 2207 4037 ma:

621 4062 871 4130 nufacta,
896 4063 984 4125 vel
1028 4064 1290 4141 quidquid
1342 4064 1501 4128 fossis
1548 4067 1633 4134 vel
1683 4067 1906 4137 sepibus
1948 4074 2045 4131 aut
2092 4065 2199 4127 alio

622 4157 927 4212 clausarum
966 4141 1161 4228 genere
1210 4157 1575 4229 praecingitur,
1604 4157 1794 4224 eodem
1839 4157 2199 4221 immunitatis

621 4246 840 4302 nomine
864 4247 1148 4307 contineri.
1174 4247 1253 4313 Ita
1280 4247 1542 4321 quidquid
1572 4248 1713 4301 intra
1740 4246 2049 4316 huiusmodi
2079 4265 2197 4305 mu-

620 4338 862 4395 nimenta
892 4338 961 4394 ad
996 4338 1087 4408 jus
1128 4337 1415 4408 cujuslibet
1459 4340 1775 4397 monasterii
1816 4340 2140 4410 pertinentia
2166 4356 2198 4396 a

2293 439 2349 484 et
2389 429 2576 485 famuli
2625 432 2905 486 memorati
2938 433 3270 487 monasterii
3303 433 3360 487 in
3384 436 3610 494 omnibus
3633 442 3791 506 locisad

2294 527 2474 574 vestra
2517 520 2814 583 ministeria
2862 506 3281 597 pertinentibus
3321 539 3500 593 pacem
3539 529 3795 601 habeant,“

2294 608 2374 663 eis
2406 608 2568 664 liceat
2596 625 2719 665 cum
2765 612 3057 668 securitate
3088 622 3400 675 memorato
3428 624 3706 678 monasterio
3734 628 3797 685 de.

2296 700 2499 755 servire
2526 709 2636 755 tam
2664 701 2718 755 in
2747 703 2971 773 privatis
3017 719 3195 773 quam
3231 705 3286 758 in
3311 706 3532 784 publicis
3555 720 3603 767 et
3623 729 3798 774 comu-

2293 796 2455 852 nibus
2484 796 2619 853 locis
2635 815 2651 866 ;
2684 812 2786 853 nec
2811 797 2951 853 ullus
2977 808 3236 854 vestrum
3266 800 3353 855 vel
3369 799 3625 869 iuniorum
3648 819 3797 867 vestro.

2295 903 2417 944 rum
2451 890 2678 949 ulterius
2700 906 2797 946 eos
2821 892 3014 946 audeat
3061 892 3377 962 despoliare
3392 935 3408 960 ,
3434 904 3487 951 et
3511 898 3586 965 vel
3603 899 3649 954 in
3673 901 3796 962 ﬂumi-

2294 981 2473 1048 nibus,
2505 982 2588 1037 vel
2616 983 2669 1037 in
2698 983 2870 1053 plagis
2894 985 3064 1040 maris
3091 984 3396 1056 piscantes,
3422 986 3504 1042 vel
3527 989 3575 1043 in
3594 992 3691 1048 aliis
3707 995 3799 1053 locis

2297 1072 2363 1126 ad
2394 1073 2709 1142 priedictum
2754 1076 3156 1133 monasterium
3206 1076 3590 1146 pertinentibus
3624 1083 3800 1143 diversas

2295 1162 2557 1219 utilitates
2586 1173 2641 1219 et
2665 1165 2885 1219 servitia
2914 1164 3186 1221 facientes
3231 1165 3510 1231 infestare,
3534 1169 3609 1223 vel
3646 1171 3799 1242 inquie-

2297 1261 2436 1318 tare,
2468 1264 2562 1307 aut
2585 1269 2616 1308 a
2643 1255 2825 1310 debito
2866 1253 3115 1323 injuncto
3163 1256 3272 1311 sibi
3305 1258 3522 1316 servitio
3565 1262 3794 1331 prohibere,

2296 1344 2383 1400 vel
2411 1344 2612 1415 aliquid
2643 1352 2831 1409 contra
2857 1344 3029 1425 legem
3053 1354 3114 1401 et
3136 1344 3413 1415 justitiam
3442 1348 3636 1405 facere:
3657 1354 3750 1422 quia
3769 1355 3799 1409 si

2296 1434 2525 1490 ulterius
2550 1435 2620 1490 ad
2647 1443 2864 1491 nostras
2886 1451 3046 1493 aures
3080 1436 3260 1491 fuerit
3294 1439 3575 1513 perlatum,
3600 1453 3643 1496 et
3669 1458 3797 1498 verum

2298 1529 2601 1595 inventum,
2651 1536 3035 1587 temeratorem
3092 1532 3279 1587 nostri
3334 1535 3564 1590 mandati
3607 1537 3799 1607 condigna

2299 1621 2412 1678 suis
2442 1619 2600 1677 factis
2631 1621 2868 1677 vindicta
2898 1636 3159 1678 coercere
3188 1623 3544 1679 decrevimus.
3587 1623 3798 1695 Propterea

2223 1714 2272 1777 B
2296 1712 2640 1786 praecipimus
2673 1720 2834 1783 atque
2852 1712 3112 1783 jubemus
3138 1722 3202 1770 ut
3231 1714 3418 1769 taliter
3445 1717 3622 1771 exinde
3657 1720 3797 1787 agatis,

2298 1805 2531 1875 qualiter
2562 1805 2793 1877 gratiam
2838 1815 3085 1861 nostram
3132 1805 3306 1861 vultis
3336 1806 3531 1862 habere
3566 1809 3797 1879 propitiam.

2299 1892 2370 1951 Et
2396 1903 2456 1951 ut
2484 1896 2688 1951 certius
2716 1896 2856 1952 hanc
2881 1904 3125 1951 nostram
3144 1895 3451 1966 jussionem
3475 1913 3586 1953 esse
3612 1900 3798 1963 credatis,

2300 1986 2368 2043 de
2382 1986 2587 2042 annulo
2616 1995 2802 2042 nostro
2833 1988 3019 2042 subter
3037 1985 3317 2056 jussimns
3342 1988 3573 2059 sigillari.

2304 2086 2313 2091 ‘
2370 2076 2505 2132 Data
2535 2094 2623 2133 xiv
2653 2079 2769 2149 Kal.
2820 2077 3041 2149 Aprilis,
3102 2095 3253 2135 anno
3287 2080 3502 2136 Christo
3540 2081 3797 2151 prepitio,u

2301 2169 2515 2239 imperii
2569 2168 2753 2241 domui
2811 2169 3070 2225 Ludovici
3139 2156 3381 2245 piissimi
3434 2170 3668 2243 Augusti,
3703 2172 3798 2226 indi-

2301 2260 2481 2315 ctione
2512 2275 2602 2314 xv.
3084 2264 3087 2265 ⁷
3465 2270 3469 2275 '

2368 2346 2566 2405 Actum
2594 2348 2915 2424 Aquisgrani
2942 2351 3148 2422 palatio
3174 2352 3232 2409 in
3263 2352 3362 2409 Dei
3388 2353 3591 2415 nomine
3614 2352 3792 2408 feliciter.

2299 2439 2498 2496 Amen.

3037 2516 3159 2573 XII.

2598 2604 2857 2676 Ejusdem
2887 2626 2983 2680 pro
3012 2613 3202 2667 eodem
3246 2615 3573 2670 monasterio.

2912 2700 3095 2770 (Anno
3128 2703 3289 2774 822.)

2678 2787 2853 2862 [Apud
2899 2790 2963 2845 Β.
3000 2790 3303 2865 Bouquet.,
3352 2793 3506 2868 ιδιά]

2308 2905 2315 2908 ο
2371 2875 2431 2933 ln
2454 2878 2673 2935 nomine
2710 2881 2923 2936 Domini
2951 2881 3047 2938 Dei
3091 2892 3149 2939 et
3203 2884 3499 2941 Salvatoris
3539 2885 3678 2940 nostri
3706 2883 3791 2937 Jesu

2301 2968 2553 3038 Christi,
2588 2971 2893 3030 Ludovicus
2939 2973 3122 3030 divina
3171 2978 3499 3048 propitiante
3538 2976 3789 3048 providentia

2299 3058 2595 3131 imperator
2620 3060 2913 3133 Augustus.
3418 3066 3426 3074 ’

2308 3180 2313 3184 ε
2372 3150 2429 3206 Si
2460 3166 2588 3223 erga
2631 3153 2748 3209 loca
2790 3154 2997 3221 divinis
3031 3156 3278 3214 cultibus
3316 3151 3613 3227 mancipata,
3636 3161 3788 3226 [ποριεῖ

2301 3255 2540 3296 amorem
2572 3240 2690 3307 Dei,
2720 3241 2945 3313 ejusque
2981 3244 3036 3299 in
3065 3246 3278 3302 eisdem
3326 3246 3457 3302 locis
3478 3244 3570 3300 sibi
3596 3241 3785 3296 famulan-

2300 3341 2407 3399 tes,
2437 3332 2697 3388 benelicia
2739 3342 3043 3404 opportuna
3086 3335 3378 3407 largimur,
3401 3335 3647 3407 puerilium
3681 3328 3787 3383 nobis

2299 3429 2518 3476 aeternae
2546 3424 3005 3480 remunerationis
3040 3427 3272 3496 rependi
3306 3441 3416 3481 non
3455 3423 3707 3479 dimdimus.
3727 3417 3784 3472 ld-

2299 3513 2446 3571 circo
2470 3521 2660 3568 notum
2685 3515 2756 3570 sit
2778 3517 3034 3573 omnibus
3067 3517 3319 3574 fidelibus
3344 3517 3553 3597 nostris,
3576 3508 3783 3583 praesenti-

2299 3608 2402 3663 bus
2431 3607 2641 3663 scilicet
2663 3618 2720 3664 et
2744 3609 2959 3677 futuris,
2988 3612 3116 3681 quia
3142 3612 3349 3682 placuit
3373 3610 3519 3666 nobis
3538 3623 3621 3678 pro
3640 3617 3784 3658 merce-

2300 3698 2385 3755 dis
2420 3707 2620 3755 nostrie
2662 3710 2953 3772 augmento
2978 3703 3047 3757 ad
3089 3702 3479 3758 monasterium
3504 3695 3621 3768 quod
3644 3691 3783 3745 dicitur

2298 3791 2527 3857 Aniana,
2556 3792 2722 3848 situm
2771 3794 2825 3848 in
2853 3809 2992 3865 pago
3035 3787 3471 3867 Magdalonensc,
3499 3790 3780 3843 constructam

2301 3882 2357 3937 in
2388 3884 2595 3939 honore
2624 3884 2839 3940 Domini
2868 3893 2927 3940 et
2952 3884 3256 3942 Salvatoris
3300 3882 3467 3939 nostri
3492 3878 3600 3934 Iesu
3622 3868 3780 3928 Christi.

2300 3979 2356 4027 et
2400 3980 2605 4027 sanctae
2647 3972 2829 4028 Mariae
2875 3988 3094 4044 semper
3129 3974 3377 4046 virginis,
3404 3984 3493 4026 seu
3520 3974 3567 4020 et
3602 3962 3779 4018 aliorum,

2300 4062 2392 4117 ubi
2420 4077 2564 4117 nunc
2605 4062 2994 4121 Tructesindus
3036 4064 3209 4121 abbas
3254 4075 3480 4134 praeesse
3503 4055 3677 4111 videtur
3699 4058 3780 4102 cum

2302 4150 2459 4206 turba
2484 4151 2895 4219 monachorum,
2919 4152 3122 4223 aliquid
3142 4168 3212 4210 ex
3231 4152 3425 4210 nostris
3445 4148 3585 4203 rebus
3605 4136 3776 4195 κηάεηῖ

2302 4240 2356 4295 id
2399 4249 2485 4296 est
2529 4243 2819 4310 quamdam
2864 4243 3113 4299 cellulam
3164 4249 3545 4313 nuncupantem
3582 4224 3777 4287 Gelionisi

2304 4333 2465 4391 Silam
2494 4334 2547 4388 in
2574 4348 2714 4404 pago
2743 4334 3082 4402 Ludovense,
3113 4353 3239 4393 cum
3267 4333 3503 4393 omnibus
3533 4313 3777 4395 appendit:iis

620 4428 861 4498 quolibet
913 4428 1152 4495 homine,
1200 4428 1450 4493 nocendi,
1501 4430 1587 4489 vel
1634 4431 1890 4493 damnum
1935 4431 2200 4487 inferendi
2229 4427 2278 4488 D
2304 4423 2436 4488 suis,
2479 4423 2857 4493 vel—quidquid
2889 4425 2961 4479 ibi
3008 4424 3314 4482 Willelmus
3360 4418 3601 4493 quondam
3636 4416 3776 4464 ⁶⁰¹πθ⁵ν

621 4534 808 4584 causa,
834 4526 1130 4589 spontaneo
1155 4519 1428 4575 voluntate
1452 4522 1830 4587 committitur,
1848 4523 1903 4576 in
1928 4523 2030 4579 hoc
2053 4522 2198 4580 facto

622 4607 938 4662 immunitas
965 4605 1135 4662 fracta
1177 4622 1299 4663 esse
1320 4607 1617 4678 judicatur.
1649 4608 1804 4676 Quod
1831 4624 1963 4666 vero
1986 4610 2041 4664 in
2069 4624 2201 4680 agro

620 4699 708 4755 vel
732 4714 924 4770 campo
950 4706 1044 4753 aut
1076 4698 1229 4763 silva,
1268 4714 1387 4768 quae
1428 4700 1571 4754 nulla
1613 4700 1915 4757 munitione
1941 4688 2199 4772 cingitur,

623 4809 753 4850 casu
777 4793 921 4850 sicut
943 4791 1061 4849 ﬁeri
1091 4792 1246 4855 solet,
1280 4808 1310 4846 a
1341 4791 1672 4861 quibuslibet
1697 4792 2014 4851 hominibus
2045 4807 2217 4856 (ῑοιιι-⁸

624 4885 852 4940 missum
897 4883 1081 4950 fuerit,
1107 4882 1356 4954 quamvis
1398 4882 1540 4937 idem
1572 4897 1702 4951 ager
1726 4883 1811 4937 vel
1855 4898 2079 4953 campus
2109 4890 2206 4937 aut

626 4974 763 5029 silva
786 4971 854 5029 ad
875 4973 1158 5030 ecclesiam
1177 4981 1504 5051 praeceptum
1535 4972 1892 5027 immunitatis
1915 4972 2226 5051 habentem,

626 5066 929 5136 pertineat,
957 5080 1064 5121 non
1109 5073 1289 5121 tamen
1332 5065 1387 5119 iu
1437 5065 1541 5119 hoc
1571 5064 1886 5120 immunitas
1923 5065 2093 5121 fracta
2115 5065 2219 5135 jus

628 5156 856 5213 dicanda
878 5163 979 5214 est.
996 5155 1061 5217 Et
1081 5157 1202 5213 ideo
1224 5170 1330 5210 non
1347 5164 1726 5217 sexcentarum
1748 5155 2040 5212 solidorum
2062 5172 2221 5223 com-~

631 5248 920 5319 positione,
950 5246 1042 5304 sed
1072 5245 1368 5304 secundum
1396 5244 1571 5316 legem
1614 5260 1735 5315 quae
1761 5245 1817 5301 iu
1852 5248 2043 5303 eodem
2084 5248 2221 5312 loco,

630 5344 867 5403 tenetur,
892 5328 1339 5392 mulctandus'e'st
1366 5335 1415 5390 is
1444 5335 1536 5405 qui
1561 5333 1805 5390 fraudem
1832 5336 1917 5391 vel
1944 5337 2203 5421 damnum

630 5426 687 5482 in
715 5428 809 5484 tali
841 5428 961 5484 loco
983 5427 1264 5481 convictus
1295 5425 1457 5480 fuerit
1487 5424 1699 5482 fecisse.
1747 5426 2097 5497 Prmeipimus
2122 5436 2219 5503 ιιι-κ

633 5536 755 5579 men
783 5523 936 5580 vobis
976 5530 1036 5577 ut
1063 5521 1221 5595 [tam]
1246 5536 1342 5577 vos
1371 5520 1473 5590 ipsi
1519 5522 1757 5576 caveatis
1784 5529 1840 5576 et
1879 5520 2216 5585 observetis,

2304 4512 2398 4582 qui
2426 4513 2596 4582 ipsam
2625 4513 2874 4573 cellulam
2920 4514 2975 4569 in
3006 4530 3169 4572 causa
3200 4514 3378 4571 domui
3406 4519 3457 4567 et
3486 4498 3775 4580 genitorisno-

2304 4603 2405 4658 Sll‘i
2447 4604 2774 4669 conatruxit,
2807 4619 2902 4663 seu
2940 4613 2997 4661 et
3030 4606 3124 4661 alii
3171 4605 3300 4662 boni
3341 4600 3562 4658 homines
3586 4590 3775 4686 per

2307 4703 2489 4751 menta
2517 4696 2828 4753 chartarum
2868 4698 3247 4753 tradiderunt:
3273 4711 3369 4752 nec
3394 4707 3492 4748 non
3525 4689 3571 4740 in
3593 4677 3774 4752 prindij

2306 4801 2464 4857 P380»
2501 4786 2685 4842 Villam
2719 4804 2839 4858 quae
2860 4789 3059 4855 dicitur
3085 4788 3487 4863 Magarantiatc;
3516 4789 3564 4833 et
3584 4765 3771 4830 ineodem

2302 4892 2440 4949 pago
2466 4876 2521 4932 in
2550 4878 2669 4934 loco
2712 4880 2807 4949 qui
2847 4881 3046 4949 dicitur
3087 4879 3534 4937 Castra-Pastum,
3558 4866 3614 4922 ad

2303 4985 2490 5026 eorum
2521 4971 2738 5036 alenda,
2770 4988 2895 5027 cum
2924 4975 3172 5045 terminis
3208 4982 3264 5029 et
3304 4962 3588 5040 adjacentiis
3608 4952 3715 5045 suis;
3735 4952 3769 4997 in

2308 5076 2448 5132 pago
2475 5061 2765 5117 Bcterense
2789 5042 2976 5119 fiscum
3001 5062 3366 5133 nostrum,qui
3389 5057 3562 5113 dicitur
3582 5042 3767 5133 Militia”:

2312 5128 2434 5210 cum
2456 5153 2687 5213 ecclesia
2731 5156 2900 5209 sancti
2930 5154 3229 5227 Paragorii,
3334 5146 3573 5206 Miliciano
3592 5128 3769 5227 vili-1;?

2311 5242 2369 5298 in
2411 5256 2549 5314 pago
2574 5243 2985 5315 MagdalOnense
3013 5218 3274 5311 castrum,
3302 5238 3434 5313 quod
3459 5218 3771 5315 dicitur

2309 5332 2614 5398 Calmense,
2645 5334 2808 5389 situm
2844 5335 2998 5406 juxta
3027 5336 3245 5393 fluvium
3271 5335 3451 5391 Araur,
3480 5333 3582 5385 cum
3603 5306 3764 5406 “sic?”

2308 5428 2480 5483 sancti
2512 5426 2723 5491 Hilarii,
2752 5444 2782 5482 a
2812 5430 3043 5484 termino
3072 5429 3306 5499 ejusdem
3350 5406 3620 5479 Ilionam"ii
3652 5399 3766 5499 AT:

2307 5518 2492 5574 nensis
2514 5533 2686 5589 usque
2703 5519 2771 5575 ad
2795 5520 3056 5575 terminos
3073 5488 3277 5586 eorum,
3300 5519 3426 5572 sicut
3444 5502 3620 5577 genitor
3636 5488 3763 5566 nam"

704 5665 728 5693 ι
772 5657 1104 5727 Septimania
1145 5674 1288 5714 anno
1332 5658 1434 5714 8l7
1480 5660 1547 5714 ab
1584 5658 1883 5729 .Aquitania
1937 5658 2196 5713 distracta
2234 5658 2431 5714 fuerat.
