4062 6332
232 347 372 409 I133

1468 348 1772 407 ΕΗΑῐὶΤίΕ
1810 346 2266 405 ANIANENSES.

3338 356 3476 414 “34

230 464 459 524 Carolus
494 465 650 521 bona:
674 454 970 519 memoria)
1008 451 1286 539 piissimus
1332 461 1605 537 Augustus
1650 471 1802 517 trans
1828 467 1880 525 Α
1906 464 2183 518 trarietate
2215 463 2300 518 vel
2325 435 2846 535 diminutione,.jure
2875 465 3188 524 firmissimo
3214 468 3358 538 ipsas
3385 483 3475 523 res

231 561 408 631 ripam
432 556 641 630 praefati
672 557 908 612 ﬂuminis
933 570 1030 626 per
1056 570 1211 609 suum
1240 563 1567 624 praeceptum
1590 552 1657 607 ad
1680 568 1800 622 pro-

231 652 482 721 pitium'll
510 649 840 704 antedictum
870 647 1089 702 tradidit
1136 646 1543 709 monasterium,
1575 652 1804 713 excepto

233 743 512 814 proprium
555 742 908 813 ingenuorum
938 741 1237 803 hominum,
1273 737 1415 810 quod
1442 736 1584 792 infra
1614 735 1802 804 conja-

234 843 342 887 cet.
364 833 516 888 Item
543 833 598 891 in
623 833 810 887 eodem
838 847 977 902 pago
1002 830 1122 884 illos
1150 843 1308 898 segos
1333 843 1457 882 cum
1488 828 1601 897 ipsa
1628 827 1804 897 pisca-

234 924 399 988 toria,
427 930 901 993 quantumcunque
928 921 982 974 in
1007 921 1197 974 eodem
1240 918 1360 973 loco
1406 917 1551 972 idem
1595 917 1807 986 genitor

236 1021 422 1068 noster
442 1013 674 1083 quodam
704 1012 773 1066 ad
801 1025 956 1066 suum
997 1008 1227 1063 habebat
1252 1023 1407 1078 opus,
1437 1007 1529 1078 qui
1559 1016 1642 1062 est
1666 1008 1807 1061 inter

234 1116 386 1157 mare
412 1110 467 1158 et
504 1109 772 1173 stagnum,
801 1116 925 1155 cum
967 1099 1196 1155 ecclesia
1233 1107 1289 1153 et
1312 1097 1609 1163 villaribus,
1641 1107 1695 1151 et
1721 1096 1805 1166 pi-

235 1192 504 1257 scatoriis,
528 1199 583 1247 et
613 1183 865 1246 omnibus
890 1190 1221 1264 aspicientiis
1244 1196 1299 1243 et
1327 1188 1644 1256 adjacentiis
1669 1187 1802 1242 suis.

236 1280 312 1334 De
335 1280 469 1335 silva
495 1295 643 1344 vero,
677 1294 795 1349 qua:
825 1278 999 1333 eidem
1047 1278 1176 1333 lisco
1204 1277 1432 1348 adjacet,
1462 1277 1806 1332 concedimus

234 1372 437 1427 eisdem
475 1372 755 1426 monachis
794 1377 849 1424 et
881 1384 1067 1425 eorum
1097 1368 1441 1433 hominibus,
1470 1376 1529 1423 ut
1566 1369 1635 1425 ad
1677 1385 1807 1425 usus

234 1472 292 1520 et
342 1464 411 1518 ad
460 1463 783 1534 piscator-ias
826 1461 1278 1526 reemendandas,
1331 1456 1807 1530 quantumcunque

237 1567 461 1609 necesse
488 1552 650 1607 fuerit
677 1552 961 1607 ad.eorum
986 1551 1267 1614 utilitates,
1293 1551 1584 1620 accipiant,
1606 1565 1807 1621 pascua

232 1634 491 1696 etiamad
512 1627 775 1699 animalia
818 1655 1005 1696 eorum
1036 1641 1258 1705 alenda,
1290 1639 1494 1710 absque
1520 1639 1681 1697 ullius
1710 1642 1808 1696 ho-

233 1732 397 1787 minis
421 1732 825 1804 impedimento,
857 1733 950 1788 ubi
978 1732 1267 1799 voluerint,
1300 1741 1356 1788 et
1379 1732 1457 1788 illi
1478 1740 1533 1787 et
1561 1733 1809 1788 homines

1906 551 2110 607 habere
2148 561 2206 607 et
2237 555 2515 623 possidere
2560 555 2793 610 valeant.
2849 556 3062 612 Placuit
3103 559 3267 613 etiam
3320 561 3477 615 nobis

1905 642 2033 697 huic
2087 644 2510 714 congregationi,
2560 647 2774 714 quando
2828 647 3087 704 Dominus
3141 650 3477 707 abundanter

1906 733 2090 804 largiri
2136 735 2386 805 dignatus
2414 736 2597 802 fuerit,
2631 738 2818 793 decem
2848 741 3028 795 modia
3072 743 3139 797 de
3167 742 3288 799 oleo
3319 744 3473 809 dare,

1905 820 1959 875 id
1984 827 2069 875 est
2092 821 2158 876 de
2186 821 2455 878 tolomena
2486 832 2540 879 et
2568 825 2801 893 solaria;
2853 829 3070 898 quando
3117 846 3247 887 vero
3272 833 3473 900 minus,

1906 924 2000 965 sex
2024 912 2222 967 modia.
2253 912 2319 966 Et
2339 912 2593 985 jubemus
2619 930 2716 987 per
2743 918 2844 973 hoc
2863 927 3189 990 praeceptum
3216 938 3480 992 procura-

1906 999 2119 1055 toribus
2155 1003 2465 1057 earumdem
2497 1003 2745 1059 villarum
2787 1010 3144 1075 praesentibus
3170 1018 3226 1067 et
3257 1011 3475 1082 futuris,

1907 1099 1969 1143 ut
2014 1105 2323 1146 mensuram
2358 1093 2464 1148 olei
2508 1096 2881 1167 praescriptam
2929 1101 3112 1157 missis
3160 1107 3480 1173 supradictae

1905 1182 2343 1251 congregationis
2390 1183 2475 1239 vel
2529 1185 2646 1253 ejus
2701 1192 3106 1247 successoribus
3159 1193 3215 1248 in
3262 1192 3482 1253 Arelan

1908 1273 2066 1326 annis
2093 1273 2318 1345 singulis
2343 1277 2472 1332 dare
2499 1277 2771 1333 studeant.
2806 1281 2932 1337 Haec
2962 1285 3158 1355 quippe
3186 1282 3483 1345 auctoritas

1907 1369 1968 1417 ut
1996 1363 2201 1418 nostris
2218 1373 2275 1418 et
2297 1364 2350 1418 fu
2359 1366 2494 1421 turis
2514 1370 2865 1438 temporibus,
2894 1373 3120 1432 Domino
3140 1366 3481 1450 protegente,

1906 1452 2091 1507 valeat
2140 1453 2455 1510 inconvulsa
2506 1473 2758 1525 manere,
2791 1477 2952 1516 manu
2994 1466 3215 1535 propria
3246 1468 3485 1525 subscri-

1907 1546 2136 1616 psimus,
2163 1556 2220 1604 et
2257 1549 2442 1606 annuli
2482 1553 2657 1608 nostri
2701 1553 3054 1625 impressione
3089 1561 3293 1631 signari
3316 1562 3485 1634 jussi-

1908 1653 2051 1693 mus.

1983 1727 2210 1800 Signum
2244 1730 2500 1788 Ludovici
2529 1736 2860 1793 serenissimi
2903 1739 3267 1812 imperatoris.

233 1836 420 1877 eorum
451 1822 702 1878 habeant.
734 1822 940 1878 Caetera
962 1838 1093 1879 vero
1123 1838 1243 1892 quae
1270 1830 1478 1881 restant
1502 1832 1555 1878 et
1590 1823 1725 1879 silva
1751 1831 1806 1879 et
1833 1833 1880 1893 Β
1978 1818 2265 1876 Durandus
2291 1821 2554 1878 diaconus
2576 1826 2645 1880 ad
2670 1827 2845 1883 vicem
2869 1829 3139 1904 Fridugisi
3168 1838 3480 1908 recognovi.

231 1930 432 1985 pascua
470 1923 717 1980 utantur,
752 1921 807 1969 et
856 1930 1041 1970 comes
1087 1923 1143 1969 et
1191 1915 1523 1970 habitatores
1573 1914 1811 1970 civitatis

231 2007 541 2076 Agatensis.
569 1996 710 2061 sicut
752 2006 1049 2075 antiquitus
1074 2021 1206 2061 usus
1234 2005 1353 2061 fuit.
1402 2007 1458 2060 In
1491 2022 1627 2077 pago
1653 2022 1808 2073 nam-

231 2113 337 2168 que
360 2098 629 2169 AgatenSe
644 2097 841 2153 ﬁscum
868 2106 1114 2152 nostrum
1139 2098 1231 2167 qui
1255 2105 1483 2153 vocatur
1505 2096 1645 2163 Sita,
1675 2105 1731 2152 et
1755 2098 1808 2153 in

228 2189 370 2259 pago
410 2187 762 2243 Narbonense
801 2188 1024 2253 salinas,
1057 2202 1178 2257 qua:
1200 2195 1327 2243 sunt
1357 2188 1412 2242 in
1436 2202 1575 2259 pago
1604 2204 1812 2243 nuncu-

232 2288 393 2349 pante
417 2280 446 2321 ι’
472 2278 773 2350 Ad-Signa,
803 2288 1249 2350 quantascunque
1276 2280 1357 2335 eis
1386 2288 1571 2335 noster
1611 2281 1811 2337 missus

234 2379 256 2408 ο
287 2367 579 2440 Leybulfus
607 2384 790 2424 comes
817 2370 1139 2441 designavit,
1169 2385 1292 2424 cum
1329 2370 1574 2425 terminis
1596 2378 1651 2424 et
1677 2371 1812 2425 late-

230 2458 548 2513 rationibus.
599 2458 823 2528 Insuper
851 2467 906 2513 et
950 2458 1139 2513 cellam
1181 2457 1323 2527 juris
1366 2460 1537 2515 nostri
1565 2474 1684 2532 quae
1726 2467 1811 2515 est

230 2549 641 2603 constructasin
690 2549 894 2604 honore
943 2551 1119 2604 sancti
1164 2549 1382 2603 Martini
1430 2551 1573 2604 intra
1624 2565 1811 2605 muros

229 2639 463 2694 civitatis
504 2639 868 2706 Arelatensis,
896 2656 1019 2695 cum
1052 2640 1303 2694 omnibus
1331 2655 1451 2709 quae
1487 2640 1555 2695 ad
1601 2655 1721 2695 eam
1754 2640 1807 2693 in

230 2733 420 2788 eodem
468 2748 608 2804 pago
657 2732 959 2788 Arelatensi
1005 2733 1092 2787 vel
1146 2733 1508 2787 Avenionensi
1558 2733 1810 2805 praesenti

231 2831 475 2893 tempore
521 2823 762 2894 legaliter
810 2824 1101 2893 pertinent.
1152 2823 1219 2877 Et
1267 2823 1443 2877 locum
1487 2824 1578 2893 qui
1625 2832 1708 2881 est
1753 2824 1810 2877 in

229 2930 369 2986 pago
406 2901 731 2978 Arausione,
762 2912 1023 2968 vocabulo
1071 2912 1417 2974 Morenatus,
1446 2913 1532 2967 vel
1572 2928 1691 2982 quae
1740 2916 1810 2973 ad

231 3005 407 3073 ipsum
452 3003 628 3058 locum
658 3002 949 3073 pertinent.
1000 3001 1261 3058 Similiter
1286 3011 1342 3057 et
1368 3003 1550 3060 villam
1581 3019 1702 3076 qua:
1729 3005 1811 3060 di-

231 3096 373 3151 citur
395 3093 672 3158 Massacia,
701 3111 824 3149 cum
850 3094 1103 3149 omnibus
1136 3095 1488 3165 appendiciis,
1520 3097 1807 3152 habentem

1982 1909 2121 1963 Data
2162 1926 2259 1966 xm
2296 1911 2414 1967 Kal.
2442 1914 2676 1985 Aprilis,
2706 1933 2868 1980 anno.
2898 1921 3117 1980 Christo
3141 1929 3399 2001 propitio,
3428 1947 3482 1984 Ix
3582 1920 3591 1930 ’

1909 1999 2123 2069 imperii
2154 2001 2414 2059 Ludovici
2439 2007 2671 2076 piissimi
2701 2008 2951 2082 Augusti,
2977 1999 3271 2074 indictione
3299 2036 3389 2075 xv.

1978 2089 2174 2146 Actum
2219 2092 2543 2166 Aquisgrani
2583 2099 2786 2169 palatio
2830 2104 2979 2175 regio
3025 2106 3080 2160 in
3126 2108 3223 2164 Dei
3268 2111 3488 2168 nomine

1908 2178 2161 2238 feliciter.
2191 2182 2386 2241 Amen.

2634 2259 2768 2315 XIII.

2220 2346 2477 2418 Ejusdem
2510 2369 2605 2422 pro
2620 2340 2813 2408 eodem
2846 2362 3181 2416 monasterio.

2526 2441 2704 2512 (Anno
2731 2444 2882 2518 826.)

2196 2527 2445 2599 [Mahill.,
2477 2532 2671 2587 Annal.
2708 2533 2934 2604 Bened.,
2963 2538 3026 2605 η,
3058 2541 3207 2615 124.]

1984 2611 2043 2667 In
2071 2617 2291 2671 nomine
2313 2618 2526 2675 Domini
2562 2623 2657 2678 Dei
2685 2634 2741 2679 et
2797 2625 3097 2687 Salvatoris
3141 2611 3311 2691 nostri
3361 2635 3488 2693 Iesu

1910 2701 2134 2771 Christi,
2162 2706 2466 2766 Ludovicus
2492 2712 2670 2770 divina
2694 2716 2981 2775 ordinante
3018 2697 3358 2792 providentia
3388 2729 3488 2783 im-

1909 2803 2130 2862 perator
2155 2795 2449 2869 Augustus.

1981 2884 2243 2943 Omnibus
2269 2889 2516 2947 fidelibus
2543 2905 2743 2951 sanctae
2771 2896 2863 2954 Dei
2910 2900 3185 2972 Ecclesiae,
3212 2913 3489 2977 praesenti-

1910 2976 2012 3033 bus
2037 2979 2245 3035 scilicet
2269 2990 2326 3037 et
2351 2982 2567 3050 futuris,
2598 2995 2781 3043 notum
2833 2992 2905 3046 sit
2942 2996 3068 3063 quia
3101 2997 3491 3059 Tructesindus

1911 3070 2237 3127 venerabilis
2259 3073 2447 3141 abbas,
2487 3091 2552 3130 ex
2581 3084 2915 3140 monasterio
2940 3089 3081 3158 quod
3104 3072 3304 3147 dicitur
3326 3093 3483 3150 Ania-

230 3189 351 3258 plus
372 3187 551 3243 minus
575 3203 643 3243 η
684 3203 923 3253 mansos,
951 3202 1071 3258 qua,
1103 3161 1188 3243 es;
1209 3161 1280 3243 εχ
1305 3188 1514 3244 ratione
1540 3189 1809 3259 pmdicm
1837 3190 1881 3253 Ο
1913 3176 2001 3223 na,
2030 3161 2086 3215 in
2109 3161 2314 3218 honore
2344 3164 2436 3219 Dei
2458 3173 2523 3259 et
2547 3167 2843 3229 Salvatoris
2893 3179 3064 3233 nostri
3113 3179 3240 3237 Jesu
3288 3183 3490 3242 Christi

229 3280 470 3335 ecclesite
493 3281 665 3335 sancti
710 3279 943 3333 Martini.
984 3279 1110 3334 Haec
1138 3279 1319 3334 omnia
1345 3280 1658 3353 praescripta
1686 3295 1807 3335 cum

231 3371 497 3435 ecclesiis,
530 3364 691 3435 villis,
721 3370 1017 3433 villaribus,
1056 3369 1325 3434 domibus,
1362 3368 1625 3434 :cdiflciis,
1657 3384 1810 3423 man-

229 3462 407 3532 cipiis,
438 3462 619 3526 terris,
654 3462 848 3526 vineis,
879 3460 1111 3527 olivetis,
1141 3460 1310 3527 silvis,
1340 3460 1587 3529 garricis,
1614 3459 1805 3529 pratis,

227 3554 468 3625 pascuis,
498 3552 843 3617 molendinis,
876 3552 1035 3621 aquis
1091 3566 1422 3620 aquarumve
1468 3551 1806 3617 decursibus,

228 3643 562 3715 piscatoriis,
602 3642 805 3714 perviis
844 3641 1079 3698 exitibus
1107 3651 1162 3696 et
1196 3641 1572 3705 reditionibus,
1603 3641 1807 3696 cultum

228 3742 285 3791 et
312 3734 594 3800 incultum,
620 3750 743 3791 cum
771 3735 1021 3804 omnibus
1049 3732 1368 3801 adjacentiis
1393 3740 1447 3789 et
1476 3732 1810 3803 appendiciis

228 3826 365 3891 suis,
398 3833 567 3880 totum
615 3814 681 3880 et
713 3825 780 3881 ad
829 3826 1094 3894 integrum
1116 3865 1131 3889 ,
1162 3832 1637 3895 quantumcunque
1665 3822 1808 3890 juris

228 3908 402 3970 nostri
422 3909 487 3970 et
522 3915 882 3986 possessionis
915 3930 979 3969 ac
1011 3912 1379 3984 proprietatis,
1409 3910 1666 3981 praedicto
1694 3926 1809 3965 mo-

206 3996 469 4060 nasterio
515 3992 880 4060 concessimus
906 4018 1005 4074 per
1035 4004 1176 4058 hanc
1219 4010 1423 4057 nostrae
1469 4001 1809 4057 auctoritatis

229 4097 597 4163 donationem,
620 4097 688 4152 ad
714 4095 980 4176 stipendia
1013 4094 1242 4149 fratrum
1272 4093 1468 4148 ibidem
1497 4092 1609 4149 Deo
1635 4087 1809 4147 famu-

227 4182 456 4251 lantum,
485 4185 542 4240 et
570 4186 637 4241 ad
671 4185 908 4241 subsidia
945 4198 1245 4254 pauperum
1277 4183 1344 4237 ad
1392 4190 1619 4238 cunctas
1666 4181 1811 4253 ejus-

228 4277 351 4332 dem
370 4275 680 4331 monasterii
693 4275 949 4330 utilitates
958 4317 971 4339 ,
988 4282 1207 4345 perpetu
1214 4273 1369 4328 aliter
1380 4273 1726 4329 concedimus
1739 4274 1808 4328 ad

228 4370 558 4427 habendum.
599 4368 679 4423 Ita
708 4368 959 4423 videlicet
980 4375 1040 4421 ut
1063 4366 1322 4438 quidquid
1343 4368 1410 4421 ab
1431 4365 1692 4443 hodierno
1722 4365 1809 4420 die

228 4460 295 4514 de
316 4459 590 4530 praedictis
604 4459 768 4514 rebus
782 4456 962 4512 facere
979 4456 1061 4511 vel
1075 4456 1345 4520 ordinare,
1361 4455 1443 4510 vel
1457 4446 1619 4510 etiam
1635 4453 1808 4525 dispo-

1911 3264 2121 3307 necnon
2150 3262 2207 3309 et
2229 3264 2429 3310 sancta:
2458 3256 2638 3314 Mariae
2679 3272 3070 3335 constructum,
3114 3283 3314 3329 nostrze
3340 3293 3490 3332 man-

1912 3344 2182 3439 suetudini
2210 3347 2477 3439 suggessit
2501 3350 2734 3439 qualiter
2773 3353 3040 3414 Arnaldns
3067 3376 3247 3418 comes
3272 3366 3323 3419 in
3351 3384 3491 3439 pago

1913 3432 2222 3489 Biterrense
2244 3436 2424 3491 villam
2455 3439 2520 3493 de
2547 3438 2826 3507 Cinciano.
2855 3456 2903 3500 et
2929 3449 3105 3504 casale
3130 3432 3404 3524 proprium
3421 3432 3490 3515 ex

1910 3525 2316 3593 comparatione
2340 3533 2397 3580 et
2440 3529 2798 3597 acquisitione
2844 3538 3152 3607 acquisivit,
3183 3554 3237 3596 et
3257 3545 3373 3614 ipse
3389 3547 3491 3610 Ar-

1911 3614 2106 3669 naldus
2128 3631 2235 3686 per
2253 3633 2409 3673 suum
2441 3622 2676 3677 wadium
2702 3624 2903 3684 domno
2953 3630 3245 3692 Benedicto
3269 3641 3492 3697 tradidit

1910 3706 2203 3775 praedictas
2242 3725 2331 3766 res
2376 3713 2583 3783 przefati
2643 3721 2961 3775 monasterii
2998 3723 3348 3796 Anianensis,
3384 3748 3491 3802 quo

1911 3809 2123 3853 mortuo
2146 3801 2294 3856 missi
2321 3805 2491 3859 nostri
2534 3809 2779 3876 partibus
2813 3815 3015 3868 nostris
3066 3820 3353 3891 praedictas
3403 3841 3492 3882 res

1910 3904 2324 3949 revocaverunt.
2378 3895 2543 3952 Petiit
2590 3900 2773 3971 itaque
2813 3906 3104 3973 prmdictus
3129 3910 3298 3968 abbas
3322 3914 3491 3971 Bene-

1909 3982 2087 4037 dictus
2134 3984 2477 4043 cIementiam
2525 4002 2790 4060 nostram,
2834 4006 2894 4052 ut
2933 3998 3078 4069 ipsas
3121 4017 3209 4058 res
3242 4006 3324 4061 .de
3365 4006 3492 4076 jure

1909 4082 2098 4130 nostro
2124 4077 2178 4131 in
2202 4077 2444 4147 ejusdem
2494 4086 2807 4154 monasterii
2856 4088 3061 4147 ditione
3103 4099 3493 4166 perpetualiter

1909 4168 1977 4223 ad
2005 4169 2356 4227 obtinendum
2384 4175 2815 4245 tradidissomus,
2840 4185 2985 4251 quod
3032 4185 3106 4240 ita
3140 4195 3195 4242 et
3241 4188 3488 4250 fecimus.

1909 4258 2071 4315 Petiit
2122 4261 2308 4331 itaque
2357 4279 2457 4319 nos
2508 4265 2894 4325 Tructesindus
2940 4273 3124 4341 abbas,
3150 4286 3209 4330 ut
3241 4290 3489 4336 nostrum

1908 4359 2232 4421 praeceptum
2260 4368 2423 4423 super
2450 4355 2550 4411 hoc
2581 4361 2797 4428 negotio
2853 4361 2968 4417 fieri
3017 4363 3354 4436 julreremus,
3392 4388 3491 4442 per

1910 4443 2053 4511 quod
2076 4444 2280 4499 nostris
2304 4444 2606 4516 futurisque
2638 4453 2972 4520 temporibus
2993 4455 3107 4525 ipse
3136 4467 3192 4513 et
3213 4475 3492 4521 successo-

227 4565 362 4606 nere
394 4560 635 4607 rectores
659 4560 713 4607 et
754 4551 983 4606 ministri
1009 4542 1250 4622 praedicti
1284 4548 1595 4604 monasterii
1620 4546 1805 4607 volue-
1832 4537 1885 4596 D
1913 4548 1999 4623 ι·οὲ
2026 4534 2108 4588 sui
2133 4550 2232 4604 De?
2258 4550 2381 4589 θιιῖη
2412 4539 2659 4594 εοουτίηδ
2683 4548 2738 4596 ει
2764 4540 2972 4599 ﬁrmius
2996 4560 3091 4605 eas
3126 4553 3487 4623 possiderent,

228 4640 359 4705 rint,
375 4638 546 4693 libero
574 4640 629 4694 in
662 4641 912 4696 omnibus
943 4640 1290 4711 perfruantur
1305 4640 1529 4695 arbitrio
1550 4637 1800 4695 faciendi.

226 4731 297 4786 Et
322 4729 499 4785 nullus
522 4744 589 4785 ex
608 4729 865 4789 fidelibus
893 4740 1094 4785 sanctae
1122 4732 1217 4786 Dei
1241 4730 1496 4788 Ecclesiae
1523 4738 1578 4786 et
1601 4730 1804 4786 nostris

229 4820 296 4876 de
324 4820 660 4889 praescriptis
687 4820 851 4875 rebus
876 4834 906 4873 a
934 4819 1088 4875 nobis
1110 4821 1333 4890 praefato
1359 4823 1693 4878 monasterio
1719 4822 1805 4881 vel

225 4909 634 4981 congregationi
668 4909 867 4965 ibidem
903 4910 1119 4979 degenti
1150 4910 1424 4965 concessis
1467 4910 1670 4983 aliquid
1697 4913 1801 4966 mi-

226 5016 397 5057 nuere
445 5008 646 5068 tentet;
689 5003 792 5057 nec
844 5002 1092 5057 homines
1143 5001 1343 5057 ibidem
1399 5012 1807 5059 commanentcs

227 5091 579 5163 distringere,
626 5107 727 5147 nec
770 5091 1116 5163 fidejussores
1148 5090 1406 5168 [tollere],
1439 5106 1539 5147 nec
1590 5102 1808 5162 paratas

229 5182 534 5261 requirere,
551 5182 651 5237 nec
673 5181 809 5237 ullas
833 5180 1221 5237 redhibitiones
1249 5182 1463 5251 exigere
1493 5190 1803 5251 praesumat.

231 5271 340 5328 Sed
366 5275 507 5331 sicut
531 5274 686 5329 nobis
707 5274 778 5329 ob
805 5287 1043 5328 amorem
1072 5272 1164 5327 Dei
1194 5271 1508 5342 praescripta
1533 5271 1651 5327 loca
1681 5287 1805 5327 cum

228 5365 481 5421 omnibus
531 5380 720 5421 eorum
774 5362 1109 5433 appendiciis
1161 5362 1336 5416 eidem
1395 5361 1805 5432 congregationi

230 5456 488 5526 delegari,
515 5465 679 5527 atque
722 5453 1112 5527 perpetualitcr
1137 5454 1205 5508 ad
1233 5453 1538 5509 habendum
1587 5454 1806 5509 tradere

228 5546 415 5611 libuit;
444 5546 539 5614 ita,
565 5546 793 5603 Domino
820 5554 1158 5617 protegente,
1190 5545 1394 5616 absque
1422 5544 1648 5617 alicujus
1678 5561 1809 5602 con-

299 5672 324 5701 ο
360 5659 689 5730 Legendum,
730 5661 991 5716 antedirto
1032 5659 1251 5713 tradidit
1290 5660 1626 5713 monasterio.

299 5731 329 5771 ιι
364 5730 637 5799 Ad-Signa
663 5741 745 5785 est
775 5733 922 5788 locus
950 5730 1108 5800 vulgo
1130 5731 1323 5800 Sigean
1354 5730 1550 5796 dictus,
1578 5730 1631 5784 in
1677 5730 1806 5786 dim-

1909 4621 2063 4690 cujus
2085 4624 2332 4693 petitioni
2359 4641 2641 4681 assensum
2678 4630 3032 4699 prtebuimus,
3077 4637 3260 4694 ethoc
3287 4621 3492 4702 nostra:

1911 4706 2251 4770 auctoritatis
2297 4725 2624 4786 praeceptum
2674 4719 2790 4775 fieri
2823 4723 3181 4794 decrevimus,
3217 4745 3313 4805 per
3344 4734 3492 4805 quod

1910 4807 2253 4863 decernimus
2279 4808 2735 4878 atquejubemus,
2768 4820 2827 4867 ut
2862 4815 3120 4886 quidquid
3156 4834 3336 4876 rerum
3364 4840 3492 4883 sua-

1910 4913 2031 4952 rum
2057 4898 2344 4968 praadictus
2372 4898 2643 4956 Arnaldus
2679 4903 2746 4956 ad
2785 4904 3066 4971 praefatum
3098 4913 3488 4969 monasterium

1911 4988 2179 5044 Anianum
2210 4990 2565 5061 praedonavit,
2619 4991 2834 5047 ﬁrmum
2864 5002 2920 5050 et
2943 4996 3248 5055 inviolabile
3276 5018 3490 5072 penna-

1912 5088 2068 5144 neat;
2120 5080 2193 5134 ita
2221 5081 2470 5136 videlicet
2514 5092 2574 5136 ut
2606 5083 2866 5153 quidquid
2905 5084 2971 5138 de
3000 5085 3131 5156 ipsis
3158 5089 3241 5144 vel
3272 5091 3325 5145 in
3357 5092 3488 5163 ipsis

1911 5177 2152 5225 rectores
2174 5179 2231 5224 et
2249 5173 2483 5228 ministri
2500 5190 2659 5243 supra
2677 5178 2959 5231 memorati
2982 5183 3293 5238 monasterii
3314 5184 3492 5256 dispo-

1911 5276 2043 5316 nere
2085 5271 2247 5331 atque
2294 5266 2548 5320 ordinare
2575 5265 2659 5319 vel
2706 5267 2870 5322 etiam
2914 5268 3094 5327 facere
3132 5288 3232 5342 pro
3257 5276 3488 5334 utilitate

1911 5352 2151 5422 ejusdem
2180 5344 2494 5411 monasterii
2532 5356 2818 5423 voluerint,
2864 5361 3067 5430 absque
3100 5363 3260 5421 ullius
3287 5366 3487 5437 injusta

1911 5446 2337 5502 contradictione
2362 5448 2615 5503 ordinent
2670 5457 2831 5518 atque
2857 5449 3165 5521 disponant,
3205 5464 3260 5509 et
3286 5455 3488 5514 faciant

1906 5536 2168 5607 quidquid
2190 5536 2407 5592 utilitati
2462 5537 2710 5609 przedicti
2756 5544 3070 5599 monasterii
3105 5559 3403 5618 congruere
3432 5558 3488 5605 et

1907 5652 2018 5710 cesi
2044 5650 2379 5708 Narbonensi
2408 5653 2475 5707 ad
2500 5669 2671 5709 mare.

1982 5736 2003 5764 ε
2047 5722 2321 5778 Leibulfus
2350 5739 2533 5779 comes
2554 5735 2669 5779 erat
2701 5723 3079 5783 Narbonensis.
3170 5738 3173 5741 ‘
