  <div class='ocr_page' id='page_1' title='image "/cluster/home/n/w/nwhite01/storage/ocr_20150623/103/hvd.32044015466816/723.png"; bbox 0 0 4062 6332; ppageno 0'>
   <div class='ocr_carea' id='block_1_1' title="bbox 702 252 840 318">
    <p class='ocr_par' dir='ltr' id='par_1_1' title="bbox 702 252 840 318">
     <span class='ocr_line' id='line_1_1' title="bbox 702 252 840 318; baseline 0.022 -3"><span class='ocrx_word' id='word_1_1' title='bbox 702 252 840 318; x_wconf 70' lang='lat'><strong>“55</strong></span> 
     </span>
    </p>
   </div>
   <div class='ocr_carea' id='block_1_2' title="bbox 1660 251 3821 320">
    <p class='ocr_par' dir='ltr' id='par_1_2' title="bbox 1660 251 3821 320">
     <span class='ocr_line' id='line_1_2' title="bbox 1660 251 3821 320; baseline 0.005 -15"><span class='ocrx_word' id='word_1_2' title='bbox 1660 258 1746 312; x_wconf 84' lang='lat' dir='ltr'><strong>.S.</strong></span> <span class='ocrx_word' id='word_1_3' title='bbox 1789 255 2218 312; x_wconf 69' lang='lat' dir='ltr'><strong>BENEDICTL’S</strong></span> <span class='ocrx_word' id='word_1_4' title='bbox 2257 254 2478 309; x_wconf 77' lang='lat' dir='ltr'><strong>ABBAS</strong></span> <span class='ocrx_word' id='word_1_5' title='bbox 2511 251 2941 308; x_wconf 68' lang='lat' dir='ltr'><strong>ANIANENSIS.</strong></span> <span class='ocrx_word' id='word_1_6' title='bbox 3738 261 3821 320; x_wconf 73' lang='lat' dir='ltr'><strong>N56</strong></span> 
     </span>
    </p>
   </div>
   <div class='ocr_carea' id='block_1_3' title="bbox 697 361 3828 439">
    <p class='ocr_par' dir='ltr' id='par_1_3' title="bbox 697 361 3828 439">
     <span class='ocr_line' id='line_1_3' title="bbox 697 361 3828 439; baseline -0.003 -10"><span class='ocrx_word' id='word_1_7' title='bbox 697 370 986 429; x_wconf 70' lang='lat' dir='ltr'><strong>convenire</strong></span> <span class='ocrx_word' id='word_1_8' title='bbox 1004 369 1400 439; x_wconf 73' lang='lat' dir='ltr'><strong>prospexerint.</strong></span> <span class='ocrx_word' id='word_1_9' title='bbox 1416 368 1555 422; x_wconf 86' lang='lat' dir='ltr'><strong>Etut</strong></span> <span class='ocrx_word' id='word_1_10' title='bbox 1577 369 1691 422; x_wconf 73' lang='lat' dir='ltr'><strong>tunc</strong></span> <span class='ocrx_word' id='word_1_11' title='bbox 1713 368 2049 422; x_wconf 90' lang='lat' dir='ltr'><strong>auctoritatis</strong></span> <span class='ocrx_word' id='word_1_12' title='bbox 2071 370 2266 422; x_wconf 68' lang='lat' dir='ltr'><strong>nostrae</strong></span> <span class='ocrx_word' id='word_1_13' title='bbox 2293 372 2345 430; x_wconf 80' lang='grc' dir='ltr'>Α</span> <span class='ocrx_word' id='word_1_14' title='bbox 2368 364 2578 419; x_wconf 89' lang='lat' dir='ltr'><strong>cieudis</strong></span> <span class='ocrx_word' id='word_1_15' title='bbox 2605 364 2947 434; x_wconf 81' lang='lat' dir='ltr'><strong>apposuerit,</strong></span> <span class='ocrx_word' id='word_1_16' title='bbox 2992 372 3084 418; x_wconf 89' lang='lat' dir='ltr'><strong>aut</strong></span> <span class='ocrx_word' id='word_1_17' title='bbox 3129 361 3374 432; x_wconf 80' lang='lat' dir='ltr'><strong>aliquam</strong></span> <span class='ocrx_word' id='word_1_18' title='bbox 3421 364 3646 432; x_wconf 78' lang='lat' dir='ltr'><strong>injustam</strong></span> <span class='ocrx_word' id='word_1_19' title='bbox 3671 377 3828 428; x_wconf 73' lang='lat' dir='ltr'><strong>occasio.</strong></span> 
     </span>
    </p>
   </div>
   <div class='ocr_carea' id='block_1_4' title="bbox 697 457 2269 532">
    <p class='ocr_par' dir='ltr' id='par_1_4' title="bbox 697 457 2269 532">
     <span class='ocr_line' id='line_1_4' title="bbox 697 457 2269 532; baseline -0.002 -19"><span class='ocrx_word' id='word_1_20' title='bbox 697 461 986 532; x_wconf 72' lang='lat' dir='ltr'><strong>praeceptio</strong></span> <span class='ocrx_word' id='word_1_21' title='bbox 1033 458 1240 514; x_wconf 86' lang='lat' dir='ltr'><strong>ﬁrmior</strong></span> <span class='ocrx_word' id='word_1_22' title='bbox 1281 458 1564 523; x_wconf 82' lang='lat' dir='ltr'><strong>habeatur,</strong></span> <span class='ocrx_word' id='word_1_23' title='bbox 1595 465 1650 512; x_wconf 89' lang='lat' dir='ltr'><strong>et</strong></span> <span class='ocrx_word' id='word_1_24' title='bbox 1702 472 1800 527; x_wconf 89' lang='lat' dir='ltr'><strong>per</strong></span> <span class='ocrx_word' id='word_1_25' title='bbox 1823 457 2002 512; x_wconf 85' lang='lat' dir='ltr'><strong>futura</strong></span> <span class='ocrx_word' id='word_1_26' title='bbox 2029 466 2269 527; x_wconf 88' lang='lat' dir='ltr'><strong>tempora</strong></span> 
     </span>
    </p>
   </div>
   <div class='ocr_carea' id='block_1_5' title="bbox 699 548 2272 620">
    <p class='ocr_par' dir='ltr' id='par_1_5' title="bbox 699 548 2272 620">
     <span class='ocr_line' id='line_1_5' title="bbox 699 548 2272 620; baseline 0.001 -17"><span class='ocrx_word' id='word_1_27' title='bbox 699 550 892 605; x_wconf 88' lang='lat' dir='ltr'><strong>melius</strong></span> <span class='ocrx_word' id='word_1_28' title='bbox 916 560 1289 613; x_wconf 77' lang='lat' dir='ltr'><strong>conservetur,</strong></span> <span class='ocrx_word' id='word_1_29' title='bbox 1305 548 1486 603; x_wconf 90' lang='lat' dir='ltr'><strong>annuli</strong></span> <span class='ocrx_word' id='word_1_30' title='bbox 1514 549 1683 603; x_wconf 85' lang='lat' dir='ltr'><strong>nostri</strong></span> <span class='ocrx_word' id='word_1_31' title='bbox 1709 549 2062 620; x_wconf 86' lang='lat' dir='ltr'><strong>impressione</strong></span> <span class='ocrx_word' id='word_1_32' title='bbox 2085 551 2272 604; x_wconf 86' lang='lat' dir='ltr'><strong>subter</strong></span> 
     </span>
    </p>
   </div>
   <div class='ocr_carea' id='block_1_6' title="bbox 698 642 1410 713">
    <p class='ocr_par' dir='ltr' id='par_1_6' title="bbox 698 642 1410 713">
     <span class='ocr_line' id='line_1_6' title="bbox 698 642 1410 713; baseline -0.004 -16"><span class='ocrx_word' id='word_1_33' title='bbox 698 658 818 698; x_wconf 89' lang='lat' dir='ltr'><strong>eam</strong></span> <span class='ocrx_word' id='word_1_34' title='bbox 859 642 1059 713; x_wconf 81' lang='lat' dir='ltr'><strong>signari</strong></span> <span class='ocrx_word' id='word_1_35' title='bbox 1079 643 1352 711; x_wconf 87' lang='lat' dir='ltr'><strong>jussimus.</strong></span> <span class='ocrx_word' id='word_1_36' title='bbox 1405 663 1410 666; x_wconf 93' lang='grc'><strong>·</strong></span> 
     </span>
    </p>
   </div>
   <div class='ocr_carea' id='block_1_7' title="bbox 772 732 2271 802">
    <p class='ocr_par' dir='ltr' id='par_1_7' title="bbox 772 732 2271 802">
     <span class='ocr_line' id='line_1_7' title="bbox 772 732 2271 802; baseline 0.003 -15"><span class='ocrx_word' id='word_1_37' title='bbox 772 733 1150 788; x_wconf 79' lang='lat' dir='ltr'><strong>llirminmaris</strong></span> <span class='ocrx_word' id='word_1_38' title='bbox 1171 733 1429 788; x_wconf 85' lang='lat' dir='ltr'><strong>diaconus</strong></span> <span class='ocrx_word' id='word_1_39' title='bbox 1453 733 1522 788; x_wconf 90' lang='lat' dir='ltr'><strong>ad</strong></span> <span class='ocrx_word' id='word_1_40' title='bbox 1551 733 1722 788; x_wconf 87' lang='lat' dir='ltr'><strong>vicem</strong></span> <span class='ocrx_word' id='word_1_41' title='bbox 1765 732 2039 802; x_wconf 80' lang='lat' dir='ltr'><strong>Fridugisi</strong></span> <span class='ocrx_word' id='word_1_42' title='bbox 2060 733 2271 791; x_wconf 81' lang='lat' dir='ltr'><strong>abbatis</strong></span> 
     </span>
    </p>
   </div>
   <div class='ocr_carea' id='block_1_8' title="bbox 687 822 1007 893">
    <p class='ocr_par' dir='ltr' id='par_1_8' title="bbox 687 822 1007 893">
     <span class='ocr_line' id='line_1_8' title="bbox 687 822 1007 893; baseline -0.003 -17"><span class='ocrx_word' id='word_1_43' title='bbox 687 822 1007 893; x_wconf 74' lang='lat' dir='ltr'><strong>recognovi.</strong></span> 
     </span>
    </p>
   </div>
   <div class='ocr_carea' id='block_1_9' title="bbox 773 896 2270 982">
    <p class='ocr_par' dir='ltr' id='par_1_9' title="bbox 773 896 2270 982">
     <span class='ocr_line' id='line_1_9' title="bbox 773 896 2270 982; baseline 0.002 -20"><span class='ocrx_word' id='word_1_44' title='bbox 773 910 906 964; x_wconf 86' lang='lat' dir='ltr'><strong>Data</strong></span> <span class='ocrx_word' id='word_1_45' title='bbox 935 896 1026 966; x_wconf 76' lang='lat' dir='ltr'><strong>xix</strong></span> <span class='ocrx_word' id='word_1_46' title='bbox 1043 910 1266 966; x_wconf 81' lang='lat' dir='ltr'><strong>Kalend.</strong></span> <span class='ocrx_word' id='word_1_47' title='bbox 1291 910 1587 981; x_wconf 90' lang='lat' dir='ltr'><strong>Septemb.,</strong></span> <span class='ocrx_word' id='word_1_48' title='bbox 1605 928 1767 974; x_wconf 90' lang='lat' dir='ltr'><strong>anno,</strong></span> <span class='ocrx_word' id='word_1_49' title='bbox 1784 910 2000 967; x_wconf 88' lang='lat' dir='ltr'><strong>Christo</strong></span> <span class='ocrx_word' id='word_1_50' title='bbox 2020 912 2270 982; x_wconf 87' lang='lat' dir='ltr'><strong>propitio,</strong></span> 
     </span>
    </p>
   </div>
   <div class='ocr_carea' id='block_1_10' title="bbox 690 999 2270 1072">
    <p class='ocr_par' dir='ltr' id='par_1_10' title="bbox 690 999 2270 1072">
     <span class='ocr_line' id='line_1_10' title="bbox 690 999 2270 1072; baseline 0.001 -20"><span class='ocrx_word' id='word_1_51' title='bbox 690 1007 757 1054; x_wconf 81' lang='lat' dir='ltr'><strong>&#39;Ix</strong></span> <span class='ocrx_word' id='word_1_52' title='bbox 784 1000 994 1068; x_wconf 88' lang='lat' dir='ltr'><strong>imperii</strong></span> <span class='ocrx_word' id='word_1_53' title='bbox 1021 1001 1201 1059; x_wconf 87' lang='lat' dir='ltr'><strong>domui</strong></span> <span class='ocrx_word' id='word_1_54' title='bbox 1222 999 1478 1056; x_wconf 86' lang='lat' dir='ltr'><strong>Ludovici</strong></span> <span class='ocrx_word' id='word_1_55' title='bbox 1493 1002 1720 1071; x_wconf 88' lang='lat' dir='ltr'><strong>piissimi</strong></span> <span class='ocrx_word' id='word_1_56' title='bbox 1743 1002 1988 1072; x_wconf 75' lang='lat' dir='ltr'><strong>Augusti,</strong></span> <span class='ocrx_word' id='word_1_57' title='bbox 2010 1001 2270 1055; x_wconf 89' lang='lat' dir='ltr'><strong>indict....</strong></span> 
     </span>
    </p>
   </div>
   <div class='ocr_carea' id='block_1_11' title="bbox 700 1086 2274 1162">
    <p class='ocr_par' dir='ltr' id='par_1_11' title="bbox 700 1086 2274 1162">
     <span class='ocr_line' id='line_1_11' title="bbox 700 1086 2274 1162; baseline 0.003 -22"><span class='ocrx_word' id='word_1_58' title='bbox 700 1086 895 1140; x_wconf 77' lang='lat' dir='ltr'><strong>Actum</strong></span> <span class='ocrx_word' id='word_1_59' title='bbox 929 1087 1242 1144; x_wconf 74' lang='lat' dir='ltr'><strong>(larbouaco</strong></span> <span class='ocrx_word' id='word_1_60' title='bbox 1272 1089 1397 1150; x_wconf 85' lang='lat' dir='ltr'><strong>villa</strong></span> <span class='ocrx_word' id='word_1_61' title='bbox 1441 1091 1645 1162; x_wconf 85' lang='lat' dir='ltr'><strong>palatio</strong></span> <span class='ocrx_word' id='word_1_62' title='bbox 1675 1092 1823 1162; x_wconf 74' lang='lat' dir='ltr'><strong>regio</strong></span> <span class='ocrx_word' id='word_1_63' title='bbox 1853 1092 1907 1146; x_wconf 89' lang='lat' dir='ltr'><strong>in</strong></span> <span class='ocrx_word' id='word_1_64' title='bbox 1930 1092 2025 1148; x_wconf 88' lang='lat' dir='ltr'><strong>Dei</strong></span> <span class='ocrx_word' id='word_1_65' title='bbox 2055 1091 2274 1148; x_wconf 86' lang='lat' dir='ltr'><strong>nomine</strong></span> 
     </span>
    </p>
   </div>
   <div class='ocr_carea' id='block_1_12' title="bbox 699 1175 1170 1234">
    <p class='ocr_par' dir='ltr' id='par_1_12' title="bbox 699 1175 1170 1234">
     <span class='ocr_line' id='line_1_12' title="bbox 699 1175 1170 1234; baseline 0.006 -5"><span class='ocrx_word' id='word_1_66' title='bbox 699 1175 950 1232; x_wconf 77' lang='lat' dir='ltr'><strong>feliciter.</strong></span> <span class='ocrx_word' id='word_1_67' title='bbox 975 1178 1170 1234; x_wconf 80' lang='lat' dir='ltr'><strong>Amen.</strong></span> 
     </span>
    </p>
   </div>
   <div class='ocr_carea' id='block_1_13' title="bbox 1421 1273 1554 1331">
    <p class='ocr_par' dir='ltr' id='par_1_13' title="bbox 1421 1273 1554 1331">
     <span class='ocr_line' id='line_1_13' title="bbox 1421 1273 1554 1331; baseline 0.03 -4"><span class='ocrx_word' id='word_1_68' title='bbox 1421 1273 1554 1331; x_wconf 79' lang='lat' dir='ltr'><strong>XIV.</strong></span> 
     </span>
    </p>
   </div>
   <div class='ocr_carea' id='block_1_14' title="bbox 1019 1359 1953 1434">
    <p class='ocr_par' dir='ltr' id='par_1_14' title="bbox 1019 1359 1953 1434">
     <span class='ocr_line' id='line_1_14' title="bbox 1019 1359 1953 1434; baseline 0.005 -19"><span class='ocrx_word' id='word_1_69' title='bbox 1019 1359 1269 1432; x_wconf 81' lang='lat' dir='ltr'><strong>Ejusdem</strong></span> <span class='ocrx_word' id='word_1_70' title='bbox 1292 1381 1385 1434; x_wconf 82' lang='lat' dir='ltr'><strong>pro</strong></span> <span class='ocrx_word' id='word_1_71' title='bbox 1411 1366 1589 1419; x_wconf 85' lang='lat' dir='ltr'><strong>eodem</strong></span> <span class='ocrx_word' id='word_1_72' title='bbox 1615 1367 1953 1421; x_wconf 76' lang='lat' dir='ltr'><strong>monasterio.</strong></span> 
     </span>
    </p>
   </div>
   <div class='ocr_carea' id='block_1_15' title="bbox 1315 1454 1674 1527">
    <p class='ocr_par' dir='ltr' id='par_1_15' title="bbox 1315 1454 1674 1527">
     <span class='ocr_line' id='line_1_15' title="bbox 1315 1454 1674 1527; baseline 0 -19"><span class='ocrx_word' id='word_1_73' title='bbox 1315 1454 1492 1525; x_wconf 72' lang='lat' dir='ltr'><strong>(Anno</strong></span> <span class='ocrx_word' id='word_1_74' title='bbox 1525 1455 1674 1527; x_wconf 78' lang='lat'><strong>855.)</strong></span> 
     </span>
    </p>
   </div>
   <div class='ocr_carea' id='block_1_16' title="bbox 1108 1541 1928 1621">
    <p class='ocr_par' dir='ltr' id='par_1_16' title="bbox 1108 1541 1928 1621">
     <span class='ocr_line' id='line_1_16' title="bbox 1108 1541 1928 1621; baseline 0.006 -24"><span class='ocrx_word' id='word_1_75' title='bbox 1108 1541 1282 1615; x_wconf 85' lang='lat' dir='ltr'><strong>[Apud</strong></span> <span class='ocrx_word' id='word_1_76' title='bbox 1304 1547 1365 1602; x_wconf 89' lang='lat' dir='ltr'><strong>D.</strong></span> <span class='ocrx_word' id='word_1_77' title='bbox 1393 1546 1678 1616; x_wconf 86' lang='lat' dir='ltr'><strong>Bouquet.,</strong></span> <span class='ocrx_word' id='word_1_78' title='bbox 1711 1547 1866 1621; x_wconf 88' lang='lat' dir='ltr'><strong>ibid.]</strong></span> <span class='ocrx_word' id='word_1_79' title='bbox 1923 1598 1928 1602; x_wconf 86' lang='lat'><strong>.</strong></span> 
     </span>
    </p>
   </div>
   <div class='ocr_carea' id='block_1_17' title="bbox 770 1624 2275 1695">
    <p class='ocr_par' dir='ltr' id='par_1_17' title="bbox 770 1624 2275 1695">
     <span class='ocr_line' id='line_1_17' title="bbox 770 1624 2275 1695; baseline 0.006 -9"><span class='ocrx_word' id='word_1_80' title='bbox 770 1633 828 1686; x_wconf 93' lang='lat' dir='ltr'><strong>ln</strong></span> <span class='ocrx_word' id='word_1_81' title='bbox 881 1633 1098 1688; x_wconf 86' lang='lat' dir='ltr'><strong>nomine</strong></span> <span class='ocrx_word' id='word_1_82' title='bbox 1140 1635 1352 1692; x_wconf 88' lang='lat' dir='ltr'><strong>Domini</strong></span> <span class='ocrx_word' id='word_1_83' title='bbox 1379 1635 1473 1690; x_wconf 91' lang='lat' dir='ltr'><strong>Dei</strong></span> <span class='ocrx_word' id='word_1_84' title='bbox 1497 1624 1564 1691; x_wconf 81' lang='lat' dir='ltr'><strong>et</strong></span> <span class='ocrx_word' id='word_1_85' title='bbox 1605 1636 1904 1693; x_wconf 84' lang='lat' dir='ltr'><strong>Salvatoris</strong></span> <span class='ocrx_word' id='word_1_86' title='bbox 1946 1640 2117 1694; x_wconf 90' lang='lat' dir='ltr'><strong>nostri</strong></span> <span class='ocrx_word' id='word_1_87' title='bbox 2147 1639 2275 1695; x_wconf 86' lang='lat' dir='ltr'><strong>Jesu</strong></span> 
     </span>
    </p>
   </div>
   <div class='ocr_carea' id='block_1_18' title="bbox 2372 453 3829 522">
    <p class='ocr_par' dir='ltr' id='par_1_18' title="bbox 2372 453 3829 522">
     <span class='ocr_line' id='line_1_18' title="bbox 2372 453 3829 522; baseline 0.003 -12"><span class='ocrx_word' id='word_1_88' title='bbox 2372 470 2496 510; x_wconf 89' lang='lat' dir='ltr'><strong>nem</strong></span> <span class='ocrx_word' id='word_1_89' title='bbox 2546 464 2774 510; x_wconf 86' lang='lat' dir='ltr'><strong>conatus</strong></span> <span class='ocrx_word' id='word_1_90' title='bbox 2821 453 2986 509; x_wconf 87' lang='lat' dir='ltr'><strong>fuerit</strong></span> <span class='ocrx_word' id='word_1_91' title='bbox 3034 453 3340 519; x_wconf 84' lang='lat' dir='ltr'><strong>adhibere,</strong></span> <span class='ocrx_word' id='word_1_92' title='bbox 3383 456 3617 522; x_wconf 79' lang='lat' dir='ltr'><strong>przedicto</strong></span> <span class='ocrx_word' id='word_1_93' title='bbox 3658 461 3829 518; x_wconf 78' lang='lat' dir='ltr'><strong>advocato</strong></span> 
     </span>
    </p>
   </div>
   <div class='ocr_carea' id='block_1_19' title="bbox 2373 544 3830 620">
    <p class='ocr_par' dir='ltr' id='par_1_19' title="bbox 2373 544 3830 620">
     <span class='ocr_line' id='line_1_19' title="bbox 2373 544 3830 620; baseline 0.005 -22"><span class='ocrx_word' id='word_1_94' title='bbox 2373 544 2703 613; x_wconf 82' lang='lat' dir='ltr'><strong>iujunximus</strong></span> <span class='ocrx_word' id='word_1_95' title='bbox 2749 553 2808 599; x_wconf 91' lang='lat' dir='ltr'><strong>ut</strong></span> <span class='ocrx_word' id='word_1_96' title='bbox 2856 545 3012 600; x_wconf 87' lang='lat' dir='ltr'><strong>nobis</strong></span> <span class='ocrx_word' id='word_1_97' title='bbox 3051 544 3361 609; x_wconf 86' lang='lat' dir='ltr'><strong>renuntiet,</strong></span> <span class='ocrx_word' id='word_1_98' title='bbox 3411 553 3469 599; x_wconf 91' lang='lat' dir='ltr'><strong>ut</strong></span> <span class='ocrx_word' id='word_1_99' title='bbox 3491 562 3577 602; x_wconf 88' lang='lat' dir='ltr'><strong>nos</strong></span> <span class='ocrx_word' id='word_1_100' title='bbox 3597 548 3675 612; x_wconf 89' lang='lat' dir='ltr'><strong>illi,</strong></span> <span class='ocrx_word' id='word_1_101' title='bbox 3695 554 3830 620; x_wconf 77' lang='lat' dir='ltr'><strong>quino-</strong></span> 
     </span>
    </p>
   </div>
   <div class='ocr_carea' id='block_1_20' title="bbox 2373 636 3832 707">
    <p class='ocr_par' dir='ltr' id='par_1_20' title="bbox 2373 636 3832 707">
     <span class='ocr_line' id='line_1_20' title="bbox 2373 636 3832 707; baseline 0.005 -18"><span class='ocrx_word' id='word_1_102' title='bbox 2373 645 2538 690; x_wconf 86' lang='lat' dir='ltr'><strong>stram</strong></span> <span class='ocrx_word' id='word_1_103' title='bbox 2559 636 2859 705; x_wconf 90' lang='lat' dir='ltr'><strong>jussionem</strong></span> <span class='ocrx_word' id='word_1_104' title='bbox 2883 637 3210 707; x_wconf 81' lang='lat' dir='ltr'><strong>neglexerit,</strong></span> <span class='ocrx_word' id='word_1_105' title='bbox 3250 639 3542 692; x_wconf 80' lang='lat' dir='ltr'><strong>secundum</strong></span> <span class='ocrx_word' id='word_1_106' title='bbox 3573 639 3673 694; x_wconf 86' lang='lat' dir='ltr'><strong>facti</strong></span> <span class='ocrx_word' id='word_1_107' title='bbox 3691 645 3749 697; x_wconf 88' lang='lat' dir='ltr'><strong>sui</strong></span> <span class='ocrx_word' id='word_1_108' title='bbox 3769 662 3832 701; x_wconf 72' lang='lat' dir='ltr'><strong>me.</strong></span> 
     </span>
    </p>
   </div>
   <div class='ocr_carea' id='block_1_21' title="bbox 2372 726 3832 797">
    <p class='ocr_par' dir='ltr' id='par_1_21' title="bbox 2372 726 3832 797">
     <span class='ocr_line' id='line_1_21' title="bbox 2372 726 3832 797; baseline 0.005 -17"><span class='ocrx_word' id='word_1_109' title='bbox 2372 726 2533 780; x_wconf 87' lang='lat' dir='ltr'><strong>ritum</strong></span> <span class='ocrx_word' id='word_1_110' title='bbox 2563 728 2943 780; x_wconf 77' lang='lat' dir='ltr'><strong>retriizuamus.</strong></span> <span class='ocrx_word' id='word_1_111' title='bbox 2979 727 3126 780; x_wconf 73' lang='lat' dir='ltr'><strong>Dixit</strong></span> <span class='ocrx_word' id='word_1_112' title='bbox 3144 727 3319 781; x_wconf 86' lang='lat' dir='ltr'><strong>etiam</strong></span> <span class='ocrx_word' id='word_1_113' title='bbox 3347 729 3496 782; x_wconf 86' lang='lat' dir='ltr'><strong>nobis</strong></span> <span class='ocrx_word' id='word_1_114' title='bbox 3519 730 3747 797; x_wconf 59' lang='lat' dir='ltr'><strong>prais‘ietos</strong></span> <span class='ocrx_word' id='word_1_115' title='bbox 3775 735 3832 789; x_wconf 79' lang='lat' dir='ltr'><strong>Er-</strong></span> 
     </span>
    </p>
   </div>
   <div class='ocr_carea' id='block_1_22' title="bbox 2373 817 3834 886">
    <p class='ocr_par' dir='ltr' id='par_1_22' title="bbox 2373 817 3834 886">
     <span class='ocr_line' id='line_1_22' title="bbox 2373 817 3834 886; baseline 0.005 -14"><span class='ocrx_word' id='word_1_116' title='bbox 2373 817 2655 872; x_wconf 85' lang='lat' dir='ltr'><strong>menaldus</strong></span> <span class='ocrx_word' id='word_1_117' title='bbox 2704 819 2872 872; x_wconf 83' lang='lat' dir='ltr'><strong>abbas</strong></span> <span class='ocrx_word' id='word_1_118' title='bbox 2906 832 2972 871; x_wconf 92' lang='lat' dir='ltr'><strong>eo</strong></span> <span class='ocrx_word' id='word_1_119' title='bbox 3015 819 3161 886; x_wconf 88' lang='lat' dir='ltr'><strong>quod</strong></span> <span class='ocrx_word' id='word_1_120' title='bbox 3197 819 3468 886; x_wconf 87' lang='lat' dir='ltr'><strong>mancipia</strong></span> <span class='ocrx_word' id='word_1_121' title='bbox 3513 821 3571 872; x_wconf 89' lang='lat' dir='ltr'><strong>de</strong></span> <span class='ocrx_word' id='word_1_122' title='bbox 3610 826 3834 880; x_wconf 75' lang='lat' dir='ltr'><strong>umnasterio</strong></span> 
     </span>
    </p>
   </div>
   <div class='ocr_carea' id='block_1_23' title="bbox 2373 907 3834 976">
    <p class='ocr_par' dir='ltr' id='par_1_23' title="bbox 2373 907 3834 976">
     <span class='ocr_line' id='line_1_23' title="bbox 2373 907 3834 976; baseline 0.003 -14"><span class='ocrx_word' id='word_1_123' title='bbox 2373 908 2546 962; x_wconf 80' lang='lat' dir='ltr'><strong>sancti</strong></span> <span class='ocrx_word' id='word_1_124' title='bbox 2577 907 2810 972; x_wconf 82' lang='lat' dir='ltr'><strong>Martini,</strong></span> <span class='ocrx_word' id='word_1_125' title='bbox 2853 907 2996 976; x_wconf 87' lang='lat' dir='ltr'><strong>quod</strong></span> <span class='ocrx_word' id='word_1_126' title='bbox 3025 922 3125 961; x_wconf 90' lang='lat' dir='ltr'><strong>nos</strong></span> <span class='ocrx_word' id='word_1_127' title='bbox 3167 907 3472 975; x_wconf 81' lang='lat' dir='ltr'><strong>largitionis</strong></span> <span class='ocrx_word' id='word_1_128' title='bbox 3504 916 3672 963; x_wconf 64' lang='lat' dir='ltr'><strong>nostra:</strong></span> <span class='ocrx_word' id='word_1_129' title='bbox 3693 927 3834 966; x_wconf 73' lang='lat' dir='ltr'><strong>munem</strong></span> 
     </span>
    </p>
   </div>
   <div class='ocr_carea' id='block_1_24' title="bbox 2377 997 3836 1068">
    <p class='ocr_par' dir='ltr' id='par_1_24' title="bbox 2377 997 3836 1068">
     <span class='ocr_line' id='line_1_24' title="bbox 2377 997 3836 1068; baseline 0.002 -17"><span class='ocrx_word' id='word_1_130' title='bbox 2377 999 2443 1052; x_wconf 90' lang='lat' dir='ltr'><strong>ad</strong></span> <span class='ocrx_word' id='word_1_131' title='bbox 2474 998 2792 1068; x_wconf 66' lang='lat' dir='ltr'><strong>praedictum</strong></span> <span class='ocrx_word' id='word_1_132' title='bbox 2812 997 3123 1052; x_wconf 86' lang='lat' dir='ltr'><strong>Ananiense</strong></span> <span class='ocrx_word' id='word_1_133' title='bbox 3150 999 3540 1051; x_wconf 83' lang='lat' dir='ltr'><strong>monasterium</strong></span> <span class='ocrx_word' id='word_1_134' title='bbox 3557 1001 3836 1062; x_wconf 70' lang='lat' dir='ltr'><strong>concessimus,</strong></span> 
     </span>
    </p>
   </div>
   <div class='ocr_carea' id='block_1_25' title="bbox 2375 1087 3836 1159">
    <p class='ocr_par' dir='ltr' id='par_1_25' title="bbox 2375 1087 3836 1159">
     <span class='ocr_line' id='line_1_25' title="bbox 2375 1087 3836 1159; baseline 0.003 -16"><span class='ocrx_word' id='word_1_135' title='bbox 2375 1104 2470 1158; x_wconf 90' lang='lat' dir='ltr'><strong>per</strong></span> <span class='ocrx_word' id='word_1_136' title='bbox 2495 1088 2610 1144; x_wconf 89' lang='lat' dir='ltr'><strong>loca</strong></span> <span class='ocrx_word' id='word_1_137' title='bbox 2637 1089 2851 1144; x_wconf 87' lang='lat' dir='ltr'><strong>diversa</strong></span> <span class='ocrx_word' id='word_1_138' title='bbox 2881 1088 3105 1158; x_wconf 80' lang='lat' dir='ltr'><strong>fugitiva</strong></span> <span class='ocrx_word' id='word_1_139' title='bbox 3128 1089 3267 1142; x_wconf 89' lang='lat' dir='ltr'><strong>sint.</strong></span> <span class='ocrx_word' id='word_1_140' title='bbox 3295 1087 3548 1143; x_wconf 82' lang='lat' dir='ltr'><strong>Volumus</strong></span> <span class='ocrx_word' id='word_1_141' title='bbox 3570 1099 3621 1142; x_wconf 91' lang='lat' dir='ltr'><strong>ut</strong></span> <span class='ocrx_word' id='word_1_142' title='bbox 3643 1093 3836 1159; x_wconf 71' lang='lat' dir='ltr'><strong>pradicas</strong></span> 
     </span>
    </p>
   </div>
   <div class='ocr_carea' id='block_1_26' title="bbox 2374 1179 3837 1249">
    <p class='ocr_par' dir='ltr' id='par_1_26' title="bbox 2374 1179 3837 1249">
     <span class='ocr_line' id='line_1_26' title="bbox 2374 1179 3837 1249; baseline 0.001 -15"><span class='ocrx_word' id='word_1_143' title='bbox 2374 1179 2667 1234; x_wconf 82' lang='lat' dir='ltr'><strong>advocatus</strong></span> <span class='ocrx_word' id='word_1_144' title='bbox 2685 1194 2748 1234; x_wconf 92' lang='lat' dir='ltr'><strong>ea</strong></span> <span class='ocrx_word' id='word_1_145' title='bbox 2778 1188 3014 1249; x_wconf 68' lang='lat' dir='ltr'><strong>quaerat;</strong></span> <span class='ocrx_word' id='word_1_146' title='bbox 3039 1187 3095 1234; x_wconf 91' lang='lat' dir='ltr'><strong>et</strong></span> <span class='ocrx_word' id='word_1_147' title='bbox 3121 1179 3438 1248; x_wconf 83' lang='lat' dir='ltr'><strong>ubicunque</strong></span> <span class='ocrx_word' id='word_1_148' title='bbox 3473 1180 3664 1234; x_wconf 85' lang='lat' dir='ltr'><strong>inventa</strong></span> <span class='ocrx_word' id='word_1_149' title='bbox 3685 1181 3837 1244; x_wconf 80' lang='lat' dir='ltr'><strong>fuerint,</strong></span> 
     </span>
    </p>
   </div>
   <div class='ocr_carea' id='block_1_27' title="bbox 2375 1271 3834 1342">
    <p class='ocr_par' dir='ltr' id='par_1_27' title="bbox 2375 1271 3834 1342">
     <span class='ocr_line' id='line_1_27' title="bbox 2375 1271 3834 1342; baseline 0.004 -18"><span class='ocrx_word' id='word_1_150' title='bbox 2375 1279 2429 1324; x_wconf 89' lang='lat' dir='ltr'><strong>et</strong></span> <span class='ocrx_word' id='word_1_151' title='bbox 2462 1271 2753 1325; x_wconf 90' lang='lat' dir='ltr'><strong>secundum</strong></span> <span class='ocrx_word' id='word_1_152' title='bbox 2781 1271 2948 1342; x_wconf 82' lang='lat' dir='ltr'><strong>legem</strong></span> <span class='ocrx_word' id='word_1_153' title='bbox 2975 1271 3286 1329; x_wconf 81' lang='lat' dir='ltr'><strong>Romanam</strong></span> <span class='ocrx_word' id='word_1_154' title='bbox 3309 1271 3562 1325; x_wconf 86' lang='lat' dir='ltr'><strong>trioennio</strong></span> <span class='ocrx_word' id='word_1_155' title='bbox 3582 1273 3834 1330; x_wconf 76' lang='lat' dir='ltr'><strong>sedefendeu</strong></span> 
     </span>
    </p>
   </div>
   <div class='ocr_carea' id='block_1_28' title="bbox 2376 1361 3836 1433">
    <p class='ocr_par' dir='ltr' id='par_1_28' title="bbox 2376 1361 3836 1433">
     <span class='ocr_line' id='line_1_28' title="bbox 2376 1361 3836 1433; baseline 0.002 -18"><span class='ocrx_word' id='word_1_156' title='bbox 2376 1361 2672 1425; x_wconf 86' lang='lat' dir='ltr'><strong>voluerint;</strong></span> <span class='ocrx_word' id='word_1_157' title='bbox 2706 1372 2760 1418; x_wconf 89' lang='lat' dir='ltr'><strong>et</strong></span> <span class='ocrx_word' id='word_1_158' title='bbox 2785 1363 2888 1417; x_wconf 90' lang='lat' dir='ltr'><strong>hoc</strong></span> <span class='ocrx_word' id='word_1_159' title='bbox 2908 1363 3204 1432; x_wconf 64' lang='lat' dir='ltr'><strong>praedictus</strong></span> <span class='ocrx_word' id='word_1_160' title='bbox 3229 1363 3521 1417; x_wconf 84' lang='lat' dir='ltr'><strong>advocatus</strong></span> <span class='ocrx_word' id='word_1_161' title='bbox 3541 1379 3599 1416; x_wconf 80' lang='lat' dir='ltr'><strong>ex</strong></span> <span class='ocrx_word' id='word_1_162' title='bbox 3622 1365 3836 1433; x_wconf 72' lang='lat' dir='ltr'><strong>propinqui</strong></span> 
     </span>
    </p>
   </div>
   <div class='ocr_carea' id='block_1_29' title="bbox 2376 1449 3837 1513">
    <p class='ocr_par' dir='ltr' id='par_1_29' title="bbox 2376 1449 3837 1513">
     <span class='ocr_line' id='line_1_29' title="bbox 2376 1449 3837 1513; baseline 0.003 -11"><span class='ocrx_word' id='word_1_163' title='bbox 2376 1463 2562 1504; x_wconf 90' lang='lat' dir='ltr'><strong>eorum</strong></span> <span class='ocrx_word' id='word_1_164' title='bbox 2599 1450 3057 1513; x_wconf 79' lang='lat' dir='ltr'><strong>circumcinxerit,</strong></span> <span class='ocrx_word' id='word_1_165' title='bbox 3089 1457 3186 1503; x_wconf 88' lang='lat' dir='ltr'><strong>aut</strong></span> <span class='ocrx_word' id='word_1_166' title='bbox 3217 1449 3525 1504; x_wconf 87' lang='lat' dir='ltr'><strong>testimonia</strong></span> <span class='ocrx_word' id='word_1_167' title='bbox 3554 1450 3710 1504; x_wconf 82' lang='lat' dir='ltr'><strong>idonea</strong></span> <span class='ocrx_word' id='word_1_168' title='bbox 3739 1452 3837 1506; x_wconf 74' lang='lat' dir='ltr'><strong>dede-</strong></span> 
     </span>
    </p>
   </div>
   <div class='ocr_carea' id='block_1_30' title="bbox 2377 1539 3836 1618">
    <p class='ocr_par' dir='ltr' id='par_1_30' title="bbox 2377 1539 3836 1618">
     <span class='ocr_line' id='line_1_30' title="bbox 2377 1539 3836 1618; baseline 0.002 -26"><span class='ocrx_word' id='word_1_169' title='bbox 2377 1539 2478 1603; x_wconf 89' lang='lat' dir='ltr'><strong>rit;</strong></span> <span class='ocrx_word' id='word_1_170' title='bbox 2507 1539 2596 1594; x_wconf 88' lang='lat' dir='ltr'><strong>ﬁat</strong></span> <span class='ocrx_word' id='word_1_171' title='bbox 2627 1541 2691 1595; x_wconf 90' lang='lat' dir='ltr'><strong>de</strong></span> <span class='ocrx_word' id='word_1_172' title='bbox 2717 1541 2796 1595; x_wconf 89' lang='lat' dir='ltr'><strong>eis</strong></span> <span class='ocrx_word' id='word_1_173' title='bbox 2821 1541 3116 1595; x_wconf 88' lang='lat' dir='ltr'><strong>secundum</strong></span> <span class='ocrx_word' id='word_1_174' title='bbox 3140 1540 3408 1618; x_wconf 70' lang='lat' dir='ltr'><strong>Romana:</strong></span> <span class='ocrx_word' id='word_1_175' title='bbox 3444 1541 3836 1612; x_wconf 75' lang='lat' dir='ltr'><strong>legissanctionem,</strong></span> 
     </span>
    </p>
   </div>
   <div class='ocr_carea' id='block_1_31' title="bbox 2376 1630 3836 1702">
    <p class='ocr_par' dir='ltr' id='par_1_31' title="bbox 2376 1630 3836 1702">
     <span class='ocr_line' id='line_1_31' title="bbox 2376 1630 3836 1702; baseline 0.004 -20"><span class='ocrx_word' id='word_1_176' title='bbox 2376 1638 2440 1684; x_wconf 85' lang='lat' dir='ltr'><strong>ut</strong></span> <span class='ocrx_word' id='word_1_177' title='bbox 2464 1630 2782 1686; x_wconf 82' lang='lat' dir='ltr'><strong>tricennium</strong></span> <span class='ocrx_word' id='word_1_178' title='bbox 2817 1648 2880 1687; x_wconf 91' lang='lat' dir='ltr'><strong>ea</strong></span> <span class='ocrx_word' id='word_1_179' title='bbox 2910 1633 3202 1690; x_wconf 76' lang='lat' dir='ltr'><strong>excludere</strong></span> <span class='ocrx_word' id='word_1_180' title='bbox 3248 1649 3357 1688; x_wconf 90' lang='lat' dir='ltr'><strong>non</strong></span> <span class='ocrx_word' id='word_1_181' title='bbox 3387 1634 3567 1702; x_wconf 85' lang='lat' dir='ltr'><strong>possit.</strong></span> <span class='ocrx_word' id='word_1_182' title='bbox 3611 1633 3664 1687; x_wconf 82' lang='lat' dir='ltr'><strong>Et</strong></span> <span class='ocrx_word' id='word_1_183' title='bbox 3687 1633 3836 1688; x_wconf 79' lang='lat' dir='ltr'><strong>liccata&#39;</strong></span> 
     </span>
    </p>
   </div>
   <div class='ocr_carea' id='block_1_32' title="bbox 698 1722 3836 1804">
    <p class='ocr_par' dir='ltr' id='par_1_32' title="bbox 698 1722 3836 1804">
     <span class='ocr_line' id='line_1_32' title="bbox 698 1722 3836 1804; baseline 0.005 -27"><span class='ocrx_word' id='word_1_184' title='bbox 698 1722 919 1787; x_wconf 84' lang='lat' dir='ltr'><strong>Christi,</strong></span> <span class='ocrx_word' id='word_1_185' title='bbox 962 1723 1264 1780; x_wconf 87' lang='lat' dir='ltr'><strong>Ludovicus</strong></span> <span class='ocrx_word' id='word_1_186' title='bbox 1322 1727 1502 1787; x_wconf 85' lang='lat' dir='ltr'><strong>divina</strong></span> <span class='ocrx_word' id='word_1_187' title='bbox 1548 1728 1936 1804; x_wconf 86' lang='lat' dir='ltr'><strong>repropitiante</strong></span> <span class='ocrx_word' id='word_1_188' title='bbox 1987 1723 2349 1786; x_wconf 83' lang='lat' dir='ltr'><strong>clementiaB</strong></span> <span class='ocrx_word' id='word_1_189' title='bbox 2377 1734 2502 1776; x_wconf 66' lang='grc' dir='ltr'>θυαε</span> <span class='ocrx_word' id='word_1_190' title='bbox 2547 1736 2635 1776; x_wconf 71' lang='lat' dir='ltr'><strong>res</strong></span> <span class='ocrx_word' id='word_1_191' title='bbox 2669 1723 2921 1793; x_wconf 68' lang='grc' dir='ltr'><strong>ωορτίιιε</strong></span> <span class='ocrx_word' id='word_1_192' title='bbox 2968 1725 3175 1794; x_wconf 78' lang='lat' dir='ltr'><strong>absque</strong></span> <span class='ocrx_word' id='word_1_193' title='bbox 3204 1723 3836 1792; x_wconf 58' lang='grc' dir='ltr'><strong>ευὶιιειὶδειίηιεψειίδῡοικ</strong></span> 
     </span>
    </p>
   </div>
   <div class='ocr_carea' id='block_1_33' title="bbox 699 1811 1312 1884">
    <p class='ocr_par' dir='ltr' id='par_1_33' title="bbox 699 1811 1312 1884">
     <span class='ocr_line' id='line_1_33' title="bbox 699 1811 1312 1884; baseline 0.003 -16"><span class='ocrx_word' id='word_1_194' title='bbox 699 1811 996 1882; x_wconf 82' lang='lat' dir='ltr'><strong>imperator</strong></span> <span class='ocrx_word' id='word_1_195' title='bbox 1020 1813 1312 1884; x_wconf 82' lang='lat' dir='ltr'><strong>Augustus.</strong></span> 
     </span>
    </p>
   </div>
   <div class='ocr_carea' id='block_1_34' title="bbox 776 1901 2275 1976">
    <p class='ocr_par' dir='ltr' id='par_1_34' title="bbox 776 1901 2275 1976">
     <span class='ocr_line' id='line_1_34' title="bbox 776 1901 2275 1976; baseline 0.005 -20"><span class='ocrx_word' id='word_1_196' title='bbox 776 1901 831 1956; x_wconf 88' lang='lat' dir='ltr'><strong>Si</strong></span> <span class='ocrx_word' id='word_1_197' title='bbox 857 1903 1207 1971; x_wconf 86' lang='lat' dir='ltr'><strong>petitionibus</strong></span> <span class='ocrx_word' id='word_1_198' title='bbox 1235 1919 1515 1960; x_wconf 86' lang='lat' dir='ltr'><strong>servorum</strong></span> <span class='ocrx_word' id='word_1_199' title='bbox 1544 1905 1636 1960; x_wconf 89' lang='lat' dir='ltr'><strong>Dei</strong></span> <span class='ocrx_word' id='word_1_200' title='bbox 1655 1905 1820 1976; x_wconf 89' lang='lat' dir='ltr'><strong>justis</strong></span> <span class='ocrx_word' id='word_1_201' title='bbox 1847 1915 1902 1962; x_wconf 89' lang='lat' dir='ltr'><strong>et</strong></span> <span class='ocrx_word' id='word_1_202' title='bbox 1937 1908 2275 1964; x_wconf 87' lang='lat' dir='ltr'><strong>rationabili—</strong></span> 
     </span>
    </p>
   </div>
   <div class='ocr_carea' id='block_1_35' title="bbox 700 1993 2272 2070">
    <p class='ocr_par' dir='ltr' id='par_1_35' title="bbox 700 1993 2272 2070">
     <span class='ocr_line' id='line_1_35' title="bbox 700 1993 2272 2070; baseline 0.005 -22"><span class='ocrx_word' id='word_1_203' title='bbox 700 1993 803 2048; x_wconf 90' lang='lat' dir='ltr'><strong>bus</strong></span> <span class='ocrx_word' id='word_1_204' title='bbox 841 1993 1006 2049; x_wconf 89' lang='lat' dir='ltr'><strong>divini</strong></span> <span class='ocrx_word' id='word_1_205' title='bbox 1041 1997 1216 2052; x_wconf 89' lang='lat' dir='ltr'><strong>cultus</strong></span> <span class='ocrx_word' id='word_1_206' title='bbox 1258 2013 1442 2053; x_wconf 81' lang='lat' dir='ltr'><strong>amore</strong></span> <span class='ocrx_word' id='word_1_207' title='bbox 1470 1997 1735 2064; x_wconf 85' lang='lat' dir='ltr'><strong>favemus,</strong></span> <span class='ocrx_word' id='word_1_208' title='bbox 1781 2000 1835 2054; x_wconf 87' lang='lat' dir='ltr'><strong>id</strong></span> <span class='ocrx_word' id='word_1_209' title='bbox 1888 2001 2044 2056; x_wconf 91' lang='lat' dir='ltr'><strong>nobis</strong></span> <span class='ocrx_word' id='word_1_210' title='bbox 2081 2002 2272 2070; x_wconf 89' lang='lat' dir='ltr'><strong>procul</strong></span> 
     </span>
    </p>
   </div>
   <div class='ocr_carea' id='block_1_36' title="bbox 699 2084 2278 2162">
    <p class='ocr_par' dir='ltr' id='par_1_36' title="bbox 699 2084 2278 2162">
     <span class='ocr_line' id='line_1_36' title="bbox 699 2084 2278 2162; baseline 0.005 -24"><span class='ocrx_word' id='word_1_211' title='bbox 699 2084 868 2140; x_wconf 89' lang='lat' dir='ltr'><strong>dubio</strong></span> <span class='ocrx_word' id='word_1_212' title='bbox 903 2087 970 2140; x_wconf 90' lang='lat' dir='ltr'><strong>ad</strong></span> <span class='ocrx_word' id='word_1_213' title='bbox 998 2096 1254 2142; x_wconf 73' lang='lat' dir='ltr'><strong>aeternam</strong></span> <span class='ocrx_word' id='word_1_214' title='bbox 1280 2089 1666 2145; x_wconf 88' lang='lat' dir='ltr'><strong>beatitudinem</strong></span> <span class='ocrx_word' id='word_1_215' title='bbox 1711 2092 2125 2160; x_wconf 88' lang='lat' dir='ltr'><strong>promerendam</strong></span> <span class='ocrx_word' id='word_1_216' title='bbox 2153 2107 2278 2162; x_wconf 79' lang='lat' dir='ltr'><strong>pro-</strong></span> 
     </span>
    </p>
   </div>
   <div class='ocr_carea' id='block_1_37' title="bbox 702 2173 2278 2237">
    <p class='ocr_par' dir='ltr' id='par_1_37' title="bbox 702 2173 2278 2237">
     <span class='ocr_line' id='line_1_37' title="bbox 702 2173 2278 2237; baseline 0.005 -9"><span class='ocrx_word' id='word_1_217' title='bbox 702 2173 942 2229; x_wconf 85' lang='lat' dir='ltr'><strong>futurum</strong></span> <span class='ocrx_word' id='word_1_218' title='bbox 967 2178 1259 2233; x_wconf 89' lang='lat' dir='ltr'><strong>credimus.</strong></span> <span class='ocrx_word' id='word_1_219' title='bbox 1289 2179 1496 2237; x_wconf 85' lang='lat' dir='ltr'><strong>Idcirco</strong></span> <span class='ocrx_word' id='word_1_220' title='bbox 1518 2187 1704 2234; x_wconf 91' lang='lat' dir='ltr'><strong>notum</strong></span> <span class='ocrx_word' id='word_1_221' title='bbox 1729 2195 1847 2235; x_wconf 89' lang='lat' dir='ltr'><strong>esse</strong></span> <span class='ocrx_word' id='word_1_222' title='bbox 1875 2181 2120 2236; x_wconf 89' lang='lat' dir='ltr'><strong>volumus</strong></span> <span class='ocrx_word' id='word_1_223' title='bbox 2147 2197 2278 2236; x_wconf 91' lang='lat' dir='ltr'><strong>cun-</strong></span> 
     </span>
    </p>
   </div>
   <div class='ocr_carea' id='block_1_38' title="bbox 701 2265 2274 2348">
    <p class='ocr_par' dir='ltr' id='par_1_38' title="bbox 701 2265 2274 2348">
     <span class='ocr_line' id='line_1_38' title="bbox 701 2265 2274 2348; baseline 0.006 -30"><span class='ocrx_word' id='word_1_224' title='bbox 701 2265 803 2319; x_wconf 90' lang='lat' dir='ltr'><strong>ctis</strong></span> <span class='ocrx_word' id='word_1_225' title='bbox 837 2265 1080 2322; x_wconf 90' lang='lat' dir='ltr'><strong>ﬁdelibus</strong></span> <span class='ocrx_word' id='word_1_226' title='bbox 1110 2279 1306 2324; x_wconf 63' lang='lat' dir='ltr'><strong>sancta:</strong></span> <span class='ocrx_word' id='word_1_227' title='bbox 1354 2269 1610 2330; x_wconf 81' lang='lat' dir='ltr'><strong>Ecclesiae</strong></span> <span class='ocrx_word' id='word_1_228' title='bbox 1660 2271 1754 2326; x_wconf 91' lang='lat' dir='ltr'><strong>Dei</strong></span> <span class='ocrx_word' id='word_1_229' title='bbox 1789 2280 1844 2326; x_wconf 92' lang='lat' dir='ltr'><strong>et</strong></span> <span class='ocrx_word' id='word_1_230' title='bbox 1870 2273 2086 2348; x_wconf 77' lang='lat' dir='ltr'><strong>nostris,</strong></span> <span class='ocrx_word' id='word_1_231' title='bbox 2134 2289 2274 2344; x_wconf 67' lang='lat' dir='ltr'><strong>prie-</strong></span> 
     </span>
    </p>
   </div>
   <div class='ocr_carea' id='block_1_39' title="bbox 701 2355 2276 2430">
    <p class='ocr_par' dir='ltr' id='par_1_39' title="bbox 701 2355 2276 2430">
     <span class='ocr_line' id='line_1_39' title="bbox 701 2355 2276 2430; baseline 0.008 -22"><span class='ocrx_word' id='word_1_232' title='bbox 701 2355 945 2411; x_wconf 89' lang='lat' dir='ltr'><strong>scntibus</strong></span> <span class='ocrx_word' id='word_1_233' title='bbox 984 2357 1191 2413; x_wconf 83' lang='lat' dir='ltr'><strong>scilicet</strong></span> <span class='ocrx_word' id='word_1_234' title='bbox 1213 2367 1266 2415; x_wconf 88' lang='lat' dir='ltr'><strong>et</strong></span> <span class='ocrx_word' id='word_1_235' title='bbox 1295 2358 1508 2424; x_wconf 83' lang='lat' dir='ltr'><strong>futuris,</strong></span> <span class='ocrx_word' id='word_1_236' title='bbox 1535 2363 1676 2430; x_wconf 92' lang='lat' dir='ltr'><strong>quod</strong></span> <span class='ocrx_word' id='word_1_237' title='bbox 1701 2363 2060 2419; x_wconf 88' lang='lat' dir='ltr'><strong>Ermenaldus</strong></span> <span class='ocrx_word' id='word_1_238' title='bbox 2108 2366 2276 2421; x_wconf 87' lang='lat' dir='ltr'><strong>abbas</strong></span> 
     </span>
    </p>
   </div>
   <div class='ocr_carea' id='block_1_40' title="bbox 701 2448 2276 2520">
    <p class='ocr_par' dir='ltr' id='par_1_40' title="bbox 701 2448 2276 2520">
     <span class='ocr_line' id='line_1_40' title="bbox 701 2448 2276 2520; baseline 0.008 -23"><span class='ocrx_word' id='word_1_239' title='bbox 701 2448 1013 2501; x_wconf 90' lang='lat' dir='ltr'><strong>monasterii</strong></span> <span class='ocrx_word' id='word_1_240' title='bbox 1042 2450 1234 2514; x_wconf 86' lang='lat' dir='ltr'><strong>nostri,</strong></span> <span class='ocrx_word' id='word_1_241' title='bbox 1265 2451 1407 2520; x_wconf 90' lang='lat' dir='ltr'><strong>quod</strong></span> <span class='ocrx_word' id='word_1_242' title='bbox 1435 2451 1634 2506; x_wconf 89' lang='lat' dir='ltr'><strong>dicitur</strong></span> <span class='ocrx_word' id='word_1_243' title='bbox 1673 2453 1904 2518; x_wconf 80' lang='lat' dir='ltr'><strong>Aniana,</strong></span> <span class='ocrx_word' id='word_1_244' title='bbox 1932 2455 1999 2509; x_wconf 88' lang='lat' dir='ltr'><strong>ad</strong></span> <span class='ocrx_word' id='word_1_245' title='bbox 2032 2463 2276 2510; x_wconf 87' lang='lat' dir='ltr'><strong>nostram</strong></span> 
     </span>
    </p>
   </div>
   <div class='ocr_carea' id='block_1_41' title="bbox 701 2539 2278 2615">
    <p class='ocr_par' dir='ltr' id='par_1_41' title="bbox 701 2539 2278 2615">
     <span class='ocr_line' id='line_1_41' title="bbox 701 2539 2278 2615; baseline 0.007 -25"><span class='ocrx_word' id='word_1_246' title='bbox 701 2539 964 2594; x_wconf 78' lang='lat' dir='ltr'><strong>accedens</strong></span> <span class='ocrx_word' id='word_1_247' title='bbox 994 2543 1478 2606; x_wconf 85' lang='lat' dir='ltr'><strong>mansuetudinem,</strong></span> <span class='ocrx_word' id='word_1_248' title='bbox 1508 2544 1743 2598; x_wconf 90' lang='lat' dir='ltr'><strong>ostendit</strong></span> <span class='ocrx_word' id='word_1_249' title='bbox 1762 2554 1961 2602; x_wconf 61' lang='lat' dir='ltr'><strong>nostra:</strong></span> <span class='ocrx_word' id='word_1_250' title='bbox 1982 2545 2278 2615; x_wconf 87' lang='lat' dir='ltr'><strong>majestatis</strong></span> 
     </span>
    </p>
   </div>
   <div class='ocr_carea' id='block_1_42' title="bbox 701 2629 2278 2705">
    <p class='ocr_par' dir='ltr' id='par_1_42' title="bbox 701 2629 2278 2705">
     <span class='ocr_line' id='line_1_42' title="bbox 701 2629 2278 2705; baseline 0.006 -24"><span class='ocrx_word' id='word_1_251' title='bbox 701 2629 981 2685; x_wconf 84' lang='lat' dir='ltr'><strong>obtutibus</strong></span> <span class='ocrx_word' id='word_1_252' title='bbox 1026 2634 1314 2701; x_wconf 83' lang='lat' dir='ltr'><strong>quamdam</strong></span> <span class='ocrx_word' id='word_1_253' title='bbox 1367 2635 1777 2704; x_wconf 68' lang='lat' dir='ltr'><strong>praeceptionem</strong></span> <span class='ocrx_word' id='word_1_254' title='bbox 1807 2651 1968 2705; x_wconf 89' lang='lat' dir='ltr'><strong>quam</strong></span> <span class='ocrx_word' id='word_1_255' title='bbox 2002 2652 2101 2691; x_wconf 90' lang='lat' dir='ltr'><strong>nos</strong></span> <span class='ocrx_word' id='word_1_256' title='bbox 2147 2637 2278 2691; x_wconf 73' lang='lat' dir='ltr'><strong>olim</strong></span> 
     </span>
    </p>
   </div>
   <div class='ocr_carea' id='block_1_43' title="bbox 703 2720 2275 2794">
    <p class='ocr_par' dir='ltr' id='par_1_43' title="bbox 703 2720 2275 2794">
     <span class='ocr_line' id='line_1_43' title="bbox 703 2720 2275 2794; baseline 0.004 -20"><span class='ocrx_word' id='word_1_257' title='bbox 703 2720 772 2775; x_wconf 91' lang='lat' dir='ltr'><strong>ad</strong></span> <span class='ocrx_word' id='word_1_258' title='bbox 802 2721 1114 2789; x_wconf 84' lang='lat' dir='ltr'><strong>petitionem</strong></span> <span class='ocrx_word' id='word_1_259' title='bbox 1140 2723 1552 2792; x_wconf 62' lang='lat' dir='ltr'><strong>praedecessoris</strong></span> <span class='ocrx_word' id='word_1_260' title='bbox 1586 2725 1668 2778; x_wconf 91' lang='lat' dir='ltr'><strong>sui</strong></span> <span class='ocrx_word' id='word_1_261' title='bbox 1716 2725 1988 2781; x_wconf 87' lang='lat' dir='ltr'><strong>Benedicti</strong></span> <span class='ocrx_word' id='word_1_262' title='bbox 2026 2724 2234 2781; x_wconf 88' lang='lat' dir='ltr'><strong>abbatis</strong></span> <span class='ocrx_word' id='word_1_263' title='bbox 2260 2768 2275 2794; x_wconf 94' lang='lat'><strong>,</strong></span> 
     </span>
    </p>
   </div>
   <div class='ocr_carea' id='block_1_44' title="bbox 701 2812 2277 2885">
    <p class='ocr_par' dir='ltr' id='par_1_44' title="bbox 701 2812 2277 2885">
     <span class='ocr_line' id='line_1_44' title="bbox 701 2812 2277 2885; baseline 0.005 -20"><span class='ocrx_word' id='word_1_264' title='bbox 701 2812 772 2866; x_wconf 90' lang='lat' dir='ltr'><strong>ob</strong></span> <span class='ocrx_word' id='word_1_265' title='bbox 794 2826 1032 2868; x_wconf 90' lang='lat' dir='ltr'><strong>amorem</strong></span> <span class='ocrx_word' id='word_1_266' title='bbox 1053 2813 1147 2868; x_wconf 91' lang='lat' dir='ltr'><strong>Dei</strong></span> <span class='ocrx_word' id='word_1_267' title='bbox 1169 2823 1224 2869; x_wconf 88' lang='lat' dir='ltr'><strong>et</strong></span> <span class='ocrx_word' id='word_1_268' title='bbox 1245 2817 1556 2872; x_wconf 87' lang='lat' dir='ltr'><strong>monasterii</strong></span> <span class='ocrx_word' id='word_1_269' title='bbox 1582 2816 1886 2882; x_wconf 87' lang='lat' dir='ltr'><strong>utilitatem,</strong></span> <span class='ocrx_word' id='word_1_270' title='bbox 1903 2817 2020 2873; x_wconf 90' lang='lat' dir='ltr'><strong>ﬁeri</strong></span> <span class='ocrx_word' id='word_1_271' title='bbox 2034 2815 2277 2885; x_wconf 85' lang='lat' dir='ltr'><strong>jussera—</strong></span> 
     </span>
    </p>
   </div>
   <div class='ocr_carea' id='block_1_45' title="bbox 698 2905 2276 2970">
    <p class='ocr_par' dir='ltr' id='par_1_45' title="bbox 698 2905 2276 2970">
     <span class='ocr_line' id='line_1_45' title="bbox 698 2905 2276 2970; baseline 0.006 -12"><span class='ocrx_word' id='word_1_272' title='bbox 698 2918 850 2970; x_wconf 88' lang='lat' dir='ltr'><strong>mus;</strong></span> <span class='ocrx_word' id='word_1_273' title='bbox 881 2905 944 2960; x_wconf 89' lang='lat' dir='ltr'><strong>de</strong></span> <span class='ocrx_word' id='word_1_274' title='bbox 959 2907 1309 2962; x_wconf 85' lang='lat' dir='ltr'><strong>advocatione</strong></span> <span class='ocrx_word' id='word_1_275' title='bbox 1335 2907 1697 2964; x_wconf 83' lang='lat' dir='ltr'><strong>videlicet.....</strong></span> <span class='ocrx_word' id='word_1_276' title='bbox 1723 2909 1788 2964; x_wconf 91' lang='lat' dir='ltr'><strong>ad</strong></span> <span class='ocrx_word' id='word_1_277' title='bbox 1819 2911 1922 2965; x_wconf 92' lang='lat' dir='ltr'><strong>hoc</strong></span> <span class='ocrx_word' id='word_1_278' title='bbox 1954 2911 2007 2964; x_wconf 91' lang='lat' dir='ltr'><strong>in</strong></span> <span class='ocrx_word' id='word_1_279' title='bbox 2034 2919 2276 2967; x_wconf 88' lang='lat' dir='ltr'><strong>nostram</strong></span> 
     </span>
    </p>
   </div>
   <div class='ocr_carea' id='block_1_46' title="bbox 699 2990 2280 3069">
    <p class='ocr_par' dir='ltr' id='par_1_46' title="bbox 699 2990 2280 3069">
     <span class='ocr_line' id='line_1_46' title="bbox 699 2990 2280 3069; baseline 0.006 -24"><span class='ocrx_word' id='word_1_280' title='bbox 699 3006 1130 3062; x_wconf 83' lang='lat' dir='ltr'><strong>praeceperamus</strong></span> <span class='ocrx_word' id='word_1_281' title='bbox 1165 2997 1707 3062; x_wconf 87' lang='lat' dir='ltr'><strong>commendationem,</strong></span> <span class='ocrx_word' id='word_1_282' title='bbox 1745 3005 1801 3051; x_wconf 92' lang='lat' dir='ltr'><strong>ut</strong></span> <span class='ocrx_word' id='word_1_283' title='bbox 1832 2990 2054 3054; x_wconf 85' lang='lat' dir='ltr'><strong>liberius</strong></span> <span class='ocrx_word' id='word_1_284' title='bbox 2088 3001 2280 3069; x_wconf 74' lang='lat' dir='ltr'><strong>praedi-</strong></span> 
     </span>
    </p>
   </div>
   <div class='ocr_carea' id='block_1_47' title="bbox 2375 1809 3835 1885">
    <p class='ocr_par' dir='ltr' id='par_1_47' title="bbox 2375 1809 3835 1885">
     <span class='ocr_line' id='line_1_47' title="bbox 2375 1809 3835 1885; baseline 0.014 -23"><span class='ocrx_word' id='word_1_285' title='bbox 2375 1809 2574 1878; x_wconf 84' lang='lat' dir='ltr'><strong>injusta</strong></span> <span class='ocrx_word' id='word_1_286' title='bbox 2616 1821 2709 1866; x_wconf 90' lang='lat' dir='ltr'><strong>aut</strong></span> <span class='ocrx_word' id='word_1_287' title='bbox 2737 1813 3109 1882; x_wconf 69' lang='lat' dir='ltr'><strong>inquietudine</strong></span> <span class='ocrx_word' id='word_1_288' title='bbox 3157 1816 3350 1885; x_wconf 84' lang='lat' dir='ltr'><strong>quiete</strong></span> <span class='ocrx_word' id='word_1_289' title='bbox 3371 1814 3651 1885; x_wconf 77' lang='lat' dir='ltr'><strong>possidere;</strong></span> <span class='ocrx_word' id='word_1_290' title='bbox 3690 1821 3729 1867; x_wconf 71' lang='lat' dir='ltr'><strong>et</strong></span> <span class='ocrx_word' id='word_1_291' title='bbox 3762 1814 3835 1881; x_wconf 66' lang='lat' dir='ltr'><strong>quia</strong></span> 
     </span>
    </p>
   </div>
   <div class='ocr_carea' id='block_1_48' title="bbox 2375 1906 3835 1978">
    <p class='ocr_par' dir='ltr' id='par_1_48' title="bbox 2375 1906 3835 1978">
     <span class='ocr_line' id='line_1_48' title="bbox 2375 1906 3835 1978; baseline 0.002 -23"><span class='ocrx_word' id='word_1_292' title='bbox 2375 1913 2674 1958; x_wconf 87' lang='lat' dir='ltr'><strong>memorata</strong></span> <span class='ocrx_word' id='word_1_293' title='bbox 2717 1906 2783 1960; x_wconf 88' lang='lat' dir='ltr'><strong>ad</strong></span> <span class='ocrx_word' id='word_1_294' title='bbox 2825 1907 3195 1977; x_wconf 81' lang='lat' dir='ltr'><strong>peragendum</strong></span> <span class='ocrx_word' id='word_1_295' title='bbox 3217 1908 3271 1962; x_wconf 90' lang='lat' dir='ltr'><strong>ei</strong></span> <span class='ocrx_word' id='word_1_296' title='bbox 3305 1907 3630 1978; x_wconf 79' lang='lat' dir='ltr'><strong>injunximus,</strong></span> <span class='ocrx_word' id='word_1_297' title='bbox 3668 1907 3720 1959; x_wconf 87' lang='lat' dir='ltr'><strong>ab</strong></span> <span class='ocrx_word' id='word_1_298' title='bbox 3747 1908 3835 1959; x_wconf 75' lang='lat' dir='ltr'><strong>omni</strong></span> 
     </span>
    </p>
   </div>
   <div class='ocr_carea' id='block_1_49' title="bbox 2375 1993 3834 2068">
    <p class='ocr_par' dir='ltr' id='par_1_49' title="bbox 2375 1993 3834 2068">
     <span class='ocr_line' id='line_1_49' title="bbox 2375 1993 3834 2068; baseline 0.001 -21"><span class='ocrx_word' id='word_1_299' title='bbox 2375 1993 2531 2048; x_wconf 88' lang='lat' dir='ltr'><strong>hoste</strong></span> <span class='ocrx_word' id='word_1_300' title='bbox 2552 1995 2632 2048; x_wconf 89' lang='lat' dir='ltr'><strong>vel</strong></span> <span class='ocrx_word' id='word_1_301' title='bbox 2656 2004 2846 2063; x_wconf 84' lang='lat' dir='ltr'><strong>wasta,</strong></span> <span class='ocrx_word' id='word_1_302' title='bbox 2870 1999 2982 2053; x_wconf 84' lang='lat' dir='ltr'><strong>sive</strong></span> <span class='ocrx_word' id='word_1_303' title='bbox 3006 2000 3076 2053; x_wconf 91' lang='lat' dir='ltr'><strong>ab</strong></span> <span class='ocrx_word' id='word_1_304' title='bbox 3099 1999 3252 2054; x_wconf 88' lang='lat' dir='ltr'><strong>omni</strong></span> <span class='ocrx_word' id='word_1_305' title='bbox 3279 1999 3491 2068; x_wconf 83' lang='lat' dir='ltr'><strong>publico</strong></span> <span class='ocrx_word' id='word_1_306' title='bbox 3509 1997 3694 2052; x_wconf 81' lang='lat' dir='ltr'><strong>servitio</strong></span> <span class='ocrx_word' id='word_1_307' title='bbox 3717 1997 3834 2050; x_wconf 79' lang='lat' dir='ltr'><strong>immn-</strong></span> 
     </span>
    </p>
   </div>
   <div class='ocr_carea' id='block_1_50' title="bbox 2376 2086 3833 2159">
    <p class='ocr_par' dir='ltr' id='par_1_50' title="bbox 2376 2086 3833 2159">
     <span class='ocr_line' id='line_1_50' title="bbox 2376 2086 3833 2159; baseline -0.001 -16"><span class='ocrx_word' id='word_1_308' title='bbox 2376 2100 2499 2143; x_wconf 87' lang='lat' dir='ltr'><strong>nem</strong></span> <span class='ocrx_word' id='word_1_309' title='bbox 2531 2086 2766 2142; x_wconf 81' lang='lat' dir='ltr'><strong>existere</strong></span> <span class='ocrx_word' id='word_1_310' title='bbox 2808 2107 2820 2142; x_wconf 89' lang='lat'>:</span> <span class='ocrx_word' id='word_1_311' title='bbox 2852 2090 3108 2159; x_wconf 89' lang='lat' dir='ltr'><strong>quatinus</strong></span> <span class='ocrx_word' id='word_1_312' title='bbox 3129 2092 3536 2146; x_wconf 77' lang='lat' dir='ltr'><strong>advocationem</strong></span> <span class='ocrx_word' id='word_1_313' title='bbox 3575 2106 3600 2144; x_wconf 85' lang='lat' dir='ltr'><strong>a</strong></span> <span class='ocrx_word' id='word_1_314' title='bbox 3637 2090 3833 2143; x_wconf 78' lang='lat' dir='ltr'><strong>nobist</strong></span> 
     </span>
    </p>
   </div>
   <div class='ocr_carea' id='block_1_51' title="bbox 2376 2174 3836 2250">
    <p class='ocr_par' dir='ltr' id='par_1_51' title="bbox 2376 2174 3836 2250">
     <span class='ocr_line' id='line_1_51' title="bbox 2376 2174 3836 2250; baseline 0.001 -22"><span class='ocrx_word' id='word_1_315' title='bbox 2376 2174 2676 2244; x_wconf 90' lang='lat' dir='ltr'><strong>injunctam</strong></span> <span class='ocrx_word' id='word_1_316' title='bbox 2708 2177 2933 2233; x_wconf 87' lang='lat' dir='ltr'><strong>liberius</strong></span> <span class='ocrx_word' id='word_1_317' title='bbox 2957 2189 3120 2250; x_wconf 88' lang='lat' dir='ltr'><strong>atque</strong></span> <span class='ocrx_word' id='word_1_318' title='bbox 3144 2181 3338 2239; x_wconf 84' lang='lat' dir='ltr'><strong>utilius</strong></span> <span class='ocrx_word' id='word_1_319' title='bbox 3365 2193 3605 2250; x_wconf 75' lang='lat' dir='ltr'><strong>peragere</strong></span> <span class='ocrx_word' id='word_1_320' title='bbox 3625 2178 3768 2232; x_wconf 79' lang='lat' dir='ltr'><strong>valeat.</strong></span> <span class='ocrx_word' id='word_1_321' title='bbox 3788 2177 3836 2230; x_wconf 84' lang='lat' dir='ltr'><strong>Li-</strong></span> 
     </span>
    </p>
   </div>
   <div class='ocr_carea' id='block_1_52' title="bbox 2377 2267 3832 2327">
    <p class='ocr_par' dir='ltr' id='par_1_52' title="bbox 2377 2267 3832 2327">
     <span class='ocr_line' id='line_1_52' title="bbox 2377 2267 3832 2327; baseline 0.002 -7"><span class='ocrx_word' id='word_1_322' title='bbox 2377 2267 2610 2321; x_wconf 88' lang='lat' dir='ltr'><strong>centiam</strong></span> <span class='ocrx_word' id='word_1_323' title='bbox 2633 2269 2796 2326; x_wconf 87' lang='lat' dir='ltr'><strong>etiam</strong></span> <span class='ocrx_word' id='word_1_324' title='bbox 2825 2269 3076 2325; x_wconf 85' lang='lat' dir='ltr'><strong>dedimus</strong></span> <span class='ocrx_word' id='word_1_325' title='bbox 3109 2271 3291 2327; x_wconf 86' lang='lat' dir='ltr'><strong>eidem</strong></span> <span class='ocrx_word' id='word_1_326' title='bbox 3321 2271 3496 2327; x_wconf 85' lang='lat' dir='ltr'><strong>abbati</strong></span> <span class='ocrx_word' id='word_1_327' title='bbox 3537 2271 3596 2325; x_wconf 88' lang='lat' dir='ltr'><strong>de</strong></span> <span class='ocrx_word' id='word_1_328' title='bbox 3630 2270 3832 2326; x_wconf 81' lang='lat' dir='ltr'><strong>minoribus</strong></span> 
     </span>
    </p>
   </div>
   <div class='ocr_carea' id='block_1_53' title="bbox 2375 2355 3831 2423">
    <p class='ocr_par' dir='ltr' id='par_1_53' title="bbox 2375 2355 3831 2423">
     <span class='ocr_line' id='line_1_53' title="bbox 2375 2355 3831 2423; baseline 0.001 -13"><span class='ocrx_word' id='word_1_329' title='bbox 2375 2363 2538 2423; x_wconf 88' lang='lat' dir='ltr'><strong>atque</strong></span> <span class='ocrx_word' id='word_1_330' title='bbox 2577 2355 2870 2412; x_wconf 87' lang='lat' dir='ltr'><strong>levioribus</strong></span> <span class='ocrx_word' id='word_1_331' title='bbox 2907 2360 3084 2414; x_wconf 90' lang='lat' dir='ltr'><strong>causis</strong></span> <span class='ocrx_word' id='word_1_332' title='bbox 3132 2361 3303 2415; x_wconf 88' lang='lat' dir='ltr'><strong>alium</strong></span> <span class='ocrx_word' id='word_1_333' title='bbox 3354 2362 3644 2416; x_wconf 86' lang='lat' dir='ltr'><strong>advocatum</strong></span> <span class='ocrx_word' id='word_1_334' title='bbox 3681 2359 3831 2422; x_wconf 80' lang='lat' dir='ltr'><strong>mittere,</strong></span> 
     </span>
    </p>
   </div>
   <div class='ocr_carea' id='block_1_54' title="bbox 2376 2443 3830 2520">
    <p class='ocr_par' dir='ltr' id='par_1_54' title="bbox 2376 2443 3830 2520">
     <span class='ocr_line' id='line_1_54' title="bbox 2376 2443 3830 2520; baseline 0.004 -24"><span class='ocrx_word' id='word_1_335' title='bbox 2376 2443 2469 2512; x_wconf 88' lang='lat' dir='ltr'><strong>qui</strong></span> <span class='ocrx_word' id='word_1_336' title='bbox 2516 2444 2727 2513; x_wconf 84' lang='lat' dir='ltr'><strong>praefati</strong></span> <span class='ocrx_word' id='word_1_337' title='bbox 2781 2450 3094 2503; x_wconf 83' lang='lat' dir='ltr'><strong>monasterii</strong></span> <span class='ocrx_word' id='word_1_338' title='bbox 3153 2465 3352 2506; x_wconf 81' lang='lat' dir='ltr'><strong>causas</strong></span> <span class='ocrx_word' id='word_1_339' title='bbox 3397 2460 3546 2520; x_wconf 90' lang='lat' dir='ltr'><strong>atque</strong></span> <span class='ocrx_word' id='word_1_340' title='bbox 3589 2449 3830 2504; x_wconf 69' lang='lat' dir='ltr'><strong>necessitates</strong></span> 
     </span>
    </p>
   </div>
   <div class='ocr_carea' id='block_1_55' title="bbox 2377 2534 3831 2610">
    <p class='ocr_par' dir='ltr' id='par_1_55' title="bbox 2377 2534 3831 2610">
     <span class='ocr_line' id='line_1_55' title="bbox 2377 2534 3831 2610; baseline 0.002 -23"><span class='ocrx_word' id='word_1_341' title='bbox 2377 2534 2584 2589; x_wconf 89' lang='lat' dir='ltr'><strong>utiliter</strong></span> <span class='ocrx_word' id='word_1_342' title='bbox 2619 2535 2958 2608; x_wconf 89' lang='lat' dir='ltr'><strong>ﬁdeliterque</strong></span> <span class='ocrx_word' id='word_1_343' title='bbox 2995 2540 3388 2596; x_wconf 90' lang='lat' dir='ltr'><strong>administrare</strong></span> <span class='ocrx_word' id='word_1_344' title='bbox 3434 2540 3605 2610; x_wconf 81' lang='lat' dir='ltr'><strong>possit.</strong></span> <span class='ocrx_word' id='word_1_345' title='bbox 3629 2540 3681 2597; x_wconf 77' lang='lat' dir='ltr'><strong>Et</strong></span> <span class='ocrx_word' id='word_1_346' title='bbox 3699 2547 3741 2591; x_wconf 88' lang='lat' dir='ltr'><strong>ut</strong></span> <span class='ocrx_word' id='word_1_347' title='bbox 3773 2539 3831 2591; x_wconf 73' lang='lat' dir='ltr'><strong>has</strong></span> 
     </span>
    </p>
   </div>
   <div class='ocr_carea' id='block_1_56' title="bbox 2377 2623 3829 2700">
    <p class='ocr_par' dir='ltr' id='par_1_56' title="bbox 2377 2623 3829 2700">
     <span class='ocr_line' id='line_1_56' title="bbox 2377 2623 3829 2700; baseline 0.001 -21"><span class='ocrx_word' id='word_1_348' title='bbox 2377 2623 2587 2683; x_wconf 90' lang='lat' dir='ltr'><strong>litteras</strong></span> <span class='ocrx_word' id='word_1_349' title='bbox 2610 2643 2731 2684; x_wconf 88' lang='lat' dir='ltr'><strong>esse</strong></span> <span class='ocrx_word' id='word_1_350' title='bbox 2756 2632 2938 2686; x_wconf 88' lang='lat' dir='ltr'><strong>verius</strong></span> <span class='ocrx_word' id='word_1_351' title='bbox 2961 2634 3222 2700; x_wconf 89' lang='lat' dir='ltr'><strong>credatis,</strong></span> <span class='ocrx_word' id='word_1_352' title='bbox 3253 2635 3323 2690; x_wconf 90' lang='lat' dir='ltr'><strong>de</strong></span> <span class='ocrx_word' id='word_1_353' title='bbox 3345 2634 3531 2689; x_wconf 88' lang='lat' dir='ltr'><strong>annulo</strong></span> <span class='ocrx_word' id='word_1_354' title='bbox 3550 2639 3698 2688; x_wconf 83' lang='lat' dir='ltr'><strong>nostro</strong></span> <span class='ocrx_word' id='word_1_355' title='bbox 3714 2631 3829 2685; x_wconf 77' lang='lat' dir='ltr'><strong>subter</strong></span> 
     </span>
    </p>
   </div>
   <div class='ocr_carea' id='block_1_57' title="bbox 2379 2716 3614 2793">
    <p class='ocr_par' dir='ltr' id='par_1_57' title="bbox 2379 2716 3614 2793">
     <span class='ocr_line' id='line_1_57' title="bbox 2379 2716 3614 2793; baseline 0.013 -22"><span class='ocrx_word' id='word_1_356' title='bbox 2379 2731 2474 2772; x_wconf 90' lang='lat' dir='ltr'><strong>eas</strong></span> <span class='ocrx_word' id='word_1_357' title='bbox 2496 2716 2759 2785; x_wconf 90' lang='lat' dir='ltr'><strong>jussimus</strong></span> <span class='ocrx_word' id='word_1_358' title='bbox 2787 2722 3046 2793; x_wconf 81' lang='lat' dir='ltr'><strong>sigillare.</strong></span> <span class='ocrx_word' id='word_1_359' title='bbox 3611 2718 3614 2721; x_wconf 50' lang='grc'><em>’</em></span> 
     </span>
    </p>
   </div>
   <div class='ocr_carea' id='block_1_58' title="bbox 2449 2806 3826 2883">
    <p class='ocr_par' dir='ltr' id='par_1_58' title="bbox 2449 2806 3826 2883">
     <span class='ocr_line' id='line_1_58' title="bbox 2449 2806 3826 2883; baseline 0.004 -23"><span class='ocrx_word' id='word_1_360' title='bbox 2449 2806 2846 2866; x_wconf 86' lang='lat' dir='ltr'><strong>Hirminmarus</strong></span> <span class='ocrx_word' id='word_1_361' title='bbox 2886 2813 3132 2869; x_wconf 87' lang='lat' dir='ltr'><strong>notarius</strong></span> <span class='ocrx_word' id='word_1_362' title='bbox 3177 2816 3252 2871; x_wconf 88' lang='lat' dir='ltr'><strong>ad</strong></span> <span class='ocrx_word' id='word_1_363' title='bbox 3294 2816 3465 2871; x_wconf 83' lang='lat' dir='ltr'><strong>vicem</strong></span> <span class='ocrx_word' id='word_1_364' title='bbox 3507 2813 3702 2883; x_wconf 76' lang='lat' dir='ltr'><strong>Hugonis</strong></span> <span class='ocrx_word' id='word_1_365' title='bbox 3735 2825 3826 2865; x_wconf 80' lang='lat' dir='ltr'><strong>reco-</strong></span> 
     </span>
    </p>
   </div>
   <div class='ocr_carea' id='block_1_59' title="bbox 2378 2899 2560 2970">
    <p class='ocr_par' dir='ltr' id='par_1_59' title="bbox 2378 2899 2560 2970">
     <span class='ocr_line' id='line_1_59' title="bbox 2378 2899 2560 2970; baseline 0 -18"><span class='ocrx_word' id='word_1_366' title='bbox 2378 2899 2560 2970; x_wconf 66' lang='lat' dir='ltr'><strong>gnovL</strong></span> 
     </span>
    </p>
   </div>
   <div class='ocr_carea' id='block_1_60' title="bbox 2449 2991 3822 3066">
    <p class='ocr_par' dir='ltr' id='par_1_60' title="bbox 2449 2991 3822 3066">
     <span class='ocr_line' id='line_1_60' title="bbox 2449 2991 3822 3066; baseline -0.003 -22"><span class='ocrx_word' id='word_1_367' title='bbox 2449 2991 2581 3045; x_wconf 86' lang='lat' dir='ltr'><strong>Data</strong></span> <span class='ocrx_word' id='word_1_368' title='bbox 2608 3008 2683 3046; x_wconf 89' lang='lat' dir='ltr'><strong>xu</strong></span> <span class='ocrx_word' id='word_1_369' title='bbox 2710 2992 2826 3048; x_wconf 86' lang='lat' dir='ltr'><strong>Kal.</strong></span> <span class='ocrx_word' id='word_1_370' title='bbox 2857 2995 3287 3066; x_wconf 80' lang='lat' dir='ltr'><strong>Augusti,anno,</strong></span> <span class='ocrx_word' id='word_1_371' title='bbox 3311 2997 3519 3054; x_wconf 81' lang='lat' dir='ltr'><strong>Christo</strong></span> <span class='ocrx_word' id='word_1_372' title='bbox 3543 2993 3735 3064; x_wconf 86' lang='lat' dir='ltr'><strong>propitio,</strong></span> <span class='ocrx_word' id='word_1_373' title='bbox 3756 3003 3822 3042; x_wconf 83' lang='lat' dir='ltr'><strong>un</strong></span> 
     </span>
    </p>
   </div>
   <div class='ocr_carea' id='block_1_61' title="bbox 702 3079 3822 3161">
    <p class='ocr_par' dir='ltr' id='par_1_61' title="bbox 702 3079 3822 3161">
     <span class='ocr_line' id='line_1_61' title="bbox 702 3079 3822 3161; baseline 0.001 -27"><span class='ocrx_word' id='word_1_374' title='bbox 702 3080 776 3134; x_wconf 90' lang='lat' dir='ltr'><strong>cti</strong></span> <span class='ocrx_word' id='word_1_375' title='bbox 807 3083 1122 3136; x_wconf 88' lang='lat' dir='ltr'><strong>monasterii</strong></span> <span class='ocrx_word' id='word_1_376' title='bbox 1173 3084 1432 3138; x_wconf 87' lang='lat' dir='ltr'><strong>utilitates</strong></span> <span class='ocrx_word' id='word_1_377' title='bbox 1481 3092 1535 3138; x_wconf 90' lang='lat' dir='ltr'><strong>et</strong></span> <span class='ocrx_word' id='word_1_378' title='bbox 1583 3085 1938 3141; x_wconf 82' lang='lat' dir='ltr'><strong>necessitates</strong></span> <span class='ocrx_word' id='word_1_379' title='bbox 1981 3102 2276 3155; x_wconf 88' lang='lat' dir='ltr'><strong>procurare</strong></span> <span class='ocrx_word' id='word_1_380' title='bbox 2303 3079 2347 3141; x_wconf 88' lang='lat' dir='ltr'><strong>C</strong></span> <span class='ocrx_word' id='word_1_381' title='bbox 2381 3083 2594 3153; x_wconf 88' lang='lat' dir='ltr'><strong>imperii</strong></span> <span class='ocrx_word' id='word_1_382' title='bbox 2621 3085 2802 3141; x_wconf 84' lang='lat' dir='ltr'><strong>domui</strong></span> <span class='ocrx_word' id='word_1_383' title='bbox 2838 3085 3095 3147; x_wconf 78' lang='lat' dir='ltr'><strong>Ludovici</strong></span> <span class='ocrx_word' id='word_1_384' title='bbox 3121 3091 3357 3161; x_wconf 83' lang='lat' dir='ltr'><strong>piissimi</strong></span> <span class='ocrx_word' id='word_1_385' title='bbox 3387 3088 3605 3160; x_wconf 78' lang='lat' dir='ltr'><strong>Augusti,</strong></span> <span class='ocrx_word' id='word_1_386' title='bbox 3629 3083 3822 3139; x_wconf 72' lang='lat' dir='ltr'><strong>indictione</strong></span> 
     </span>
    </p>
   </div>
   <div class='ocr_carea' id='block_1_62' title="bbox 697 3171 2277 3239">
    <p class='ocr_par' dir='ltr' id='par_1_62' title="bbox 697 3171 2277 3239">
     <span class='ocr_line' id='line_1_62' title="bbox 697 3171 2277 3239; baseline 0.009 -15"><span class='ocrx_word' id='word_1_387' title='bbox 697 3171 922 3226; x_wconf 76' lang='lat' dir='ltr'><strong>valeret.</strong></span> <span class='ocrx_word' id='word_1_388' title='bbox 949 3171 1054 3228; x_wconf 91' lang='lat' dir='ltr'><strong>Sed</strong></span> <span class='ocrx_word' id='word_1_389' title='bbox 1084 3175 1272 3229; x_wconf 85' lang='lat' dir='ltr'><strong>eodem</strong></span> <span class='ocrx_word' id='word_1_390' title='bbox 1311 3174 1572 3232; x_wconf 88' lang='lat' dir='ltr'><strong>advocato</strong></span> <span class='ocrx_word' id='word_1_391' title='bbox 1599 3176 1779 3232; x_wconf 87' lang='lat' dir='ltr'><strong>divina</strong></span> <span class='ocrx_word' id='word_1_392' title='bbox 1807 3180 2088 3234; x_wconf 89' lang='lat' dir='ltr'><strong>vocatione</strong></span> <span class='ocrx_word' id='word_1_393' title='bbox 2115 3182 2277 3239; x_wconf 80' lang='lat' dir='ltr'><strong>rebus</strong></span> 
     </span>
    </p>
   </div>
   <div class='ocr_carea' id='block_1_63' title="bbox 700 3262 2278 3338">
    <p class='ocr_par' dir='ltr' id='par_1_63' title="bbox 700 3262 2278 3338">
     <span class='ocr_line' id='line_1_63' title="bbox 700 3262 2278 3338; baseline 0.005 -21"><span class='ocrx_word' id='word_1_394' title='bbox 700 3262 954 3321; x_wconf 88' lang='lat' dir='ltr'><strong>humanis</strong></span> <span class='ocrx_word' id='word_1_395' title='bbox 976 3274 1246 3336; x_wconf 81' lang='lat' dir='ltr'><strong>exempto,</strong></span> <span class='ocrx_word' id='word_1_396' title='bbox 1295 3275 1534 3322; x_wconf 89' lang='lat' dir='ltr'><strong>nostram</strong></span> <span class='ocrx_word' id='word_1_397' title='bbox 1561 3268 1823 3338; x_wconf 79' lang='lat' dir='ltr'><strong>expetivit</strong></span> <span class='ocrx_word' id='word_1_398' title='bbox 1848 3268 2190 3326; x_wconf 88' lang='lat' dir='ltr'><strong>clementiam</strong></span> <span class='ocrx_word' id='word_1_399' title='bbox 2216 3279 2278 3326; x_wconf 92' lang='lat' dir='ltr'><strong>ut</strong></span> 
     </span>
    </p>
   </div>
   <div class='ocr_carea' id='block_1_64' title="bbox 699 3356 2278 3440">
    <p class='ocr_par' dir='ltr' id='par_1_64' title="bbox 699 3356 2278 3440">
     <span class='ocr_line' id='line_1_64' title="bbox 699 3356 2278 3440; baseline 0.006 -30"><span class='ocrx_word' id='word_1_400' title='bbox 699 3356 944 3411; x_wconf 84' lang='lat' dir='ltr'><strong>eamdem</strong></span> <span class='ocrx_word' id='word_1_401' title='bbox 967 3357 1338 3414; x_wconf 88' lang='lat' dir='ltr'><strong>advocationis</strong></span> <span class='ocrx_word' id='word_1_402' title='bbox 1363 3374 1546 3414; x_wconf 90' lang='lat' dir='ltr'><strong>curam</strong></span> <span class='ocrx_word' id='word_1_403' title='bbox 1572 3361 1813 3415; x_wconf 82' lang='lat' dir='ltr'><strong>Maurino</strong></span> <span class='ocrx_word' id='word_1_404' title='bbox 1834 3362 2066 3418; x_wconf 90' lang='lat' dir='ltr'><strong>vassallo</strong></span> <span class='ocrx_word' id='word_1_405' title='bbox 2088 3373 2278 3440; x_wconf 82' lang='lat' dir='ltr'><strong>nostro</strong></span> 
     </span>
    </p>
   </div>
   <div class='ocr_carea' id='block_1_65' title="bbox 699 3447 2278 3524">
    <p class='ocr_par' dir='ltr' id='par_1_65' title="bbox 699 3447 2278 3524">
     <span class='ocr_line' id='line_1_65' title="bbox 699 3447 2278 3524; baseline 0.006 -24"><span class='ocrx_word' id='word_1_406' title='bbox 699 3447 1178 3503; x_wconf 83' lang='lat' dir='ltr'><strong>comniitteremus.</strong></span> <span class='ocrx_word' id='word_1_407' title='bbox 1231 3447 1394 3519; x_wconf 85' lang='lat' dir='ltr'><strong>Cujus</strong></span> <span class='ocrx_word' id='word_1_408' title='bbox 1430 3451 1744 3520; x_wconf 87' lang='lat' dir='ltr'><strong>petitionem</strong></span> <span class='ocrx_word' id='word_1_409' title='bbox 1785 3452 1987 3507; x_wconf 92' lang='lat' dir='ltr'><strong>nostris</strong></span> <span class='ocrx_word' id='word_1_410' title='bbox 2038 3453 2278 3524; x_wconf 83' lang='lat' dir='ltr'><strong>indigere</strong></span> 
     </span>
    </p>
   </div>
   <div class='ocr_carea' id='block_1_66' title="bbox 697 3536 2276 3609">
    <p class='ocr_par' dir='ltr' id='par_1_66' title="bbox 697 3536 2276 3609">
     <span class='ocr_line' id='line_1_66' title="bbox 697 3536 2276 3609; baseline 0.004 -20"><span class='ocrx_word' id='word_1_411' title='bbox 697 3536 914 3591; x_wconf 87' lang='lat' dir='ltr'><strong>auxiliis</strong></span> <span class='ocrx_word' id='word_1_412' title='bbox 938 3537 1355 3607; x_wconf 87' lang='lat' dir='ltr'><strong>perpendentes,</strong></span> <span class='ocrx_word' id='word_1_413' title='bbox 1385 3539 1568 3593; x_wconf 90' lang='lat' dir='ltr'><strong>divino</strong></span> <span class='ocrx_word' id='word_1_414' title='bbox 1602 3540 1732 3596; x_wconf 86' lang='lat' dir='ltr'><strong>taeti</strong></span> <span class='ocrx_word' id='word_1_415' title='bbox 1757 3553 1980 3597; x_wconf 88' lang='lat' dir='ltr'><strong>munere</strong></span> <span class='ocrx_word' id='word_1_416' title='bbox 2007 3541 2276 3609; x_wconf 88' lang='lat' dir='ltr'><strong>postulata</strong></span> 
     </span>
    </p>
   </div>
   <div class='ocr_carea' id='block_1_67' title="bbox 697 3628 2275 3700">
    <p class='ocr_par' dir='ltr' id='par_1_67' title="bbox 697 3628 2275 3700">
     <span class='ocr_line' id='line_1_67' title="bbox 697 3628 2275 3700; baseline 0.004 -19"><span class='ocrx_word' id='word_1_417' title='bbox 697 3628 1085 3695; x_wconf 88' lang='lat' dir='ltr'><strong>concessimus,</strong></span> <span class='ocrx_word' id='word_1_418' title='bbox 1121 3630 1520 3686; x_wconf 86' lang='lat' dir='ltr'><strong>committentes</strong></span> <span class='ocrx_word' id='word_1_419' title='bbox 1565 3631 1740 3685; x_wconf 90' lang='lat' dir='ltr'><strong>eidem</strong></span> <span class='ocrx_word' id='word_1_420' title='bbox 1766 3631 2002 3685; x_wconf 87' lang='lat' dir='ltr'><strong>vassallo</strong></span> <span class='ocrx_word' id='word_1_421' title='bbox 2044 3639 2232 3687; x_wconf 90' lang='lat' dir='ltr'><strong>nostro</strong></span> <span class='ocrx_word' id='word_1_422' title='bbox 2258 3673 2275 3700; x_wconf 93' lang='lat'><strong>,</strong></span> 
     </span>
    </p>
   </div>
   <div class='ocr_carea' id='block_1_68' title="bbox 699 3716 2276 3786">
    <p class='ocr_par' dir='ltr' id='par_1_68' title="bbox 699 3716 2276 3786">
     <span class='ocr_line' id='line_1_68' title="bbox 699 3716 2276 3786; baseline 0.004 -14"><span class='ocrx_word' id='word_1_423' title='bbox 699 3716 942 3773; x_wconf 85' lang='lat' dir='ltr'><strong>Maurin</strong></span> <span class='ocrx_word' id='word_1_424' title='bbox 977 3719 1212 3783; x_wconf 92' lang='lat' dir='ltr'><strong>nomine,</strong></span> <span class='ocrx_word' id='word_1_425' title='bbox 1258 3735 1436 3775; x_wconf 91' lang='lat' dir='ltr'><strong>rerum</strong></span> <span class='ocrx_word' id='word_1_426' title='bbox 1493 3721 1803 3776; x_wconf 89' lang='lat' dir='ltr'><strong>monasterii</strong></span> <span class='ocrx_word' id='word_1_427' title='bbox 1837 3721 1919 3775; x_wconf 91' lang='lat' dir='ltr'><strong>sui</strong></span> <span class='ocrx_word' id='word_1_428' title='bbox 1970 3738 2177 3786; x_wconf 89' lang='lat' dir='ltr'><strong>curam,</strong></span> <span class='ocrx_word' id='word_1_429' title='bbox 2220 3724 2276 3778; x_wconf 88' lang='lat' dir='ltr'><strong>in</strong></span> 
     </span>
    </p>
   </div>
   <div class='ocr_carea' id='block_1_69' title="bbox 699 3810 2278 3882">
    <p class='ocr_par' dir='ltr' id='par_1_69' title="bbox 699 3810 2278 3882">
     <span class='ocr_line' id='line_1_69' title="bbox 699 3810 2278 3882; baseline 0.005 -19"><span class='ocrx_word' id='word_1_430' title='bbox 699 3810 1044 3880; x_wconf 88' lang='lat' dir='ltr'><strong>acquirendis</strong></span> <span class='ocrx_word' id='word_1_431' title='bbox 1072 3812 1590 3882; x_wconf 87' lang='lat' dir='ltr'><strong>videlicetjustitiis,</strong></span> <span class='ocrx_word' id='word_1_432' title='bbox 1616 3821 1673 3868; x_wconf 89' lang='lat' dir='ltr'><strong>et</strong></span> <span class='ocrx_word' id='word_1_433' title='bbox 1699 3814 1819 3869; x_wconf 90' lang='lat' dir='ltr'><strong>aliis</strong></span> <span class='ocrx_word' id='word_1_434' title='bbox 1841 3814 2118 3870; x_wconf 83' lang='lat' dir='ltr'><strong>faciendis.</strong></span> <span class='ocrx_word' id='word_1_435' title='bbox 2145 3815 2278 3871; x_wconf 81' lang='lat' dir='ltr'><strong>Pro-</strong></span> 
     </span>
    </p>
   </div>
   <div class='ocr_carea' id='block_1_70' title="bbox 696 3903 2276 3977">
    <p class='ocr_par' dir='ltr' id='par_1_70' title="bbox 696 3903 2276 3977">
     <span class='ocr_line' id='line_1_70' title="bbox 696 3903 2276 3977; baseline 0.006 -22"><span class='ocrx_word' id='word_1_436' title='bbox 696 3910 816 3972; x_wconf 89' lang='lat' dir='ltr'><strong>pter</strong></span> <span class='ocrx_word' id='word_1_437' title='bbox 844 3903 949 3958; x_wconf 88' lang='lat' dir='ltr'><strong>hoc</strong></span> <span class='ocrx_word' id='word_1_438' title='bbox 976 3903 1076 3958; x_wconf 88' lang='lat' dir='ltr'><strong>hos</strong></span> <span class='ocrx_word' id='word_1_439' title='bbox 1115 3913 1318 3960; x_wconf 70' lang='lat' dir='ltr'><strong>nostra:</strong></span> <span class='ocrx_word' id='word_1_440' title='bbox 1345 3906 1684 3961; x_wconf 87' lang='lat' dir='ltr'><strong>auctoritatis</strong></span> <span class='ocrx_word' id='word_1_441' title='bbox 1714 3906 1894 3977; x_wconf 88' lang='lat' dir='ltr'><strong>apices</strong></span> <span class='ocrx_word' id='word_1_442' title='bbox 1916 3907 1964 3960; x_wconf 91' lang='lat' dir='ltr'><strong>ei</strong></span> <span class='ocrx_word' id='word_1_443' title='bbox 1992 3923 2276 3964; x_wconf 87' lang='lat' dir='ltr'><strong>successo-</strong></span> 
     </span>
    </p>
   </div>
   <div class='ocr_carea' id='block_1_71' title="bbox 698 3993 2277 4063">
    <p class='ocr_par' dir='ltr' id='par_1_71' title="bbox 698 3993 2277 4063">
     <span class='ocr_line' id='line_1_71' title="bbox 698 3993 2277 4063; baseline 0.005 -18"><span class='ocrx_word' id='word_1_444' title='bbox 698 3993 955 4062; x_wconf 87' lang='lat' dir='ltr'><strong>ribusque</strong></span> <span class='ocrx_word' id='word_1_445' title='bbox 996 4009 1093 4063; x_wconf 89' lang='lat' dir='ltr'><strong>per</strong></span> <span class='ocrx_word' id='word_1_446' title='bbox 1132 4003 1373 4063; x_wconf 88' lang='lat' dir='ltr'><strong>tempora</strong></span> <span class='ocrx_word' id='word_1_447' title='bbox 1423 3995 1659 4051; x_wconf 89' lang='lat' dir='ltr'><strong>labentia</strong></span> <span class='ocrx_word' id='word_1_448' title='bbox 1714 3997 1816 4051; x_wconf 90' lang='lat' dir='ltr'><strong>sibi</strong></span> <span class='ocrx_word' id='word_1_449' title='bbox 1862 3999 2277 4055; x_wconf 85' lang='lat' dir='ltr'><strong>succedentibus</strong></span> 
     </span>
    </p>
   </div>
   <div class='ocr_carea' id='block_1_72' title="bbox 697 4080 2278 4158">
    <p class='ocr_par' dir='ltr' id='par_1_72' title="bbox 697 4080 2278 4158">
     <span class='ocr_line' id='line_1_72' title="bbox 697 4080 2278 4158; baseline 0.005 -22"><span class='ocrx_word' id='word_1_450' title='bbox 697 4080 816 4136; x_wconf 89' lang='lat' dir='ltr'><strong>ﬁeri</strong></span> <span class='ocrx_word' id='word_1_451' title='bbox 861 4099 926 4138; x_wconf 93' lang='lat' dir='ltr'><strong>ac</strong></span> <span class='ocrx_word' id='word_1_452' title='bbox 953 4084 1070 4137; x_wconf 87' lang='lat' dir='ltr'><strong>dari</strong></span> <span class='ocrx_word' id='word_1_453' title='bbox 1099 4086 1485 4153; x_wconf 84' lang='lat' dir='ltr'><strong>praecepimus;</strong></span> <span class='ocrx_word' id='word_1_454' title='bbox 1517 4101 1615 4154; x_wconf 88' lang='lat' dir='ltr'><strong>per</strong></span> <span class='ocrx_word' id='word_1_455' title='bbox 1639 4101 1776 4156; x_wconf 91' lang='lat' dir='ltr'><strong>quos</strong></span> <span class='ocrx_word' id='word_1_456' title='bbox 1815 4088 2170 4158; x_wconf 70' lang='lat' dir='ltr'><strong>prmcepimus</strong></span> <span class='ocrx_word' id='word_1_457' title='bbox 2195 4097 2278 4144; x_wconf 87' lang='lat' dir='ltr'><strong>at-</strong></span> 
     </span>
    </p>
   </div>
   <div class='ocr_carea' id='block_1_73' title="bbox 697 4171 2278 4247">
    <p class='ocr_par' dir='ltr' id='par_1_73' title="bbox 697 4171 2278 4247">
     <span class='ocr_line' id='line_1_73' title="bbox 697 4171 2278 4247; baseline 0.006 -23"><span class='ocrx_word' id='word_1_458' title='bbox 697 4187 802 4243; x_wconf 90' lang='lat' dir='ltr'><strong>que</strong></span> <span class='ocrx_word' id='word_1_459' title='bbox 821 4171 1072 4241; x_wconf 89' lang='lat' dir='ltr'><strong>jubemus</strong></span> <span class='ocrx_word' id='word_1_460' title='bbox 1095 4171 1198 4246; x_wconf 77' lang='lat' dir='ltr'><strong>[ut]</strong></span> <span class='ocrx_word' id='word_1_461' title='bbox 1225 4175 1406 4228; x_wconf 88' lang='lat' dir='ltr'><strong>omnia</strong></span> <span class='ocrx_word' id='word_1_462' title='bbox 1432 4190 1768 4244; x_wconf 87' lang='lat' dir='ltr'><strong>quaecunque</strong></span> <span class='ocrx_word' id='word_1_463' title='bbox 1793 4177 2084 4247; x_wconf 77' lang='lat' dir='ltr'><strong>przedictus</strong></span> <span class='ocrx_word' id='word_1_464' title='bbox 2108 4179 2278 4234; x_wconf 85' lang='lat' dir='ltr'><strong>advo-</strong></span> 
     </span>
    </p>
   </div>
   <div class='ocr_carea' id='block_1_74' title="bbox 696 4265 2277 4334">
    <p class='ocr_par' dir='ltr' id='par_1_74' title="bbox 696 4265 2277 4334">
     <span class='ocr_line' id='line_1_74' title="bbox 696 4265 2277 4334; baseline 0.005 -16"><span class='ocrx_word' id='word_1_465' title='bbox 696 4271 849 4318; x_wconf 89' lang='lat' dir='ltr'><strong>catus</strong></span> <span class='ocrx_word' id='word_1_466' title='bbox 898 4279 1039 4334; x_wconf 83' lang='lat' dir='ltr'><strong>saepe</strong></span> <span class='ocrx_word' id='word_1_467' title='bbox 1096 4265 1225 4320; x_wconf 92' lang='lat' dir='ltr'><strong>dicti</strong></span> <span class='ocrx_word' id='word_1_468' title='bbox 1280 4268 1594 4322; x_wconf 88' lang='lat' dir='ltr'><strong>monasterii</strong></span> <span class='ocrx_word' id='word_1_469' title='bbox 1639 4266 2005 4332; x_wconf 80' lang='lat' dir='ltr'><strong>Aniancnsis,</strong></span> <span class='ocrx_word' id='word_1_470' title='bbox 2059 4271 2277 4327; x_wconf 90' lang='lat' dir='ltr'><strong>nomine</strong></span> 
     </span>
    </p>
   </div>
   <div class='ocr_carea' id='block_1_75' title="bbox 2381 3188 2500 3230">
    <p class='ocr_par' dir='ltr' id='par_1_75' title="bbox 2381 3188 2500 3230">
     <span class='ocr_line' id='line_1_75' title="bbox 2381 3188 2500 3230; baseline 0 -4"><span class='ocrx_word' id='word_1_471' title='bbox 2381 3188 2500 3230; x_wconf 71' lang='lat' dir='ltr'><strong>XIII.</strong></span> 
     </span>
    </p>
   </div>
   <div class='ocr_carea' id='block_1_76' title="bbox 2447 3262 3816 3328">
    <p class='ocr_par' dir='ltr' id='par_1_76' title="bbox 2447 3262 3816 3328">
     <span class='ocr_line' id='line_1_76' title="bbox 2447 3262 3816 3328; baseline -0.001 -11"><span class='ocrx_word' id='word_1_472' title='bbox 2447 3263 2642 3320; x_wconf 85' lang='lat' dir='ltr'><strong>Actum</strong></span> <span class='ocrx_word' id='word_1_473' title='bbox 2692 3265 2992 3325; x_wconf 85' lang='lat' dir='ltr'><strong>Stremiaco</strong></span> <span class='ocrx_word' id='word_1_474' title='bbox 3030 3271 3156 3326; x_wconf 87' lang='lat' dir='ltr'><strong>villa</strong></span> <span class='ocrx_word' id='word_1_475' title='bbox 3203 3272 3261 3326; x_wconf 88' lang='lat' dir='ltr'><strong>in</strong></span> <span class='ocrx_word' id='word_1_476' title='bbox 3302 3271 3395 3328; x_wconf 90' lang='lat' dir='ltr'><strong>Dei</strong></span> <span class='ocrx_word' id='word_1_477' title='bbox 3437 3269 3624 3325; x_wconf 86' lang='lat' dir='ltr'><strong>nomine</strong></span> <span class='ocrx_word' id='word_1_478' title='bbox 3657 3262 3816 3320; x_wconf 79' lang='lat' dir='ltr'><strong>feliciter.</strong></span> 
     </span>
    </p>
   </div>
   <div class='ocr_carea' id='block_1_77' title="bbox 2375 3352 2566 3411">
    <p class='ocr_par' dir='ltr' id='par_1_77' title="bbox 2375 3352 2566 3411">
     <span class='ocr_line' id='line_1_77' title="bbox 2375 3352 2566 3411; baseline 0.016 -3"><span class='ocrx_word' id='word_1_479' title='bbox 2375 3352 2566 3411; x_wconf 86' lang='lat' dir='ltr'><strong>Amen.</strong></span> 
     </span>
    </p>
   </div>
   <div class='ocr_carea' id='block_1_78' title="bbox 3165 3454 3230 3510">
    <p class='ocr_par' dir='ltr' id='par_1_78' title="bbox 3165 3454 3230 3510">
     <span class='ocr_line' id='line_1_78' title="bbox 3165 3454 3230 3510; baseline 0.031 -2"><span class='ocrx_word' id='word_1_480' title='bbox 3165 3454 3230 3510; x_wconf 85' lang='lat' dir='ltr'><strong>V.</strong></span> 
     </span>
    </p>
   </div>
   <div class='ocr_carea' id='block_1_79' title="bbox 2693 3455 3609 3615">
    <p class='ocr_par' dir='ltr' id='par_1_79' title="bbox 2693 3455 3609 3615">
     <span class='ocr_line' id='line_1_79' title="bbox 3165 3455 3230 3510; baseline 0.031 -2"><span class='ocrx_word' id='word_1_481' title='bbox 3165 3455 3230 3510; x_wconf 84' lang='lat' dir='ltr'><strong>V.</strong></span> 
     </span>
     <span class='ocr_line' id='line_1_80' title="bbox 2693 3455 3609 3615; baseline 0 -19"><span class='ocrx_word' id='word_1_482' title='bbox 2693 3541 2950 3614; x_wconf 77' lang='lat' dir='ltr'><strong>Ejusdem</strong></span> <span class='ocrx_word' id='word_1_483' title='bbox 2971 3562 3065 3615; x_wconf 85' lang='lat' dir='ltr'><strong>pro</strong></span> <span class='ocrx_word' id='word_1_484' title='bbox 3094 3455 3277 3601; x_wconf 47' lang='lat' dir='ltr'><strong>eidem</strong></span> <span class='ocrx_word' id='word_1_485' title='bbox 3303 3546 3609 3600; x_wconf 66' lang='lat' dir='ltr'><strong>monasterio.</strong></span> 
     </span>
    </p>
   </div>
   <div class='ocr_carea' id='block_1_80' title="bbox 2989 3635 3346 3707">
    <p class='ocr_par' dir='ltr' id='par_1_80' title="bbox 2989 3635 3346 3707">
     <span class='ocr_line' id='line_1_81' title="bbox 2989 3635 3346 3707; baseline 0.006 -19"><span class='ocrx_word' id='word_1_486' title='bbox 2989 3635 3167 3706; x_wconf 80' lang='lat' dir='ltr'><strong>(Anno</strong></span> <span class='ocrx_word' id='word_1_487' title='bbox 3194 3636 3346 3707; x_wconf 80' lang='lat'><strong>837.)</strong></span> 
     </span>
    </p>
   </div>
   <div class='ocr_carea' id='block_1_81' title="bbox 2729 3721 3505 3795">
    <p class='ocr_par' dir='ltr' id='par_1_81' title="bbox 2729 3721 3505 3795">
     <span class='ocr_line' id='line_1_82' title="bbox 2729 3721 3505 3795; baseline -0.004 -17"><span class='ocrx_word' id='word_1_488' title='bbox 2729 3721 2905 3795; x_wconf 85' lang='lat' dir='ltr'><strong>[Apud</strong></span> <span class='ocrx_word' id='word_1_489' title='bbox 2933 3723 2997 3778; x_wconf 91' lang='lat' dir='ltr'><strong>D.</strong></span> <span class='ocrx_word' id='word_1_490' title='bbox 3030 3725 3325 3795; x_wconf 81' lang='lat' dir='ltr'><strong>Bouquet.,</strong></span> <span class='ocrx_word' id='word_1_491' title='bbox 3358 3721 3505 3794; x_wconf 80' lang='lat' dir='ltr'><strong>ibid.]</strong></span> 
     </span>
    </p>
   </div>
   <div class='ocr_carea' id='block_1_82' title="bbox 2445 3796 3814 3872">
    <p class='ocr_par' dir='ltr' id='par_1_82' title="bbox 2445 3796 3814 3872">
     <span class='ocr_line' id='line_1_83' title="bbox 2445 3796 3814 3872; baseline -0.009 -10"><span class='ocrx_word' id='word_1_492' title='bbox 2445 3807 2501 3863; x_wconf 87' lang='lat' dir='ltr'><strong>1n</strong></span> <span class='ocrx_word' id='word_1_493' title='bbox 2529 3825 2745 3866; x_wconf 83' lang='lat' dir='ltr'><strong>nomine</strong></span> <span class='ocrx_word' id='word_1_494' title='bbox 2795 3811 3005 3866; x_wconf 90' lang='lat' dir='ltr'><strong>Domini</strong></span> <span class='ocrx_word' id='word_1_495' title='bbox 3052 3813 3147 3871; x_wconf 86' lang='lat' dir='ltr'><strong>Dei</strong></span> <span class='ocrx_word' id='word_1_496' title='bbox 3173 3824 3229 3868; x_wconf 89' lang='lat' dir='ltr'><strong>et</strong></span> <span class='ocrx_word' id='word_1_497' title='bbox 3259 3812 3540 3872; x_wconf 87' lang='lat' dir='ltr'><strong>Salvatoris</strong></span> <span class='ocrx_word' id='word_1_498' title='bbox 3579 3803 3707 3862; x_wconf 80' lang='lat' dir='ltr'><strong>nostri</strong></span> <span class='ocrx_word' id='word_1_499' title='bbox 3739 3796 3814 3852; x_wconf 67' lang='lat' dir='ltr'><strong>les:</strong></span> 
     </span>
    </p>
   </div>
   <div class='ocr_carea' id='block_1_83' title="bbox 2374 3889 3816 3974">
    <p class='ocr_par' dir='ltr' id='par_1_83' title="bbox 2374 3889 3816 3974">
     <span class='ocr_line' id='line_1_84' title="bbox 2374 3889 3816 3974; baseline -0.003 -20"><span class='ocrx_word' id='word_1_500' title='bbox 2374 3895 2594 3962; x_wconf 88' lang='lat' dir='ltr'><strong>Christi,</strong></span> <span class='ocrx_word' id='word_1_501' title='bbox 2610 3899 2916 3957; x_wconf 87' lang='lat' dir='ltr'><strong>Ludovicus</strong></span> <span class='ocrx_word' id='word_1_502' title='bbox 2931 3901 3112 3958; x_wconf 90' lang='lat' dir='ltr'><strong>divina</strong></span> <span class='ocrx_word' id='word_1_503' title='bbox 3135 3905 3511 3974; x_wconf 88' lang='lat' dir='ltr'><strong>repropitiante</strong></span> <span class='ocrx_word' id='word_1_504' title='bbox 3533 3891 3747 3956; x_wconf 70' lang='lat' dir='ltr'><strong>clementia</strong></span> <span class='ocrx_word' id='word_1_505' title='bbox 3759 3889 3816 3940; x_wconf 72' lang='grc' dir='ltr'><strong>ἰω·</strong></span> 
     </span>
    </p>
   </div>
   <div class='ocr_carea' id='block_1_84' title="bbox 2373 3989 3779 4076">
    <p class='ocr_par' dir='ltr' id='par_1_84' title="bbox 2373 3989 3779 4076">
     <span class='ocr_line' id='line_1_85' title="bbox 2373 3989 3779 4076; baseline 0.011 -36"><span class='ocrx_word' id='word_1_506' title='bbox 2373 3998 2592 4056; x_wconf 87' lang='lat' dir='ltr'><strong>pcrator</strong></span> <span class='ocrx_word' id='word_1_507' title='bbox 2637 3989 2912 4060; x_wconf 76' lang='lat' dir='ltr'><strong>Augustus</strong></span> <span class='ocrx_word' id='word_1_508' title='bbox 3773 4065 3779 4076; x_wconf 40' lang='grc' dir='ltr'>ι</span> 
     </span>
    </p>
   </div>
   <div class='ocr_carea' id='block_1_85' title="bbox 2445 4077 3809 4162">
    <p class='ocr_par' dir='ltr' id='par_1_85' title="bbox 2445 4077 3809 4162">
     <span class='ocr_line' id='line_1_86' title="bbox 2445 4077 3809 4162; baseline 0.004 -29"><span class='ocrx_word' id='word_1_509' title='bbox 2445 4079 2706 4136; x_wconf 90' lang='lat' dir='ltr'><strong>Omnibus</strong></span> <span class='ocrx_word' id='word_1_510' title='bbox 2732 4081 2980 4137; x_wconf 74' lang='lat' dir='ltr'><strong>fidelibus</strong></span> <span class='ocrx_word' id='word_1_511' title='bbox 3011 4091 3215 4139; x_wconf 72' lang='lat' dir='ltr'><strong>sancta:</strong></span> <span class='ocrx_word' id='word_1_512' title='bbox 3246 4086 3339 4142; x_wconf 90' lang='lat' dir='ltr'><strong>Dei</strong></span> <span class='ocrx_word' id='word_1_513' title='bbox 3361 4079 3591 4139; x_wconf 66' lang='lat' dir='ltr'><strong>Ecclesia!</strong></span> <span class='ocrx_word' id='word_1_514' title='bbox 3611 4077 3809 4162; x_wconf 61' lang='grc' dir='ltr'><strong>οιηοειξξδυ</strong></span> 
     </span>
    </p>
   </div>
   <div class='ocr_carea' id='block_1_86' title="bbox 2373 4154 3809 4253">
    <p class='ocr_par' dir='ltr' id='par_1_86' title="bbox 2373 4154 3809 4253">
     <span class='ocr_line' id='line_1_87' title="bbox 2373 4154 3809 4253; baseline -0.008 -29"><span class='ocrx_word' id='word_1_515' title='bbox 2373 4171 2729 4238; x_wconf 78' lang='lat' dir='ltr'><strong>praesentibus</strong></span> <span class='ocrx_word' id='word_1_516' title='bbox 2758 4171 2964 4226; x_wconf 81' lang='lat' dir='ltr'><strong>scilicet</strong></span> <span class='ocrx_word' id='word_1_517' title='bbox 3009 4179 3064 4227; x_wconf 87' lang='lat' dir='ltr'><strong>ct</strong></span> <span class='ocrx_word' id='word_1_518' title='bbox 3093 4173 3315 4240; x_wconf 88' lang='lat' dir='ltr'><strong>futuris,</strong></span> <span class='ocrx_word' id='word_1_519' title='bbox 3350 4182 3522 4228; x_wconf 89' lang='lat' dir='ltr'><strong>notum</strong></span> <span class='ocrx_word' id='word_1_520' title='bbox 3555 4166 3612 4220; x_wconf 82' lang='lat' dir='ltr'><strong>sit</strong></span> <span class='ocrx_word' id='word_1_521' title='bbox 3628 4160 3718 4232; x_wconf 76' lang='lat' dir='ltr'><strong>quia</strong></span> <span class='ocrx_word' id='word_1_522' title='bbox 3733 4154 3809 4253; x_wconf 46' lang='lat' dir='ltr'><strong>alii?</strong></span> 
     </span>
    </p>
   </div>
   <div class='ocr_carea' id='block_1_87' title="bbox 2376 4239 3808 4330">
    <p class='ocr_par' dir='ltr' id='par_1_87' title="bbox 2376 4239 3808 4330">
     <span class='ocr_line' id='line_1_88' title="bbox 2376 4239 3808 4330; baseline -0.007 -18"><span class='ocrx_word' id='word_1_523' title='bbox 2376 4260 2550 4314; x_wconf 86' lang='lat' dir='ltr'><strong>adhuc</strong></span> <span class='ocrx_word' id='word_1_524' title='bbox 2589 4261 2643 4314; x_wconf 91' lang='lat' dir='ltr'><strong>in</strong></span> <span class='ocrx_word' id='word_1_525' title='bbox 2671 4261 2961 4330; x_wconf 79' lang='lat' dir='ltr'><strong>Aquitania</strong></span> <span class='ocrx_word' id='word_1_526' title='bbox 2989 4239 3378 4327; x_wconf 83' lang='lat' dir='ltr'><strong>constituti,et</strong></span> <span class='ocrx_word' id='word_1_527' title='bbox 3405 4259 3606 4317; x_wconf 87' lang='lat' dir='ltr'><strong>necdum</strong></span> <span class='ocrx_word' id='word_1_528' title='bbox 3637 4239 3808 4317; x_wconf 63' lang='lat' dir='ltr'><strong>imperiali</strong></span> 
     </span>
    </p>
   </div>
   <div class='ocr_carea' id='block_1_88' title="bbox 698 4342 2302 4428">
    <p class='ocr_par' dir='ltr' id='par_1_88' title="bbox 698 4351 2302 4428">
     <span class='ocr_line' id='line_1_89' title="bbox 698 4351 2302 4428; baseline 0.004 -21"><span class='ocrx_word' id='word_1_529' title='bbox 698 4351 997 4419; x_wconf 82' lang='lat' dir='ltr'><strong>Maurinus,</strong></span> <span class='ocrx_word' id='word_1_530' title='bbox 1041 4355 1336 4410; x_wconf 89' lang='lat' dir='ltr'><strong>secundum</strong></span> <span class='ocrx_word' id='word_1_531' title='bbox 1367 4355 1537 4428; x_wconf 83' lang='lat' dir='ltr'><strong>legem</strong></span> <span class='ocrx_word' id='word_1_532' title='bbox 1584 4358 1875 4426; x_wconf 83' lang='lat' dir='ltr'><strong>quaesierit,</strong></span> <span class='ocrx_word' id='word_1_533' title='bbox 1911 4367 2302 4428; x_wconf 38' lang='lat' dir='ltr'><strong>autquaareny</strong></span> 
     </span>
    </p>
   </div>
   <div class='ocr_carea' id='block_1_89' title="bbox 2205 4342 3809 4428">
    <p class='ocr_par' dir='ltr' id='par_1_89' title="bbox 2208 4342 3809 4428">
     <span class='ocr_line' id='line_1_90' title="bbox 2208 4342 3809 4428; baseline -0.009 -25"><span class='ocrx_word' id='word_1_534' title='bbox 2208 4376 2272 4414; x_wconf 83' lang='grc' dir='ltr'><strong>η-</strong></span> <span class='ocrx_word' id='word_1_535' title='bbox 2297 4364 2349 4428; x_wconf 71' lang='lat'><strong>_&#39;</strong></span> <span class='ocrx_word' id='word_1_536' title='bbox 2377 4348 2583 4403; x_wconf 89' lang='lat' dir='ltr'><strong>honore</strong></span> <span class='ocrx_word' id='word_1_537' title='bbox 2631 4358 2686 4404; x_wconf 90' lang='lat' dir='ltr'><strong>et</strong></span> <span class='ocrx_word' id='word_1_538' title='bbox 2715 4353 2932 4406; x_wconf 91' lang='lat' dir='ltr'><strong>nomine</strong></span> <span class='ocrx_word' id='word_1_539' title='bbox 2971 4352 3188 4408; x_wconf 68' lang='lat' dir='ltr'><strong>coalitus</strong></span> <span class='ocrx_word' id='word_1_540' title='bbox 3218 4353 3474 4426; x_wconf 73' lang='lat' dir='ltr'><strong>insigniti,</strong></span> <span class='ocrx_word' id='word_1_541' title='bbox 3501 4342 3809 4403; x_wconf 69' lang='lat' dir='ltr'><strong>beneﬁcuaumni</strong></span> 
     </span>
    </p>
   </div>
   <div class='ocr_carea' id='block_1_90' title="bbox 696 4423 3808 4520">
    <p class='ocr_par' dir='ltr' id='par_1_90' title="bbox 696 4423 3808 4520">
     <span class='ocr_line' id='line_1_91' title="bbox 696 4423 3808 4520; baseline -0.005 -22"><span class='ocrx_word' id='word_1_542' title='bbox 696 4443 844 4498; x_wconf 82' lang='lat' dir='ltr'><strong>tibus</strong></span> <span class='ocrx_word' id='word_1_543' title='bbox 862 4445 1158 4510; x_wconf 89' lang='lat' dir='ltr'><strong>obstiterit,</strong></span> <span class='ocrx_word' id='word_1_544' title='bbox 1182 4454 1275 4499; x_wconf 89' lang='lat' dir='ltr'><strong>aut</strong></span> <span class='ocrx_word' id='word_1_545' title='bbox 1295 4423 1442 4514; x_wconf 71' lang='lat' dir='ltr'><strong>juste</strong></span> <span class='ocrx_word' id='word_1_546' title='bbox 1467 4423 1814 4512; x_wconf 74' lang='lat' dir='ltr'><strong>satisfecerit,</strong></span> <span class='ocrx_word' id='word_1_547' title='bbox 1839 4458 2002 4518; x_wconf 91' lang='lat' dir='ltr'><strong>atque</strong></span> <span class='ocrx_word' id='word_1_548' title='bbox 2025 4423 2272 4520; x_wconf 74' lang='lat' dir='ltr'><strong>legaliter</strong></span> <span class='ocrx_word' id='word_1_549' title='bbox 2297 4423 2349 4483; x_wconf 69' lang='grc' dir='ltr'>Β</span> <span class='ocrx_word' id='word_1_550' title='bbox 2374 4442 2662 4508; x_wconf 79' lang='lat' dir='ltr'><strong>quamdam</strong></span> <span class='ocrx_word' id='word_1_551' title='bbox 2695 4443 2876 4497; x_wconf 87' lang='lat' dir='ltr'><strong>villam</strong></span> <span class='ocrx_word' id='word_1_552' title='bbox 2920 4444 2974 4500; x_wconf 87' lang='lat' dir='ltr'><strong>in</strong></span> <span class='ocrx_word' id='word_1_553' title='bbox 3009 4459 3146 4514; x_wconf 82' lang='lat' dir='ltr'><strong>pago</strong></span> <span class='ocrx_word' id='word_1_554' title='bbox 3190 4446 3478 4504; x_wconf 84' lang='lat' dir='ltr'><strong>Lutevense</strong></span> <span class='ocrx_word' id='word_1_555' title='bbox 3507 4433 3662 4494; x_wconf 78' lang='lat' dir='ltr'><strong>Aniani</strong></span> <span class='ocrx_word' id='word_1_556' title='bbox 3695 4434 3808 4520; x_wconf 65' lang='lat' dir='ltr'><strong>mtm‘</strong></span> 
     </span>
    </p>
   </div>
   <div class='ocr_carea' id='block_1_91' title="bbox 698 4534 2271 4608">
    <p class='ocr_par' dir='ltr' id='par_1_91' title="bbox 698 4534 2271 4608">
     <span class='ocr_line' id='line_1_92' title="bbox 698 4534 2271 4608; baseline 0.003 -19"><span class='ocrx_word' id='word_1_557' title='bbox 698 4534 923 4590; x_wconf 84' lang='lat' dir='ltr'><strong>diﬂiuita</strong></span> <span class='ocrx_word' id='word_1_558' title='bbox 962 4535 1182 4602; x_wconf 81' lang='lat' dir='ltr'><strong>fuerint,</strong></span> <span class='ocrx_word' id='word_1_559' title='bbox 1214 4547 1331 4592; x_wconf 89' lang='lat' dir='ltr'><strong>rata</strong></span> <span class='ocrx_word' id='word_1_560' title='bbox 1373 4547 1428 4593; x_wconf 92' lang='lat' dir='ltr'><strong>et</strong></span> <span class='ocrx_word' id='word_1_561' title='bbox 1456 4539 1692 4594; x_wconf 88' lang='lat' dir='ltr'><strong>stabilita</strong></span> <span class='ocrx_word' id='word_1_562' title='bbox 1723 4550 2099 4608; x_wconf 88' lang='lat' dir='ltr'><strong>permaneant,</strong></span> <span class='ocrx_word' id='word_1_563' title='bbox 2148 4542 2271 4596; x_wconf 90' lang='lat' dir='ltr'><strong>ubi-</strong></span> 
     </span>
    </p>
   </div>
   <div class='ocr_carea' id='block_1_92' title="bbox 698 4629 2272 4700">
    <p class='ocr_par' dir='ltr' id='par_1_92' title="bbox 698 4629 2272 4700">
     <span class='ocr_line' id='line_1_93' title="bbox 698 4629 2272 4700; baseline 0.003 -18"><span class='ocrx_word' id='word_1_564' title='bbox 698 4643 911 4699; x_wconf 91' lang='lat' dir='ltr'><strong>cunque</strong></span> <span class='ocrx_word' id='word_1_565' title='bbox 949 4630 1014 4684; x_wconf 91' lang='lat' dir='ltr'><strong>ad</strong></span> <span class='ocrx_word' id='word_1_566' title='bbox 1041 4629 1156 4684; x_wconf 90' lang='lat' dir='ltr'><strong>loca</strong></span> <span class='ocrx_word' id='word_1_567' title='bbox 1188 4638 1243 4684; x_wconf 90' lang='lat' dir='ltr'><strong>et</strong></span> <span class='ocrx_word' id='word_1_568' title='bbox 1285 4639 1580 4699; x_wconf 86' lang='lat' dir='ltr'><strong>potestates</strong></span> <span class='ocrx_word' id='word_1_569' title='bbox 1625 4645 1718 4686; x_wconf 89' lang='lat' dir='ltr'><strong>seu</strong></span> <span class='ocrx_word' id='word_1_570' title='bbox 1767 4633 2068 4687; x_wconf 89' lang='lat' dir='ltr'><strong>ministeria</strong></span> <span class='ocrx_word' id='word_1_571' title='bbox 2095 4631 2272 4700; x_wconf 87' lang='lat' dir='ltr'><strong>cujus-</strong></span> 
     </span>
    </p>
   </div>
   <div class='ocr_carea' id='block_1_93' title="bbox 696 4723 2272 4796">
    <p class='ocr_par' dir='ltr' id='par_1_93' title="bbox 696 4723 2272 4796">
     <span class='ocr_line' id='line_1_94' title="bbox 696 4723 2272 4796; baseline 0.003 -18"><span class='ocrx_word' id='word_1_572' title='bbox 696 4736 910 4791; x_wconf 85' lang='lat' dir='ltr'><strong>cunque</strong></span> <span class='ocrx_word' id='word_1_573' title='bbox 957 4723 1214 4776; x_wconf 90' lang='lat' dir='ltr'><strong>comitum</strong></span> <span class='ocrx_word' id='word_1_574' title='bbox 1251 4725 1546 4790; x_wconf 87' lang='lat' dir='ltr'><strong>advenerit,</strong></span> <span class='ocrx_word' id='word_1_575' title='bbox 1593 4727 1949 4796; x_wconf 82' lang='lat' dir='ltr'><strong>undecunque</strong></span> <span class='ocrx_word' id='word_1_576' title='bbox 1995 4727 2062 4781; x_wconf 89' lang='lat' dir='ltr'><strong>de</strong></span> <span class='ocrx_word' id='word_1_577' title='bbox 2112 4728 2272 4782; x_wconf 86' lang='lat' dir='ltr'><strong>rebus</strong></span> 
     </span>
    </p>
   </div>
   <div class='ocr_carea' id='block_1_94' title="bbox 695 4810 2270 4884">
    <p class='ocr_par' dir='ltr' id='par_1_94' title="bbox 695 4810 2270 4884">
     <span class='ocr_line' id='line_1_95' title="bbox 695 4810 2270 4884; baseline 0.004 -20"><span class='ocrx_word' id='word_1_578' title='bbox 695 4810 932 4879; x_wconf 85' lang='lat' dir='ltr'><strong>ejusdem</strong></span> <span class='ocrx_word' id='word_1_579' title='bbox 957 4812 1266 4866; x_wconf 88' lang='lat' dir='ltr'><strong>monasterii</strong></span> <span class='ocrx_word' id='word_1_580' title='bbox 1308 4813 1573 4882; x_wconf 89' lang='lat' dir='ltr'><strong>justitiam</strong></span> <span class='ocrx_word' id='word_1_581' title='bbox 1602 4816 1900 4884; x_wconf 61' lang='lat' dir='ltr'><strong>quaesierit,</strong></span> <span class='ocrx_word' id='word_1_582' title='bbox 1929 4817 2136 4884; x_wconf 90' lang='lat' dir='ltr'><strong>absque</strong></span> <span class='ocrx_word' id='word_1_583' title='bbox 2165 4816 2270 4870; x_wconf 90' lang='lat' dir='ltr'><strong>ulla</strong></span> 
     </span>
    </p>
   </div>
   <div class='ocr_carea' id='block_1_95' title="bbox 696 4898 2274 4974">
    <p class='ocr_par' dir='ltr' id='par_1_95' title="bbox 696 4898 2274 4974">
     <span class='ocr_line' id='line_1_96' title="bbox 696 4898 2274 4974; baseline 0.005 -22"><span class='ocrx_word' id='word_1_584' title='bbox 696 4898 954 4955; x_wconf 91' lang='lat' dir='ltr'><strong>dilatione</strong></span> <span class='ocrx_word' id='word_1_585' title='bbox 983 4901 1277 4955; x_wconf 88' lang='lat' dir='ltr'><strong>secundum</strong></span> <span class='ocrx_word' id='word_1_586' title='bbox 1309 4902 1482 4972; x_wconf 82' lang='lat' dir='ltr'><strong>legem</strong></span> <span class='ocrx_word' id='word_1_587' title='bbox 1511 4903 1878 4974; x_wconf 85' lang='lat' dir='ltr'><strong>plenissimam</strong></span> <span class='ocrx_word' id='word_1_588' title='bbox 1909 4906 2163 4974; x_wconf 86' lang='lat' dir='ltr'><strong>reperiat,</strong></span> <span class='ocrx_word' id='word_1_589' title='bbox 2193 4915 2274 4960; x_wconf 82' lang='lat' dir='ltr'><strong>at-</strong></span> 
     </span>
    </p>
   </div>
   <div class='ocr_carea' id='block_1_96' title="bbox 695 4995 2271 5066">
    <p class='ocr_par' dir='ltr' id='par_1_96' title="bbox 695 4995 2271 5066">
     <span class='ocr_line' id='line_1_97' title="bbox 695 4995 2271 5066; baseline 0.009 -23"><span class='ocrx_word' id='word_1_590' title='bbox 695 5006 801 5060; x_wconf 88' lang='lat' dir='ltr'><strong>que</strong></span> <span class='ocrx_word' id='word_1_591' title='bbox 839 4995 1204 5061; x_wconf 68' lang='lat' dir='ltr'><strong>quaerentibus</strong></span> <span class='ocrx_word' id='word_1_592' title='bbox 1235 4997 1419 5051; x_wconf 80' lang='lat' dir='ltr'><strong>faciat.</strong></span> <span class='ocrx_word' id='word_1_593' title='bbox 1456 4997 1520 5052; x_wconf 82' lang='lat' dir='ltr'><strong>Et</strong></span> <span class='ocrx_word' id='word_1_594' title='bbox 1567 4999 1690 5066; x_wconf 85' lang='lat' dir='ltr'><strong>quia</strong></span> <span class='ocrx_word' id='word_1_595' title='bbox 1725 5006 1937 5054; x_wconf 91' lang='lat' dir='ltr'><strong>constat</strong></span> <span class='ocrx_word' id='word_1_596' title='bbox 1966 5000 2106 5056; x_wconf 90' lang='lat' dir='ltr'><strong>idem</strong></span> <span class='ocrx_word' id='word_1_597' title='bbox 2154 5018 2271 5057; x_wconf 92' lang='lat' dir='ltr'><strong>mo-</strong></span> 
     </span>
    </p>
   </div>
   <div class='ocr_carea' id='block_1_97' title="bbox 695 5081 2269 5161">
    <p class='ocr_par' dir='ltr' id='par_1_97' title="bbox 695 5081 2269 5161">
     <span class='ocr_line' id='line_1_98' title="bbox 695 5081 2269 5161; baseline 0.01 -29"><span class='ocrx_word' id='word_1_598' title='bbox 695 5081 990 5136; x_wconf 86' lang='lat' dir='ltr'><strong>nasterium</strong></span> <span class='ocrx_word' id='word_1_599' title='bbox 1018 5093 1261 5139; x_wconf 90' lang='lat' dir='ltr'><strong>nostrum</strong></span> <span class='ocrx_word' id='word_1_600' title='bbox 1292 5089 1570 5156; x_wconf 91' lang='lat' dir='ltr'><strong>proprium</strong></span> <span class='ocrx_word' id='word_1_601' title='bbox 1601 5105 1743 5154; x_wconf 92' lang='lat' dir='ltr'><strong>esse,</strong></span> <span class='ocrx_word' id='word_1_602' title='bbox 1784 5089 2031 5146; x_wconf 85' lang='lat' dir='ltr'><strong>volumus</strong></span> <span class='ocrx_word' id='word_1_603' title='bbox 2055 5100 2111 5146; x_wconf 89' lang='lat' dir='ltr'><strong>et</strong></span> <span class='ocrx_word' id='word_1_604' title='bbox 2133 5108 2269 5161; x_wconf 72' lang='lat' dir='ltr'><strong>pne-</strong></span> 
     </span>
    </p>
   </div>
   <div class='ocr_carea' id='block_1_98' title="bbox 694 5173 2270 5244">
    <p class='ocr_par' dir='ltr' id='par_1_98' title="bbox 694 5173 2270 5244">
     <span class='ocr_line' id='line_1_99' title="bbox 694 5173 2270 5244; baseline 0.01 -21"><span class='ocrx_word' id='word_1_605' title='bbox 694 5173 937 5237; x_wconf 82' lang='lat' dir='ltr'><strong>cepimus</strong></span> <span class='ocrx_word' id='word_1_606' title='bbox 964 5181 1024 5232; x_wconf 87' lang='lat' dir='ltr'><strong>ut</strong></span> <span class='ocrx_word' id='word_1_607' title='bbox 1069 5190 1210 5244; x_wconf 56' lang='lat' dir='ltr'><strong>saepe</strong></span> <span class='ocrx_word' id='word_1_608' title='bbox 1254 5178 1562 5235; x_wconf 90' lang='lat' dir='ltr'><strong>nominatus</strong></span> <span class='ocrx_word' id='word_1_609' title='bbox 1593 5179 1883 5235; x_wconf 84' lang='lat' dir='ltr'><strong>advocatus</strong></span> <span class='ocrx_word' id='word_1_610' title='bbox 1910 5181 2054 5235; x_wconf 82' lang='lat' dir='ltr'><strong>nulla</strong></span> <span class='ocrx_word' id='word_1_611' title='bbox 2080 5183 2270 5238; x_wconf 89' lang='lat' dir='ltr'><strong>ullate-</strong></span> 
     </span>
    </p>
   </div>
   <div class='ocr_carea' id='block_1_99' title="bbox 693 5263 2268 5338">
    <p class='ocr_par' dir='ltr' id='par_1_99' title="bbox 693 5263 2268 5338">
     <span class='ocr_line' id='line_1_100' title="bbox 693 5263 2268 5338; baseline 0.009 -23"><span class='ocrx_word' id='word_1_612' title='bbox 693 5276 796 5316; x_wconf 89' lang='lat' dir='ltr'><strong>nus</strong></span> <span class='ocrx_word' id='word_1_613' title='bbox 839 5263 1146 5318; x_wconf 89' lang='lat' dir='ltr'><strong>testimonia</strong></span> <span class='ocrx_word' id='word_1_614' title='bbox 1199 5282 1360 5336; x_wconf 86' lang='lat' dir='ltr'><strong>super</strong></span> <span class='ocrx_word' id='word_1_615' title='bbox 1407 5277 1590 5324; x_wconf 88' lang='lat' dir='ltr'><strong>nostra</strong></span> <span class='ocrx_word' id='word_1_616' title='bbox 1637 5269 1873 5338; x_wconf 90' lang='lat' dir='ltr'><strong>ejusdem</strong></span> <span class='ocrx_word' id='word_1_617' title='bbox 1927 5271 2268 5329; x_wconf 90' lang='lat' dir='ltr'><strong>immunitate</strong></span> 
     </span>
    </p>
   </div>
   <div class='ocr_carea' id='block_1_100' title="bbox 692 5353 2266 5432">
    <p class='ocr_par' dir='ltr' id='par_1_100' title="bbox 692 5353 2266 5432">
     <span class='ocr_line' id='line_1_101' title="bbox 692 5353 2266 5432; baseline 0.008 -28"><span class='ocrx_word' id='word_1_618' title='bbox 692 5353 1005 5407; x_wconf 73' lang='lat' dir='ltr'><strong>monasterii</strong></span> <span class='ocrx_word' id='word_1_619' title='bbox 1048 5362 1211 5411; x_wconf 90' lang='lat' dir='ltr'><strong>testes</strong></span> <span class='ocrx_word' id='word_1_620' title='bbox 1238 5360 1462 5428; x_wconf 86' lang='lat' dir='ltr'><strong>recipiat</strong></span> <span class='ocrx_word' id='word_1_621' title='bbox 1497 5375 1511 5414; x_wconf 91' lang='lat'><strong>:</strong></span> <span class='ocrx_word' id='word_1_622' title='bbox 1546 5361 1637 5416; x_wconf 89' lang='lat' dir='ltr'><strong>sed</strong></span> <span class='ocrx_word' id='word_1_623' title='bbox 1662 5362 1920 5432; x_wconf 87' lang='lat' dir='ltr'><strong>quidquid</strong></span> <span class='ocrx_word' id='word_1_624' title='bbox 1939 5363 2083 5432; x_wconf 87' lang='lat' dir='ltr'><strong>juste</strong></span> <span class='ocrx_word' id='word_1_625' title='bbox 2112 5371 2166 5418; x_wconf 91' lang='lat' dir='ltr'><strong>et</strong></span> <span class='ocrx_word' id='word_1_626' title='bbox 2191 5363 2266 5417; x_wconf 85' lang='lat' dir='ltr'><strong>le-</strong></span> 
     </span>
    </p>
   </div>
   <div class='ocr_carea' id='block_1_101' title="bbox 693 5439 2264 5521">
    <p class='ocr_par' dir='ltr' id='par_1_101' title="bbox 693 5439 2264 5521">
     <span class='ocr_line' id='line_1_102' title="bbox 693 5439 2264 5521; baseline 0.008 -28"><span class='ocrx_word' id='word_1_627' title='bbox 693 5439 886 5508; x_wconf 75' lang='lat' dir='ltr'><strong>galiter</strong></span> <span class='ocrx_word' id='word_1_628' title='bbox 912 5442 1187 5512; x_wconf 64' lang='lat' dir='ltr'><strong>quaesierit</strong></span> <span class='ocrx_word' id='word_1_629' title='bbox 1216 5447 1329 5504; x_wconf 82' lang='lat' dir='ltr'><strong>sive</strong></span> <span class='ocrx_word' id='word_1_630' title='bbox 1380 5451 1683 5505; x_wconf 87' lang='lat' dir='ltr'><strong>detenderit</strong></span> <span class='ocrx_word' id='word_1_631' title='bbox 1708 5467 1833 5506; x_wconf 91' lang='lat' dir='ltr'><strong>cum</strong></span> <span class='ocrx_word' id='word_1_632' title='bbox 1860 5460 2060 5507; x_wconf 68' lang='lat' dir='ltr'><strong>nostra:</strong></span> <span class='ocrx_word' id='word_1_633' title='bbox 2095 5452 2264 5521; x_wconf 85' lang='lat' dir='ltr'><strong>partis</strong></span> 
     </span>
    </p>
   </div>
   <div class='ocr_carea' id='block_1_102' title="bbox 695 5533 2258 5613">
    <p class='ocr_par' dir='ltr' id='par_1_102' title="bbox 695 5533 2258 5613">
     <span class='ocr_line' id='line_1_103' title="bbox 695 5533 2258 5613; baseline 0.008 -29"><span class='ocrx_word' id='word_1_634' title='bbox 695 5533 934 5597; x_wconf 87' lang='lat' dir='ltr'><strong>testibus,</strong></span> <span class='ocrx_word' id='word_1_635' title='bbox 955 5535 1204 5592; x_wconf 87' lang='lat' dir='ltr'><strong>eﬁ&#39;ectum</strong></span> <span class='ocrx_word' id='word_1_636' title='bbox 1235 5540 1310 5594; x_wconf 90' lang='lat' dir='ltr'><strong>rei</strong></span> <span class='ocrx_word' id='word_1_637' title='bbox 1334 5542 1640 5596; x_wconf 87' lang='lat' dir='ltr'><strong>evindicare</strong></span> <span class='ocrx_word' id='word_1_638' title='bbox 1662 5550 1716 5595; x_wconf 90' lang='lat' dir='ltr'><strong>et</strong></span> <span class='ocrx_word' id='word_1_639' title='bbox 1743 5541 2005 5613; x_wconf 88' lang='lat' dir='ltr'><strong>perﬁcere</strong></span> <span class='ocrx_word' id='word_1_640' title='bbox 2026 5545 2258 5599; x_wconf 86' lang='lat' dir='ltr'><strong>studeat.</strong></span> 
     </span>
    </p>
   </div>
   <div class='ocr_carea' id='block_1_103' title="bbox 693 5619 2258 5706">
    <p class='ocr_par' dir='ltr' id='par_1_103' title="bbox 693 5619 2258 5706">
     <span class='ocr_line' id='line_1_104' title="bbox 693 5619 2258 5706; baseline 0.01 -31"><span class='ocrx_word' id='word_1_641' title='bbox 693 5619 749 5677; x_wconf 83' lang='lat' dir='ltr'><strong>Si</strong></span> <span class='ocrx_word' id='word_1_642' title='bbox 778 5625 999 5692; x_wconf 87' lang='lat' dir='ltr'><strong>quilibet</strong></span> <span class='ocrx_word' id='word_1_643' title='bbox 1034 5643 1162 5686; x_wconf 87' lang='lat' dir='ltr'><strong>vero</strong></span> <span class='ocrx_word' id='word_1_644' title='bbox 1188 5629 1424 5700; x_wconf 88' lang='lat' dir='ltr'><strong>aliquam</strong></span> <span class='ocrx_word' id='word_1_645' title='bbox 1471 5632 1780 5688; x_wconf 86' lang='lat' dir='ltr'><strong>dilationem</strong></span> <span class='ocrx_word' id='word_1_646' title='bbox 1811 5634 1862 5688; x_wconf 87' lang='lat' dir='ltr'><strong>in</strong></span> <span class='ocrx_word' id='word_1_647' title='bbox 1906 5634 2130 5706; x_wconf 77' lang='lat' dir='ltr'><strong>justitiis</strong></span> <span class='ocrx_word' id='word_1_648' title='bbox 2179 5634 2258 5690; x_wconf 78' lang='lat' dir='ltr'><strong>fa-</strong></span> 
     </span>
    </p>
   </div>
   <div class='ocr_carea' id='block_1_104' title="bbox 2372 4512 3808 4600">
    <p class='ocr_par' dir='ltr' id='par_1_104' title="bbox 2372 4512 3808 4600">
     <span class='ocr_line' id='line_1_105' title="bbox 2372 4512 3808 4600; baseline -0.004 -16"><span class='ocrx_word' id='word_1_649' title='bbox 2372 4529 2541 4591; x_wconf 87' lang='lat' dir='ltr'><strong>sterii,</strong></span> <span class='ocrx_word' id='word_1_650' title='bbox 2576 4546 2696 4600; x_wconf 72' lang='lat' dir='ltr'><strong>qua:</strong></span> <span class='ocrx_word' id='word_1_651' title='bbox 2724 4540 2807 4586; x_wconf 92' lang='lat' dir='ltr'><strong>est</strong></span> <span class='ocrx_word' id='word_1_652' title='bbox 2834 4532 2884 4585; x_wconf 89' lang='lat' dir='ltr'><strong>in</strong></span> <span class='ocrx_word' id='word_1_653' title='bbox 2923 4512 3128 4589; x_wconf 76' lang='lat' dir='ltr'><strong>honore</strong></span> <span class='ocrx_word' id='word_1_654' title='bbox 3148 4537 3322 4589; x_wconf 88' lang='lat' dir='ltr'><strong>sancti</strong></span> <span class='ocrx_word' id='word_1_655' title='bbox 3353 4525 3626 4589; x_wconf 85' lang='lat' dir='ltr'><strong>Salvatoris,</strong></span> <span class='ocrx_word' id='word_1_656' title='bbox 3649 4531 3716 4572; x_wconf 76' lang='lat' dir='ltr'><strong>seu</strong></span> <span class='ocrx_word' id='word_1_657' title='bbox 3734 4512 3808 4563; x_wconf 54' lang='lat' dir='ltr'><strong>b3&quot;</strong></span> 
     </span>
    </p>
   </div>
   <div class='ocr_carea' id='block_1_105' title="bbox 2372 4605 3808 4702">
    <p class='ocr_par' dir='ltr' id='par_1_105' title="bbox 2372 4605 3808 4702">
     <span class='ocr_line' id='line_1_106' title="bbox 2372 4605 3808 4702; baseline -0.01 -25"><span class='ocrx_word' id='word_1_658' title='bbox 2372 4631 2440 4677; x_wconf 69' lang='lat' dir='ltr'><strong>ta:</strong></span> <span class='ocrx_word' id='word_1_659' title='bbox 2463 4622 2643 4676; x_wconf 65' lang='lat' dir='ltr'><strong>Mariae</strong></span> <span class='ocrx_word' id='word_1_660' title='bbox 2671 4624 2916 4695; x_wconf 82' lang='lat' dir='ltr'><strong>virginis,</strong></span> <span class='ocrx_word' id='word_1_661' title='bbox 2947 4635 3004 4680; x_wconf 92' lang='lat' dir='ltr'><strong>et</strong></span> <span class='ocrx_word' id='word_1_662' title='bbox 3029 4625 3171 4680; x_wconf 82' lang='lat' dir='ltr'><strong>Petri</strong></span> <span class='ocrx_word' id='word_1_663' title='bbox 3195 4636 3251 4682; x_wconf 92' lang='lat' dir='ltr'><strong>et</strong></span> <span class='ocrx_word' id='word_1_664' title='bbox 3269 4627 3413 4682; x_wconf 84' lang='lat' dir='ltr'><strong>Pauli</strong></span> <span class='ocrx_word' id='word_1_665' title='bbox 3441 4614 3742 4702; x_wconf 46' lang='lat' dir='ltr'><strong>apostolorum</strong></span> <span class='ocrx_word' id='word_1_666' title='bbox 3760 4605 3808 4702; x_wconf 56' lang='lat' dir='ltr'><strong>Ii:</strong></span> 
     </span>
    </p>
   </div>
   <div class='ocr_carea' id='block_1_106' title="bbox 2373 4697 3806 4782">
    <p class='ocr_par' dir='ltr' id='par_1_106' title="bbox 2373 4697 3806 4782">
     <span class='ocr_line' id='line_1_107' title="bbox 2373 4697 3806 4782; baseline -0.013 -18"><span class='ocrx_word' id='word_1_667' title='bbox 2373 4727 2477 4780; x_wconf 86' lang='lat' dir='ltr'><strong>que</strong></span> <span class='ocrx_word' id='word_1_668' title='bbox 2506 4713 2814 4782; x_wconf 82' lang='lat' dir='ltr'><strong>archangeli</strong></span> <span class='ocrx_word' id='word_1_669' title='bbox 2844 4714 3119 4770; x_wconf 84' lang='lat' dir='ltr'><strong>Michaelis</strong></span> <span class='ocrx_word' id='word_1_670' title='bbox 3173 4717 3372 4779; x_wconf 87' lang='lat' dir='ltr'><strong>dicata,</strong></span> <span class='ocrx_word' id='word_1_671' title='bbox 3422 4714 3610 4782; x_wconf 83' lang='lat' dir='ltr'><strong>petente</strong></span> <span class='ocrx_word' id='word_1_672' title='bbox 3641 4697 3806 4752; x_wconf 75' lang='lat' dir='ltr'><strong>nimirum</strong></span> 
     </span>
    </p>
   </div>
   <div class='ocr_carea' id='block_1_107' title="bbox 2373 4782 3801 4881">
    <p class='ocr_par' dir='ltr' id='par_1_107' title="bbox 2373 4782 3801 4881">
     <span class='ocr_line' id='line_1_108' title="bbox 2373 4782 3801 4881; baseline 0.006 -27"><span class='ocrx_word' id='word_1_673' title='bbox 2373 4800 2662 4858; x_wconf 88' lang='lat' dir='ltr'><strong>Benedicto</strong></span> <span class='ocrx_word' id='word_1_674' title='bbox 2683 4803 2924 4873; x_wconf 86' lang='lat' dir='ltr'><strong>ejusdem</strong></span> <span class='ocrx_word' id='word_1_675' title='bbox 2955 4808 3270 4861; x_wconf 89' lang='lat' dir='ltr'><strong>monasterii</strong></span> <span class='ocrx_word' id='word_1_676' title='bbox 3295 4817 3416 4861; x_wconf 86' lang='lat' dir='ltr'><strong>tunc</strong></span> <span class='ocrx_word' id='word_1_677' title='bbox 3441 4792 3651 4867; x_wconf 70' lang='grc' dir='ltr'><strong>ιςιηροτίε</strong></span> <span class='ocrx_word' id='word_1_678' title='bbox 3669 4782 3801 4881; x_wconf 30' lang='lat' dir='ltr'><strong>“iw?</strong></span> 
     </span>
    </p>
   </div>
   <div class='ocr_carea' id='block_1_108' title="bbox 2371 4877 3802 4974">
    <p class='ocr_par' dir='ltr' id='par_1_108' title="bbox 2371 4877 3802 4974">
     <span class='ocr_line' id='line_1_109' title="bbox 2371 4877 3802 4974; baseline 0.002 -30"><span class='ocrx_word' id='word_1_679' title='bbox 2371 4899 2425 4944; x_wconf 89' lang='lat' dir='ltr'><strong>et</strong></span> <span class='ocrx_word' id='word_1_680' title='bbox 2454 4907 2554 4962; x_wconf 91' lang='lat' dir='ltr'><strong>per</strong></span> <span class='ocrx_word' id='word_1_681' title='bbox 2599 4893 2977 4949; x_wconf 88' lang='lat' dir='ltr'><strong>auctoritatem</strong></span> <span class='ocrx_word' id='word_1_682' title='bbox 3030 4904 3272 4951; x_wconf 90' lang='lat' dir='ltr'><strong>nostram</strong></span> <span class='ocrx_word' id='word_1_683' title='bbox 3313 4895 3540 4962; x_wconf 75' lang='lat' dir='ltr'><strong>delegare</strong></span> 
     </span>
    </p>
   </div>
   <div class='ocr_carea' id='block_1_109' title="bbox 2373 4953 3802 5055">
    <p class='ocr_par' dir='ltr' id='par_1_109' title="bbox 2373 4953 3802 5055">
     <span class='ocr_line' id='line_1_110' title="bbox 2373 4953 3802 5055; baseline -0.017 -17"><span class='ocrx_word' id='word_1_684' title='bbox 2373 4953 2477 5038; x_wconf 82' lang='lat' dir='ltr'><strong>Sed</strong></span> <span class='ocrx_word' id='word_1_685' title='bbox 2502 4985 2628 5055; x_wconf 90' lang='lat' dir='ltr'><strong>quia</strong></span> <span class='ocrx_word' id='word_1_686' title='bbox 2649 4985 2903 5054; x_wconf 91' lang='lat' dir='ltr'><strong>deinceps</strong></span> <span class='ocrx_word' id='word_1_687' title='bbox 2924 4985 3184 5042; x_wconf 90' lang='lat' dir='ltr'><strong>divinitus</strong></span> <span class='ocrx_word' id='word_1_688' title='bbox 3207 4989 3359 5044; x_wconf 85' lang='lat' dir='ltr'><strong>nobis</strong></span> <span class='ocrx_word' id='word_1_689' title='bbox 3377 4973 3606 5052; x_wconf 85' lang='lat' dir='ltr'><strong>imperiali</strong></span> <span class='ocrx_word' id='word_1_690' title='bbox 3621 4965 3718 5024; x_wconf 90' lang='lat' dir='ltr'><strong>solio</strong></span> <span class='ocrx_word' id='word_1_691' title='bbox 3729 4953 3802 5055; x_wconf 36' lang='lat' dir='ltr'><strong>subj</strong></span> 
     </span>
    </p>
   </div>
   <div class='ocr_carea' id='block_1_110' title="bbox 2370 5053 3803 5146">
    <p class='ocr_par' dir='ltr' id='par_1_110' title="bbox 2370 5053 3803 5146">
     <span class='ocr_line' id='line_1_111' title="bbox 2370 5053 3803 5146; baseline -0.014 -19"><span class='ocrx_word' id='word_1_692' title='bbox 2370 5053 2590 5138; x_wconf 81' lang='lat' dir='ltr'><strong>limatis,</strong></span> <span class='ocrx_word' id='word_1_693' title='bbox 2637 5053 2853 5129; x_wconf 86' lang='lat' dir='ltr'><strong>easdem</strong></span> <span class='ocrx_word' id='word_1_694' title='bbox 2907 5090 2999 5130; x_wconf 86' lang='lat' dir='ltr'><strong>res</strong></span> <span class='ocrx_word' id='word_1_695' title='bbox 3049 5078 3245 5146; x_wconf 87' lang='lat' dir='ltr'><strong>potiori</strong></span> <span class='ocrx_word' id='word_1_696' title='bbox 3293 5072 3582 5132; x_wconf 82' lang='lat' dir='ltr'><strong>auctoritate</strong></span> <span class='ocrx_word' id='word_1_697' title='bbox 3617 5053 3803 5146; x_wconf 45' lang='lat' dir='ltr'><strong>robora“,s</strong></span> 
     </span>
    </p>
   </div>
   <div class='ocr_carea' id='block_1_111' title="bbox 2370 5129 3800 5241">
    <p class='ocr_par' dir='ltr' id='par_1_111' title="bbox 2370 5129 3800 5241">
     <span class='ocr_line' id='line_1_112' title="bbox 2370 5129 3800 5241; baseline -0.008 -23"><span class='ocrx_word' id='word_1_698' title='bbox 2370 5165 2536 5220; x_wconf 82' lang='lat' dir='ltr'><strong>fuisse</strong></span> <span class='ocrx_word' id='word_1_699' title='bbox 2559 5166 2785 5220; x_wconf 87' lang='lat' dir='ltr'><strong>necdum</strong></span> <span class='ocrx_word' id='word_1_700' title='bbox 2812 5181 2934 5221; x_wconf 88' lang='lat' dir='ltr'><strong>esse</strong></span> <span class='ocrx_word' id='word_1_701' title='bbox 2959 5168 3306 5234; x_wconf 73' lang='lat' dir='ltr'><strong>consisteret,</strong></span> <span class='ocrx_word' id='word_1_702' title='bbox 3329 5129 3800 5241; x_wconf 87' lang='lat' dir='ltr'><strong>venerabilis</strong></span> 
     </span>
    </p>
   </div>
   <div class='ocr_carea' id='block_1_112' title="bbox 2373 5225 3801 5324">
    <p class='ocr_par' dir='ltr' id='par_1_112' title="bbox 2373 5225 3801 5324">
     <span class='ocr_line' id='line_1_113' title="bbox 2373 5225 3801 5324; baseline -0.011 -10"><span class='ocrx_word' id='word_1_703' title='bbox 2373 5258 2474 5312; x_wconf 91' lang='lat' dir='ltr'><strong>dus</strong></span> <span class='ocrx_word' id='word_1_704' title='bbox 2518 5255 2758 5324; x_wconf 84' lang='lat' dir='ltr'><strong>ejusdem</strong></span> <span class='ocrx_word' id='word_1_705' title='bbox 2799 5259 3113 5313; x_wconf 90' lang='lat' dir='ltr'><strong>monasterii</strong></span> <span class='ocrx_word' id='word_1_706' title='bbox 3166 5260 3334 5315; x_wconf 60' lang='lat' dir='ltr'><strong>abbas</strong></span> <span class='ocrx_word' id='word_1_707' title='bbox 3373 5263 3546 5312; x_wconf 80' lang='lat' dir='ltr'><strong>nostra:</strong></span> <span class='ocrx_word' id='word_1_708' title='bbox 3587 5225 3801 5306; x_wconf 58' lang='lat' dir='ltr'><strong>SUPPIW‘”</strong></span> 
     </span>
    </p>
   </div>
   <div class='ocr_carea' id='block_1_113' title="bbox 2372 5324 3798 5406">
    <p class='ocr_par' dir='ltr' id='par_1_113' title="bbox 2372 5324 3798 5406">
     <span class='ocr_line' id='line_1_114' title="bbox 2372 5324 3798 5406; baseline -0.008 -4"><span class='ocrx_word' id='word_1_709' title='bbox 2372 5348 2670 5402; x_wconf 67' lang='lat' dir='ltr'><strong>clementia:</strong></span> <span class='ocrx_word' id='word_1_710' title='bbox 2695 5358 2752 5403; x_wconf 89' lang='lat' dir='ltr'><strong>ut</strong></span> <span class='ocrx_word' id='word_1_711' title='bbox 2777 5349 2954 5404; x_wconf 90' lang='lat' dir='ltr'><strong>denuo</strong></span> <span class='ocrx_word' id='word_1_712' title='bbox 2979 5361 3217 5404; x_wconf 88' lang='lat' dir='ltr'><strong>nostram</strong></span> <span class='ocrx_word' id='word_1_713' title='bbox 3265 5347 3598 5406; x_wconf 85' lang='lat' dir='ltr'><strong>auctoritatem</strong></span> <span class='ocrx_word' id='word_1_714' title='bbox 3621 5333 3735 5392; x_wconf 61' lang='lat' dir='ltr'><strong>still”r</strong></span> <span class='ocrx_word' id='word_1_715' title='bbox 3749 5324 3798 5363; x_wconf 58' lang='grc'><strong>’⁸³⁸</strong></span> 
     </span>
    </p>
   </div>
   <div class='ocr_carea' id='block_1_114' title="bbox 2370 5413 3796 5539">
    <p class='ocr_par' dir='ltr' id='par_1_114' title="bbox 2370 5413 3796 5539">
     <span class='ocr_line' id='line_1_115' title="bbox 2370 5413 3796 5539; baseline 0.013 -41"><span class='ocrx_word' id='word_1_716' title='bbox 2370 5445 2472 5499; x_wconf 90' lang='lat' dir='ltr'><strong>bus</strong></span> <span class='ocrx_word' id='word_1_717' title='bbox 2493 5443 2650 5508; x_wconf 82' lang='lat' dir='ltr'><strong>villae,</strong></span> <span class='ocrx_word' id='word_1_718' title='bbox 2667 5459 2785 5513; x_wconf 78' lang='lat' dir='ltr'><strong>qua:</strong></span> <span class='ocrx_word' id='word_1_719' title='bbox 2799 5444 2995 5498; x_wconf 88' lang='lat' dir='ltr'><strong>dicitur</strong></span> <span class='ocrx_word' id='word_1_720' title='bbox 3014 5442 3339 5509; x_wconf 89' lang='lat' dir='ltr'><strong>Causscnas,</strong></span> <span class='ocrx_word' id='word_1_721' title='bbox 3355 5439 3567 5506; x_wconf 66' lang='lat' dir='ltr'><strong>accipere</strong></span> 
     </span>
    </p>
   </div>
   <div class='ocr_carea' id='block_1_115' title="bbox 2368 5504 3793 5628">
    <p class='ocr_par' dir='ltr' id='par_1_115' title="bbox 2368 5504 3793 5628">
     <span class='ocr_line' id='line_1_116' title="bbox 2368 5504 3793 5628; baseline -0.038 -14"><span class='ocrx_word' id='word_1_722' title='bbox 2368 5552 2466 5607; x_wconf 68' lang='lat' dir='ltr'><strong>Pe&quot;</strong></span> <span class='ocrx_word' id='word_1_723' title='bbox 2507 5521 2668 5606; x_wconf 69' lang='grc' dir='ltr'><strong>ὶιυειω</strong></span> <span class='ocrx_word' id='word_1_724' title='bbox 2693 5551 2788 5591; x_wconf 89' lang='lat' dir='ltr'><strong>eas</strong></span> <span class='ocrx_word' id='word_1_725' title='bbox 2813 5534 3019 5590; x_wconf 86' lang='lat' dir='ltr'><strong>ﬁrmius</strong></span> <span class='ocrx_word' id='word_1_726' title='bbox 3044 5536 3320 5605; x_wconf 86' lang='lat' dir='ltr'><strong>possidere</strong></span> <span class='ocrx_word' id='word_1_727' title='bbox 3361 5504 3793 5628; x_wconf 48' lang='lat' dir='ltr'><strong>valeretLCtilnil‘EZ:</strong></span> 
     </span>
    </p>
   </div>
   <div class='ocr_carea' id='block_1_116' title="bbox 2369 5593 3776 5696">
    <p class='ocr_par' dir='ltr' id='par_1_116' title="bbox 2369 5593 3776 5696">
     <span class='ocr_line' id='line_1_117' title="bbox 2369 5593 3776 5696; baseline -0.023 -12"><span class='ocrx_word' id='word_1_728' title='bbox 2369 5593 2555 5685; x_wconf 65' lang='lat' dir='ltr'><strong>amore</strong></span> <span class='ocrx_word' id='word_1_729' title='bbox 2599 5635 2650 5684; x_wconf 85' lang='lat' dir='ltr'><strong>et</strong></span> <span class='ocrx_word' id='word_1_730' title='bbox 2699 5628 2905 5683; x_wconf 81' lang='lat' dir='ltr'><strong>honore</strong></span> <span class='ocrx_word' id='word_1_731' title='bbox 2946 5593 3229 5682; x_wconf 66' lang='lat' dir='ltr'><strong>assensum</strong></span> <span class='ocrx_word' id='word_1_732' title='bbox 3254 5624 3544 5696; x_wconf 80' lang='lat' dir='ltr'><strong>praebentes,</strong></span> <span class='ocrx_word' id='word_1_733' title='bbox 3562 5607 3638 5661; x_wconf 85' lang='lat' dir='ltr'><strong>hos</strong></span> <span class='ocrx_word' id='word_1_734' title='bbox 3655 5593 3776 5650; x_wconf 70' lang='lat' dir='ltr'><strong>005W</strong></span> 
     </span>
    </p>
   </div>
  </div>
