4062 6332
270 281 411 342 H37

1452 278 1453 281 “
1506 276 1809 338 ΟΠΑΒΤᾸΞ
1840 275 2301 333 ΔΝΙΑΝΕΝΞΕΒ.

3384 273 3524 331 ωδε

267 378 622 470 αρὶοεελιὶετί
660 387 943 461 jussimus,
981 403 1079 460 per
1123 403 1259 458 quos
1298 354 1640 445 decernimus
1683 397 1847 458 atque
1873 395 1926 452 Α
1948 387 2096 443 omni
2123 387 2449 459 integritate,
2478 386 2619 442 sicut
2642 401 2675 441 a
2715 385 3047 456 temporibus
3075 385 3260 442 domni
3288 394 3345 443 et
3370 384 3525 457 geni-

270 486 550 545 sancimus
576 490 633 536 ut
647 479 761 550 jam
796 480 940 535 dicta
963 479 1089 533 villa
1111 477 1415 534 Caussenas
1434 494 1555 534 cum
1581 478 1728 533 omni
1772 478 1852 531 in-

273 574 530 649 tegritate
551 589 647 628 sua
668 572 858 627 diebus
883 569 1008 635 vitae
1032 576 1233 624 nostra:
1258 568 1610 627 beneﬁciaria
1631 584 1854 645 munere

275 671 335 727 in
378 666 743 729 dominatione
782 673 837 718 et
882 662 1273 733 gubernatione
1304 660 1498 717 Aniani
1540 660 1852 722 monasterii

276 767 660 826 rectorumque
709 755 851 809 illius
890 764 1053 822 atque
1085 749 1478 806 sustentatioue
1526 750 1753 805 fratrum
1800 750 1855 803 in

276 851 392 909 Deo
413 849 646 904 Domino
671 845 1011 900 militantium
1032 844 1322 913 persistat;
1349 850 1403 896 et
1427 841 1683 917 quidquid
1704 841 1770 896 de
1791 855 1856 902 ea

272 943 397 1017 iure
418 941 787 999 ecclesiastico
821 946 876 993 et
900 938 1057 992 modo
1091 921 1638 994 beneﬁciario'facere
1676 932 1857 1003 dispo-

278 1033 511 1099 suerint,
542 1031 768 1086 liberam
803 1029 1036 1083 habeant
1056 1034 1401 1103 potestatem.
1439 1024 1507 1092 Et
1534 1034 1593 1078 ut
1619 1025 1734 1079 haec
1761 1038 1857 1076 au-

279 1123 506 1179 ctoritas
547 1129 729 1178 nostra
777 1121 985 1175 ﬁrmior
1025 1120 1310 1184 habeatur,
1338 1118 1404 1172 de
1427 1118 1627 1172 annulo
1670 1122 1857 1172 nostro

271 1212 472 1299 ‘subter
488 1211 750 1283 jussimus
786 1206 1046 1279 sigillare.

356 1297 579 1367 Signum
603 1298 857 1353 Ludovici
884 1297 1217 1353 serenissimi
1243 1295 1609 1366 imperatoris.

274 1409 279 1412 ι
351 1386 735 1441 Hirminmaris
785 1386 1027 1440 notarius
1079 1386 1147 1440 ad
1192 1385 1366 1441 vicem
1426 1384 1669 1457 Hugonis
1710 1401 1862 1441 reco-

283 1477 466 1549 gnovL

357 1569 492 1623 Data
536 1583 629 1623 xxv
648 1567 767 1622 Kal.
792 1565 1128 1629 Novembris,
1153 1581 1317 1635 anno,
1339 1565 1561 1623 Christo
1600 1564 1857 1643 propitio,

285 1674 415 1714 xxxv
452 1658 661 1728 imperii
688 1658 870 1714 domui
892 1654 1150 1712 Ludovici
1181 1652 1410 1728 piissimi
1449 1653 1703 1727 Augusti,
1727 1667 1752 1696 ι
1781 1654 1862 1715 in-

277 1748 522 1820 dictione
559 1764 648 1802 xv.

356 1839 551 1895 Actum
589 1837 915 1912 Aquisgrani
942 1834 1144 1910 palatio
1165 1837 1317 1917 regio
1334 1837 1390 1893 in
1432 1837 1527 1894 Dei
1549 1834 1768 1903 nomine
1788 1832 1866 1900 te-

283 1929 483 1995 liciter.
522 1929 715 1998 Amen.
1032 1930 1033 1933 “
1344 1932 1347 1941 “

304 2022 313 2031 “
991 2020 1131 2077 XVI.

594 2106 850 2180 Ejusdem
874 2128 968 2185 pro
1002 2096 1541 2174 eodem‘monasterio,

896 2198 1245 2275 (Ann07837.)

471 2294 648 2370 [Apud
677 2292 901 2353 Mabill..
926 2293 1057 2346 Acta
1088 2290 1195 2347 SS.
1236 2290 1354 2345 0rd.
1379 2288 1437 2345 S.
1462 2287 1688 2362 Bened.]

364 2386 420 2444 in
445 2386 664 2442 nomine
693 2381 907 2449 Domini
938 2381 1034 2445 Dei
1086 2389 1141 2435 et
1170 2378 1470 2445 Salvatoris
1522 2377 1695 2433 nostri
1739 2375 1867 2438 Jcsu

272 2479 511 2543 Christi,
542 2475 845 2532 Ludovicus
866 2474 1045 2531 divina
1077 2473 1361 2529 ordinante
1390 2469 1730 2543 providentia
1761 2469 1866 2523 im-

296 2582 514 2645 perator
539 2571 833 2643 Augustus.
922 2560 937 2579 ⁸

368 2662 426 2720 Si
458 2676 587 2732 erga
637 2663 756 2718 loca
807 2661 1006 2725 divinis
1050 2658 1282 2715 cultibus
1309 2660 1615 2728 mancipata
1645 2666 1867 2730 propter

296 2768 535 2810 amorem
566 2753 660 2808 Dei
687 2767 888 2824 eosque
916 2751 970 2806 in
1000 2752 1205 2806 eisdem
1252 2748 1386 2804 locis
1415 2749 1516 2807 sibi
1545 2747 1872 2803 famulantes

292 2844 556 2901 beneﬁcia
586 2852 891 2914 opportuna
915 2840 1509 2912 largimur,praamium
1541 2839 1695 2894 nobis
1726 2837 1870 2909 apud

294 2933 582 2989 Dominum
611 2943 827 2989 ceterum
855 2931 1227 2988 retributionis
1274 2929 1499 3001 rependi
1536 2944 1644 2984 non
1679 2927 1871 2985 diﬂidi-

294 3038 434 3079 mus.
468 3022 677 3081 Idcirco
731 3032 917 3079 notum
963 3022 1034 3077 sit
1062 3020 1313 3077 omnibus
1362 3019 1611 3087 ﬁdelibus
1640 3018 1865 3085 nostris,

1954 477 2088 533 toris
2111 477 2281 532 nostri
2313 476 2381 531 ab
2408 475 2610 531 eisdem
2642 475 2921 532 monachis
2965 489 3274 546 possessum
3299 473 3421 530 fuit.
3454 472 3526 530 Et

1953 568 2129 624 locum
2179 569 2272 636 qui
2325 568 2526 624 dicitur
2578 567 2808 622 Auraria
2834 582 2957 621 cum
2985 567 3131 622 omni
3185 567 3517 638 integritate,

1955 663 2096 715 sicut
2145 661 2273 715 olim
2315 676 2345 714 a
2386 650 2540 715 bona:
2591 661 2868 725 memoria:
2919 660 3297 732 Ermengarde’
3344 660 3529 730 regina

1955 750 2216 820 praedicto
2246 751 2574 804 monasterio
2628 751 2886 805 traditum
2913 757 3017 805 est.
3049 751 3115 804 Et
3142 750 3195 804 in
3218 766 3354 821 pago
3383 750 3532 820 Mag‘

1957 838 2249 893 dalonense
2305 847 2548 893 castrum
2604 840 2748 909 quod
2778 839 2974 894 dicitur
3020 838 3533 904 Monte-Calniense,

1957 935 2121 988 situm
2141 931 2298 1011 juxta
2326 930 2546 989 ﬂuvium
2577 933 2775 1000 Araur,
2832 950 2955 990 cum
2987 934 3216 990 ecclesia
3241 935 3412 990 sancti
3441 933 3535 989 lii-

1958 1024 2101 1104 larii,
2143 1041 2174 1079 a
2211 1024 2444 1081 termino
2518 1026 2758 1096 ejusdem
2828 1026 3144 1082 monasterii
3213 1026 3536 1080 Anianensis

1958 1130 2128 1184 usque
2176 1115 2242 1170 ad
2299 1117 2589 1169 terminum
2642 1132 2848 1182 rerum,
2902 1116 3045 1171 sicut
3104 1117 3319 1188 genitor
3349 1125 3535 1171 noster

1959 1216 2110 1262 trans
2139 1207 2310 1277 ripam
2346 1206 2555 1276 praefati
2610 1206 2848 1263 ﬂuminis
2894 1223 2992 1280 per
3020 1224 3174 1263 suum
3204 1217 3531 1279 praeceptum

1959 1298 2025 1351 ad
2048 1296 2325 1367 proprium
2354 1296 2462 1365 iam
2494 1296 2637 1352 dicto
2668 1298 2888 1353 tradidit
2922 1298 3272 1361 monasterio,
3306 1304 3534 1367 excepto

1957 1387 2237 1457 proprium
2270 1388 2625 1459 ingenuorum
2673 1389 2953 1444 hominum
2985 1389 3127 1460 quod
3186 1388 3327 1444 infra
3356 1389 3539 1458 conia-

1961 1486 2069 1530 cet.
2091 1475 2168 1530 ~Et
2199 1492 2365 1548 super
2417 1474 2701 1548 praefatum
2733 1477 2973 1546 ﬂuvium,
3023 1479 3318 1534 Caucinum
3350 1478 3414 1533 ad
3444 1493 3541 1549 pa-

1959 1578 2090 1619 scua
2139 1574 2511 1622 armentorum
2547 1575 2600 1620 et
2630 1566 2824 1621 alenda
2854 1582 3046 1637 pecora
3084 1583 3179 1621 seu
3230 1566 3365 1622 alias
3393 1566 3539 1622 utili-

1962 1662 2125 1720 tates,
2178 1669 2299 1710 eum
2331 1654 2533 1711 villulis
2573 1667 2628 1710 et
2663 1656 2914 1712 omnibus
2942 1657 3276 1726 aspicientiis
3304 1658 3434 1712 suis.
3467 1655 3537 1710 Et

1889 1753 1939 1814 B
1964 1743 2073 1798 alio
2101 1743 2219 1799 loco
2245 1744 2563 1815 Comajagas
2593 1761 2716 1800 cum
2749 1744 2946 1800 ﬁnibus
2973 1755 3027 1802 et
3052 1744 3375 1814 adiacentiis
3403 1745 3539 1811 suis,

1965 1851 2061 1891 seu
2084 1845 2139 1893 et
2162 1836 2405 1892 Paliares
2433 1853 2556 1893 cum
2588 1837 2919 1908 appendiciis
2968 1839 3103 1893 suis.
3136 1838 3203 1893 Et
3229 1839 3282 1892 in
3311 1837 3428 1892 loco
3451 1822 3543 1907 qui

1965 1927 2165 1982 dicitur
2194 1925 2434 1998 Sogrado
2454 1968 2469 1994 ,
2501 1927 2749 1983 cellulam
2778 1943 2942 1999 quam
2975 1927 3075 1999 ipsi
3130 1927 3382 1983 monachi
3410 1927 3544 2008 aedi-

1966 2008 2268 2081 ﬁcaverunt
2312 2028 2436 2073 cum
2486 2019 2806 2090 adjacentiis
2832 2018 2967 2074 suis.
3023 2016 3218 2073 Omnia
3273 2019 3389 2073 haec
3417 2032 3542 2074 cum

1964 2111 2111 2166 omni
2142 2112 2473 2182 integritate,
2504 2112 2661 2169 sicuti
2691 2127 2722 2166 a
2748 2112 2915 2167 misso
2958 2111 3217 2182 genituris
3245 2109 3415 2166 nostri
3440 2108 3545 2185 Ga-

1967 2202 2071 2263 roli
2103 2202 2377 2276 Leydrath
2407 2204 2815 2276 archiepiscopo
2866 2206 3118 2259 traditum
3144 2213 3199 2261 et
3249 2204 3536 2260 marmori-

1968 2294 2072 2349 bus
2108 2309 2209 2364 per
2241 2310 2432 2351 cruces
2460 2304 2516 2351 et
2570 2296 2980 2352 terminationes
3028 2278 3365 2368 assignatum
3418 2293 3543 2360 fuit,

1968 2393 2023 2441 et
2053 2385 2122 2441 ab
2149 2386 2283 2456 ipsis
2314 2387 2595 2442 monachis
2623 2402 2652 2440 a
2684 2386 3020 2458 temporibus
3072 2387 3337 2459 genitoris
3375 2385 3545 2443 nostri

1967 2496 2298 2554 possessum.
2323 2482 2391 2548 Et
2419 2484 2475 2538 in
2534 2484 2652 2555 ipso
2680 2501 2841 2556 pago,
2878 2484 2935 2540 in
2966 2484 3099 2542 ﬁsco
3127 2498 3315 2542 nostro
3340 2501 3547 2542 nuncu-

1968 2564 2134 2642 pante
2204 2568 2509 2637 Juviniaco,
2564 2572 2743 2627 locum
2817 2573 2961 2645 quod
3012 2573 3235 2643 antiquo
3284 2572 3550 2628 vocabulo

1968 2658 2407 2732 Fons-Agricola:
2449 2663 2751 2729 dicebatur,
2804 2679 2949 2721 nunc
3000 2654 3181 2718 autem
3231 2661 3552 2719 Nova-Cella

1970 2749 2292 2821 appellatur,
2320 2766 2481 2820 quam
2512 2752 2731 2822 proprio
2752 2767 2916 2822 opere
2945 2753 3047 2823 ipsi
3096 2753 3345 2808 monachi
3378 2752 3552 2807 mani-

1970 2839 2072 2906 bus
2099 2840 2212 2896 suis
2264 2840 2706 2905 :cdiﬁcaverunt;
2737 2842 2899 2897 etiam
2941 2849 2996 2898 et
3027 2841 3227 2898 molina
3274 2843 3379 2897 duo
3409 2842 3552 2896 infra

1969 2931 2141 3005 ipsius
2170 2931 2286 2988 ﬁsci
2315 2933 2608 2989 terminum
2637 2949 2799 3005 super
2824 2932 3046 2989 ﬂuvium
3074 2932 3214 2990 Lero
3241 2933 3311 2989 ab
3340 2933 3548 2989 eisdem

1969 3032 2281 3080 constructa
2315 3024 2443 3078 cum'
2479 3024 2627 3080 omni
2674 3024 3007 3096 integritate,
3058 3024 3201 3079 sicut
3229 3023 3490 3079 hactenus
3516 3037 3552 3079 a

293 3117 650 3189 praesentibus
678 3124 732 3170 et
756 3114 973 3180 futuris,
1024 3113 1150 3183 quia
1177 3112 1378 3183 placuit
1409 3110 1565 3167 nobis
1597 3126 1696 3182 pro
1723 3126 1867 3166 mer,
1893 3101 1938 3163 C
1971 3115 2305 3187 temporibus
2329 3115 2595 3186 praalibati
2627 3116 2887 3187 genitoris
2928 3118 3099 3173 nostri
3145 3116 3329 3187 quieto
3357 3117 3551 3175 ordine

294 3206 444 3273 cedis
472 3214 672 3263 nostra:
701 3212 993 3277 augmento
1019 3204 1086 3258 ad
1126 3202 1517 3267 monasterium
1564 3201 1708 3272 quod
1735 3201 1870 3257 dici-

299 3305 389 3352 tur
417 3290 643 3363 Aniana,
676 3296 841 3355 situm
890 3295 943 3349 in
967 3309 1105 3364 pago
1151 3292 1587 3364 Magdalenense,
1621 3301 1871 3352 constru-

302 3395 447 3441 ctum
481 3385 535 3439 in
584 3384 791 3438 honore
843 3383 1054 3437 Domini
1080 3388 1135 3436 et
1179 3379 1478 3435 Salvatoris
1526 3380 1699 3434 nostri
1742 3377 1870 3433 Iesu

307 3473 531 3546 Christi,
590 3481 644 3528 et
674 3481 875 3527 sancta:
904 3487 969 3531 ac
1022 3485 1236 3541 semper
1282 3470 1504 3540 virginis
1534 3468 1736 3533 Mariae,
1775 3483 1870 3523 seu

304 3564 535 3621 aliorum
585 3571 920 3628 sanctorum,
973 3562 1065 3617 ubi
1111 3560 1437 3617 venerabilis
1483 3559 1872 3616 Hermenaldus

299 3657 471 3714 abbas
498 3671 729 3727 praeesse
758 3655 991 3719 videtur,
1017 3652 1219 3723 aliquid
1246 3669 1315 3708 ex
1346 3652 1506 3713 rebus
1536 3652 1749 3707 tradere
1775 3666 1875 3705 no-

300 3749 449 3813 stris,
477 3749 531 3803 id
560 3756 644 3803 est
680 3747 969 3817 quamdam
1008 3745 1258 3800 cellulam
1294 3752 1700 3815 nuncupantem
1750 3743 1874 3807 Gel-

298 3837 460 3903 lonis,
492 3838 654 3892 sitam
685 3837 742 3891 in
792 3852 930 3908 pago
960 3836 1285 3901 Lutovcnse,
1341 3850 1463 3890 cum
1503 3835 1754 3890 omnibus
1780 3849 1876 3905 ap-

298 3930 560 4002 pendiciis
590 3929 724 3993 suis,
749 3928 831 3982 vel
857 3927 1121 3998 quidquid
1171 3927 1244 3981 ibi
1276 3926 1576 3981 Willelmus
1601 3925 1874 3996 quondam

298 4036 504 4085 comes,
555 4022 647 4091 qui
679 4021 852 4091 ipsam
883 4018 1129 4080 cellulam
1160 4020 1216 4074 in
1246 4034 1407 4079 causa
1431 4019 1615 4074 domui
1644 4028 1699 4074 et
1726 4018 1878 4103 geni—

300 4109 438 4164 toris
469 4109 637 4164 nostri
668 4107 996 4173 construxit,
1028 4123 1123 4163 seu
1152 4118 1207 4163 et
1236 4108 1326 4162 alii
1360 4108 1489 4164 boni
1513 4108 1759 4164 homines
1780 4122 1878 4180 per

303 4206 607 4254 strumenta
662 4198 973 4252 chartarum
1032 4199 1386 4253 tradiderunt.
1433 4199 1499 4254 Et
1528 4200 1582 4255 in
1621 4201 1878 4270 prmdicto

299 4303 439 4360 pago
491 4287 676 4343 villam
709 4303 829 4359 qua:
863 4286 1065 4354 dicitur
1126 4287 1544 4361 Magaraneiate,
1589 4299 1645 4344 et
1699 4289 1877 4358 locum

300 4384 393 4452 qui
424 4384 624 4438 dicitur
650 4380 1095 4437 Castra-Pastum
1121 4383 1188 4437 ad
1215 4397 1412 4450 pecora
1440 4397 1631 4436 eorum
1661 4381 1877 4448 alenda,

1969 3214 2265 3262 tenuerunt
2290 3223 2305 3271 ;
2334 3214 2391 3260 et
2417 3206 2558 3261 inter
2587 3222 2738 3275 mare
2785 3215 2841 3263 et
2865 3215 3115 3279 stagnum
3145 3207 3321 3262 locum
3348 3206 3441 3276 qui
3465 3221 3555 3263 vo-

1970 3306 2131 3363 catur
2158 3296 2461 3368 porcarias,
2494 3310 2654 3366 quem
2684 3297 2787 3351 sibi
2835 3298 2904 3352 ad
2963 3312 3161 3366 porcos
3184 3296 3438 3352 alendum
3465 3294 3549 3352 vel

1972 3386 2039 3440 ad
2063 3384 2377 3456 piscationis
2406 3386 2887 3454 opportunitatem,
2919 3401 3016 3443 seu
3059 3387 3192 3442 alias
3218 3384 3552 3454 adjacentias

1974 3475 2041 3530 de
2069 3475 2202 3529 locis
2254 3475 2453 3529 eremis
2480 3474 2691 3546 praefati
2745 3477 2997 3532 monachi
3031 3484 3407 3548 susceperunt,
3440 3483 3496 3532 et
3521 3492 3555 3533 a

1974 3568 2224 3638 genitore
2250 3576 2442 3624 nostro
2489 3569 2572 3624 eis
2621 3582 2720 3639 per
2772 3576 3102 3640 praeceptum
3151 3568 3350 3624 collata
3403 3576 3550 3623 sunt.

1973 3657 2107 3725 Item
2137 3658 2191 3713 in
2226 3659 2415 3714 eodem
2444 3675 2584 3730 pago
2621 3660 2740 3717 illos
2762 3676 2920 3732 seges
2948 3676 3070 3716 cum
3107 3660 3225 3731 ipsa
3259 3660 3555 3731 piscatoria

1975 3757 2032 3804 et
2058 3748 2233 3820 plagis
2262 3748 2430 3804 maris
2455 3756 2511 3803 et
2534 3749 2724 3804 iiscum
2753 3758 2999 3807 nostrum
3049 3750 3416 3805 adhmrentem
3446 3748 3554 3805 illis

1976 3839 2068 3917 qui
2091 3845 2432 3910 nuncupatur
2457 3837 2597 3905 Sita,
2625 3839 2718 3909 qui
2747 3847 2833 3894 est
2862 3838 3005 3894 inter
3030 3854 3181 3894 mare
3208 3847 3264 3894 et
3282 3847 3552 3911 stagnum,

1976 3925 2334 3996 etsubjungit
2384 3942 2521 3998 pago
2575 3927 2851 3997 Agatensi,
2883 3942 3007 3982 cum
3061 3927 3326 3994 ecclesiis,
3355 3927 3556 3983 villari-

1980 4021 2107 4085 bus,
2137 4020 2423 4090 mancipiis
2456 4019 2627 4097 plagis
2652 4019 2819 4075 maris
2840 4028 2895 4075 et
2922 4020 3253 4090 piscatoriis,
3286 4035 3410 4075 cum
3435 4035 3556 4076 om-

1977 4109 2138 4181 nibus
2166 4109 2498 4181 aspicientiis
2521 4119 2578 4166 et
2619 4109 2936 4181 adjacentiis
2988 4113 3122 4176 suis,
3152 4127 3276 4166 cum
3324 4111 3474 4166 silvis
3497 4119 3556 4166 et

1979 4200 2264 4263 arboribus
2290 4215 2453 4272 supra
2479 4201 2688 4273 positis,
2724 4216 2897 4271 usque
2924 4201 2991 4255 ad
3022 4201 3197 4255 locum
3247 4201 3339 4270 qui
3359 4201 3556 4256 dicitur

1978 4289 2317 4354 Caraiaeum,
2347 4299 2828 4360 quantumcunque
2855 4289 2941 4345 vel
2980 4290 3467 4360 quomodocunque
3492 4291 3550 4345 in

1980 4381 2182 4437 eisdem
2214 4380 2348 4437 locis
2370 4380 2512 4436 idem
2539 4380 2752 4451 genitor
2779 4388 2964 4434 noster
3006 4378 3277 4451 quondam
3300 4380 3365 4435 ad
3395 4395 3551 4435 suum

301 4445 398 4526 seu
453 4471 681 4526 diversis
735 4473 948 4539 usibus,
1000 4488 1124 4529 cum
1177 4445 1424 4528 terminis
1476 4480 1533 4528 et
1558 4445 1955 4543 adjacentiisD
1981 4471 2170 4527 habuit
2190 4487 2345 4542 opus.
2386 4472 2454 4527 Et
2501 4445 2567 4526 in
2610 4486 2748 4543 pago
2794 4445 3148 4531 Narbonense
3203 4469 3406 4525 salinas
3432 4485 3553 4540 quae

304 4562 437 4633 suis.
470 4562 538 4615 Et
565 4563 619 4615 in
648 4564 836 4617 eodem
886 4579 1023 4634 pago
1049 4565 1239 4626 ﬁscum
1294 4573 1540 4620 nostrum
1576 4564 1878 4627 Curcenate

303 4670 427 4710 cum
477 4654 726 4709 omnibus
755 4654 1075 4724 adjacentiis
1098 4656 1231 4711 suis.
1264 4656 1322 4712 In
1375 4671 1513 4726 pago
1542 4672 1758 4726 quoque
1786 4656 1879 4711 Bi-

308 4754 556 4800 terrense
595 4743 783 4798 ﬁscum
809 4754 1077 4809 nostrum,
1111 4746 1203 4814 qui
1236 4745 1434 4798 dicitur
1463 4744 1725 4809 Miliacus,
1753 4761 1877 4802 cum

303 4835 530 4891 ecclesia
560 4835 733 4890 sancti
762 4833 1036 4907 Paragorii
1066 4844 1121 4888 et
1146 4834 1415 4889 lililieiano
1443 4834 1588 4901 villa,
1614 4851 1738 4890 cum
1763 4850 1882 4889 om-

304 4928 466 4981 nibus
496 4926 831 4994 appendiciis
885 4934 939 4979 et
989 4923 1304 4993 adjacentiis
1343 4925 1477 4980 suis.
1510 4925 1577 4979 Et
1605 4926 1659 4979 in
1688 4925 1874 4983 eodem

303 5031 443 5089 pago
473 5014 1006 5089 Villam-Cincianum
1036 5032 1158 5072 cum
1184 5015 1512 5087 appendiciis
1539 5023 1593 5069 et
1620 5013 1876 5083 adjacen-

307 5111 399 5165 tiis
428 5110 560 5165 suis.
592 5108 660 5162 Et
681 5108 822 5162 inter
848 5109 1079 5165 conﬁnia
1105 5108 1169 5161 de
1198 5092 1334 5178 pago
1366 5107 1630 5163 Rutenico
1657 5121 1751 5160 seu
1773 5103 1879 5158 Ne-

307 5214 597 5259 mauscuse
648 5196 795 5268 alpes
853 5197 919 5250 ad
946 5212 1139 5266 pecora
1195 5195 1383 5250 alenda
1442 5210 1535 5249 seu
1583 5193 1717 5247 alios
1745 5207 1876 5247 usus

293 5307 442 5361 .quas
462 5292 649 5347 dicunt
672 5288 865 5353 Jaullo,
896 5302 1018 5342 cum
1051 5286 1293 5342 terminis
1317 5295 1373 5341 et
1404 5283 1720 5353 adjacentiis
1739 5282 1873 5349 suis,

309 5397 444 5451 quas
470 5380 598 5436 olim
632 5379 857 5451 pnefato
896 5377 1224 5434 monasterio
1271 5392 1370 5446 per
1414 5377 1608 5432 missos
1659 5382 1875 5429 nostros

310 5469 674 5543 Bagambaldo
702 5487 796 5527 seu
841 5468 1131 5523 Fulcoaido
1179 5467 1376 5522 comite
1405 5466 1726 5523 tradidimus
1750 5479 1876 5520 cum

383 5606 680 5685 |_|_Cointius
715 5611 821 5685 hoc
842 5616 1170 5685 pracepturn
1211 5607 1379 5685 refert
1401 5607 1467 5662 ad
1493 5622 1692 5685 annum
1746 5604 1872 5669 836',

312 5675 663 5735 iudictionem
715 5675 950 5768 ineundo
977 5675 1284 5736 {Kalendis
1324 5677 1679 5762 Septembris,
1703 5686 1876 5732 annos

1975 4570 2105 4618 sunt
2152 4570 2498 4632 nuncupante
2541 4560 2830 4633 Ad—Signa,
2893 4569 3339 4632 quantuscunque
3367 4567 3555 4621 noster

1978 4655 2178 4711 missus
2212 4652 2489 4709 Leibull‘us
2516 4668 2699 4709 eomes
2728 4654 2810 4708 eis
2838 4652 3165 4724 designavit,
3218 4668 3342 4709 eum
3369 4653 3555 4708 termi~

1980 4747 2065 4801 nis
2094 4754 2149 4801 et
2192 4745 2607 4801 laterationibus
2659 4745 2794 4801 suis.
2826 4745 3053 4815 Insuper
3075 4753 3131 4801 et
3176 4744 3367 4800 cellam
3414 4741 3556 4811 juris

1981 4836 2173 4903 nostri,
2200 4852 2321 4907 quae
2342 4846 2428 4892 est
2457 4824 2767 4891 constructa
2796 4837 2851 4890 in
2878 4837 3083 4892 honore
3133 4836 3305 4891 sancti
3336 4834 3553 4890 Martini

1983 4926 2124 4983 infra
2154 4941 2336 4982 muros
2366 4926 2602 4983 civitatis
2629 4926 2986 4991 Arelatensis,
3015 4940 3137 4980 cum
3158 4926 3407 4982 omnibus
3431 4940 3552 4999 qua:

1983 5016 2050 5070 ad
2074 5031 2191 5071 eam
2240 5016 2292 5069 in
2338 5016 2529 5071 eodem
2574 5031 2714 5087 pago
2736 5014 3038 5071 Arelatensi
3068 5015 3155 5070 vel
3198 5016 3553 5073 Avinionensi

1981 5109 2237 5181 praesenti
2298 5117 2539 5181 tempore
2585 5110 2880 5181 pertinent.
2918 5108 2986 5164 Et
3030 5106 3208 5164 locum
3257 5110 3349 5179 qui
3378 5117 3461 5166 est
3496 5110 3553 5165 in

1982 5214 2121 5269 pago
2147 5198 2468 5266 Arausione,
2516 5199 2780 5255 vocabulo
2827 5198 3143 5264 Murenatis,
3195 5200 3457 5268 quidquid
3482 5199 3555 5254 ad

1984 5288 2159 5358 ipsum
2188 5286 2365 5343 locum
2394 5290 2657 5365 pertinet;
2694 5297 2748 5342 et
2774 5288 2957 5343 villam
2980 5303 3099 5359 qua:
3126 5289 3325 5343 dicitur
3351 5288 3554 5344 Massa-

1983 5377 2068 5433 cia
2092 5393 2216 5432 cum
2262 5379 2514 5441 omnibus
2559 5377 2893 5447 appendiciis
2922 5377 3057 5442 suis,
3110 5378 3395 5433 habentem
3427 5375 3548 5446 plus

1983 5468 2163 5524 minus
2189 5483 2406 5524 mansos
2432 5485 2522 5534 χι,
2545 5482 2665 5539 quas
2687 5475 2855 5523 estex
2885 5469 3095 5524 ratione
3120 5466 3386 5540 praedicta:
3401 5465 3551 5525 cella:

1985 5613 2117 5653 vero
2142 5599 2350 5671 imperii
2388 5597 2737 5671 Ludovieiani
2781 5598 2849 5654 ab
2878 5610 3019 5655 anno
3048 5597 3169 5665 8l3,
3195 5608 3303 5670 quo
3324 5609 3356 5653 ι
3391 5580 3567 5668 ναῖε-οῖ

1988 5668 2446 5739 οοηςοηῖηψθτίἰ
2468 5668 2771 5726 declaratus
2792 5675 2893 5725 est.
