4046 6228
549 322 607 380 ll
1768 327 1864 383 AD
1907 328 2146 383 PHOTII
2190 325 2747 385 BIBLIOTHECAM.
3897 336 3961 390 12

1283 496 1726 553 NOBILISSIMO
1768 499 2007 553 MARCO
2047 497 2392 565 VELSERO,
2432 497 2744 554 CAESARIS
2783 500 3245 565 CONSILIARIO,

1500 624 1765 669 REIPUB.
1813 622 2233 669 AUGUSTANIE
2275 623 2633 668 DUUMVIRO
2678 626 3051 685 PREFECTO,

1348 739 1475 777 ΔΝῙ).
1518 738 1794 779 SCHOTTUS
1833 739 2098 778 ANTUERP.
2142 738 2205 777 OE
2241 737 2529 776 SOCIETATE
2565 738 2713 789 JESU,
2749 740 2852 779 LIB.
2894 740 3026 778 ΗΕΒ.
3067 740 3159 777 DD.

620 840 677 896 Si
708 854 989 911 magnum
1021 838 1167 895 illud
1207 838 1513 895 militantis
1556 838 1617 894 in
1666 841 1832 895 terris
1882 839 2157 895 Ecclesia
2206 837 2485 893 columen
2533 840 2591 893 B.
2644 839 3077 910 Hieronymum
3123 838 3537 909 presbyterum
3577 855 3697 894 non
3742 842 3939 911 piguit

542 930 732 985 Marce
760 928 1064 993 duumvir,
1099 927 1441 998 catalogum
1468 928 2001 984 ecclesiasticornm
2029 934 2221 983 texere
2252 928 2631 997 scriptorum,
2666 944 2735 982 ex
2762 927 3016 982 Eusebio
3040 928 3401 997 Casariensi,
3423 944 3491 982 ac
3513 929 3745 998 scriptis
3774 931 3953 999 cujus

545 1034 684 1089 que,
733 1033 837 1072 cur
866 1018 1090 1088 pudere
1121 1033 1217 1071 me
1258 1016 1492 1079 debeat,
1540 1024 1641 1072 aut
1672 1017 1959 1088 poenitere
1990 1016 2215 1071 laboris
2248 1016 2543 1079 immensi,
2580 1017 2855 1088 tadiique
2892 1022 3230 1071 constanter
3279 1017 3511 1087 aborpti
3543 1018 3603 1071 in
3653 1017 3957 1073 Photiana

545 1107 881 1163 Biblioteca!
926 1105 1427 1177 interpretatione,
1473 1121 1658 1177 quam
1708 1106 1810 1161 tibi
1862 1107 2063 1162 volens
2112 1106 2323 1161 dedico
2375 1122 2796 1179 consecroque,
2852 1108 3115 1162 nondum
3158 1108 3293 1179 equi
3324 1110 3436 1161 lem
3480 1108 3957 1163 animadvertere

545 1211 818 1265 possum.
853 1196 948 1250 Ille
974 1196 1100 1265 jam
1132 1195 1268 1249 inde
1298 1195 1375 1250 ab
1403 1195 1570 1249 initio
1600 1196 1902 1251 nascentis
1932 1195 2205 1251 Ecclesia
2238 1195 2417 1250 telam
2446 1211 2637 1261 orsus,
2672 1196 2962 1268 altiusque
2994 1214 3026 1250 a
3056 1198 3248 1267 capite
3281 1212 3612 1260 arcessens,
3647 1213 3959 1252 sacrorum

544 1285 815 1341 Ecclesia
847 1285 1205 1355 scriptorum
1231 1285 1441 1339 seriem
1472 1284 1549 1339 ad
1577 1301 1682 1340 sua
1731 1301 1922 1356 usque
1955 1290 2223 1357 tempora
2252 1284 2548 1356 produxit,
2595 1290 2654 1340 ut
2702 1284 2963 1353 legitima
2994 1289 3049 1339 et
3097 1300 3248 1355 pura
3293 1300 3328 1339 a
3364 1284 3601 1355 spuriis,
3636 1292 3690 1338 et
3722 1302 3757 1340 a
3784 1285 3961 1356 palea

544 1375 801 1429 triticum
845 1373 1065 1444 posteri
1114 1379 1515 1444 segregarem.
1564 1374 1729 1428 Hunc
1771 1374 1907 1428 dein
1944 1374 2290 1445 gloriosum,
2344 1373 2701 1445 publiceque
2745 1373 2942 1427 utilem
2994 1372 3284 1436 laborem,
3334 1374 3634 1428 variarum
3688 1374 3959 1443 gentium

545 1468 814 1518 auctores
856 1462 1224 1517 continenter
1247 1462 1678 1533 pertexendum
1706 1463 1835 1527 rati,
1887 1462 1961 1516 de
2007 1480 2132 1517 sua
2178 1462 2435 1533 quisque
2466 1463 2658 1531 gentis
2706 1462 3093 1533 scriptoribus
3138 1462 3444 1533 catalogos
3482 1462 3858 1533 conscripsit.
3896 1463 3961 1516 In

539 1553 728 1606 Iberia
760 1551 1005 1622 quidem
1036 1550 1297 1605 Isidorus
1340 1553 1520 1622 atque
1552 1550 1881 1606 lldefonsus
1908 1550 2270 1606 sanctissimi
2301 1552 2443 1618 viri;
2474 1552 2534 1606 in
2566 1550 2752 1606 Gallia
2769 1549 3112 1604 Gennadius
3144 1549 3538 1614 Massiliensis,
3570 1557 3623 1605 et
3668 1552 3961 1605 Honorius

539 1638 1104 1710 Augustodunensis
1130 1657 1142 1706 ;
1174 1639 1233 1693 in
1265 1638 1465 1708 Belgio
1490 1645 1692 1694 nostro
1720 1640 2059 1708 Sigebertus
2084 1639 2526 1695 Gemblacensis
2554 1657 2567 1706 ;
2599 1640 2655 1694 in
2689 1638 3126 1710 Germaniaque
3152 1653 3343 1710 nuper
3364 1639 3712 1694 Trithemius
3740 1639 3961 1703 abbas,

542 1723 813 1779 excussis
842 1722 1127 1778 omnibus
1155 1723 1421 1777 omnium
1450 1723 1945 1779 bibliothecarum
1979 1724 2235 1795 angulis,
2264 1724 2324 1777 id
2352 1726 2757 1794 prastiteruut.
2781 1727 2841 1780 In
2876 1729 3093 1782 Gracia
3126 1744 3265 1782 vero
3295 1727 3501 1797 primis
3532 1727 3733 1792 illis,ut
3761 1732 3957 1793 atate,

542 1815 625 1868 sic
656 1818 712 1869 et
735 1812 1067 1868 eruditione
1099 1811 1347 1866 fortasse
1378 1812 1626 1883 aqualis
1644 1813 1908 1877 Pbotius,
1945 1812 2099 1867 hanc
2127 1830 2265 1868 cum
2286 1830 2619 1879 sacrorum,
2656 1820 2779 1870 tum
2814 1823 3212 1877 externorum,
3253 1817 3680 1872 Biblz'ot/iecam
3712 1817 3956 1881 concin,

542 1902 708 1958 navit
746 1901 1057 1965 librorum,
1090 1917 1245 1971 quos
1279 1917 1315 1954 a
1362 1901 1656 1965 selectos,
1699 1903 1923 1957 Tarasii
1972 1902 2165 1957 fratris
2198 1908 2411 1971 rogatu
2464 1906 2777 1968 recensuit,
2810 1904 2954 1959 dum
3002 1907 3061 1960 in
3094 1906 3263 1976 Syria
3314 1905 3961 1976 Constantinopolitani

541 1991 915 2063 imperatoris
946 1996 1141 2045 orator
1173 1997 1519 2055 versaretur,
1567 1992 1703 2061 ique
1736 1991 1905 2061 prius
1956 1994 2044 2061 (ut
2072 2008 2143 2046 ex
2184 2007 2363 2062 opere
2392 1993 2643 2064 quisque
2676 2010 2909 2048 mecum
2949 1994 3284 2064 judicabit),
3320 2010 3501 2064 quam
3541 1994 3736 2048 aulica
3769 1995 3964 2049 ambi-

544 2082 698 2137 tione
724 2084 1059 2150 corruptus,
1092 2078 1483 2149 pracipitatit.
1520 2081 1732 2134 Verum
1759 2080 1871 2134 hoc
1902 2080 2095 2134 utilior
2123 2096 2306 2150 quam
2333 2079 2697 2151 reliquorum
2725 2084 2785 2137 in
2812 2082 3125 2138 Occidente
3151 2091 3281 2154 post
3313 2083 3739 2154 Hieronymum
3766 2083 3962 2137 Photii

539 2170 634 2223 hic
675 2168 845 2224 labor
870 2168 1099 2232 exstitit,
1136 2174 1197 2222 ut
1223 2166 1421 2238 majus
1466 2167 1644 2222 etiam
1686 2168 1860 2238 longe
1892 2185 2077 2239 quam
2108 2174 2454 2223 caterorum
2504 2170 2679 2225 simul
2706 2173 2974 2226 omnium
3021 2171 3297 2226 volumen
3330 2172 3607 2233 excrevit,
3639 2172 3803 2243 quod
3838 2188 3964 2225 non

538 2262 847 2314 recenseat
872 2255 1054 2311 modo
1076 2263 1352 2321 veterum,
1386 2256 1486 2326 qui
1518 2256 1575 2311 iu
1602 2274 1818 2312 manus
1857 2256 2190 2313 inciderunt
2222 2258 2457 2328 scripta,
2491 2258 2595 2312 sed
2623 2265 2678 2313 et
2716 2260 2952 2327 eclogas
2974 2259 3109 2313 inde
3142 2258 3489 2329 permultas,
3516 2275 3617 2313 seu
3653 2266 3961 2331 excerpta,

541 2347 787 2403 totidem
842 2345 1054 2410 verbis,
1100 2348 1543 2400 enumeratione
1591 2346 1718 2400 sola
1766 2346 2007 2401 minime
2057 2350 2390 2411 contentus,
2434 2348 2910 2419 transcripserit:
2948 2347 3093 2403 forte
3131 2350 3295 2419 quod
3343 2348 3543 2401 animo
3596 2349 3962 2420 provideret,

538 2442 857 2507 menteque
883 2435 1247 2507 prasagiret,
1280 2434 1403 2489 fore
1436 2440 1498 2489 ut
1524 2440 1861 2505 temporum
1896 2435 2111 2505 injuria
2146 2435 2425 2505 plerique,
2458 2439 2518 2490 ut
2547 2438 2779 2501 accidit,
2809 2436 3225 2491 interciderent
3255 2437 3645 2508 funditusque
3679 2438 3964 2508 perirent,

540 2540 798 2598 quorum
812 2529 961 2579 certe
979 2540 1051 2579 ne
1066 2524 1313 2578 nomina
1326 2522 1591 2594 quidem,
1614 2525 1723 2578 ned
1736 2523 2067 2594 umingenii
2094 2530 2501 2588 monumenta,
2527 2524 2754 2597 absque
2772 2526 2979 2581 Photio
2992 2532 3170 2589 esset,
3192 2532 3457 2580 nostram
3478 2526 3550 2580 ad
3573 2530 3811 2580 atatem
3833 2542 3969 2596 per-

540 2616 857 2670 venissent.
881 2612 1054 2679 Quod
1074 2628 1229 2683 opus
1251 2628 1357 2666 seu
1379 2613 1721 2666 thesaurum
1747 2614 1959 2677 verius,
1990 2612 2221 2683 pridem
2244 2617 2617 2683 exoptatum,
2641 2630 2706 2667 ac
2729 2614 2833 2668 diu
2862 2615 3237 2684 multumque
3269 2614 3486 2667 frustra
3511 2614 3963 2683 investigatum,

540 2720 676 2759 cum
703 2706 1032 2759 Tarracone
1064 2700 1248 2756 Procli
1292 2702 1762 2756 Chrestomathia
1792 2700 1991 2755 Latine
2021 2716 2053 2754 a
2087 2715 2179 2754 me
2203 2699 2449 2767 reddita,
2482 2701 2637 2754 velut
2666 2718 2737 2755 ex
2773 2716 2968 2770 ungue
2998 2701 3257 2767 leonem,
3291 2702 3587 2755 astimare
3617 2704 3963 2773 coepissem.

542 2798 751 2851 nactus
773 2792 1011 2847 tandem
1034 2794 1235 2845 Roma
1258 2806 1414 2852 sum,
1438 2790 1903 2843 Describendum
1927 2788 2083 2842 enim
2108 2788 2396 2842 arbitratu
2426 2805 2563 2844 meo
2592 2789 2875 2860 permisit,
2902 2806 3083 2861 quem
3114 2789 3358 2845 honoris
3384 2806 3565 2845 causa
3584 2790 3835 2845 libenter
3858 2808 3962 2846 no-

541 2883 727 2946 mino,
755 2881 1189 2935 illustrissimus
1215 2880 1502 2933 Ascanius
1522 2878 1831 2942 Columna,
1858 2883 2318 2948 purpuratorum
2346 2884 2583 2948 patrum
2610 2886 3047 2933 ornamentum.
3081 2882 3211 2932 Post
3239 2894 3372 2933 vero
3397 2895 3531 2933 cum
3565 2880 3619 2933 id
3645 2880 3958 2951 diligenter

543 2974 619 3028 ad
642 2973 944 3028 variorum
970 2968 1400 3038 exemplarium
1425 2967 1599 3020 tidem
1623 2972 2060 3037 comparatum,
2088 2966 2498 3036 typographus
2528 2972 2911 3035 Augustanus
2939 2967 3310 3036 elegantibus
3334 2970 3484 3038 typis
3508 2968 3860 3036 evulgasset,
3884 2968 3965 3022 ef-

543 3060 887 3129 flagitarunt
937 3072 1089 3127 pene
1121 3054 1392 3109 convicio
1424 3054 1764 3119 familiares,
1796 3054 2015 3125 quibus
2061 3053 2315 3108 multum
2366 3060 2420 3107 et
2451 3055 2661 3109 vellem
2695 3061 2749 3109 et
2781 3056 3081 3121 deberem,
3120 3060 3182 3109 ut
3220 3057 3423 3111 Latina
3472 3057 3697 3111 donare
3731 3057 3966 3111 civitate

543 3146 1023 3220 promptuarium
1042 3142 1408 3205 eruditionis,
1442 3158 1562 3213 quo
1589 3142 1669 3197 ad
1689 3142 1883 3212 plures
1910 3150 2218 3196 emanaret
2242 3141 2485 3205 utilitas,
2512 3160 2619 3213 pro
2644 3144 2794 3198 viliri
2820 3144 3264 3199 contenderem.
3289 3145 3444 3200 Cessi
3463 3161 3604 3215 ergo
3628 3146 3962 3200 amicorum

548 3236 823 3309 precibus
854 3234 1065 3302 victus,
1097 3238 1152 3286 et
1185 3231 1528 3303 periculosa
1559 3231 1801 3301 plenum
1845 3248 1999 3302 opus
2032 3231 2175 3286 alea
2205 3247 2543 3301 aggressus,
2575 3233 2650 3287 ad
2684 3234 2906 3288 exitum
2940 3235 3204 3297 tandem,
3238 3234 3353 3288 Deo
3384 3236 3536 3289 vires
3574 3235 3968 3305 animumque

549 3326 989 3398 suppeditante,
1020 3326 1365 3377 constanter
1411 3321 1649 3375 adduxi.
1684 3319 1835 3385 Quid
1877 3320 1990 3374 sim
2021 3327 2351 3384 assecutus,
2386 3326 2622 3375 secutus
2653 3328 2828 3385 certe,
2858 3328 3051 3387 tuum,
3087 3322 3175 3376 vir
3217 3322 3579 3386 doctissime,
3614 3324 3968 3393 lectorisque

546 3431 671 3471 non
694 3413 946 3486 imperiti
964 3412 1258 3483 judicium
1279 3416 1422 3465 esto.
1450 3412 1601 3464 Num
1627 3409 1767 3481 quid
1792 3410 2055 3480 amplius
2074 3409 2105 3461 ‘I
2126 3412 2333 3465 Etiam.
2362 3412 2756 3465 Patrocinium
2809 3410 3016 3465 adhac
3042 3410 3264 3466 laboris
3281 3411 3457 3482 plane
3489 3412 3769 3476 Herculei,
3802 3428 3965 3466 more

547 3505 932 3575 institutoque
959 3502 1275 3571 majorum,
1310 3500 1414 3555 abs
1446 3505 1497 3553 te
1534 3500 1912 3570 potissimum
1937 3499 2115 3568 justis
2146 3498 2219 3553 de
2245 3500 2440 3554 causis
2469 3499 2743 3570 imploro.
2780 3500 2949 3564 Quod
2980 3501 3139 3554 enim
3168 3502 3363 3556 Grace
3390 3501 3550 3571 apud
3580 3517 3687 3555 vos
3722 3502 3968 3556 Pbotius

544 3594 749 3649 lumen
777 3591 1041 3664 primum
1073 3590 1385 3661 aspexerit,
1414 3587 1677 3642 Latinam
1707 3603 1944 3659 quoque
1972 3588 2509 3659 interpretationem
2534 3588 3016 3657 subjungendam
3043 3589 3137 3658 ius
3172 3589 3378 3660 fasque
3396 3590 3619 3652 censui,
3643 3596 3763 3644 tum
3798 3590 3963 3660 quod

545 3687 906 3751 Augustana
950 3679 1313 3734 bibliotheca
1356 3692 1575 3732 nomen
1626 3692 1945 3731 commune
1972 3677 2231 3731 invitarit
2260 3693 2272 3730 :
2306 3692 2441 3747 qua
2473 3676 2825 3731 bibliotheca
2856 3676 3313 3744 Vindelicorum,
3347 3677 3594 3732 civitatis
3623 3676 3965 3732 Germania

545 3785 683 3824 vere
709 3771 1009 3837 Augusta,
1040 3782 1175 3821 cum
1207 3766 1356 3820 alios
1384 3764 1501 3819 alia
1525 3764 1601 3818 ad
1628 3764 2020 3835 spectandam
2051 3764 2213 3818 urbis
2239 3765 2576 3835 civiumque
2608 3765 2964 3834 elegantiam
2996 3772 3293 3830 moveant,
3331 3781 3425 3821 me
3455 3766 3857 3836 potissimum,
3887 3768 3965 3820 ob

547 3858 834 3913 librorum
871 3856 1103 3911 calamo
1133 3855 1193 3909 in
1234 3852 1578 3909 menbranis
1609 3860 1985 3907 exaratorum
2028 3859 2085 3908 et
2109 3854 2366 3924 copiam,
2398 3860 2453 3909 et
2485 3860 2860 3919 vetustatem,
2895 3856 2953 3909 in
2988 3856 3075 3909 sui
3108 3854 3567 3910 admirationem
3600 3856 3796 3925 rapuit
3821 3855 3968 3909 deti-

547 3944 813 4018 nuitque.
835 3944 921 3999 Ad
940 3959 1123 4015 quam
1139 3943 1380 4014 quidem
1399 3943 1734 3997 ornandam
1755 3941 2090 4012 respublica
2110 3946 2305 3997 vestra
2347 3943 2684 4013 catalogum
2708 3942 3139 4015 exemplarium
3172 3959 3307 4015 qua
3336 3943 3682 4014 possideret,
3721 3959 3825 4014 per
3856 3946 3966 3998 Eu-

540 4034 1188 4109 ropamdisseminasse
1208 4048 1328 4087 non
1348 4036 1648 4095 contenta,
1673 4031 1879 4085 doctos
1892 4032 2071 4086 etiam
2087 4031 2360 4086 homines
2380 4033 2662 4087 inusitata
2683 4039 2738 4086 et
2761 4048 3003 4102 prorsus
3026 4032 3312 4102 singulari
3330 4032 3697 4087 humanitate
3728 4032 3965 4098 invitat,

545 4142 667 4199 quo
696 4142 795 4181 eos
820 4126 986 4197 ipsos
1010 4122 1193 4178 libros
1218 4122 1470 4176 invicem
1502 4122 1884 4185 conferendo,
1914 4136 1983 4174 ac
2019 4120 2194 4175 veluti
2230 4120 2623 4189 gladiatorum
2658 4122 2824 4192 paria
2856 4122 3304 4191 committendo,
3333 4123 3388 4176 in
3424 4122 3734 4177 hominum
3763 4121 3963 4177 lucem

544 4221 973 4287 aspectumque
1002 4212 1324 4268 commodo
1352 4210 1585 4264 dublico
1618 4211 1966 4281 producant.
2002 4210 2172 4275 Quod
2205 4210 2424 4265 utinam
2453 4210 2791 4282 exemplum
2826 4212 3095 4283 dynasta
3127 4228 3196 4266 ac
3226 4227 3394 4280 reges
3425 4212 3627 4276 secuti,
3656 4211 3715 4265 in
3748 4210 3962 4265 iisdem

543 4305 760 4375 pedem
804 4303 1063 4370 vestigiis
1109 4308 1397 4370 ponerent
1428 4316 1496 4353 ac
1528 4299 1709 4353 libros
1741 4306 2085 4354 sanctorum
2128 4301 2366 4354 Patrum
2412 4300 2663 4354 ineditos
2695 4301 2976 4370 cognosci
3016 4308 3192 4372 atque
3226 4300 3493 4367 evulgari
3526 4299 3829 4365 sinerent;
3866 4317 3963 4355 ua

542 4393 736 4465 plures
767 4393 941 4459 longe
973 4393 1308 4444 Gracarum
1354 4388 1680 4441 litterarum
1717 4403 1888 4440 usum
1922 4389 2365 4458 interpretando
2414 4396 2776 4453 revocarent,
2810 4405 2915 4443 nec
2964 4389 3219 4460 amplius
3254 4389 3429 4443 veluti
3478 4396 3643 4443 muta
3674 4394 3957 4453 tacerent,

542 4498 679 4555 qua
711 4483 769 4535 in
800 4480 999 4535 densis
1023 4477 1199 4531 hodie
1232 4476 1503 4538 tenebris,
1539 4475 1722 4529 tineas
1773 4475 2091 4545 pascendo,
2130 4476 2495 4531 delitescunt.
2530 4480 2639 4531 Sed
2690 4479 2743 4532 id
2790 4484 2996 4549 optare
3028 4477 3199 4533 citius
3228 4494 3413 4550 quam
3464 4493 3706 4549 sperare
3739 4477 3911 4531 liceat
3944 4496 3959 4543 ;

543 4571 655 4627 nisi
688 4572 733 4624 si
768 4569 1134 4623 Velserorum
1168 4564 1386 4619 similes
1418 4564 1775 4625 exoriantur,
1822 4563 1923 4634 qui
1956 4564 2413 4619 concordissimi
2448 4566 2653 4621 fratres
2691 4568 2819 4636 (vos
2851 4568 3009 4621 enim
3057 4568 3217 4622 bona
3251 4567 3420 4621 venia
3450 4566 3683 4637 appello
3711 4566 3960 4620 Antoni-

539 4659 822 4723 Matthae,
849 4673 916 4713 ac
948 4656 1145 4725 Paule)
1174 4671 1298 4709 rem
1328 4648 1665 4708 litterariam
1694 4653 1869 4722 longe
1890 4652 2124 4723 lateque
2147 4656 2490 4724 provehitis,
2519 4654 2971 4727 disciplinarum
3000 4658 3292 4727 pomaria
3319 4655 3611 4727 profertis,
3640 4656 3956 4726 doctisque

541 4749 886 4806 hominibus
911 4745 1237 4803 doctissimi
1265 4745 1378 4815 ipsi
1404 4758 1579 4814 opem
1603 4758 1663 4797 re
1694 4742 2059 4812 consilioque
2086 4742 2234 4798 ferre
2257 4759 2373 4799 non
2395 4744 2638 4800 cessatis
2663 4760 2675 4797 :
2709 4750 2768 4800 ut
2791 4745 2918 4814 jam
2950 4745 3169 4817 ubique
3194 4746 3460 4815 gentium
3481 4759 3601 4800 non
3625 4746 3698 4798 sit
3726 4742 3951 4798 Phoebo

543 4839 764 4909 gratior
793 4837 934 4901 ulla,

1545 4923 1729 4987 Quam
1762 4938 1889 4992 qua
1919 4921 2137 4977 Velseri
2169 4923 2534 4991 prwscripsit
2559 4922 2785 4992 pagina
2817 4939 3049 4980 nomen.

611 5019 710 5090 Te,
742 5024 798 5074 te
820 5018 1016 5088 igitur,
1051 5018 1254 5079 Marce,
1290 5027 1492 5085 quaso
1526 5013 1922 5084 obtestorque,
1958 5017 2019 5067 ut
2060 5027 2182 5083 qua
2225 5013 2451 5083 (περίειί
2478 5012 2913 5079 benevolentia,
2950 5019 3156 5071 nostra
3181 5012 3491 5087 complecti
3521 5027 3595 5069 ne
3628 5010 3893 5083 graveris
3928 5032 3945 5081 ;

537 5114 841 5180 exstetquc
872 5106 1028 5178 apud
1054 5110 1321 5176 posteros
1356 5117 1502 5173 pace
1539 5108 1657 5165 tua,
1689 5118 1835 5156 mea
1866 5102 1925 5156 in
1957 5108 2007 5155 te
2039 5102 2437 5156 observantia
2472 5101 2877 5173 memorisque
2908 5103 3095 5158 animi
3140 5102 3252 5158 hoc
3283 5102 3703 5174 qualecunque
3736 5116 3957 5156 monu-

535 5202 845 5263 mentum;
873 5195 1037 5267 quod
1068 5194 1286 5257 locum,
1322 5192 1367 5246 si
1414 5191 1726 5256 videbitur,
1762 5192 1822 5244 in
1869 5190 2224 5245 Bibliotheca
2268 5198 2479 5258 vestra,
2525 5207 2595 5245 ex
2646 5207 2767 5262 qua
2796 5208 2934 5246 cum
2985 5197 3070 5247 tot
3105 5192 3235 5247 aliis
3280 5194 3475 5247 Grace
3516 5190 3677 5262 typis
3712 5190 3953 5261 prodiit,

536 5288 737 5345 Latine
780 5299 1020 5358 quoque
1059 5282 1333 5353 reperiat.
1376 5282 1429 5336 Si
1489 5280 1622 5351 quis
1672 5285 1871 5334 autem
1921 5297 1990 5334 ex
2022 5279 2113 5333 his
2158 5279 2368 5349 vigiliis
2416 5280 2640 5335 fructus
2684 5280 2759 5335 ad
2799 5280 2949 5335 alios
2993 5281 3245 5351 legendo
3277 5280 3581 5352 perveniet
3626 5280 3779 5351 quod
3828 5286 3959 5335 stu-

532 5378 705 5434 dium
733 5376 973 5448 quidcm
996 5377 1169 5428 certe.
1200 5370 1278 5427 ad
1299 5369 1834 5440 interpretationem
1861 5370 2001 5424 locis
2029 5368 2303 5424 obscuris
2330 5369 2519 5424 facem
2543 5368 2781 5425 scholiis
2807 5370 3140 5435 allucendo,
3170 5371 3275 5425 tibi
3298 5371 3488 5426 amice
3513 5384 3751 5440 magne,
3778 5376 3953 5438 grata

531 5465 844 5540 posteritas
875 5466 1186 5532 acceptum
1218 5460 1446 5514 referat.
1484 5456 1645 5513 Soles
1689 5458 1847 5513 enim
1894 5457 2125 5509 ἀκλείστο

2356 5478 2375 5518 ς
2422 5463 2671 5533 παρέχειν
2707 5466 2884 5531 σοφοῖς
2930 5455 3179 5533 ἀνδράσι,
3208 5459 3373 5531 quod
3423 5458 3497 5514 de
3527 5475 3588 5514 se
3621 5457 3783 5527 apud
3817 5458 3954 5513 Phi‘

527 5559 843 5614 lostratum
878 5551 1283 5623 Vespasianus
1308 5551 1456 5617 Aug.
1482 5547 1805 5618 profitetur,
1841 5565 1977 5602 cum
2005 5547 2087 5602 sis
2119 5547 2239 5618 ipse
2271 5549 2504 5619 spirans
2530 5548 2810 5620 quadam
2837 5548 3217 5603 Bibliotheca.
3247 5548 3488 5618 Suscipe
3515 5548 3715 5619 itaque
3741 5544 3951 5601 adver-

532 5661 633 5702 sus
663 5644 1127 5701 obtrectatorum
1158 5637 1513 5700 calumnias,
1541 5638 1737 5706 operis
1768 5636 2219 5709 vigiliarumque
2249 5644 2589 5693 nostrarum
2618 5636 2810 5693 libens
2842 5636 3157 5709 volensque
3188 5636 3455 5695 tutelam.
3487 5638 3578 5694 Sic
3612 5636 3711 5695 tibi
3747 5635 3958 5693 illuce-

534 5742 724 5802 scaut,
750 5734 937 5788 Deum
966 5745 1257 5786 venerans
1284 5742 1511 5801 precor,
1540 5726 1791 5781 ineuntis
1820 5726 1962 5782 anni
1985 5726 2204 5783 MDCVI
2237 5727 2516 5785 Kalenda
2546 5726 2809 5783 feliciter.
2844 5726 3207 5801 Antuerpia.
3296 5766 3303 5778 ι
3636 5768 3643 5779 .
3816 5726 3819 5727 ⁷

3520 5860 3526 5865 -
3548 5840 3571 5870 Δ
