4046 6228
215 330 279 384 13
1563 326 1813 384 PBOLEl

1961 326 2122 384 ENA.
2311 304 2328 350 ί
3369 365 3372 367 λ
3484 323 3559 395 η

817 588 1125 637 ΜΑΞΙΜΟΣ
1166 592 1208 637 Ο
1249 591 1698 657 ΜΑΡΓΟΥΝΙΟΣ,
1738 594 2073 642 ΤΑΠΕΙΝΟΣ
2117 595 2430 644 ΚΥΘΗΡΩΝ
2471 597 2881 648 ΕΠΙΣΚΟΙΙΟΣ.

861 713 1012 761 ΤΟῙΣ
1050 716 1188 763 ΤΩΝ
1227 715 1457 765 ΛΟΓΩΝ
1494 717 1826 779 ΕΡΑΣΤΑΙΣ,
1868 718 1952 766 ΕΝ
1990 718 2141 767 ΤΟΙΣ
2182 719 2433 770 ΚΑΛΟΙΣ
2467 721 2801 772 ΕΠΙΔΟΣΙΝ.

249 976 390 1030 Ἄλλοι
429 978 512 1048 μὲν
577 975 770 1037 ἄλλους
841 983 942 1027 τῶν
998 994 1114 1050 περι
1170 980 1259 1034 τὴν
1323 981 1508 1049 σοφίαν
1555 986 1808 1054 περιττῶν
1865 982 2255 1052 θαυμαζόντων,
2311 987 2401 1035 καὶ
2459 1003 2489 1056 ῃ
2539 984 2758 1047 ἕκαστος
2811 988 2924 1057 ἔχει
2981 983 3403 1052 ἐπιτηδειότητος
3455 995 3545 1044 καὶ

195 1063 428 1138 δυνάμεως,
481 1068 640 1138 ταύτῃ
688 1066 921 1117 πλεκέτω
968 1067 1162 1118 τούτων
1230 1066 1451 1119 ἑκάστου
1506 1072 1596 1119 xui
1643 1071 1709 1120 τὰ
1782 1067 2032 1141 ἐγκώμια,
2095 1074 2191 1124 εἴτε
2262 1077 2355 1130 τὴν
2416 1071 2464 1124 ἐν
2535 1073 2705 1145 λόγοις
2775 1074 2997 1150 ἐπαίρων
3073 1073 3365 1144 δεινότητα,
3445 1081 3544 1133 εἶτε

184 1157 229 1205 τό
277 1155 462 1223 ἀνθηρὸν
510 1160 600 1206 καὶ
657 1153 1075 1226 κεκομψευμένον
1124 1164 1220 1216 τῆς
1277 1158 1533 1228 φράσεως,
1584 1160 1685 1208 εἴτε
1745 1161 1803 1209 τό
1860 1163 1974 1231 περὶ
2024 1163 2117 1217 τὴν
2175 1160 2479 1233 φιλοσοφίαν
2533 1161 2767 1235 ἐμϐριθές
2822 1183 2876 1216 τε
2941 1169 3031 1217 καὶ
3083 1165 3210 1228 ὅλως
3265 1166 3544 1243 ἰξηκριϐω-

165 1230 300 1314 intra:
341 1248 416 1296 xui
464 1247 652 1313 πάγιον
709 1261 723 1272 ·
778 1242 894 1314 ἐμοὶ
951 1239 1009 1295 δε
1066 1248 1191 1317 πρὸς
1246 1251 1354 1306 τοῖς
1404 1245 1576 1306 ἄλλοις
1627 1249 1816 1308 παντὸς
1873 1247 2019 1310 ἄξιος
2085 1247 2345 1320 ἐγκωμίου
2416 1257 2506 1303 καὶ
2561 1251 2703 1323 μάλα
2750 1254 2775 1303 ό
2835 1259 3126 1324 σοφώτατος
3196 1254 3380 1317 ἐκεῖνος
3452 1261 3541 1310 καὶ

153 1335 284 1415 έιρὸς
324 1332 545 1394 πολλάκις
597 1329 749 1394 ἔδοξε
808 1339 1018 1392 Φωτιος.
1067 1333 1142 1384 Ού
1203 1338 1356 1404 μόνον
1413 1336 1492 1386 ὅτι
1541 1339 1662 1396 τοὺς
1717 1343 1811 1397 τῆς
1862 1338 1996 1410 ἱερᾶς
2042 1337 2355 1398 Ἐκκλησίας
2401 1338 2762 1410 ἐμπιστευθεὶς
2811 1345 3011 1407 οἴακας,
3053 1347 3112 1395 τὸ
3167 1352 3261 1396 τοῦ
3305 1353 3540 1420 Χριστοιξ

174 1420 342 1491 λογικόν
390 1429 623 1492 ποίμνιον
683 1422 752 1482 εἰς
798 1423 955 1491 νομὰς
1011 1422 1188 1494 εἰσῆγε
1239 1442 1293 1475 τε
1362 1430 1452 1476 καὶ
1509 1423 1659 1494 ἐξῆγε
1723 1423 2082 1497 σωτηριώδεις
2155 1427 2387 1500 εὐσεϐείᾳ
2453 1449 2508 1482 τε
2563 1438 2623 1502 τῇ
2690 1433 2824 1482 πάνυ
2882 1429 3186 1505 διατρέφων,
3263 1439 3352 1486 καὶ
3418 1433 3540 1506 βίου

173 1512 508 1562 κατακαλλύνων
557 1511 850 1583 ὀρθότητι·
887 1509 995 1561 ἀλλ’
1033 1513 1112 1563 ὅτι
1164 1517 1254 1564 xui
1305 1519 1478 1565 πᾶσαν
1527 1514 1778 1585 μετελθὼν
1832 1511 2078 1567 παιδείαν
2132 1518 2330 1578 πάντας
2371 1522 2490 1579 τοὺς
2539 1518 2619 1570 ἐπ’
2666 1520 2825 1572 αὐτοῦ
2880 1521 3046 1591 πολλῷ
3093 1530 3164 1592 τῷ
3208 1525 3350 1593 μέσῳ
3389 1524 3541 1596 ὑπερ·

173 1606 384 1656 ηκόντισε.
424 1607 803 1673 Μαρτυροῦσιν
848 1601 1007 1653 αύτού
1044 1605 1102 1652 τό
1136 1601 1260 1653 πολὺ
1293 1611 1389 1662 τῆς
1437 1607 1618 1674 σοφίας
1667 1605 1715 1655 οἱ
1762 1610 2110 1676 πανηγυρικοὶ
2157 1613 2256 1657 τῶν
2299 1608 2482 1677 λόγων,
2531 1610 2603 1668 οἷς
2637 1609 2956 1668 τηλικαύτην
3001 1611 3206 1668 ἐνέθηκε
3249 1615 3343 1669 τήν
3376 1614 3538 1687 χάριν

167 1695 238 1740 καὶ
289 1694 368 1746 τήν
407 1688 737 1760 γλυκύτητα,
800 1693 871 1750 ὡς
928 1687 1093 1741 δεινὸν
1150 1693 1385 1743 τίθεσθαι
1445 1695 1564 1752 τοὺς
1610 1691 2020 1764 ἐντυγχάνοντας
2067 1699 2159 1752 τὴν
2198 1697 2436 1748 ὁπωσοῦν
2487 1695 2587 1748 ἀπό
2641 1702 2831 1750 τούτων
2884 1698 3208 1770 ἀπαλλαγήν.
3259 1701 3412 1753 Οὕτω
3449 1703 3540 1762 τὰς

169 1786 246 1827 τῶν
294 1777 560 1831 ἀκουόντων
629 1779 933 1850 καταθέλγει
1003 1778 1184 1852 ψυχὰς
1249 1787 1362 1841 ταῖς
1433 1789 1532 1832 τῶν
1579 1781 1798 1834 ὀἰκείων
1865 1789 2111 1857 σειρήνων
2181 1793 2464 1844 σωστικαίς
2525 1783 2770 1857 ἐπῳδαῖς,
2845 1794 2935 1840 καὶ
3009 1797 3077 1859 τῷ
3143 1798 3243 1841 τῶν
3313 1794 3536 1842 πίστεων

162 1870 466 1940 ἑφελιυστικῷ
533 1873 597 1920 τό
687 1875 783 1929 τῆς
867 1870 1073 1928 πειθοῦς
1148 1868 1334 1931 αύταίς
1380 1869 1721 1941 ἐγγεννᾶσθαι
1805 1873 2188 1944 καταναγκάζει
2262 1874 2560 1946 θελγητρον.
2629 1883 2876 1928 Τοιαῦται
2960 1883 3048 1929 καὶ
3114 1879 3170 1929 αἱ
3234 1880 3537 1949 θαυμασταὶ

161 1964 316 2010 τούτου
357 1963 474 2031 πρὸς
531 1954 832 2030 διαφόρους
887 1956 1178 2011 ἐπιστολαί.
1225 1962 1295 2010 Τὸ
1344 1955 1403 2010 δὲ
1454 1963 1580 2031 πρὸς
1627 1962 1722 2022 τὰς
1771 1969 1872 2012 τῶν
1921 1961 2148 2034 ἀποριῶν
2201 1961 2375 2024 λύσεις
2426 1964 2650 2035 ἕτοιμον,
2697 1965 2863 2026 ἄλλως
2907 1985 2960 2017 τε
3003 1970 3094 2018 καὶ
3150 1968 3273 2018 ὅσαι
3310 1965 3395 2018 ἐπὶ
3441 1970 3535 2024 τὴν

160 2049 274 2120 ἱερὰν
325 2052 541 2100 τείνουσι
597 2046 928 2118 φιλοσοφίαν,
985 2050 1074 2098 καὶ
1140 2052 1198 2098 τό
1277 2055 1370 2109 τῆς
1427 2050 1567 2111 θείας
1642 2055 1866 2124 Γραφῆς,
1937 2049 1985 2100 ἐν
2060 2051 2132 2110 οἷς
2188 2051 2419 2123 μάλιστα
2487 2059 2872 2125 μυστικώτερόν
2946 2074 3000 2106 τι
3068 2053 3532 2127 ἐναποκέκρυπται,

156 2136 370 2206 ἀγχίνουν
422 2155 474 2188 τε
526 2140 629 2186 καὶ
683 2131 1128 2207 διερμηνευτικόν,
1186 2141 1260 2195 τίς
1316 2144 1388 2207 τῷ
1442 2146 1539 2189 τῶν
1600 2137 1956 2210 Ἀμφιλοχίων
2014 2139 2155 2209 αύτῷ
2211 2145 2543 2212 πεπονημένῳ
2597 2144 2975 2215 συγγράμματι
3031 2142 3279 2216 ἐντυχὼν,
3327 2142 3423 2196 ούκ
3475 2143 3536 2195 ἂν

151 2225 324 2286 εἰκότως
369 2227 690 2296 θαυμάσειεν
747 2242 761 2289 ;
817 2223 946 2275 ἀλλὰ
1001 2227 1102 2297 γὰρ
1155 2228 1239 2275 καὶ
1287 2230 1378 2284 τὴν
1437 2231 1554 2296 περὶ
1606 2231 1699 2285 τὴν
1759 2229 1992 2302 ἱστορίαν
2047 2227 2336 2300 ἀκρίϐειαν,
2389 2235 2479 2281 καὶ
2531 2234 2588 2281 τό
2644 2239 2737 2290 τῆς
2791 2237 2973 2303 σοφίας
3022 2232 3279 2298 ποικίλον,
3334 2236 3425 2284 καὶ
3478 2237 3536 2285 τὸ

151 2320 241 2386 περὶ
288 2320 375 2370 τήν
420 2319 612 2387 κρίσιν
665 2321 764 2365 τῶν
812 2321 920 2372 τοῖς
993 2312 1163 2372 ἀλλοις
1221 2316 1618 2387 συντεθειμένων
1690 2319 1925 2388 ἔντεχνόν
1978 2336 2033 2368 τε
2079 2317 2204 2389 ἅμα
2264 2321 2355 2370 καὶ
2425 2318 2834 2392 εύκρινίστατον,
2891 2323 2922 2379 ἠ
2983 2323 3114 2394 μετὰ
3166 2327 3353 2396 χεῖρας
3403 2329 3535 2382 αῦτη

151 2401 323 2473 βίϐλος,
370 2410 481 2463 τοῖς
528 2402 677 2454 τοῦτ’
738 2402 798 2452 ἂν
857 2401 1111 2474 ἑλομένοις
1153 2405 1494 2474 καταμαθεῖν,
1544 2401 1788 2466 ἐπιδείξει
1841 2410 2166 2477 τρανότατα’
2196 2405 2388 2464 πολλὴν
2444 2411 2534 2479 μὲν
2580 2415 2690 2470 τοὶς
2743 2412 2857 2484 περὶ
2910 2415 3029 2472 τοὺς
3077 2409 3261 2483 λόγους
3311 2415 3403 2462 καὶ
3443 2416 3538 2470 τὴν

146 2492 220 2553 ἔξω
276 2491 578 2562 φιλοσοφίαν
651 2495 1074 2562 καταγινομένοις
1132 2497 1224 2549 τὴν
1297 2492 1538 2563 ὠφέλειαν
1597 2493 1919 2566 προξενοῦσα
1968 2514 1981 2527 ο
2031 2499 2290 2553 τοσαύτην
2339 2493 2400 2548 δὲ
2469 2502 2558 2548 xui
2627 2506 2733 2558 τοῖς
2801 2507 2897 2560 τῆς
2965 2501 3105 2573 ἱερᾶς
3173 2499 3537 2575 ἀντεχομένοις

144 2583 410 2655 Θρησκείας
463 2588 779 2654 χορηγοῦσα
827 2585 922 2637 τὴν
975 2580 1314 2645 λυσιτέλειαν,
1367 2584 1430 2642 ὡς
1486 2583 1760 2654 πάμφορον
1815 2602 1931 2635 τινα
1984 2585 2088 2636 οἷον
2152 2587 2348 2643 ταύτην
2401 2583 2531 2638 εἶναι
2579 2592 2781 2661 χώραν,
2848 2589 3108 2652 ποικίλοις
3153 2593 3243 2662 μὲν
3291 2601 3536 2666 κομῶσαν

143 2678 233 2730 τοῖς
283 2679 527 2741 καρποῖς,
589 2675 677 2722 καὶ
725 2677 838 2731 τοίς
887 2671 1114 2735 ἄνθεσιν,
1165 2670 1270 2741 οὐχ
1324 2671 1480 2728 ἧττον
1538 2667 1597 2723 δε
1645 2679 1707 2742 τῇ
1763 2675 1941 2742 γεύσει
1997 2682 2094 2725 τῶν
2151 2671 2476 2746 δρεπομένων
2528 2681 2622 2733 τὴν
2689 2679 2939 2736 αἴσθησιν
2995 2689 3324 2753 κορεννῦσαν,
3385 2682 3414 2740 ἦ
3473 2689 3534 2754 τῇ

146 2759 234 2827 ὄψει
285 2765 371 2811 xui
426 2767 491 2830 τῇ
551 2758 692 2829 ὀσμῇ
741 2755 1145 2815 καθηδύνουσάν
1190 2779 1242 2812 τε
1287 2763 1377 2810 xui
1425 2763 1874 2832 κατατέρπουσαν.
1934 2764 2141 2820 Ταύτην
2185 2759 2273 2814 οὖν
2325 2764 2638 2836 φιλοφρόνως
2679 2762 2971 2838 δεξάμενοι,
3020 2768 3210 2830 πολλὰς
3257 2778 3328 2840 τῷ
3372 2790 3538 2843 σοφω-

142 2852 252 2918 τὲτιρ
273 2848 534 2920 Ἐσχελίῳ
562 2852 660 2907 τας
689 2850 921 2921 χάριτας
952 2851 1143 2919 ἔχοιτε,
1182 2855 1334 2900 τοῦτο
1364 2853 1452 2899 καὶ
1485 2854 1638 2920 μόνον
1667 2848 1745 2902 ἀεὶ
1777 2847 1872 2902 διὰ
1900 2851 2110 2923 μελέτης
2140 2854 2336 2923 ἔχοντι,
2369 2853 2503 2913 ὃπως
2531 2860 2804 2925 χρήσιμόν
2836 2876 2886 2906 τι
2916 2861 3001 2907 καὶ
3033 2865 3104 2927 τῷ
3134 2867 3286 2928 κοινῷ
3319 2869 3416 2910 τῶν
3455 2861 3535 2912 λο-

143 2941 239 3006 γίων
262 2935 502 3009 ἐπωφελὶς
534 2933 833 2990 ἐκδιδοίπαι
863 2941 953 2990 καὶ
982 2937 1237 3009 μάλιστα.
1277 2936 1542 3010 Ἐῤῥωσθε
1568 2937 1616 2989 ἐν
1648 2946 1864 3013 Χριστῷ
1895 2946 2113 3012 Σωτῆρι,
2145 2942 2280 2992 κατά
2307 2945 2364 2993 τό
2394 2962 2447 3009 α,
2474 2941 2532 3014 χ’
2563 2945 2671 3003 ἔτος
2711 2946 2770 2996 τὸ
2801 2949 3078 3019 σωτήριον,
3108 2947 3354 3000 Ἰουλλίου
3383 2953 3528 3023 τρίτη

141 3027 388 3096 φθίνοντος.

978 3212 3524 3235 W

1183 3374 1930 3468 ERUDITORUM
2013 3375 2493 3481 ALIQUOT

659 3573 766 3634 DE
813 3572 1094 3635 ΡΗΟΤΙΟ
1139 3572 1636 3636 PATRIARCHA
1683 3573 2624 3637 CONSTANTINOPOLITANO
2666 3576 2970 3638 JUDICIA

1363 3896 1619 3950 ZONARLS
1643 3893 1971 3951 Annalium
2000 3897 2167 3950 Tom.
2201 3895 2288 3950 ΙΙΙ.

174 4077 588 4146 Προχειρίζεται
618 4069 678 4124 δὲ
704 4073 1046 4146 πατριάρχην
1070 4075 1156 4125 τὸν
1186 4077 1396 4138 Φὼτιον,
1429 4069 1598 4146 ἄνδρα
1629 4082 1727 4125 τῶν
1773 4073 2045 4148 ἐπισήμων
2088 4082 2470 4146 πρωτοασηκρῆ
2483 4094 2558 4137 τις
2588 4080 2700 4127 τότε
2743 4076 3092 4146 τυγχάνοντα,
3124 4080 3212 4126 καὶ
3257 4074 3305 4126 ἐν
3354 4075 3527 4146 λόγοις

119 4161 544 4232 ingenerata-1.
576 4164 636 4217 In
668 4162 804 4233 ejus
831 4161 1030 4217 locum
1060 4161 1290 4218 suffecit
1327 4161 1624 4227 Photium,
1655 4163 1846 4218 virum
1875 4162 2191 4232 insignem,
2225 4162 2581 4234 primarium
2608 4179 2644 4220 a
2671 4163 2932 4228 secretis,
2965 4169 3022 4220 et
3045 4163 3394 4220 eruditionis
3423 4180 3527 4220 no-

117 4251 256 4307 mine
283 4251 779 4309 celeberrimum.

1678 4342 1982 4396 Ceonanus.

165 4428 217 4482 Ὀ
249 4428 460 4503 Βάρδας
492 4435 717 4494 eum»,
745 4426 918 4505 ἄνδρα
945 4429 1028 4484 ἐπὶ
1061 4435 1219 4504 σοφίᾳ
1246 4435 1521 4507 γνώριμον,
1555 4433 2039 4505 πρωτοασηκρήτην
2056 4438 2343 4488 τηνικαῦτα
2372 4433 2701 4508 ὑπάρχοντα,
2735 4437 3132 4507 προχειρίζεται
3161 4438 3527 4512 πατριάρχην.

117 4515 321 4575 Bardas
359 4535 520 4591 ergo
543 4519 849 4584 Photium,
879 4519 1169 4576 celebrem
1207 4520 1502 4592 sapientia
1526 4520 1744 4584 virum,
1774 4524 1830 4575 et
1862 4518 2316 4576 secretariorum
2342 4537 2411 4577 eo
2449 4526 2714 4594 tempore
2740 4523 3093 4595 principem,
3123 4525 3526 4596 patriarcham

113 4613 273 4663 creat.

514 4717 858 4772 Famascus
882 4717 1199 4774 TURRIANUS
1225 4716 1523 4773 Prommio
1553 4717 1613 4772 in
1634 4715 2002 4786 Apostolicas
2030 4717 2487 4775 Constitutiones
2519 4717 2828 4774 Clementis
2852 4718 3134 4777 Romani.

167 4821 402 4878 Photius
453 4820 1168 4894 Constantinopolitanus
1202 4822 1261 4878 in
1297 4823 1658 4882 Bibliotheca
1698 4840 1829 4890 sua,
1878 4823 1962 4880 sic
2003 4825 2163 4881 enim
2204 4824 2466 4897 appellat
2509 4824 2790 4881 volumen
2831 4825 3045 4896 ingens
3072 4826 3146 4882 de
3180 4827 3344 4882 libris
3391 4842 3428 4882 a
3465 4843 3526 4883 se

116 4905 275 4970 lectis.
311 4918 432 4967 etc.

167 4998 402 5056 Photins
435 4999 824 5056 incredibilis
863 5001 1130 5056 lectionis
1150 5008 1205 5057 et
1231 5002 1384 5058 acris
1406 5002 1617 5073 judicii
1651 5007 1878 5058 auctor.

169 5090 631 5145 Eruditissimus
665 5097 720 5144 et
747 5091 1080 5145 incredibili
1108 5091 1354 5146 lectione
1382 5099 1603 5156 auctor,
1625 5097 1737 5147 etc.
1767 5093 1830 5146 In
1868 5107 1939 5147 eo
1965 5092 2300 5162 praesertim
2330 5106 2508 5162 opere
2553 5092 2718 5164 quod
2746 5091 3177 5149 Bibliothecam
3209 5093 3282 5149 de
3309 5093 3529 5150 librisa

121 5190 160 5228 ιι
191 5177 350 5234 lectis
379 5177 762 5242 nominavit,
795 5181 856 5234 in
879 5195 1000 5251 quo
1031 5187 1153 5236 tam
1182 5188 1475 5252 accurate,
1517 5187 1640 5237 tam
1673 5181 1794 5238 acri
1826 5181 2085 5252 ingenio,
2119 5189 2239 5236 tam
2267 5181 2660 5246 considerate,
2709 5186 2834 5236 tam
2863 5180 3058 5247 docte,
3091 5188 3212 5238 tam
3232 5183 3526 5250 distincte,

248 5269 435 5324 libere
472 5269 560 5322 de
591 5272 763 5324 tanta
791 5269 1168 5326 multitudine
1197 5276 1253 5326 et
1278 5271 1559 5326 varietate
1601 5269 1888 5326 librorum
1914 5269 2212 5341 judicium
2250 5269 2408 5341 facit,
2444 5275 2510 5325 ut
2546 5269 2691 5325 nihil
2718 5270 3240 5328 animadversione
3276 5271 3530 5342 dignum

125 5358 562 5421 Prttermisisse
597 5357 892 5413 videatur.

173 5444 349 5513 Quam
395 5449 484 5503 sit
517 5451 726 5502 autem
759 5463 943 5518 grave
969 5448 1031 5504 in
1064 5448 1178 5505 hoc
1204 5448 1431 5520 judicio
1465 5453 1522 5505 et
1575 5452 1816 5521 quantae
1851 5447 2217 5505 auctoritatis
2261 5447 2448 5504 Photii
2481 5448 2911 5514 testimonium,
2955 5448 3280 5521 intelligere
3315 5449 3449 5507 licet
3476 5453 3534 5506 et

136 5533 462 5607 uitium,
499 5542 617 5594 etc.
644 5535 796 5593 Tum
824 5537 888 5593 in
911 5537 1126 5612 primis
1152 5554 1225 5595 ex
1250 5538 1640 5609 Bibliotheca,
1671 5540 1754 5594 sic
1780 5538 1938 5594 enim
1961 5537 2278 5610 inscripsit,
2325 5543 2388 5592 ut
2431 5540 2612 5610 paulo
2644 5543 2780 5595 ante
2815 5539 2957 5605 dixi,
2990 5539 3203 5609 ingens
3252 5539 3534 5596 volumen

141 5625 354 5686 ﬁbris
378 5628 600 5687 omnis
629 5628 867 5699 generis
896 5643 934 5687 a
953 5628 1222 5697 selectis,
1255 5628 1317 5686 in
1343 5644 1464 5702 quo
1490 5628 1575 5684 ita
1599 5628 1718 5685 fere
1749 5628 2040 5702 cujusque
2074 5632 2519 5705 argumentum,
2539 5633 2595 5684 et
2629 5643 2820 5699 genus
2851 5627 2985 5701 styli
3012 5643 3082 5685 ac
3111 5627 3394 5685 doctrinae
3417 5628 3539 5684 dis-
