4046 6228
567 305 635 367 15
1801 299 1899 358 AD
1936 296 2165 357 PHOTIl

2325 296 2747 357 .LIOTHECAM
3488 266 3489 271 Ν
3874 306 3923 362 ιο

568 433 754 490 cernit
786 437 843 490 et
877 436 1062 499 notat,
1100 436 1163 487 ut
1190 430 1298 503 qui
1337 444 1603 486 summas
1647 426 1778 484 illas
1826 426 2002 497 legat,
2040 430 2198 482 totos
2229 426 2413 482 libros
2442 431 2497 482 et
2534 425 2775 497 ingenia
2804 431 3119 483 auctorum
3152 442 3332 483 nosse
3367 425 3483 483 sibi
3521 401 3933 494 videaturrduis

566 522 747 593 igitur
775 526 988 579 nostra:
1017 520 1209 578 aetatis
1242 535 1303 577 se
1342 535 1481 576 cum
1525 516 1734 575 Photio
1776 516 2042 574 conferre
2074 515 2312 581 audeat,
2352 514 2475 571 sive
2506 515 2802 586 ingenium
2845 516 2972 586 ejus
3007 524 3367 587 spectemus,
3413 518 3535 572 sive
3567 516 3857 589 πολυμαθίαν
3893 527 3938 576 et

567 610 905 685 πολυπειρίαν
934 626 1015 691 L1

1740 695 1839 752 Ex
1865 695 2076 751 litteris
2102 695 2346 751 Joannis
2386 693 2634 750 Livineii
2652 693 2733 749 ad
2758 695 2830 749 D.
2851 694 2929 748 H.

639 789 826 847 Photii
854 788 1138 863 scriptum
1170 786 1386 860 urgeri,
1415 791 1561 860 puto
1598 785 1978 842 vehementer
2003 801 2034 840 e
2060 799 2121 840 re
2155 784 2434 840 litteraria
2460 800 2613 840 esse.
2649 786 2747 838 Est
2773 784 2933 838 enim
2967 784 3220 849 varium,
3249 786 3307 839 et
3336 784 3616 840 omnibus
3640 785 3864 856 ingeniis
3880 804 3939 844 ac

570 878 778 937 studiis
808 877 979 935 valde
1009 877 1293 934 serviens.
1334 875 1554 932 Deinde
1583 874 1791 947 quanti
1822 873 2101 939 aestimas,
2127 874 2274 928 scire
2313 888 2424 929 nos
2461 873 2674 928 saltem
2702 880 2850 945 quot
2880 872 3180 928 bonorum
3219 872 3577 945 scriptorum
3609 873 3666 929 in
3691 877 3833 931 omni
3853 892 3936 947 ge-

569 984 711 1025 nere
727 968 1033 1035 doctrinae,
1070 966 1169 1039 qui
1197 965 1324 1023 viro
1347 964 1433 1022 illi
1462 963 1854 1037 φιλολογωτάτῳ
1893 963 2008 1019 visi
2038 963 2313 1034 lectique,
2340 961 2726 1032 naufragium
2756 960 3093 1017 fecerimus.

1662 1054 1762 1110 Ex
1787 1054 1997 1109 litteris
2038 1054 2159 1108 Jos.
2215 1052 2509 1122 Scaligeri
2530 1052 2610 1107 ad
2639 1051 2926 1107 eumdem.

646 1145 903 1209 Utinam,
934 1145 1015 1201 mi
1047 1143 1351 1208 Hmscheli,
1393 1143 1447 1199 in
1479 1141 1673 1198 Photii
1725 1142 1981 1197 editione
2003 1140 2355 1197 exornanda
2385 1148 2438 1195 te
2457 1141 2668 1211 juvare
2684 1156 2946 1212 possem.
2970 1139 3206 1195 Librum
3239 1138 3489 1212 quidem
3517 1144 3699 1196 totum
3727 1142 3779 1197 in
3808 1141 3945 1197 duos

572 1240 767 1291 tomos
784 1234 1148 1299 distinctum,
1170 1249 1354 1289 manu
1380 1232 1611 1288 Henrici
1635 1231 1916 1303 Stephani
1944 1233 2228 1302 scriptum
2262 1229 2404 1285 olim
2435 1231 2572 1299 legi,
2606 1245 2759 1301 opus
2789 1229 3044 1296 varium,
3078 1245 3149 1283 ex
3176 1233 3343 1300 cujus
3382 1228 3638 1286 editione
3669 1230 3946 1296 incertum,

572 1323 844 1394 majorne
871 1323 1283 1379 redundatura
1305 1323 1378 1377 sit
1404 1322 1465 1376 in
1499 1328 1552 1375 te
1580 1320 1789 1391 gloria,
1813 1336 1891 1375 an
1928 1320 1989 1374 in
2025 1320 2174 1375 alios
2208 1320 2442 1375 utilitas.
2478 1320 2639 1375 Certe
2671 1328 2792 1374 tam
2819 1321 3125 1389 egregium
3159 1318 3443 1390 scriptum
3467 1334 3590 1374 non
3616 1320 3723 1375 alio
3747 1320 3950 1375 editore

571 1412 799 1483 dignun
830 1417 973 1477 erat,
1004 1428 1181 1484 quam
1214 1417 1285 1475 te,
1314 1409 1419 1482 qui
1451 1414 1536 1465 tot
1563 1410 1863 1466 bonorum
1891 1415 2203 1465 auctorum
2225 1409 2481 1465 editione
2506 1414 2563 1464 et
2590 1408 2981 1463 eruditionem
3011 1413 3177 1463 tuam
3199 1415 3255 1463 et
3286 1424 3647 1479 propensum
3672 1410 3724 1463 in
3750 1408 3950 1464 litteras

572 1502 843 1558 animum
874 1502 1075 1556 testari
1100 1499 1374 1555 volueris.
1406 1501 1610 1572 Neque
1631 1514 1764 1568 ego,
1786 1515 1980 1571 neque
2003 1498 2318 1553 Vulcanius
2352 1504 2545 1553 noster
2578 1505 2629 1553 te
2654 1497 2861 1569 juvare
2893 1497 2953 1551 in
2980 1498 3093 1553 hoc
3113 1512 3456 1568 possumus,
3484 1500 3586 1568 qui
3617 1498 3769 1553 nulla
3782 1515 3950 1554 exem-

570 1590 761 1663 plaria
776 1590 905 1662 ejus
934 1589 1064 1645 libri
1096 1589 1410 1645 habemus.
1435 1588 1547 1643 Sed
1570 1588 1616 1642 si
1648 1589 1856 1653 habes,
1888 1595 1949 1643 ut
1977 1587 2152 1655 dicis,
2185 1588 2325 1653 duo,
2361 1593 2501 1660 puto
2535 1594 2586 1642 te
2632 1586 2915 1642 omnibus
2942 1586 3073 1641 aliis
3107 1601 3282 1658 aequo
3307 1588 3513 1641 animo
3546 1602 3735 1642 carere
3762 1604 3944 1659 posse.

1599 1677 1698 1733 Ea:
1728 1676 1942 1732 litteris
1966 1677 2163 1732 [sacci
2189 1676 2525 1733 Casauboni
2544 1676 2619 1732 ad
2643 1676 2929 1731 eumdem.

645 1768 771 1823 Ain'
800 1776 857 1823 tu
884 1772 1083 1824 autem
1114 1768 1143 1826 7
1174 1782 1300 1823 esse
1322 1771 1376 1821 te
1404 1765 1466 1822 in
1497 1781 1566 1821 eo
1594 1773 1652 1821 ut
1673 1766 1859 1822 Photii
1898 1765 2331 1823 Bibiiothecam
2362 1765 2507 1821 edas
2530 1764 2558 1820 ?
2592 1781 2628 1821 ο
2660 1782 2881 1821 munus
2912 1780 3043 1819 vere
3067 1762 3420 1819 muniﬁcum
3451 1763 3463 1819 ι
3493 1780 3529 1820 o
3560 1768 3613 1819 te
3640 1763 3950 1821 liberalem!

576 1857 744 1915 facile
774 1862 863 1914 est
897 1873 971 1913 ex
994 1857 1066 1913 iis
1094 1872 1231 1929 quae
1261 1862 1399 1912 sunt
1420 1855 1578 1912 edita
1598 1856 1672 1911 de
1708 1855 1867 1912 illius
1896 1854 2066 1911 libris
2092 1861 2383 1927 tanquam
2401 1871 2470 1911 ex
2501 1854 2800 1925 unguibus
2832 1854 3070 1910 leonem
3100 1851 3417 1909 aestimare.

1316 2108 1634 2172 ISAACUS
1660 2107 2165 2170 CASAUBONUS
2212 2107 2471 2168 DAVIDI
2515 2105 2985 2167 HOESCHELIO
3021 2105 3084 2168 S.
3118 2105 3187 2164 P.
3218 2107 3290 2166 D.

648 2222 927 2279 Photium
965 2227 1135 2278 tuum
1156 2228 1384 2295 quanta
1412 2229 1679 2297 poteram
1723 2222 2025 2294 diligentia
2049 2224 2200 2279 inter
2243 2223 2471 2279 aulicos
2506 2223 2804 2294 strepitus,
2838 2222 3185 2278 avidissime
3224 2226 3379 2277 certe
3420 2222 3697 2295 percurri.
3742 2223 3950 2280 Ostend

579 2312 758 2368 etiam
777 2327 997 2367 munus
1028 2317 1197 2367 tuum
1228 2312 1419 2369 doctis
1475 2314 1836 2385 magnisque
1861 2314 2001 2368 viris
2034 2328 2047 2369 :
2080 2328 2339 2385 quorum
2364 2313 2426 2367 in
2454 2311 2568 2368 hac
2593 2312 2758 2382 regia
2800 2314 2943 2367 urbe
2976 2327 3265 2367 numerus
3297 2311 3766 2384 haudquaquam
3798 2313 3950 2383 paeni

577 2400 812 2457 tendus.
842 2402 1060 2457 Omnes
1103 2401 1203 2456 tibi
1224 2410 1280 2456 et
1305 2402 1799 2473 praestantissimo
1833 2402 2063 2458 Velsero
2094 2403 2314 2473 gratias
2343 2418 2514 2473 agere
2539 2402 2925 2466 immortales,
2959 2417 3216 2472 quorum
3244 2404 3591 2457 auctoritate
3621 2402 3950 2458 etindustris

579 2489 963 2545 utilissimum
995 2490 1346 2561 scriptorem
1377 2492 1649 2563 proximo
1681 2499 1973 2546 autumno
2004 2507 2065 2546 se
2086 2490 2396 2546 habituros
2428 2495 2692 2562 sperant.
2726 2491 3054 2562 Principem
3084 2491 3234 2545 inter
3264 2491 3445 2561 hujus
3472 2492 3695 2546 ordinis
3728 2492 3877 2545 viros
3898 2492 3950 2545 lo

580 2595 719 2635 cum
738 2578 967 2634 obtinet
993 2595 1215 2651 praeses
1236 2580 1517 2636 Thuanus
1545 2595 1760 2652 :quem
1781 2595 1893 2650 ego
1915 2580 2108 2635 virum
2136 2580 2419 2634 divinitus
2450 2581 2659 2635 datum
2688 2594 2903 2635 censeo
2930 2580 3147 2635 saeculo
3173 2580 3267 2634 isti
3297 2580 3355 2634 in
3386 2580 3724 2651 exemplum
3755 2580 3950 2650 pietati

580 2666 957 2736 integritatis,
992 2667 1322 2738 probitatis,
1350 2674 1407 2723 et
1450 2674 1511 2723 ut
1548 2683 1668 2723 uno
1708 2669 1886 2723 verbo
1918 2670 2116 2724 dicam
2156 2689 2178 2721 π

2374 2668 2563 2743 ἀρετῆς
2606 2673 2696 2720 καὶ
2734 2668 2979 2729 καλλονῆς
3008 2668 3209 2740 ψυχῆς.
3250 2667 3400 2723 Sunt
3430 2675 3486 2724 et
3528 2668 3694 2723 multi
3731 2668 3824 2723 alii
3862 2684 3944 2738 qu

581 2755 643 2810 in
670 2755 831 2821 aula,
870 2772 993 2827 qua
1021 2756 1084 2810 in
1124 2762 1335 2812 senatu
1368 2756 1679 2812 Parisiensi
1709 2756 1987 2830 λάμποντες
2023 2756 2229 2830 ἀστέρες
2268 2760 2332 2818 ὡς
2360 2758 2534 2813 vestri
2562 2757 3002 2822 studiosissimi,
3042 2769 3098 2812 et
3134 2759 3392 2829 purioris
3415 2758 3753 2813 litteratura:
3784 2773 3950 2812 amar

580 2843 813 2899 tissimi.
844 2845 1061 2900 Omnes
1089 2845 1150 2900 hi
1184 2846 1457 2901 Photium
1486 2852 1747 2902 vestrum
1777 2846 2162 2918 cupidissime
2188 2853 2549 2919 exspectant,
2593 2848 2807 2902 eximie
2838 2856 3033 2901 autem
3076 2847 3428 2901 Franciscus
3457 2846 3738 2909 Pithmus,
3765 2850 3837 2900 de
3866 2862 3949 2918 qu

582 2948 775 3005 nuper
799 2935 1183 3005 scripseram,
1205 2950 1337 2990 esse
1360 2937 1418 2991 in
1450 2936 1578 3005 ejus
1610 2936 1889 2991 manibus
1917 2937 2101 2991 Photii
2131 2936 2456 3006 exemplar,
2480 2935 2837 2989 collaturum
2856 2950 2950 2988 me
2982 2942 3151 2988 tuum
3174 2934 3445 2988 codicem
3474 2950 3613 2989 cum
3641 2935 3741 2990 illo
3778 2956 3791 2990 :
3824 2943 3878 2990 et
3899 2951 3950 2989 ei

583 3026 818 3091 cerptas
850 3022 988 3076 inde
1026 3026 1225 3096 γραφὰς
1252 3020 1538 3095 διαφόρους
1568 3023 1766 3076 isthuc
1793 3024 2141 3075 missurum.
2178 3026 2376 3093 Neque
2407 3023 2485 3076 ab
2513 3022 2613 3076 illo
2652 3037 2842 3091 neque
2876 3037 2911 3074 a
2951 3038 3043 3075 me
3078 3024 3323 3092 insuper
3355 3021 3566 3077 habita
3600 3039 3672 3078 ea
3697 3038 3861 3089 cura,
3894 3040 3950 3077 se

582 3124 912 3181 paucorum
925 3109 1204 3164 foliorum
1221 3125 1353 3165 com
1363 3110 1670 3180 paratione
1687 3108 2028 3172 didicimus,
2043 3109 2190 3164 nihil
2206 3116 2307 3164 aut
2319 3125 2529 3179 parum
2547 3109 2791 3164 omnino
2810 3110 3010 3164 auxilii
3028 3111 3105 3165 ad
3118 3110 3460 3166 ornandam
3489 3116 3653 3166 tuam
3671 3111 3765 3166 edi
3775 3113 3950 3167 tionei

582 3214 620 3253 a
648 3197 847 3253 Pithmi
874 3196 1027 3251 libro
1051 3212 1182 3251 esse
1205 3198 1693 3268 exspectandum.
1724 3198 1917 3262 Quare
1939 3198 2101 3253 aliud
2126 3213 2341 3253 censeo
2362 3214 2632 3268 agamus.
2669 3198 2955 3269 Equidem
2990 3200 3037 3253 si
3068 3199 3521 3256 domiinMuseo
3537 3217 3673 3255 meo
3700 3218 3833 3271 quae
3859 3218 3950 3255 sui

581 3301 614 3340 a
644 3290 697 3340 te
734 3286 919 3341 missa
967 3285 1266 3354 legissem,
1300 3292 1401 3341 aut
1420 3286 1524 3341 otii
1555 3286 1892 3358 plusculum
1919 3285 2266 3342 habuissem
2289 3288 2364 3343 ad
2383 3286 2444 3341 id
2474 3289 2802 3358 negotium,
2827 3288 2998 3360 plura
3027 3295 3081 3343 et
3111 3290 3357 3345 meliora
3386 3290 3446 3344 in
3473 3306 3543 3344 eo
3578 3289 3873 3361 Scriptore
3895 3291 3950 3343 ol

582 3388 911 3429 servassem
941 3380 997 3429 et
1022 3381 1216 3430 tecum
1247 3376 1811 3432 communicassem.
1842 3376 1958 3432 Sed
1982 3375 2155 3430 crede
2186 3376 2331 3431 mihi
2357 3376 2510 3431 serio
2548 3375 2889 3444 aiﬁrmanti,
2918 3377 3065 3432 nihil
3109 3379 3477 3449 occupatius,
3517 3379 3664 3434 nihil
3704 3395 3739 3434 a
3782 3379 3949 3433 studi

582 3462 833 3518 alienius
848 3479 920 3518 ea
949 3462 1085 3526 vita.
1111 3479 1295 3535 quam
1328 3466 1385 3519 in
1412 3465 1521 3519 hac
1546 3464 1686 3520 aula
1710 3465 1996 3520 hactenus
2017 3464 2294 3519 viximus.
2332 3467 2397 3520 Ut
2423 3467 2601 3520 scires
2628 3472 2829 3521 tamen
2848 3467 3026 3522 etiam
3052 3468 3111 3521 in
3141 3468 3394 3522 summis
3419 3468 3580 3523 hisce
3593 3468 3950 3539 occupation

580 3552 699 3607 bus
724 3550 999 3607 Photium
1020 3558 1185 3607 tuum
1203 3552 1375 3608 nobis
1404 3568 1537 3608 esse
1555 3554 1797 3619 lectum,
1824 3553 2081 3625 paucula
2095 3553 2380 3625 quaedam
2402 3553 2693 3609 illevimus
2716 3556 2855 3610 huic
2871 3556 3108 3621 chartas,
3132 3572 3270 3626 quae
3296 3564 3421 3611 tum
3443 3557 3618 3612 nobis
3646 3558 3707 3611 in
3734 3565 3950 3611 mentei

581 3646 890 3696 venerunt.
910 3643 1057 3696 Nam
1084 3644 1324 3711 gravius
1344 3642 1568 3715 aliquid
1602 3642 1818 3699 frustra
1852 3658 2013 3697 nunc
2049 3658 2086 3698 a
2117 3658 2211 3698 me
2241 3644 2700 3714 exspectaveris.
2738 3643 2894 3710 Vale,
2930 3644 3018 3700 vir
3048 3645 3409 3709 doctissime,
3442 3651 3497 3700 et
3523 3662 3617 3701 me
3649 3650 3950 3701 constant.

582 3744 745 3787 ama.
778 3731 1011 3786 Lutetiae
1042 3730 1407 3787 Parisiorum
1446 3737 1478 3787 5
1504 3731 1757 3788 Kalend.
1790 3732 2001 3788 Junias
2021 3747 2154 3788 unc.

1702 3938 1804 3999 EX
1832 3937 2056 4000 NOTlS
2099 3938 2445 4000 ANDRExE
2484 3937 2834 4012 SCHOTTI,

1763 4083 1852 4125 AD
1880 4081 2489 4127 CHRESTOMATHIAM
2527 4083 2783 4128 PROCLI.

656 4191 1001 4266 Ἀνεγνὼσθη,
1050 4194 1268 4251 lectum
1302 4199 1408 4263 est,
1460 4194 1555 4251 vel
1598 4194 2047 4267 Ἀνεγνώσθησαν,
2101 4196 2255 4252 lecta
2285 4201 2441 4251 sunt.
2496 4196 2587 4252 Sic
2616 4197 2690 4252 de
2738 4197 2987 4268 singulis
3018 4213 3055 4254 a
3084 4213 3147 4253 se
3196 4215 3333 4255 cum
3377 4198 3599 4269 judicio
3629 4196 3807 4255 lectis
3839 4198 3950 4255 libi

580 4281 819 4336 Photius
871 4282 1206 4352 patriarcha
1245 4284 1933 4355 Constantinopolitanus
1984 4284 2032 4335 έν
2090 4292 2152 4357 τῇ

2305 4287 2506 4357 twenty
2552 4293 2652 4337 τῶν
2703 4285 3096 4360 ἀνεγνωσμένων
3150 4290 3289 4359 αὐτῳ
3334 4286 3550 4360 βιϐλίων
3597 4288 3903 4360 loquitur,

578 4368 818 4425 oculato
840 4370 969 4424 testi
998 4370 1148 4423 fides
1186 4370 1498 4426 habeatur.
1526 4374 1640 4426 Nec
1669 4372 1830 4427 enim
1864 4388 1936 4427 ex
1963 4374 2215 4429 aliorum
2248 4389 2543 4441 sermone,
2574 4374 2665 4429 vel
2693 4376 2899 4443 obiter,
2930 4384 2987 4432 et
3010 4384 3296 4448 tanquam
3329 4392 3431 4447 per
3462 4384 3873 4433 transennam
3920 4379 3949 4431 i‘

577 4464 781 4528 specto
806 4474 1004 4530 opere,
1032 4465 1092 4513 ut
1122 4458 1239 4513 fere
1272 4461 1382 4513 hoc
1405 4460 1642 4530 saeculo,
1670 4461 1743 4515 de
1768 4466 1887 4515 toto
1913 4477 2092 4531 opere
2110 4463 2403 4531 judicium
2429 4462 2541 4518 sibi
2569 4464 2880 4521 ferendum
2902 4465 3306 4531 existimabat,
3347 4466 3452 4522 sed
3480 4482 3515 4521 a
3537 4467 3740 4538 capite
3775 4468 3858 4522 ad
3892 4483 3950 4523 ca

578 4561 707 4600 cem
734 4546 1009 4616 perlecto.
1052 4545 1233 4601 libere
1281 4547 1512 4616 judicat
1535 4562 1749 4603 censor
1770 4557 1827 4605 et
1853 4552 2086 4605 criticus
2117 4553 2528 4621 gravissimus,
2564 4555 2781 4608 summi
2811 4562 2867 4610 et
2906 4555 3126 4625 ingenii
3151 4556 3454 4625 etjudicii,
3497 4555 3571 4610 de
3603 4557 3948 4628 scriptorib

576 4634 846 4689 ducentis
874 4634 1129 4707 amplius
1155 4640 1211 4691 et
1238 4636 1631 4709 septuaginta,
1666 4638 2002 4709 philologis,
2042 4642 2255 4712 poetis,
2283 4641 2597 4709 historicis,
2630 4643 3012 4709 oratoribus,,
3051 4644 3424 4717 philosophis
3455 4650 3512 4699 et
3533 4644 3885 4715 theologis:
3915 4662 3950 4717 q

577 4724 907 4779 maximam
928 4731 1181 4795 partem,
1210 4727 1889 4799 temporuinneinjuria,
1920 4745 1995 4784 an
2030 4731 2327 4801 majorum
2359 4731 2605 4799 incuria,
2636 4734 2951 4805 perierunt.
2987 4733 3051 4788 Et
3076 4734 3317 4805 quidem
3349 4735 3423 4788 de
3457 4733 3592 4805 styli
3626 4736 3950 4789 charactei

577 4812 935 4882 scriptorum
962 4829 1231 4879 numero,
1283 4819 1342 4869 et
1368 4813 1567 4880 titulis,
1615 4832 1749 4888 quas
1780 4822 1998 4889 γνήσια,
2041 4834 2173 4889 quae

2351 4822 2640 4896 ⁵επίγραφα,
2673 4823 2819 4895 quid
2868 4822 3067 4887 laude,
3100 4830 3157 4878 et
3186 4824 3533 4889 imitatione,
3577 4824 3739 4895 quid
3801 4828 3949 4878 cont

573 4899 1001 4972 vituperatione
1022 4903 1268 4972 dignum
1300 4903 1361 4958 in
1392 4903 1642 4973 singulis
1656 4906 2165 4977 deprehendisset,
2190 4910 2320 4964 siue
2341 4910 2476 4966 fuco
2498 4919 2555 4967 et
2582 4912 2745 4981 odio,
2773 4928 2936 4968 more
2975 4914 3295 4984 majorum,
3321 4911 3693 4985 pronuntiat.
3736 4913 3949 4985 Deniq

574 5002 698 5061 qua
723 4989 979 5063 quisque
1009 4996 1358 5064 tempestate
1386 4992 1665 5059 ﬂoruerit,
1699 5002 2046 5070 cteteraque,
2090 4998 2340 5069 longum
2391 5005 2549 5057 esset
2585 5002 2744 5058 enim
2778 5003 2862 5059 ire
2896 5017 3003 5074 per
3046 5002 3306 5073 singula,
3349 5002 3636 5059 audacter
3678 5000 3950 5073 dijudic.

1597 5248 1656 5309 J.
1684 5248 1983 5312 LIPSIUS
2010 5251 2271 5313 MARCO
2297 5251 2647 5313 VELSERO
2671 5252 2735 5315 S.
2770 5255 2848 5317 M.
2884 5254 2964 5319 D.

646 5374 937 5434 Senecam
967 5380 1241 5434 nostrum
1273 5381 1387 5434 ate
1417 5382 1749 5452 acceptum,
1782 5389 1836 5438 et
1858 5398 1990 5439 vere
2008 5388 2341 5457 acceptum,
2372 5384 2434 5441 id
2458 5389 2568 5452 est,
2593 5389 2831 5456 gratum
2866 5385 3068 5454 fuisse,
3104 5385 3364 5458 gaudeo.
3395 5389 3613 5444 Annon
3646 5390 3855 5455 esset,
3891 5403 3950 5443 sc

572 5469 706 5536 ptor
733 5466 994 5538 optimus
1011 5467 1137 5524 viro
1162 5467 1432 5541 optimo?
1451 5469 1622 5535 Quod
1646 5470 1734 5527 ais
1749 5470 2087 5530 desiderare
2108 5474 2406 5547 quosdam
2425 5473 2653 5547 reliqua
2682 5491 2693 5531 :
2730 5492 2923 5548 pauca
2952 5483 3110 5544 sunt,
3141 5482 3195 5532 et
3234 5476 3413 5533 hodie
3442 5493 3573 5534 mos
3605 5477 3868 5534 obtinet
3898 5494 3950 5532 rt

571 5562 850 5627 quatores
880 5573 1024 5625 esse,
1057 5558 1178 5617 imo
1224 5560 1697 5618 conturbatores.
1731 5564 1906 5619 Detur
1939 5563 2127 5635 venia,
2178 5569 2281 5621 aut
2322 5570 2475 5621 certe
2530 5581 2699 5624 mora
2744 5565 2964 5640 aliqua,
3017 5566 3338 5624 valetudini
3372 5584 3385 5624 :
3415 5574 3471 5625 et
3518 5566 3797 5625 fortasse
3830 5564 3950 5623 alte

572 5642 751 5704 editio
792 5645 976 5707 dabit.
1018 5648 1163 5707 Sunt
1198 5654 1254 5707 et
1280 5651 1339 5705 in
1366 5648 1479 5705 illis
1500 5649 1680 5724 libris,
1714 5668 1849 5728 quae
1885 5652 2100 5713 volenti
2141 5653 2306 5713 haud
2331 5653 2631 5731 peribunt.
2671 5659 2741 5714 At
2775 5662 2837 5713 tu
2874 5656 2948 5714 de
2978 5655 3171 5731 elogio
3198 5656 3419 5718 debere
3450 5656 3795 5737 proﬁteris.
3834 5658 3917 5717 Et
