4046 6228
246 282 311 340 t1
1640 286 2173 349 PROLEGOMENA
3552 316 3622 375 43

254 407 502 481 loqueris?
514 406 765 478 judicio,
800 406 998 463 dicere
1019 408 1285 466 debebas
1329 426 1341 463 :
1396 414 1451 466 et
1480 410 1615 466 ideo
1642 410 1783 468 nihil
1814 412 2053 472 debere.
2088 417 2230 474 Mihi
2261 420 2454 487 crede,
2488 427 2551 479 ut
2583 424 2632 480 si
2657 426 2897 497 juratus
2926 434 2987 489 in
3017 439 3230 491 senatu
3260 439 3617 497 sententiam

257 498 467 559 dicerem,
489 497 565 550 sic
596 496 744 552 dixi.
778 497 931 553 Amo
963 500 1020 552 te
1045 498 1433 568 jamdudum,
1479 499 1560 555 mi
1593 499 1848 567 Velsere,
1879 505 1983 560 sed
2011 505 2257 563 affectus
2290 508 2451 565 illam
2484 496 2669 570 animi
2701 516 2898 576 lucem
2919 537 3041 578 non
3064 523 3439 582 obtenebrat.
3473 528 3614 598 Sed,

247 587 373 647 heus,
388 587 635 656 estquod
667 587 980 641 communi
1003 586 1393 644 litteratorum
1420 589 1661 645 nomine
1682 594 2197 665 commendemus,
2226 597 2319 653 vel
2346 604 2648 669 petamus.
2670 606 2919 665 Andreae
2938 612 3183 679 Schotti,
3211 615 3415 685 magni
3434 586 3614 674 amici

237 673 393 741 uestri,
423 673 682 740 Photius,
716 674 956 731 Latinus
980 676 1217 745 jamdiu
1248 676 1412 747 apud
1453 694 1560 733 vos
1592 684 1698 744 est,
1732 685 1789 736 et
1815 684 2064 754 quando
2102 688 2224 756 ipse
2252 686 2467 759 lucem,
2513 706 2624 747 nos
2653 709 2791 751 eum
2823 673 3179 758 videbimus,
3201 702 3229 757 i’
3260 673 3425 761 Cevrte
3456 673 3613 764 inter

222 777 405 833 paucos
430 762 520 818 ille
556 764 815 834 scriptor
846 769 1105 820 meretur
1136 785 1148 823 :
1183 765 1288 837 qui
1321 766 1482 821 solus
1522 771 1604 823 tot
1632 769 2104 828 clarissimorum
2137 774 2519 843 ingeniorum
2554 791 2947 843 monumenta
2978 804 3014 845 a
3044 790 3169 846 fato
3192 793 3406 865 eripuit
3438 813 3450 854 :
3484 798 3609 852 toto

214 851 326 905 dico
353 852 477 919 lato,
509 859 569 908 et
588 853 805 908 saltem
829 852 1079 910 nomina
1103 855 1533 925 etscriptorum
1559 856 1719 912 velut
1734 860 2009 916 membra
2039 864 2312 920 servavit.
2352 867 2543 931 Quam
2570 870 2786 927 multos
2808 874 2905 931 ille
2934 876 3095 947 legit,
3128 896 3195 935 ex
3226 851 3298 936 iis
3329 851 3606 953 elegit,et,

213 948 264 993 ut
288 941 357 994 sic
378 940 608 1012 loquar,
644 941 951 997 defloravit
991 958 1137 1013 quos
1168 959 1342 999 nosse
1374 943 1548 1000 nobis
1578 945 1747 1000 aliter
1772 964 1891 1003 non
1933 956 2092 1005 esset
2124 950 2151 1005 ?
2183 954 2220 1006 E
2248 955 2451 1020 sacris,
2489 958 2776 1027 profanis,
2810 940 3248 1033 tractatoribus,
3282 940 3602 1041 historicis,

206 1030 519 1095 oratoribus,
552 1032 759 1102 poetis,
794 1040 849 1087 et
878 1031 1023 1086 nihil
1051 1037 1137 1087 est
1164 1033 1224 1087 in
1257 1034 1458 1089 Graeca
1483 1036 1647 1089 omni
1675 1034 2023 1102 litteratura,
2056 1045 2156 1095 aut
2191 1047 2252 1097 ut
2284 1043 2477 1099 verius
2499 1046 2714 1114 dicam,
2746 1050 3012 1118 libraria,
3045 1057 3211 1127 quod
3234 1030 3336 1113 ille
3366 1060 3451 1115 vir
3478 1030 3603 1117 non

199 1118 387 1174 libarit.
416 1119 864 1175 Pulcherrimus
896 1136 1026 1175 mos
1055 1121 1111 1176 in
1138 1136 1349 1177 mensa
1378 1122 1625 1194 legendi,
1657 1124 1748 1180 vel
1765 1125 2049 1183 audiendi
2082 1145 2095 1184 :
2125 1130 2230 1185 sed
2262 1132 2366 1188 iste
2393 1134 2698 1205 pulchrior
2723 1118 3438 1213 utiliorqueiannotandi,
3470 1166 3601 1205 cen-

193 1208 354 1272 sendi,
380 1209 767 1280 excerpendi.
800 1209 1044 1264 Photius
1069 1209 1221 1273 fecit,
1255 1218 1309 1264 et
1333 1211 1438 1283 qui
1470 1212 1547 1267 ad
1581 1228 1688 1269 nos
1730 1224 2145 1283 pervenerunt,
2199 1219 2382 1275 solus.
2441 1224 2627 1280 David
2669 1208 3033 1286 Hmschelius
3063 1239 3271 1301 vester,
3306 1241 3361 1292 et
3392 1208 3598 1294 vestris

194 1297 346 1352 etiam
376 1298 689 1368 auspiciis,
723 1296 993 1354 Graecum
1027 1298 1324 1370 primitus,
1357 1305 1414 1356 et
1440 1301 1600 1356 varie
1622 1308 1801 1374 atque
1827 1303 2116 1361 industrie
2133 1309 2517 1378 castigatum,
2544 1313 2742 1371 dedit:
2779 1318 2884 1373 sed
2910 1323 3067 1377 nosti
3098 1338 3221 1395 quo
3248 1296 3491 1381 ventum
3515 1328 3589 1383 sit

187 1386 395 1456 ignavia
447 1388 578 1452 aevi,
637 1388 814 1459 pauci
858 1388 987 1442 haec
1032 1388 1234 1455 legunt
1273 1394 1376 1444 aut
1416 1391 1677 1461 capiunt,
1738 1397 1796 1449 et
1825 1393 1937 1448 nisi
1982 1396 2191 1451 Latina
2220 1398 2542 1464 addantur,
2577 1418 2729 1474 pene
2754 1405 2956 1464 dicam
2986 1386 3409 1468 non-dedisse.
3445 1417 3597 1486 Ergo

186 1478 245 1527 Α.
274 1475 562 1539 Schottus,
594 1476 685 1530 vir
710 1477 874 1531 bono
915 1476 1155 1548 publico
1180 1484 1374 1543 natus,
1408 1478 1785 1548 allaboravit,
1812 1488 1869 1538 et
1897 1482 2173 1539 Latinum
2206 1489 2394 1542 totum
2426 1489 2589 1547 dedit
2618 1498 2675 1549 et
2706 1494 2808 1550 tibi
2840 1499 3164 1555 commisit.
3200 1502 3346 1557 Ecce
3373 1502 3505 1573 jure
3521 1475 3593 1560 te

180 1564 526 1633 ﬂagitamus.
560 1565 679 1621 Fac
715 1566 884 1637 quod
912 1565 1069 1621 soles
1096 1570 1155 1621 et
1184 1573 1360 1622 natus
1384 1585 1467 1631 es,
1496 1584 1620 1625 rem
1653 1570 1957 1642 publicam
1988 1572 2080 1629 vel
2114 1575 2354 1644 privata:
2377 1582 2490 1633 tua:
2520 1578 2748 1638 damno
2761 1582 2927 1654 juva.
2960 1586 3030 1641 Mi
3051 1586 3299 1655 Velsere,
3324 1564 3404 1647 da
3432 1591 3590 1649 hanc

176 1668 417 1724 operam,
454 1654 568 1709 etsi
600 1669 787 1726 quam
819 1656 1129 1728 trepidiset
1156 1672 1307 1729 pene
1332 1656 1660 1732 desperatis
1682 1662 1933 1733 Europa;
1963 1661 2141 1718 rebus
2166 1661 2540 1732 7Pannonia,
2570 1674 2625 1725 et
2638 1669 2766 1740 jam
2792 1672 3091 1745 Illyricum
3112 1676 3459 1746 ﬁnitimum,
3479 1681 3592 1738 sol-

170 1740 343 1797 licitos
369 1759 481 1799 nos
513 1743 749 1800 habent
780 1762 795 1804 :

1127 1845 1251 1913 Quo
1288 1845 1525 1913 pondus
1561 1847 1725 1903 istud
1762 1850 2010 1918 verget?
2047 1848 2151 1905 ubi
2174 1858 2355 1919 ponet
2377 1855 2571 1912 minas
2599 1860 2629 1913 ?

166 1928 519 2001 Ubicunque,
552 1935 805 1996 stemus,
858 1936 913 1988 et
944 1933 1002 1988 in
1031 1932 1286 1989 honesto
1318 1932 1494 1999 firmi,
1527 1950 1770 1990 omnem
1820 1934 1920 1991 fati
1962 1937 2085 1993 vim
2132 1940 2502 2013 excipiamus
2528 1945 2652 2003 imo
2684 1949 3017 2019 vincamus,
3050 1952 3110 2009 id
3154 1959 3261 2027 est,
3302 1956 3586 2018 feramus.

223 2016 374 2074 Vale.
409 2018 667 2075 Lovanii
701 2020 996 2093 postridie
1026 2021 1250 2078 Natalis
1276 2022 1591 2093 Dominici,
1626 2040 1787 2081 anno
1817 2026 2049 2082 MDCVI.

898 2273 977 2334 IN
1019 2274 1436 2337 ΡΗΟΤΙΑΝίΕ
1481 2274 1751 2337 BIBLIO']

1893 2275 2009 2338 CE
2053 2277 2732 2350 INTERPRETATION
2740 2290 2840 2351 ΕΜ

739 2426 780 2467 Α
828 2425 893 2470 R.
944 2426 1003 2468 P.
1051 2427 1315 2471 ANDREA
1357 2426 1649 2472 SCHOTTO
1693 2426 1775 2472 DE
1817 2428 2172 2475 SOCIETA'I‘E
2213 2433 2368 2479 JESU
2414 2410 2654 2482 LATINE
2696 2439 2968 2488 EDITAM.

1488 2544 1699 2602 Feder.
1730 2544 2045 2615 Jamotius,
2083 2548 2240 2607 Med.

140 2696 339 2754 Σιόττος
372 2692 481 2747 ἀπὸ
513 2697 755 2747 σκοτίοιο
787 2698 1083 2768 φερώνυμός
1114 2694 1252 2750 ἔστιν
1287 2695 1514 2770 ὁμίχλης

1910 2699 2192 2757 Schottus
2234 2718 2304 2759 ac
2334 2702 2593 2762 obscura
2632 2705 2796 2763 ducit
2822 2708 3077 2779 caligine
3116 2727 3337 2771 nomen

199 2789 391 2846 Φὼτιος
422 2785 500 2846 ὡς
527 2784 781 2858 λαμπροῦ
811 2781 1045 2843 κὶηδὸνα
1074 2789 1240 2858 φωτὸς
1269 2788 1403 2859 ἔχει.

1976 2788 2219 2845 Photius
2248 2797 2310 2846 ut
2340 2791 2481 2847 clari
2523 2792 2767 2850 luminis
2794 2811 2971 2852 omen
3005 2798 3209 2855 habet.

140 2877 218 2923 Ter
245 2871 294 2925 δ’
326 2872 476 2932 ἔτηιή
510 2880 604 2926 καὶ
628 2879 853 2935 Σκόττος
887 2873 1150 2947 ἀπήγαγεν
1176 2874 1372 2948 ἀχλύος
1399 2876 1547 2939 αἰιῆς

1907 2874 2055 2932 Cum
2071 2881 2261 2934 tamen
2276 2880 2437 2936 hunc
2455 2881 2728 2939 Schottus
2742 2883 3068 2943 tenebrosis
3086 2890 3307 2946 eximat
3321 2892 3563 2962 umbris,

196 2967 396 3016 Φυτικὰ
425 2964 752 3037 λαμπρύνων
782 2968 1068 3037 γράμματα
1098 2985 1227 3037 φωτι
1250 2971 1363 3039 νέῳ.

1978 2967 2223 3023 Lumine
2245 2985 2378 3024 cum
2410 2969 2613 3027 lustret
2641 2972 2888 3030 Photica
2917 2974 3138 3048 scripta
3176 2994 3333 3036 novo
3368 2996 3379 3036 :

136 3054 291 3115 (Τοῖσι
323 3053 687 3125 παλαιγενέων
714 3058 1087 3129 σφραγίσσατο
1118 3061 1311 3119 Φώτιος
1341 3052 1542 3130 ἀνδρῶν

1902 3053 2155 3127 (Scripta
2167 3058 2383 3129 quibus
2396 3074 2606 3115 censor
2617 3066 2882 3118 veterum
2896 3072 3289 3125 monumenta
3302 3069 3562 3129 virorum

192 3148 477 3215 Μνήματα,
513 3149 749 3216 τιμήσας
782 3148 1070 3216 στίγμασιν
1095 3142 1396 3218 ἁμφαδίοις)

1970 3144 2215 3202 Photius
2244 3146 2523 3217 obsignat
2562 3147 2832 3206 liberiore
2863 3153 3025 3226 nota)

135 3232 181 3283 Ei
201 3234 343 3302 θέμις
376 3232 691 3306 ἁτρεκέεσσι
720 3238 1036 3308 πανατρεκὲς
1060 3238 1255 3308 οὔνομα
1285 3236 1467 3303 θιῖναι,

1902 3234 2047 3289 Vera
2069 3233 2203 3290 licet
2242 3238 2395 3291 veris
2420 3237 2466 3293 si
2495 3252 2718 3309 ponere
2747 3241 2999 3298 nomina
3024 3243 3203 3300 rebus

186 3320 270 3383 '0;
297 3342 425 3376 ποτε
446 3328 673 3385 Σκόττος
699 3326 809 3392 ἔην,
843 3330 1040 3388 Φὼτιος
1064 3325 1212 3389 ἄλλος
1239 3328 1330 3380 ἔοι.

1970 3321 2080 3392 Qui
2114 3324 2296 3381 modo
2319 3326 2598 3384 Schottus
2624 3334 2772 3399 erat,
2803 3329 3043 3389 Photius
3073 3332 3220 3390 alter
3249 3336 3375 3393 erit.

125 3446 333 3503 Franc.
365 3447 651 3504 Schattus
669 3451 1132 3507 Jureconsuttus
1154 3466 1225 3507 ac
1244 3452 1783 3525 senatorAntuerp.
1968 3448 2063 3505 Sic
2097 3456 2378 3522 reparant
2416 3451 2674 3508 tenebrat
2710 3452 2960 3526 lumina,
3000 3472 3237 3531 noxque
3266 3460 3445 3519 diem.

1897 3537 2345 3610 (Edipodionias
2378 3540 2630 3598 redeunt
2651 3541 2974 3613 aenigmata
3001 3546 3300 3618 Sphingis,

1962 3630 2078 3683 Nec
2112 3644 2219 3683 sua
2247 3635 2454 3685 nostra
2485 3629 2683 3687 minus
2712 3633 2929 3689 saecula
2956 3641 3230 3693 monstra
3261 3637 3476 3697 terunt.

1893 3715 2175 3787 Quisquis
2201 3722 2261 3772 at
2290 3719 2641 3775 umbrarum
2686 3720 2801 3778 sub
2827 3723 3070 3779 nomine
3101 3724 3264 3782 clara
3295 3732 3511 3800 tuetur,

1961 3806 2103 3871 Quae
2127 3804 2391 3876 Schotus,
2417 3808 2625 3864 illustri
2665 3808 2899 3868 lumina
2936 3818 3136 3870 mente
3168 3814 3330 3885 tegit,

1887 3892 2263 3968 Insignisque
2295 3896 2401 3952 viri
2426 3913 2598 3954 raras
2630 3900 2935 3956 examinat
2965 3906 3140 3967 artes,

1957 3984 2116 4049 Quas
2147 3990 2345 4057 stupet
2369 3990 2426 4041 et
2446 3986 2699 4052 Latium,
2736 3987 2955 4045 Graecia
2978 3994 3101 4046 tota
3131 3996 3329 4063 stupet
3356 4008 3369 4050 :

1882 4073 2008 4128 Non
2042 4072 2262 4129 mirum
2291 4079 2378 4128 est
2398 4073 2558 4129 illam
2593 4075 2796 4131 radios
2834 4080 3117 4144 emittere,
3146 4079 3324 4150 dicet,

1954 4161 2281 4233 Lampada,
2301 4161 2504 4218 lumen
2535 4163 2976 4221 habetP/zotius
3006 4166 3168 4224 unde
3192 4185 3393 4226 suum.

1879 4251 1993 4306 Nec
2022 4250 2228 4307 rutilas
2261 4250 2530 4323 praeferre
2560 4252 2721 4309 faces
2742 4254 3057 4312 mirabitur
3088 4258 3388 4327 umbram,

1946 4342 2083 4405 Quae
2112 4339 2305 4396 lucem
2346 4340 2504 4397 hanc
2540 4341 2672 4399 aliis
2698 4343 2972 4415 pluribus
3000 4351 3137 4402 ante
3170 4347 3316 4404 tulit.

1878 4427 2119 4493 Salvete,
2153 4444 2189 4484 ο
2228 4430 2507 4495 tenebrae,
2541 4430 2786 4501 fulgenti
2808 4432 2939 4490 luce
2959 4450 3239 4501 coruscas,

1946 4516 2028 4573 Sit
2058 4518 2200 4572 satis
2239 4516 2354 4574 hoc
2386 4519 2593 4574 vestris
2632 4522 2897 4577 muneris
2926 4537 3054 4579 esse
3079 4524 3265 4581 decus
3299 4543 3312 4582 :

1871 4605 2119 4661 Photius
2144 4607 2201 4661 in
2232 4606 2500 4663 medium
2528 4608 2692 4679 quod
2718 4610 2922 4680 purior
2949 4619 3121 4668 exeat
3148 4614 3380 4681 orbem,

1942 4694 2066 4748 Lux
2095 4708 2127 4749 e
2155 4693 2333 4759 nube,
2367 4695 2560 4752 redux
2590 4711 2849 4764 carcere,
2881 4704 3056 4755 nocte
3079 4700 3272 4771 jubar.

123 3572 293 3628 Paeti
322 3574 572 3646 scripta,
604 3574 769 3645 prius
796 3574 899 3646 qui
922 3590 1079 3631 casco
1110 3590 1346 3632 carcere
1377 3575 1639 3646 clausus,

178 3663 503 3730 Horridus,
543 3662 794 3727 invisus,
828 3670 1001 3720 nocte
1031 3664 1253 3721 latebat
1278 3665 1459 3731 iners,

120 3750 327 3807 Eduxit
360 3753 658 3824 quoniam
689 3752 821 3809 dias
842 3753 900 3808 in
932 3753 1174 3810 luminis
1202 3770 1363 3820 oras,

174 3843 385 3897 Frater
414 3842 701 3908 amande,
730 3842 917 3898 animi
955 3843 1397 3918 dimidiumque
1424 3844 1564 3911 mei,

110 3930 390 3986 Gratulor
415 3937 475 3987 et
506 3931 690 3997 laetor,
734 3933 931 4005 prisco
960 3932 1175 3988 dehinc
1202 3949 1360 3989 more
1393 3938 1707 4007 parentum

166 4021 381 4075 Grates
403 4024 578 4091 grata
623 4020 760 4076 velit
790 4021 1016 4078 solvere
1047 4023 1382 4094 posteritas.

106 4110 229 4163 Lux
262 4110 531 4165 tenebrae
560 4110 656 4165 hic
693 4109 892 4167 fausto
929 4111 1275 4184 conspirant
1304 4112 1522 4179 omine,
1566 4113 1773 4171 lucens

162 4200 459 4271 Namque
496 4200 756 4255 obscura
793 4200 954 4273 prius
987 4200 1350 4259 Bibliotheca
1377 4207 1554 4275 patet.

96 4285 223 4343 Lux
258 4288 448 4343 micat
479 4304 512 4342 e
543 4290 803 4345 tenebris
834 4305 907 4347 en
943 4295 1151 4346 mutua
1185 4307 1198 4345 :
1232 4307 1472 4365 noxque
1502 4293 1768 4351 vicissim

164 4376 426 4446 Lumen,
460 4382 520 4432 et
548 4382 682 4433 atra
711 4378 838 4433 dies
866 4396 898 4433 a
918 4379 1136 4452 jubare
1167 4380 1491 4453 accipiunt.
1624 4395 1628 4398 ‘

90 4464 289 4521 Fallor
316 4480 396 4520 an
428 4465 725 4538 aspicient
750 4467 926 4540 pulsa
953 4468 1226 4539 calligine
1253 4470 1421 4526 ocelli

157 4553 407 4619 Lucem,
444 4560 646 4611 mente
688 4558 1257 4630 Deumjustitimque
1282 4559 1464 4630 jubar
1488 4561 1516 4617 ?

87 4641 265 4698 Photi
296 4660 529 4699 munus
557 4644 668 4699 erit
700 4649 783 4701 tot
805 4644 956 4701 lecta
986 4646 1291 4703 volumina
1320 4648 1581 4720 Graium,

150 4731 399 4788 δάιοιιί
429 4734 541 4789 erit
568 4732 701 4789 haec
730 4732 899 4790 Latio
926 4733 1157 4792 reddita
1187 4752 1358 4808 posse
1388 4737 1517 4810 legi.

566 4858 650 4889 τη,
694 4861 718 4889 ε
785 4858 823 4889 ο
868 4858 915 4889 η
977 4861 1391 4889 “nmmum;
1424 4876 1454 4889 η
1491 4862 1733 4889 onum
1868 4816 2317 4875 Maximilianus
2382 4818 2697 4877 Vriendius
2752 4824 2992 4879 senatui
3043 4826 3427 4886 Gandavensi
3482 4847 3520 4889 a

86 4856 352 4914 Ioannes
381 4858 650 4914 Bochius
676 4861 742 4913 ὁ.
774 4858 841 4914 Ρ.
868 4858 934 4925 0.
963 4861 1391 4930 Antuerpiensi
1418 4876 1455 4919 α
1480 4862 1756 4921 Secretis.

2578 4891 2825 4949 Secretis

96 4981 111 5029 ἱ
122 4979 155 5032 i1
186 4979 315 5034 nisi
349 4994 579 5037 nomen
609 4978 841 5037 habens
862 4980 1168 5049 alumine.
1202 4983 1444 5040 luminis
1474 5001 1685 5058 expers
1865 4995 1977 5050 Res
2008 4995 2178 5062 mira,
2213 5000 2273 5053 at
2301 5012 2438 5053 vera
2476 5001 2581 5065 est,
2609 5013 2731 5055 non
2757 4998 2918 5056 claro
2946 4999 3172 5059 lumine
3208 5004 3513 5067 Schottum

138 5069 424 5134 Pharius,
462 5076 522 5124 et
551 5068 813 5125 tenebris
834 5069 1085 5127 obrutus
1116 5078 1300 5162 atque
1329 5074 1466 5143 situ,
1933 5083 2231 5142 Clarorem
2258 5103 2291 5141 a
2321 5086 2555 5143 nebulis
2579 5103 2857 5161 spargere
2880 5105 3053 5162 posse
3079 5093 3223 5148 suis.

102 5154 449 5225 imallebat,
496 5159 807 5233 tineasque
831 5158 1261 5253 dinpascebat
1286 5161 1503 5219 inertes
1862 5173 2036 5229 Ducis
2067 5180 2122 5231 et
2147 5180 2448 5247 expertem
2478 5154 2656 5231 decus
2689 5154 2749 5233 et
2767 5154 2956 5249 jub'ar
2981 5179 3198 5237 addere
3229 5183 3366 5253 luci,

154 5247 430 5313 ,bdjtus,
477 5253 533 5303 et
564 5248 773 5342 patriis
813 5247 1059 5342 sedibus
1087 5249 1251 5305 exsul
1282 5256 1430 5342 erat:
1522 5340 1532 5342 _
1869 5307 1892 5317 -
1928 5262 2279 5338 Scriptaque
2312 5269 2395 5321 tot
2432 5270 2692 5322 veterum
2719 5247 3106 5325 detenebrare
3137 5247 3399 5342 patrum.

108 5336 455 5408 Uectuque
494 5351 708 5392 carens
741 5335 1081 5427 hominum,
1109 5339 1317 5408 procul
1346 5340 1494 5399 orbe
1519 5340 1742 5401 latebat
1852 5335 2111 5418 Mentior,
2147 5335 2207 5409 at
2236 5358 2405 5410 vetus
2432 5353 2527 5410 ille
2556 5370 2747 5411 novus
2775 5357 2957 5414 modo
2992 5335 3259 5427 Photius,
3289 5363 3433 5421 olim

148 5422 445 5498 bsperio,
481 5426 723 5481 clausus
750 5439 1006 5492 carcere,
1037 5425 1186 5483 lucis
1218 5426 1415 5501 inops.

1923 5441 2150 5507 Clarus,
2179 5448 2239 5498 at
2268 5442 2406 5498 inde
2444 5459 2573 5500 sevo
2598 5444 2838 5502 nubilus
2868 5451 3047 5521 atque
3073 5447 3214 5506 situ.

120 5514 422 5571 hii-hom:
463 5515 733 5570 obscuris
782 5529 1003 5570 nomen
1040 5516 1143 5588 qui
1196 5516 1359 5574 ducit
1400 5519 1477 5577 ab
1507 5521 1737 5579 umbris
1851 5531 1961 5597 Qui
1982 5531 2174 5603 patria
2199 5530 2274 5588 de
2299 5538 2470 5589 nocte
2497 5548 2686 5590 novas
2717 5534 2900 5591 modo
2935 5514 3084 5594 lucis
3110 5538 3171 5594 in
3202 5555 3338 5598 oras

162 5600 295 5662 ira
328 5618 490 5662 cano
528 5603 697 5701 tenui
735 5604 1026 5701 carmine,
1056 5621 1198 5701 vera
1227 5611 1450 5683 tamen)
1919 5600 2136 5688 Emica,
2170 5621 2440 5681 Ausoniae
2467 5622 2703 5681 illustris
2717 5623 2947 5684 honore
2976 5630 3130 5701 togae
3160 5647 3175 5689 :

120 5680 205 5745 1':
230 5695 315 5752 in
340 5694 539 5755 densa
557 5694 823 5769 positam
851 5693 1106 5767 caligine
1133 5696 1330 5757 lucem
1363 5714 1376 5756 :
1430 5680 1439 5683 ⁷
1846 5709 1943 5769 Ille
1984 5728 2095 5769 suo
2118 5680 2285 5770 solus
2323 5711 2566 5786 dignam
2605 5680 3247 5788 provindicevczusam
