4046 6228
655 300 744 355 .19
1919 301 2014 354 AD
2054 298 2253 375 PHOTJ

1919 301 2014 354 AD
2054 298 2291 375 puoru
2320 298 2847 357 BlBLlOTHECAM

746 425 929 491 Dicet,
954 432 1006 481 et
1033 427 1262 499 accepti
1299 426 1538 482 luminis
1570 442 1760 497 usque
1793 440 2041 489 memor,
2514 424 2742 486 Omnia,
2775 429 2900 480 tum
2925 425 3113 479 lucem
3138 441 3253 481 nox
3294 425 3645 481 inimica
3690 442 3785 497 pr

677 513 785 569 Uni
812 514 945 585 plus
974 514 1211 571 Schotto
1246 514 1463 571 debere
1494 514 1790 581 fatebitur,
1826 513 1935 585 ipsi
2440 516 2625 584 lnque
2656 514 2839 569 vicem
2872 515 3061 570 noctis
3092 530 3254 570 nova
3301 514 3443 570 lux
3493 532 3591 567 su
3607 532 3803 585 pere

747 605 937 669 Quam
970 604 1103 669 sibi,
1134 621 1320 676 quam
1361 606 1493 670 soli,
1530 621 1713 675 quam
1747 604 2061 676 patrioque
2094 604 2223 659 solo
2513 604 2577 658 Et
2618 603 2796 658 niteat
2830 603 3007 658 veteri
3040 608 3208 672 grata
3240 609 3585 673 parente
3634 621 3813 663 ma;

886 693 1169 749 Jeremias
1206 695 1599 751 Pierssenaeus
1628 694 2114 763 jure-consultus.
2441 691 2505 747 ln
2535 697 2796 746 veterum
2827 692 3040 747 molem
3069 695 3487 763 scriptortun
3545 693 3813 748 Photz’

676 782 817 847 Quis
848 783 1048 838 credat
1079 800 1257 839 caecas
1290 787 1642 856 progignere
1673 799 1848 855 posse
1884 783 2149 838 tenebras
2512 780 2809 836 lndiderat
2839 782 3051 844 lucem,
3080 781 3296 852 judicii
3342 780 3587 836 radio
3638 798 3661 848 ;

745 874 1014 938 Lumina,
1050 874 1311 929 thbeis
1341 874 1631 931 lucidiora
1661 873 1849 929 oculis
1874 872 1902 926 7
2438 873 2508 924 At
2531 870 2766 925 radium
2797 870 3097 942 excipiens
3130 872 3275 925 texit
3308 871 3801 942 longinqua

673 964 801 1017 Non
823 976 957 1031 ego,
986 978 1104 1018 non
1119 964 1365 1033 physica
1386 964 1718 1037 quisquam
1738 961 1812 1016 de
1834 965 2006 1031 gente
2024 961 2323 1025 sacerdos,
2508 959 2783 1015 Sc/mtlus
2813 960 2889 1015 ab
2918 959 3157 1028 ingenio
3178 959 3450 1015 rettulit
3492 975 3695 1015 ecce
3748 959 3802 1014 d
3822 961 3851 1011 it

750 1050 910 1120 Ullaq
924 1067 993 1105 ue
1018 1067 1139 1107 non
1171 1052 1403 1121 Sophia:
1432 1051 1611 1108 docta
1642 1049 2001 1119 magisteria.
2435 1048 2603 1104 Nunc
2630 1050 2867 1103 tandem
2902 1049 3083 1120 portis
3112 1048 3339 1103 mundi
3380 1048 3857 1120 bipatentib

675 1139 793 1194 Hoc
824 1140 939 1194 nisi
963 1140 1089 1210 jam
1122 1141 1297 1196 nobis
1335 1142 1609 1211 jussisset
1648 1139 1885 1194 credere
1916 1139 2217 1207 Schottus,
2510 1141 2866 1193 Damnatum
2900 1137 3155 1193 tenebris
3181 1137 3421 1193 nobile
3457 1137 3739 1194 Photii
3773 1154 3857 1208 οι

742 1228 989 1285 Photius
1004 1237 1057 1286 et
1088 1231 1257 1288 cacis
1286 1231 1515 1287 lucidus
1544 1247 1578 1283 a
1617 1230 1891 1285 tenebris.
2434 1227 2678 1282 Photius
2710 1228 2931 1297 ingenti
2964 1228 3152 1298 potuit
3174 1227 3443 1284 clarere
3490 1227 3741 1282 nitela
3793 1244 3812 1279 :

674 1316 955 1385 Quinunc
972 1319 1203 1374 Schotti
1218 1334 1399 1390 opera
1415 1319 1578 1389 (ante
1604 1317 1852 1373 nitentia
1877 1316 2109 1372 nubilus
2128 1321 2324 1384 ora,et
2507 1315 2618 1371 Sed
2653 1331 2825 1385 mage
2865 1316 3126 1387 praesidii
3164 1316 3432 1371 lumine
3474 1317 3810 1373 Schotte

742 1407 932 1462 Multis
962 1407 1137 1462 dente
1164 1407 1275 1463 mvi
1304 1407 1510 1463 saucia
1551 1406 1931 1475 vulneribus)
2436 1408 2515 1460 lte
2544 1404 2625 1476 pii
2651 1421 2861 1460 manes
2891 1406 3132 1461 Schotto
3156 1405 3346 1470 duce,
3390 1410 3467 1461 et.
3503 1407 3829 1477 auspice

673 1494 957 1567 lntegrior
995 1495 1187 1567 patrio
1226 1496 1427 1567 prodit
1455 1495 1762 1552 redimitus
1794 1496 2036 1551 amictu.
2437 1492 2886 1566 Semiadaperta
2931 1494 3116 1566 prius,
3150 1510 3324 1550 nunc
3366 1494 3745 1566 adaperta
3800 1511 3857 1549 v.

745 1587 857 1640 Nec
890 1585 1086 1640 minus
1116 1585 1380 1657 Ausonia
1401 1586 1617 1641 clarior
1647 1584 1708 1640 in
1740 1584 1965 1640 tunica.
3149 1599 3439 1659 “Aanxoy,

673 1676 798 1730 Non
832 1689 1008 1730 secus
1039 1690 1109 1730 ac
1140 1676 1332 1731 noctis
1359 1676 1531 1747 nigra
1556 1690 1695 1731 cum
1725 1679 1887 1731 veste
1915 1673 2190 1730 videmus

745 1762 1091 1835 Obnuptum
1127 1765 1343 1830 Solem,
1382 1765 1475 1820 vel
1505 1762 1727 1836 pluviis
1759 1763 2013 1828 nebulis,

670 1854 837 1907 Veste
863 1852 1243 1909 tenebrarum
1283 1854 1492 1921 scissa,
1525 1857 1583 1907 et
1615 1852 1765 1907 sudo
1795 1852 2031 1916 aethere,
2066 1851 2182 1907 tela

745 1941 964 2011 Ejicere
993 1943 1273 1998 hesterna
1303 1942 1590 1999 lucidiora
1614 1941 1731 1997 die.

669 2017 864 2095 Quare
890 2030 1033 2085 dum
1064 2047 1234 2086 roseo
1264 2031 1513 2101 fulgebit
1540 2030 1745 2085 lucifcr
1782 2046 1903 2095 ore,

746 2121 809 2173 Et
840 2119 1031 2173 veniet
1054 2119 1288 2175 fuscum
1316 2136 1433 2175 nox
1464 2119 1758 2191 adoperta
1790 2123 1997 2189 caput,

672 2208 847 2265 Photi
868 2210 945 2263 ab
976 2208 1185 2263 illustri
1214 2208 1471 2264 radiabit
1500 2209 1725 2265 lumine
1746 2208 2036 2273 Schottus,

2434 1712 2660 1765 Nomen
2691 1708 2876 1763 habes
2898 1708 3077 1776 Scote,
3108 1726 3143 1765 a
3165 1708 3486 1775 tenebris,
3528 1726 3573 1763 a
3608 1708 3848 1763 lumin

2504 1799 2747 1854 Photius
2777 1815 2787 1853 :
2824 1798 2916 1852 ille
2948 1798 3185 1864 librum,
3221 1799 3513 1853 conficis
3552 1798 3711 1870 ipse
3747 1814 3857 1853 not

2436 1888 2659 1943 Umbra
2683 1887 2748 1941 ﬁt
2772 1888 3058 1958 interpres
3096 1888 3265 1953 lucis,
3314 1888 3440 1959 qui
3474 1888 3794 1942 crederet
3828 1905 3857 1939 u

2507 1978 2627 2031 Hoc
2658 1976 2849 2031 lucem
2885 1983 2971 2032 est
3002 1977 3254 2031 tenebris
3290 1978 3605 2045 gignere,
3645 1982 3851 2032 nocte

2437 2068 2597 2131 Quas
2622 2082 2742 2120 non
2785 2066 3057 2121 discutiet
3090 2072 3188 2120 tua
3219 2064 3354 2134 lux,
3394 2083 3435 2121 ο
3480 2066 3694 2129 Scote,
3738 2074 3845 2121 ten

2507 2154 2568 2209 Si
2602 2155 2795 2210 lucem
2829 2155 3080 2210 illustrat
3110 2155 3391 2210 nominis
3429 2156 3675 2211 umbra
3706 2157 3802 2211 tui
3833 2159 3850 2207 1

743 2298 818 2353 Et
847 2298 1081 2353 Schotti
1106 2298 1275 2354 caecis
1299 2298 1545 2355 Photius
1577 2313 1615 2354 a
1644 2297 1920 2354 tenebris.
3144 2276 3411 2339 Ἄδηλον.

1386 2393 1613 2454 Αδηλον.
2437 2406 2587 2459 Dum
2620 2408 2720 2459 tua
2751 2404 3069 2475 praeclaros
3096 2410 3377 2460 auctores
3424 2405 3667 2477 scripta
3699 2422 3857 2462 recer

674 2498 753 2550 lte
782 2494 863 2567 pii
891 2510 1118 2560 manes,
1152 2498 1208 2549 et
1236 2494 1415 2549 Photi
1440 2493 1631 2549 nobile
1659 2493 1862 2549 lumen
2510 2493 2625 2547 Hos
2651 2493 2799 2547 inter
2829 2493 3064 2548 Schotto
3095 2492 3301 2548 debuit
3332 2510 3479 2549 esse
3508 2494 3715 2549 locus.

744 2584 978 2647 Judicii,
1010 2600 1134 2655 qua
1162 2582 1249 2638 sol
1290 2583 1485 2654 porgit
1516 2588 1833 2653 utramque
1863 2580 2073 2637 facem.
2437 2581 2586 2647 Quid
2614 2580 2818 2646 facias,
2852 2580 3023 2636 docte
3052 2600 3088 2636 ο
3125 2583 3321 2648 Pholz’,
3358 2599 3506 2637 cum
3538 2589 3831 2654 tempora

674 2673 954 2729 Schottus
986 2677 1038 2727 te
1072 2671 1383 2743 Hesperiis,
1417 2672 1691 2727 Schottus
1720 2676 1771 2725 te
1803 2676 1999 2726 sacrat
2029 2671 2181 2735 Eois,
2511 2672 2636 2727 Sint
2657 2670 2862 2742 procul
2893 2687 2926 2725 a
2956 2673 3157 2727 vestris
3182 2673 3401 2727 dissita
3430 2673 3823 2742 temporibus

745 2761 1026 2817 Schottus
1054 2766 1109 2815 et
1151 2760 1280 2815 Eois
1313 2765 1517 2833 gratus
1543 2764 1599 2814 et
1632 2759 1943 2830 Hesperiis.
2436 2764 2516 2817 Ne
2541 2760 2752 2815 dubita
2784 2780 2796 2814 :
2825 2762 3079 2824 Scottus,
3104 2777 3225 2832 quo
3253 2777 3418 2815 nunc
3448 2761 3778 2831 interprete
3810 2780 3852 2833 p

679 2853 899 2906 Cuncta
914 2848 2324 2906 vidensnimirumhaecmundoscitadabatmens
2509 2852 2656 2915 Quot
2683 2849 2946 2904 celebras
2968 2850 3259 2918 homines,
3292 2855 3379 2904 tot
3412 2850 3577 2904 subit
3610 2850 3740 2921 ipse
3770 2852 3858 2909 loc

749 2940 916 2995 Stare
944 2939 1073 2994 loco
1096 2939 1305 2993 mundi
1332 2939 1527 3011 prima
1558 2938 2109 3008 elementajubens,
2435 2939 2489 2994 Si
2522 2944 2595 3003 te,
2627 2940 2837 2999 Scotte,
2865 2942 3030 3007 potes
3063 2944 3361 2992 transacta
3392 2938 3451 2992 in
3478 2940 3699 2996 saecula
3728 2940 3853 2995 ferr

684 3032 752 3085 Ut
772 3045 930 3085 caeco
960 3029 1061 3083 lux
1094 3028 1253 3084 alma
1284 3028 1434 3083 chao
1464 3028 1711 3082 viduata
1741 3031 1971 3081 serenet
2508 3028 2593 3081 An
2625 3029 2855 3080 taceant
2886 3038 3105 3080 nomen
3138 3026 3298 3080 secta
3325 3025 3519 3082 futura
3552 3032 3719 3083 tuum
3752 3029 3781 3083 ?

1384 3289 1562 3350 AND.
1615 3289 1939 3351 SCHOTTI
1982 3288 2142 3350 SOC.
2190 3290 2376 3351 JESU
2422 3291 2500 3351 ΙΝ
2545 3288 2804 3350 ΡΗΟΊῚΙ
2856 3289 3408 3352 BIBLIOTHECAM

1933 3431 2583 3536 ΠΡΟΛΕΓΟΜ
2596 3434 2839 3520 ENA.

754 3710 863 3775 Qui
895 3710 1004 3765 sibi
1024 3708 1337 3779 scriptores
1370 3708 1648 3778 antiquos
1671 3702 2095 3773 interpretandi
2130 3707 2325 3771 partes
2440 3700 2587 3754 virili
2614 3716 2881 3771 operam,
2934 3710 3000 3758 ut
3033 3720 3069 3759 a
3095 3704 3343 3775 legendo
3380 3708 3602 3763 minime
3626 3711 3856 3769 deterret

680 3796 825 3853 olim
856 3804 1257 3869 sumpserunt,
1293 3801 1353 3850 ut
1378 3795 1480 3866 qui
1515 3793 1813 3848 Platonem
1843 3796 2020 3861 atque
2052 3790 2325 3843 Aristote-
2438 3788 2725 3859 Principio
2757 3789 2958 3859 itaque
2988 3792 3063 3845 de
3088 3808 3202 3856 me,
3237 3796 3430 3863 paucis
3456 3803 3654 3863 tamen,
3684 3806 3735 3854 et
3757 3803 3856 3857 sint

680 3888 795 3941 lem
841 3886 1333 3957 philOSOphorum
1380 3881 1676 3952 principes
1721 3878 2101 3933 illustrandos
2146 3876 2328 3932 Graeci
2438 3892 2507 3931 ac
2530 3876 2989 3933 modestezmox
3010 3880 3081 3933 de
3106 3880 3302 3934 Photio
3324 3882 3648 3942 videbimus.
3668 3888 3855 3945 Inaudi

680 3979 1060 4035 censuerunt,
1102 3970 1434 4026 Alexander
1464 3966 1905 4037 Aphrodisieus,
1949 3964 2322 4031 Themistius,
2436 3964 2691 4036 pridem,
2716 3980 2904 4020 unum
2928 3971 2983 4019 et
3004 3967 3140 4021 item
3170 3967 3406 4022 alterum
3430 3972 3478 4024 in
3505 3972 3671 4027 Iberia
3698 3976 3855 4034 Graeca

684 4062 1038 4133 Simplicius,
1070 4059 1325 4122 Proclus,
1356 4056 1841 4129 Olympiodorus,
1874 4055 2246 4121 Ammonius,
2275 4058 2330 4111 et
2438 4054 2767 4109 litterarum
2820 4054 3270 4125 peritissimum,
3313 4058 3473 4113 Photii
3536 4060 3856 4121 Bibliotheca

684 4152 1065 4222 Philoponus,
1135 4149 1171 4203 ii
1234 4147 1352 4202 fere
1418 4146 1652 4220 praefari
1702 4146 1890 4203 solent
1947 4146 2206 4218 copiose,
2262 4144 2330 4201 de
2442 4144 2641 4199 Graeco
2672 4144 2730 4199 in
2775 4144 3054 4200 Latinum
3106 4161 3419 4201 sermonem
3448 4150 3727 4205 commodo
3774 4155 3856 4222 put

685 4245 943 4301 auctore,
968 4238 1209 4307 scripto,
1236 4237 1811 4305 argumento,modo
1835 4253 1903 4291 ac
1925 4235 2331 4301 methodo,or-
2441 4239 2781 4290 convertere
2824 4234 3087 4305 coepisse,
3140 4235 3243 4290 sed
3293 4235 3505 4306 coepisse
3551 4242 3765 4301 tantum,
3800 4256 3855 4295 ac

683 4327 820 4381 dine
847 4332 903 4381 et
930 4332 1193 4397 tempore
1229 4342 1242 4390 ;
1273 4331 1394 4380 tum
1428 4326 1502 4382 de
1534 4326 1761 4397 seipsis,
1789 4342 2017 4397 suaque
2049 4340 2250 4395 opera,
2280 4328 2336 4379 et
2444 4323 2693 4380 dimidia
2721 4324 2917 4395 operis
2952 4330 3112 4396 parte
3153 4326 3531 4396 supersedisse,
3571 4326 3671 4382 sive
3698 4328 3855 4384 Graeci

684 4414 765 4471 ita
791 4430 851 4470 re
871 4413 1196 4483 ﬂagitante,
1219 4414 1515 4470 interdum
1538 4412 1613 4468 de
1635 4413 1831 4469 causis
1847 4412 2109 4483 suscepti
2137 4413 2334 4483 operis
2445 4414 2726 4484 emplaris
2744 4414 2977 4469 mendis
2994 4414 3311 4482 deterritos,
3330 4431 3414 4469 seu
3433 4414 3617 4472 laboris
3636 4416 3809 4486 fugain
3825 4406 3856 4505 tt

685 4502 1002 4558 disserunt.
1038 4502 1199 4557 Idem
1236 4500 1380 4557 mihi
1410 4517 1573 4558 more
1614 4501 2005 4572 institutoque
2037 4500 2334 4571 majorum
2448 4503 2793 4568 voluminis,
2826 4519 2964 4558 cum
2998 4504 3174 4570 mole,
3209 4510 3321 4560 tum
3347 4506 3594 4572 varietate,
3620 4524 3705 4563 seu
3739 4508 3853 4564 deni

688 4594 748 4648 in
802 4607 1087 4665 praesens,
1145 4591 1255 4648 etsi
1302 4593 1627 4664 μετάφρασιν
1701 4605 1822 4645 non
1889 4595 1951 4645 ut
2007 4588 2085 4644 illi
2166 4590 2338 4661 παρά·
2449 4596 2695 4663 utraque
2725 4593 2799 4646 de
2838 4606 3021 4648 causa
3059 4593 3316 4648 cessisse.
3345 4597 3508 4651 Romae
3532 4612 3727 4670 quoque
3751 4600 3852 4655 terti

688 4701 878 4756 φρασιν
905 4680 1172 4748 afferam,
1200 4682 1397 4737 visum
1411 4686 1497 4736 est
1518 4679 1883 4736 faciundum.
1914 4677 2195 4749 Equidem
2220 4693 2339 4733 non
2448 4680 2762 4751 perfecisse
2786 4679 3029 4752 quidem
3063 4686 3382 4748 narrabant,
3407 4683 3490 4739 sed
3507 4686 3568 4740 ad
3592 4686 3832 4743 edendum

689 4769 1067 4844 ignorabam,
1086 4770 1260 4825 simul
1279 4776 1455 4841 atque
1473 4770 1724 4825 arduam
1744 4770 1899 4824 hanc
1921 4768 2223 4824 Pothianaz
2248 4768 2341 4821 Bi-
2451 4768 2587 4823 duci
2610 4784 2727 4823 non
2754 4768 3043 4839 potuisse.
3074 4769 3330 4826 Graecum
3352 4772 3512 4844 itaque
3526 4774 3734 4831 codicem
3751 4793 3854 4846 mag

695 4862 991 4917 bliothecw
1018 4861 1217 4917 Latine
1240 4860 1696 4931 interpretandm
1724 4859 2088 4930 provinciam
2121 4857 2339 4928 efﬂagi-
2451 4873 2565 4913 tere
2587 4862 2815 4922 nactus,
2834 4859 3231 4913 constantiam
3251 4876 3281 4914 a
3302 4861 3393 4915 Deo
3413 4868 3643 4930 precatus,
3660 4866 3853 4933 urgendi

689 4950 955 5006 tantibus
981 4949 1189 5005 amicis
1216 4950 1471 5021 suscepi,
1495 4949 1614 5003 fore
1641 4947 1955 5020 plerosque
1979 4948 2081 5018 qui
2110 4947 2168 5000 id
2198 4947 2341 5001 mihi
2451 4962 2606 5017 opus
2634 4946 2873 5001 assidue
2895 4946 2967 5001 ad
2994 4949 3376 5013 extremum,si
3392 4966 3485 5022 qua
3504 4952 3608 5006 hinc
3622 4954 3681 5008 ad
3698 4953 3853 5009 aliosu

691 5040 833 5096 vitio
853 5043 1514 5109 verterent,parumque
1538 5054 1628 5092 me
1649 5036 1900 5105 dignum
1917 5036 2338 5103 existimarent,
2451 5035 2582 5090 lites
2631 5036 2866 5102 rediret,
2908 5036 3257 5091 existimavi.
3298 5041 3450 5110 Neque
3493 5056 3564 5095 me
3595 5042 3811 5110 fugiebat,

693 5144 847 5184 caesa
875 5128 1027 5183 inter
1050 5132 1105 5183 et
1136 5134 1418 5197 porrecta,
1450 5126 1608 5198 quod
1627 5127 1810 5189 aiunt,
1838 5123 2045 5179 alienis
2077 5126 2136 5179 in
2171 5125 2340 5180 vesti-
2451 5140 2572 5196 quo
2622 5124 2927 5179 interiores
2956 5123 3135 5179 hasce
3175 5125 3365 5181 litteras
3399 5131 3596 5196 tractavi,
3623 5148 3760 5203 quam
3785 5134 3853 5188 di!

694 5217 801 5287 giis
823 5217 1035 5288 pedem
1060 5230 1300 5287 ponere.
1330 5216 1591 5279 Quorum
1616 5219 1815 5269 autem
1848 5213 1906 5267 in
1933 5213 2339 5283 reprehensio-
2454 5214 2562 5267 cile
2596 5212 2668 5267 sit
2695 5212 2918 5267 bonum
2953 5228 3126 5282 agere
3154 5214 3479 5286 interpretem,
3498 5219 3718 5291 alienique
3734 5238 3853 5278 senst

692 5322 832 5363 nem
863 5309 1064 5361 noster
1088 5304 1182 5359 hic
1200 5304 1369 5359 labor
1391 5305 1665 5367 incurret,
1684 5303 1720 5357 ii
1747 5303 1863 5357 fere
1881 5302 2135 5357 duorum
2169 5317 2345 5369 gene-
2448 5302 2916 5373 metapbrasten,
2944 5308 3025 5367 ut,
3051 5302 3157 5356 nisi
3176 5318 3278 5374 par
3298 5306 3415 5359 sisic
3430 5308 3655 5381 utriusque
3668 5311 3854 5367 orationi

690 5410 829 5451 rum
858 5397 1013 5449 sunt.
1036 5392 1142 5448 Alii
1167 5392 1323 5447 enim
1354 5408 1448 5446 me
1472 5391 1905 5463 reprehendent
1937 5410 1951 5456 ;
1983 5391 2179 5461 plures
2198 5390 2339 5446 Pho-
2446 5391 2742 5455 facultate,
2788 5392 3012 5461 justam
3064 5394 3500 5463 reprehensionem
3539 5413 3625 5453 non
3655 5399 3836 5471 eﬂitgias

694 5484 846 5540 tium
876 5482 1071 5538 infesti
1102 5481 1481 5537 damnabunt
1537 5497 1548 5535 :
1592 5482 1875 5553 utrisque,
1908 5481 1956 5535 si
1992 5485 2218 5551 potero,
2251 5479 2340 5536 fa-
2443 5496 2686 5553 quoque
2710 5482 2902 5551 major
2924 5481 3035 5536 hac
3056 5480 3114 5536 in
3133 5497 3194 5536 re
3211 5482 3854 5548 debonisGrtscisLatinabona

698 5572 853 5629 ciam
883 5572 1021 5628 satis
1051 5588 1063 5635 ;
1120 5576 1271 5625 certe
1316 5571 1359 5625 si
1402 5569 1461 5626 id
1500 5585 1619 5624 non
1647 5586 2002 5642 consequar,
2036 5569 2195 5625 dabo
2226 5585 2335 5640 pro
2443 5570 2825 5627 efﬁcientium
2856 5570 3088 5635 raritas,
3136 5586 3208 5626 eo
3235 5570 3453 5631 difﬁcilior
3473 5576 3690 5647 provincia
3724 5581 3854 5637 doctis
