4046 6228
223 314 296 368 ’Ἃ

53 413 138 470 iter
253 416 754 492 hominibus,quieam
799 411 886 482 psi
906 408 1260 479 plerumque
1278 397 1762 492 refugiunt,_ce_n-

258 480 710 582 :gaiugatadihanc
737 480 896 555 diem
931 505 1370 566 usquequaque
1400 488 1507 582 qui
1533 480 1766 539 satisfe-

52 598 112 636 Ψλῖ
260 574 378 668 inim,
391 574 454 656 vix
466 593 704 665 singulos
719 587 969 656 singulas
982 588 1184 640 aetates
1199 579 1400 636 tulisse
1417 574 1762 668 videantur:

52 671 112 725 ἷθίι
346 660 500 746 decem
515 660 758 753 amplius
779 673 1102 732 Aristotelis
1132 669 1331 726 Ethica
1361 660 1761 722 Nicomachia.

240 784 496 850 totidemque
511 769 822 833 Rhetorica,
856 769 1056 820 nostra
1083 763 1522 832 parentumque
1543 765 1767 850 meme:

52 869 126 910 αἱ
227 877 285 930 ria
305 838 599 938 interpretari
641 859 760 912 sint
805 852 1025 919 conati,
1056 849 1221 922 quod
1271 847 1330 902 in
1373 841 1626 913 singulis
1664 838 1766 910 qui

65 945 116 999 δέ
225 932 588 1017 antecessissent,
639 945 995 1019 posteriores
1051 936 1279 1010 aliquid
1335 932 1766 990 desiderarent.

51 1039 132 1088 “534‘—
221 1047 372 1116 Quidni
393 1043 542 1107 igitur
562 1016 932 1111 posterorum
952 1031 1027 1086 de
1061 1044 1152 1084 me
1177 1025 1470 1099 judicium
1501 1016 1767 1076 reformi-

215 1108 356 1194 dent?
382 1108 648 1189 Elaboravi
678 1124 972 1196 equidem,
1004 1118 1207 1191 quoad
1238 1116 1368 1185 ejus
1397 1111 1523 1168 ﬁeri
1554 1108 1764 1181 potuit,

66 1232 73 1263 -‘
143 1227 148 1298 ξ
216 1235 372 1281 utnon
397 1234 548 1275 sensa
574 1215 751 1272 modo
783 1209 975 1267 verbis
1018 1205 1452 1278 comprehensa
1489 1211 1769 1270 sequerer

211 1317 533 1384 (assecutusne
589 1305 698 1359 sim
751 1300 855 1356 alii
942 1294 1251 1366 statuent),
1319 1297 1374 1346 et
1431 1304 1553 1344 non
1647 1291 1767 1342 tam

52 1396 116 1448 ‘65"
207 1379 343 1457 verba
366 1409 728 1457 numerarem,
761 1404 942 1461 quam
974 1399 1221 1441 sensum
1250 1397 1321 1436 ex
1340 1379 1458 1436 fide
1483 1379 1642 1433 bona
1671 1390 1770 1446 ap-

56 1491 148 1546 ris.
206 1483 587 1563 penderem,sed
613 1482 816 1542 etiam,
839 1483 1008 1532 utres
1029 1474 1214 1546 ipsas,
1231 1470 1544 1539 fontesque
1570 1468 1772 1521 aucto-

143 1603 150 1620 ~
203 1555 302 1635 ium
327 1595 357 1632 a
383 1575 564 1630 Photio
592 1573 878 1628 lectorum
905 1563 1170 1620 studiose
1199 1559 1635 1630 investigarem.
1673 1555 1768 1609 Ve-

198 1685 300 1724 rum
326 1682 438 1722 cum
459 1677 649 1718 eorum
682 1656 952 1730 plerique
985 1657 1326 1723 temporum
1349 1645 1568 1718 injuria
1597 1644 1770 1699 inter-

199 1755 411 1818 ciderint,
458 1767 520 1807 eo
566 1747 870 1804 molestior
917 1741 1218 1798 interdum
1265 1736 1436 1792 labor
1491 1735 1772 1803 interpre-

123 1897 130 1908 ,
196 1845 324 1901 tandi
352 1841 554 1904 exstitit,
590 1844 648 1893 ut
671 1831 1095 1892 hariolandum
1115 1839 1553 1897 nonnunquam
1579 1822 1768 1891 fuerit,

194 1930 325 1995 dum,
348 1931 434 2002 qui
460 1929 645 1984 adhuc
676 1926 862 1981 latent
887 1923 1224 1993 scriptores,
1272 1914 1455 1970 Photii
1489 1927 1674 1982 opera
1696 1910 1772 2002 in

192 2000 408 2091 apertuin
437 2017 811 2090 proferantur,
852 2009 1019 2083 quod
1059 2013 1120 2063 ut
1153 2011 1417 2076 coeptum
1450 2017 1666 2091 nuper,
1693 2000 1774 2055 ita

190 2090 401 2164 futurum
413 2124 498 2161 am
509 2107 657 2177 ptius
669 2104 975 2159 doctorum
989 2097 1304 2152 hominum
1320 2090 1773 2161 investigatione

186 2213 280 2253 non
308 2197 504 2252 dit‘ﬁdo.
530 2195 908 2250 Diversarum
936 2191 1074 2243 item
1095 2186 1451 2255 scriptorum
1481 2184 1649 2236 tanta
1677 2195 1774 2234 va-

183 2289 341 2350 rietas,
391 2292 606 2358 quanta
643 2287 739 2339 est
785 2281 845 2336 in
897 2275 1062 2334 omni
1095 2272 1442 2346 philologia,
1492 2268 1771 2358 oratoria,

52 2415 84 2452 ,5
181 2356 544 2430 historiarum
566 2388 756 2437 sacra,
791 2378 918 2425 tum
954 2364 1227 2438 profana,
1257 2363 1319 2416 in
1367 2356 1772 2431 phi1050phia,

59 2449 84 2458 ν
176 2470 280 2519 arte
305 2465 528 2528 medica,
551 2479 619 2517 ac
633 2459 898 2530 denique
925 2454 1307 2510 scientiarum
1325 2448 1532 2517 regina
1555 2443 1776 2500 theolo-

58 2598 134 2623 μ
174 2552 275 2622 gia,
303 2553 572 2622 negotium
618 2562 861 2621 quoque
901 2540 1221 2606 facessivit,
1257 2537 1422 2611 quod
1451 2537 1570 2591 Deo
1625 2534 1778 2623 bene

167 2621 622 2711 juvanteitandem
652 2635 1092 2709 superavimus.
1128 2629 1303 2684 Auxit
1334 2632 1389 2682 et
1414 2625 1497 2680 rei
1522 2621 1778 2678 difﬁcul-

171 2738 316 2786 tatem
338 2732 389 2786 in
430 2729 672 2799 singulis
712 2724 1054 2782 auctoribus
1093 2725 1264 2794 κρίσις
1318 2715 1500 2787 idque
1535 2717 1777 2769 Hermo-

169 2821 304 2888 genis
334 2820 700 2892 potissimum
743 2816 817 2870 de
841 2812 992 2868 ideis
1043 2807 1356 2864 methodo:
1391 2819 1527 2877 quas
1558 2807 1619 2856 ut
1643 2799 1768 2854 Ari-

170 2891 378 2964 stotelea
391 2926 452 2963 ac
470 2908 740 2964 Tulliana
757 2904 932 2972 longe
949 2898 1220 2955 subtilior
1233 2901 1340 2963 est,
1365 2895 1444 2950 ita
1458 2892 1530 2948 ad
1542 2891 1780 2945 mirato-

168 3013 243 3053 res
274 2998 496 3070 quidem
525 2995 818 3068 plurimos
850 2991 954 3045 sed
986 2987 1315 3043 imitatores
1343 2997 1567 3054 paucos
1605 2977 1778 3034 hodie

163 3087 362 3158 reperit.
395 3086 600 3142 Praeter
655 3079 1012 3152 Dionysium
1062 3077 1219 3131 enim
1259 3071 1778 3129 Halicarnasseum

162 3155 555 3240 in'Rhetoricis,
597 3178 657 3229 et.
691 3171 1008 3242 Ulpianum
1061 3164 1333 3220 Graecum
1372 3155 1782 3214 Demosthenis

159 3266 585 3334 explanatorem,
646 3264 867 3334 quotus
920 3271 1056 3311 eam
1087 3254 1344 3325 quisque
1395 3249 1504 3303 hoc
1565 3244 1782 3301 saeculo

160 3357 335 3409 tractat
359 3355 384 3408 ?
409 3348 779 3424 Trapezuntii
833 3346 977 3402 olim
1010 3344 1191 3399 talem
1221 3337 1600 3396 Rhetoricam
1643 3349 1782 3389 cum

156 3449 366 3514 stupore
401 3442 539 3497 vidit
580 3439 748 3496 [talia
777 3454 791 3504 ;
835 3435 988 3490 duos
1022 3432 1274 3487 fortasse
1301 3424 1780 3514 Germanianu-

104 3573 110 3596 ί
157 3513 384 3596 merarit,
416 3530 746 3587 Sturmium
779 3531 837 3581 et
885 3523 1252 3595 Erythruaum
1287 3535 1300 3585 ;
1346 3515 1535 3572 Gallia
1561 3513 1782 3569 Julium

151 3619 481 3690 Scaligerum
512 3618 682 3674 libris
715 3617 800 3672 De
841 3613 1102 3676 poetica;
1137 3606 1424 3678 Hispania
1479 3619 1663 3658 unum
1694 3601 1781 3656 tit-

52 3721 81 3756 ιίῖ
153 3709 268 3762 teris
293 3710 590 3779 cognitum
631 3704 882 3761 laudare
909 3703 1106 3773 potest
1142 3697 1261 3752 Pet.
1299 3696 1592 3750 Joannem
1619 3694 1776 3746 Nun-

57 3807 86 3847 ξε
149 3800 355 3854 nestum
379 3798 675 3853 rhetorem
697 3810 769 3849 ac
791 3788 1238 3864 philosophum,
1255 3784 1426 3840 editis
1447 3779 1781 3838 Rhetorica-

55 3900 83 3934 ε
148 3902 262 3941 rum
277 3887 372 3942 lib.
402 3888 484 3948 IV,
509 3881 900 3952 Hermogenis
918 3876 1164 3950 quidem
1182 3869 1705 3946 praseeptionibus,
1725 3872 1781 3922 et

52 3988 92 4070 ml
145 3975 433 4047 Aphthonii
466 3990 536 4030 ac
562 3971 840 4034 Theonis,
864 3968 967 4022 sed
989 3963 1273 4021 Tullianis
1289 3959 1599 4029 exemplis.
1633 3957 1782 4012 Sunt

55 4052 92 4110 ei
144 4072 322 4120 autem
344 4060 731 4132 Hermogenis
749 4059 1021 4114 idearum
1043 4068 1264 4125 genera
1281 4055 1506 4120 septem
1524 4052 1781 4119 Σαφήνεια

52 4163 66 4199 7
145 4155 371 4226 Mé7r00g,
442 4153 656 4217 Κάλλος,
736 4151 1009 4222 Γοργότης,
1087 4142 1265 4205 Ἠθος,
1344 4137 1606 4198 Ἀληθεια,
1667 4142 1777 4188 Διι-

142 4248 297 4304 υότης.
361 4242 580 4298 Deinde
651 4244 932 4311 Σαφήνειαν
998 4231 1216 4288 dividit
1281 4230 1341 4283 in
1408 4227 1778 4298 Καϐαρότητα,

71 4327 82 4410 ί
141 4338 218 4384 καὶ
242 4333 532 4407 Εὐκρίνειαν
564 4348 580 4397 ;
617 4328 863 4386 tandem
905 4327 963 4376 τὸ
1008 4322 1225 4396 μέγεθος
1254 4319 1315 4373 in
1347 4333 1454 4372 sex
1484 4316 1629 4371 alias
1662 4314 1781 4370 for-

131 4439 255 4478 mas
304 4423 556 4493 partitur
611 4420 722 4472 :in
774 4418 1086 4487 Σεμνὸτητα,
1135 4409 1479 4484 Τραχύτητα,
1531 4408 1782 4479 Λαμπρό-

58 4497 64 4522 ⁵
141 4529 274 4575 mea,
327 4507 696 4582 Σφοδρότητα,
757 4506 955 4574 Ἀκμὴν
1014 4504 1104 4551 καὶ
1161 4494 1643 4572 περιϐολήν;ρο8ῐ
1666 4509 1783 4549 mo-

136 4608 307 4656 ratam
333 4600 671 4655 orationem
695 4599 953 4667 quatuor
984 4590 1220 4645 metitur
1257 4583 1494 4641 dicendi
1527 4582 1732 4637 formis
1761 4597 1780 4638 :

141 4698 187 4759 τῇ
254 4690 504 4762 ’Δφελιίςμ
583 4685 897 4746 Γλυκύτητι,
973 4680 1262 4753 ,δριμύτητι
1328 4678 1415 4726 καὶ
1477 4673 1779 4743 Ἐπιεικείᾳ.

141 4779 238 4834 Dici
266 4781 442 4834 etiam
472 4777 568 4832 vix
599 4775 797 4846 potest
820 4773 1114 4843 quantum
1139 4766 1234 4821 hic
1259 4763 1413 4820 tasdii
1453 4761 1784 4817 absorben-

140 4867 283 4932 dum,
313 4884 453 4924 cum
492 4868 653 4940 quot
693 4859 1056 4934 quantisque
1114 4853 1474 4910 mendorum
1505 4849 1782 4906 monstris

139 4937 599 5012 conflictandum)
633 4950 827 5013 fuerit,
858 4947 950 5003 vix
977 4950 1038 5000 ut
1067 4942 1328 5014 amplius
1363 4940 1670 4995 Herculem
1701 4937 1782 4994 fa-

143 5043 390 5102 bulosum
410 5045 590 5100 illum
610 5042 796 5095 heroa
813 5037 872 5096 in
885 5034 1092 5103 Augiaa
1106 5031 1339 5089 stabulo
1358 5028 1783 5102 perpurgando

141 5130 417 5190 laborasse
445 5130 819 5188 existimem.

193 5224 268 5278 Ad
294 5223 531 5296 stylum
577 5217 747 5290 quod
803 5213 1029 5278 attinet,
1062 5210 1166 5284 qui
1195 5210 1258 5265 in
1302 5207 1531 5296 Photio,
1565 5221 1672 5277 pro
1723 5219 1784 5261 re

145 5319 254 5367 nata
281 5295 488 5368 varius
518 5305 776 5371 exsistit,
803 5303 1085 5376 equidem
1108 5299 1190 5356 sic
1209 5295 1558 5368 temperavi,
1585 5299 1647 5350 ut
1678 5298 1786 5350 ter-

145 5416 192 5454 ιο
216 5410 502 5475 castoque
547 5409 829 5453 sermone
886 5391 1106 5455 Latino,
1140 5389 1255 5444 hoc
1297 5389 1390 5441 est
1414 5387 1700 5450 Romane,
1735 5382 1786 5439 si

148 5502 374 5557 possem,
402 5491 705 5551 dicerem,
750 5495 1052 5554 sensaque
1093 5478 1306 5534 mentis
1358 5475 1668 5555 perspicue
1699 5488 1788 5529 re-

149 5587 578 5648 prmentarem.
610 5578 760 5634 Nam
789 5571 884 5630 vel
910 5568 1078 5628 Tullii
1109 5566 1412 5636 umbram,
1439 5565 1520 5622 ob
1550 5560 1788 5621 dicendi

51 1719 79 1755 Et

51 3157 107 3172 ,ρ

1573 262 2104 324 PROLEGOMENA
3459 272 3532 325 ἓξ

1846 393 2362 465 .perspicuitaiem
2382 397 2557 465 junta
2582 412 2652 453 ac
2683 395 3057 463 suavitatem,
3091 397 3282 452 libens
3301 395 3527 466 ample-

1877 486 2022 549 ctor,
2056 499 2177 554 prie
2209 485 2451 542 horrido
2483 485 2602 552 illo,
2643 479 2838 557 hujus
2867 488 2978 542 aevi
3037 491 3216 558 atque
3250 484 3526 548 obscuro,

1875 572 2054 643 quale
2115 574 2384 630 Heracliti
2445 582 2709 628 σκοτεινοῦ
2767 575 2899 644 fuit,
2955 575 3239 632 orationis
3289 588 3527 644 genere.

1877 661 2113 718 Scholia
2158 663 2241 718 rei
2296 663 2655 721 illustrandae
2710 665 2790 721 ad
2836 681 3006 721 oram
3055 669 3144 717 καὶ
3187 663 3532 736 mammae-

1878 768 2003 821 μενα
2016 751 2340 809 identidem
2357 755 2627 826 apposui,
2652 760 2892 826 sumpto
2911 754 3180 810 subsidio
3193 770 3227 810 a
3243 753 3532 810 memoria

1875 839 2246 914 lectioneque
2279 843 2634 916 scriptorum
2661 848 2924 900 veterum
2951 860 2964 898 :
3010 847 3069 899 et
3100 844 3157 899 in
3184 843 3386 899 critico
3416 842 3529 899 hoc

1878 946 2091 998 genere
2118 929 2334 987 similia
2382 933 2638 988 invicem
2692 932 3131 1005 componendo,
3166 931 3420 1001 digitum
3452 933 3530 988 ad

1880 1019 2122 1082 fontem,
2151 1021 2312 1091 quod
2344 1021 2530 1086 aiunt,
2556 1021 2858 1077 intendere
2910 1021 3129 1092 potius,
3161 1036 3345 1093 quam
3377 1024 3532 1076 tran-

1878 1109 2136 1164 scribere
2167 1110 2422 1180 pretium
2447 1126 2644 1180 operae
2661 1110 2828 1165 duxi.
2863 1111 3160 1165 Interdum
3187 1115 3383 1164 tamen
3407 1111 3532 1165 lon-

1848 1238 1854 1243 -
1879 1197 2046 1267 giora
2079 1197 2257 1268 paulo
2275 1197 2500 1253 scholia
2514 1198 2777 1264 adhibui,
2805 1214 2942 1254 cum
2959 1204 3060 1254 aut
3084 1198 3348 1253 antidoto
3379 1213 3532 1270 opus

1882 1285 2006 1351 fuit,
2036 1287 2190 1359 iique
2219 1291 2386 1343 erant
2417 1287 2738 1352 refellendi,
2767 1287 2869 1359 qui
2914 1287 2974 1342 in
3012 1287 3131 1344 alia
3170 1287 3372 1344 omnia
3411 1286 3531 1342 dis-

1880 1374 2116 1440 cedunt,
2150 1381 2253 1431 aut
2283 1376 2456 1448 plura
2486 1375 2762 1445 ejusdem
2791 1376 3052 1432 auctoris
3111 1373 3440 1442 attulimus,
3472 1378 3535 1429 ut

1882 1479 2092 1520 eorum
2123 1481 2194 1521 ex
2223 1469 2388 1536 parte
2414 1464 2678 1520 laborem
2716 1465 3069 1528 minuerem,
3103 1464 3208 1536 qui
3232 1463 3322 1518 vel
3345 1463 3535 1518 eccle-

1881 1554 2151 1610 siasticos
2171 1555 2416 1611 annales
2433 1570 2646 1625 magno
2660 1554 2930 1610 Ecclesiae
2950 1553 3273 1610 commodo
3291 1552 3533 1609 moliun-

1885 1646 1994 1707 tur,
2030 1641 2119 1697 vel
2147 1647 2417 1698 auctores
2442 1642 2606 1713 ipsos
2627 1641 2804 1712 longe
2828 1658 3016 1714 quam
3040 1647 3214 1698 antea
3239 1640 3535 1697 auctiores

1883 1731 2277 1799 melioresque
2304 1731 2559 1787 dabunt.
2613 1730 2762 1787 Cum
2801 1737 3000 1787 autem
3054 1731 3425 1786 enumeratio
3466 1744 3535 1786 ac

1882 1837 2136 1876 censura
2161 1821 2364 1877 Photio
2403 1825 2556 1876 esset
2580 1821 2870 1892 principio
2899 1820 3190 1876 duntaxat
3207 1818 3534 1891 proposita,

1883 1915 2038 1981 post,
2069 1911 2243 1982 quasi
2276 1917 2576 1966 metancea
2606 1911 2842 1975 ductus,
2873 1909 3067 1964 eidem
3094 1909 3315 1981 placuit
3337 1911 3537 1964 Excer-

1883 2003 1983 2071 pta
2017 2004 2196 2071 atque
2237 1999 2389 2054 adeo
2421 1998 2709 2072 opuscula
2733 1999 3083 2064 describere,
3116 2003 3172 2053 et
3217 1998 3276 2052 in
3303 2001 3534 2052 tomum

1883 2088 2136 2143 alterum
2163 2089 2474 2159 conjicere,
2510 2087 2722 2144 mentis
2761 2088 3033 2156 augurio,
3067 2090 3361 2159 quantum
3391 2099 3540 2139 con-

1878 2177 2037 2247 jicio,
2073 2177 2194 2232 fore
2229 2183 2290 2232 ut
2311 2177 2592 2250 pleraque
2607 2177 2823 2248 scripta
2843 2182 3177 2248 temporum
3203 2173 3539 2244 longinqui-

1884 2271 2000 2322 tate
2031 2266 2386 2332 fatiscerent,
2445 2273 2547 2322 aut
2577 2265 2839 2322 funditus
2865 2267 3143 2336 perirent.
3187 2267 3300 2319 Nec
3339 2261 3542 2317 fefellit

1885 2355 2223 2425 augurium.
2267 2355 2539 2426 Plerique
2571 2354 2730 2410 enim
2772 2358 3041 2409 auctores
3071 2368 3194 2425 qua
3223 2351 3538 2407 hominum

1885 2445 2136 2511 incuria,
2170 2445 2607 2517 quavetustatis
2635 2444 2842 2500 omnia
2865 2442 3159 2499 vastantis
3183 2439 3422 2510 injuria,
3453 2439 3539 2495 in-

1888 2535 2267 2590 terciderunt.
2305 2534 2708 2599 Quamobrem
2731 2533 2792 2588 in
2814 2534 3099 2604 Excerpta
3141 2529 3241 2586 illa
3268 2528 3542 2600 longiora

1887 2625 2197 2698 pauciores
2230 2629 2404 2679 notas
2434 2623 2492 2678 in
2521 2627 2783 2678 extremo
2810 2637 2986 2694 opere
3014 2618 3411 2692 apponendas
3446 2634 3542 2673 cu-

1888 2714 2037 2778 ravi,
2067 2720 2128 2770 ut
2156 2714 2215 2768 in
2245 2712 2569 2775 Plutarchi,
2599 2711 2894 2776 Aristidis,
2927 2709 3278 2773 Memnonis,
3314 2713 3369 2764 et
3391 2711 3545 2777 Aga-

1892 2803 2216 2858 tharchidas
2240 2800 2659 2873 ἀποσπασμάτια
2683 2819 2695 2859 :
2725 2815 2987 2870 quorum
3034 2799 3386 2867 interpretes
3414 2811 3544 2851 eru-

1890 2892 2064 2959 ditos,
2085 2897 2278 2947 utnon
2294 2888 2648 2960 contempsi,
2665 2889 2748 2943 sic
2763 2894 2816 2942 et
2830 2887 3065 2942 illorum
3085 2884 3541 2940 observationes

1891 2982 2126 3038 admisi.
2161 2985 2220 3037 tn
2253 2980 2457 3037 Ctesim
2490 2977 2924 3048 Persicisatque
2948 2975 3180 3041 Indicis,
3208 2989 3282 3028 ne
3297 2972 3380 3027 sis
3409 2989 3549 3028 nes.

1892 3072 2037 3136 cius,
2071 3071 2369 3126 diversam
2407 3066 2954 3138 interpretationem
2989 3063 3238 3120 adhibui
3276 3069 3333 3120 et
3379 3061 3542 3118 illus-

1891 3161 2038 3216 travi
2080 3159 2157 3215 ab
2173 3175 2261 3230 ea,
2291 3157 2498 3229 quasin
2528 3160 2795 3212 extremo
2811 3152 3102 3210 Herodoto
3143 3152 3542 3225 typographo-

1891 3267 2026 3305 rum
2059 3251 2309 3320 Στεφάνου
2371 3261 2555 3318 opera
2625 3243 3057 3300 circumfertur.
3106 3244 3173 3298 Et
3202 3258 3342 3298 vero
3391 3241 3546 3297 curis

1894 3338 2196 3404 secundis,
2214 3341 2710 3408 posterorumque
2735 3331 3044 3388 industria;
3077 3331 3300 3403 aliquid
3317 3330 3412 3385 hic
3439 3328 3547 3385 fuit

1891 3427 2327 3500 reliquendum.
2371 3427 2520 3481 Nam
2577 3422 2742 3496 quod
2780 3437 2918 3476 vere
2962 3425 3304 3491 togatorum
3336 3418 3418 3476 ait
3441 3419 3544 3475 do-

1892 3516 2199 3573 ctissimus
2227 3518 2294 3571 Μ.
2326 3516 2507 3570 Varro
2537 3513 2598 3567 in
2627 3512 2756 3584 lege
2787 3510 3037 3566 Mrenia:
3085 3531 3108 3559 ι
3168 3511 3234 3564 Ut
3262 3508 3323 3563 in
3380 3508 3546 3563 bona

1893 3611 2089 3677 segete
2112 3620 2307 3676 neque
2337 3602 2568 3658 nullum
2594 3601 2934 3672 estspicum
2958 3614 3240 3669 nequam,
3269 3611 3458 3669 neque
3485 3597 3542 3650 in

1893 3695 2050 3751 mala
2067 3710 2186 3750 non
2203 3692 2445 3766 aliquod
2461 3691 2686 3746 bonum
2710 3706 2724 3757 ;
2747 3691 2827 3744 ita
2843 3703 3020 3744 nemo
3039 3692 3128 3743 est
3148 3686 3544 3758 reprehensus

1891 3784 2128 3856 (inquit,
2174 3801 2233 3840 v1
2289 3785 2374 3838 De
2428 3781 2627 3850 lingua
2659 3779 2912 3850 Latina),
2968 3777 3070 3850 qui
3118 3793 3150 3833 e
3216 3779 3412 3846 segete
3468 3775 3543 3830 ad

1890 3873 2260 3946 spicilegium
2291 3869 2529 3942 reliquit
2550 3868 2858 3941 stipulam.
2893 3888 2917 3918 υ
2952 3866 3006 3923 Si
3036 3866 3182 3939 quid
3218 3870 3418 3922 autem
3447 3863 3542 3919 hic

1890 3969 2217 4037 peccatum,
2243 3962 2430 4017 homo
2454 3958 2614 4016 enim
2646 3973 2798 4020 sum,
2835 3972 2909 4011 ne
2941 3955 3187 4012 modicae
3219 3961 3271 4009 te

2034 4081 2639 4156 Ofendantmaculce,
2667 4095 2808 4151 quas
2830 4085 2934 4134 aut
2955 4079 3195 4133 incuria
3213 4076 3397 4146 fudit.

2152 4176 2273 4229 Aut
2304 4173 2570 4228 humana
2598 4184 2816 4239 parum
2847 4169 2997 4223 cavit
3049 4171 3290 4222 natura.

1891 4306 2101 4370 Quaeso
2131 4314 2370 4374 quoque
2389 4311 2658 4369 rogoque
2687 4292 3002 4357 doctiores,
3024 4290 3244 4364 quibus
3269 4291 3396 4346 haec
3420 4304 3543 4346 non

1890 4391 2218 4455 elaboravi,
2276 4394 2335 4444 ut
2392 4385 2638 4442 meliora
2704 4382 3046 4456 proferant:
3106 4379 3271 4452 quod
3313 4384 3542 4436 tantum

1893 4484 2061 4540 abest
2093 4486 2154 4536 ut
2175 4480 2402 4536 laturus
2420 4477 2531 4531 sim
2563 4474 2831 4540 moleste,
2859 4477 2921 4528 ut
2941 4471 3194 4543 gratiam
3223 4470 3337 4524 sim
3368 4469 3543 4526 etiam

1892 4572 2204 4628 habiturus
2238 4566 2602 4635 maximam;
2639 4579 2870 4635 nosque
2903 4562 3183 4628 doceant,
3217 4557 3543 4614 maledictis

1896 4660 2076 4717 modo
2107 4666 2162 4715 et
2209 4655 2524 4714 calumniis
2579 4653 2939 4714 abstineant,
2989 4648 3201 4705 studiis
3258 4647 3544 4722 φιλανθρω-

1889 4756 2017 4819 grta;
2041 4750 2258 4805 nedum
2312 4745 2636 4802 Christiano
2665 4741 2909 4796 homine
2960 4737 3242 4808 indignis.
3295 4737 3544 4793 Valeant

1895 4856 2035 4896 vero
2052 4839 2154 4911 qui
2169 4841 2399 4892 tantum
2415 4833 2528 4888 sibi
2543 4834 2707 4888 falsas
2728 4830 2921 4886 laudis
2937 4830 3544 4898 arrogant,quantum

1894 4931 1967 4986 de
1991 4929 2120 4985 aliis
2154 4943 2258 4998 per
2284 4923 2445 4979 nefas
2495 4920 2850 4976 detrahunt:
2909 4917 3039 4991 Illis,
3057 4931 3169 4986 ego
3198 4919 3368 4970 vetus
3396 4913 3543 4970 illud

1893 5021 2162 5078 accinam
2191 5033 2203 5070 :
2240 5010 2378 5068 Ἰδοὺ
2405 5009 2580 5072 Ῥόδος
2612 5006 2751 5075 ἰδοὺ,
2782 5012 2870 5060 καὶ
2900 5009 2956 5060 τὸ
2989 4999 3233 5078 πήδημα.

1967 5107 2155 5164 Habes
2205 5105 2280 5160 de
2327 5098 2855 5173 interpretatione;
2905 5095 3080 5153 venio
3133 5093 3212 5150 ad
3270 5092 3540 5158 alterum,

1895 5197 2132 5271 gravius
2167 5201 2364 5250 tamen
2391 5207 2458 5248 ac
2483 5187 2785 5245 difﬁcilius
2806 5185 2883 5243 ad
2907 5182 3365 5271 proﬂigandumr
3383 5197 3545 5252 quaa-

1895 5270 2100 5345 stionis
2152 5286 2351 5355 caput,
2416 5279 2492 5335 de
2589 5277 2790 5333 Photio
2889 5270 3541 5342 Constantinopolitano

1894 5379 2146 5450 ejusque
2199 5370 2451 5442 scriptis,
2512 5369 2576 5422 ut
2629 5366 2787 5423 hanc
2853 5362 3277 5419 Bibliothecam
3330 5359 3545 5416 erroris

1894 5449 2031 5525 labe
2059 5476 2271 5521 vacare
2301 5459 2727 5516 demonstrem.
2761 5459 2840 5511 Ac
2884 5452 3148 5526 primum
3178 5450 3253 5507 de
3275 5449 3548 5506 moribus

1895 5555 2231 5619 videamus,
2250 5550 2390 5607 hinc
2414 5545 2720 5620 deingenii
2733 5539 3158 5606 monumentis,
3177 5538 3549 5614 quae,paucis
