4046 6228
635 277 701 336 .33
1877 270 1972 325 AD
2013 266 2252 323 paorn
2284 264 2820 326 BIBLIOTHECAM

633 403 912 477 demptis,
947 401 1023 458 ad
1054 401 1210 458 hanc
1267 402 1423 457 diem
1450 400 1508 456 in
1557 397 1817 456 tenebris
1849 396 2027 451 nimis
2053 395 2156 450 diu
2183 393 2282 450 de-

634 497 934 558 lituerunt,
968 507 1126 547 nunc
1179 491 1423 546 illustris
1474 491 1635 561 juxta
1666 505 1734 544 ac
1788 486 1946 541 docti
1985 485 2284 541 duumviri

633 584 803 644 Marci
824 582 1037 637 Velseri
1064 582 1344 651 auspiciis
1377 584 1626 650 utraque
1658 577 1866 646 lingua
1889 580 2125 638 exeunt,
2163 589 2285 628 non

635 675 742 730 levi
775 676 1068 744 proventu
1091 670 1422 740 fructuque,
1452 675 1700 739 utspero
1725 673 1779 722 et
1806 672 1968 737 opto,
1990 665 2287 718 bonarum

636 764 850 820 artium
873 778 940 818 ac
967 759 1437 831 disciplinarum,
1462 773 1582 830 quo
1599 755 1908 829 pauciores
1923 755 2031 810 hoc
2047 753 2284 817 saeculo,

636 858 847 909 caetera
878 850 1135 906 felicium
1167 847 1548 918 ingeniorum
1607 845 1805 911 feraci,
1861 843 2169 900 interiores
2202 842 2286 898 lit-

638 947 814 1007 teras,
843 940 1078 995 Graecas
1097 937 1442 1010 prmsertim,
1466 937 1838 1007 pertractant.
1861 936 2141 989 Auctores
2160 933 2289 1002 ejus

641 1032 769 1087 vita:
793 1027 1172 1085 recensendas
1196 1026 1618 1093 laudamus,ne
1639 1024 1780 1096 quid
1804 1022 1952 1078 falso
1967 1021 2287 1078 commenti

636 1122 966 1182 videamur,
999 1117 1074 1173 de
1103 1116 1316 1172 Graecis
1355 1115 1636 1186 antiquis,
1664 1130 1732 1170 ac
1761 1129 1911 1186 pene
1933 1111 2288 1184 mqualibus,

638 1215 948 1272 Zonaram,
979 1207 1617 1278 Glycam,Manassem,
1646 1204 1933 1271 Nicetam,
1968 1201 2292 1274 Curopala-

639 1305 783 1364 tam,
811 1299 1032 1370 quique
1062 1297 1221 1351 hunc
1249 1309 1530 1365 magnam
1556 1299 1784 1366 partem
1805 1292 2292 1364 transcripsitCe-

640 1392 916 1456 drenum,
966 1384 1360 1457 Metrophanis
1388 1385 1524 1440 item
1579 1388 1634 1439 et
1688 1382 1934 1454 Styliani
1990 1380 2290 1453 epistolas,

640 1485 772 1537 acta
803 1476 1058 1548 denique
1119 1475 1331 1547 synodi
1389 1480 1614 1530 octavae
1672 1473 1974 1542 legitimis.
2027 1472 2292 1526 Exstaret

643 1567 952 1640 Nicephori
975 1565 1193 1622 Callisti
1225 1563 1372 1619 liber
1399 1563 1723 1618 Annalium
1758 1561 2290 1618 ecclesiasticarum

639 1659 838 1714 tertius
864 1661 921 1712 et
947 1655 1283 1718 vicesimus,
1315 1669 1436 1725 quo
1490 1652 1564 1707 de
1602 1652 1826 1717 Photio,
1870 1651 2142 1722 ejusdem
2185 1649 2293 1705 mvi

634 1747 815 1804 rebus
848 1745 1029 1817 gestis
1081 1744 1296 1799 diserte
1337 1747 1750 1814 pertractarat,
1783 1757 1903 1796 non
1959 1739 2292 1796 admodum

631 1837 1065 1896 laboraremus.
1100 1834 1203 1888 sed
1234 1833 1482 1888 extremi
1509 1831 1587 1886 illi
1615 1831 1750 1886 libri
1779 1835 2114 1902 temporum
2142 1829 2295 1885 cala-

633 1927 924 1990 mitatem,
959 1923 1182 1979 caeteris
1241 1921 1436 1986 salvis,
1472 1921 1715 1975 minime
1755 1919 2129 1989 effugerunt:
2179 1917 2296 1974 nisi

633 2015 780 2071 forte
828 2014 886 2069 in
946 2012 1204 2078 Graeciae,
1263 2027 1396 2083 quas
1445 2009 1778 2065 libertatem
1832 2025 2026 2073 suam,
2071 2009 2294 2063 studio-

635 2120 892 2175 rumque
919 2102 1197 2158 ardorem
1229 2101 1460 2172 pridem
1493 2099 1746 2166 decoxit,
1795 2099 2018 2168 angulo
2067 2098 2294 2169 aliquo,

635 2193 892 2265 pulvere,
926 2194 1060 2256 situ,
1122 2207 1190 2246 ac
1222 2189 1501 2261 squalore
1533 2189 1734 2257 obsiti,
1799 2194 1861 2243 ut
1892 2188 2006 2243 alia
2039 2188 2300 2258 plurima

631 2288 899 2337 veterum
941 2281 1177 2351 scripta,
1207 2278 1576 2333 delitescant.
1611 2277 1697 2332 Ab
1729 2277 1955 2347 lgnatio
1988 2277 2167 2346 igitur
2197 2292 2303 2346 pa-

633 2370 890 2426 triarcha
918 2368 1270 2424 narrationis
1287 2368 1518 2422 initium
1535 2367 1719 2439 paulo
1746 2367 1920 2423 altius
1939 2372 2301 2437 repetamus.

705 2459 1014 2530 Nicephori
1046 2457 1313 2527 Augusti,
1368 2457 1496 2525 ejus
1527 2456 1630 2528 qui
1685 2456 1915 2510 lrenem
1971 2459 2306 2525 Augustam

633 2550 885 2621 imperio
911 2547 1154 2619 expulit,
1189 2563 1261 2602 ex
1310 2547 1430 2602 ﬁlia
1475 2545 1754 2617 Eutropia
1813 2549 1996 2617 atque
2029 2544 2304 2600 Michaele

632 2638 990 2711 imperatore
1008 2642 1407 2707 cognomento
1430 2635 1733 2705 Rangabe,
1769 2650 1957 2705 nepos
1994 2634 2097 2688 fuit
2133 2638 2304 2702 lgna-

633 2729 770 2782 tius.
807 2730 972 2782 Hunc
999 2726 1058 2781 in
1087 2727 1301 2781 minori
1330 2730 1523 2790 aetate,
1558 2731 1614 2779 et
1638 2723 2146 2795 Theophylactum
2178 2723 2297 2778 fra-

635 2823 786 2873 trem
814 2817 1105 2887 majorem
1130 2821 1296 2880 natu,
1324 2814 1596 2869 virilibus
1629 2816 1920 2880 exsecuit;
1956 2829 2077 2884 quo
2117 2813 2293 2876 facto,

639 2907 937 2978 repetendi
973 2905 1226 2978 imperii,
1281 2905 1561 2976 quamvis
1614 2903 1842 2975 paterni
1891 2909 2069 2974 atque
2135 2903 2294 2974 aviti,

652 3012 756 3068 spe
786 2997 1020 3067 penitus
1047 2995 1406 3049 arcebantur
1445 3011 1458 3047 :
1512 3000 1798 3064 praeterea
1843 2995 2132 3058 lgnatium
2175 3008 2297 3046 mo-

636 3085 812 3140 nachi
871 3085 983 3140 ritu
1022 3084 1390 3138 tondendum
1439 3081 1686 3134 curavit.
1735 3081 1958 3134 Timeat
2004 3080 2162 3135 enim
2211 3086 2296 3152 ty-

645 3172 918 3229 rannidis
960 3171 1046 3225 vis
1092 3186 1212 3226 non
1245 3170 1443 3224 minus
1473 3185 1658 3241 quam
1715 3175 2011 3223 metuatur
2050 3185 2292 3224 necesse

651 3267 757 3330 est,
798 3277 908 3317 nec
957 3259 1154 3315 minus
1199 3259 1274 3313 sit
1327 3258 1458 3330 ipsa
1503 3258 1752 3313 sollicita
1811 3274 1997 3329 quam
2049 3258 2288 3324 subditi,

641 3351 896 3406 Omnino
912 3349 1090 3404 rebus
1109 3348 1514 3416 commutatis,
1531 3347 1904 3418 imperioque
1921 3348 1995 3402 ad
2009 3348 2294 3420 TheOphi-

638 3440 761 3495 lum
815 3438 1114 3494 Michaelis
1143 3437 1337 3492 Trauli
1391 3436 1576 3494 filium
1617 3436 1919 3501 devoluto,
1982 3438 2293 3494 Theodora

637 3527 942 3600 Theophili
975 3543 1142 3592 uxor,
1177 3543 1315 3582 cum
1353 3526 1480 3582 viro
1521 3526 1798 3582 defuncto
1828 3525 2150 3597 imperium
2183 3543 2293 3600 pro

638 3617 913 3675 Michaele
963 3617 1086 3672 filio
1147 3617 1670 3688 Porphyrogeneta
1726 3624 2088 3688 procuraret,
2132 3618 2294 3675 fama

637 3724 772 3779 quae
799 3707 871 3762 de
926 3707 1130 3777 lgnatii
1164 3706 1482 3761 virtutibus
1527 3705 1770 3761 celebris
1807 3711 1951 3772 erat,
2001 3715 2290 3778 permota,

639 3804 692 3852 et
724 3796 949 3868 alioqui
983 3812 1090 3868 pro
1144 3795 1418 3850 muliebri
1479 3794 1718 3863 ingenio
1774 3796 2127 3852 nobilissimi
2185 3798 2293 3853 viri

637 3884 1037 3942 calamitatem
1073 3885 1369 3944 miserata.
1426 3883 1588 3938 nulla
1615 3883 1802 3956 ipsius
1858 3884 2055 3956 culpa,
2097 3886 2294 3942 aliena

637 3979 868 4031 tantum
896 3974 1185 4046 pravitate
1243 3979 1633 4040 contractam,
1663 3973 1956 4030 Methodio
2013 3975 2294 4030 Constan-

635 4065 1026 4135 tinopolitano
1073 4063 1409 4135 patriarcha
1440 4065 1564 4120 vita
1595 4065 1820 4130 functo,
1866 4065 2160 4134 lgnatium
2204 4083 2295 4121 sa-

634 4154 771 4210 lutis
810 4169 967 4208 anno
1001 4152 1380 4218 DCCCXLVII,
1410 4169 1636 4222 magna
1685 4155 1985 4209 bonorum
2018 4155 2291 4210 omnium

635 4241 1049 4312 gratulatione,
1082 4242 1566 4296 substituendum
1598 4243 1846 4298 curavit.
1877 4242 2043 4298 Initia
2071 4259 2140 4298 ac
2171 4261 2294 4299 me-

634 4332 737 4386 dia
775 4331 910 4385 laeta
952 4330 1209 4391 fuerunt,
1245 4346 1350 4397 par
1381 4332 1506 4399 spei
1539 4331 1781 4385 fructus.
1813 4331 2023 4386 Secuta
2054 4339 2144 4387 est
2174 4349 2296 4389 ma-

633 4419 723 4474 ior
771 4418 1302 4489 Porphyrogenetas
1346 4421 1511 4479 aetas.
1546 4434 1668 4488 qua
1703 4419 1793 4473 sui
1833 4435 2104 4490 compos,
2141 4423 2294 4476 vitiis

637 4507 1037 4577 mancipatus,
1084 4511 1268 4560 matre
1315 4507 1622 4561 'l‘heodora
1651 4523 1846 4560 rerum
1882 4509 2296 4578 procuratione

637 4602 858 4657 amota,
894 4596 1094 4649 Bardze
1128 4611 1313 4666 seque
1341 4600 1396 4649 et
1427 4594 1747 4666 imperium
1797 4597 2125 4665 regendum
2168 4615 2297 4670 per-

638 4685 815 4750 misit,
847 4683 1016 4740 nulla
1068 4683 1244 4739 famie
1312 4700 1473 4750 cura,
1533 4700 1721 4755 pravo
1775 4685 2006 4740 homini
2036 4687 2299 4756 perditus

632 4773 899 4844 juvenis:
936 4773 1039 4827 sed
1081 4773 1140 4828 in
1190 4773 1417 4845 reliqua
1468 4774 1733 4844 nequitia
1773 4789 1904 4829 eam
1939 4781 2138 4830 tamen
2172 4776 2298 4832 lau-

641 4862 779 4918 dem
825 4863 1059 4927 meruit,
1102 4863 1265 4935 quod
1311 4863 1634 4918 litterarum
1669 4863 2034 4934 professores
2080 4867 2298 4938 stipen-

653 4952 752 5007 dio
801 4951 874 5008 de
938 4951 1176 5019 publico
1239 4952 1573 5020 designato,
1634 4954 2141 5025 Constantinopoli
2169 4973 2297 5011 eru-

645 5041 908 5112 diendtej
923 5042 1186 5097 uventuti
1206 5043 1526 5107 constituit,
1552 5045 1740 5097 Leone
1756 5043 1976 5098 scholis
1991 5044 2290 5115 praefecto,

640 5132 843 5203 magni
885 5131 1142 5186 nominis
1201 5147 1265 5186 ea
1303 5137 1653 5203 tempestate
1687 5133 2065 5203 philosopho.
2118 5133 2292 5189 Crete-

637 5235 768 5276 rum
805 5219 1055 5276 Bardam
1097 5223 1390 5276 Caesarem
1439 5227 1725 5286 creatum,
1759 5227 1814 5276 et
1853 5229 2157 5292 acceptam
2192 5241 2293 5295 po-

634 5313 907 5365 testatem
941 5324 1058 5363 non
1093 5308 1334 5380 publica
1355 5309 1562 5376 salute,
1597 5310 1697 5364 sed
1733 5309 2021 5364 scelerum
2055 5310 2292 5366 licentia

631 5397 1035 5463 deﬁnientem,
1082 5414 1266 5471 usque
1315 5415 1405 5462 eo,
1442 5405 1501 5452 ut
1554 5414 1736 5454 uxore
1789 5398 2094 5470 repudiata
2151 5417 2286 5455 cum

631 5503 787 5545 nuru
813 5503 924 5543 sua
975 5489 1156 5560 stupri
1202 5487 1694 5544 consuetudinem
1742 5487 2006 5548 haberet,
2050 5488 2286 5560 piorum

633 5582 785 5636 coetu
814 5577 1072 5650 Ignatius
1104 5577 1499 5636 anathematis
1526 5577 1858 5651 ignominia
1895 5583 2167 5637 notatum
2192 5595 2286 5636 ex-

2393 395 2562 466 pulit,
2599 412 2664 452 ac
2697 397 2874 454 veluti
2909 399 3658 474 Baptistesaltertterodem
3692 407 3863 464 incre

2394 488 2638 553 Magnus
2673 504 2814 543 sane
2853 491 2957 555 vir,
2985 493 3084 548 sed
3121 495 3358 551 meliore
3392 497 3614 552 saeculo
3641 497 3866 566 dignus

2397 574 2534 630 culit
2560 580 2922 635 easeveritas
2953 582 3337 652 impotentem
3363 586 3623 641 hominis
3654 588 3870 642 animu

2396 681 2577 734 quem
2605 669 2874 733 revereri,
2907 677 3083 743 atque
3099 679 3158 728 ut
3183 675 3479 730 medicum
3509 692 3713 732 amare
3735 679 3871 732 debl

2398 754 2622 826 synodo
2643 754 2794 812 facta
2812 758 3158 831 episcopatu
3177 763 3494 833 spoliatum
3523 767 3580 820 in
3602 767 3871 837 Mytilene

2399 841 2593 898 sulam
2619 845 2922 914 relegavit.
2941 849 3326 907 Substituitur
3341 869 3440 924 per
3458 853 3622 909 nefas
3659 857 3865 910 Photiu

2399 941 2754 1005 τοασηκρῆτις
2779 937 3038 1004 Zonaras,
3082 940 3300 996 usitata
3331 943 3589 1013 sequiori
3622 943 3850 999 smculo

2401 1037 2436 1076 a
2490 1023 2940 1080 Commentariis
2988 1035 3042 1082 et
3088 1030 3334 1086 Senator
3380 1031 3642 1086 urbanus
3685 1048 3849 1087 anno

2403 1110 2475 1165 sti
2521 1111 2834 1178 DCCCLIX,
2884 1116 2996 1171 hoc
3057 1123 3164 1182 est,
3201 1123 3334 1190 post
3374 1120 3763 1175 undecimum
3805 1136 3873 1191 pa

2401 1200 2611 1255 chatus
2643 1203 2869 1271 lgnatii,
2923 1204 2995 1260 de
3036 1205 3162 1262 foro
3221 1214 3461 1278 repente
3515 1208 3574 1263 in
3605 1209 3873 1263 Ecclesiae

2402 1289 2687 1346 fecturam
2730 1293 3072 1349 translatus.
3107 1298 3338 1368 Raptim
3381 1298 3586 1353 omnia
3625 1304 3685 1352 et
3717 1304 3873 1369 pertt

2402 1383 2537 1433 sunt
2567 1379 2742 1444 facta,
2780 1397 2972 1455 neque
3004 1385 3146 1454 quid
3178 1385 3412 1455 legibus
3447 1393 3723 1441 sanctum
3754 1392 3842 1441 est
3871 1411 3875 1436 ι

2401 1467 2630 1533 derant,
2680 1471 2766 1526 ira
2813 1478 2868 1526 et
2912 1473 3239 1530 ambitione
3294 1476 3564 1545 pessimis
3609 1477 3875 1531 consultc

2403 1559 2628 1628 agitati.
2680 1561 2951 1617 Nicolaus
3005 1566 3308 1620 Romanus
3365 1565 3629 1620 Pontifex
3688 1581 3760 1621 eo
3815 1581 3875 1620 nc

2402 1647 2652 1718 primus,
2671 1651 2750 1704 rei
2774 1657 2954 1721 gestas
2975 1654 3182 1708 nuntio
3201 1661 3557 1719 commotus,
3576 1655 3875 1726 episcopo:

2408 1738 2780 1793 Rodoaldum
2804 1747 2859 1794 et
2882 1742 3226 1798 Zachariam
3258 1742 3838 1816 Constantinopolim
3866 1762 3875 1798 ι

2409 1842 2546 1881 cum
2590 1832 2880 1898 potestate
2930 1847 3240 1887 sacrarum
3287 1833 3618 1904 imaginum
3660 1833 3864 1888 hostes

2408 1917 2590 1987 pestis
2643 1918 2757 1972 late
2795 1919 2852 1973 in
2900 1920 3130 1976 Oriente
3175 1922 3589 1993 grassabatur)
3635 1922 3806 1977 novis
3852 1939 3877 1977 e

2410 2007 2741 2074 coercendi,
2780 2013 2956 2081 atque
2996 2011 3053 2064 in
3106 2012 3314 2079 lgnatii
3365 2027 3548 2066 causa
3585 2012 3716 2082 ejus
3761 2013 3877 2081 leg:

2411 2095 2746 2164 COgnitione
2796 2098 3081 2164 instituta,
3122 2102 3246 2155 visa
3293 2101 3472 2154 modo
3513 2100 3877 2172 exploratan

2411 2199 2471 2239 re
2505 2187 3753 2260 prensantirenuntiarent.Adjungitlitteras
3771 2191 3877 2246 adi

2415 2279 2572 2329 stum
2602 2275 2920 2345 sigillatim,
2955 2293 3089 2349 quas
3129 2285 3380 2344 exstant,
3418 2281 3472 2334 in
3526 2280 3798 2335 Photium
3833 2297 3877 2349 g1

2415 2362 2601 2418 simas
2630 2385 2641 2416 ε
2684 2371 2889 2420 contra
2916 2365 3007 2421 fas
3037 2383 3426 2439 aequumque,
3459 2373 3634 2439 atque
3665 2369 3865 2423 omnia

2417 2454 2583 2508 statis
2615 2455 2888 2526 exempla
2918 2456 2975 2509 in
3014 2456 3285 2512 Ecclesite
3309 2458 3720 2529 praefecturam
3753 2459 3873 2512 irru

2414 2559 2485 2597 ex
2527 2543 2781 2614 profano
2824 2552 3065 2616 repente
3114 2547 3320 2603 Christi
3353 2553 3655 2618 pastorem
3697 2547 3879 2618 gregis

2413 2632 2614 2699 diisse,
2665 2649 2804 2690 vero
2837 2636 3161 2705 praesertim
3210 2643 3446 2709 pastore
3477 2638 3806 2709 superstite.
3868 2639 3879 2691 l

2415 2723 2620 2778 fraude
2652 2723 2888 2787 inducti,
2935 2725 3207 2780 studiove
3249 2727 3608 2797 principibus
3663 2727 3879 2795 gratific

2412 2811 2847 2882 Ignatiumjure
2869 2815 3223 2869 damnatum
3247 2816 3431 2870 videri
3449 2817 3879 2886 praevaricandc

2411 2901 2704 2956 nuntiant.
2738 2903 3008 2957 Nicolaus
3041 2906 3283 2975 quidem
3326 2905 3506 2960 atroci
3539 2905 3741 2959 nuntio
3776 2905 3879 2958 far:

2409 3005 2732 3061 percussus
2783 2991 3285 3061 praevaricationis
3318 2993 3541 3048 factum
3599 2993 3879 3061 legatortu

2406 3078 2650 3132 cusavit.
2687 3081 2943 3135 Omnino
2974 3096 3044 3134 ea
3077 3083 3402 3136 temeritate
3456 3080 3881 3153 pronuntiandi

2405 3166 2494 3235 gis
2520 3168 2729 3236 lgnatii
2771 3184 2956 3223 causa
3009 3170 3349 3225 conﬁrmari
3384 3171 3510 3224 visa
3561 3176 3666 3235 est,
3719 3185 3881 3239 prors

2407 3258 2594 3310 Barda
2619 3261 2846 3311 Caesare
2886 3258 3188 3329 deinceps,
3239 3270 3294 3314 et
3320 3258 3593 3315 Michaele
3627 3265 3881 3326 Augusto

2403 3345 2517 3401 diis
2559 3347 2749 3401 Basilii
2800 3348 3136 3402 Macedonis
3182 3348 3449 3413 sublatis,
3494 3347 3790 3403 Adrianus
3833 3351 3869 3401 lt

2403 3433 2541 3490 tifex
2574 3438 2877 3490 Romanus
2905 3436 3124 3491 Nicolai
3151 3437 3412 3492 defuncti
3440 3435 3698 3508 vestigiis
3748 3436 3881 3491 incei

2403 3524 2630 3596 synodo
2685 3525 3198 3596 Constantinopoli
3241 3526 3441 3582 habita
3479 3541 3551 3581 cu
3609 3527 3881 3598 episcopo

2403 3630 2563 3670 anno
2612 3615 2817 3671 salutis
2847 3616 3322 3672 DCCCLXXXVIII
3381 3618 3549 3689 (quas
3610 3617 3760 3671 inter
3811 3631 3880 3685 ge

2402 3703 2484 3758 les
2510 3709 2720 3759 octava
2751 3719 3037 3774 germana
3051 3712 3157 3772 est,
3187 3705 3501 3773 Greceque
3531 3722 3600 3761 ac
3638 3706 3830 3760 Latine
3857 3723 3881 3758 s

2405 3794 2653 3849 Matthaai
2685 3794 2894 3848 Raderi
2938 3801 3152 3849 nostrae
3190 3796 3486 3850 societatis
3520 3795 3867 3867 presbyteri,

2406 3883 2702 3938 Anastasii
2759 3882 3184 3939 Bibliothecarii
3239 3886 3596 3948 versionem,
3630 3882 3822 3938 lucem
3865 3900 3881 3936 ι

2405 3973 2677 4042 aspexit),
2713 3973 2917 4028 Photio
2965 3979 3186 4036 amoto,
3244 3974 3505 4041 lgnatius
3557 3979 3619 4028 ut
3657 3972 3881 4028 restitue

2405 4061 2731 4132 perfecerit.
2749 4063 3008 4118 Pontifex
3026 4080 3166 4118 sane
3184 4063 3385 4132 magni
3400 4064 3580 4118 animi
3600 4077 3789 4134 neque
3807 4063 3881 4115 mi

2406 4151 2654 4215 consilii,
2683 4152 2785 4223 qui
2831 4159 3037 4208 exacta
3068 4169 3270 4207 senem
3320 4159 3511 4217 aetate,
3566 4152 3743 4207 rebus
3772 4167 3881 4221 qua

2405 4240 2676 4311 gerendis
2713 4241 2998 4307 inutilem,
3053 4242 3258 4296 maluit
3314 4241 3585 4298 Ecclesia;
3629 4241 3881 4311 guberna

2407 4330 2654 4394 restitui,
2696 4346 2880 4401 quam
2948 4331 3293 4395 concedere,
3345 4337 3407 4386 ut
3437 4346 3592 4386 novo
3641 4345 3709 4385 ac
3767 4330 3881 4384 dan

2407 4418 2680 4490 exemplo
2703 4419 3030 4490 disciplinae
3061 4419 3492 4475 labefactandae
3525 4419 3719 4474 aditus
3763 4418 3881 4473 relit

2408 4513 2585 4562 retur.
2647 4509 2757 4561 Etsi
2817 4511 3143 4574 Nectar-ius,
3205 4510 3477 4565 Tarasius
3532 4509 3713 4563 Photii
3773 4514 3874 4580 pat

2409 4596 2655 4668 ejusque
2679 4613 2983 4654 successor
3010 4598 3469 4669 Nicephorus,et
3495 4599 3553 4653 in
3582 4597 3881 4654 Occidente

2406 4684 2646 4741 brosius
2681 4703 2710 4740 e
2751 4687 2912 4742 laicis
2959 4695 3196 4758 repente
3240 4688 3502 4759 episcopi
3548 4687 3664 4741 sint
3693 4687 3881 4741 creati.

2406 4773 2499 4829 ille
2523 4776 2810 4846 praestitit.
2861 4777 3069 4846 lgnatii
3101 4794 3240 4832 vero
3294 4779 3611 4831 subsecuta
3658 4781 3861 4840 morte,

2408 4865 2915 4936 Constantinopoli
2943 4867 3209 4938 synodus
3229 4867 3484 4940 λῃστρικὴ
3505 4867 3775 4921 Photium
3801 4881 3881 4919 res

2406 4969 2565 5008 anno
2624 4955 3044 5020 DCtZCLXXVll,
3117 4957 3532 5028 episcOporum
3605 4971 3881 5011 cccexxxu

2404 5044 2713 5113 pristinum
2747 5044 2964 5109 locum,
2986 5045 3150 5099 initio
3183 5048 3656 5100 consensultom.
3681 5047 3840 5099 Pont.
3871 5082 3881 5096 .

2404 5131 2493 5186 nis
2524 5133 2667 5197 Vlll,
2705 5133 2782 5186 uti
2813 5134 2942 5202 ejus
2969 5134 3177 5202 synodi
3212 5136 3398 5188 sessio
3428 5135 3619 5204 prima
3646 5133 3875 5188 declara

2404 5220 2628 5276 verbis:
2658 5223 2825 5288 Quod
2855 5222 3138 5277 Dominus
3166 5230 3364 5279 noster
3394 5223 3758 5292 Apostott'cus
3780 5223 3881 5276 ad].

2399 5311 2698 5366 dominum
2725 5313 2986 5368 Photium
3011 5329 3068 5366 ιη
3084 5313 3516 5380 patriarcham,
3543 5319 3788 5367 testatur
3802 5312 3876 5365 Po

2399 5402 2545 5455 catis
2570 5403 2722 5457 stola
2749 5418 3026 5458 asumma
3050 5403 3477 5457 Pont.domz’no
3496 5408 3690 5456 nostro
3709 5402 3878 5455 Joam

2396 5505 2522 5546 eum
2564 5493 2733 5546 missa
2763 5507 2775 5546 :
2811 5508 2986 5562 quam
3017 5499 3334 5560 propterea
3365 5492 3603 5553 direxit,
3637 5495 3697 5545 ut
3725 5505 3881 5545 omne

2395 5581 2688 5651 tettigant,
2711 5586 2765 5638 et
2793 5587 2951 5638 certo
2971 5581 3487 5650 sciant,dominum
3514 5580 3782 5638 Photium
3803 5594 3881 5634 rei
