4046 6228
251 306 316 362 ,3
1577 286 2136 349 PROLEGOMENA.
3487 311 3562 371 ,ο

271 420 658 495 mmopontiﬁce
668 421 731 476 in
751 418 1192 490 patriam-ham.
1210 419 1468 490 Cumque
1489 417 1598 474 hoc
1611 416 1794 472 dixis-

273 530 346 586 sel,
367 518 473 575 dedi!
489 513 672 568 Photio
702 510 1106 579 pontiﬁcalem
1120 510 1356 574 stolam,
1378 508 1680 565 humerale
1707 509 1796 564 in-

271 613 518 668 dusiatam,
540 601 831 670 penulam,
864 607 920 656 el
948 599 1239 656 sandalia.
1285 601 1417 655 Haec
1461 599 1733 671 synodus
1776 613 1789 662 ;

245 697 508 769 argumento
531 690 854 747 conciliatis
887 689 1053 746 initio
1091 704 1226 745 com
1258 691 1484 744 Joanne
1515 688 1793 760 pontiﬁce

247 788 384 859 gratia
405 801 419 837 :
442 781 527 855 qui
554 796 686 837 cum
715 795 788 836 eo
816 778 1082 844 nomine,
1123 784 1187 834 ut
1211 793 1428 850 parum
1455 775 1656 844 virilis,
1683 793 1792 833 au-

236 877 343 932 diret
366 872 503 936 male,
520 887 575 928 re
610 875 842 926 mature
873 872 1130 941 cognita,
1158 868 1217 924 in
1237 868 1563 924 ambonem
1595 867 1794 939 publi-

234 981 333 1020 cum
358 976 680 1035 progressus,
699 958 994 1024 Photium,
1018 958 1197 1015 veteri
1228 958 1608 1014 anathemate
1626 973 1793 1032 repe-

232 1055 322 1118 tito,
357 1050 472 1106 diris
519 1050 725 1104 iterum
770 1047 1026 1104 devovit.
1073 1049 1268 1115 Quare
1320 1047 1646 1104 Ecclesiam
1697 1047 1791 1104 ille

226 1137 786 1214 praepostere.primum
816 1135 1064 1209 quidem
1080 1140 1458 1209 occupatam,
1473 1137 1576 1192 diu
1596 1141 1791 1193 tenere

222 1229 490 1301 nonpotuit.
510 1232 549 1282 Α
578 1229 766 1282 Leone
792 1231 1082 1299 Augusto,
1105 1230 1504 1296 cognomento
1529 1225 1791 1282 Philoso-

219 1320 306 1392 phe
328 1318 409 1390 qui
440 1317 574 1387 patri
602 1315 819 1372 Basilio
849 1316 1136 1372 successit
1178 1314 1311 1372 loco
1343 1321 1564 1379 motus,
1606 1316 1664 1371 in
1691 1317 1794 1371 Ar-

217 1408 482 1463 meniarum
531 1406 964 1462 monasterium
1015 1421 1174 1461 anno
1241 1406 1661 1462 DCCCLXXXVI
1713 1406 1792 1462 ad

212 1499 317 1553 vitae
338 1497 516 1552 exitum
537 1496 642 1568 (sic
673 1495 952 1566 arbitror)
980 1495 1102 1551 sive
1127 1511 1162 1551 a
1179 1495 1494 1552 Catholicis
1528 1501 1785 1564 coactus,

211 1603 292 1640 seu
315 1585 836 1656 sponte,incertum,
879 1583 1143 1640 secessit.
1174 1583 1561 1641 Santabareni
1589 1585 1792 1642 amici-

207 1675 269 1730 tia
289 1675 336 1731 in
363 1674 541 1745 primis
570 1673 768 1730 fraudi
802 1673 887 1729 illi
913 1673 1260 1746 damnoque
1286 1673 1410 1738 fuit,
1441 1674 1689 1731 veneﬁci
1719 1691 1790 1732 ac

207 1764 591 1835 prestigiatoris,
643 1763 954 1836 multaque
984 1762 1206 1819 scelera
1249 1763 1368 1819 alia
1397 1763 1458 1819 in
1484 1763 1626 1820 ﬁcta
1655 1780 1787 1820 san-

201 1853 371 1909 ctitatis
389 1852 568 1924 specie
587 1852 865 1921 tegentis.
894 1853 986 1909 Sic
1005 1853 1311 1923 Augustus
1342 1852 1595 1926 putabat
1623 1869 1637 1918 ;
1666 1853 1785 1922 alii,

197 1943 242 1998 in
261 1942 335 1998 his
355 1941 464 2014 ipse
487 1941 732 2014 Augusti
759 1947 947 2014 pater,
978 1942 1038 1998 in
1066 1941 1456 1998 sanctissimis
1476 1943 1789 1999 monachis

195 2047 453 2088 numerare
486 2033 644 2088 soliti
677 2037 865 2088 erant.
915 2031 1007 2090 Sic
1037 2039 1175 2090 sunt
1212 2031 1528 2088 hominum
1559 2032 1788 2105 judicia

194 2137 300 2177 eum
327 2121 672 2194 temporibus
702 2121 1076 2178 alternantia.
1121 2121 1376 2178 Tametsi
1423 2122 1551 2178 alias
1591 2138 1786 2179 causae

190 2209 358 2266 efﬁctas
381 2217 520 2277 sunt,
551 2219 615 2267 ut
642 2211 779 2282 jure
809 2211 947 2284 pelli
968 2212 1278 2279 videretur,
1313 2211 1411 2268 illa
1444 2212 1663 2268 exstitit
1691 2227 1787 2268 ve-

187 2299 376 2355 rissima
396 2317 408 2354 :
430 2301 617 2372 poenis
646 2299 939 2357 scelerum
953 2301 1268 2370 agentibus
1281 2300 1484 2357 divina
1502 2301 1784 2367 vindicta,

188 2395 326 2461 atque
349 2389 489 2445 male
531 2390 814 2462 occupati
861 2390 1105 2446 honoris
1159 2390 1517 2447 conscientia
1567 2391 1785 2447 dedere

187 2480 514 2551 praecipitem,
535 2479 850 2552 Stephano
883 2481 1128 2551 Augusti
1149 2479 1328 2537 fratre
1345 2481 1404 2536 in
1427 2481 1556 2552 ejus
1580 2480 1783 2537 locum

195 2568 477 2639 subrogato.
504 2572 553 2624 is
579 2570 1015 2627 controversia
1046 2570 1194 2626 inter
1224 2572 1526 2627 Romanos
1557 2576 1613 2626 et
1643 2571 1786 2627 Con-

183 2657 684 2730 stsntinopolitanos
707 2659 1037 2732 pontiﬁces,
1055 2658 1271 2715 nobilis
1298 2674 1436 2715 cum
1468 2659 1675 2731 primis
1700 2664 1784 2716 at-

180 2760 265 2816 que
285 2748 568 2815 diuturnae,
618 2749 819 2805 exitus
844 2748 970 2804 fuit.
998 2751 1050 2804 Is
1072 2748 1269 2806 Photii
1298 2749 1780 2821 pseudopatriar-

173 2835 270 2892 οδε
289 2853 468 2894 casus.
495 2839 733 2905 Adhuc,
758 2837 922 2894 brevi
946 2843 1143 2895 tamen
1170 2839 1302 2896 vitae
1330 2838 1630 2895 Photiante
1657 2855 1778 2895 sce-

176 2939 281 2979 nam
303 2943 392 2980 seu
418 2927 776 3001 tragmdiam
809 2927 1002 2984 verius
1045 2933 1342 3000 utcunque
1382 2927 1644 2992 exhibui,
1677 2928 1780 3000 qui

171 3010 698 3086 hispaniarchatum
712 3017 1008 3091 pernefas,
1024 3025 1392 3090 repugnante
1405 3025 1571 3090 pont.
1593 3033 1726 3074 max
1738 3060 1774 3086 .,

169 3102 304 3173 pulso
321 3104 558 3179 lgnatio,
583 3108 646 3163 in
659 3107 926 3175 vasit,bis
949 3123 1190 3181 quoque
1208 3107 1490 3164 abdicare
1511 3113 1771 3164 coactus:

167 3192 382 3262 privatus
407 3197 658 3254 tandem
685 3202 742 3254 et
765 3197 1054 3267 inglorius
1079 3199 1363 3254 secedens
1385 3197 1576 3269 periit.
1605 3197 1775 3254 Nunc

163 3281 375 3352 elogium
418 3287 568 3359 ejus,
603 3287 904 3360 permistis
938 3293 1134 3344 tamen
1168 3288 1366 3344 virtuti
1395 3287 1576 3354 vitiis,
1604 3306 1634 3344 e
1683 3289 1774 3345 Ni-

164 3375 260 3426 ceta
286 3374 659 3448 Paphlagone
708 3377 772 3434 in
804 3378 928 3434 Vita
957 3379 1018 3433 Β.
1056 3377 1258 3450 lgnatii
1293 3377 1635 3450 patriarchae
1666 3394 1776 3452 ap-

160 3475 336 3530 ponam
380 3482 394 3519 :
442 3465 539 3519 Ἥν
591 3464 658 3520 δὲ
704 3467 854 3530 οὗτος
898 3469 923 3520 ὁ
983 3474 1176 3532 Φὼτιος
1225 3468 1284 3521 οὗ
1340 3477 1438 3521 τῶν
1481 3467 1670 3540 ἁγενῶν
1719 3487 1773 3521 τε

158 3555 223 3600 καὶ
271 3551 551 3626 ἀνωνύμων,
614 3555 747 3610 ἀλλὰ
797 3564 889 3611 καὶ
944 3568 1042 3611 τῶν
1099 3560 1311 3632 εὐγενῶν
1385 3562 1522 3613 κατὰ
1602 3561 1773 3636 σάρκα

153 3652 220 3690 ut
265 3654 560 3715 περιῳανῶν,
629 3652 790 3720 σοφίᾳ
836 3667 890 3700 τε
945 3658 1196 3723 κοσμικῇ,
1265 3656 1355 3704 καὶ
1410 3655 1614 3704 συνέσει
1671 3658 1770 3702 τὼν

155 3724 190 3776 ἓν
242 3738 294 3803 τῇ
357 3733 594 3808 πολιτείᾳ
677 3743 1029 3812 στρεφομένων
1085 3736 1504 3813 εὐδοκιμώτατος
1569 3743 1770 3794 πάντων

152 3817 389 3892 ἐνομίζετο.
449 3830 837 3898 Γραμματικῆς
905 3830 995 3901 μὶν
1059 3833 1161 3904 γὰρ
1210 3837 1300 3884 καὶ
1347 3838 1624 3898 ποιήσεως,
1678 3835 1773 3909 ῥη-

148 3918 323 3979 τερυιῆς
366 3933 417 3966 τε
470 3920 566 3968 καὶ
612 3915 940 3990 φιλοσοφίας,
992 3925 1076 3973 ναὶ
1124 3917 1192 3979 δὴ
1242 3926 1332 3974 καὶ
1382 3921 1639 3994 ἰατρικῆς,
1681 3929 1772 3979 καὶ

147 4001 302 4067 τείας,
355 4001 529 4076 ῶίγου
596 4001 732 4072 δεῖν,
791 4005 1084 4081 ἐπιστήμης
1133 4019 1230 4062 τῶν
1285 4012 1522 4086 θύραθεν.
1571 4021 1769 4067 Τοσοῦ-

146 4104 207 4138 m
254 4091 369 4142 αὐτὸ
408 4098 464 4146 τὸ
518 4098 727 4170 περιόν,
768 4097 837 4158 ὡς
885 4102 957 4168 μὴ
1011 4103 1166 4170 μόνον
1211 4097 1410 4172 σχεδόν
1459 4104 1616 4175 φάναι
1671 4114 1769 4156 τῶν

143 4179 253 4229 ιιπὰ
289 4184 369 4237 τὴν
415 4181 573 4236 αὑτοῦ
622 4187 799 4254 γενεὰν
845 4189 1046 4239 πάντων
1075 4183 1372 4261 διενεγκεῖν,
1417 4188 1524 4251 ἤδη
1575 4189 1636 4246 δὲ
1682 4197 1771 4247 καὶ

139 4271 242 4337 πρὸς
293 4275 402 4332 τούς
449 4273 714 4334 ssulatim);
766 4274 920 4328 αὑτὸν
977 4273 1376 4352 διαμιλλᾶσθαι.
1433 4283 1610 4334 Πάντα
1665 4285 1767 4358 γὰρ

141 4361 404 4432 τήἔτρεχεν
462 4361 548 4414 ἐπ’
613 4361 756 4435 αὐτῷ
807 4365 837 4423 ἠ
894 4363 1253 4430 ἔπιτηδειοτης
1303 4377 1395 4432 τῆς
1461 4373 1678 4443 φύσεως,
1732 4373 1762 4431 ἠ

137 4448 332 4518 sas-Mi,
379 4456 408 4506 ὁ
454 4453 715 4522 πλοῦτος,
763 4451 838 4509 δι’
881 4456 934 4509 ὃν
977 4463 1066 4511 καὶ
1113 4457 1294 4533 βίελος
1330 4458 1409 4513 ἐπ’
1447 4460 1604 4513 αὐτὸν
1635 4461 1767 4537 ἒῤῥει

137 4543 265 4594 sin.
311 4543 464 4597 Πλέον
511 4541 580 4599 δί
624 4547 850 4609 πάντων,
901 4547 927 4599 ὁ
959 4555 1054 4610 τῆς
1085 4544 1245 4612 δόξης
1285 4551 1408 4622 ἔρως
1452 4546 1526 4603 δι’
1575 4549 1628 4603 ὃν
1675 4551 1767 4604 αὖ·

135 4637 183 4694 τῷ
226 4637 308 4685 ui
355 4638 544 4698 νύκτες
605 4635 802 4688 ἄϋπνον
853 4639 971 4712 περὶ
1035 4641 1128 4696 τὴν
1198 4637 1485 4710 ἀνάγνωσιν
1537 4639 1765 4712 ἕμμελώς

135 4721 424 4789 “plain.
468 4725 641 4781 Erat
687 4725 930 4781 Photius
980 4727 1151 4783 homo
1198 4730 1431 4785 minime
1483 4729 1763 4786 obscurus

133 4817 204 4861 aut
219 4813 516 4880 ignobilis.
538 4814 656 4872 sed
679 4815 859 4870 claris
873 4823 928 4870 et
945 4815 1282 4872 illustribus
1296 4819 1580 4874 oriundus
1591 4826 1763 4876 nata-

138 4896 265 4963 tibus,
278 4918 612 4977 rerumque
623 4904 890 4960 civilium
905 4911 961 4961 el
977 4905 1359 4974 politicarum
1377 4923 1486 4962 usu
1502 4909 1766 4975 pruden-

133 4987 281 5060 tiaque
302 5001 355 5049 et
381 4993 682 5062 sapentia
695 4995 1063 5051 clarissimus
1080 4999 1512 5065 ;grammatica:
1532 5015 1765 5070 quoque

137 5076 445 5139 hlteralurae
464 5091 529 5138 et
556 5084 849 5138 caminis
859 5085 1181 5158 pangendi,
1201 5086 1546 5160 dicendique
1567 5089 1760 5155 laude,

134 5167 224 5231 φάη
250 5178 302 5227 et
327 5172 756 5242 philosophiae
807 5180 861 5229 et
904 5175 1222 5240 medicinas,
1275 5183 1455 5249 atque
1501 5179 1762 5236 omnium

137 5267 259 5323 mre
277 5263 642 5320 liberalium
670 5262 1127 5331 disciplinarum
1143 5273 1527 5324 externarum
1545 5269 1760 5336 studio,

136 5352 540 5426 myritianeque
573 5358 890 5420 tantopere
929 5354 1158 5423 ﬂoruit,
1209 5361 1273 5410 ut
1312 5359 1422 5412 aevi
1445 5358 1540 5413 sui
1587 5359 1766 5425 facile

133 5438 336 5508 tristem
355 5442 736 5498 haberetur:
763 5441 880 5496 imo
895 5448 950 5498 et
969 5458 1102 5499 cum
1125 5444 1416 5501 veteribus
1426 5448 1560 5516 jam
1571 5450 1762 5519 posset

368 5531 602 5589 Omnia
615 5531 844 5605 quippe
860 5533 1274 5602 conﬂuxerant
1290 5533 1351 5590 in
1372 5535 1544 5592 illum
1573 5555 1585 5593 :
1609 5537 1767 5606 apti-

140 5612 543 5691 Moqucdam.
567 5627 618 5681 et
633 5627 882 5682 natura
902 5623 989 5681 vis
1008 5629 1062 5682 et
1077 5623 1355 5696 felicitas,
1375 5640 1534 5697 opes,
1553 5627 1764 5706 quibus

1905 418 2018 474 sibi
2028 419 2076 474 li
2077 417 2307 478 brorum
2319 424 2577 483 omnium
2587 428 2906 488 maximam
2919 434 3147 504 copiam
3159 438 3554 510 comparabat;

1901 515 1955 600 et
1984 511 2145 580 quod
2167 527 2288 580 prae
2325 516 2572 583 cunctis,
2606 519 2818 588 gloria
2856 523 3165 595 laudisque
3187 526 3412 598 cupido,
3436 543 3558 600 qua

1894 599 2190 669 ﬂagrans,
2207 609 2360 660 totas
2373 613 2586 674 noctes,
2607 615 2675 664 ut
2692 610 2929 667 lectioni
2943 614 3174 672 assidue
3189 599 3557 686 vacaretﬁn-

1900 703 2128 746 somnes
2152 691 2422 750 ducebat.
2459 696 2740 770 Idemque
2762 702 2992 758 Nicetas
3009 704 3289 776 graphice
3311 720 3451 762 eum
3476 703 3558 763 vi-

1900 777 2107 852 visque
2130 781 2428 838 coloribus
2445 783 2732 858 depingit.
2758 792 2838 846 Ex
2863 807 3002 862 quo,
3029 794 3383 867 scriptisque
3409 797 3557 852 Grie-

1901 884 2106 925 corum
2153 873 2442 940 omnium,
2484 877 2752 950 ampliss.
2801 879 3003 938 Caesar
3045 883 3202 939 card.
3244 885 3553 957 Baronius,

1899 973 2083 1014 sacrm
2107 965 2271 1031 pater
2303 962 2558 1021 historias
2574 973 2732 1024 tomo
2754 971 3084 1028 Annalium
3106 973 3450 1032 Ecclesiast.
3492 976 3552 1042 Χ,

1899 1063 2009 1104 sua
2024 1055 2111 1104 est
2135 1055 2458 1108 mutuatus.
2486 1056 2770 1127 Equidem
2797 1075 2917 1116 non
2941 1077 3077 1117 sum
3100 1062 3252 1118 adeo
3283 1063 3550 1132 demens,

1900 1136 2236 1210 mentisque
2272 1139 2466 1213 inops,
2510 1149 2570 1199 ut
2616 1144 2806 1202 Pothii
2851 1149 2990 1204 vitia
3033 1149 3408 1210 defendenda
3451 1159 3555 1211 aut

1900 1225 2126 1296 ﬂagitia
2151 1230 2495 1287 excusanda
2520 1234 2868 1306 suscipiam.
2899 1238 3028 1294 Jam
3061 1241 3219 1295 enim
3249 1241 3554 1312 judicatus

1899 1321 2004 1372 est.
2039 1318 2243 1373 Gravis
2281 1325 2434 1376 certe
2465 1322 2551 1378 ira
2576 1323 2904 1398 odiumque
2929 1333 3108 1401 atque
3149 1331 3422 1402 ambitio,
3453 1332 3556 1388 ho-

1903 1405 2124 1461 minem
2147 1413 2359 1464 cmtera
2381 1411 2576 1466 saeculi
2598 1413 2688 1469 sui
2707 1413 3138 1484 doctissimum,
3162 1425 3410 1488 egerunt
3432 1426 3555 1477 tan-

1898 1493 2037 1550 dem
2060 1498 2444 1569 prascipitem.
2470 1500 2612 1557 Hinc
2634 1501 2746 1558 illas
2773 1503 3070 1578 lacrymas.
3095 1507 3244 1562 Aula
3268 1508 3554 1564 nimirum

1899 1599 2035 1656 quas
2070 1585 2270 1642 multis
2319 1586 2615 1662 hodieque
2649 1600 2907 1649 mentem
2937 1594 3130 1666 eripit,
3172 1603 3227 1652 et
3276 1596 3548 1664 infatuat,

1898 1673 2174 1731 Photium
2223 1692 2466 1750 quoque
2510 1682 2849 1747 excaecavit,
2884 1690 2946 1738 ut
2981 1700 3096 1739 non
3128 1685 3348 1756 injuria
3384 1690 3556 1744 vetus

1899 1768 2094 1835 poeta,
2128 1766 2328 1823 nescio
2358 1768 2510 1841 quis,
2542 1770 2680 1826 aula
2705 1771 2883 1839 exire,
2915 1772 3020 1845 qui
3053 1774 3185 1846 pius
3211 1790 3339 1832 esse
3376 1774 3554 1847 volet,

1899 1853 2166 1912 suadeat

1970 1961 2122 2018 Illud
2163 1963 2308 2020 mihi
2340 1963 2398 2020 in
2444 1967 2761 2038 praesentia
2800 1969 2874 2024 de
2899 1969 3294 2036 Bibliotheca,
3322 1986 3461 2042 quas
3489 1971 3552 2029 in

1898 2051 2174 2107 manibus
2207 2060 2310 2116 est,
2333 2070 2480 2127 pace
2500 2055 2732 2128 piorum
2753 2056 2988 2130 praefari
3012 2060 3328 2132 testarique
3355 2061 3548 2129 liceat,

1898 2141 2184 2212 scriptam
2227 2158 2263 2198 a
2294 2143 2498 2200 Photio
2525 2144 2731 2212 videri,
2772 2146 2895 2202 imo
2925 2147 3096 2220 efﬁci,
3129 2149 3276 2205 dum
3307 2150 3555 2207 Ctesaris

1897 2228 2159 2300 legatum
2188 2231 2248 2287 in
2277 2233 2521 2306 Assyria
2549 2249 2756 2307 agens,
2805 2237 3077 2293 nondum
3115 2239 3552 2311 patriarchatus

1895 2320 2247 2390 dignitatem
2273 2337 2379 2393 per
2397 2322 2565 2379 nefas
2587 2325 2815 2382 ambiit.
2843 2328 3210 2396 Argumenta
3229 2333 3367 2385 sunt
3390 2331 3555 2401 prin-

1894 2409 2041 2481 cipio
2064 2409 2138 2466 de
2167 2427 2476 2468 sacrarum
2503 2412 2824 2484 imaginum
2847 2415 3002 2472 cultu
3025 2417 3252 2489 passim
3275 2416 3438 2474 illum
3457 2434 3554 2474 ca-

1894 2497 2114 2556 tholico
2144 2501 2258 2556 ritu
2302 2507 2359 2557 et
2397 2502 2612 2558 sentire
2643 2510 2698 2560 et
2729 2504 3072 2576 praedicare,
3117 2511 3178 2562 ut
3209 2506 3267 2561 in
3303 2506 3550 2577 Evagrio

1893 2588 2098 2645 codice
2128 2591 2198 2649 29
2225 2609 2242 2662 ;
2277 2591 2336 2646 in
2363 2591 2599 2663 synodo
2641 2592 2946 2661 Sidetana,
2975 2595 3108 2650 cod.
3156 2597 3266 2662 52;
3322 2596 3382 2652 in
3427 2594 3554 2652 Cle-

1866 2670 2090 2734 'mente
2137 2679 2559 2748 Alexandrino,
2601 2681 2734 2738 cod.
2765 2683 2869 2738 110
2907 2701 2920 2751 ;
2955 2682 3016 2740 in
3068 2685 3243 2740 Lucio
3270 2683 3550 2750 Charino,

1891 2767 2024 2822 cod.
2066 2769 2163 2824 114
2196 2785 2210 2834 ;
2248 2767 2307 2824 in
2339 2769 2544 2835 Pierio,
2576 2771 2710 2827 cod.
2744 2772 2848 2826 119
2875 2790 2896 2838 ;
2927 2774 2986 2828 in
3011 2772 3290 2844 Procopio
3319 2775 3544 2838 Ganeo,

1889 2857 2021 2912 cod.
2073 2858 2196 2914 160.
2255 2859 2487 2925 Deinde,
2522 2861 2688 2931 quod
2744 2877 3016 2917 summos
3055 2862 3228 2918 Rom.
3279 2863 3544 2919 Ecclesia

1888 2947 2217 3018 pontiﬁces,
2238 2952 2596 3021 sanctosque
2616 2949 2948 3006 Occidentis
2972 2953 3166 3006 Patres
3179 2952 3237 3005 B.
3265 2953 3541 3017 Leonem,

1885 3036 2196 3102 lrenmum,
2225 3037 2632 3105 Ambrosium,
2681 3039 3098 3109 Augustinum,
3129 3044 3397 3105 caeteros,
3431 3040 3547 3097 hoc

1883 3139 1946 3197 in
1990 3141 2167 3197 opere
2215 3126 2540 3183 honoriﬁce
2583 3144 2818 3199 semper
2858 3128 3111 3200 appellet
3143 3127 3335 3185 Tertio
3373 3128 3541 3201 quod

1883 3215 2050 3272 initio
2095 3220 2319 3287 septem
2351 3223 2658 3273 enumerat
2698 3216 2967 3290 synodos
2994 3217 3398 3290 singularique
3429 3223 3543 3275 tra-

1883 3311 2062 3375 ctatu,
2095 3311 2238 3362 tom.
2271 3307 2294 3361 Ι
2322 3307 2744 3375 Conciliorum,
2773 3313 3046 3363 octavam
3079 3313 3280 3363 autem
3314 3323 3540 3374 veram,

1881 3411 2005 3467 qua
2034 3395 2336 3452 restitutus
2366 3397 2425 3450 in
2453 3397 2879 3468 patriarchium
2914 3396 3197 3465 Ignatius,
3233 3395 3478 3452 Adriani
3501 3396 3545 3453 Il

1881 3485 2248 3548 auctoritate,
2291 3500 2361 3541 ac
2408 3501 2482 3540 ne
2527 3485 2771 3541 alteram
2821 3484 3065 3557 quidem
3096 3484 3408 3559 λῃστρικὴν,
3442 3483 3540 3541 cui

1877 3583 2010 3645 ipse
2031 3572 2325 3646 ﬂagitiose
2343 3573 2595 3646 praefuit,
2615 3573 3042 3647 damnataque,
3063 3575 3418 3632 utdiximus.
3453 3575 3545 3630 est

1880 3669 1936 3718 et
1963 3663 2229 3735 explosa,
2264 3679 2564 3736 nusquam
2601 3663 2695 3719 hic
2727 3665 2994 3718 nominet
3033 3663 3268 3735 (citatur
3315 3669 3539 3729 tamen,

1880 3757 1988 3809 etsi
2015 3759 2370 3825 prmpostere
2402 3769 2438 3808 a
2477 3753 2707 3809 Joanne
2747 3755 2997 3819 Zonara,
3055 3752 3363 3809 Theodoro
3419 3750 3544 3808 Bal-

1882 3857 2151 3908 samone,
2201 3847 2258 3898 et
2282 3842 2558 3898 Cratanio
2587 3842 2647 3898 in
2680 3843 2959 3909 Decrelis,
2995 3857 3048 3898 c.
3089 3842 3144 3903 7,
3179 3859 3232 3915 q.
3265 3858 3301 3904 ι.
3337 3858 3390 3900 c.
3418 3842 3542 3898 Hoc

1879 3947 2251 4003 nequaquam
2267 3932 2378 4003 45);
2392 3931 2643 4002 jactaret
2655 3931 2819 3986 haud
2832 3931 2863 3985 d
2874 3931 3028 3998 ubie,
3046 3931 3536 4004 prmdicaretque,

1881 4027 1943 4078 ut
1972 4037 2083 4076 suo
2115 4019 2467 4092 plerumque
2481 4020 2670 4092 perire
2685 4035 2858 4076 sorex
2871 4019 3093 4075 indicio
3114 4021 3443 4086 consuevit,
3468 4035 3540 4076 ac

1880 4118 2074 4180 tegere
2087 4110 2206 4166 odii
2220 4109 2529 4166 ﬂammam
2548 4110 2889 4181 praecordiis
2904 4110 3222 4164 haerentem
3239 4107 3386 4178 quin
3402 4123 3540 4163 evo-

1881 4206 2067 4255 meret
2109 4198 2429 4270 nequisset.
2473 4197 2725 4263 Quidam
2756 4202 2954 4253 tamen
2998 4195 3272 4251 homines
3301 4194 3533 4262 eruditi,

1877 4288 2093 4361 quibus
2125 4295 2186 4342 ut
2212 4287 2534 4344 assentirer
2561 4285 2830 4342 nondum
2854 4285 2995 4342 mihi
3016 4285 3312 4357 imperare
3338 4283 3534 4357 potui,

1879 4393 2153 4434 secessus
2199 4375 2655 4448 opportunitate,
2683 4391 2822 4431 cum
2852 4375 3062 4432 iterum
3103 4373 3384 4431 abdicare
3428 4389 3536 4446 pa-

1877 4467 2197 4524 triarchatu
2223 4469 2466 4522 coactus
2496 4470 2671 4531 esset,
2702 4465 3038 4535 invitatum,
3074 4463 3147 4520 ad
3179 4463 3535 4521 scibendum

1873 4557 2191 4613 accessisse
2232 4554 2615 4622 arbitrantur,
2648 4570 2771 4628 quo
2809 4553 3020 4610 solatio
3048 4553 3377 4610 litterarum
3408 4552 3536 4610 ani-

1879 4661 2046 4700 mum
2065 4644 2221 4700 curis
2236 4659 2480 4715 gravem
2494 4642 3310 4716 sustentaret,molestiasque
3324 4657 3536 4698 omnes

1877 4735 1936 4790 in
1963 4735 2253 4790 librorum
2301 4732 2551 4789 lectione
2599 4739 2656 4789 et
2699 4733 2987 4788 suavitate
3014 4731 3359 4804 deponeret.
3401 4730 3534 4787 Mihi

1876 4838 2036 4889 vero,
2070 4822 2233 4878 salva
2281 4822 2562 4889 amicitia,
2597 4822 2792 4878 verior
2836 4820 3126 4877 sententia
3151 4821 3313 4892 prior
3342 4820 3536 4878 videa-

1876 4917 1985 4968 tur.
2022 4915 2276 4968 Tantum
2320 4911 2394 4967 de
2435 4909 2773 4982 scriptionis
2819 4915 3106 4982 tempore,
3156 4908 3302 4965 illud
3349 4909 3534 4967 modo

1875 5001 1923 5054 ἄν
1947 4997 2164 5074 παρόδῳ
2201 5000 2502 5071 adjiciam,
2539 4999 2866 5055 centesimo
2897 4999 3154 5071 amplius
3187 5013 3349 5055 anno
3397 5002 3535 5071 post

1876 5091 2083 5161 lgnatii
2117 5089 2426 5162 Photiique
2456 5105 2670 5154 aevum,
2708 5089 2768 5145 in
2799 5087 3008 5145 eadem
3041 5087 3367 5159 Byzantina
3393 5086 3534 5145 sede

1872 5181 2461 5237 resedisseloannem
2485 5179 2842 5251 Xiphilinum
2859 5177 3340 5251 Trapezuntium,
3365 5191 3533 5234 mon-

1874 5271 1946 5327 tis
1977 5267 2213 5342 Olympi
2247 5268 2634 5333 monachum,
2669 5268 2842 5324 annis
2877 5283 2951 5337 xl,
2989 5283 3184 5326 mens.
3231 5282 3330 5334 vu,
3359 5267 3532 5339 cujus

1874 5364 2100 5418 exstent
2126 5364 2528 5428 Augustorum
2552 5358 2690 5414 Vitae
2713 5373 2744 5412 e
2779 5358 2957 5412 Dione
2983 5355 3186 5413 Cassio
3215 5370 3231 5422 ;
3253 5355 3356 5428 qui
3379 5354 3531 5413 Dion

1876 5466 1947 5506 ea
1983 5450 2043 5504 in
2098 5453 2265 5520 parte
2311 5446 2604 5518 opitomes
2647 5461 2830 5518 opera
2869 5444 3177 5501 mutilatus
3219 5443 3528 5512 intercidit,

1875 5536 2389 5614 quemadmodum
2404 5537 2532 5592 etT.
2547 5536 2741 5592 Livius
2757 5533 2944 5590 multo
2959 5533 3283 5590 maximam
3301 5539 3530 5607 partem

1876 5627 2307 5688 abbreviatoris
2317 5624 2817 5701 culpa,utJustini
2827 5623 3188 5700 compendio
3198 5623 3532 5700 Pompeium
