4046 6228
624 272 715 348 ςρτ
1877 272 1971 328 AD
2014 266 2257 325 pacm
2289 264 2846 325 BIBLIOTHECAM.

631 397 952 475 .Troguma
983 398 1160 470 stirpe
1199 400 1533 456 amisimus.
1572 401 1708 455 Post
1735 398 1915 455 ctiam
1946 392 2296 460 Theodosio,

627 486 742 560 cui
774 486 1007 543 Maximi
1039 494 1508 558 cognomentum
1547 489 1773 544 Nicetes
1806 487 2025 550 tribuit,
2055 481 2302 555 patriar-

649 573 883 630 cheium
918 582 1169 642 tenente,
1212 579 1556 634 Eustathius
1595 571 2138 633 Thessalonicensis
2181 567 2304 640 epi-

651 679 887 735 scopus,
935 681 1071 720 cum
1136 667 1396 722 Manuale
1442 665 1896 734 Constantinop.
1951 664 2304 734 imperatore

648 753 1082 807 contentionem
1102 770 1280 826 super
1295 755 1413 810 Deo
1438 753 1746 810 Mahometi
1770 752 1975 808 habuit
2007 768 2020 818 ;
2059 750 2228 819 cujus
2251 753 2308 802 et

651 840 710 895 in
761 841 1079 896 Homerum
1131 851 1441 914 poetarum
1478 860 1661 916 prope
1701 845 1905 906 Deum,
1940 849 1996 897 et
2045 835 2304 908 Dionysii

650 931 766 984 Afri
816 936 1124 1003 περιήγησιν
1159 932 1586 1002 explicationes
1634 932 1861 997 uberes,
1895 937 1951 986 et
1993 925 2304 997 multiplici

650 1020 919 1074 doctrina
937 1020 1178 1074 refertas
1195 1021 1491 1093 hodieque
1507 1023 1782 1090 legimus,
1807 1037 1924 1075 non
1945 1025 2143 1073 autem
2166 1019 2307 1069 Pho-

654 1107 788 1172 tius,
834 1115 893 1162 ut
932 1116 1097 1163 tetate
1126 1111 1302 1180 prior.
1353 1111 1556 1166 Poetas
1595 1109 1978 1181 caateroquin,
2012 1124 2164 1180 quos
2193 1105 2307 1158 hoc

649 1195 708 1250 in
755 1211 933 1267 opere
965 1214 1084 1253 non
1125 1199 1312 1268 attigit
1355 1199 1519 1254 haud
1553 1199 1945 1270 praeteriisset,
1984 1196 2093 1251 nisi
2140 1192 2306 1266 quod

651 1283 959 1340 fabulosas
990 1288 1381 1353 narrationes,
1411 1304 1545 1360 quae
1577 1288 1655 1343 ad
1681 1287 1988 1342 historiam
2015 1285 2307 1356 pertinere

650 1374 985 1439 videantur,
1014 1375 1316 1430 delibavit.
1348 1378 1539 1432 Redeo
1581 1393 1615 1432 a
1645 1375 1993 1430 diverticulo
2033 1374 2305 1428 domum.

653 1466 859 1518 Demus
873 1465 1343 1519 scelestissimum
1359 1466 1696 1521 mortalium
1717 1465 1977 1519 Photium
1995 1461 2304 1523 exstitisse,

653 1553 926 1607 turbasse
957 1555 1207 1610 Orientis
1239 1554 1579 1621 Ecclesiam,
1603 1554 1678 1609 ad
1708 1553 2219 1622 defectionemque
2251 1549 2311 1603 in

653 1637 934 1713 προεδρίας
979 1644 1421 1699 contentionem
1483 1647 1714 1700 Graecos
1773 1643 2036 1712 primum
2096 1639 2310 1694 sollici-

659 1734 840 1794 tasse,
882 1732 1371 1802 quandoquidem
1417 1748 1557 1787 vero
1601 1731 1828 1786 nullum
1872 1731 1928 1785 in
1969 1731 2083 1785 hoc
2137 1743 2314 1799 opere

654 1820 784 1890 ejus
811 1822 1072 1875 criminis
1102 1821 1424 1889 vestigium
1455 1827 1768 1892 appareat,
1815 1826 2020 1874 contra
2058 1817 2316 1890 plurima

652 1915 987 1977 occurrant,
1015 1927 1151 1981 quae
1174 1910 1522 1980 scriptorum
1543 1926 1720 1964 nemo
1746 1926 1817 1963 ne
1837 1909 2025 1979 attigit
2047 1907 2313 1979 quidem,

653 1999 877 2052 nedum
923 2000 1321 2066 pertractavit,
1356 2015 1511 2071 quae,
1556 1999 1826 2060 obsecro,
1858 1997 2084 2052 invidia
2121 1996 2192 2050 sit
2234 2011 2319 2050 re-

653 2086 900 2155 pudiare
936 2087 1200 2153 omnino,
1244 2103 1314 2142 ac
1348 2088 1608 2158 rejicere,
1644 2094 1700 2142 et
1747 2104 1818 2141 ne
1854 2087 2038 2155 digito
2065 2084 2311 2157 quidem

653 2181 894 2243 tangere
925 2175 1234 2244 velle,cum
1265 2177 1594 2232 accerimos
1636 2176 1775 2230 fidei
1809 2175 2155 2230 Christianae
2188 2189 2314 2244 per-

654 2263 879 2318 duelles
914 2266 1328 2337 Porphyrium,
1367 2267 1709 2324 Luciannm.
1743 2265 2098 2336 Eunapium,
2133 2271 2186 2318 et
2213 2266 2314 2318 Zo-

629 2343 644 2435 ξ
666 2352 887 2408 simum
908 2353 1196 2422 legamus.
1221 2356 1315 2409 Hic
1333 2372 1468 2410 vero
1497 2354 1767 2410 Ecclesia;
1790 2354 2137 2409 orthodoxa;
2159 2353 2315 2424 capi~

659 2448 784 2496 tum
813 2445 977 2497 Rom.
1013 2445 1360 2513 pontificum
1394 2445 1668 2498 encomia
1699 2444 1972 2517 reperies,
2006 2444 2313 2497 beatorum

656 2531 972 2596 leestini,
1024 2533 1252 2598 Leonis,
1287 2551 1357 2588 ac
1409 2533 1678 2602 Gregorii
1726 2537 1837 2588 :ut
1868 2537 1924 2587 et
1975 2533 2312 2587 Latinorum

633 2613 855 2674 Patres
884 2621 1252 2688 Ambrosias,
1282 2623 1664 2692 Augustinus,
1700 2621 1873 2685 alios,
1908 2621 2139 2675 laudari
2172 2619 2316 2673 dixi-

635 2711 805 2763 'mus.
826 2713 1101 2774 Hmreses,
1124 2712 1530 2782 sectarios'que
1546 2711 1870 2782 passim,ut
1895 2710 2040 2764 diris
2067 2709 2315 2763 devotos

653 2800 1193 2872 exsecrandosque,
1231 2799 1547 2868 fugiendOs
1583 2799 1818 2854 Photius
1850 2806 2082 2852 monet:
2122 2801 2316 2851 Euno-

654 2887 808 2942 mios
838 2887 1108 2957 inquam,
1131 2889 1506 2953 Novatianos,
1538 2889 1812 2944 Basilium
1847 2887 2106 2948 Cilicem,
2127 2886 2312 2941 Philo-

656 2978 935 3042 storgium
952 2983 988 3030 A
1001 2977 1556 3049 rianum,ipsumque
1571 2979 1716 3032 adeo
1732 2977 1968 3030 scelesti
1985 2976 2101 3028 Arii
2115 2979 2310 3044 caput.

725 3064 1055 3120 Oﬁenditur
1084 3069 1323 3136 quoque
1356 3081 1475 3119 non
1508 3081 1686 3119 nemo
1718 3063 1883 3118 titulo
1905 3064 2308 3127 Bibliotheca,

655 3153 715 3207 in
762 3154 1020 3224 speciem
1089 3153 1520 3221 arrogantiore.
1569 3157 1766 3225 Neque
1822 3154 1981 3207 enim
2031 3152 2310 3207 volumen

652 3257 840 3295 unum
900 3241 1336 3302 bibliothecam,
1404 3249 1465 3297 ut
1533 3258 1642 3297 nec
1693 3241 2034 3296 mortalium
2102 3257 2360 3303 unum,~

650 3329 958 3398 collegium
983 3329 1214 3385 efﬁcere
1233 3333 1305 3385 de
1326 3331 1502 3401 plano
1525 3331 1885 3401 pronuntiat.
1909 3329 2311 3401 Reprehendat

649 3418 802 3474 alius
857 3418 1223 3490 Μυριοϐιϐλον,
1290 3420 1552 3486 inscribi,
1614 3437 1678 3474 ac
1736 3419 1918 3475 veluti
1985 3420 2042 3474 in
2108 3418 2308 3474 limine

649 3509 810 3580 quod
841 3509 1002 3562 aiunt
1027 3509 1340 3580 impingat.
1383 3514 1452 3563 At
1493 3509 1846 3574 meminerit,
1905 3513 1967 3563 ut
2006 3515 2308 3570 sexcentos

650 3599 936 3662 Romane,
957 3597 1044 3651 sic
1061 3603 1117 3652 et
1144 3599 1334 3652 Graece
1361 3597 1514 3651 mille
1538 3615 1646 3669 pro
1666 3597 1911 3652 inﬁnitis
1941 3597 2088 3651 dicis
2120 3597 2309 3665 gratia

653 3685 944 3740 adhiberi.
989 3687 1172 3741 Priori
1196 3703 1334 3741 vero
1367 3688 1722 3758 respondeo,
1757 3686 1802 3740 si
1824 3695 2084 3741 veterum
2116 3701 2310 3741 exem-

645 3766 752 3846 pla
780 3775 1041 3846 requirat
1062 3776 1409 3846 (recentium
1430 3777 1592 3830 enim
1631 3775 2126 3831 bibliothecarum
2149 3773 2306 3846 pleni

649 3867 1027 3918 sunt'omnes
1053 3865 1326 3919 omnium
1353 3864 1556 3935 plutei,
1580 3865 1755 3934 plena
1778 3863 2049 3934 pulpita),
2072 3864 2309 3932 Apollo-

653 3952 780 4008 dori
831 3953 1206 4008 Atheniensis
1247 3971 1306 4008 se
1356 3955 1588 4008 Photius
1635 3971 1704 4007 ac
1735 3953 1971 4008 Diodori
2007 3953 2182 4008 Siculi
2215 3970 2312 4007 au-

651 4043 938 4106 ctoritate,
970 4043 1074 4114 qui
1113 4049 1169 4097 et
1196 4043 1280 4097 sic
1329 4042 1684 4108 inscribunt,
1728 4048 1976 4097 tueatur.
2022 4041 2311 4096 Caeterum

647 4131 866 4201 justius
893 4132 1122 4186 titulum
1151 4133 1311 4186 hunc
1346 4132 1572 4186 foribus
1603 4132 1929 4203 appendit:
1957 4131 2144 4203 quod,
2172 4147 2310 4186 cum

651 4221 960 4276 fabulosae
977 4221 1228 4276 deorum
1260 4221 1692 4292 hominumque
1712 4220 2087 4276 narrationes
2114 4220 2311 4275 vendi-

652 4309 906 4373 tent,hic
933 4309 1324 4378 sacrosjuxta
1355 4324 1424 4362 ac
1466 4309 1754 4378 profanos
1787 4309 2104 4378 scriptores
2126 4309 2310 4364 homo

653 4397 1040 4462 Christianus,
1059 4396 1329 4468 jucunda
1351 4397 1617 4467 quadam
1644 4396 2048 4452 vicissitudine
2066 4398 2311 4453 taedium

653 4486 1095 4550 omnelevante,
1116 4485 1331 4556 partim
1348 4491 1651 4540 recenseat
1668 4485 2310 4556 sigillatim,judicium-

654 4591 770 4647 que
804 4574 972 4640 ferat,
997 4575 1210 4646 partim
1237 4577 1519 4646 Excerpta
1544 4579 1822 4630 accurate
1841 4575 2116 4630 exhibeat
2139 4575 2312 4631 libro-

652 4679 809 4729 rum,
859 4664 962 4736 qui
1013 4665 1382 4734 temporibus
1444 4664 1866 4720 interciderunt
1919 4662 2310 4724 εΒιϐλιοθήκην

651 4755 783 4825 jure
796 4753 1185 4822 indigitando.
1203 4753 1357 4825 quod
1370 4754 1591 4824 Egypti
1607 4769 1772 4824 reges
1785 4753 2061 4808 librorum
2076 4755 2311 4824 optimo-

656 4860 790 4899 rum
843 4844 1152 4898 cumulum
1182 4850 1372 4915 Ψυχῆς
1429 4843 1670 4917 ἰατρεῖον,
1725 4843 1927 4899 Animi
1965 4843 2306 4912 medicinas,

659 4938 803 4991 teste
831 4931 1110 4998 Diodoro,
1139 4933 1520 5000 nominarint,
1554 4939 1608 4987 et
1646 4932 1883 4988 Asinius
1929 4932 2110 4987 Pollio
2147 4933 2311 5005 apud

657 5021 908 5077 Plinium
959 5021 1160 5076 Romae
1201 5021 1620 5076 bibliothecam
1667 5021 2027 5087 dedicando,
2069 5019 2310 5090 ingenia

657 5111 974 5167 hominum
991 5126 1114 5165 rem
1135 5109 1436 5181 publicam
1456 5111 1672 5166 fecerit.
1691 5113 1808 5165 Hoc
1822 5117 2008 5165 autem
2023 5110 2078 5164 in
2096 5127 2309 5180 genere

657 5200 963 5256 titulorum
993 5199 1275 5254 sudatum
1330 5200 1673 5270 antiquitus,
1711 5205 1789 5263 ut,
1822 5200 1982 5272 quod
2016 5199 2073 5254 id
2104 5201 2300 5257 merci-

658 5289 772 5344 bus
791 5292 1048 5361 vinoqu’e
1068 5287 1236 5350 solet,
1257 5287 1435 5343 edera
1452 5304 1720 5360 appensa
1739 5288 1910 5343 labor
1927 5304 2058 5343 com
2069 5290 2309 5344 menda-

659 5383 838 5434 retur.
885 5378 1110 5433 Tironis
1153 5377 1318 5433 Tullii
1351 5376 1579 5447 vigiliae,
1614 5393 1870 5449 quaeque
1901 5382 2134 5432 exstant
2169 5394 2310 5449 pru-

659 5467 901 5523 dentum
931 5468 986 5522 in
1013 5468 1143 5539 jure
1171 5482 1475 5539 responsa,
1505 5467 1835 5539 pandecta',
1859 5467 2144 5538 inscripti.
2178 5469 2311 5523 Om-

659 5558 948 5640 pigenam
972 5557 1304 5623 historiam,
1339 5556 1640 5629 copiaque
1685 5572 1867 5613 cornu
1919 5556 2306 5626 Phavorinus,

2409 389 2731 462 Hesychius
2763 395 3006 452 illustris
3035 400 3216 468 atque
3247 393 3510 450 IElianus
3541 409 3654 450 sua
3701 411 3877 451 nunc

2408 479 2643 535 Cestum
2691 500 2797 538 seu
2827 502 2864 540 a
2891 486 3018 540 deae
3049 486 3270 550 balteo,
3312 485 3434 539 sive
3472 499 3508 538 a
3550 484 3838 554 pugilum

2407 568 2592 623 Julius
2641 570 2948 627 Africanus
2978 580 3034 629 et
3064 575 3286 637 Celsus,
3337 573 3396 626 in
3427 588 3607 644 quem
3644 573 3789 644 styli
3823 591 3878 629 at

2411 658 2692 725 Origenes
2745 662 2986 727 strinxit,
3041 663 3260 732 scripta
3285 663 3674 716 nominarunt
3718 663 3878 734 qui:

2413 760 2594 814 genes
2621 750 2922 806 Stromata
2963 753 3298 822 scripserat,
3339 757 3399 804 ut
3427 750 3771 807 Stromatea
3805 752 3878 807 Cl:

2412 835 2842 893 Alexandrinus
2896 841 2974 896 ab
3013 846 3364 910 argumento
3407 843 3564 894 varie
3616 841 3804 911 picto,
3855 860 3878 893 s

2412 923 2605 995 lisque
2636 926 2876 982 belluati
2916 931 3131 999 aperis,
3157 929 3378 999 quibus
3405 929 3837 983 Themistocles

2414 1029 2503 1066 nis
2524 1031 2862 1072 sermonem
2877 1034 3228 1088 comparare
3249 1017 3817 1088 solitus.B.Cyrillus
3841 1024 3878 1072 A

2411 1103 2643 1171 drinus,
2668 1107 2863 1177 etipse
2885 1109 3186 1178 Glaphyra
3217 1123 3394 1161 suum
3420 1107 3478 1160 in
3503 1107 3877 1161 Pentateuch

2414 1191 2665 1248 alterum
2722 1201 2840 1267 περὶ
2870 1197 3152 1267 ὀμοουσίου
3215 1195 3730 1250 Commentarium
3787 1194 3872 1250 lib

2413 1283 2866 1352 quatuordecim
2890 1287 3257 1342 Thesaurum
3276 1283 3864 1356 nominavit(quales

2414 1369 2554 1425 bros
2579 1386 2788 1427 omnes
2838 1375 3125 1430 Domitius
3156 1375 3283 1428 Piso
3332 1378 3467 1427 ante
3499 1374 3859 1443 exoptarat).

2414 1474 2630 1515 novem
2655 1464 2952 1518 Musarum
2969 1462 3312 1519 nominibus
3328 1461 3663 1517 Herodotus
3682 1466 3742 1516 et
3759 1463 3878 1532 Cep

2415 1549 2580 1619 apud
2617 1549 2777 1606 hunc
2819 1553 3018 1623 ipsum
3053 1551 3322 1607 Photium
3383 1550 3604 1622 scripta
3660 1550 3878 1606 distinx

2415 1640 2620 1704 Taceo,
2654 1642 2916 1710 prudens
2967 1659 2980 1707 ;
3011 1647 3151 1696 sunt
3179 1641 3337 1695 enim
3382 1656 3570 1711 prope
3601 1639 3877 1695 innumei

2416 1725 2697 1798 reliquos,
2731 1730 2832 1801 qui
2871 1730 3052 1784 titulis
3073 1731 3238 1802 operi
3262 1728 3482 1785 additis
3517 1729 3668 1784 mira
3688 1730 3878 1784 variet

2420 1823 2642 1881 serunt,
2662 1823 3014 1890 tantumque
3037 1818 3146 1874 sibi
3167 1817 3601 1886 indulgendum
3622 1818 3754 1879 rati.
3786 1835 3878 1886 qua

2421 1919 2533 1958 sua
2571 1907 2824 1978 quisque
2858 1909 3160 1963 miraretur
3187 1923 3254 1960 ac
3285 1907 3644 1978 pradicaret.
3674 1908 3878 1978 Neque

2422 1994 2603 2049 modo
2635 1996 3014 2052 Bibliotheca:
3045 1996 3246 2051 titulus
3280 1995 3476 2060 datus,
3507 1996 3613 2050 sed
3643 1996 3760 2050 hoc
3791 2011 3878 2050 an:

2418 2088 2474 2138 et
2505 2083 2870 2151 hominibus,
2922 2094 2984 2140 ut
3015 2085 3357 2156 Dionysium
3393 2084 3726 2151 Longinum
3777 2084 3878 2138 rhe

2422 2173 2726 2244 Eunapius
2749 2174 3328 2246 Sardianusé’y-{auxov
3357 2172 3723 2245 βιϐλιοθήκην,
3748 2175 3878 2241 spir

2421 2261 2836 2319 Bibliothecam
2856 2265 3166 2334 vivumque
3176 2263 3318 2319 adeo
3329 2262 3396 2317 M
3397 2277 3617 2319 asceam
3636 2262 3877 2334 appella

2418 2351 2671 2406 dubitat.

2489 2439 2707 2495 Verum
2753 2440 2828 2496 de
2859 2446 3126 2497 veterum
3161 2441 3502 2497 Graecorum
3546 2443 3878 2496 Romanoru

2415 2527 2789 2585 bibliothecis
2821 2547 2942 2586 non
2983 2531 3256 2586 describo
3289 2529 3507 2585 scrinia
3537 2528 3877 2601 compilans

2417 2635 2530 2690 que
2559 2618 2834 2686 abutens,
2869 2637 3002 2692 quae
3028 2637 3216 2690 nuper
3255 2620 3433 2690 Belgii
3464 2619 3690 2675 ocellus
3718 2620 3871 2690 Lipsi

2419 2711 2536 2762 ster
2583 2709 2800 2764 diserte
2843 2709 2922 2764 ad
2976 2709 3238 2764 nobiliss.
3287 2710 3476 2764 virum
3524 2707 3803 2762 Carolum
3839 2709 3876 2761 C

2418 2795 2700 2852 disseruit
2742 2816 2760 2864 ;
2803 2799 3084 2854 Analecta
3130 2799 3417 2854 duntaxat
3463 2797 3756 2853 corollarii
3799 2797 3878 2852 vic

2421 2903 2578 2942 mus.

2489 2975 2674 3031 Missis
2699 2976 2900 3048 itaque
2932 2977 3116 3032 Paulo
3151 2975 3408 3045 XEmilio,
3443 2977 3502 3031 L.
3532 2974 3705 3030 Corn.
3733 2975 3878 3030 Sulla

2420 3064 2659 3120 Lucullo
2689 3065 2977 3120 librorum
3011 3066 3442 3121 servandorum
3474 3068 3561 3132 (ut
3601 3081 3878 3135 generosa

2416 3153 2574 3209 xime
2614 3153 2882 3209 homines
2914 3155 3130 3219 decuit,
3173 3170 3522 3226 semperque
3563 3153 3818 3225 decebit)
3851 3172 3878 3207 s

2417 3243 2513 3307 sis,
2547 3245 2605 3298 T.
2639 3243 2997 3315 Pomponius
3016 3244 3237 3299 Atticus
3269 3245 3510 3313 elegans
3536 3249 3592 3298 et
3622 3243 3750 3314 ipse
3771 3244 3878 3297 Ro:

2414 3332 2562 3386 inter
2586 3337 2642 3387 et
2673 3333 3019 3402 splendidus
3049 3332 3464 3388 bibliothecam
3510 3334 3801 3388 instruens
3835 3335 3871 3386 H

2417 3420 2628 3486 tlienis,
2661 3420 2914 3494 aliisque
2945 3422 3152 3476 statuis
3193 3430 3372 3494 atque
3404 3420 3773 3490 imaginibus
3812 3437 3877 3475 or

2415 3509 2566 3573 Quin
2615 3517 2670 3564 et
2710 3509 2783 3564 de
2837 3509 3202 3580 imaginibus
3251 3510 3302 3564 in
3357 3509 3730 3564 bibliothecis
3787 3510 3872 3564 col

2416 3599 2620 3664 solitis,
2651 3601 2854 3670 paucis
2884 3604 2970 3654 est
2995 3600 3264 3654 versibus
3293 3606 3749 3654 commentatus.
3773 3599 3858 3652 Ad

2413 3693 2470 3742 et
2501 3687 2704 3743 animo
2738 3687 2930 3744 fratris
2960 3688 3093 3744 loco
3136 3687 3668 3758 conjunctissimus
3705 3691 3772 3744 M.
3807 3690 3878 3743 Tu

2410 3837 2432 3848 -
2453 3797 2483 3828 ‹‹
2516 3777 2736 3840 Libros,
2762 3778 2972 3848 inquit,
3005 3783 3140 3834 tuos
3179 3793 3487 3846 conserva,
3516 3783 3574 3832 et
3601 3777 3720 3832 noli
3750 3777 3878 3847 des;

2414 3881 2516 3921 eos
2541 3882 2705 3920 meos
2751 3866 2942 3922 facere
2974 3883 3149 3939 posse
3179 3884 3192 3922 :
3227 3866 3393 3938 quod
3434 3865 3486 3920 si
3518 3881 3818 3936 assequor,
3850 3884 3874 3917 s

2416 3956 2695 4010 Crassum
2722 3954 2962 4022 divitiis,
2991 3962 3170 4027 atque
3187 3955 3456 4010 omnium
3485 3955 3646 4009 vicos
3663 3958 3878 4025 etpratz

2419 4050 2637 4098 temno.
2674 4063 2701 4094 ››
2731 4044 2880 4108 Quid
2917 4042 2944 4098 7
2980 4051 3258 4116 praetereo
3299 4044 3483 4098 Asinii
3528 4041 3802 4098 Pollionis
3848 4043 3878 4097 il

2417 4131 2816 4187 Dalmatarum
2837 4134 3132 4189 manubiis
3156 4133 3517 4205 publicatam
3545 4134 3742 4187 Romae
3761 4131 3878 4186 bibl

2416 4238 2570 4288 cam,
2601 4223 2897 4278 Caesarum
2929 4239 3174 4295 quoque
3205 4239 3240 4278 a
3275 4223 3329 4278 Ο.
3364 4222 3520 4276 Julio
3552 4222 3878 4276 inchoatam

2417 4312 2748 4382 fectamque
2762 4311 2838 4367 ab
2856 4311 3451 4381 Augusto.Octaviam
3469 4327 3539 4365 ac
3555 4309 3878 4368 Palatinam

2415 4400 2650 4470 Trajani
2705 4408 2987 4471 praeterea
3044 4401 3296 4472 Ulpiam.
3365 4398 3661 4454 Adrianus
3704 4399 3857 4454 enim

2421 4489 2782 4559 Pompeiano
2799 4494 2855 4544 et
2877 4488 3208 4544 Commodo
3231 4504 3384 4545 coss.
3416 4504 3553 4542 cum
3579 4487 3834 4556 insignes
3860 4502 3878 4540 ε

2417 4574 2600 4631 rimas
2652 4577 2812 4632 aedes
2854 4577 3097 4632 Athenis
3161 4577 3363 4631 Atticis
3406 4575 3657 4641 fecisset,
3703 4581 3756 4631 et
3807 4592 3878 4646 ag

2419 4666 2776 4730 instituisset,
2807 4667 2853 4720 si
2885 4666 3050 4720 fastis
3081 4665 3414 4720 Cassiodori
3448 4665 3615 4729 ﬁdes,
3649 4663 3878 4720 biblioth

2420 4756 2548 4809 miri
2591 4756 2786 4826 operis
2834 4755 3140 4810 exstruxit.
3191 4754 3405 4808 Juliani
3436 4753 3663 4820 adhaec,
3712 4761 3799 4805 τοῦ
3830 4773 3878 4804 πε

2417 4864 2527 4908 του,
2563 4849 2776 4898 cratera
2829 4843 3058 4907 eruditi,
3113 4843 3173 4897 in
3215 4843 3380 4897 libris
3427 4841 3767 4911 colligendis
3800 4845 3878 4896 stu

2417 4934 2648 4987 exstitit.
2695 4933 2877 4988 Testis
2909 4932 3033 5002 ipse
3081 4931 3346 5001 locuples
3404 4931 3583 5001 Epist.
3640 4930 3713 4985 ad
3768 4931 3872 4985 Ecd

2417 5023 2650 5093 [Egypti
2695 5021 3038 5092 praefectum
3112 5041 3125 5074 :
3161 5020 3336 5074 Ἀλλοι
3363 5024 3451 5092 μέν
3479 5020 3664 5084 ἳππων,
3703 5019 3840 5071 ἄλλοι

2415 5116 2555 5174 νέων,
2617 5111 2761 5162 ἄλλοι
2809 5112 2999 5184 θηρίων
3032 5110 3214 5185 ἐρῶσιν
3245 5127 3260 5141 ⁸
3291 5109 3404 5182 ipsi
3454 5106 3512 5162 δὲ
3561 5107 3766 5183 βιϐλίων
3829 5129 3878 5160 xz

2416 5198 2470 5250 ἐκ
2509 5197 2794 5272 παιδαρίου
2837 5196 3002 5261 δεινὸς
3029 5198 3259 5256 ἐντέτηκε
3289 5200 3462 5258 πόθος.
3495 5198 3734 5266 Quidam
3764 5215 3878 5270 equ.

2416 5288 2623 5343 ambus
2662 5289 2938 5343 nonnulli
2959 5288 3107 5358 feris
3133 5289 3483 5356 voluptatem
3515 5290 3780 5357 capiunt;
3811 5303 3873 5355 eg

2428 5376 2560 5432 inde
2606 5393 2642 5432 a
2655 5393 2832 5446 puero
2891 5377 3176 5432 librorum
3218 5376 3541 5446 cupiditate
3576 5378 3830 5448 ﬂagravi.
3873 5379 3878 5430 Ι

2416 5466 2663 5534 Augusti
2696 5465 3117 5521 Bibliothecam
3154 5464 3412 5520 vicissim
3458 5465 3751 5531 Jovianus,
3790 5465 3878 5520 hOl

2417 5540 2693 5628 conjuge,
2725 5559 2782 5611 et
2797 5555 2892 5628 adj
2907 5553 3444 5628 utanteTheophilo
3463 5553 3747 5622 eunucho,
3780 5553 3878 5622 riui
