4046 6228
171 253 245 310 ss
1379 328 1387 336 _
1592 251 2154 312 PBOLEGOMENA.
2284 288 2287 290 -
3519 249 3592 304 30

188 378 313 434 bus
356 379 555 435 interim
607 377 1025 446 Antiochenis,
1084 384 1146 434 ut
1189 383 1398 436 auctor
1448 384 1538 434 est
1581 379 1820 443 Suidas,

203 470 467 524 cremavit.
496 467 752 523 Externa
785 467 937 540 quid
971 471 1459 523 commemorem.
1489 468 1818 540 Egyptios,

209 557 508 612 etAttalicos
537 572 714 625 reges
731 557 1084 628 colligendis
1110 557 1274 612 libris
1304 557 1656 626 magniﬁcos
1673 559 1700 613 ‘i'
1719 573 1820 612 no-

209 653 308 702 tum
351 645 740 701 Ptolemaeum
797 646 1250 719 Philadelphum
1308 646 1818 718 septingentorum

193 734 398 789 millium
439 733 738 790 librorum
773 736 1084 791 cumulum
1111 735 1453 801 contulisse,
1488 737 1584 807 qui
1613 751 1819 791 cumu-

173 824 252 878 lus
280 823 695 890 Alexandrino,
715 825 870 895 proh
905 825 1100 881 dolor!
1132 824 1384 880 tumultu
1403 825 1817 894 conﬂagravit.

171 912 365 988 Ecquis
414 913 571 968 adeo
615 913 680 968 in
727 913 937 969 litteris
972 915 1214 985 hospes,
1248 914 1353 986 qui
1388 917 1510 970 LXX
1537 915 1821 985 interpre—

170 1006 275 1055 tum
305 1017 500 1056 sacras
536 1005 792 1058 Litteras
825 1020 896 1058 ex
923 1004 1164 1058 Hebrzeo
1193 1003 1469 1074 ejusdem
1494 1003 1665 1074 jussu
1699 1020 1820 1058 ver-

163 1091 389 1145 tentium
443 1090 776 1147 historiam
828 1092 1110 1162 ignoret?
1150 1092 1379 1148 Tacitus
1440 1098 1641 1148 tamen
1693 1095 1817 1150 sine

162 1178 366 1250 ﬂagitio
397 1182 713 1251 praeterire
748 1197 862 1236 non
895 1198 1162 1253 possum,
1193 1187 1490 1254 quantum
1535 1183 1712 1237 studii
1757 1183 1816 1237 in

156 1270 572 1340 conquirendis
601 1270 776 1326 libris
793 1271 962 1340 regio
983 1277 1162 1343 atque
1174 1271 1410 1326 heroico
1437 1271 1635 1326 animo
1658 1271 1816 1326 idem

161 1357 504 1412 Ptolemaeus
547 1360 849 1431 posuerit,
882 1364 947 1414 ut
985 1366 1074 1414 est
1115 1375 1149 1414 a
1179 1359 1401 1415 Galeno
1445 1360 1818 1415 medicorum

159 1448 419 1518 principe
451 1447 556 1501 lib.
589 1464 606 1502 ι
649 1450 740 1504 De
768 1455 993 1504 natura
1021 1448 1294 1512 hominis,
1325 1465 1682 1520 rursumque
1711 1449 1816 1504 lib.

147 1551 202 1590 tn
236 1536 516 1603 Epidem.
547 1537 930 1609 Hippocratis
963 1537 1266 1592 memoriae
1294 1537 1614 1608 proditum,
1649 1537 1822 1593 Athe-

144 1623 449 1680 niensibus
495 1626 813 1688 nimirum,
863 1627 1141 1682 frumenti
1178 1626 1386 1698 inopia
1443 1642 1822 1698 annonaeque

144 1712 419 1770 charitate
448 1713 907 1778 laborantibus.
942 1731 1062 1770 non
1100 1715 1266 1787 prius
1295 1715 1653 1771 frumentum
1683 1732 1823 1770 con-

140 1804 378 1858 cessisse
429 1804 631 1874 (quod
681 1808 843 1859 esset
878 1806 1166 1877 lEgyptus
1199 1805 1460 1870 Graeciae,
1515 1809 1577 1859 ut
1623 1804 1822 1860 Sicilia

137 1893 301 1948 Italia:
353 1892 676 1948 fertilitate
722 1909 830 1948 sua
861 1893 1166 1965 horreum)
1214 1909 1400 1966 quam
1455 1894 1819 1960 tragicorum

136 1981 477 2054 principum
546 1981 839 2053 :Eschyli,
895 1981 1205 2055 Sophoclis
1278 1969 1456 2053 atque
1529 1982 1820 2054 Euripidis

136 2071 681 2126 describendorum
713 2071 954 2142 copiam
993 2071 1286 2126 fecissent.
1313 2072 1372 2126 In
1412 2087 1534 2144 qua
1564 2071 1810 2142 quidem

136 2176 188 2215 re
216 2176 283 2214 ea
327 2162 457 2216 ﬁde
491 2166 832 2224 versatum,
866 2166 929 2214 ut
955 2167 1162 2232 praeter
1188 2161 1564 2230 vectigalium
1592 2160 1812 2216 immu-

136 2250 398 2315 nitatem,
437 2266 527 2304 xv
562 2248 792 2304 talenta
822 2248 1038 2304 iisdem
1078 2249 1310 2322 pignori
1341 2249 1590 2314 dederit,
1622 2265 1807 2320 quam

136 2337 356 2408 quidem
397 2337 739 2410 pecuniam
773 2345 905 2408 post
932 2338 1122 2393 libens
1154 2338 1476 2410 volensque
1511 2338 1672 2392 dono
1704 2339 1808 2393 mi-

139 2429 218 2491 sit,
259 2435 326 2483 et
357 2429 657 2499 exempla
689 2427 989 2500 descripta
1019 2427 1262 2482 remisit.
1312 2431 1459 2483 Nam
1492 2428 1562 2481 de
1592 2428 1809 2482 Aristo-

142 2518 250 2571 telis
273 2516 705 2588 Peripateticae
735 2516 956 2571 scholas
990 2517 1268 2588 principis
1307 2533 1377 2571 ac
1419 2516 1810 2586 Theophrasti

133 2603 499 2660 bibliotheca
531 2621 569 2659 a
602 2604 783 2659 Neleo
813 2604 1028 2659 Corisci
1059 2607 1116 2660 F.
1146 2610 1444 2676 coempta,
1471 2611 1528 2660 et
1563 2605 1808 2660 haeredi-

128 2692 243 2756 bas,
275 2710 352 2748 ne
393 2694 483 2748 ab
507 2693 780 2748 Attalicis
799 2693 1038 2762 regibus
1056 2694 1405 2760 auferretur,
1425 2693 1590 2747 humi
1615 2692 1808 2747 defos-

130 2797 204 2845 sa,
241 2783 392 2854 quia
439 2798 649 2854 nuper
678 2782 740 2837 in
788 2781 1086 2837 Parallelis
1115 2781 1529 2847 disseruimus,
1557 2781 1807 2837 verbum

130 2887 235 2926 non
272 2871 544 2927 addam.
605 2870 868 2926 Clearchi
917 2887 1159 2943 quoque
1212 2870 1502 2926 Heracleae
1555 2871 1805 2925 Ponticae

134 2960 291 3030 primi
316 2959 594 3031 tytanni,
625 2960 756 3031 ejus
779 2959 882 3032 qui
909 2959 1164 3016 Platonis
1193 2964 1250 3013 et
1279 2960 1547 3015 [socratis
1569 2959 1806 3014 auditor

130 3053 352 3114 exstitit,
393 3048 782 3105 bibliotheca
813 3066 846 3104 a
879 3051 1185 3105 Memnone
1217 3050 1377 3120 apud
1407 3050 1568 3104 hunc
1605 3049 1802 3119 ipsum

134 3139 396 3195 Photium
457 3139 618 3194 mire
693 3138 1071 3210 praedicatur,
1120 3138 1291 3208 cujus
1337 3137 1531 3193 laudis
1583 3137 1805 3194 adorea

133 3234 363 3284 ceteros
417 3242 648 3282 omnes
681 3233 969 3299 tyrannos
1013 3228 1195 3297 longo
1241 3232 1377 3298 post
1413 3243 1474 3281 se
1504 3224 1803 3298 reliquerit

135 3317 468 3372 intervallo.
511 3315 633 3372 Seb
672 3316 830 3371 unde
849 3315 1103 3386 digressi
1136 3316 1471 3387 paululum,
1500 3332 1570 3370 eo
1601 3317 1805 3371 redea-

132 3422 274 3462 mns.
307 3405 809 3462 Tumultuarium
832 3405 1265 3475 quidemopus,
1296 3421 1368 3459 ne
1389 3405 1533 3476 quid
1567 3404 1801 3460 tacitur-

130 3496 300 3551 nitate
317 3493 720 3567 prevaricari
751 3493 978 3562 videar,
1005 3494 1356 3549 Photianam
1386 3494 1541 3549 hanc
1575 3493 1800 3550 Biblio-

131 3584 351 3639 thecam
394 3583 705 3639 exstitisse
735 3583 864 3637 haec
895 3582 1161 3638 indicant
1190 3601 1205 3653 ;
1257 3585 1468 3639 eadem
1524 3599 1678 3654 saepe
1711 3599 1797 3637 re-

131 3675 327 3742 petita,
357 3673 572 3728 hiatus
613 3671 935 3733 interdum,
968 3677 1146 3743 atque
1189 3671 1386 3727 hiulca
1418 3671 1565 3736 loca,
1601 3670 1795 3743 negle-

130 3771 244 3816 ctus
278 3763 501 3833 stylus,
537 3761 758 3832 rejecta
791 3760 1049 3832 denique
1081 3759 1141 3814 in
1174 3760 1416 3815 alteram
1442 3762 1638 3832 operis
1668 3776 1799 3830 par-

129 3857 238 3906 tem
295 3851 624 3913 librorum,
681 3866 835 3922 quos
899 3850 1026 3920 jam
1086 3854 1480 3913 recensuerat,
1521 3855 1802 3920 excerpta

127 3940 420 4010 longiora.
456 3939 544 3993 Ad
579 3955 751 3994 oram
779 3953 1023 4012 quoque
1055 3938 1344 3993 nonnulla
1373 3937 1687 4002 collocata;
1722 3944 1798 4002 et,

127 4028 292 4100 quod
347 4028 604 4092 mireris,
649 4027 889 4082 eosdem
934 4026 1166 4082 libellos
1214 4031 1349 4079 κατὰ
1409 4023 1593 4092 πόδας,
1649 4042 1798 4097 pene

128 4117 438 4189 repetitos,
481 4122 544 4170 ut
587 4117 854 4189 Dionysii
887 4118 1046 4186 zEgei
1075 4115 1374 4186 Dictyaca,
1408 4117 1693 4171 Hieroclis
1742 4120 1801 4171 et

129 4206 372 4262 Himerii
399 4205 780 4278 aliorumque
799 4223 918 4261 non
948 4222 1162 4278 pauca,
1192 4222 1438 4278 prorsus
1464 4211 1524 4261 ut
1550 4205 1795 4260 credam

133 4295 408 4350 Pbotium
461 4295 758 4351 memoria
794 4311 904 4350 sua
945 4295 1221 4365 juvanda
1253 4295 1450 4368 potius
1497 4311 1684 4367 quam
1733 4298 1798 4350 ut

1932 381 2158 436 caeteris
2191 378 2532 451 promiscue
2562 377 2893 450 prodesset,
2923 375 3038 432 hoc
3077 389 3230 446 opus
3281 374 3589 431 consarci-

1934 485 2135 535 nasse,
2162 474 2264 525 aut
2291 474 2442 524 certe
2467 475 2832 538 postremam
2851 481 3096 521 manum
3125 479 3245 519 non
3272 463 3582 534 adjecisse,

1927 557 2076 614 lima
2122 556 2383 612 nitidiori
2420 573 2598 627 opere
2630 556 2848 612 futuro.
2897 555 3109 609 Aulicis
3162 553 3446 609 nimirum
3479 567 3576 608 ne-

1931 646 2122 715 gotiis,
2153 651 2333 716 atque
2355 645 2679 700 ambitione
2709 643 3089 700 transversim
3122 647 3385 712 raptum,
3424 657 3584 698 meu-

1929 741 2047 792 tem
2078 736 2215 799 alio,
2248 735 2366 790 alio
2406 751 2582 790 aures
2613 736 2909 791 divisisse.

2004 828 2292 880 Hactenus
2324 825 2398 879 de
2423 825 2604 880 Photii
2631 826 2770 891 vita,
2807 832 2861 879 et
2898 827 3265 884 Bibliotheca
3295 828 3584 884 lectorum

1928 913 2218 969 librorum
2247 931 2263 968 :
2297 920 2479 968 restat
2511 921 2571 968 ut
2615 921 2826 969 czetera
2855 915 2985 987 ejus
3025 919 3240 988 scripta
3272 917 3328 972 in
3373 918 3584 986 vulgus

1929 1003 2104 1063 edita.
2155 1020 2276 1074 quo
2310 1003 2397 1057 vel
2432 1004 2487 1057 in
2518 1003 2688 1058 hoste
2723 1004 2993 1060 virtutem
3047 1008 3348 1071 miremur,
3379 1022 3584 1062 recen-

1927 1109 2111 1146 seam.
2149 1093 2392 1164 Scripsit
2439 1092 2496 1146 in
2545 1096 2601 1146 Β.
2658 1093 2816 1146 Pauli
2871 1094 3156 1162 Epistolas
3207 1100 3583 1152 Commenta-

1926 1180 2128 1235 rium:
2181 1181 2335 1235 unde
2369 1181 2650 1251 pleraque
2699 1182 2916 1237 hausta
2959 1182 3018 1237 in
3071 1186 3353 1238 Catenam
3409 1200 3583 1240 suam

1929 1270 2323 1325 (Ecumenius
2383 1270 2699 1336 transtulit,
2777 1275 2838 1326 ut
2891 1287 3011 1325 non
3071 1271 3580 1327 contemnendum

1925 1359 2270 1428 theologum
2293 1374 2588 1425 agnoscas
2623 1377 2636 1413 :
2669 1360 2832 1432 quod
2858 1361 3162 1430 e0gratior
3187 1361 3376 1416 doctis
3395 1361 3581 1417 homi-

1925 1448 2102 1502 nibus
2134 1448 2258 1520 (qui
2290 1464 2360 1503 eo
2383 1465 2444 1503 se
2475 1449 2713 1518 adjutos
2756 1451 2814 1504 in
2847 1450 3028 1504 Paulo
3067 1449 3449 1520 explanando
3494 1449 3583 1506 fa—

1927 1540 2155 1591 teantur
2182 1537 2757 1606 ingenue)laborhic
2785 1538 3048 1602 exsistat,
3068 1555 3190 1610 quo
3217 1538 3579 1594 difﬁciliores

1923 1624 1983 1679 in
2015 1625 2083 1679 iis
2114 1625 2374 1696 epistolis
2415 1625 2610 1680 nodos
2641 1643 2950 1681 occurrere
2999 1629 3056 1681 Β.
3091 1627 3295 1682 Petrus
3344 1630 3582 1698 a'posto-

1923 1713 2078 1768 latus
2104 1714 2328 1784 collega
2362 1715 2789 1784 pronuntiavit,
2826 1719 3063 1771 Exstant
3089 1722 3145 1771 et
3181 1716 3364 1772 Photii
3398 1732 3582 1787 opera

1925 1802 2183 1858 Cano-nes
2197 1805 2623 1870 apostolorum,
2641 1805 3136 1877 consiliorumque
3149 1812 3410 1861 veterum
3427 1807 3579 1874 leges

1922 1889 2317 1947 sacrosancta
2349 1894 2405 1947 in
2432 1893 2706 1948 volumen
2733 1911 2916 1948 unum
2952 1911 3286 1966 corpusque
3309 1895 3576 1958 collecta,

1920 1979 2650 2051 distinctaquecapitibus,
2681 1983 2841 2053 quod
2863 1989 2920 2036 et
2947 1983 3361 2038 Nomocanona
3389 1981 3579 2036 nomi-

1921 2071 2100 2137 navit,
2128 2086 2282 2140 opus
2312 2070 2572 2140 spissum
2591 2072 2914 2134 etvarium.
2942 2072 3262 2144 multaeque
3285 2071 3574 2135 lectionis,

1919 2157 2243 2230 visiturque
2327 2161 2518 2214 Graece
2599 2161 2660 2215 in
2748 2161 3078 2216 Germanias
3158 2160 3575 2227 bibliothecis;

1919 2247 2082 2318 quod
2109 2248 2446 2303 Theodorus
2501 2249 2816 2304 Balsamon
2862 2249 3286 2306 illustrandum
3318 2251 3567 2314 censuit,

1918 2342 2334 2408 verteruntque
2390 2337 2590 2394 Latine
2645 2340 2965 2393 Gentianus
3025 2341 3332 2404 Hervetus,
3388 2339 3572 2394 homo

1917 2425 2139 2494 Gallus,
2171 2428 2432 2499 itemque
2462 2427 2648 2494 Belga
2671 2429 2951 2483 Henricus
2985 2427 3282 2500 Agylteus.
3326 2428 3571 2496 Qualem

1913 2514 2065 2568 inter
2090 2515 2324 2571 Latinos
2345 2517 2716 2586 diligentiam
2737 2517 3110 2573 Burchardus
3127 2518 3566 2583 Vormatiensis,

1915 2602 2016 2658 Ivo
2052 2604 2449 2670 Carnotensis,
2479 2621 2550 2660 ac
2605 2606 2920 2661 Gratianus
2972 2607 3308 2662 monachus
3359 2605 3568 2661 imitati

1915 2699 2052 2745 sunt
2081 2692 2260 2763 longo
2293 2694 2620 2760 intervallo,
2653 2695 2815 2750 haud
2846 2697 3074 2750 minore
3118 2711 3314 2767 opera:
3357 2695 3566 2766 pretio.

1918 2780 2108 2836 Edidit
2137 2787 2191 2835 et
2212 2787 2440 2852 septem
2460 2784 2965 2839 cecumenicorum
2993 2786 3381 2839 conciliorum
3413 2791 3564 2847 acta,

1914 2869 2305 2942 visunturque
2351 2871 2642 2942 principio
2673 2873 3061 2927 conciliorum
3094 2875 3270 2928 tomis
3313 2872 3567 2942 digesto-

1912 2972 2066 3022 rum,
2101 2975 2231 3031 quae
2271 2959 2469 3015 Graece
2519 2960 2578 3015 in
2630 2960 2870 3030 Belgicis
2895 2960 3292 3042 .bibliothecis
3331 2961 3566 3016 calamo

1913 3052 2154 3103 exarata
2184 3054 2586 3105 asservantur.
2637 3051 2908 3122 Epistolas
2939 3054 3068 3122 ejus
3117 3051 3176 3106 in
3218 3056 3568 3120 Augustana

1911 3133 2273 3193 bibliotheca
2291 3139 2603 3194 habentur.
2635 3140 3014 3212 Encyclicam
3037 3140 3114 3195 ad
3136 3139 3564 3211 patriarchales

1912 3224 2161 3280 Orientis
2211 3228 2400 3292 sedes,
2435 3228 2557 3283 sive
2596 3229 2724 3298 ejus
2754 3234 2859 3294 est,
2907 3245 3011 3284 seu
3055 3230 3310 3292 Sisinnii,
3341 3236 3401 3284 ut
3443 3229 3568 3300 qui-

1910 3312 2052 3368 dam
2083 3319 2317 3384 putant,
2344 3317 2670 3389 apostolica
2703 3318 2892 3383 sedes,
2922 3323 2984 3372 ut
3035 3323 3090 3373 et
3142 3319 3563 3390 praedatoriam

1908 3403 2367 3476 ejussynodum,
2399 3407 2605 3462 merito
2623 3406 2895 3463 damnat.
2917 3410 3115 3462 Exstat
3141 3408 3283 3464 item
3317 3408 3565 3479 epistola

1908 3492 1985 3546 ad
2035 3494 2374 3550 Michaelem
2431 3495 2822 3564 Bulgarorum
2864 3498 3215 3569 principem,
3264 3515 3299 3553 a
3354 3499 3561 3553 Franc.

1906 3581 2186 3637 Turriano
2215 3584 2518 3639 Societatis
2567 3591 2784 3640 nostrae
2814 3593 3002 3651 eruta,
3058 3588 3383 3658 Latineque
3432 3586 3561 3642 red-

1905 3668 2045 3734 dita,
2083 3679 2147 3726 ut
2177 3678 2231 3728 et
2251 3688 2353 3729 sex
2379 3674 2817 3731 dissertationes
2838 3675 2911 3731 de
2939 3676 3255 3732 divinitate
3284 3681 3335 3732 el
3365 3677 3564 3732 incar-

1905 3761 2166 3826 natione,
2220 3762 2610 3835 legunturque
2658 3771 2819 3819 tomo
2868 3767 2908 3820 V
2965 3767 3301 3821 Lectionum
3361 3767 3562 3839 Antiq.

1911 3849 2143 3906 Henrici
2182 3852 2400 3907 Canisii
2425 3853 2815 3924 jureconsulti
2844 3854 3067 3910 clariss.
3115 3859 3234 3910 Huc
3270 3855 3564 3911 accedunt

1910 3944 1963 3993 et
2008 3939 2279 4010 ejusdem
2328 3941 2512 3997 Photii
2572 3944 2878 3999 Tractatus
2925 3945 2998 4000 de
3042 3945 3447 4000 voluntatibus
3495 3945 3557 4000 in

1911 4027 2169 4093 Christo,
2223 4045 2358 4100 quia
2407 4031 2684 4085 dicuntur
2731 4036 2970 4102 γνωμικά
3028 4033 3292 4104 θελήματα
3345 4034 3559 4088 eodem

1906 4117 2194 4171 Turriano
2220 4117 2554 4188 interprete.
2588 4120 2848 4191 Sedjam
2876 4121 3002 4176 vela
3025 4121 3471 4186 contrahamus,
3503 4127 3558 4178 et

1910 4206 2186 4260 Photium
2210 4206 2526 4278 scriptores
2556 4211 2716 4265 varie
2749 4218 3152 4267 recensentem
3185 4210 3508 4267 audiamus
3538 4226 3552 4277 ;

1903 4293 2123 4364 linguis
2151 4297 2486 4369 animisque
2516 4298 2726 4355 favete.

627 4649 920 4706 Facultas
976 4650 1045 4705 R.
1074 4651 1156 4708 P.
1187 4649 1587 4708 Provincialis
1612 4651 1918 4713 Societatis
1957 4657 2115 4719 Jesu,
2147 4671 2252 4725 per
2289 4657 2649 4724 Superiorem
2678 4656 3057 4712 Germaniam

199 4794 358 4850 Hanc
405 4792 718 4850 Photianae
762 4791 1138 4849 Bibliothecie
1170 4809 1242 4849 ex
1285 4794 1485 4852 Graeco
1532 4800 1891 4864 versionem,
1924 4799 2239 4873 interprete
2269 4800 2327 4854 P.
2367 4799 2604 4855 Andrea
2649 4800 2910 4864 Schotto,
2966 4799 3267 4856 Societatis
3338 4803 3555 4857 nostra)

147 4885 446 4951 sacerdote,
479 4885 560 4940 ab
589 4884 827 4955 aliquot
853 4881 1128 4938 Patribus
1158 4885 1492 4941 Graecarum
1524 4887 1849 4944 litterarum
1882 4890 2084 4960 peritis
2117 4891 2305 4945 visam
2338 4897 2394 4946 et
2418 4890 2756 4960 probatam,
2782 4904 2892 4957 ego
2924 4889 3212 4956 Georgius
3245 4889 3552 4956 Roseﬂius,

151 4972 418 5030 Societatis
445 4975 590 5029 Jesu
627 4989 734 5045 per
756 4973 1140 5028 Germaniam
1167 4975 1537 5044 superiorem
1579 4977 1973 5048 provincialis.
2005 4984 2297 5050 potestate
2328 4979 2472 5034 mihi
2501 4980 2579 5035 ab
2610 4978 2942 5034 admodum
2987 4981 3046 5032 Β.
3088 4979 3150 5032 Ρ.
3196 4983 3258 5035 Ν.
3293 4979 3557 5050 generali

153 5060 363 5119 Gaudio
386 5063 707 5136 Aquaviva
724 5062 1208 5132 concessa,typis
1226 5063 1499 5119 mandari
1519 5066 1822 5137 permitto:
1847 5066 1943 5122 cui
1958 5068 2037 5122 rei
2057 5068 2172 5123 hoc
2186 5069 2526 5124 testimonio
2540 5084 2725 5124 manu
2741 5083 2874 5123 mea
2904 5068 3264 5140 subscripto,
3293 5073 3350 5124 et
3362 5068 3554 5139 sigillo

159 5156 362 5220 Inito,
395 5155 584 5210 tidem
612 5153 820 5208 facere
853 5150 1030 5206 volui.
1061 5156 1369 5223 Augustae,
1400 5155 1680 5212 Kalendis
1709 5156 2091 5230 Septembris.
2122 5159 2294 5214 Anno
2327 5158 2534 5216 MDCV.

2563 5266 2838 5321 Giioncws
2868 5266 3197 5322 Rosemus.
3229 5321 3235 5328 ,
