4046 6228
592 313 659 373 15
1827 305 1923 362 AD
1962 304 2199 361 PHOTII
2233 301 2770 361 BIBLIOTHECAM

593 439 779 496 cernit
811 443 866 495 et
903 442 1086 504 notat,
1125 443 1187 492 ut
1216 435 1321 509 qui
1363 449 1628 491 summas
1672 433 1802 490 illas
1852 431 2027 502 legat,
2067 436 2223 486 totos
2256 431 2439 486 libros
2468 437 2522 486 et
2561 430 2801 501 ingenia
2830 435 3145 485 auctorum
3180 445 3356 486 nosse
3391 429 3511 486 sibi
3560 432 3937 488 videatur

592 529 771 600 igitur
801 533 1012 584 nostrae
1042 527 1234 584 aetatis
1267 542 1327 582 se
1367 541 1506 581 cum
1551 523 1759 579 Photio
1801 521 2067 578 conferre
2100 521 2337 585 audeat,
2377 520 2500 575 sive
2532 520 2828 590 ingenium
2871 519 2997 590 ejus
3034 528 3392 590 spectemus,
3438 536 3577 575 sive
3625 521 3928 594 πολυμα

592 617 929 691 πολυπιιρίαν
959 632 1039 696 L1

1765 701 1863 756 Ea:
1890 700 2100 755 litteris
2128 701 2371 755 Joannis
2413 699 2659 754 Livineii
2678 698 2757 754 ad
2783 699 2854 752 D.
2877 699 2955 752 H.

664 796 850 852 Photii
879 795 1162 868 scriptum
1195 793 1410 866 urgeri,
1439 797 1585 865 puto
1623 791 2002 847 vehementer
2028 806 2058 844 e
2086 804 2146 844 re
2181 789 2458 844 litteraria
2485 805 2638 844 esse.
2676 791 2770 843 Est
2799 789 2957 842 enim
2993 788 3245 853 varium,
3275 791 3333 842 et
3362 787 3691 843 omnibus
3729 789 3937 860 inge:

596 885 802 942 studiis
834 884 1004 941 valde
1034 883 1318 939 serviens.
1360 881 1579 937 Deinde
1609 880 1816 952 quanti
1848 879 2126 944 testimas,
2153 879 2299 933 scire
2339 893 2449 932 nos
2487 877 2700 932 saltem
2728 885 2874 948 quot
2904 877 3205 932 bonorum
3245 877 3635 948 scriptorum
3679 877 3761 933 in
3801 895 3933 934 om

595 991 736 1032 nere
753 974 1058 1040 doctrinae,
1095 973 1194 1045 qui
1222 971 1349 1027 viro
1373 971 1457 1027 illi
1488 969 1879 1042 φιλολογωτάτῳ
1919 968 2032 1023 visi
2064 969 2338 1038 lectique,
2367 966 2752 1036 naufragium
2783 965 3118 1021 fecerimus.

1688 1059 1787 1114 Ex
1813 1059 2022 1114 litteris
2063 1059 2185 1112 Jos.
2241 1057 2534 1126 Scaligeri
2555 1057 2635 1112 ad
2665 1056 2951 1111 eumdem.

672 1152 928 1216 Utinam,
960 1151 1040 1207 mi
1073 1149 1376 1213 Hmscheli,
1419 1149 1471 1205 in
1505 1147 1698 1203 Photii
1751 1148 2006 1202 editione
2029 1146 2380 1201 exornanda
2411 1147 2692 1215 tejuvare
2711 1162 2970 1215 possem.
2995 1143 3230 1199 Librum
3265 1143 3519 1216 quidem
3553 1149 3799 1200 totum
3842 1148 3918 1200 in

598 1247 792 1297 tomos
809 1240 1172 1304 distinctum,
1196 1255 1379 1295 manu
1406 1237 1636 1293 Henrici
1661 1237 1941 1308 Stephani
1969 1238 2253 1307 scriptum
2287 1235 2429 1290 olim
2462 1236 2597 1304 legi,
2632 1250 2784 1304 opus
2816 1234 3069 1299 varium,
3103 1249 3172 1287 ex
3201 1238 3368 1303 cujus
3408 1233 3710 1289 editione
3752 1235 3937 1290 incei

598 1331 869 1400 majorne
897 1329 1307 1384 redundatura
1331 1329 1402 1382 sit
1431 1328 1490 1381 in
1524 1334 1577 1380 te
1606 1326 1814 1396 gloria,
1839 1342 1916 1380 an
1955 1326 2012 1379 in
2051 1325 2199 1380 alios
2235 1325 2467 1379 utilitas.
2503 1325 2664 1378 Certe
2698 1333 2816 1378 tam
2845 1339 3150 1392 egregium
3185 1323 3469 1394 scriptum
3496 1339 3642 1377 nou
3679 1324 3825 1379 alio
3861 1341 3937 1378 ec

597 1419 823 1489 dignun
856 1425 998 1482 erat,
1030 1433 1206 1489 quam
1241 1423 1310 1481 te,
1340 1415 1443 1487 qui
1477 1420 1560 1470 tot
1589 1416 1889 1470 bonorum
1916 1420 2227 1470 auctorum
2251 1414 2506 1469 editione
2532 1420 2588 1468 et
2616 1413 3006 1467 eruditionem
3037 1418 3202 1466 tuam
3225 1421 3280 1466 et
3313 1428 3715 1482 propensum
3752 1414 3823 1467 in
3860 1414 3937 1468 lit

599 1509 869 1565 animum
901 1509 1100 1562 testari
1126 1504 1400 1560 volueris.
1433 1506 1636 1576 Neque
1657 1520 1788 1573 ego,
1812 1520 2005 1575 neque
2030 1503 2343 1558 Vulcanius
2378 1510 2571 1558 noster
2604 1509 2654 1557 te
2680 1501 2886 1572 juvare
2920 1501 2978 1555 in
3005 1502 3119 1556 hoc
3139 1517 3483 1572 possumus,
3514 1504 3635 1572 qui
3676 1503 3935 1556 nullae

597 1597 786 1670 plaria
803 1597 931 1668 ejus
960 1595 1090 1650 libri
1122 1595 1435 1650 habemus.
1461 1593 1572 1648 Sed
1597 1594 1641 1647 si
1673 1594 1881 1657 habes,
1914 1601 1974 1647 ut
2004 1593 2177 1659 dicis,
2211 1593 2350 1658 duo,
2387 1598 2526 1664 puto
2561 1599 2610 1646 te
2658 1591 2940 1646 omnibus
2968 1590 3098 1645 aliis
3133 1605 3307 1661 aequo
3333 1592 3544 1644 animo
3586 1606 3826 1646 carere
3867 1609 3937 1663 ρ(

1625 1683 1723 1738 Ex
1755 1682 1967 1737 litteris
1993 1682 2188 1737 Isaaci
2215 1680 2550 1737 Casaubom'
2570 1680 2643 1735 ad
2669 1681 2954 1736 eumdem.

671 1775 797 1830 Ain’
826 1783 882 1829 tu
910 1779 1108 1830 autem
1141 1775 1168 1832 7
1200 1788 1324 1828 esse
1349 1777 1401 1827 te
1431 1772 1491 1827 in
1523 1787 1592 1826 eo
1621 1778 1676 1826 ut
1699 1773 1885 1826 Photii
1924 1771 2356 1827 Bibliothecam
2389 1770 2532 1825 edas
2556 1769 2584 1824 ‘I
2619 1787 2654 1825 ο
2687 1786 2907 1824 munus
2939 1785 3069 1823 vere
3093 1767 3446 1822 munificum
3479 1767 3491 1822 ι
3522 1785 3563 1824 o
3601 1772 3666 1822 te
3699 1767 3937 1824 liberal

603 1864 769 1920 facile
801 1869 888 1920 est
923 1863 1091 1919 exiis
1120 1878 1256 1935 quae
1287 1869 1423 1917 sunt
1446 1861 1604 1917 edita
1624 1862 1698 1916 de
1734 1861 1892 1916 illius
1923 1860 2091 1916 libris
2120 1866 2408 1932 tanquam
2427 1876 2496 1915 ex
2528 1859 2825 1928 unguibus
2859 1859 3096 1914 leonem
3127 1856 3443 1913 aestimare.

1342 2114 1660 2177 ISAACUS
1687 2113 2191 2175 CASAUBONUS
2239 2111 2497 2172 DAVIDl
2542 2109 3012 2171 HOESCHELIO
3047 2110 3109 2171 S.
3146 2109 3213 2168 P.
3245 2111 3316 2170 D.

676 2229 952 2286 Photium
991 2235 1161 2284 tuum
1182 2235 1410 2300 quanta
1439 2235 1705 2302 poteram
1750 2228 2050 2298 diligentia
2075 2229 2226 2283 inter
2270 2228 2497 2284 aulicos
2534 2228 2830 2298 strepitus,
2865 2225 3210 2282 avidissime
3251 2231 3405 2281 certe
3447 2227 3754 2298 percurri.
3810 2229 3937 2284 Osti

606 2320 784 2375 etiam
806 2335 1024 2374 munus
1056 2323 1222 2373 tuum
1254 2318 1444 2374 doctis
1503 2319 1862 2390 magnisque
1889 2320 2026 2373 viris
2061 2334 2073 2373 :
2107 2333 2365 2390 quorum
2392 2318 2452 2372 in
2481 2316 2595 2372 hac
2620 2317 2785 2386 regia
2827 2318 2969 2370 urbe
3003 2332 3292 2370 numerus
3323 2316 3830 2388 haudquaquam
3869 2334 3937 2387 pc

605 2408 839 2464 tendus.
869 2409 1086 2464 Omnes
1129 2407 1230 2462 tibi
1251 2416 1306 2462 et
1334 2408 1825 2479 praestantissimo
1861 2408 2090 2462 Velsero
2121 2409 2341 2478 gratias
2371 2423 2542 2478 agere
2567 2407 2952 2470 immortales,
2986 2421 3242 2476 quorum
3270 2409 3629 2460 auctoritate
3663 2411 3726 2461 et
3746 2406 3937 2460 indus

606 2497 989 2552 utilissimum
1022 2497 1372 2568 scriptorem
1405 2498 1675 2569 proximo
1708 2507 1999 2552 autumno
2031 2513 2092 2551 se
2115 2496 2423 2551 habituros
2455 2500 2718 2567 sperant.
2754 2496 3079 2565 Principem
3111 2496 3260 2548 inter
3291 2495 3471 2564 hujus
3499 2496 3744 2550 ordinis
3783 2497 3937 2548 viros

607 2603 746 2642 cum
767 2586 994 2642 obtinet
1020 2602 1242 2657 praeses
1265 2586 1543 2642 Thuanus
1572 2601 1786 2657 :quem
1809 2602 1920 2655 ego
1944 2586 2134 2640 virum
2165 2585 2446 2638 divinitus
2477 2586 2685 2639 datum
2715 2599 2929 2638 censeo
2957 2585 3173 2638 saeculo
3201 2585 3292 2638 isti
3323 2585 3379 2637 in
3411 2584 3770 2654 exemplum
3809 2587 3934 2654 piet

609 2673 984 2743 integritatis,
1020 2674 1348 2744 probitatis,
1377 2681 1434 2729 et
1477 2680 1538 2728 ut
1576 2689 1695 2728 uno
1735 2675 1913 2729 verbo
1945 2675 2142 2729 dicam
2184 2695 2207 2724 π

2342 2694 2362 2733 ς
2401 2673 2589 2747 ἀρετῆς
2633 2678 2722 2724 καὶ
2761 2672 3005 2732 καλλονῆς
3035 2673 3235 2743 ψυχῆς.
3277 2672 3425 2726 Sunt
3455 2679 3511 2727 et
3557 2673 3733 2726 multi
3776 2673 3878 2727 alii
3921 2690 3936 2725 ‹

609 2763 670 2817 in
697 2763 858 2828 aula,
897 2778 1019 2834 qua
1049 2763 1110 2816 in
1152 2769 1362 2817 senatu
1396 2762 1705 2818 Parisiensi
1737 2762 2014 2834 λάμποντες
2051 2762 2205 2835 ἀστέρ

2330 2782 2358 2822 ις
2387 2763 2559 2817 vestri
2589 2762 3028 2826 studiosissimi,
3069 2774 3124 2815 et
3161 2763 3417 2832 purioris
3442 2762 3794 2816 litteraturee
3829 2778 3928 2816 am

608 2851 840 2905 tissimi.
871 2853 1088 2907 Omnes
1117 2851 1178 2905 hi
1211 2853 1484 2906 Photium
1512 2858 1773 2906 vestrum
1805 2852 2188 2922 cupidissime
2215 2858 2576 2922 exspectant,
2620 2852 2834 2905 eximie
2865 2859 3060 2904 autem
3104 2851 3454 2905 Franciscus
3484 2851 3772 2913 Pithoeus,
3802 2855 3877 2904 de
3910 2868 3937 2922 q

609 2955 802 3011 nuper
826 2941 1209 3010 scripseram,
1233 2956 1363 2995 esse
1387 2942 1444 2994 in
1477 2942 1605 3010 ejus
1639 2941 1915 2996 manibus
1945 2942 2127 2995 Photii
2159 2941 2483 3010 exemplar,
2508 2940 2864 2994 collaturum
2883 2956 2977 2993 me
3010 2948 3180 2993 tuum
3203 2939 3471 2994 codicem
3503 2955 3641 2994 cum
3670 2939 3772 2994 illo
3812 2961 3823 2994 :
3859 2947 3915 2993 et

611 3034 845 3098 cerptas
877 3029 1015 3082 inde
1053 3033 1252 3101 γραφὰς
1280 3026 1565 3101 διαφόρους
1598 3029 1793 3082 isthuc
1823 3031 2168 3082 missurum.
2207 3032 2404 3100 Neque
2436 3029 2513 3082 ab
2545 3028 2641 3081 illo
2682 3043 2870 3097 neque
2905 3044 2940 3081 a
2981 3045 3072 3081 me
3108 3032 3350 3098 insuper
3384 3027 3594 3083 habita
3629 3044 3701 3083 ea
3728 3043 3892 3093 cura,
3927 3047 3937 3079 ε

609 3132 938 3188 paucorum
955 3116 1232 3170 foliorum
1249 3117 1698 3187 comparatione
1716 3115 2056 3179 didicimus,
2072 3117 2218 3170 nihil
2234 3124 2336 3171 aut
2350 3132 2557 3186 parum
2576 3117 2820 3170 omnino
2839 3117 3038 3170 auxilii
3058 3119 3132 3171 ad
3147 3117 3487 3171 ornandam
3517 3122 3680 3172 tuam
3700 3117 3935 3171 editioni

611 3223 648 3260 a
676 3205 874 3260 Pithaai
903 3204 1054 3258 libro
1080 3220 1210 3258 esse
1234 3205 1721 3275 exspectandum.
1753 3207 1944 3269 Quare
1968 3206 2128 3259 aliud
2155 3221 2369 3260 censeo
2391 3222 2660 3274 agamus.
2698 3206 2982 3276 Equidem
3020 3208 3066 3260 si
3097 3207 3260 3260 domi
3279 3206 3336 3260 in
3353 3209 3549 3261 Museo
3565 3222 3700 3260 meo
3726 3223 3856 3276 quae
3882 3224 3935 3259 ει.

609 3309 641 3347 a
674 3299 726 3347 te
762 3294 946 3348 missa
996 3293 1294 3361 legissem,
1329 3301 1429 3347 aut
1449 3293 1552 3348 otii
1583 3293 1920 3364 plusculum
1949 3293 2293 3348 habuissem
2318 3295 2390 3348 ad
2411 3293 2472 3348 id
2503 3297 2830 3363 negotium,
2857 3296 3026 3366 plura
3055 3303 3109 3349 et
3140 3297 3384 3350 meliora
3415 3297 3473 3348 in
3501 3312 3570 3349 eo
3604 3295 3889 3366 Scriptore
3911 3312 3935 3348 ε

611 3397 939 3437 servassem
970 3388 1025 3436 et
1052 3389 1243 3437 tecum
1276 3384 1839 3438 communicassem.
1871 3384 1985 3438 Sed
2011 3382 2182 3437 crede
2215 3383 2358 3437 mihi
2386 3383 2538 3438 serio
2577 3382 2917 3450 allii-manli,
2947 3384 3092 3438 nihil
3137 3385 3504 3455 occupatius,
3544 3384 3686 3438 nihil
3724 3401 3757 3439 a
3801 3385 3931 3437 stud

611 3471 861 3525 alienius
877 3487 948 3526 ea
977 3470 1113 3533 vita,
1139 3487 1323 3542 quam
1357 3474 1413 3526 in
1441 3473 1550 3526 hac
1575 3472 1714 3526 aula
1739 3473 2024 3526 hactenus
2047 3472 2322 3526 viximus.
2361 3475 2424 3526 Ut
2451 3475 2628 3526 scires
2657 3479 2857 3528 tamen
2876 3475 3053 3528 etiam
3080 3475 3138 3527 in
3169 3475 3421 3528 summis
3447 3474 3933 3544 hisceoccupatim

609 3559 727 3614 bus
754 3558 1026 3614 Photium
1049 3566 1212 3614 tuum
1232 3560 1402 3614 nobis
1433 3577 1564 3615 esse
1584 3561 1825 3626 lectum,
1852 3561 2107 3631 paucula
2124 3561 2408 3632 quaedam
2431 3560 2720 3615 illevimus
2745 3563 2882 3616 huic
2900 3563 3135 3627 chartae,
3160 3578 3297 3632 quae
3324 3571 3447 3617 tum
3471 3563 3640 3617 nobis
3666 3564 3722 3617 in
3748 3570 3932 3616 mente

610 3654 918 3703 venerunt.
940 3650 1085 3703 Nam
1113 3651 1352 3718 gravius
1373 3649 1596 3721 aliquid
1631 3650 1845 3705 frustra
1880 3665 2040 3704 nunc
2078 3666 2113 3704 a
2145 3666 2238 3704 me
2270 3651 2727 3721 exspectaveris.
2766 3651 2922 3715 Vale,
2959 3651 3046 3706 vir
3076 3651 3436 3714 doctissime,
3469 3657 3523 3706 et
3548 3667 3637 3706 me
3668 3656 3931 3706 constant

611 3753 772 3794 ama.
807 3738 1039 3793 Lutetiaa
1070 3738 1434 3794 Parisiorum
1475 3744 1505 3794 5
1532 3739 1784 3795 Kalend.
1819 3739 2028 3794 Junias
2049 3754 2182 3794 unc.

1731 3946 1831 4006 EX
1860 3945 2084 4006 NOTlS
2129 3945 2473 4007 ANDRE/E
2513 3944 2862 4018 SCHOTTI,

1792 4091 1880 4132 AD
1909 4089 2516 4133 CHRESTOMATHIAM
2556 4090 2810 4134 PROCLI.

685 4199 1029 4272 'Avcyvo'men,
1080 4202 1296 4258 lectum
1330 4206 1436 4269 est,
1489 4201 1581 4257 vel
1626 4201 2074 4274 Ἀνεγνώσθησαν,
2130 4204 2282 4259 lecta
2313 4209 2469 4258 sunt.
2525 4203 2614 4258 Sic
2645 4203 2718 4258 de
2767 4204 3015 4274 singulis
3047 4221 3083 4260 a
3113 4220 3175 4259 se
3225 4221 3361 4260 cum
3406 4204 3614 4275 judicio
3642 4203 3786 4260 lectis
3813 4204 3927 4261 libri

609 4289 847 4343 Photius
901 4291 1234 4359 patriarcha
1273 4292 1960 4362 Constantinopolitanus
2013 4292 2060 4342 ἐν
2118 4301 2179 4364 τῇ

2328 4294 2534 4364 Moerin?)
2581 4300 2680 4343 τῶν
2732 4292 3124 4365 ἀνεγνωσμένων
3179 4296 3318 4365 αύτῳ
3363 4293 3568 4366 βιϐλίων
3611 4295 3859 4366 loquitur,
3907 4313 3926 4347 ι

607 4375 846 4431 oculato
871 4379 997 4431 testi
1029 4379 1176 4431 tides
1215 4379 1526 4433 habeatur.
1555 4383 1668 4434 Nec
1697 4381 1858 4433 enim
1893 4396 1963 4434 ex
1991 4381 2242 4435 aliorum
2277 4396 2571 4447 sermone,
2603 4382 2693 4436 vel
2723 4383 2927 4449 obiter,
2959 4391 3015 4438 et
3038 4391 3324 4455 tanquam
3359 4399 3460 4453 per
3490 4391 3829 4438 transennam
3868 4385 3927 4437 ini

606 4471 810 4534 specto
835 4481 1032 4536 opere,
1061 4473 1120 4520 ut
1151 4467 1266 4520 fere
1301 4469 1409 4521 hoc
1434 4468 1670 4537 saeculo,
1699 4469 1770 4522 de
1797 4474 1914 4522 toto
1943 4471 2432 4538 operejudicium
2458 4470 2569 4523 sibi
2599 4471 2908 4527 ferendum
2931 4472 3334 4537 existimabat,
3376 4473 3481 4527 sed
3506 4489 3537 4527 a
3556 4474 3723 4543 capite
3751 4474 3814 4527 ad
3841 4473 3919 4527 cal

606 4569 735 4606 cem
764 4553 1037 4623 perlecto.
1081 4553 1262 4608 libere
1311 4555 1540 4622 judicat
1563 4571 1777 4610 censor
1799 4565 1853 4611 et
1882 4560 2114 4611 criticus
2146 4560 2557 4627 gravissimus,
2592 4562 2808 4614 summi
2840 4569 2895 4616 et
2934 4563 3154 4630 ingenii
3180 4571 3234 4616 et
3255 4562 3482 4631 judicii,
3521 4561 3584 4616 de
3612 4562 3925 4632 scriptoribu:

605 4642 874 4696 ducentis
903 4643 1157 4714 amplius
1184 4648 1239 4697 et
1267 4645 1659 4716 septuaginta,
1694 4647 2031 4716 philologis,
2071 4650 2283 4718 poetis,
2311 4649 2625 4715 historicis,
2660 4651 3040 4714 oratoribus,,
3080 4651 3452 4723 philosophis
3484 4657 3532 4705 et
3552 4650 3826 4720 theologis:
3849 4667 3925 4722 qu;

607 4732 934 4786 maximam
959 4739 1209 4801 partem,
1239 4734 1917 4805 temporuinneiujuria,
1950 4752 2023 4790 an
2059 4738 2355 4806 majorum
2388 4739 2633 4805 incuria,
2665 4741 2980 4812 perierunt.
3016 4741 3078 4794 Et
3106 4741 3346 4811 quidem
3379 4741 3452 4794 de
3486 4740 3601 4811 styli
3628 4742 3923 4806 charactere,

606 4819 962 4889 scriptorum
991 4835 1259 4886 numero,
1311 4827 1370 4875 et
1397 4821 1595 4887 titulis,
1644 4840 1778 4894 quae
1810 4830 2026 4896 γνήσια,
2069 4841 2201 4897 quae

2324 4823 2668 4902 δδεπίγραφα,
2702 4830 2848 4900 quid
2897 4829 3095 4893 laude,
3129 4837 3186 4884 et
3217 4831 3549 4894 imitatione,
3587 4830 3709 4901 quid
3756 4834 3922 4883 contra

602 4907 1028 4979 vituperatione
1051 4910 1295 4978 dignum
1330 4910 1389 4964 in
1421 4911 2193 4984 singulisdeprehendisset,
2219 4917 2348 4970 siue
2370 4916 2504 4972 fuco
2527 4926 2584 4973 et
2611 4919 2773 4986 odio,
2803 4935 2964 4974 more
3004 4921 3324 4989 majorum,
3351 4918 3675 4990 pronuntiat.
3706 4919 3923 4989 Denique

603 5011 726 5068 qua
752 4997 1007 5070 quisque
1038 5003 1386 5070 tempestate
1415 5000 1694 5067 ﬂoruerit,
1728 5010 2074 5076 caeteraque,
2119 5005 2368 5075 longum
2420 5012 2578 5062 esset
2613 5009 2773 5064 enim
2808 5009 2891 5066 ire
2926 5024 3031 5080 per
3077 5008 3336 5078 singula,
3380 5009 3631 5064 audacter
3662 5007 3918 5078 dijudicat.

1627 5257 1684 5316 J.
1713 5256 2011 5319 LIPSIUS
2039 5257 2300 5319 MARCO
2329 5259 2675 5320 VELSERO
2701 5261 2763 5322 S.
2800 5262 2876 5324 M.
2914 5263 2992 5324 D.

675 5382 965 5440 Senecam
997 5387 1270 5440 nostrum
1303 5389 1415 5441 ate
1447 5390 1777 5459 acceptum,
1811 5397 1864 5445 et
1888 5406 2019 5446 vere
2037 5395 2370 5463 acceptum,
2402 5391 2463 5447 id
2488 5395 2596 5457 est,
2623 5396 2859 5462 gratum
2897 5393 3096 5460 fuisse,
3134 5392 3392 5464 gaudeo.
3426 5397 3607 5450 Annon
3632 5395 3770 5459 esset,
3795 5392 3902 5448 scri-

602 5477 734 5544 ptor
762 5474 1022 5546 optimus
1040 5475 1166 5531 viro
1191 5475 1461 5547 optimo?
1479 5477 1650 5541 Quod
1675 5477 1762 5534 ais
1778 5477 2117 5536 desiderare
2138 5481 2435 5553 quosdam
2455 5480 2682 5553 reliqua
2711 5499 2722 5538 :
2758 5499 2952 5554 pauca
2982 5489 3139 5549 sunt,
3171 5489 3224 5538 et
3263 5483 3441 5539 hodie
3472 5500 3576 5539 mos
3601 5483 3775 5539 obtinet
3795 5483 3897 5536 reli-

601 5570 879 5635 quatores
909 5582 1052 5633 esse,
1087 5567 1207 5624 imo
1254 5567 1725 5624 conturbatores.
1761 5571 1935 5625 Detur
1969 5571 2157 5642 venia,
2207 5576 2309 5627 aut
2351 5575 2504 5626 certe
2560 5587 2727 5629 mora
2773 5573 2993 5646 aliqua,
3046 5573 3367 5630 valetudini
3402 5591 3414 5630 :
3446 5580 3495 5630 et
3533 5573 3726 5630 fortasse
3748 5570 3890 5630 altera

601 5650 780 5711 editio
822 5654 1004 5714 dabit.
1047 5657 1192 5715 Sunt
1227 5658 1367 5714 etin
1395 5655 1709 5730 illislibris,
1743 5676 1878 5734 qua:
1914 5660 2129 5719 volenti
2171 5661 2334 5719 haud
2362 5659 2660 5734 peribunt.
2701 5666 2770 5720 At
2804 5669 2866 5719 tu
2904 5663 2977 5719 de
3007 5662 3201 5736 elogio
3229 5663 3448 5723 debere
3479 5662 3722 5741 proﬁteris.
3746 5663 3797 5722 Et
3820 5663 3882 5720 sic
