4046 6228
242 343 305 400 Π
1618 324 2151 384 PROLEGOMENA
3530 335 3601 395 is

250 461 491 539 loqueris?
503 455 741 530 judicio,
776 454 977 510 dicere
998 453 1266 510 debebas
1310 469 1321 507 :
1375 455 1431 508 et
1458 452 1594 507 ideo
1621 450 1762 506 nihil
1793 449 2032 508 debere.
2066 450 2209 507 Mihi
2241 452 2433 520 crede,
2467 456 2529 509 ut
2561 454 2612 509 si
2637 455 2877 526 juratus
2906 460 2966 515 in
2997 462 3210 516 senatu
3240 459 3597 517 sententiam

254 557 458 611 dicerem,
482 549 552 603 sic
581 546 723 601 dixi.
757 546 911 600 Amo
943 547 999 599 te
1024 542 1414 613 jamdudum,
1459 540 1541 595 mi
1572 539 1828 605 Velsere,
1858 541 1964 596 sed
1990 540 2237 597 affectus
2270 540 2431 597 illam
2464 543 2650 599 animi
2682 544 2879 603 lucem
2899 563 3022 603 non
3045 548 3420 604 obtenebrat.
3453 547 3595 617 Sed,

248 646 367 703 heus,
383 638 617 709 estquod
648 634 962 691 communi
985 633 1374 687 litteratorum
1400 629 1642 685 nomine
1663 630 2178 699 commendemus,
2207 630 2299 686 vel
2326 635 2630 701 petamus.
2652 634 2900 692 Andreae
2919 636 3165 703 Schotti,
3193 636 3396 707 magni
3416 637 3596 694 amici

238 729 390 795 nostri,
420 726 665 791 Photius,
698 723 938 780 Latinus
962 720 1200 793 jamdiu
1230 719 1395 791 apud
1435 735 1542 774 vos
1574 723 1680 783 est,
1713 724 1770 774 et
1797 720 2045 792 quando
2085 722 2205 791 ipse
2234 720 2449 790 lucem,
2496 737 2606 777 nos
2634 738 2773 779 eum
2806 724 3150 783 videbimus
3182 725 3211 780 ?
3242 727 3408 782 Certe
3439 727 3595 783 inter

227 834 403 891 paucos
427 815 511 870 ille
541 815 797 884 scriptor
828 816 1087 866 meretur
1119 829 1132 869 :
1166 808 1273 881 qui
1305 808 1465 863 solus
1504 812 1587 863 tot
1615 807 2088 863 clarissimorum
2120 809 2501 877 ingeniorum
2536 817 2931 870 monumenta
2961 830 2997 870 a
3027 815 3153 871 fato
3175 814 3389 887 eripuit
3421 835 3434 874 :
3467 819 3592 872 toto

220 909 327 963 dico
354 908 475 971 fato,
501 910 553 959 et
572 902 787 959 saltem
812 899 1062 956 nomina
1086 906 1141 953 et
1160 898 1517 969 scriptorum
1541 896 1703 951 velut
1718 896 1992 952 membra
2021 898 2296 953 servavit.
2334 899 2526 963 Quam
2553 898 2770 956 multos
2794 902 2889 957 ille
2919 902 3079 973 legit,
3111 920 3179 959 ex
3210 904 3282 959 iis
3313 903 3590 975 elegit,et,

220 1006 267 1051 ut
291 997 358 1050 sic
380 995 591 1065 loquar,
628 989 936 1047 deﬂoravit
976 1004 1123 1060 quos
1153 1002 1327 1042 nosse
1360 985 1532 1041 nobis
1562 985 1730 1040 aliter
1756 1001 1875 1039 non
1917 991 2076 1040 esset
2107 984 2135 1039 ?
2166 987 2205 1038 E
2232 986 2436 1051 sacris,
2474 987 2761 1058 profanis,
2793 992 3233 1056 tractatoribus,
3267 992 3588 1059 historicis,

214 1084 509 1147 oratoribus,
536 1081 743 1153 poetis,
779 1088 835 1136 et
864 1078 1008 1134 nihil
1037 1082 1123 1132 est
1151 1078 1210 1131 in
1244 1078 1445 1133 Graeca
1469 1075 1632 1129 omni
1660 1073 2008 1139 litteratura,
2041 1079 2141 1129 aut
2176 1080 2238 1129 ut
2269 1075 2463 1130 verius
2484 1075 2700 1143 dicam,
2732 1079 2998 1145 libraria,
3031 1080 3197 1151 quod
3228 1080 3322 1135 ille
3351 1081 3437 1135 vir
3465 1096 3589 1136 non

208 1174 391 1229 libarit.
421 1171 851 1227 Pulcherrimus
881 1184 1013 1223 mos
1041 1167 1099 1221 in
1125 1181 1337 1220 mensa
1365 1162 1611 1235 legendi,
1642 1163 1733 1219 vel
1750 1162 2035 1219 audiendi
2068 1180 2081 1219 :
2112 1163 2216 1219 sed
2248 1165 2353 1220 iste
2379 1165 2685 1236 pulchrior
2710 1167 3038 1240 utiliorque,
3072 1169 3425 1235 annotandi,
3457 1186 3587 1225 cen-

205 1263 360 1326 sendi,
386 1259 754 1331 excerpendi.
787 1257 1031 1312 Photius
1057 1255 1210 1318 fecit,
1243 1262 1297 1309 et
1322 1253 1426 1325 qui
1458 1253 1535 1308 ad
1568 1268 1674 1308 nos
1717 1257 2132 1320 pervenerunt,
2185 1252 2370 1308 solus.
2429 1254 2616 1309 David
2655 1257 3020 1313 Hmschelius
3049 1263 3259 1323 vester,
3293 1263 3348 1315 et
3380 1259 3585 1313 vestris

205 1351 355 1406 etiam
382 1349 678 1420 auspiciis,
712 1346 981 1403 Graecum
1015 1342 1312 1416 primitus,
1346 1347 1403 1397 et
1428 1342 1587 1397 varie
1610 1347 1788 1413 atque
1814 1340 2103 1396 industrie
2121 1342 2506 1411 castigatum,
2533 1343 2732 1400 dedit:
2768 1346 2872 1400 sed
2898 1348 3055 1402 nosti
3086 1362 3209 1419 quo
3237 1353 3480 1402 ventum
3504 1348 3578 1403 sit

201 1441 404 1511 ignavia
450 1440 565 1504 avi,
625 1437 803 1509 pauci
848 1436 976 1490 haec
1021 1435 1225 1501 legunt
1262 1436 1366 1487 aut
1404 1431 1665 1502 capiunt,
1726 1434 1784 1486 et
1813 1429 1926 1485 nisi
1971 1431 2180 1486 Latina
2210 1430 2532 1495 addantur,
2567 1448 2720 1503 pene
2745 1433 2946 1490 dicam
2976 1450 3098 1489 non
3139 1435 3398 1490 dedisse.
3434 1438 3587 1506 Ergo

200 1534 258 1582 Α.
285 1528 550 1591 Schottus,
583 1527 676 1581 vir
701 1526 865 1580 bono
906 1522 1145 1595 publico
1170 1527 1364 1585 natus,
1398 1519 1773 1585 allaboravit,
1801 1524 1858 1574 et
1886 1518 2164 1574 Latinum
2194 1522 2384 1574 totum
2416 1520 2580 1577 dedit
2609 1527 2665 1578 et
2697 1522 2799 1578 tibi
2830 1524 3154 1578 commisit.
3190 1526 3336 1579 Ecce
3363 1524 3497 1595 jure
3525 1528 3583 1579 te

197 1618 518 1688 ﬂagitamus.
549 1616 671 1671 Fac
707 1615 875 1686 quod
905 1612 1059 1669 soles
1086 1615 1145 1667 et
1175 1615 1351 1666 natus
1375 1626 1457 1673 es,
1487 1624 1611 1664 rem
1643 1607 1949 1681 publicam
1979 1608 2071 1664 vel
2104 1608 2345 1678 privatae
2368 1614 2482 1663 tuae
2512 1608 2739 1665 damno
2753 1609 2918 1681 juva.
2951 1611 3021 1666 Mi
3042 1611 3290 1677 Velsere,
3315 1612 3395 1668 da
3424 1612 3583 1669 hanc

194 1722 427 1779 cperam,
457 1706 560 1761 etsi
593 1719 779 1776 quam
812 1703 1052 1775 trepidis
1064 1707 1121 1758 et
1148 1715 1299 1772 pene
1324 1698 1652 1772 desperatis
1674 1700 1923 1770 Europm
1955 1696 2133 1753 rebus
2158 1694 2186 1752 7
2203 1696 2533 1763 Pannonia,
2562 1702 2617 1755 et
2630 1698 2759 1769 jam
2784 1699 3083 1772 Illyricum
3104 1699 3452 1767 ﬁnitimum,
3471 1700 3585 1758 sol-

189 1796 358 1852 licitos
382 1811 482 1852 nos
511 1794 743 1851 habent
775 1811 790 1853 :

1120 1889 1244 1957 Quo
1282 1886 1517 1956 pondus
1554 1885 1718 1941 istud
1756 1885 2004 1955 verget?
2042 1883 2145 1940 ubi
2169 1890 2349 1953 ponet
2372 1886 2565 1942 minas
2593 1889 2622 1942 7

188 1981 519 2052 Ubicunque,
551 1986 800 2045 stemus,
853 1982 909 2034 et
938 1979 998 2033 in
1025 1977 1280 2033 honesto
1311 1974 1488 2039 ﬁrmi,
1521 1989 1765 2029 omnem
1814 1971 1915 2028 fati
1957 1972 2081 2029 vim
2126 1973 2497 2045 excipiamus
2523 1975 2647 2032 imo
2679 1976 3012 2044 vincamus,
3044 1976 3104 2033 id
3148 1981 3255 2050 est,
3296 1977 3581 2037 feramus.

246 2069 391 2126 Vale.
422 2069 664 2126 Lovanii
698 2067 993 2141 postridie
1023 2064 1246 2123 Natalis
1271 2063 1586 2133 Dominici,
1622 2078 1783 2120 anno
1813 2062 2046 2119 MDCVI.

895 2319 974 2379 IN
1017 2316 1357 2379 PHOTIAN
1362 2317 1434 2377 1E
1478 2313 1767 2376 BIBLIOT

1906 2312 2008 2374 ΗΕ
2052 2312 2730 2378 INTERPRETATION
2738 2318 2838 2378 ΕΜ

738 2474 781 2515 Α
827 2472 891 2515 a.
942 2472 1001 2514 Ρ.
1048 2469 1315 2514 mnam
1356 2467 1649 2513 scao'r'ro
1692 2464 1775 2510 ne
1817 2465 2172 2511 socrsm'rn
2213 2465 2367 2512 JESU
2414 2438 2653 2511 cmme-
2696 2467 2968 2513 EDITAM.

1489 2584 1701 2641 Feder.
1732 2582 2046 2651 Jamotius,
2083 2582 2241 2640 Med.

170 2748 359 2806 Σκόττος
387 2743 487 2797 ἀπὸ
518 2746 758 2798 σκοτίοιο
790 2743 1085 2815 φερώνυμός
1116 2738 1255 2794 ἔστιν
1290 2737 1517 2812 ὁμίχλης

1913 2735 2195 2791 Schottus
2237 2751 2307 2791 ac
2337 2734 2595 2791 obscura
2634 2734 2798 2792 ducit
2825 2734 3080 2806 caligine
3119 2751 3340 2794 nomen

227 2840 409 2898 Φώτιος
436 2836 507 2897 ὡς
534 2834 783 2907 λαμπροῦ
815 2827 1047 2889 κληδόνα
1076 2833 1243 2903 φωτὸς
1273 2831 1406 2901 ἔχει.

1980 2823 2222 2878 Photius
2252 2830 2314 2878 ut
2343 2822 2485 2879 clari
2525 2822 2770 2878 luminis
2796 2838 2975 2878 omen
3008 2824 3213 2880 habet.

168 2929 247 2976 Τόν
273 2922 319 2976 δ’
348 2924 486 2983 ἐπειὴ
517 2928 613 2975 καὶ
635 2928 857 2982 Σκὸττος
890 2919 1154 2992 ἀπήγαγεν
1180 2918 1377 2992 ἀχλύος
1404 2917 1551 2978 αἱιῆς

1912 2911 2060 2967 Cum
2075 2916 2265 2968 tamen
2281 2913 2443 2968 hunc
2459 2911 2732 2968 Schottus
2746 2910 3072 2968 tenebrosis
3090 2913 3311 2969 eximat
3326 2913 3568 2982 umbris,

224 3018 412 3068 Φωτικὰ
438 3014 757 3087 λαμπρύνων
787 3015 1072 3085 γράμματα
1102 3029 1232 3082 φωτι
1256 3014 1369 3081 νέῳ.

1984 3001 2229 3057 Lumine
2250 3018 2383 3057 cum
2415 3000 2618 3057 lustret
2645 3000 2893 3057 Photica
2922 2999 3145 3073 scripta
3182 3017 3339 3058 novo
3373 3019 3385 3058 :

165 3106 315 3171 (Τοῖσι
344 3104 695 3176 παλαιγενέων
721 3105 1091 3176 σφραγίσσατο
1123 3105 1317 3162 Φώτιος
1348 3094 1549 3172 ἀνδρῶν

1910 3090 2162 3163 (Scripta
2174 3091 2389 3163 quibus
2402 3105 2612 3146 censor
2623 3094 2888 3146 veterum
2901 3096 3296 3148 monumenta
3308 3091 3569 3149 virorum

221 3198 486 3265 Μνήματα,
519 3198 757 3265 τιμήσας
790 3194 1076 3263 στίγμασιν
1101 3185 1404 3263 ἀμφαδίοις)

1978 3179 2223 3236 Photius
2252 3178 2531 3249 obsignat
2569 3176 2839 3235 liberiore
2869 3178 3033 3252 nota)

162 3281 211 3335 Ei
230 3285 361 3354 θέμις
390 3282 701 3356 ἀτρεκέεσσι
728 3283 1043 3355 πανατρεκὲς
1067 3283 1263 3352 οὕνομα
1293 3279 1476 3345 θεῖναι,

1911 3270 2056 3325 Vera
2078 3268 2212 3324 licet
2251 3270 2403 3324 veris
2429 3268 2474 3324 si
2504 3283 2725 3340 ponere
2755 3268 3007 3325 nomina
3032 3268 3211 3325 rebus

216 3372 297 3434 '0;
321 3392 437 3426 ποτε
457 3379 683 3435 Σκόττος
709 3374 819 3440 ἔην,
852 3377 1048 3433 Φώτιος
1072 3370 1221 3433 ἄλλος
1249 3372 1339 3423 ἔοι.

1980 3357 2089 3427 Qui
2125 3358 2305 3414 modo
2328 3358 2607 3414 Schottus
2633 3362 2781 3428 erat,
2812 3357 3052 3414 Photius
3082 3357 3228 3414 alter
3258 3359 3383 3415 erit.

155 3498 352 3554 Franc.
380 3498 662 3555 Schottus
681 3498 1142 3553 Jureconsuttus
1164 3510 1235 3551 ac
1254 3493 1794 3563 senatorAntuerp.
1980 3483 2074 3541 Sic
2108 3488 2389 3556 reparant
2427 3481 2684 3539 tenebrm
2721 3481 2971 3552 lumina,
3009 3498 3246 3554 noxque
3276 3482 3455 3540 diem.

1908 3572 2356 3645 (Edipodionite
2390 3571 2641 3628 redeunt
2662 3569 2985 3641 aenigmata
3011 3570 3311 3643 Sphingis,

1976 3666 2091 3719 Nec
2124 3677 2232 3716 sua
2260 3667 2466 3716 nostra
2498 3658 2695 3715 minus
2724 3659 2941 3716 εωουια
2969 3665 3240 3717 monstra
3272 3660 3487 3717 ierunt.

1906 3750 2188 3823 Quisquis
2215 3755 2275 3806 at
2303 3751 2655 3806 umbrarum
2699 3747 2814 3805 sub
2841 3748 3083 3805 nomine
3113 3749 3277 3805 clara
3307 3754 3523 3819 tuetur,

1975 3842 2117 3908 Quae
2141 3839 2406 3908 Schotus,
2432 3838 2640 3894 illustri
2680 3837 2913 3894 lumina
2951 3843 3149 3894 mente
3180 3838 3343 3909 tegit,

1903 3929 2277 4002 lnsignisque
2310 3927 2416 3984 viri
2441 3943 2613 3985 raras
2645 3927 2949 3983 examinat
2979 3932 3154 3991 artes,

1973 4019 2132 4085 Quas
2164 4024 2360 4090 stupet
2385 4022 2442 4073 et
2461 4017 2715 4081 Latium,
2752 4015 2971 4072 Graecia
2993 4019 3116 4072 tota
3146 4019 3344 4087 stupet
3371 4031 3384 4074 :

1900 4110 2025 4164 Non
2059 4107 2279 4163 mirum
2308 4110 2394 4161 est
2414 4104 2575 4159 illam
2610 4104 2813 4159 radios
2850 4106 3133 4169 emittere,
3162 4104 3341 4173 dicet,

1973 4194 2299 4267 Lampada.
2319 4194 2521 4249 lumen
2553 4192 2993 4249 habetPhotius
3024 4191 3184 4248 unde
3209 4207 3409 4248 suum.

1898 4288 2011 4343 Nec
2040 4284 2247 4341 rutilas
2280 4282 2549 4355 praeferre
2580 4282 2740 4339 faces
2762 4281 3074 4338 mirabitur
3106 4282 3407 4348 umbram,

1966 4378 2103 4440 Quae
2132 4373 2325 4429 lucem
2365 4373 2524 4428 hanc
2560 4371 2692 4428 aliis
2719 4370 2990 4443 pluribus
3019 4375 3155 4426 ante
3188 4370 3335 4427 tulit.

1898 4463 2140 4527 Salvete,
2173 4478 2209 4517 o
2250 4461 2528 4526 tenebras,
2562 4459 2806 4529 fulgenti
2829 4459 2959 4515 luce
2979 4475 3259 4524 coruscas,

153 3623 316 3681 Photi
341 3626 587 3698 scripta,
616 3624 782 3695 prius
808 3621 910 3694 qui
932 3636 1090 3677 casco
1121 3633 1357 3676 carcere
1388 3617 1651 3686 clausus,

212 3714 512 3782 Horridus,
556 3712 809 3775 invisus,
841 3716 1012 3766 nocte
1042 3709 1266 3765 latebat
1291 3708 1471 3773 iners,

153 3801 347 3859 Eduxit
376 3803 673 3875 quoniam
703 3801 835 3857 dias
855 3800 914 3855 in
944 3798 1188 3855 luminis
1216 3812 1376 3862 oras,

212 3894 400 3949 Frater
429 3892 715 3956 amande,
745 3890 930 3946 animi
968 3888 1412 3959 dimidiumque
1439 3884 1579 3952 mei,

150 3981 405 4038 Gratulor
430 3989 488 4038 et
518 3982 705 4045 laetor,
748 3980 946 4053 prisco
974 3977 1191 4033 dehinc
1217 3991 1376 4032 more
1408 3977 1722 4048 parentum

204 4073 396 4126 Grates
418 4074 597 4142 grata
639 4068 776 4125 velit
806 4068 1032 4124 solvere
1063 4066 1399 4139 posteritas.

146 4161 255 4215 Lux
286 4161 550 4216 tenebrae
580 4160 673 4214 hic
710 4157 907 4214 fausto
945 4155 1293 4229 conspirant
1321 4153 1541 4219 omine,
1583 4153 1791 4209 lucens

199 4251 475 4323 Namque
513 4250 774 4305 obscura
810 4248 972 4321 prius
1005 4244 1367 4302 Bibliotheca
1395 4248 1573 4316 patet.

141 4336 252 4394 Lux
286 4338 466 4395 micat
497 4354 532 4393 e
566 4337 822 4394 tenebris
852 4352 926 4393 en
961 4340 1170 4392 mutua
1203 4351 1216 4390 :
1252 4350 1492 4407 noxque
1521 4333 1788 4390 vicissim

202 4427 445 4498 Lumen,
480 4432 542 4484 et
573 4432 702 4483 atra
730 4427 859 4481 dies
886 4443 919 4480 a
938 4425 1156 4498 jubare
1186 4423 1512 4496 accipiunt.
1644 4436 1647 4437 '

141 4516 317 4616 νεέιοτ
342 4533 417 4573 εει
449 4515 746 4616 aspicient
771 4514 946 4616 ραιεεξ
973 4513 1246 4616 cauisse
1273 4512 1442 4616 οςεεξυ
1510 4602 1538 4616 ﬁ
1898 4512 2221 4608 "erga.
2254 4512 3075 4605 satyggiag'zageisis.
3096 4512 3286 4605 ager.
3320 4565 3333 4603 ε

198 4604 428 4708 item.
465 4610 686 4708 meum;
710 4601 1575 4708 φερφξιιειίιξεειιξιεᾱιέψ,
1894 4601 2223 4697 peragi;
2256 4601 3402 4708 ιῑαξέξιίιιέίάυοςιρλιλςίδίειεεινδιξέοφ,

138 4693 299 4784 Pw
326 4711 557 4750 ωυηιιε
584 4693 691 4784 sit
722 4698 805 4784 ιφι
827 4692 979 4784 ιςοια
1008 4691 1313 4784 ἶοῖε¹ωί⁰⁸
1342 4691 1604 4784 Graiam:
1894 4691 1916 4695 '
1947 4691 2585 4784 ’ίιςέςιῑυςεςλέᾱίιέ
2904 4728 3079 4780 nocte
3103 4691 3206 4784 ius

195 4740 1604 4852 ξέῑιοῖιῑὶξιίῑεέῖ
2118 4742 2151 4783 θ

732 4909 743 4925 ,
812 4905 849 4925 η
897 4904 939 4925 η
1452 4848 1758 4925 ξοημη,
1892 4852 2341 4909 Maximilianus
2406 4848 2722 4925 Vriendjus
2777 4849 3015 4925 senatui
3067 4849 3451 4907 Gandavensa‘
3506 4866 3544 4908 a

140 4908 377 4965 Ioannes
408 4906 676 4964 Boclu'us
702 4909 767 4961 ὁ.
800 4905 867 4961 Ρ.
894 4904 959 4972 Q.
989 4903 1415 4973 Antuerpiensi
1442 4918 1479 4960 α
1505 4903 1781 4960 δεενϐίίε·
1892 4903 2333 4909 τηψωψπψη
2410 4903 2417 4907 ’
2453 4903 2459 4905 ⁷
2603 4903 2850 4977 Secretis

145 5030 206 5085 Zil
236 5031 344 5086 nisi
376 5045 607 5087 nomen
636 5027 867 5085 habens
888 5025 1194 5093 alumine,
1228 5025 1469 5081 luminis
1500 5040 1711 5097 expers
1892 5032 2004 5087 Res
2035 5030 2203 5096 mira,
2238 5033 2299 5085 at
2326 5042 2464 5084 vera
2502 5030 2608 5093 est,
2634 5041 2757 5083 non
2783 5025 2945 5083 claro
2973 5024 3198 5083 lumine
3235 5026 3539 5086 Schotlum

190 5120 452 5184 Photius,
490 5125 553 5174 et
581 5116 841 5174 tenebris
862 5115 1113 5172 obrutus
1143 5122 1323 5188 atque
1355 5115 1493 5184 situ,
1960 5119 2256 5175 Clarorem
2284 5135 2318 5173 a
2347 5116 2582 5174 nebulis
2606 5131 2883 5189 spargere
2907 5131 3079 5188 posse
3105 5116 3250 5171 suis.

144 5206 479 5278 Squallebat,
526 5208 837 5280 tineasque
860 5205 963 5261 diu
1004 5204 1290 5278 pascebat
1315 5203 1530 5261 inertes

1906 5209 2065 5265 )ucis
2096 5213 2151 5264 et
2175 5212 2476 5279 expertem
2506 5205 2685 5261 decus
2718 5209 2775 5260 et
2795 5204 2983 5276 jubar
3008 5204 3226 5260 addere
3256 5206 3393 5274 luci,

200 5299 463 5364 abditus,
507 5302 565 5353 et
594 5296 803 5369 patriis
842 5293 1088 5350 sedibus
1116 5291 1280 5349 exsul
1311 5297 1454 5348 erat.
1898 5344 1921 5354 -
1957 5298 2308 5371 Scriptaque
2341 5300 2424 5352 tot
2460 5300 2721 5351 veterum
2748 5293 3134 5350 detenebrare
3164 5299 3426 5365 patrum.

144 5386 488 5459 Aspectuque
527 5400 740 5441 carens
773 5381 1110 5448 hominum,
1138 5381 1345 5452 procul
1375 5381 1523 5439 orbe
1548 5380 1772 5439 latebat
1882 5388 2141 5452 Mentior,
2176 5390 2236 5442 at
2266 5389 2434 5441 vetus
2462 5382 2557 5440 ille
2587 5398 2776 5439 novus
2804 5382 2986 5439 modo
3021 5383 3288 5449 Photius,
3317 5383 3461 5441 olim

198 5474 480 5548 “asporta.
515 5475 756 5530 clausus
782 5485 1038 5537 carcere,
1070 5469 1216 5526 lucis
1248 5469 1445 5542 iDOPS-
1954 5476 2181 5541 Clarus,
2210 5480 2270 5531 at
2298 5473 2437 5529 inde
2475 5488 2604 5529 sevo
2631 5472 2869 5528 nubilus
2898 5476 3077 5545 atque
3103 5470 3243 5529 situ.

152 5562 459 5621 Mtehotus
498 5565 767 5620 obscuris
815 5575 1037 5616 nomen
1072 5559 1174 5631 qui
1227 5558 1389 5615 ducit
1430 5558 1507 5617 ab
1537 5559 1769 5617 umbris
1882 5566 1991 5633 Qui
2012 5564 2205 5638 patria
2231 5563 2306 5620 de
2330 5568 2502 5620 nocte
2530 5577 2718 5619 novas
2749 5560 2931 5617 modo
2965 5560 3115 5618 lucis
3140 5561 3202 5617 in
3232 5577 3369 5619 oras

206 5651 339 5711 {Ira
369 5667 526 5710 cano
563 5651 733 5709 tenui
770 5649 1058 5715 carmine.
1088 5664 1229 5707 vera
1258 5650 1481 5722 tamen)
1951 5654 2168 5721 Emica,
2203 5652 2473 5712 Ausonias
2500 5651 2735 5710 illustris
2750 5650 2979 5710 honore
3008 5654 3161 5725 toga
3192 5669 3207 5712 :

156 5732 272 5801 Emit
291 5743 358 5801 in
384 5740 579 5802 densa
597 5741 857 5815 positam
884 5738 1138 5811 caligine
1165 5739 1361 5798 lucem
1394 5754 1408 5797 :
1879 5745 1976 5805 Ille
2016 5761 2128 5802 suo
2155 5744 2319 5803 solus
2357 5742 2600 5817 dignam
2638 5755 2749 5817 pro
2772 5739 3008 5802 vindice
3030 5755 3281 5805 causam
