4046 6228
149 318 230 371 ’21

183 433 454 496 hominibus.
476 423 578 497 qui
593 437 735 479 eam
781 422 869 491 psi
888 418 1242 489 plerumque
1258 408 1580 480 refugiunt,
1607 418 1744 497 cen-

193 491 346 588 ζέειίω,
365 525 407 573 ut
427 491 690 571 adibanc
717 509 876 564 diem
913 515 1352 576 usquequaque
1381 499 1486 588 qui
1515 491 1747 550 satisfe-

193 619 318 672 certat,
333 585 401 661 vix
415 601 684 672 singulos
701 596 950 666 singulae
962 598 1164 649 aetates
1178 589 1381 646 tulisse
1397 585 1742 641 videantur:

183 719 266 759 cum
285 698 454 751 decem
472 688 738 762 amplius
760 683 1082 741 Aristotelis
1113 679 1312 736 Ethica
1342 672 1742 733 Nicomachia,

170 789 450 856 totidemque
467 778 802 844 Rhetorica,
835 779 1036 830 nostra
1063 774 1502 842 parentumque
1522 777 1748 819 memo-

154 883 218 935 ria
241 850 570 944 interpretari
617 869 740 921 sint
786 862 1005 929 conati,
1036 859 1201 932 quod
1251 857 1311 912 in
1353 852 1605 924 singulis
1644 850 1746 922 qui

152 943 558 1022 antecessissent,
615 954 975 1028 posteriores
1031 946 1258 1020 aliquid
1315 943 1746 1000 desiderarent.

150 1053 312 1121 Quidni
336 1051 506 1116 igitur
529 1051 910 1120 posterorum
932 1040 1007 1095 de
1041 1054 1131 1093 me
1157 1036 1450 1109 judicium
1482 1028 1747 1087 reformi-

143 1119 296 1200 dem?
323 1119 626 1195 Elaboravi
658 1134 952 1206 equidem,
983 1128 1187 1200 quoad
1218 1125 1348 1194 ejus
1377 1123 1502 1179 ﬁeri
1533 1119 1743 1193 potuit,

144 1241 192 1287 ut
215 1246 313 1286 non
341 1243 515 1283 sensa
546 1224 729 1280 modo
761 1218 954 1276 verbis
997 1214 1432 1287 comprehensa
1469 1222 1749 1281 sequerer

139 1324 499 1386 (assecutnsne
563 1315 678 1368 sim
729 1310 834 1366 alii
921 1303 1230 1375 statuent),
1299 1307 1353 1357 et
1411 1315 1532 1355 non
1626 1302 1746 1353 tam

135 1410 280 1464 verba
306 1418 706 1466 numerarem,
740 1414 921 1470 quam
952 1410 1200 1450 sensum
1229 1407 1301 1447 ex
1320 1390 1438 1446 fide
1463 1389 1620 1444 bona
1650 1401 1748 1457 ap-

133 1498 435 1570 penderem,
452 1492 562 1548 sed
590 1491 794 1552 etiam,
817 1493 986 1542 utres
1005 1485 1192 1556 ipsas,
1212 1481 1523 1549 fontesque
1549 1480 1750 1531 aucto-

130 1566 236 1642 rum
263 1603 298 1640 a
329 1583 538 1638 Photio
567 1581 856 1636 lectorum
883 1573 1150 1629 studiose
1178 1569 1614 1640 investigarem.
1650 1566 1747 1620 Ve-

127 1693 236 1732 rum
265 1690 394 1730 cum
417 1686 630 1727 eorum
664 1665 930 1739 plerique
962 1667 1304 1733 temporum
1328 1656 1547 1728 injuria
1576 1655 1749 1710 inter-

127 1763 363 1827 ciderint,
417 1776 488 1815 eo
541 1757 848 1813 molestior
895 1750 1197 1807 interdum
1245 1747 1414 1802 labor
1469 1745 1750 1814 interpre-

125 1853 268 1909 tandi
297 1850 528 1912 exstitit,
566 1853 629 1902 ut
651 1840 1072 1900 hariolandum
1093 1850 1531 1907 nonnunquam
1557 1833 1746 1903 fuerit,

123 1940 268 2002 dum,
293 1940 390 2011 qui
422 1937 625 1993 adhuc
655 1935 840 1990 latent
864 1933 1202 2002 scriptores,
1249 1924 1434 1980 Photii
1467 1938 1651 1993 opera
1689 1921 1751 1977 in

122 2037 362 2099 apertum
395 2026 788 2099 proferantur,
829 2019 996 2092 quod
1036 2023 1098 2072 ut
1131 2021 1395 2086 emptum
1428 2027 1644 2083 nuper,
1671 2011 1752 2066 ita

121 2119 356 2172 futurum
371 2116 636 2185 amplius
648 2106 1280 2167 doctorumhominum
1298 2101 1751 2171 investigatione

117 2223 220 2261 non
252 2205 476 2260 difﬁdo.
505 2203 884 2258 Diversorum
913 2201 1052 2252 item
1073 2196 1428 2265 scriptorum
1461 2195 1626 2246 tanta
1655 2205 1752 2245 va-

116 2299 292 2359 rietas,
348 2300 585 2367 quanta
624 2295 715 2347 est
761 2289 822 2345 in
875 2285 1040 2343 omni
1073 2283 1420 2356 philologia,
1469 2279 1748 2343 oratoria,

115 2386 340 2439 historia
379 2399 520 2438 cum
543 2397 733 2445 sacra,
771 2386 894 2434 tum
931 2374 1204 2447 profana,
1235 2373 1296 2427 in
1345 2367 1750 2441 philOSOphia,

111 2480 225 2528 arte
254 2473 503 2536 medica,
528 2487 600 2525 ac
614 2468 874 2538 denique
902 2463 1284 2520 scientiarum
1303 2459 1510 2528 regina
1531 2455 1753 2512 theolo-

108 2563 220 2632 gia,
251 2561 551 2631 negotium
599 2571 837 2629 quoque
877 2550 1197 2616 facessivit,
1233 2547 1399 2621 quod
1429 2547 1546 2602 Deo
1603 2545 1754 2600 bene

104 2653 337 2720 juvante
370 2649 603 2705 tandem
632 2644 1068 2717 superavimus.
1103 2639 1280 2694 Auxit
1311 2642 1366 2692 et
1389 2636 1473 2691 rei
1499 2632 1754 2689 difﬁcul-

107 2747 269 2795 tatem
293 2741 352 2794 in
397 2737 649 2807 singulis
688 2733 1030 2791 auctoribus
1069 2735 1240 2804 κρίσις
1293 2726 1476 2798 idque
1511 2727 1753 2780 Hermo-

108 2831 257 2899 genis
289 2829 676 2902 potissimum
719 2825 793 2879 de
818 2820 968 2877 ideis
1019 2817 1333 2874 methodo:
1367 2830 1502 2887 quas
1534 2818 1595 2868 ut
1619 2810 1744 2866 Ari-

109 2919 341 2974 stotelea
354 2935 423 2972 ac
442 2917 716 2972 Tulliana
733 2913 909 2981 longe
924 2907 1197 2964 subtilior
1210 2911 1317 2973 est,
1340 2905 1420 2959 ita
1435 2903 1506 2958 ad
1518 2902 1755 2956 mirato-

110 3023 189 3062 res
224 3008 470 3080 quidem
502 3004 794 3077 plurimos
825 3000 929 3055 sed
962 2997 1291 3053 imitatores
1319 3008 1543 3063 paucos
1580 2989 1754 3044 hodie

107 3097 323 3168 reperit.
361 3095 580 3150 Praeter
634 3088 987 3161 Dionysium
1037 3086 1194 3140 enim
1236 3081 1754 3138 Halicarnasseum

108 3165 534 3248 in'Rheton'cis,
577 3187 635 3236 et
667 3180 983 3250 Ulpianum
1036 3173 1309 3230 Graecum
1349 3165 1757 3224 Demosthenis

106 3275 564 3344 explanatorem,
624 3273 842 3342 quotus
895 3281 1030 3320 eam
1061 3264 1319 3335 quisque
1371 3260 1479 3314 hoc
1539 3255 1757 3311 smculo

107 3364 349 3419 tractat?
378 3357 754 3432 Trapezuntii
808 3355 953 3411 olim
986 3353 1166 3409 talem
1196 3348 1574 3406 Rhetoricam
1618 3360 1757 3400 cum

106 3458 332 3524 stupore
370 3451 518 3505 vidit
559 3447 766 3513 Italia;
809 3444 963 3499 duos
995 3441 1249 3497 fortasse
1276 3435 1593 3494 Germania
1645 3450 1754 3489 nu-

107 3540 351 3605 merarit,
386 3539 720 3597 Sturmium
753 3540 812 3590 et
859 3532 1226 3604 Erythraaum
1262 3545 1275 3594 ;
1321 3526 1508 3582 Gallia
1535 3524 1756 3580 Julium

105 3629 459 3700 Scaligerum
491 3627 657 3682 libris
688 3625 774 3680 De
815 3623 1076 3685 poetica;
1111 3616 1398 3688 Hispania
1453 3630 1638 3668 unum
1668 3613 1755 3667 lit-

107 3720 228 3772 teris
256 3719 570 3788 cognitum
609 3713 856 3769 laudare
884 3713 1079 3782 potest
1117 3707 1234 3761 Pet.
1273 3706 1565 3759 Joannem
1593 3705 1749 3757 Nun-

105 3809 325 3862 nesium
350 3807 650 3861 rhetorem
671 3819 741 3857 ac
765 3797 1211 3872 philosOphum,
1229 3794 1400 3849 editis
1421 3791 1754 3848 Rhetorico-

106 3912 225 3950 rum
242 3895 341 3950 lib.
375 3896 462 3957 IV,
485 3889 874 3960 Hermogenis
891 3885 1138 3958 quidem
1155 3879 1678 3956 praeceptionibus,
1698 3883 1754 3932 et

106 3984 407 4056 Aphthonii
443 3998 515 4038 ac
540 3980 813 4043 Theonis,
837 3977 941 4031 sed
962 3973 1245 4030 Tullianis
1261 3969 1572 4040 exemplis.
1605 3967 1755 4022 Sunt

107 4082 291 4128 autem
314 4067 703 4138 Hermogenis
721 4067 994 4121 idearum
1017 4077 1237 4134 genera
1253 4065 1479 4130 septem
1497 4062 1753 4129 Σαφήνεια

108 4164 342 4233 Μέγεθος,
418 4160 629 4223 Κάλλος,
707 4159 983 4229 Γοργὸτης,
1060 4151 1237 4215 Ἧθος,
1317 4147 1579 4208 Ἀληθεια,
1640 4153 1749 4198 Διι-

107 4257 266 4313 ter“.
335 4249 556 4306 Deinde
624 4251 905 4318 Σαφήνειαν
973 4239 1190 4296 dividit
1253 4239 1313 4293 in
1380 4237 1750 4308 Καθαρότητα,

108 4348 185 4393 καὶ
210 4341 510 4415 Εὐκρίνειαν
541 4355 556 4406 ;
592 4337 836 4393 tandem
879 4336 936 4384 τὸ
982 4331 1196 4404 μέγεθος
1227 4329 1286 4382 in
1319 4342 1426 4382 sex
1456 4325 1601 4380 alias
1634 4325 1754 4380 for-

101 4447 226 4486 mas
275 4430 534 4502 partitur
586 4428 693 4481 :in
746 4428 1058 4496 Σεμνὸτητα,
1107 4418 1451 4493 Τραχύτητα,
1503 4418 1754 4489 Λαμπρό-

111 4538 245 4584 τοτα,
299 4515 668 4590 Σφοδρὸτητα,
728 4516 927 4584 Ἀκμὴν
988 4513 1077 4560 καὶ
1133 4503 1615 4581 περιϐολήν;ρο8ι
1637 4519 1755 4559 m0-

111 4617 281 4665 rutam
308 4607 643 4663 orationem
668 4608 924 4675 quatuor
955 4598 1192 4654 metitur
1227 4593 1466 4650 dicendi
1499 4592 1704 4647 formis
1733 4608 1753 4649 :

115 4706 160 4767 τῇ
228 4698 483 4769 ’Δφελείᾳ,
559 4693 868 4753 Γλυχύτητι,
944 4688 1232 4762 Δριμύτητι
1299 4688 1386 4734 καὶ
1448 4683 1751 4753 Ἐπιεικείᾳ.

119 4787 214 4842 Diei
242 4788 423 4842 etiam
452 4784 546 4839 vix
573 4784 767 4854 potest
791 4783 1085 4851 quantum
1111 4775 1205 4830 hic
1229 4772 1384 4829 tmdii
1423 4770 1755 4826 absorben-

119 4875 260 4940 dum,
290 4891 433 4931 cum
472 4877 624 4946 quot
664 4867 1026 4942 quantisque
1084 4862 1445 4919 mendorum
1474 4859 1754 4915 monstris

120 4963 573 5020 conﬂictandum
604 4959 797 5021 fuerit,
828 4955 921 5010 vix
947 4958 1008 5009 ut
1037 4951 1298 5022 amplius
1334 4948 1640 5004 Herculem
1671 4947 1754 5004 fa-

124 5051 370 5108 bulosum
390 5051 565 5107 illum
584 5049 766 5103 heroa
783 5042 1062 5112 inAugim
1077 5040 1309 5097 stabulo
1328 5037 1754 5111 perpurgando

125 5137 396 5197 laborasse
427 5137 788 5195 existimem.

177 5230 250 5284 Ad
275 5229 507 5302 stylum
551 5225 717 5297 quod
774 5221 998 5286 attinet,
1032 5219 1136 5293 qui
1165 5219 1228 5274 in
1272 5216 1487 5276 Photio
1535 5230 1642 5287 pro
1692 5229 1755 5271 re

131 5325 238 5372 nata
262 5318 468 5373 varius
495 5312 745 5379 exsistit,
773 5310 1054 5384 equidem
1077 5307 1159 5364 sic
1179 5304 1528 5377 temperavi,
1555 5309 1617 5359 ut
1649 5309 1756 5360 ter-

134 5419 179 5458 ;o
202 5414 480 5480 castoque
522 5417 799 5459 sermone
856 5399 1076 5463 Latino,
1109 5397 1224 5453 hoc
1267 5398 1360 5450 est
1385 5396 1670 5460 Romane,
1705 5393 1756 5448 si

136 5507 356 5562 possem,
385 5496 674 5559 dicerem,
720 5503 1021 5562 sensaque
1061 5486 1275 5543 mentis
1328 5485 1638 5563 perspicue
1669 5498 1758 5539 re.

141 5591 551 5650 arasentarem.
580 5585 728 5642 Nam
758 5579 853 5638 vel
879 5576 1047 5636 Tullii
1079 5574 1382 5646 umbram,
1409 5575 1489 5632 ob
1519 5570 1757 5632 dicendi

1554 274 2086 335 PROLEGOMENA
3441 288 3513 341 22

1827 441 1832 447 -
1856 404 2343 477 perspicuitaiem
2363 409 2538 478 junta
2563 425 2633 466 ac
2665 409 3038 478 suavitatem,
3073 412 3264 467 libens
3282 411 3507 482 ample-

1858 498 2002 561 ctor,
2035 511 2158 566 prta
2190 497 2433 554 horrido
2465 497 2583 565 illo,
2637 500 2820 570 hujus
2849 501 2959 556 sevi
3018 505 3197 573 atque
3231 499 3507 564 obscuro,

1856 584 2035 655 quale
2096 587 2364 644 Heracliti
2426 596 2690 641 σκοτεινοῦ
2749 588 2880 658 fuit,
2936 589 3220 646 orationis
3270 603 3507 659 genere.

1859 673 2094 730 Scholia
2138 676 2221 731 rei
2275 677 2636 735 illustrandae
2691 679 2770 735 ad
2817 694 2986 734 oram
3036 684 3125 732 καὶ
3169 678 3512 751 ταυτολογού-

1858 780 1982 833 pavo:
1997 763 2321 823 identidem
2337 768 2607 839 apposui,
2633 774 2873 840 sumpto
2891 768 3161 824 subsidio
3174 785 3208 824 a
3224 768 3512 826 memoria

1857 851 2226 928 lectioneque
2259 857 2614 928 scriptorum
2641 861 2904 913 veterum
2932 874 2944 912 :
2991 862 3049 914 et
3079 859 3138 914 in
3164 859 3367 914 critico
3394 857 3509 914 hoc

1858 957 2072 1010 genere
2097 943 2313 1000 similia
2361 945 2618 1001 invicem
2672 947 3112 1018 componendo,
3146 946 3400 1017 digitum
3432 947 3510 1004 ad

1859 1031 2102 1096 fontem,
2131 1034 2292 1104 quod
2324 1034 2509 1100 aiunt,
2535 1035 2837 1091 intendere
2890 1036 3108 1107 potius.
3141 1051 3325 1108 quam
3357 1039 3512 1092 trau-

1858 1120 2114 1176 scribere
2147 1123 2402 1192 pretium
2426 1139 2624 1194 operae
2641 1124 2808 1179 duxi.
2843 1125 3140 1179 Interdum
3167 1130 3362 1180 tamen
3387 1126 3511 1180 ton-

1827 1251 1832 1256 .
1859 1209 2025 1279 giora
2058 1210 2236 1280 paulo
2255 1211 2478 1267 scholia
2493 1213 2756 1278 adhibui,
2785 1218 3039 1269 cumaut
3064 1213 3328 1268 antidoto
3357 1229 3511 1285 opus

1861 1297 1986 1363 fuit,
2017 1298 2168 1371 iique
2198 1304 2365 1356 erant
2396 1299 2718 1366 refellendi,
2747 1302 2848 1374 qui
2893 1301 2952 1356 in
2991 1302 3110 1358 alia
3149 1302 3350 1358 omnia
3389 1301 3510 1357 dis-

1859 1386 2094 1453 cedunt,
2128 1393 2232 1443 aut
2261 1388 2435 1460 plura
2465 1389 2741 1459 ejusdem
2771 1389 3031 1446 auctoris
3090 1389 3418 1456 attulimus,
3449 1394 3514 1444 ut

1861 1490 2070 1531 eorum
2101 1493 2173 1533 ex
2201 1482 2366 1548 parte
2391 1476 2658 1534 laborem
2693 1478 3048 1542 minuerem,
3081 1478 3186 1550 qui
3211 1477 3300 1533 vel
3324 1478 3514 1534 eccle-

1859 1565 2129 1621 siasticos
2148 1566 2394 1624 annales
2412 1583 2625 1638 magno
2641 1568 2909 1624 Ecclesia:
2929 1567 3252 1624 commodo
3269 1567 3512 1623 moliun-

1864 1658 1971 1719 tur,
2008 1654 2097 1709 vel
2125 1660 2396 1711 auctores
2419 1655 2584 1726 ipsos
2606 1655 2782 1726 longe
2806 1672 2994 1728 quam
3018 1661 3192 1713 antea
3219 1654 3513 1712 auctiores

1861 1742 2256 1811 melioresque
2283 1744 2538 1800 dabunt.
2591 1743 2740 1801 Cum
2778 1750 2977 1801 autem
3033 1745 3403 1800 enumeratio
3444 1759 3513 1800 ac

1861 1848 2113 1888 censura
2140 1834 2342 1889 Photio
2381 1838 2535 1890 esset
2559 1835 2847 1906 principio
2876 1834 3167 1891 duntaxat
3185 1833 3512 1906 proposita,

1860 1927 2016 1992 post,
2047 1922 2220 1994 quasi
2254 1929 2554 1979 metanma
2584 1923 2820 1988 ductus,
2850 1923 3045 1978 eidem
3071 1924 3292 1995 placuit
3315 1927 3514 1978 Excer-

1861 2015 1961 2082 pta
1995 2015 2174 2083 atque
2215 2012 2366 2067 adeo
2397 2011 2687 2084 opuscula
2711 2012 3060 2078 describere,
3094 2018 3150 2067 et
3195 2012 3254 2066 in
3281 2015 3511 2067 tomum

1861 2099 2113 2155 alterum
2139 2101 2451 2172 conjicere,
2487 2100 2699 2157 mentis
2738 2102 3010 2169 augurio,
3043 2105 3339 2173 quantum
3369 2114 3516 2154 con-
3563 2083 3567 2090 ’

1856 2189 2014 2259 jicio,
2050 2189 2171 2245 fore
2205 2196 2267 2245 ut
2288 2190 2569 2263 pleraque
2583 2191 2801 2261 scripta
2820 2195 3154 2261 temporum
3180 2188 3516 2259 longinqui-

1862 2283 1977 2334 tate
2009 2278 2363 2346 fatiscerent,
2423 2285 2524 2336 aut
2554 2279 2816 2335 funditus
2843 2280 3120 2350 perirent.
3163 2281 3277 2333 Nec
3316 2277 3518 2333 fefellit

1862 2368 2200 2436 augurium.
2244 2367 2515 2440 Plerique
2547 2367 2707 2424 enim
2749 2372 3017 2423 auctores
3047 2383 3171 2439 qua
3199 2365 3514 2421 hominum

1862 2457 2113 2523 incuria,
2147 2473 2270 2529 qua
2285 2457 2584 2512 vetustatis
2611 2458 2818 2513 omnia
2842 2456 3135 2513 vastantis
3159 2454 3398 2524 injuria,
3430 2454 3516 2509 in-

1864 2546 2244 2602 terciderunt.
2281 2547 2684 2611 Quamobrem
2707 2547 2768 2602 in
2791 2548 3075 2618 Excerpta
3117 2543 3217 2600 illa
3244 2543 3518 2614 longiora

1863 2637 2172 2708 pauciores
2205 2641 2380 2691 notas
2410 2636 2468 2691 in
2498 2641 2759 2692 extremo
2786 2651 2962 2707 opere
2990 2633 3386 2707 apponendas
3422 2649 3518 2688 cu-

1864 2726 2012 2790 ravi,
2043 2732 2104 2782 ut
2132 2726 2190 2780 in
2220 2725 2545 2788 Plutarchi,
2575 2724 2870 2789 Aristidis,
2903 2723 3253 2788 Memnonis,
3289 2727 3344 2779 et
3367 2725 3521 2792 Aga-

1865 2815 2192 2870 tbarchidae
2215 2812 2671 2886 ἀποσπασμοξτιαε
2701 2828 2962 2882 quorum
3010 2813 3361 2882 interpretes
3389 2826 3519 2866 eru-

1865 2903 2040 2971 ditos,
2061 2909 2253 2959 utnon
2269 2901 2624 2973 contempsi,
2641 2902 2724 2956 sic
2739 2907 2793 2956 et
2806 2901 3040 2955 illorum
3061 2899 3515 2955 observationes

1865 2994 2102 3050 admisi.
2136 2997 2196 3048 In
2229 2993 2432 3049 Ctesias
2465 2991 2899 3062 Persicisatque
2924 2989 3154 3057 Indicis,
3181 3005 3256 3044 ne
3272 2988 3354 3043 sis
3384 3004 3525 3044 nesc-

1867 3083 2012 3148 cius,
2047 3082 2343 3138 diversam
2383 3080 2929 3151 interpretationem
2964 3077 3212 3134 adhibui
3251 3083 3307 3135 et
3354 3077 3517 3134 illus-

1867 3173 2013 3227 travi
2055 3171 2131 3226 ab
2149 3187 2236 3242 ea,
2266 3170 2473 3242 quasin
2503 3173 2770 3224 extremo
2784 3166 3076 3224 Herodoto
3117 3167 3516 3239 typographo-

1865 3278 2000 3317 rum
2033 3263 2284 3332 Στεφάνου
2345 3274 2530 3330 opera
2600 3257 3031 3314 circumfertur.
3082 3258 3147 3312 Et
3175 3272 3316 3312 vero
3365 3256 3520 3312 curis

1869 3350 2171 3415 secundis,
2188 3353 2685 3421 posterorumque
2710 3345 3018 3401 industriae
3051 3345 3274 3417 aliquid
3291 3345 3386 3400 hic
3414 3343 3522 3400 fuit

1865 3439 2301 3512 reliquendum.
2347 3439 2495 3492 Nam
2552 3436 2715 3509 quod
2755 3451 2892 3490 vere
2937 3439 3277 3504 togatorum
3310 3433 3519 3490 aitdo-

1866 3528 2172 3584 ctissimus
2201 3530 2268 3583 M.
2300 3528 2481 3582 Varro
2509 3525 2572 3580 in
2602 3525 2730 3597 lege
2761 3523 3010 3580 Moenia:
3059 3545 3081 3573 ι
3141 3525 3207 3579 Ut
3235 3523 3296 3578 in
3353 3522 3520 3578 bona

1866 3622 2062 3687 segete
2086 3632 2281 3688 neque
2311 3614 2542 3670 nullum
2568 3620 2659 3670 est
2677 3614 2907 3685 spicum
2931 3627 3213 3684 nequam,
3242 3626 3432 3683 neque
3459 3613 3515 3666 in

1866 3706 2023 3762 mala
2042 3721 2159 3762 non
2177 3705 2419 3778 aliquod
2434 3704 2660 3759 bonum
2683 3719 2697 3769 ;
2720 3705 2801 3757 ita
2817 3718 2994 3757 nemo
3011 3705 3101 3757 est
3120 3700 3517 3772 reprehensus

1865 3796 2101 3868 (inquit,
2148 3812 2206 3851 v1
2262 3797 2348 3850 De
2402 3794 2601 3863 lingua
2632 3792 2886 3863 Latina),
2941 3791 3043 3862 qui
3091 3807 3123 3847 e
3189 3793 3386 3860 segete
3441 3790 3515 3845 ad

1863 3885 2233 3957 spicilegium
2265 3881 2830 3955 reliquitstipulam.
2867 3902 2890 3932 υ
2925 3879 2979 3936 Si
3009 3879 3154 3952 quid
3190 3884 3390 3936 autem
3420 3877 3515 3934 hic

1863 3981 2190 4048 peccatum,
2216 3974 2402 4029 homo
2428 3971 2587 4028 enim
2619 3986 2770 4033 sum,
2807 3985 2882 4024 ne
2914 3968 3160 4025 modicae
3191 3975 3243 4023 te

2007 4097 2330 4166 Oﬂ‘endant
2343 4093 2612 4160 maculae,
2640 4108 2780 4164 quas
2803 4098 2905 4147 aut
2929 4092 3167 4146 incuria
3186 4090 3369 4159 fudit.

2125 4188 2245 4240 Aut
2276 4186 2543 4240 humana
2571 4197 2789 4252 parum
2819 4182 2968 4236 cavit
3021 4184 3263 4236 natura.

1863 4316 2073 4380 Quaeso
2103 4326 2341 4385 quoque
2362 4323 2630 4380 rogoque
2658 4305 2973 4370 doctiores,
2996 4304 3216 4378 quibus
3240 4304 3368 4361 haec
3393 4319 3515 4360 non

1863 4403 2190 4467 elaboravi,
2248 4407 2306 4456 ut
2364 4397 2610 4454 meliora
2675 4394 3017 4468 proferant:
3078 4393 3242 4466 quod
3285 4398 3515 4450 tantum

1864 4495 2032 4551 abest
2065 4497 2125 4547 ut
2147 4492 2373 4547 laturus
2391 4489 2504 4543 sim
2535 4486 2803 4551 moleste,
2830 4490 2892 4541 ut
2913 4485 3167 4556 gratiam
3195 4484 3310 4540 sim
3339 4483 3514 4540 etiam

1863 4583 2175 4639 habiturus
2209 4579 2573 4647 maximam;
2609 4591 2841 4648 nosque
2875 4575 3154 4642 doceant,
3189 4572 3514 4628 maledictis

1868 4672 2047 4728 modo
2077 4678 2132 4727 et
2179 4667 2496 4725 calumniis
2549 4665 2911 4728 abstineant,
2961 4661 3172 4718 studiis
3229 4661 3515 4735 φιλανθρω-

1861 4767 1988 4830 πίας
2012 4761 2228 4816 nedum
2283 4757 2607 4814 Christiano
2636 4754 2880 4810 homine
2930 4751 3213 4822 indignis.
3265 4751 3514 4807 Valeant

1865 4867 2005 4907 vero
2022 4851 2125 4923 qui
2140 4853 2370 4904 tantum
2387 4846 2498 4900 sibi
2514 4846 2677 4900 falsaa
2699 4843 2892 4898 laudis
2907 4844 3515 4912 arrogant,quantum

1865 4941 1938 4996 de
1962 4939 2090 4995 aliis
2124 4954 2227 5009 per
2254 4936 2415 4991 nefas
2465 4933 2821 4989 detrahunt:
2879 4931 3008 4990 Illis
3028 4945 3140 5000 ego
3169 4933 3338 4984 vetus
3367 4927 3514 4985 illud

1864 5032 2134 5088 accinam
2162 5045 2173 5081 :
2210 5022 2349 5079 Ἰδοὺ
2375 5021 2550 5084 Ῥόδος
2582 5019 2721 5088 ἰδοὺ,
2752 5025 2840 5073 καὶ
2869 5023 2927 5073 τὸ
2959 5012 3203 5092 πήδημα.

1939 5118 2126 5174 Habes
2176 5116 2251 5171 de
2297 5111 2824 5186 interpretatione;
2874 5108 3050 5165 venio
3103 5107 3181 5164 ad
3239 5107 3510 5181 alterum,

1865 5208 2103 5280 gravius
2138 5212 2334 5261 tamen
2361 5218 2428 5258 ac
2453 5198 2755 5257 difﬁcilius
2775 5197 2852 5255 ad
2877 5197 3325 5271 proﬂigandum
3352 5211 3515 5268 quaa-

1865 5298 2070 5355 stionis
2121 5298 2321 5366 caput,
2386 5291 2462 5347 de
2558 5289 2758 5346 Photio
2858 5285 3511 5355 ConstantinOpolitano

1864 5389 2116 5461 ejusque
2169 5381 2420 5454 scriptis,
2482 5382 2546 5435 ut
2598 5379 2756 5436 hanc
2821 5376 3247 5433 Bibliothecam
3300 5373 3514 5430 erroris

1863 5478 2001 5536 labe
2029 5488 2241 5532 vacare
2271 5470 2697 5528 demonstrem.
2730 5472 2810 5524 Ac
2853 5465 3117 5539 primum
3147 5464 3222 5520 de
3243 5463 3517 5520 moribus

1865 5565 2200 5630 videamus,
2219 5561 2359 5618 hinc
2383 5557 2689 5632 deingenii
2703 5552 3128 5620 monumentis,
3147 5552 3518 5628 quas,paucis
