4046 6228
383 291 448 349 .33
1624 283 1719 339 AD
1761 280 1998 337 PHOTII
2031 277 2567 340 BIBLIOTHECAM
3725 293 3794 354 et

380 415 660 490 demptis,
693 414 769 471 ad
801 414 957 471 hanc
1014 415 1169 471 diem
1197 413 1255 469 in
1304 411 1564 469 tenebris
1596 409 1774 465 nimis
1800 408 1903 464 diu
1930 407 2029 463 de-

381 509 680 572 lituerunt,
715 520 874 560 nunc
927 504 1170 560 illustris
1221 503 1382 574 juxta
1413 518 1480 557 ac
1535 500 1693 555 docti
1733 498 2030 554 duumviri

380 597 550 656 Marci
571 595 784 650 Velseri
811 595 1091 664 auspiciis
1125 597 1372 664 utraque
1403 591 1613 660 lingua
1636 593 1871 652 exeunt,
1908 602 2031 642 non

382 687 489 743 levi
522 689 814 757 proventu
838 683 1169 753 fructuque,
1199 689 1447 752 utspero
1471 686 1525 735 et
1552 685 1714 750 opto,
1737 677 2034 732 bonarum

383 777 596 833 artium
620 792 688 831 ac
714 773 1183 844 disciplinarum,
1209 787 1329 843 quo
1345 769 1655 842 pauciores
1671 768 1777 823 hoc
1793 766 2030 831 saculo,

383 871 594 922 catera
626 863 882 919 felicium
915 861 1294 931 ingeniorum
1352 859 1551 924 feraci,
1608 856 1915 913 interiores
1947 856 2032 911 lit~

385 960 560 1020 teras,
589 954 824 1008 Gracas
845 949 1189 1023 prasertim,
1213 950 1585 1020 pertractant.
1607 948 1888 1002 Auctores
1906 946 2035 1016 ejus

389 1045 516 1100 vita
540 1040 920 1097 recensenda
943 1039 1363 1106 laudamus,ne
1385 1037 1526 1109 quid
1550 1035 1699 1092 falso
1714 1033 2034 1091 commenti

383 1134 712 1196 videamur,
746 1129 820 1185 de
850 1128 1062 1185 Gracis
1101 1127 1382 1200 antiquis,
1409 1143 1479 1183 ac
1508 1142 1658 1198 pene
1679 1124 2033 1198 aqualibus,

384 1227 694 1284 Zonaram,
725 1220 1363 1291 Glycam,Manassem,
1393 1217 1679 1285 Nicetam,
1714 1213 2039 1287 Curopala-

385 1317 529 1376 tam,
557 1311 778 1382 quique
808 1309 966 1364 hunc
995 1322 1275 1378 magnam
1302 1312 1530 1378 partem
1551 1305 1918 1377 transcripsit
1938 1305 2039 1360 Ce-

386 1404 662 1467 drenum,
713 1397 1106 1469 Metrophanis
1133 1398 1270 1452 item
1325 1401 1380 1452 et
1434 1395 1679 1467 Styliani
1736 1393 2037 1466 epistolas,

387 1497 518 1548 acta
549 1489 805 1560 denique
865 1487 1076 1559 synodi
1136 1492 1360 1542 octava
1419 1486 1719 1555 legitima.
1773 1485 2038 1540 Exstaret

389 1579 698 1652 Nicephori
721 1577 939 1634 Callisti
970 1576 1119 1632 liber
1145 1576 1469 1632 Annalium
1504 1574 2036 1632 ecclesiasticarum

384 1671 584 1726 tertius
611 1672 667 1724 et
693 1667 1029 1732 vicesimus,
1061 1681 1182 1737 quo
1237 1665 1310 1720 de
1348 1665 1572 1730 Photio,
1616 1664 1887 1736 ejusdem
1931 1663 2038 1718 avi

380 1759 562 1816 rebus
594 1757 776 1829 gestis
827 1757 1042 1811 diserte
1082 1759 1496 1827 pertractarat,
1529 1769 1649 1809 non
1705 1752 2037 1809 admodum

378 1849 812 1908 laboraremus,
846 1846 948 1900 sed
981 1845 1227 1900 extremi
1255 1844 1332 1899 illi
1361 1844 1496 1900 libri
1524 1848 1860 1915 temporum
1887 1842 2040 1898 cala-

380 1939 670 2002 mitatem,
705 1935 929 1991 cateris
987 1933 1182 1998 salvis,
1218 1933 1461 1988 minime
1501 1932 1874 2002 effugerunt:
1924 1931 2041 1986 nisi

379 2027 526 2083 forte
573 2026 634 2081 in
692 2024 950 2091 Gracia,
1009 2039 1142 2095 qua
1191 2022 1524 2078 libertatem
1578 2038 1771 2086 suam,
1817 2021 2040 2076 studio-

381 2131 638 2188 rumque
665 2115 944 2170 ardorem
974 2113 1206 2185 pridem
1239 2112 1492 2178 decoxit,
1540 2111 1764 2180 angulo
1813 2111 2040 2181 aliquo,

381 2205 638 2276 pulvere,
672 2205 805 2269 situ,
867 2218 936 2258 ac
968 2201 1247 2273 squalore
1279 2201 1480 2270 obsiti,
1545 2207 1606 2256 ut
1637 2201 1752 2256 alia
1784 2200 2046 2270 plurima

377 2300 645 2349 veterum
687 2293 923 2363 scripta,
953 2291 1321 2346 delitescant.
1358 2289 1443 2344 Ab
1475 2289 1701 2359 Ignatio
1734 2290 1912 2359 igitur
1942 2305 2049 2359 pa-

379 2383 636 2439 triarcha
664 2380 1016 2436 narrationis
1033 2380 1264 2434 initium
1282 2379 1465 2451 paulo
1491 2380 1665 2435 altius
1684 2385 2046 2450 repetamus.

451 2471 760 2542 Nicephori
792 2469 1059 2539 Augusti,
1114 2469 1242 2538 ejus
1273 2468 1377 2540 qui
1431 2468 1662 2522 lrenem
1718 2472 2051 2538 Augustam

379 2562 631 2633 imperio
657 2559 900 2631 expulit,
935 2575 1008 2614 ex
1056 2559 1176 2614 filia
1221 2558 1501 2629 Eutropia
1558 2561 1742 2629 atque
1775 2556 2050 2612 Michaele

377 2649 736 2722 imperatore
754 2654 1152 2719 cognomento
1175 2647 1479 2718 Rangabe,
1515 2663 1703 2717 nepos
1740 2646 1842 2701 fuit
1878 2651 2049 2715 lgna-

379 2741 516 2794 tius.
553 2742 717 2794 Hunc
745 2737 804 2793 in
833 2738 1048 2793 minori
1076 2741 1268 2802 atate,
1303 2744 1360 2791 et
1384 2735 1892 2807 Theophylactum
1922 2736 2043 2791 fra-

381 2835 532 2884 trem
559 2829 850 2898 majorem
876 2833 1042 2892 natu,
1070 2826 1342 2881 virilibus
1374 2828 1666 2892 exsecuit;
1701 2842 1822 2897 quo
1862 2826 2038 2889 facto,

385 2917 682 2989 repetendi
718 2916 972 2988 imperii,
1027 2917 1306 2987 quamvis
1359 2916 1588 2987 paterni
1637 2922 1814 2986 atque
1881 2915 2040 2986 aviti,

398 3024 502 3079 spe
531 3008 765 3078 penitus
793 3006 1151 3060 arcebantur
1191 3023 1203 3058 :
1258 3012 1543 3076 praterea
1588 3007 1878 3071 Ignatium
1920 3021 2042 3059 mo-

381 3097 558 3151 nachi
616 3096 728 3150 ritu
767 3096 1136 3150 tondendum
1185 3094 1431 3146 curavit.
1480 3093 1704 3147 Timeat
1749 3093 1908 3147 enim
1957 3099 2041 3163 ty-

391 3183 663 3240 rannidis
706 3182 792 3236 vis
837 3197 957 3237 non
991 3181 1188 3235 minus
1218 3197 1404 3252 quam
1461 3187 1756 3236 metuatur
1796 3197 2038 3236 necesse

396 3278 502 3341 est,
543 3287 654 3328 nec
702 3270 900 3326 minus
945 3270 1019 3325 sit
1073 3270 1204 3341 ipsa
1249 3270 1497 3324 sollicita
1557 3286 1742 3340 quam
1795 3271 2034 3336 subditi,

387 3362 642 3417 Omnino
659 3360 836 3415 rebus
855 3359 1259 3428 commutatis,
1277 3359 1648 3430 imperioque
1665 3359 1740 3414 ad
1755 3361 2040 3431 TheOphi-

383 3450 507 3505 lum
560 3449 858 3505 Michaelis
888 3448 1083 3504 Trauli
1136 3449 1322 3504 ﬁlium
1362 3447 1665 3513 devoluto,
1727 3450 2038 3506 Theodora

382 3539 686 3611 Theophili
721 3555 888 3604 uxor,
922 3554 1060 3593 cum
1098 3538 1225 3594 viro
1266 3537 1544 3594 defuncto
1573 3537 1895 3609 imperium
1928 3555 2038 3612 pro

383 3629 659 3686 Michaele
707 3629 831 3683 ﬁlio
892 3628 1415 3699 Porphyrogeneta
1470 3635 1833 3700 procuraret,
1877 3630 2039 3688 fama

382 3735 517 3789 qua
545 3718 616 3774 de
671 3718 876 3788 lgnatii
909 3717 1226 3772 virtutibus
1273 3717 1515 3772 celebris
1552 3723 1697 3783 erat,
1745 3727 2036 3790 permota,

384 3815 437 3862 et
469 3807 695 3879 alioqui
728 3823 835 3879 pro
890 3806 1162 3862 muliebri
1224 3806 1463 3874 ingenio
1519 3808 1871 3864 nobilissimi
1931 3810 2038 3865 viri

381 3895 783 3953 calamitatem
818 3896 1114 3957 miserata.
1171 3895 1334 3950 nulla
1360 3895 1547 3968 ipsius
1603 3896 1800 3968 culpa,
1843 3899 2039 3954 aliena

381 3991 614 4043 tantum
641 3985 930 4058 pravitate
988 3990 1378 4052 contractam,
1408 3986 1701 4042 Methodio
1758 3987 2039 4042 Constan-

380 4076 771 4146 tinopolitano
819 4075 1154 4146 patriarcha
1185 4077 1309 4132 vita
1339 4076 1565 4141 functo,
1612 4077 1904 4146 lgnatium
1949 4095 2040 4133 sa-

378 4165 516 4221 lutis
555 4181 713 4220 anno
746 4163 1124 4228 DCCCXLVII,
1155 4180 1381 4234 magna
1430 4166 1730 4221 bonorum
1763 4167 2036 4222 omnium

380 4253 794 4324 gratulatione,
827 4253 1310 4308 substituendum
1343 4254 1592 4309 curavit.
1622 4254 1788 4310 Initia
1816 4272 1885 4310 ac
1917 4273 2040 4312 me-

379 4344 482 4398 dia
521 4342 656 4397 lata
697 4342 954 4403 fuerunt,
990 4357 1095 4408 par
1126 4343 1250 4411 spei
1283 4343 1526 4397 fructus.
1558 4343 1768 4398 Secuta
1799 4350 1889 4399 est
1919 4362 2042 4401 ma-

379 4430 468 4486 ior
517 4430 1046 4501 Porphyrogeneta
1091 4434 1256 4490 atas,
1291 4445 1412 4500 qua
1447 4431 1539 4485 sui
1579 4448 1848 4502 compos,
1886 4434 2039 4488 vitiis

382 4519 781 4589 mancipatus,
829 4523 1013 4572 matre
1060 4518 1366 4573 Theodora
1395 4535 1591 4574 rerum
1627 4522 2041 4590 procuratione

381 4613 602 4669 amota,
639 4608 839 4662 Barda
873 4623 1057 4678 seque
1086 4613 1140 4662 et
1172 4606 1492 4678 imperium
1542 4610 1870 4677 regendum
1913 4627 2043 4682 per-

383 4697 561 4762 misit,
592 4695 760 4753 nulla
812 4695 988 4751 fama
1057 4712 1218 4761 cura,
1277 4712 1466 4768 pravo
1520 4697 1750 4752 homini
1780 4700 2043 4769 perditus

377 4785 645 4855 juvenis:
681 4785 783 4840 sed
825 4786 884 4840 in
935 4785 1162 4857 reliqua
1213 4786 1478 4856 nequitia
1517 4803 1648 4842 eam
1685 4794 1883 4842 tamen
1916 4788 2043 4844 lau-

387 4874 525 4930 dem
571 4876 803 4939 meruit,
846 4875 1009 4946 quod
1055 4876 1379 4931 litterarum
1413 4876 1778 4946 professores
1824 4879 2043 4949 stipen-

399 4964 496 5019 dio
546 4964 620 5019 de
683 4963 920 5030 publico
983 4965 1318 5033 designato,
1378 4967 2042 5038 Coustantinopolieru-

391 5053 653 5124 diendaj
669 5054 930 5108 uventuti
951 5055 1271 5118 constituit,
1298 5057 1484 5109 Leone
1501 5055 1721 5110 scholis
1737 5056 2035 5127 prafecto,

385 5144 586 5215 magni
631 5143 886 5198 nominis
945 5159 1009 5197 ea
1048 5148 1398 5215 tempestate
1431 5144 1809 5215 philosopho.
1863 5145 2036 5201 Cate-

381 5248 514 5288 rum
549 5231 800 5288 Bardam
842 5234 1135 5287 Casarem
1185 5238 1470 5298 creatum,
1503 5239 1558 5288 et
1597 5241 1902 5304 acceptam
1936 5252 2037 5306 po-

379 5325 652 5376 testatem
686 5336 802 5374 non
838 5319 1078 5391 publica
1099 5321 1306 5386 salute,
1342 5322 1442 5376 sed
1477 5321 1766 5376 scelerum
1799 5321 2036 5379 licentia

377 5409 779 5474 deﬁnientem,
826 5426 1010 5482 usque
1059 5426 1150 5473 eo,
1187 5417 1246 5464 ut
1300 5427 1480 5467 uxore
1534 5411 1838 5482 repudiata
1896 5429 2032 5467 cum

375 5516 532 5556 nuru
558 5515 669 5554 sua
719 5500 900 5571 stupri
946 5498 1438 5555 consuetudinem
1486 5499 1750 5561 haberet,
1795 5500 2030 5572 piorum

377 5594 531 5648 catu
559 5588 816 5662 Ignatius
848 5589 1244 5647 anathematis
1271 5589 1602 5663 ignominia
1640 5594 1911 5649 notatum
1937 5607 2031 5648 ex-

2140 408 2310 480 pulit,
2346 425 2412 465 ac
2444 411 2621 468 veluti
2657 413 3404 488 Baptistesalterﬂerodem
3435 421 3792 496 increpavit,

2141 501 2385 566 Magnus
2419 517 2560 557 sane
2600 504 2704 569 vir,
2731 507 2831 561 sed
2868 503 3105 564 meliOre
3139 511 3361 566 saculo
3388 511 3624 580 dignus.
3664 514 3795 570 Per-

2143 588 2281 644 culit
2307 594 2669 650 easeveritas
2701 596 3084 666 impotentem
3111 600 3371 655 hominis
3400 601 3698 671 animum,
3733 609 3797 660 ut

2143 693 2324 748 quem
2353 683 2621 747 revereri,
2654 691 2830 757 atque
2847 692 2906 742 ut
2930 688 3226 744 medicum
3256 706 3457 746 amare
3479 692 3790 760 debuerat,

2145 768 2368 839 synodo
2390 768 2541 826 facta
2557 772 2906 844 episcopatu
2924 777 3241 848 spoliatum
3270 780 3326 834 in
3350 781 3680 851 Mytilenem
3709 781 3797 836 in-

2145 855 2339 911 sulam
2365 858 2668 928 relegavit.
2687 863 3073 921 Substituitur
3087 883 3186 938 per
3206 867 3370 923 nefas
3405 870 3636 924 Photius
3656 889 3796 944 πρω-

2146 955 2500 1018 τοασηκρῆτις
2525 951 2784 1018 Zonara,
2829 954 3047 1009 usitata
3077 957 3337 1027 sequiori
3369 957 3589 1013 saculo
3624 974 3789 1023 voce,

2148 1049 2182 1090 a
2237 1036 2686 1095 Commentariis
2734 1049 2788 1096 et
2835 1043 3080 1100 Senator
3127 1045 3388 1100 urbanus
3430 1062 3589 1101 anno
3637 1046 3798 1102 Chri-

2149 1123 2221 1178 sti
2267 1125 2580 1192 DCCCLIX,
2630 1129 2742 1185 hoc
2804 1137 2910 1196 est,
2948 1138 3081 1204 post
3120 1133 3505 1189 undecimum
3545 1135 3799 1206 patriar-

2147 1213 2357 1269 chatus
2389 1217 2615 1284 lgnatii,
2669 1219 2741 1274 de
2782 1219 2908 1276 foro
2967 1227 3207 1292 repente
3262 1221 3321 1277 in
3351 1223 3616 1278 Ecclesia
3650 1237 3798 1294 pra-

2147 1302 2432 1359 fecturam
2475 1307 2818 1363 translatus.
2854 1311 3084 1382 Raptim
3127 1313 3333 1367 omnia
3371 1317 3429 1367 et
3460 1313 3800 1383 perturbate

2149 1398 2283 1447 sunt
2313 1392 2488 1457 facta,
2525 1411 2718 1468 neque
2750 1399 2892 1468 quid
2924 1399 3158 1469 legibus
3193 1407 3467 1455 sanctum
3497 1405 3584 1456 est
3610 1403 3800 1457 consi-

2148 1480 2376 1546 derant,
2425 1484 2513 1540 ira
2559 1491 2614 1540 et
2658 1487 2986 1543 ambitione
3041 1490 3310 1559 pessimis
3356 1489 3798 1546 consultoribus

2149 1571 2373 1642 agitati.
2425 1574 2697 1630 Nicotaus
2752 1579 3054 1634 Romanus
3110 1578 3375 1634 Pontifex
3433 1595 3503 1634 eo
3557 1581 3800 1635 nomine

2148 1661 2398 1731 primus,
2417 1664 2496 1718 rei
2521 1670 2700 1734 gesta
2721 1667 2929 1722 nuntio
2947 1674 3303 1733 commotus,
3322 1669 3637 1740 episcopos
3649 1669 3800 1724 duos

2153 1751 2526 1807 Rodoaldum
2550 1761 2605 1808 et
2627 1755 2972 1810 Zachariam
3005 1756 3582 1829 Constantinopolim
3608 1759 3798 1823 mittit,

2155 1855 2292 1894 cum
2336 1846 2626 1912 potestate
2676 1860 2985 1901 sacrarum
3033 1846 3364 1918 imaginum
3405 1847 3608 1902 hostes
3641 1849 3799 1918 (qua

2154 1930 2336 2000 pestis
2389 1931 2503 1985 late
2541 1933 2598 1986 in
2646 1934 2876 1989 Oriente
2921 1935 3335 2006 grassabatur)
3381 1935 3550 1991 novis
3595 1937 3800 1993 edictis

2155 2020 2487 2087 coercendi,
2525 2027 2702 2094 atque
2742 2024 2799 2078 in
2853 2025 3060 2092 lgnatii
3111 2040 3294 2080 causa
3331 2026 3460 2094 ejus
3506 2027 3703 2095 legati,
3739 2029 3803 2081 ut

2157 2108 2492 2177 cognitione
2541 2111 2827 2177 instituta,
2868 2115 2992 2169 visa
3039 2115 3218 2168 modo
3258 2113 3707 2186 explorataque,
3740 2114 3804 2170 in

2156 2212 2216 2252 re
2250 2200 2524 2268 prasenti
2542 2202 2964 2257 renuntiarent.
2980 2203 3085 2273 Adj
3097 2204 3262 2272 ungit
3277 2204 3498 2259 litteras
3516 2205 3592 2259 ad
3609 2208 3807 2273 Augu-

2160 2292 2317 2343 stum
2347 2288 2666 2358 sigillatim,
2701 2307 2834 2362 qua
2875 2298 3126 2357 exstant,
3163 2293 3218 2347 in
3271 2293 3543 2348 Photium
3578 2295 3810 2362 gravis-

2161 2375 2346 2430 simas
2375 2398 2386 2428 :
2430 2383 2634 2433 contra
2662 2379 2752 2434 fas
2782 2396 3172 2452 aquumque,
3204 2386 3381 2453 atque
3411 2382 3612 2436 omnia
3643 2388 3810 2437 vetu-

2163 2467 2329 2521 statis
2360 2467 2633 2539 exempla
2664 2469 2721 2522 in
2759 2468 3030 2525 Ecclesia
3054 2471 3467 2542 prafecturam
3499 2471 3807 2543 irrupisse,

2159 2571 2230 2610 ex
2273 2556 2526 2627 profano
2570 2564 2810 2629 repente
2860 2559 3066 2615 Christi
3099 2566 3401 2631 pastorem
3443 2561 3641 2631 gregis
3681 2577 3813 2633 pro-

2159 2645 2360 2712 diisse,
2409 2662 2550 2702 vero
2583 2650 2906 2718 prasertim
2955 2657 3191 2722 pastore
3223 2651 3554 2723 superstite.
3614 2652 3810 2719 Legati

2160 2736 2365 2790 fraude
2397 2736 2633 2800 inducti,
2681 2739 2952 2794 studiove
2993 2741 3354 2810 principibus
3409 2740 3810 2809 gratiﬁcandi,

2159 2824 2592 2895 Ignatiumjure
2615 2827 2968 2882 damnatum
2993 2829 3177 2883 videri
3195 2830 3641 2899 pravaricando
3662 2845 3812 2900 pra-

2157 2914 2450 2969 nuntiant.
2482 2915 2753 2970 Nicolaus
2785 2918 3029 2988 quidem
3071 2919 3252 2972 atroci
3285 2917 3488 2972 nuntio
3523 2918 3806 2989 famaque

2154 3018 2477 3073 percussus
2529 3005 3030 3074 pravaricationis
3064 3006 3287 3061 factum
3344 3006 3674 3074 legatorum
3711 3022 3803 3061 ac-

2151 3091 2395 3145 cusavit.
2432 3093 2688 3147 Omnino
2719 3109 2788 3147 ea
2821 3095 3148 3150 temeritate
3201 3093 3632 3166 pronuntiandi
3674 3109 3802 3148 ma-

2151 3179 2240 3247 gis
2265 3180 2474 3247 lgnatii
2515 3197 2700 3236 causa
2754 3183 3093 3238 contirmari
3130 3184 3255 3238 visa
3306 3189 3412 3248 est,
3465 3199 3706 3253 prorsus
3741 3187 3805 3237 ut

2152 3270 2338 3323 Barda
2364 3274 2591 3323 (Ias-are
2631 3271 2933 3342 deinceps,
2984 3283 3039 3327 et
3065 3271 3338 3328 Michaele
3372 3277 3634 3340 Augusto
3666 3271 3804 3326 insi-

2148 3357 2262 3413 diis
2304 3359 2494 3414 Basilii
2544 3361 2880 3415 Macedonis
2927 3361 3194 3426 sublatis,
3238 3360 3538 3416 Adrianus
3579 3363 3618 3415 lt
3655 3375 3805 3430 pon-

2149 3446 2286 3502 tifex
2319 3451 2622 3503 Romanus
2649 3449 2867 3504 Nicolai
2896 3449 3157 3505 defuncti
3185 3449 3444 3521 vestigiis
3493 3449 3800 3513 incedens,

2149 3537 2375 3608 synodo
2430 3537 2943 3609 Constantinopoli
2986 3539 3186 3594 habita
3225 3555 3296 3594 cn
3355 3540 3800 3611 episcoporum,

2148 3643 2308 3682 anno
2357 3627 2562 3684 salutis
2593 3629 3067 3684 DCCCLXXXVIII
3125 3629 3294 3702 (qua
3355 3630 3506 3684 inter
3558 3644 3807 3700 genera-

2147 3715 2229 3770 les
2255 3721 2465 3771 octava
2496 3732 2782 3787 germana
2796 3725 2902 3784 est,
2932 3718 3246 3787 Graceque
3277 3735 3345 3774 ac
3383 3719 3579 3774 Latine
3605 3717 3804 3773 studio

2149 3806 2398 3861 Mattbai
2431 3807 2639 3861 Raderi
2682 3814 2896 3862 nostra
2935 3809 3231 3862 societatis
3265 3808 3616 3880 presbyteri,
3669 3811 3806 3878 post

2151 3897 2448 3951 Anastasii
2503 3895 2929 3951 Bibliothecarii
2983 3899 3341 3960 versionem,
3376 3896 3571 3951 lucem
3613 3911 3808 3968 nuper

2150 3985 2422 4054 aspexit),
2459 3985 2662 4040 Pbotio
2711 3991 2931 4049 amoto,
2989 3987 3249 4054 lgnatius
3302 3991 3364 4041 ut
3403 3985 3807 4040 restitueretur

2149 4073 2476 4144 perfecerit.
2494 4075 2752 4130 Pontifex
2771 4092 2911 4130 sane
2929 4076 3129 4145 magni
3144 4077 3325 4130 animi
3345 4091 3537 4146 neque
3555 4074 3806 4129 minoris

2151 4163 2398 4227 consilii,
2427 4164 2530 4235 qui
2575 4172 2782 4221 exacta
2812 4181 3014 4220 senem
3065 4172 3256 4230 atate,
3310 4165 3489 4220 rebus
3518 4162 3806 4235 quamvis

2150 4253 2421 4323 gerendis
2458 4254 2743 4320 inutilem,
2797 4255 3003 4310 maluit
3059 4254 3330 4310 Ecclesia
3374 4251 3806 4324 gubernaculis

2151 4342 2398 4406 restitui,
2440 4359 2624 4414 quam
2693 4343 3038 4408 concedere,
3090 4349 3152 4398 ut
3181 4359 3337 4399 novo
3386 4358 3455 4398 ac
3513 4343 3807 4397 damnato

2151 4431 2425 4501 exemplo
2447 4431 2774 4502 disciplina
2806 4432 3237 4488 labefactanda
3270 4433 3465 4488 aditus
3509 4431 3816 4503 relinque"

2153 4525 2329 4574 retur.
2392 4521 2502 4574 Etsi
2562 4524 2888 4586 Nectarius,
2950 4523 3221 4578 Tarasius
3276 4522 3460 4577 Photii
3521 4526 3800 4594 patruus,

2151 4607 2399 4680 ejusque
2423 4625 2728 4666 successor
2754 4611 3213 4682 Nicepborus,et
3241 4612 3297 4666 in
3328 4611 3638 4668 Occidente
3661 4616 3807 4665 Am-

2151 4696 2390 4753 brosius
2425 4715 2454 4752 e
2495 4698 2656 4754 laicis
2704 4707 2940 4771 repente
2985 4701 3247 4772 epiSCOpi
3293 4701 3409 4754 sint
3438 4700 3637 4755 creati.
3668 4702 3804 4756 Hac

2151 4785 2242 4841 ille
2267 4789 2554 4859 prastitit.
2605 4790 2813 4858 lgnatii
2847 4807 2984 4844 vero
3038 4792 3355 4844 subsecuta
3403 4795 3612 4854 morte,
3644 4805 3807 4845 nova

2152 4878 2660 4948 Constantinopoli
2687 4879 2953 4950 synodus
2973 4879 3228 4952 λῃστρικὴ
3250 4879 3523 4934 Photium
3550 4879 3807 4934 restituit

2151 4981 2310 5020 anno
2368 4967 2788 5032 DCtZCLXXVll,
2862 4969 3276 5041 episcoporum
3350 4983 3678 5031 cccexxxm,
3738 4967 3805 5024 in

2149 5055 2458 5125 pristinum
2490 5056 2708 5122 locum,
2730 5057 2895 5112 initio
2927 5061 3402 5114 consensultom.
3427 5061 3592 5114 Pont.
3624 5060 3807 5112 Joan-

2148 5143 2238 5198 nis
2269 5144 2411 5209 Vlll,
2449 5145 2527 5198 uti
2558 5147 2686 5215 ejus
2713 5146 2921 5215 synodi
2957 5149 3143 5202 sessio
3173 5149 3364 5218 prima
3392 5146 3673 5212 declarat,
3705 5145 3804 5199 his

2148 5233 2372 5288 verbis:
2403 5235 2570 5300 Quod
2600 5235 2883 5290 Dominus
2909 5244 3108 5292 noster
3138 5237 3508 5305 Apostoticus
3530 5236 3800 5290 admittit

2144 5323 2442 5378 dominum
2469 5325 2730 5379 Photium
2755 5326 3260 5392 mpatriarcham,
3288 5333 3540 5381 testatur
3553 5325 3805 5392 Ponti/io

2143 5414 2290 5468 catis
2314 5416 2467 5469 stola
2494 5430 2530 5468 a
2546 5431 2770 5470 summo
2794 5415 2967 5469 Pont.
2984 5415 3113 5470 dom
3127 5421 3222 5469 z’no
3241 5422 3437 5470 nostro
3457 5416 3689 5469 Joanne
3709 5414 3794 5468 ad

2140 5517 2266 5559 eum
2308 5505 2478 5558 missa
2508 5519 2520 5558 :
2555 5520 2730 5574 quam
2761 5512 3078 5572 propterea
3111 5505 3348 5567 direxit,
3382 5508 3445 5559 ut
3474 5518 3668 5559 omnes
3700 5503 3794 5557 in-

2139 5593 2432 5664 telligant,
2455 5597 2510 5650 et
2537 5599 2696 5650 certo
2716 5593 3232 5662 sciant,dominum
3259 5594 3534 5652 Photium
3556 5593 3735 5664 recipi
3755 5608 3798 5648 a
