4046 6228
276 313 357 368 ,5
1681 289 2239 351 PROLEGOMENA.
3591 307 3665 366 ,ο

304 429 759 501 molienti/tce
770 430 837 485 in
858 425 1296 499 patriarcham.
1316 425 1572 495 Cumque
1593 421 1702 479 hoc
1716 419 1898 476 dixis-

308 537 394 591 set,
420 526 543 582 dedit
565 522 774 577 Photio
807 518 1213 588 pontificalem
1225 515 1461 579 stolam,
1482 511 1784 569 humerale
1811 512 1900 567 in-

305 620 599 675 duratum,
624 610 937 679 penulam,
970 614 1026 664 et
1054 606 1345 662 sandalia.
1390 606 1522 661 Ilmc
1566 603 1837 675 synodus
1881 617 1893 666 ;

294 706 587 775 argumento
615 698 959 756 conciliata:
994 696 1158 753 initio
1198 711 1331 751 com
1364 697 1588 750 Joanne
1620 692 1898 764 pontiﬁce

276 796 438 864 gratia:
463 809 479 844 :
508 790 611 863 qui
644 806 792 845 cum
822 804 895 845 eo
923 786 1188 851 nomine,
1230 789 1294 840 ut
1318 799 1533 856 parum
1560 780 1762 847 virilis,
1788 797 1897 837 au-

265 884 390 939 diret
416 880 584 945 male,
603 896 671 936 re
714 884 949 935 mature
981 880 1236 948 cognita.
1265 875 1323 929 in
1344 874 1669 930 ambonem
1702 870 1900 944 publi-

262 988 378 1027 cum
407 986 786 1042 progressus,
806 966 1101 1031 Photium,
1124 964 1304 1021 veteri
1335 964 1714 1020 anathemate
1733 978 1899 1036 repe-

260 1063 368 1125 tito,
408 1058 548 1113 diris
606 1060 833 1113 iterum
878 1055 1133 1112 devovit.
1181 1056 1376 1121 Quare
1427 1053 1753 1110 Ecclesiam
1803 1051 1898 1107 ille

253 1154 607 1221 praepostere,
622 1147 894 1219 primum
924 1143 1170 1217 quidem
1188 1147 1565 1214 occupatam.
1581 1141 1683 1197 diu
1703 1146 1898 1197 tenere

248 1253 355 1293 non
370 1237 574 1310 potuit.
600 1242 648 1291 Α
682 1238 875 1291 Leone
901 1239 1189 1307 Augusto,
1213 1236 1612 1302 cognomento
1637 1230 1899 1287 Philoso-

246 1328 349 1401 pho
376 1328 473 1399 qui
512 1326 681 1397 patri
713 1324 928 1380 Basilio
958 1322 1244 1379 successit
1288 1320 1419 1377 loco
1451 1326 1672 1385 motus,
1715 1320 1772 1375 in
1800 1320 1902 1375 Ar-

245 1417 569 1471 meniarum
631 1414 1071 1470 monasterium
1123 1427 1283 1467 anno
1351 1411 1770 1467 DCCCLXXXVI
1822 1410 1900 1466 ad

240 1507 364 1562 vitae
389 1506 614 1561 exitum
639 1506 753 1577 (sic
784 1503 1059 1574 arbitror)
1089 1503 1211 1557 sive
1236 1518 1270 1557 a
1288 1500 1603 1557 Catholicis
1638 1505 1895 1569 coactus,

241 1612 336 1649 seu
363 1594 945 1665 sponte,incertum,
988 1590 1253 1647 secessit.
1284 1589 1672 1647 Santabareni
1699 1590 1902 1646 amici-

236 1685 310 1739 tia
334 1684 390 1740 in
424 1683 648 1755 primis
682 1681 879 1738 fraudi
912 1680 997 1736 illi
1023 1680 1369 1752 damnoque
1397 1678 1520 1743 fuit,
1552 1679 1799 1735 veneﬁci
1831 1695 1901 1735 ac

236 1773 705 1845 praestigiatoris,
755 1771 1063 1843 multaque
1094 1769 1317 1825 scelera
1360 1768 1479 1824 alia
1508 1768 1570 1823 in
1597 1768 1737 1824 ﬁcta
1766 1784 1898 1824 san-

230 1862 436 1918 ctitatis
461 1862 682 1934 specie
704 1861 975 1930 tegentis.
1005 1861 1096 1916 Sic
1116 1860 1422 1929 Augustus
1452 1857 1706 1931 putabat
1735 1873 1748 1922 ;
1777 1857 1896 1925 alii,

227 1954 282 2008 in
304 1952 395 2009 his
420 1952 561 2025 ipse
590 1950 843 2022 Augusti
871 1956 1058 2022 pater,
1089 1950 1149 2005 in
1177 1947 1567 2004 sanctissimis
1588 1946 1900 2004 monachis

226 2058 549 2099 numerare
590 2042 759 2097 soliti
790 2045 977 2096 erant.
1026 2039 1119 2097 Sic
1150 2046 1287 2096 sunt
1324 2037 1640 2095 hominum
1671 2036 1900 2108 judicia

228 2148 354 2187 cum
389 2132 786 2204 temporibus
814 2130 1188 2186 alternantia.
1234 2127 1488 2184 Tametsi
1535 2127 1662 2183 aliae
1703 2143 1899 2182 causas

223 2220 427 2277 efﬁctas
456 2226 633 2286 sunt,
669 2228 733 2276 ut
759 2220 892 2291 jure
921 2219 1059 2291 pelli
1081 2220 1391 2285 videretur,
1425 2217 1524 2274 illa
1556 2217 1775 2273 exstitit
1803 2231 1899 2272 ve-

220 2310 455 2366 rissima
483 2328 498 2365 :
528 2310 734 2383 poenis
764 2308 1053 2364 scelerum
1067 2306 1597 2376 agentibusdivina
1616 2305 1897 2370 vindicta,

224 2408 392 2473 atque
421 2400 598 2456 male
648 2397 927 2470 occupati
975 2396 1218 2453 honoris
1274 2396 1629 2452 conscientia
1680 2394 1898 2450 dedere

224 2492 630 2563 praecipitem,
655 2488 965 2560 Stephano
998 2487 1242 2557 Augusti
1264 2486 1443 2542 fratre
1460 2487 1518 2541 in
1540 2486 1669 2556 ejus
1694 2484 1897 2541 locum

233 2582 587 2651 snbrogato.
620 2581 673 2633 ls
701 2577 1129 2634 controversiae
1161 2577 1308 2632 inter
1339 2579 1640 2632 Romanos
1671 2581 1727 2631 et
1757 2576 1900 2631 Con-

222 2667 799 2741 stantinopolitanos
824 2666 1151 2739 pontiﬁces,
1169 2665 1386 2722 nobilis
1414 2680 1551 2720 cum
1583 2663 1790 2735 primis
1815 2668 1899 2721 at-

220 2774 327 2830 que
350 2761 691 2823 diuturnae,
739 2757 935 2813 exitus
960 2755 1086 2812 fuit.
1113 2757 1164 2811 Is
1189 2754 1384 2813 Photii
1414 2753 1896 2825 pseudopatriar-

214 2848 335 2904 chae
360 2865 585 2905 casus.
616 2847 849 2911 Adhuc,
874 2844 1039 2902 brevi
1062 2850 1259 2901 tamen
1286 2845 1417 2900 vita;
1447 2843 1746 2900 Photianas
1774 2859 1894 2899 sce-

218 2953 351 2993 nam
379 2954 498 2993 seu
530 2936 892 3009 tragoediam
926 2934 1119 2991 verius
1162 2939 1458 3005 utcunque
1498 2932 1761 2996 exhibui,
1793 2932 1896 3004 qui

214 3026 302 3083 bis
312 3027 815 3099 patriarchatum
829 3024 1123 3098 pernefas,
1140 3030 1508 3096 repugnante
1522 3028 1688 3095 pont.
1710 3037 1843 3077 max
1856 3063 1891 3089 ._.

212 3116 385 3188 pulso
407 3117 684 3190 Ignatio,
709 3115 1043 3182 invasit,bis
1066 3130 1308 3188 quoque
1326 3112 1607 3170 abdicare
1629 3116 1889 3168 coactus:

212 3207 493 3277 privatus
525 3205 775 3262 tandem
802 3210 860 3262 et
883 3204 1171 3274 inglorius
1196 3204 1480 3260 secedens
1503 3202 1694 3274 periit.
1724 3201 1893 3257 Nunc

208 3296 489 3366 elogium
541 3297 695 3368 ejus,
729 3295 1023 3367 permistis
1055 3300 1253 3350 tamen
1286 3294 1483 3349 virtuti
1514 3292 1694 3359 vitiis,
1722 3310 1752 3348 e
1800 3291 1892 3347 Ni-

211 3390 336 3440 ceta
370 3384 778 3457 Paphlagone
827 3385 891 3440 in
923 3386 1047 3441 Vita
1076 3387 1137 3439 Β.
1175 3383 1378 3456 lgnatii
1412 3382 1754 3455 patriarchae
1784 3397 1894 3455 ap-

208 3489 445 3545 ponam
505 3491 519 3528 :
572 3474 670 3527 Ἠν
718 3471 777 3527 δὲ
823 3474 972 3537 οὗτος
1017 3476 1042 3527 ὁ
1102 3480 1295 3537 Φὼτιος
1344 3473 1403 3526 οὐ
1459 3482 1556 3526 τῶν
1600 3471 1789 3544 ἆγενῶν
1838 3490 1892 3523 τε

205 3569 296 3615 καὶ
360 3564 681 3635 ἀνωνύμων,
739 3564 866 3617 ἀλλὰ
917 3570 1008 3617 καὶ
1062 3574 1162 3617 τῶν
1219 3565 1431 3637 εὐγενῶν
1505 3566 1642 3617 κατὰ
1721 3564 1892 3639 σάρκα

203 3658 295 3705 καὶ
358 3662 690 3725 περιφανῶν,
751 3659 910 3727 σοφίᾳ
956 3673 1011 3706 τε
1064 3663 1316 3728 κοσμικῇ,
1386 3660 1475 3707 καὶ
1530 3659 1733 3707 συνέσει
1791 3662 1889 3705 τὼν

210 3741 257 3794 ἐν
329 3752 399 3816 τῇ
482 3742 723 3814 πολιτείᾳ
798 3748 1149 3819 στρεφομένων
1206 3742 1623 3816 εὐδοκιμώτατος
1688 3746 1889 3796 πάντων

209 3834 524 3906 ἐνομίζετο.
585 3838 957 3905 Γραμματιχῆς
1025 3836 1116 3907 μὲν
1181 3838 1282 3908 γὰρ
1332 3842 1421 3889 καὶ
1468 3842 1744 3901 ποιήσεως,
1799 3838 1893 3912 pn-

206 3932 445 3997 τοραῆς
500 3941 554 3975 τε
610 3928 699 3974 καὶ
738 3922 1061 3997 φιλοσοφίας,
1113 3930 1198 3978 ναὶ
1246 3922 1313 3984 δὴ
1364 3931 1454 3978 καὶ
1504 3926 1760 3999 ἰατρικῆς,
1803 3932 1893 3981 καὶ

210 4017 423 4078 πάσης,
490 4011 666 4085 ὀλίγον
725 4010 853 4080 δεῖν,
912 4012 1205 4087 ἐπιστήμης
1255 4024 1352 4068 τῶν
1408 4017 1644 4091 θύραθεν.
1693 4024 1890 4071 Τοσοῦ-

208 4123 299 4156 τσν
362 4102 506 4155 αὐτὸ
548 4105 607 4153 τὸ
656 4106 849 4177 περιὸν,
891 4104 960 4165 ὡς
1007 4109 1079 4176 μὴ
1134 4109 1288 4176 μόνον
1335 4102 1532 4177 σχεδὸν
1582 4108 1736 4179 φάναι
1792 4117 1891 4159 τῶν

210 4195 364 4243 κατὰ
408 4196 505 4246 τὴν
554 4189 707 4242 αὐτοῦ
747 4194 922 4262 ’γενεὰν
970 4195 1169 4245 πάντων
1199 4188 1496 4266 διενεγκεῖν,
1540 4191 1646 4254 ἤδη
1698 4192 1757 4249 δὲ
1804 4200 1893 4249 καὶ

208 4287 353 4356 πρὸς
418 4283 544 4341 τοὺς
593 4280 835 4342 παλαῑοὺς
890 4280 1042 4334 αὐτὸν
1102 4279 1499 4356 διαμιλλᾶσθαι.
1556 4287 1731 4337 Πάντα
1788 4288 1890 4360 γὰρ

210 4377 546 4443 συνέτρεχεν
606 4368 685 4422 ἐπ’
739 4370 879 4442 αὐτῷ
931 4372 961 4429 ἠ
1018 4368 1376 4434 inimiciora;
1428 4382 1519 4436 τῆς
1585 4376 1801 4447 φύσεως,
1856 4375 1885 4433 ἠ

210 4460 471 4528 σπονδὴ,
523 4463 551 4514 ὁ
600 4460 839 4528 πλοῦτος,
888 4458 962 4516 δι’
1006 4463 1058 4515 ὃν
1101 4469 1190 4517 καὶ
1238 4462 1419 4537 βίϐλος
1455 4462 1534 4517 ἐπ’
1572 4464 1728 4517 αὐτὸν
1758 4464 1889 4541 ἓῤῥεε

210 4560 389 4607 πᾶσα.
447 4552 609 4605 ηλέον
652 4548 712 4605 δέ
749 4555 975 4615 πάντων,
1026 4554 1051 4605 ὁ
1084 4560 1178 4615 τῆς
1210 4550 1370 4616 δόξης
1411 4556 1533 4627 ἔρως
1576 4550 1650 4606 δι’
1699 4553 1752 4607 ὃν
1800 4554 1890 4607 αὐ-

214 4654 289 4714 τῷ
344 4648 447 4696 καὶ
499 4645 681 4704 νύκτες
734 4644 927 4695 ἄϋπνον
979 4646 1096 4718 περὶ
1160 4648 1253 4702 τὴν
1324 4641 1610 4714 ἀνάγνωσιν
1662 4643 1889 4717 ἔμμελῶς

214 4734 571 4805 say-ﬂabra
614 4732 766 4789 Erat
812 4732 1056 4789 Photius
1105 4733 1277 4789 homo
1324 4735 1557 4789 minime
1610 4734 1888 4789 obscurus

219 4830 323 4877 aut
343 4821 657 4893 ignobilis.
676 4821 781 4879 sed
806 4823 985 4878 claris
1000 4830 1053 4878 et
1072 4822 1407 4879 illustribus
1422 4823 1705 4879 oriundus
1717 4830 1888 4879 nata-

226 4915 394 4979 tibus,
412 4927 738 4983 rerumque
749 4912 1017 4968 civilium
1032 4918 1088 4968 et
1104 4911 1486 4980 politicarum
1504 4928 1614 4967 usu
1630 4913 1890 4979 pruden-

228 5004 417 5075 tiaque
442 5010 499 5058 et
528 5002 809 5069 sapentia
823 5002 1189 5057 clarissimus
1208 5003 1639 5072 ;grammaticz
1659 5018 1890 5075 quoque

233 5094 590 5147 litteraturae
608 5098 665 5147 et
688 5091 977 5147 caminis
988 5092 1309 5165 pangendi,
1329 5092 1673 5165 dicendique
1694 5093 1886 5157 laude,

235 5184 349 5251 φάη
382 5188 439 5238 et
469 5180 885 5251 philosophia
936 5187 990 5236 et
1032 5182 1350 5245 medicine,
1403 5188 1582 5253 atque
1629 5183 1888 5238 omnium

235 5284 387 5339 pmpe
411 5272 774 5329 liberalium
802 5270 1255 5338 disciplinarum
1271 5278 1655 5327 externarum
1673 5272 1887 5339 studio,

231 5364 671 5435 cognitioneque
704 5365 1019 5427 tantopere
1059 5361 1287 5429 ﬂoruit,
1337 5365 1402 5414 ut
1440 5363 1550 5416 (cui
1574 5361 1669 5416 sui
1716 5361 1893 5428 facile

226 5465 476 5521 mni-ep:
497 5451 868 5508 haberetur:
894 5448 1009 5503 imo
1025 5455 1078 5504 et
1098 5464 1229 5505 cum
1254 5448 1544 5505 veteribus
1556 5452 1689 5519 jam
1700 5452 1889 5521 posset

233 5543 485 5608 componi.
507 5540 738 5599 Omnia
752 5538 973 5611 quippe
990 5539 1403 5608 conﬂuxerant
1418 5538 1480 5593 in
1500 5539 1673 5594 illum
1702 5558 1714 5595 :
1738 5539 1895 5608 apti-

230 5630 347 5688 tldo
360 5632 670 5707 quedam,
697 5634 756 5689 et
770 5633 1011 5687 natura!
1032 5630 1118 5687 vis
1138 5634 1191 5687 et
1207 5628 1485 5700 felicitas,
1505 5643 1663 5699 opes,
1684 5629 1893 5707 quibus

2008 420 2122 477 sibi
2133 419 2411 479 librorum
2424 424 2682 483 omnium
2692 428 2908 487 maxim
2916 446 3009 487 um
3023 433 3251 503 copiam
3262 433 3657 505 comparabat;

2006 517 2060 568 et
2089 513 2249 583 quod
2271 529 2393 581 prae
2431 516 2677 583 cunctis,
2711 519 2923 588 gloriae
2960 522 3269 593 laudisque
3291 523 3517 595 cupido,
3540 539 3662 596 qua

1999 602 2295 672 ﬂagrans,
2312 610 2464 660 totas
2479 614 2692 674 noctes,
2714 615 2780 663 ut
2797 610 3034 666 lectioni
3047 612 3278 668 assidue
3292 619 3554 682 vacaret,
3570 614 3661 669 in-

2006 706 2233 748 somnes
2258 692 2528 751 ducebat.
2565 697 2845 769 Idemque
2868 702 3096 756 Nicetas
3114 701 3394 773 graphice
3417 717 3555 758 eum
3580 699 3662 758 vi-

2005 780 2213 854 visque
2236 782 2534 839 coloribus
2551 784 2837 858 depingit.
2864 791 2943 844 Ex
2969 806 3106 860 quo,
3135 790 3488 863 scriptisque
3514 793 3662 848 Gm-

2007 887 2213 927 corum
2259 875 2548 941 omnium,
2591 877 2858 950 ampliss.
2908 878 3108 935 Caesar
3150 880 3307 936 card.
3350 881 3659 951 Baronius,

2006 976 2191 1017 sacrm
2215 968 2378 1033 pater
2411 964 2838 1024 historieetomo
2860 969 3188 1025 Annalium
3211 970 3557 1027 Ecclesiast.
3599 972 3659 1037 X,

2006 1067 2116 1107 sua
2132 1058 2219 1106 est
2244 1058 2565 1109 mutuatus.
2593 1056 2876 1127 Equidem
2902 1073 3023 1113 non
3048 1075 3183 1114 sum
3206 1059 3358 1115 adeo
3390 1059 3657 1127 demens,

2008 1139 2345 1213 mentisque
2380 1141 2574 1214 inops,
2618 1150 2677 1199 ut
2724 1144 2912 1201 Pothii
2957 1147 3097 1202 vitia
3139 1147 3515 1205 defendenda
3559 1154 3662 1206 aut

2008 1229 2234 1300 ﬂagitia
2260 1232 2603 1287 excusanda
2628 1235 2975 1305 suscipiam.
3006 1238 3136 1292 Jam
3168 1238 3327 1294 enim
3356 1238 3660 1310 judicatus

2008 1326 2112 1375 est.
2148 1320 2352 1375 Gravis
2390 1327 2542 1377 certe
2574 1323 2659 1378 ira
2684 1323 3012 1397 odiumque
3037 1332 3216 1400 atque
3256 1328 3530 1398 ambitio,
3561 1328 3663 1384 ho-

2012 1408 2233 1463 minem
2256 1416 2468 1466 caetera
2490 1411 2684 1467 seaculi
2707 1414 2797 1469 sui
2816 1412 3245 1481 doctissimum,
3270 1421 3518 1485 egerunt
3541 1423 3663 1472 tan-

2008 1497 2147 1552 dem
2169 1500 2553 1571 praecipitem.
2581 1501 2721 1557 Hinc
2743 1501 2855 1557 illm
2881 1503 3178 1577 lacrymae.
3204 1504 3353 1560 Aula
3376 1505 3661 1560 nimirum

2009 1602 2146 1659 quae
2180 1587 2380 1643 multis
2430 1588 2724 1662 hodieque
2758 1598 3015 1647 mentem
3046 1593 3239 1664 eripit,
3281 1600 3336 1650 et
3385 1592 3657 1660 infatuat,

2008 1676 2284 1732 Photium
2334 1694 2576 1751 quoque
2620 1681 2959 1745 excaecavit,
2995 1688 3056 1736 ut
3091 1698 3205 1736 non
3238 1682 3457 1753 injuria
3494 1686 3666 1739 vetus

2010 1770 2206 1837 poeta,
2239 1768 2439 1823 nescio
2469 1769 2619 1841 quis,
2652 1769 2791 1825 aula
2816 1770 2992 1837 exire,
3026 1770 3131 1842 qui
3162 1771 3294 1843 pius
3320 1787 3448 1828 esse
3486 1770 3664 1841 volet,

2011 1855 2278 1913 suadeaL

2082 1964 2234 2019 Illud
2275 1964 2421 2020 mihi
2452 1964 2510 2020 in
2556 1966 2872 2037 praesentia
2910 1967 2985 2022 de
3010 1967 3405 2032 Bibliotheca,
3433 1982 3571 2038 quae
3600 1966 3662 2024 in

2010 2053 2287 2109 manibus
2319 2060 2423 2116 est,
2446 2070 2592 2127 pace
2612 2054 2843 2127 piorum
2864 2054 3099 2127 prmfari
3124 2057 3440 2129 testarique
3467 2057 3659 2124 liceat,

2011 2143 2296 2215 scriptam
2339 2159 2375 2199 a
2408 2144 2610 2199 Photio
2638 2143 2843 2211 videri,
2885 2144 3007 2200 imo
3038 2144 3208 2217 eﬂici,
3240 2145 3388 2201 dum
3420 2146 3667 2202 Ctesaris

2010 2231 2272 2303 legatum
2301 2232 2360 2288 in
2391 2232 2633 2305 Assyria
2663 2248 2869 2306 agens,
2918 2234 3189 2290 nondum
3228 2235 3663 2307 patriarchatus

2008 2322 2360 2392 dignitatem
2386 2337 2492 2393 per
2510 2322 2678 2378 nefas
2700 2323 2928 2380 ambiit.
2957 2326 3323 2394 Argumenta
3342 2329 3479 2381 sunt
3503 2326 3667 2396 prin-

2008 2412 2154 2483 cipio
2177 2412 2252 2467 de
2281 2427 2589 2468 sacrarum
2617 2412 2938 2483 imaginum
2962 2413 3116 2469 cultu
3138 2414 3365 2486 passim
3389 2412 3550 2468 illum
3570 2429 3668 2469 ca-

2008 2500 2227 2558 tholico
2258 2502 2371 2557 ritu
2416 2508 2473 2558 et
2511 2502 2726 2557 sentire
2757 2510 2811 2558 et
2844 2502 3185 2575 praedicare,
3230 2507 3291 2558 ut
3322 2502 3380 2557 in
3417 2501 3664 2572 Evagrio

2008 2591 2212 2647 codice
2243 2593 2312 2650 29
2340 2611 2357 2663 ;
2390 2592 2449 2647 in
2478 2591 2713 2663 synodo
2756 2591 3060 2659 Sidetana,
3089 2592 3222 2648 cod.
3270 2594 3337 2648 52
3364 2609 3380 2657 ;
3436 2591 3496 2648 in
3541 2590 3667 2647 Cle-

1982 2673 2205 2735 ‘mente
2251 2680 2674 2748 Alexandrino,
2716 2681 2849 2737 cod.
2880 2682 2984 2737 uo
3022 2698 3035 2748 ;
3071 2680 3131 2737 in
3183 2682 3357 2737 Lucio
3385 2679 3665 2745 Charino,

2006 2769 2139 2825 cod.
2181 2770 2278 2825 114
2312 2786 2325 2835 ;
2363 2769 2423 2825 in
2455 2769 2660 2835 Pierio,
2690 2771 2825 2827 cod.
2860 2771 2963 2825 119
2991 2788 3011 2836 ;
3044 2772 3101 2825 in
3127 2770 3405 2842 Procopio
3434 2772 3659 2834 Gazam,

2006 2860 2136 2915 cod.
2188 2861 2311 2916 160.
2370 2860 2602 2925 Deinde,
2638 2860 2803 2931 quod
2860 2876 3131 2915 summos
3171 2860 3343 2915 Hom.
3395 2858 3659 2915 Ecclesia

2006 2949 2333 3020 pontiﬁces,
2354 2953 2712 3021 sanctosque
2732 2949 3064 3004 Occidentis
3089 2951 3282 3003 Patres
3295 2950 3352 3002 Β.
3381 2950 3656 3013 Leonem,

2003 3039 2312 3103 Irenaeum,
2342 3038 2749 3103 Ambrosium,
2799 3037 3214 3107 Augustinum.
3246 3042 3512 3100 casteros,
3547 3036 3661 3092 hoc

2000 3142 2063 3199 in
2107 3144 2283 3199 opere
2332 3126 2656 3183 honoriﬁce
2700 3143 2935 3197 semper
2974 3126 3229 3197 appellet
3261 3124 3451 3180 Tertio
3489 3124 3657 3196 quod

2001 3217 2167 3274 initio
2213 3222 2436 3288 septem
2469 3222 2776 3272 enumeret
2816 3214 3084 3288 synodos
3112 3214 3513 3286 singularique
3545 3219 3659 3270 tra-

2002 3312 2180 3377 ctatu,
2212 3312 2356 3363 tom.
2390 3308 2411 3361 Ι
2440 3306 2863 3373 Conciliorum,
2890 3310 3164 3361 octavam
3197 3309 3398 3359 autem
3432 3318 3656 3369 veram,

1999 3413 2123 3469 qua
2153 3396 2454 3453 restitutus
2484 3397 2542 3450 in
2572 3395 2997 3467 patriarchium
3033 3393 3315 3462 lgnatius,
3351 3390 3595 3447 Adriani
3619 3392 3661 3447 ll

2000 3486 2367 3549 auctoritate,
2409 3501 2479 3541 ac
2527 3500 2601 3539 ne
2646 3483 2890 3540 alteram
2939 3481 3184 3555 quidem
3214 3481 3525 3554 λῃστρικὴν,
3560 3477 3657 3535 cui

1996 3585 2129 3647 ipse
2152 3574 2444 3647 ﬂagitiose
2462 3573 2713 3645 prmfuit,
2735 3572 3162 3645 damnataque,
3183 3571 3537 3627 utdiximus.
3571 3570 3663 3624 est

2000 3671 2055 3720 et
2083 3665 2348 3737 explosa,
2383 3679 2684 3735 nusquam
2720 3662 2815 3718 hic
2846 3663 3115 3717 nominet
3153 3660 3386 3731 (citetur
3433 3664 3658 3723 tamen,

2001 3758 2108 3810 etsi
2134 3760 2490 3826 prmpostere
2522 3769 2558 3807 a
2597 3752 2828 3807 Joanne
2868 3754 3117 3815 Zonara,
3174 3748 3482 3805 Theodoro
3538 3745 3663 3803 Bal-

2003 3858 2271 3907 samone,
2321 3848 2377 3899 et
2403 3841 2678 3898 Cratanio
2708 3841 2767 3896 in
2802 3841 3079 3905 Decretis,
3115 3854 3167 3894 c.
3209 3838 3263 3898 7.
3299 3855 3351 3910 q.
3384 3854 3421 3899 ι.
3457 3854 3509 3894 c.
3539 3837 3661 3892 Hoc

2001 3947 2372 4005 nequaquam
2388 3932 2499 4003 45);
2514 3930 2764 4001 jactaret
2776 3929 2940 3985 haud
2953 3928 3149 3994 dubie,
3166 3927 3655 4000 praedicaretque,

2004 4028 2065 4080 ut
2093 4038 2204 4077 suo
2237 4020 2589 4093 plerumque
2602 4020 2791 4091 perire
2806 4033 2979 4074 sorex
2994 4016 3213 4071 indicio
3235 4016 3563 4080 consuevit,
3588 4029 3659 4070 ac

2002 4119 2197 4182 tegere
2208 4111 2327 4166 odii
2342 4109 2651 4165 ﬂammam
2670 4107 3011 4179 praecordiis
3027 4106 3344 4161 haerentem
3360 4102 3507 4174 quin
3523 4118 3658 4158 evo-

2004 4207 2189 4256 meret
2231 4198 2552 4270 nequisset.
2595 4195 2847 4262 Quidam
2878 4200 3077 4250 tamen
3120 4191 3394 4249 homines
3423 4189 3653 4255 eruditi,

2000 4289 2216 4362 quibus
2248 4295 2309 4342 ut
2334 4286 2657 4343 assentirer
2684 4283 2951 4341 nondum
2976 4282 3118 4339 mihi
3140 4282 3434 4353 imperare
3459 4278 3654 4351 potui,

2002 4395 2276 4435 secessus
2322 4375 2778 4448 opportunitate,
2806 4389 2943 4429 cum
2976 4373 3185 4429 iterum
3227 4370 3505 4426 abdicare
3549 4383 3656 4440 pa-

2000 4468 2321 4526 triarchatu
2347 4470 2590 4521 coactus
2620 4469 2793 4529 esset,
2825 4463 3161 4531 invitatum,
3197 4460 3271 4516 ad
3303 4458 3655 4515 scibendum

1997 4558 2315 4615 accessisse
2356 4554 2738 4620 arbitrantur,
2771 4568 2894 4626 quo
2933 4551 3143 4607 solatio
3172 4549 3499 4605 litterarum
3529 4546 3657 4603 ani-

2003 4662 2169 4703 mum
2188 4645 2346 4701 curis
2361 4658 2605 4715 gravem
2619 4638 3432 4711 sustentaret,molestiasque
3446 4651 3658 4692 omnes

2002 4738 2059 4792 in
2088 4737 2377 4791 librorum
2426 4732 2675 4788 lectione
2725 4737 2781 4786 et
2825 4730 3111 4785 suavitate
3139 4727 3482 4799 deponeret.
3524 4724 3656 4781 Mihi

2002 4841 2160 4889 vero,
2196 4823 2357 4879 salva
2406 4821 2686 4887 amicitia,
2723 4820 2917 4875 verior
2962 4816 3250 4873 sententia
3277 4815 3435 4887 prior
3465 4814 3659 4872 videa-

2001 4920 2110 4970 tur.
2147 4916 2401 4970 Tantum
2446 4911 2519 4966 de
2560 4907 2899 4979 scriptionis
2944 4912 3230 4978 tempore,
3282 4903 3426 4959 illud
3473 4902 3657 4961 modo

2000 5003 2048 5056 ἐν
2073 4998 2290 5075 παρόδῳ
2326 5000 2628 5071 adjiciam,
2666 4996 2991 5053 centesimo
3024 4994 3280 5067 amplius
3313 5008 3473 5049 anno
3522 4996 3658 5065 post

2000 5092 2209 5163 lgnatii
2244 5089 2552 5161 Photiique
2582 5104 2797 5151 avum,
2835 5086 2894 5141 in
2926 5083 3134 5141 eadem
3167 5083 3491 5154 Byzantina
3517 5080 3658 5139 sede

1998 5181 2587 5239 resedisseJoannem
2611 5176 2968 5249 Xiphilinum
2986 5172 3465 5247 Trapezuntium,
3490 5185 3657 5228 mon-

2001 5273 2072 5329 tis
2104 5268 2341 5342 Olympi
2374 5267 2762 5331 monachum,
2796 5264 2969 5320 annis
3004 5280 3079 5333 XI,
3117 5278 3311 5320 mens.
3356 5277 3457 5328 vn,
3485 5261 3657 5333 cujus

2002 5365 2228 5420 exstent
2253 5364 2654 5428 Augustorum
2679 5356 2818 5410 Vitas
2841 5370 2871 5409 e
2907 5355 3085 5409 Dione
3110 5351 3314 5409 Cassio
3343 5365 3358 5417 ;
3380 5350 3482 5422 qui
3506 5349 3656 5406 Dion

2004 5468 2074 5508 ea
2111 5451 2170 5505 in
2226 5454 2393 5521 parte
2439 5446 2731 5518 opitomes
2775 5459 2959 5516 opera
2998 5440 3304 5497 mutilatus
3347 5437 3654 5505 intercidit,

2003 5537 2517 5615 quemadmodum
2532 5535 2659 5591 etT.
2676 5534 2870 5590 Livius
2886 5531 3071 5588 multo
3088 5529 3411 5586 maximam
3429 5532 3656 5601 partem

2005 5627 2436 5691 abbreviatoris
2445 5622 2946 5699 culpa,utJustini
2956 5619 3317 5695 compendio
3327 5616 3657 5693 Pompeium
