  <div class='ocr_page' id='page_1' title='image "/cluster/home/n/w/nwhite01/storage/ocr_20150623/103/hvd.32044054112495/025.png"; bbox 0 0 4046 6228; ppageno 0'>
   <div class='ocr_carea' id='block_1_1' title="bbox 394 287 3832 368">
    <p class='ocr_par' dir='ltr' id='par_1_1' title="bbox 394 287 3832 368">
     <span class='ocr_line' id='line_1_1' title="bbox 394 287 3832 368; baseline 0.002 -22"><span class='ocrx_word' id='word_1_1' title='bbox 394 293 483 368; x_wconf 57' lang='grc' dir='ltr'>ς27</span> <span class='ocrx_word' id='word_1_2' title='bbox 1647 295 1740 350; x_wconf 86' lang='lat' dir='ltr'>AD</span> <span class='ocrx_word' id='word_1_3' title='bbox 1784 288 2025 347; x_wconf 76' lang='lat' dir='ltr'>PHOTII</span> <span class='ocrx_word' id='word_1_4' title='bbox 2059 287 2614 347; x_wconf 82' lang='lat' dir='ltr'>BIBLIOTHECAM.</span> <span class='ocrx_word' id='word_1_5' title='bbox 3743 300 3832 353; x_wconf 71' lang='lat'>&#39;28</span> 
     </span>
    </p>
   </div>
   <div class='ocr_carea' id='block_1_2' title="bbox 415 415 2065 492">
    <p class='ocr_par' dir='ltr' id='par_1_2' title="bbox 415 415 2065 492">
     <span class='ocr_line' id='line_1_2' title="bbox 415 415 2065 492; baseline -0.002 -21"><span class='ocrx_word' id='word_1_6' title='bbox 415 419 719 488; x_wconf 91' lang='lat' dir='ltr'>Troguma</span> <span class='ocrx_word' id='word_1_7' title='bbox 753 420 928 492; x_wconf 90' lang='lat' dir='ltr'>stirpe</span> <span class='ocrx_word' id='word_1_8' title='bbox 967 422 1302 476; x_wconf 87' lang='lat' dir='ltr'>amisimus.</span> <span class='ocrx_word' id='word_1_9' title='bbox 1342 424 1476 477; x_wconf 98' lang='lat' dir='ltr'>Post</span> <span class='ocrx_word' id='word_1_10' title='bbox 1504 422 1683 477; x_wconf 84' lang='lat' dir='ltr'>etiam</span> <span class='ocrx_word' id='word_1_11' title='bbox 1716 415 2065 482; x_wconf 84' lang='lat' dir='ltr'>Theodosio,</span> 
     </span>
    </p>
   </div>
   <div class='ocr_carea' id='block_1_3' title="bbox 416 504 2071 579">
    <p class='ocr_par' dir='ltr' id='par_1_3' title="bbox 416 504 2071 579">
     <span class='ocr_line' id='line_1_3' title="bbox 416 504 2071 579; baseline -0.003 -18"><span class='ocrx_word' id='word_1_12' title='bbox 416 508 510 561; x_wconf 90' lang='lat' dir='ltr'>cui</span> <span class='ocrx_word' id='word_1_13' title='bbox 542 508 775 564; x_wconf 82' lang='lat' dir='ltr'>Maximi</span> <span class='ocrx_word' id='word_1_14' title='bbox 808 516 1276 579; x_wconf 80' lang='lat' dir='ltr'>cognomentum</span> <span class='ocrx_word' id='word_1_15' title='bbox 1316 512 1541 566; x_wconf 76' lang='lat' dir='ltr'>Nicetes</span> <span class='ocrx_word' id='word_1_16' title='bbox 1576 510 1794 572; x_wconf 91' lang='lat' dir='ltr'>tribuit,</span> <span class='ocrx_word' id='word_1_17' title='bbox 1823 504 2071 577; x_wconf 89' lang='lat' dir='ltr'>patriar-</span> 
     </span>
    </p>
   </div>
   <div class='ocr_carea' id='block_1_4' title="bbox 418 591 2073 664">
    <p class='ocr_par' dir='ltr' id='par_1_4' title="bbox 418 591 2073 664">
     <span class='ocr_line' id='line_1_4' title="bbox 418 591 2073 664; baseline 0 -15"><span class='ocrx_word' id='word_1_18' title='bbox 418 595 651 651; x_wconf 90' lang='lat' dir='ltr'>cheium</span> <span class='ocrx_word' id='word_1_19' title='bbox 687 605 937 664; x_wconf 89' lang='lat' dir='ltr'>tenente,</span> <span class='ocrx_word' id='word_1_20' title='bbox 981 600 1325 655; x_wconf 77' lang='lat' dir='ltr'>Eustathius</span> <span class='ocrx_word' id='word_1_21' title='bbox 1364 594 1906 655; x_wconf 77' lang='lat' dir='ltr'>Thessalonicensis</span> <span class='ocrx_word' id='word_1_22' title='bbox 1950 591 2073 663; x_wconf 86' lang='lat' dir='ltr'>epi-</span> 
     </span>
    </p>
   </div>
   <div class='ocr_carea' id='block_1_5' title="bbox 419 686 2072 756">
    <p class='ocr_par' dir='ltr' id='par_1_5' title="bbox 419 686 2072 756">
     <span class='ocr_line' id='line_1_5' title="bbox 419 686 2072 756; baseline -0.002 -18"><span class='ocrx_word' id='word_1_23' title='bbox 419 700 655 756; x_wconf 88' lang='lat' dir='ltr'>scopus,</span> <span class='ocrx_word' id='word_1_24' title='bbox 704 703 838 741; x_wconf 92' lang='lat' dir='ltr'>cum</span> <span class='ocrx_word' id='word_1_25' title='bbox 904 690 1165 744; x_wconf 80' lang='lat' dir='ltr'>Manuele</span> <span class='ocrx_word' id='word_1_26' title='bbox 1211 688 1665 756; x_wconf 88' lang='lat' dir='ltr'>Constantinop.</span> <span class='ocrx_word' id='word_1_27' title='bbox 1720 686 2072 756; x_wconf 71' lang='lat' dir='ltr'>imperatore</span> 
     </span>
    </p>
   </div>
   <div class='ocr_carea' id='block_1_6' title="bbox 416 772 2075 847">
    <p class='ocr_par' dir='ltr' id='par_1_6' title="bbox 416 772 2075 847">
     <span class='ocr_line' id='line_1_6' title="bbox 416 772 2075 847; baseline -0.001 -20"><span class='ocrx_word' id='word_1_28' title='bbox 416 775 849 829; x_wconf 76' lang='lat' dir='ltr'>contentionem</span> <span class='ocrx_word' id='word_1_29' title='bbox 871 792 1048 847; x_wconf 86' lang='lat' dir='ltr'>super</span> <span class='ocrx_word' id='word_1_30' title='bbox 1064 778 1181 831; x_wconf 86' lang='lat' dir='ltr'>Deo</span> <span class='ocrx_word' id='word_1_31' title='bbox 1206 776 1514 832; x_wconf 82' lang='lat' dir='ltr'>Mahometi</span> <span class='ocrx_word' id='word_1_32' title='bbox 1539 775 1743 830; x_wconf 80' lang='lat' dir='ltr'>habuit</span> <span class='ocrx_word' id='word_1_33' title='bbox 1776 791 1788 840; x_wconf 91' lang='lat'>;</span> <span class='ocrx_word' id='word_1_34' title='bbox 1827 772 1996 841; x_wconf 80' lang='lat' dir='ltr'>cujus</span> <span class='ocrx_word' id='word_1_35' title='bbox 2019 776 2075 824; x_wconf 88' lang='lat' dir='ltr'>et</span> 
     </span>
    </p>
   </div>
   <div class='ocr_carea' id='block_1_7' title="bbox 419 859 2071 937">
    <p class='ocr_par' dir='ltr' id='par_1_7' title="bbox 419 859 2071 937">
     <span class='ocr_line' id='line_1_7' title="bbox 419 859 2071 937; baseline -0.002 -21"><span class='ocrx_word' id='word_1_36' title='bbox 419 862 478 916; x_wconf 88' lang='lat' dir='ltr'>in</span> <span class='ocrx_word' id='word_1_37' title='bbox 529 863 846 917; x_wconf 88' lang='lat' dir='ltr'>Homerum</span> <span class='ocrx_word' id='word_1_38' title='bbox 900 873 1209 935; x_wconf 86' lang='lat' dir='ltr'>poetarum</span> <span class='ocrx_word' id='word_1_39' title='bbox 1246 883 1429 937; x_wconf 85' lang='lat' dir='ltr'>prope</span> <span class='ocrx_word' id='word_1_40' title='bbox 1470 867 1673 928; x_wconf 91' lang='lat' dir='ltr'>Deum,</span> <span class='ocrx_word' id='word_1_41' title='bbox 1708 872 1764 919; x_wconf 90' lang='lat' dir='ltr'>et</span> <span class='ocrx_word' id='word_1_42' title='bbox 1814 859 2071 931; x_wconf 76' lang='lat' dir='ltr'>Dionysii</span> 
     </span>
    </p>
   </div>
   <div class='ocr_carea' id='block_1_8' title="bbox 418 948 2071 1025">
    <p class='ocr_par' dir='ltr' id='par_1_8' title="bbox 418 948 2071 1025">
     <span class='ocr_line' id='line_1_8' title="bbox 418 948 2071 1025; baseline -0.002 -20"><span class='ocrx_word' id='word_1_43' title='bbox 418 951 535 1005; x_wconf 84' lang='lat' dir='ltr'>Afri</span> <span class='ocrx_word' id='word_1_44' title='bbox 585 958 892 1025; x_wconf 68' lang='grc' dir='ltr'>περιήγησιν</span> <span class='ocrx_word' id='word_1_45' title='bbox 927 954 1354 1023; x_wconf 79' lang='lat' dir='ltr'>explicatiOues</span> <span class='ocrx_word' id='word_1_46' title='bbox 1402 955 1629 1017; x_wconf 81' lang='lat' dir='ltr'>uberes,</span> <span class='ocrx_word' id='word_1_47' title='bbox 1664 960 1719 1008; x_wconf 89' lang='lat' dir='ltr'>et</span> <span class='ocrx_word' id='word_1_48' title='bbox 1760 948 2071 1019; x_wconf 79' lang='lat' dir='ltr'>multiplici</span> 
     </span>
    </p>
   </div>
   <div class='ocr_carea' id='block_1_9' title="bbox 419 1041 2074 1114">
    <p class='ocr_par' dir='ltr' id='par_1_9' title="bbox 419 1041 2074 1114">
     <span class='ocr_line' id='line_1_9' title="bbox 419 1041 2074 1114; baseline -0.001 -21"><span class='ocrx_word' id='word_1_49' title='bbox 419 1041 686 1094; x_wconf 76' lang='lat' dir='ltr'>doctrina</span> <span class='ocrx_word' id='word_1_50' title='bbox 705 1042 946 1094; x_wconf 78' lang='lat' dir='ltr'>refertas</span> <span class='ocrx_word' id='word_1_51' title='bbox 964 1043 1259 1114; x_wconf 75' lang='lat' dir='ltr'>hodieque</span> <span class='ocrx_word' id='word_1_52' title='bbox 1276 1046 1551 1111; x_wconf 77' lang='lat' dir='ltr'>legimus,</span> <span class='ocrx_word' id='word_1_53' title='bbox 1575 1059 1691 1097; x_wconf 87' lang='lat' dir='ltr'>non</span> <span class='ocrx_word' id='word_1_54' title='bbox 1713 1048 1910 1096; x_wconf 87' lang='lat' dir='ltr'>autem</span> <span class='ocrx_word' id='word_1_55' title='bbox 1934 1042 2074 1092; x_wconf 87' lang='lat' dir='ltr'>Pho-</span> 
     </span>
    </p>
   </div>
   <div class='ocr_carea' id='block_1_10' title="bbox 421 1128 2075 1203">
    <p class='ocr_par' dir='ltr' id='par_1_10' title="bbox 421 1128 2075 1203">
     <span class='ocr_line' id='line_1_10' title="bbox 421 1128 2075 1203; baseline -0.001 -21"><span class='ocrx_word' id='word_1_56' title='bbox 421 1128 555 1194; x_wconf 88' lang='lat' dir='ltr'>tius,</span> <span class='ocrx_word' id='word_1_57' title='bbox 602 1136 661 1183; x_wconf 89' lang='lat' dir='ltr'>ut</span> <span class='ocrx_word' id='word_1_58' title='bbox 700 1138 865 1184; x_wconf 61' lang='lat' dir='ltr'>aetate</span> <span class='ocrx_word' id='word_1_59' title='bbox 894 1133 1069 1202; x_wconf 90' lang='lat' dir='ltr'>prior.</span> <span class='ocrx_word' id='word_1_60' title='bbox 1120 1134 1323 1188; x_wconf 86' lang='lat' dir='ltr'>Poetas</span> <span class='ocrx_word' id='word_1_61' title='bbox 1363 1132 1746 1203; x_wconf 69' lang='lat' dir='ltr'>caateroquin,</span> <span class='ocrx_word' id='word_1_62' title='bbox 1780 1146 1931 1202; x_wconf 88' lang='lat' dir='ltr'>quos</span> <span class='ocrx_word' id='word_1_63' title='bbox 1961 1128 2075 1181; x_wconf 90' lang='lat' dir='ltr'>hoc</span> 
     </span>
    </p>
   </div>
   <div class='ocr_carea' id='block_1_11' title="bbox 417 1215 2073 1291">
    <p class='ocr_par' dir='ltr' id='par_1_11' title="bbox 417 1215 2073 1291">
     <span class='ocr_line' id='line_1_11' title="bbox 417 1215 2073 1291; baseline -0.001 -21"><span class='ocrx_word' id='word_1_64' title='bbox 417 1217 475 1271; x_wconf 90' lang='lat' dir='ltr'>in</span> <span class='ocrx_word' id='word_1_65' title='bbox 522 1234 701 1288; x_wconf 82' lang='lat' dir='ltr'>opere</span> <span class='ocrx_word' id='word_1_66' title='bbox 733 1236 851 1273; x_wconf 86' lang='lat' dir='ltr'>non</span> <span class='ocrx_word' id='word_1_67' title='bbox 893 1221 1080 1289; x_wconf 88' lang='lat' dir='ltr'>attigit</span> <span class='ocrx_word' id='word_1_68' title='bbox 1124 1221 1285 1275; x_wconf 85' lang='lat' dir='ltr'>haud</span> <span class='ocrx_word' id='word_1_69' title='bbox 1321 1222 1713 1291; x_wconf 75' lang='lat' dir='ltr'>praeteriisset,</span> <span class='ocrx_word' id='word_1_70' title='bbox 1752 1218 1861 1273; x_wconf 85' lang='lat' dir='ltr'>nisi</span> <span class='ocrx_word' id='word_1_71' title='bbox 1908 1215 2073 1289; x_wconf 89' lang='lat' dir='ltr'>quod</span> 
     </span>
    </p>
   </div>
   <div class='ocr_carea' id='block_1_12' title="bbox 419 1305 2074 1382">
    <p class='ocr_par' dir='ltr' id='par_1_12' title="bbox 419 1305 2074 1382">
     <span class='ocr_line' id='line_1_12' title="bbox 419 1305 2074 1382; baseline 0 -23"><span class='ocrx_word' id='word_1_72' title='bbox 419 1305 727 1361; x_wconf 78' lang='lat' dir='ltr'>fabulosae</span> <span class='ocrx_word' id='word_1_73' title='bbox 759 1310 1149 1374; x_wconf 84' lang='lat' dir='ltr'>narrationes,</span> <span class='ocrx_word' id='word_1_74' title='bbox 1178 1326 1313 1382; x_wconf 68' lang='lat' dir='ltr'>qua?</span> <span class='ocrx_word' id='word_1_75' title='bbox 1346 1310 1421 1365; x_wconf 90' lang='lat' dir='ltr'>ad</span> <span class='ocrx_word' id='word_1_76' title='bbox 1450 1309 1755 1364; x_wconf 85' lang='lat' dir='ltr'>historiam</span> <span class='ocrx_word' id='word_1_77' title='bbox 1784 1307 2074 1379; x_wconf 87' lang='lat' dir='ltr'>pertinere</span> 
     </span>
    </p>
   </div>
   <div class='ocr_carea' id='block_1_13' title="bbox 418 1395 2072 1461">
    <p class='ocr_par' dir='ltr' id='par_1_13' title="bbox 418 1395 2072 1461">
     <span class='ocr_line' id='line_1_13' title="bbox 418 1395 2072 1461; baseline -0.002 -12"><span class='ocrx_word' id='word_1_78' title='bbox 418 1395 753 1461; x_wconf 86' lang='lat' dir='ltr'>videantur,</span> <span class='ocrx_word' id='word_1_79' title='bbox 782 1398 1083 1451; x_wconf 84' lang='lat' dir='ltr'>delibavit.</span> <span class='ocrx_word' id='word_1_80' title='bbox 1117 1400 1307 1453; x_wconf 80' lang='lat' dir='ltr'>Redeo</span> <span class='ocrx_word' id='word_1_81' title='bbox 1349 1415 1383 1454; x_wconf 90' lang='lat' dir='ltr'>a</span> <span class='ocrx_word' id='word_1_82' title='bbox 1413 1398 1761 1453; x_wconf 89' lang='lat' dir='ltr'>diverticulo</span> <span class='ocrx_word' id='word_1_83' title='bbox 1801 1397 2072 1450; x_wconf 89' lang='lat' dir='ltr'>domum.</span> 
     </span>
    </p>
   </div>
   <div class='ocr_carea' id='block_1_14' title="bbox 422 1484 2071 1545">
    <p class='ocr_par' dir='ltr' id='par_1_14' title="bbox 422 1484 2071 1545">
     <span class='ocr_line' id='line_1_14' title="bbox 422 1484 2071 1545; baseline -0.001 -6"><span class='ocrx_word' id='word_1_84' title='bbox 422 1488 627 1539; x_wconf 85' lang='lat' dir='ltr'>Demus</span> <span class='ocrx_word' id='word_1_85' title='bbox 642 1487 1111 1541; x_wconf 80' lang='lat' dir='ltr'>scelestissimum</span> <span class='ocrx_word' id='word_1_86' title='bbox 1128 1488 1463 1542; x_wconf 84' lang='lat' dir='ltr'>mortalium</span> <span class='ocrx_word' id='word_1_87' title='bbox 1485 1486 1744 1542; x_wconf 84' lang='lat' dir='ltr'>Photium</span> <span class='ocrx_word' id='word_1_88' title='bbox 1762 1484 2071 1545; x_wconf 83' lang='lat' dir='ltr'>exstitisse,</span> 
     </span>
    </p>
   </div>
   <div class='ocr_carea' id='block_1_15' title="bbox 422 1572 2079 1645">
    <p class='ocr_par' dir='ltr' id='par_1_15' title="bbox 422 1572 2079 1645">
     <span class='ocr_line' id='line_1_15' title="bbox 422 1572 2079 1645; baseline 0 -19"><span class='ocrx_word' id='word_1_89' title='bbox 422 1574 692 1629; x_wconf 86' lang='lat' dir='ltr'>turbasse</span> <span class='ocrx_word' id='word_1_90' title='bbox 725 1577 975 1631; x_wconf 85' lang='lat' dir='ltr'>Orientis</span> <span class='ocrx_word' id='word_1_91' title='bbox 1006 1576 1347 1643; x_wconf 89' lang='lat' dir='ltr'>Ecclesiam,</span> <span class='ocrx_word' id='word_1_92' title='bbox 1372 1577 1445 1631; x_wconf 90' lang='lat' dir='ltr'>ad</span> <span class='ocrx_word' id='word_1_93' title='bbox 1476 1576 1985 1645; x_wconf 83' lang='lat' dir='ltr'>defectionemque</span> <span class='ocrx_word' id='word_1_94' title='bbox 2020 1572 2079 1627; x_wconf 88' lang='lat' dir='ltr'>in</span> 
     </span>
    </p>
   </div>
   <div class='ocr_carea' id='block_1_16' title="bbox 421 1659 2078 1735">
    <p class='ocr_par' dir='ltr' id='par_1_16' title="bbox 421 1659 2078 1735">
     <span class='ocr_line' id='line_1_16' title="bbox 421 1659 2078 1735; baseline 0.003 -24"><span class='ocrx_word' id='word_1_95' title='bbox 421 1659 701 1734; x_wconf 72' lang='grc' dir='ltr'>προεδρίας</span> <span class='ocrx_word' id='word_1_96' title='bbox 746 1666 1188 1719; x_wconf 87' lang='lat' dir='ltr'>contentionem</span> <span class='ocrx_word' id='word_1_97' title='bbox 1251 1669 1481 1721; x_wconf 59' lang='lat' dir='ltr'>Griecos</span> <span class='ocrx_word' id='word_1_98' title='bbox 1541 1666 1803 1735; x_wconf 90' lang='lat' dir='ltr'>primum</span> <span class='ocrx_word' id='word_1_99' title='bbox 1863 1661 2078 1717; x_wconf 85' lang='lat' dir='ltr'>sollici-</span> 
     </span>
    </p>
   </div>
   <div class='ocr_carea' id='block_1_17' title="bbox 426 1753 2081 1823">
    <p class='ocr_par' dir='ltr' id='par_1_17' title="bbox 426 1753 2081 1823">
     <span class='ocr_line' id='line_1_17' title="bbox 426 1753 2081 1823; baseline 0 -18"><span class='ocrx_word' id='word_1_100' title='bbox 426 1755 607 1815; x_wconf 82' lang='lat' dir='ltr'>tasse,</span> <span class='ocrx_word' id='word_1_101' title='bbox 650 1754 1139 1823; x_wconf 89' lang='lat' dir='ltr'>quandoquidem</span> <span class='ocrx_word' id='word_1_102' title='bbox 1186 1770 1324 1809; x_wconf 88' lang='lat' dir='ltr'>vero</span> <span class='ocrx_word' id='word_1_103' title='bbox 1369 1754 1596 1809; x_wconf 90' lang='lat' dir='ltr'>nullum</span> <span class='ocrx_word' id='word_1_104' title='bbox 1639 1754 1696 1807; x_wconf 91' lang='lat' dir='ltr'>in</span> <span class='ocrx_word' id='word_1_105' title='bbox 1737 1753 1849 1807; x_wconf 92' lang='lat' dir='ltr'>hoc</span> <span class='ocrx_word' id='word_1_106' title='bbox 1904 1767 2081 1821; x_wconf 89' lang='lat' dir='ltr'>opere</span> 
     </span>
    </p>
   </div>
   <div class='ocr_carea' id='block_1_18' title="bbox 422 1840 2083 1915">
    <p class='ocr_par' dir='ltr' id='par_1_18' title="bbox 422 1840 2083 1915">
     <span class='ocr_line' id='line_1_18' title="bbox 422 1840 2083 1915; baseline 0.001 -23"><span class='ocrx_word' id='word_1_107' title='bbox 422 1841 551 1911; x_wconf 88' lang='lat' dir='ltr'>ejus</span> <span class='ocrx_word' id='word_1_108' title='bbox 579 1843 839 1896; x_wconf 76' lang='lat' dir='ltr'>criminis</span> <span class='ocrx_word' id='word_1_109' title='bbox 870 1843 1191 1911; x_wconf 84' lang='lat' dir='ltr'>vestigium</span> <span class='ocrx_word' id='word_1_110' title='bbox 1222 1848 1536 1915; x_wconf 84' lang='lat' dir='ltr'>appareat,</span> <span class='ocrx_word' id='word_1_111' title='bbox 1582 1849 1786 1897; x_wconf 87' lang='lat' dir='ltr'>contra</span> <span class='ocrx_word' id='word_1_112' title='bbox 1826 1840 2083 1912; x_wconf 90' lang='lat' dir='ltr'>plurima</span> 
     </span>
    </p>
   </div>
   <div class='ocr_carea' id='block_1_19' title="bbox 420 1930 2081 2003">
    <p class='ocr_par' dir='ltr' id='par_1_19' title="bbox 420 1930 2081 2003">
     <span class='ocr_line' id='line_1_19' title="bbox 420 1930 2081 2003; baseline 0.001 -20"><span class='ocrx_word' id='word_1_113' title='bbox 420 1937 754 1997; x_wconf 85' lang='lat' dir='ltr'>occurrant,</span> <span class='ocrx_word' id='word_1_114' title='bbox 783 1948 917 2002; x_wconf 71' lang='lat' dir='ltr'>quae</span> <span class='ocrx_word' id='word_1_115' title='bbox 941 1933 1289 2003; x_wconf 86' lang='lat' dir='ltr'>scriptorum</span> <span class='ocrx_word' id='word_1_116' title='bbox 1311 1949 1487 1986; x_wconf 89' lang='lat' dir='ltr'>nemo</span> <span class='ocrx_word' id='word_1_117' title='bbox 1514 1949 1583 1985; x_wconf 91' lang='lat' dir='ltr'>ne</span> <span class='ocrx_word' id='word_1_118' title='bbox 1604 1932 1792 2001; x_wconf 86' lang='lat' dir='ltr'>attigit</span> <span class='ocrx_word' id='word_1_119' title='bbox 1814 1930 2081 2001; x_wconf 67' lang='lat' dir='ltr'>quidem.</span> 
     </span>
    </p>
   </div>
   <div class='ocr_carea' id='block_1_20' title="bbox 420 2020 2085 2093">
    <p class='ocr_par' dir='ltr' id='par_1_20' title="bbox 420 2020 2085 2093">
     <span class='ocr_line' id='line_1_20' title="bbox 420 2020 2085 2093; baseline 0.001 -22"><span class='ocrx_word' id='word_1_120' title='bbox 420 2020 643 2074; x_wconf 87' lang='lat' dir='ltr'>nedum</span> <span class='ocrx_word' id='word_1_121' title='bbox 691 2022 1089 2087; x_wconf 86' lang='lat' dir='ltr'>pertractavit,</span> <span class='ocrx_word' id='word_1_122' title='bbox 1124 2038 1278 2093; x_wconf 67' lang='lat' dir='ltr'>quas,</span> <span class='ocrx_word' id='word_1_123' title='bbox 1323 2022 1593 2081; x_wconf 85' lang='lat' dir='ltr'>obsecro,</span> <span class='ocrx_word' id='word_1_124' title='bbox 1626 2020 1850 2074; x_wconf 87' lang='lat' dir='ltr'>invidia</span> <span class='ocrx_word' id='word_1_125' title='bbox 1888 2020 1959 2073; x_wconf 89' lang='lat' dir='ltr'>sit</span> <span class='ocrx_word' id='word_1_126' title='bbox 2001 2034 2085 2073; x_wconf 91' lang='lat' dir='ltr'>re-</span> 
     </span>
    </p>
   </div>
   <div class='ocr_carea' id='block_1_21' title="bbox 420 2107 2078 2179">
    <p class='ocr_par' dir='ltr' id='par_1_21' title="bbox 420 2107 2078 2179">
     <span class='ocr_line' id='line_1_21' title="bbox 420 2107 2078 2179; baseline 0 -19"><span class='ocrx_word' id='word_1_127' title='bbox 420 2107 667 2176; x_wconf 88' lang='lat' dir='ltr'>pudiare</span> <span class='ocrx_word' id='word_1_128' title='bbox 704 2110 967 2174; x_wconf 88' lang='lat' dir='ltr'>omnino,</span> <span class='ocrx_word' id='word_1_129' title='bbox 1012 2126 1081 2165; x_wconf 90' lang='lat' dir='ltr'>ac</span> <span class='ocrx_word' id='word_1_130' title='bbox 1115 2110 1375 2179; x_wconf 87' lang='lat' dir='ltr'>rejicere,</span> <span class='ocrx_word' id='word_1_131' title='bbox 1412 2117 1466 2164; x_wconf 90' lang='lat' dir='ltr'>et</span> <span class='ocrx_word' id='word_1_132' title='bbox 1514 2126 1585 2163; x_wconf 91' lang='lat' dir='ltr'>ne</span> <span class='ocrx_word' id='word_1_133' title='bbox 1621 2110 1805 2175; x_wconf 79' lang='lat' dir='ltr'>digito</span> <span class='ocrx_word' id='word_1_134' title='bbox 1832 2107 2078 2179; x_wconf 86' lang='lat' dir='ltr'>quidem</span> 
     </span>
    </p>
   </div>
   <div class='ocr_carea' id='block_1_22' title="bbox 421 2198 2081 2267">
    <p class='ocr_par' dir='ltr' id='par_1_22' title="bbox 421 2198 2081 2267">
     <span class='ocr_line' id='line_1_22' title="bbox 421 2198 2081 2267; baseline 0 -18"><span class='ocrx_word' id='word_1_135' title='bbox 421 2201 661 2261; x_wconf 82' lang='lat' dir='ltr'>tangere</span> <span class='ocrx_word' id='word_1_136' title='bbox 693 2198 1001 2266; x_wconf 84' lang='lat' dir='ltr'>vclle,cum</span> <span class='ocrx_word' id='word_1_137' title='bbox 1033 2199 1361 2254; x_wconf 86' lang='lat' dir='ltr'>accerimos</span> <span class='ocrx_word' id='word_1_138' title='bbox 1406 2198 1541 2252; x_wconf 80' lang='lat' dir='ltr'>fidei</span> <span class='ocrx_word' id='word_1_139' title='bbox 1576 2198 1921 2252; x_wconf 63' lang='lat' dir='ltr'>Christianas</span> <span class='ocrx_word' id='word_1_140' title='bbox 1954 2211 2081 2267; x_wconf 90' lang='lat' dir='ltr'>per-</span> 
     </span>
    </p>
   </div>
   <div class='ocr_carea' id='block_1_23' title="bbox 421 2285 2080 2358">
    <p class='ocr_par' dir='ltr' id='par_1_23' title="bbox 421 2285 2080 2358">
     <span class='ocr_line' id='line_1_23' title="bbox 421 2285 2080 2358; baseline 0.001 -20"><span class='ocrx_word' id='word_1_141' title='bbox 421 2285 646 2339; x_wconf 87' lang='lat' dir='ltr'>duelles</span> <span class='ocrx_word' id='word_1_142' title='bbox 682 2288 1095 2358; x_wconf 85' lang='lat' dir='ltr'>Porphyrium,</span> <span class='ocrx_word' id='word_1_143' title='bbox 1134 2289 1475 2346; x_wconf 88' lang='lat' dir='ltr'>Lucianum.</span> <span class='ocrx_word' id='word_1_144' title='bbox 1510 2287 1864 2357; x_wconf 82' lang='lat' dir='ltr'>Eunapium,</span> <span class='ocrx_word' id='word_1_145' title='bbox 1899 2293 1953 2339; x_wconf 88' lang='lat' dir='ltr'>et</span> <span class='ocrx_word' id='word_1_146' title='bbox 1980 2288 2080 2340; x_wconf 92' lang='lat' dir='ltr'>Zo-</span> 
     </span>
    </p>
   </div>
   <div class='ocr_carea' id='block_1_24' title="bbox 396 2366 2081 2457">
    <p class='ocr_par' dir='ltr' id='par_1_24' title="bbox 396 2366 2081 2457">
     <span class='ocr_line' id='line_1_24' title="bbox 396 2366 2081 2457; baseline 0.001 -30"><span class='ocrx_word' id='word_1_147' title='bbox 396 2366 409 2457; x_wconf 37' lang='grc' dir='ltr'>ξ</span> <span class='ocrx_word' id='word_1_148' title='bbox 434 2374 655 2429; x_wconf 89' lang='lat' dir='ltr'>simum</span> <span class='ocrx_word' id='word_1_149' title='bbox 675 2375 963 2444; x_wconf 83' lang='lat' dir='ltr'>legamus.</span> <span class='ocrx_word' id='word_1_150' title='bbox 988 2378 1082 2430; x_wconf 84' lang='lat' dir='ltr'>Hic</span> <span class='ocrx_word' id='word_1_151' title='bbox 1100 2394 1235 2432; x_wconf 90' lang='lat' dir='ltr'>vero</span> <span class='ocrx_word' id='word_1_152' title='bbox 1265 2377 1533 2432; x_wconf 70' lang='lat' dir='ltr'>Ecclesiaa</span> <span class='ocrx_word' id='word_1_153' title='bbox 1557 2376 1904 2431; x_wconf 55' lang='lat' dir='ltr'>orthodoxa).</span> <span class='ocrx_word' id='word_1_154' title='bbox 1926 2376 2081 2446; x_wconf 82' lang='lat' dir='ltr'>capi-</span> 
     </span>
    </p>
   </div>
   <div class='ocr_carea' id='block_1_25' title="bbox 427 2466 2079 2538">
    <p class='ocr_par' dir='ltr' id='par_1_25' title="bbox 427 2466 2079 2538">
     <span class='ocr_line' id='line_1_25' title="bbox 427 2466 2079 2538; baseline 0.001 -21"><span class='ocrx_word' id='word_1_155' title='bbox 427 2469 549 2517; x_wconf 91' lang='lat' dir='ltr'>tum</span> <span class='ocrx_word' id='word_1_156' title='bbox 581 2466 744 2518; x_wconf 89' lang='lat' dir='ltr'>Rom.</span> <span class='ocrx_word' id='word_1_157' title='bbox 778 2467 1127 2534; x_wconf 83' lang='lat' dir='ltr'>pontificum</span> <span class='ocrx_word' id='word_1_158' title='bbox 1161 2468 1435 2521; x_wconf 89' lang='lat' dir='ltr'>encomia</span> <span class='ocrx_word' id='word_1_159' title='bbox 1466 2466 1738 2538; x_wconf 88' lang='lat' dir='ltr'>reperies,</span> <span class='ocrx_word' id='word_1_160' title='bbox 1772 2466 2079 2519; x_wconf 90' lang='lat' dir='ltr'>beatorum</span> 
     </span>
    </p>
   </div>
   <div class='ocr_carea' id='block_1_26' title="bbox 423 2552 2078 2623">
    <p class='ocr_par' dir='ltr' id='par_1_26' title="bbox 423 2552 2078 2623">
     <span class='ocr_line' id='line_1_26' title="bbox 423 2552 2078 2623; baseline 0 -17"><span class='ocrx_word' id='word_1_161' title='bbox 423 2552 738 2617; x_wconf 83' lang='lat' dir='ltr'>C(Blestini,</span> <span class='ocrx_word' id='word_1_162' title='bbox 791 2554 1019 2618; x_wconf 87' lang='lat' dir='ltr'>Leonis,</span> <span class='ocrx_word' id='word_1_163' title='bbox 1053 2573 1123 2609; x_wconf 90' lang='lat' dir='ltr'>ac</span> <span class='ocrx_word' id='word_1_164' title='bbox 1176 2554 1444 2623; x_wconf 86' lang='lat' dir='ltr'>Gregorii</span> <span class='ocrx_word' id='word_1_165' title='bbox 1493 2559 1603 2610; x_wconf 90' lang='lat' dir='ltr'>:ut</span> <span class='ocrx_word' id='word_1_166' title='bbox 1634 2560 1690 2609; x_wconf 87' lang='lat' dir='ltr'>et</span> <span class='ocrx_word' id='word_1_167' title='bbox 1741 2555 2078 2609; x_wconf 90' lang='lat' dir='ltr'>Latinorum</span> 
     </span>
    </p>
   </div>
   <div class='ocr_carea' id='block_1_27' title="bbox 400 2636 2083 2713">
    <p class='ocr_par' dir='ltr' id='par_1_27' title="bbox 400 2636 2083 2713">
     <span class='ocr_line' id='line_1_27' title="bbox 400 2636 2083 2713; baseline 0.001 -19"><span class='ocrx_word' id='word_1_168' title='bbox 400 2636 622 2695; x_wconf 85' lang='lat' dir='ltr'>Patres</span> <span class='ocrx_word' id='word_1_169' title='bbox 652 2643 1019 2709; x_wconf 88' lang='lat' dir='ltr'>Ambrosios,</span> <span class='ocrx_word' id='word_1_170' title='bbox 1048 2646 1430 2713; x_wconf 78' lang='lat' dir='ltr'>Augustines,</span> <span class='ocrx_word' id='word_1_171' title='bbox 1466 2644 1639 2706; x_wconf 87' lang='lat' dir='ltr'>alios,</span> <span class='ocrx_word' id='word_1_172' title='bbox 1676 2643 1905 2697; x_wconf 90' lang='lat' dir='ltr'>laudari</span> <span class='ocrx_word' id='word_1_173' title='bbox 1938 2642 2083 2696; x_wconf 85' lang='lat' dir='ltr'>dixi-</span> 
     </span>
    </p>
   </div>
   <div class='ocr_carea' id='block_1_28' title="bbox 401 2732 2081 2803">
    <p class='ocr_par' dir='ltr' id='par_1_28' title="bbox 401 2732 2081 2803">
     <span class='ocr_line' id='line_1_28' title="bbox 401 2732 2081 2803; baseline -0.001 -18"><span class='ocrx_word' id='word_1_174' title='bbox 401 2734 571 2785; x_wconf 88' lang='lat' dir='ltr'>&#39;mus.</span> <span class='ocrx_word' id='word_1_175' title='bbox 593 2734 867 2796; x_wconf 67' lang='lat' dir='ltr'>Haereses,</span> <span class='ocrx_word' id='word_1_176' title='bbox 891 2734 1295 2803; x_wconf 63' lang='lat' dir='ltr'>sectariOsque</span> <span class='ocrx_word' id='word_1_177' title='bbox 1312 2733 1636 2803; x_wconf 83' lang='lat' dir='ltr'>passim,ut</span> <span class='ocrx_word' id='word_1_178' title='bbox 1662 2732 1807 2785; x_wconf 89' lang='lat' dir='ltr'>diris</span> <span class='ocrx_word' id='word_1_179' title='bbox 1834 2732 2081 2785; x_wconf 89' lang='lat' dir='ltr'>devotos</span> 
     </span>
    </p>
   </div>
   <div class='ocr_carea' id='block_1_29' title="bbox 420 2820 2083 2892">
    <p class='ocr_par' dir='ltr' id='par_1_29' title="bbox 420 2820 2083 2892">
     <span class='ocr_line' id='line_1_29' title="bbox 420 2820 2083 2892; baseline 0 -19"><span class='ocrx_word' id='word_1_180' title='bbox 420 2821 959 2892; x_wconf 81' lang='lat' dir='ltr'>exsecraudosque,</span> <span class='ocrx_word' id='word_1_181' title='bbox 998 2820 1314 2889; x_wconf 84' lang='lat' dir='ltr'>fugiendos</span> <span class='ocrx_word' id='word_1_182' title='bbox 1349 2821 1584 2875; x_wconf 88' lang='lat' dir='ltr'>Photius</span> <span class='ocrx_word' id='word_1_183' title='bbox 1617 2828 1849 2874; x_wconf 87' lang='lat' dir='ltr'>monet:</span> <span class='ocrx_word' id='word_1_184' title='bbox 1890 2822 2083 2873; x_wconf 87' lang='lat' dir='ltr'>Euno-</span> 
     </span>
    </p>
   </div>
   <div class='ocr_carea' id='block_1_30' title="bbox 421 2908 2079 2978">
    <p class='ocr_par' dir='ltr' id='par_1_30' title="bbox 421 2908 2079 2978">
     <span class='ocr_line' id='line_1_30' title="bbox 421 2908 2079 2978; baseline 0 -15"><span class='ocrx_word' id='word_1_185' title='bbox 421 2908 574 2963; x_wconf 89' lang='lat' dir='ltr'>mios</span> <span class='ocrx_word' id='word_1_186' title='bbox 606 2908 875 2978; x_wconf 90' lang='lat' dir='ltr'>inquam,</span> <span class='ocrx_word' id='word_1_187' title='bbox 898 2911 1272 2975; x_wconf 85' lang='lat' dir='ltr'>Novatianos,</span> <span class='ocrx_word' id='word_1_188' title='bbox 1305 2911 1578 2965; x_wconf 85' lang='lat' dir='ltr'>Basilium</span> <span class='ocrx_word' id='word_1_189' title='bbox 1613 2909 1872 2969; x_wconf 89' lang='lat' dir='ltr'>Cilicem,</span> <span class='ocrx_word' id='word_1_190' title='bbox 1894 2908 2079 2963; x_wconf 86' lang='lat' dir='ltr'>Philo-</span> 
     </span>
    </p>
   </div>
   <div class='ocr_carea' id='block_1_31' title="bbox 422 2998 2077 3070">
    <p class='ocr_par' dir='ltr' id='par_1_31' title="bbox 422 2998 2077 3070">
     <span class='ocr_line' id='line_1_31' title="bbox 422 2998 2077 3070; baseline -0.001 -20"><span class='ocrx_word' id='word_1_191' title='bbox 422 2999 701 3063; x_wconf 82' lang='lat' dir='ltr'>storgium</span> <span class='ocrx_word' id='word_1_192' title='bbox 718 2999 1322 3070; x_wconf 77' lang='lat' dir='ltr'>Arianum,ipsumque</span> <span class='ocrx_word' id='word_1_193' title='bbox 1336 3001 1483 3053; x_wconf 87' lang='lat' dir='ltr'>adeo</span> <span class='ocrx_word' id='word_1_194' title='bbox 1499 2999 1734 3052; x_wconf 83' lang='lat' dir='ltr'>scelesti</span> <span class='ocrx_word' id='word_1_195' title='bbox 1751 2998 1865 3050; x_wconf 74' lang='lat' dir='ltr'>Arii</span> <span class='ocrx_word' id='word_1_196' title='bbox 1881 3001 2077 3065; x_wconf 85' lang='lat' dir='ltr'>caput.</span> 
     </span>
    </p>
   </div>
   <div class='ocr_carea' id='block_1_32' title="bbox 492 3085 2075 3157">
    <p class='ocr_par' dir='ltr' id='par_1_32' title="bbox 492 3085 2075 3157">
     <span class='ocr_line' id='line_1_32' title="bbox 492 3085 2075 3157; baseline -0.001 -16"><span class='ocrx_word' id='word_1_197' title='bbox 492 3085 821 3141; x_wconf 79' lang='lat' dir='ltr'>Oﬂenditur</span> <span class='ocrx_word' id='word_1_198' title='bbox 850 3090 1089 3157; x_wconf 82' lang='lat' dir='ltr'>quoque</span> <span class='ocrx_word' id='word_1_199' title='bbox 1122 3103 1240 3140; x_wconf 88' lang='lat' dir='ltr'>non</span> <span class='ocrx_word' id='word_1_200' title='bbox 1274 3103 1451 3141; x_wconf 88' lang='lat' dir='ltr'>nemo</span> <span class='ocrx_word' id='word_1_201' title='bbox 1484 3086 1650 3140; x_wconf 89' lang='lat' dir='ltr'>titulo</span> <span class='ocrx_word' id='word_1_202' title='bbox 1672 3086 2075 3149; x_wconf 66' lang='lat' dir='ltr'>Bibliotheca&quot;,</span> 
     </span>
    </p>
   </div>
   <div class='ocr_carea' id='block_1_33' title="bbox 421 3174 2076 3246">
    <p class='ocr_par' dir='ltr' id='par_1_33' title="bbox 421 3174 2076 3246">
     <span class='ocr_line' id='line_1_33' title="bbox 421 3174 2076 3246; baseline 0.001 -19"><span class='ocrx_word' id='word_1_203' title='bbox 421 3174 481 3227; x_wconf 89' lang='lat' dir='ltr'>in</span> <span class='ocrx_word' id='word_1_204' title='bbox 529 3176 785 3244; x_wconf 89' lang='lat' dir='ltr'>speciem</span> <span class='ocrx_word' id='word_1_205' title='bbox 856 3175 1286 3242; x_wconf 84' lang='lat' dir='ltr'>arrogantiore.</span> <span class='ocrx_word' id='word_1_206' title='bbox 1336 3178 1533 3246; x_wconf 83' lang='lat' dir='ltr'>Neque</span> <span class='ocrx_word' id='word_1_207' title='bbox 1588 3176 1747 3228; x_wconf 87' lang='lat' dir='ltr'>enim</span> <span class='ocrx_word' id='word_1_208' title='bbox 1798 3174 2076 3228; x_wconf 88' lang='lat' dir='ltr'>volumen</span> 
     </span>
    </p>
   </div>
   <div class='ocr_carea' id='block_1_34' title="bbox 419 3262 2127 3324">
    <p class='ocr_par' dir='ltr' id='par_1_34' title="bbox 419 3262 2127 3324">
     <span class='ocr_line' id='line_1_34' title="bbox 419 3262 2127 3324; baseline 0 -10"><span class='ocrx_word' id='word_1_209' title='bbox 419 3277 607 3315; x_wconf 89' lang='lat' dir='ltr'>unum</span> <span class='ocrx_word' id='word_1_210' title='bbox 666 3262 1102 3324; x_wconf 86' lang='lat' dir='ltr'>bibliothecam,</span> <span class='ocrx_word' id='word_1_211' title='bbox 1170 3271 1231 3317; x_wconf 89' lang='lat' dir='ltr'>ut</span> <span class='ocrx_word' id='word_1_212' title='bbox 1300 3280 1407 3318; x_wconf 90' lang='lat' dir='ltr'>nec</span> <span class='ocrx_word' id='word_1_213' title='bbox 1460 3262 1799 3317; x_wconf 88' lang='lat' dir='ltr'>mortalium</span> <span class='ocrx_word' id='word_1_214' title='bbox 1868 3278 2127 3324; x_wconf 23' lang='lat' dir='ltr'>unum,.</span> 
     </span>
    </p>
   </div>
   <div class='ocr_carea' id='block_1_35' title="bbox 416 3350 2077 3422">
    <p class='ocr_par' dir='ltr' id='par_1_35' title="bbox 416 3350 2077 3422">
     <span class='ocr_line' id='line_1_35' title="bbox 416 3350 2077 3422; baseline 0.001 -18"><span class='ocrx_word' id='word_1_215' title='bbox 416 3350 724 3419; x_wconf 83' lang='lat' dir='ltr'>collegium</span> <span class='ocrx_word' id='word_1_216' title='bbox 750 3351 979 3405; x_wconf 73' lang='lat' dir='ltr'>efficere</span> <span class='ocrx_word' id='word_1_217' title='bbox 999 3353 1071 3406; x_wconf 88' lang='lat' dir='ltr'>de</span> <span class='ocrx_word' id='word_1_218' title='bbox 1093 3353 1268 3422; x_wconf 91' lang='lat' dir='ltr'>plano</span> <span class='ocrx_word' id='word_1_219' title='bbox 1292 3352 1651 3422; x_wconf 90' lang='lat' dir='ltr'>pronuntiat.</span> <span class='ocrx_word' id='word_1_220' title='bbox 1676 3350 2077 3422; x_wconf 88' lang='lat' dir='ltr'>Reprehendat</span> 
     </span>
    </p>
   </div>
   <div class='ocr_carea' id='block_1_36' title="bbox 415 3438 2074 3509">
    <p class='ocr_par' dir='ltr' id='par_1_36' title="bbox 415 3438 2074 3509">
     <span class='ocr_line' id='line_1_36' title="bbox 415 3438 2074 3509; baseline 0.001 -16"><span class='ocrx_word' id='word_1_221' title='bbox 415 3438 568 3494; x_wconf 91' lang='lat' dir='ltr'>alius</span> <span class='ocrx_word' id='word_1_222' title='bbox 623 3440 989 3509; x_wconf 74' lang='grc' dir='ltr'>Μυριόϐιϐλον,</span> <span class='ocrx_word' id='word_1_223' title='bbox 1056 3442 1318 3505; x_wconf 86' lang='lat' dir='ltr'>inscribi,</span> <span class='ocrx_word' id='word_1_224' title='bbox 1380 3459 1444 3496; x_wconf 88' lang='lat' dir='ltr'>ac</span> <span class='ocrx_word' id='word_1_225' title='bbox 1503 3442 1684 3496; x_wconf 90' lang='lat' dir='ltr'>veluti</span> <span class='ocrx_word' id='word_1_226' title='bbox 1751 3442 1808 3495; x_wconf 90' lang='lat' dir='ltr'>in</span> <span class='ocrx_word' id='word_1_227' title='bbox 1875 3440 2074 3495; x_wconf 89' lang='lat' dir='ltr'>limine</span> 
     </span>
    </p>
   </div>
   <div class='ocr_carea' id='block_1_37' title="bbox 414 3529 2074 3600">
    <p class='ocr_par' dir='ltr' id='par_1_37' title="bbox 414 3529 2074 3600">
     <span class='ocr_line' id='line_1_37' title="bbox 414 3529 2074 3600; baseline 0.001 -18"><span class='ocrx_word' id='word_1_228' title='bbox 414 3529 576 3599; x_wconf 90' lang='lat' dir='ltr'>quod</span> <span class='ocrx_word' id='word_1_229' title='bbox 606 3529 1106 3600; x_wconf 86' lang='lat' dir='ltr'>aiuntimpingat.</span> <span class='ocrx_word' id='word_1_230' title='bbox 1148 3535 1217 3583; x_wconf 76' lang='lat' dir='ltr'>At</span> <span class='ocrx_word' id='word_1_231' title='bbox 1260 3530 1612 3595; x_wconf 90' lang='lat' dir='ltr'>meminerit,</span> <span class='ocrx_word' id='word_1_232' title='bbox 1671 3536 1732 3584; x_wconf 91' lang='lat' dir='ltr'>ut</span> <span class='ocrx_word' id='word_1_233' title='bbox 1772 3538 2074 3585; x_wconf 65' lang='lat' dir='ltr'>sexcentos</span> 
     </span>
    </p>
   </div>
   <div class='ocr_carea' id='block_1_38' title="bbox 418 3618 2075 3689">
    <p class='ocr_par' dir='ltr' id='par_1_38' title="bbox 418 3618 2075 3689">
     <span class='ocr_line' id='line_1_38' title="bbox 418 3618 2075 3689; baseline 0.002 -19"><span class='ocrx_word' id='word_1_234' title='bbox 418 3620 702 3683; x_wconf 83' lang='lat' dir='ltr'>Romane,</span> <span class='ocrx_word' id='word_1_235' title='bbox 724 3618 808 3672; x_wconf 86' lang='lat' dir='ltr'>sic</span> <span class='ocrx_word' id='word_1_236' title='bbox 827 3624 882 3672; x_wconf 90' lang='lat' dir='ltr'>et</span> <span class='ocrx_word' id='word_1_237' title='bbox 910 3620 1099 3672; x_wconf 67' lang='lat' dir='ltr'>Craace</span> <span class='ocrx_word' id='word_1_238' title='bbox 1126 3618 1280 3672; x_wconf 90' lang='lat' dir='ltr'>mille</span> <span class='ocrx_word' id='word_1_239' title='bbox 1305 3635 1411 3689; x_wconf 88' lang='lat' dir='ltr'>pro</span> <span class='ocrx_word' id='word_1_240' title='bbox 1432 3619 1676 3673; x_wconf 78' lang='lat' dir='ltr'>infinitis</span> <span class='ocrx_word' id='word_1_241' title='bbox 1707 3618 1854 3672; x_wconf 91' lang='lat' dir='ltr'>dicis</span> <span class='ocrx_word' id='word_1_242' title='bbox 1887 3618 2075 3686; x_wconf 86' lang='lat' dir='ltr'>gratia</span> 
     </span>
    </p>
   </div>
   <div class='ocr_carea' id='block_1_39' title="bbox 419 3705 2077 3779">
    <p class='ocr_par' dir='ltr' id='par_1_39' title="bbox 419 3705 2077 3779">
     <span class='ocr_line' id='line_1_39' title="bbox 419 3705 2077 3779; baseline 0.001 -18"><span class='ocrx_word' id='word_1_243' title='bbox 419 3705 709 3761; x_wconf 88' lang='lat' dir='ltr'>adhiberi.</span> <span class='ocrx_word' id='word_1_244' title='bbox 754 3707 937 3761; x_wconf 89' lang='lat' dir='ltr'>Priori</span> <span class='ocrx_word' id='word_1_245' title='bbox 963 3724 1099 3761; x_wconf 91' lang='lat' dir='ltr'>vero</span> <span class='ocrx_word' id='word_1_246' title='bbox 1132 3710 1487 3779; x_wconf 87' lang='lat' dir='ltr'>respondeo,</span> <span class='ocrx_word' id='word_1_247' title='bbox 1523 3708 1567 3760; x_wconf 90' lang='lat' dir='ltr'>si</span> <span class='ocrx_word' id='word_1_248' title='bbox 1590 3715 1849 3762; x_wconf 89' lang='lat' dir='ltr'>veterum</span> <span class='ocrx_word' id='word_1_249' title='bbox 1882 3722 2077 3762; x_wconf 85' lang='lat' dir='ltr'>exem-</span> 
     </span>
    </p>
   </div>
   <div class='ocr_carea' id='block_1_40' title="bbox 412 3788 2072 3867">
    <p class='ocr_par' dir='ltr' id='par_1_40' title="bbox 412 3788 2072 3867">
     <span class='ocr_line' id='line_1_40' title="bbox 412 3788 2072 3867; baseline 0.001 -19"><span class='ocrx_word' id='word_1_250' title='bbox 412 3788 517 3866; x_wconf 30' lang='lat' dir='ltr'>‘pla</span> <span class='ocrx_word' id='word_1_251' title='bbox 545 3795 807 3867; x_wconf 89' lang='lat' dir='ltr'>requirat</span> <span class='ocrx_word' id='word_1_252' title='bbox 828 3796 1175 3866; x_wconf 89' lang='lat' dir='ltr'>(recentium</span> <span class='ocrx_word' id='word_1_253' title='bbox 1196 3798 1357 3851; x_wconf 88' lang='lat' dir='ltr'>enim</span> <span class='ocrx_word' id='word_1_254' title='bbox 1397 3796 1892 3851; x_wconf 74' lang='lat' dir='ltr'>bibliothecarum</span> <span class='ocrx_word' id='word_1_255' title='bbox 1916 3796 2072 3867; x_wconf 89' lang='lat' dir='ltr'>pleni</span> 
     </span>
    </p>
   </div>
   <div class='ocr_carea' id='block_1_41' title="bbox 415 3885 2075 3956">
    <p class='ocr_par' dir='ltr' id='par_1_41' title="bbox 415 3885 2075 3956">
     <span class='ocr_line' id='line_1_41' title="bbox 415 3885 2075 3956; baseline 0.001 -19"><span class='ocrx_word' id='word_1_256' title='bbox 415 3891 553 3938; x_wconf 87' lang='lat' dir='ltr'>sunt</span> <span class='ocrx_word' id='word_1_257' title='bbox 581 3900 793 3938; x_wconf 89' lang='lat' dir='ltr'>omnes</span> <span class='ocrx_word' id='word_1_258' title='bbox 819 3886 1091 3939; x_wconf 91' lang='lat' dir='ltr'>omnium</span> <span class='ocrx_word' id='word_1_259' title='bbox 1119 3886 1321 3955; x_wconf 90' lang='lat' dir='ltr'>plutei,</span> <span class='ocrx_word' id='word_1_260' title='bbox 1346 3886 1520 3956; x_wconf 91' lang='lat' dir='ltr'>plena</span> <span class='ocrx_word' id='word_1_261' title='bbox 1544 3885 1814 3955; x_wconf 88' lang='lat' dir='ltr'>pulpita),</span> <span class='ocrx_word' id='word_1_262' title='bbox 1840 3885 2075 3954; x_wconf 80' lang='lat' dir='ltr'>Apollo-</span> 
     </span>
    </p>
   </div>
   <div class='ocr_carea' id='block_1_42' title="bbox 418 3972 2079 4030">
    <p class='ocr_par' dir='ltr' id='par_1_42' title="bbox 418 3972 2079 4030">
     <span class='ocr_line' id='line_1_42' title="bbox 418 3972 2079 4030; baseline 0.001 -3"><span class='ocrx_word' id='word_1_263' title='bbox 418 3972 546 4028; x_wconf 91' lang='lat' dir='ltr'>dori</span> <span class='ocrx_word' id='word_1_264' title='bbox 596 3974 970 4028; x_wconf 86' lang='lat' dir='ltr'>Atheniensis</span> <span class='ocrx_word' id='word_1_265' title='bbox 1013 3992 1072 4028; x_wconf 90' lang='lat' dir='ltr'>se</span> <span class='ocrx_word' id='word_1_266' title='bbox 1122 3976 1353 4029; x_wconf 83' lang='lat' dir='ltr'>Photius</span> <span class='ocrx_word' id='word_1_267' title='bbox 1401 3992 1469 4029; x_wconf 89' lang='lat' dir='ltr'>ac</span> <span class='ocrx_word' id='word_1_268' title='bbox 1501 3975 1736 4028; x_wconf 91' lang='lat' dir='ltr'>Diodori</span> <span class='ocrx_word' id='word_1_269' title='bbox 1773 3975 1947 4030; x_wconf 91' lang='lat' dir='ltr'>Siculi</span> <span class='ocrx_word' id='word_1_270' title='bbox 1981 3992 2079 4029; x_wconf 86' lang='lat' dir='ltr'>au-</span> 
     </span>
    </p>
   </div>
   <div class='ocr_carea' id='block_1_43' title="bbox 417 4062 2076 4134">
    <p class='ocr_par' dir='ltr' id='par_1_43' title="bbox 417 4062 2076 4134">
     <span class='ocr_line' id='line_1_43' title="bbox 417 4062 2076 4134; baseline -0.001 -17"><span class='ocrx_word' id='word_1_271' title='bbox 417 4064 703 4125; x_wconf 87' lang='lat' dir='ltr'>ctoritate,</span> <span class='ocrx_word' id='word_1_272' title='bbox 736 4062 839 4134; x_wconf 92' lang='lat' dir='ltr'>qui</span> <span class='ocrx_word' id='word_1_273' title='bbox 879 4069 935 4117; x_wconf 91' lang='lat' dir='ltr'>et</span> <span class='ocrx_word' id='word_1_274' title='bbox 961 4064 1045 4118; x_wconf 92' lang='lat' dir='ltr'>sic</span> <span class='ocrx_word' id='word_1_275' title='bbox 1094 4063 1449 4129; x_wconf 89' lang='lat' dir='ltr'>inscribunt,</span> <span class='ocrx_word' id='word_1_276' title='bbox 1494 4070 1742 4119; x_wconf 89' lang='lat' dir='ltr'>tueatur.</span> <span class='ocrx_word' id='word_1_277' title='bbox 1788 4062 2076 4118; x_wconf 63' lang='lat' dir='ltr'>Caeterum</span> 
     </span>
    </p>
   </div>
   <div class='ocr_carea' id='block_1_44' title="bbox 412 4152 2075 4224">
    <p class='ocr_par' dir='ltr' id='par_1_44' title="bbox 412 4152 2075 4224">
     <span class='ocr_line' id='line_1_44' title="bbox 412 4152 2075 4224; baseline 0 -19"><span class='ocrx_word' id='word_1_278' title='bbox 412 4152 631 4221; x_wconf 89' lang='lat' dir='ltr'>justius</span> <span class='ocrx_word' id='word_1_279' title='bbox 660 4152 888 4207; x_wconf 89' lang='lat' dir='ltr'>titulum</span> <span class='ocrx_word' id='word_1_280' title='bbox 917 4153 1076 4207; x_wconf 91' lang='lat' dir='ltr'>hunc</span> <span class='ocrx_word' id='word_1_281' title='bbox 1112 4152 1337 4207; x_wconf 89' lang='lat' dir='ltr'>foribus</span> <span class='ocrx_word' id='word_1_282' title='bbox 1369 4153 1694 4224; x_wconf 89' lang='lat' dir='ltr'>appendit:</span> <span class='ocrx_word' id='word_1_283' title='bbox 1724 4153 1909 4224; x_wconf 89' lang='lat' dir='ltr'>quod,</span> <span class='ocrx_word' id='word_1_284' title='bbox 1938 4170 2075 4207; x_wconf 90' lang='lat' dir='ltr'>cum</span> 
     </span>
    </p>
   </div>
   <div class='ocr_carea' id='block_1_45' title="bbox 416 4240 2077 4313">
    <p class='ocr_par' dir='ltr' id='par_1_45' title="bbox 416 4240 2077 4313">
     <span class='ocr_line' id='line_1_45' title="bbox 416 4240 2077 4313; baseline 0.001 -18"><span class='ocrx_word' id='word_1_285' title='bbox 416 4240 725 4295; x_wconf 83' lang='lat' dir='ltr'>fabulosas</span> <span class='ocrx_word' id='word_1_286' title='bbox 743 4242 993 4296; x_wconf 88' lang='lat' dir='ltr'>deorum</span> <span class='ocrx_word' id='word_1_287' title='bbox 1026 4242 1458 4313; x_wconf 86' lang='lat' dir='ltr'>hominumque</span> <span class='ocrx_word' id='word_1_288' title='bbox 1478 4242 1851 4297; x_wconf 85' lang='lat' dir='ltr'>narrationes</span> <span class='ocrx_word' id='word_1_289' title='bbox 1879 4242 2077 4297; x_wconf 87' lang='lat' dir='ltr'>vendi-</span> 
     </span>
    </p>
   </div>
   <div class='ocr_carea' id='block_1_46' title="bbox 418 4329 2075 4399">
    <p class='ocr_par' dir='ltr' id='par_1_46' title="bbox 418 4329 2075 4399">
     <span class='ocr_line' id='line_1_46' title="bbox 418 4329 2075 4399; baseline 0.002 -16"><span class='ocrx_word' id='word_1_290' title='bbox 418 4334 558 4393; x_wconf 85' lang='lat' dir='ltr'>tent,</span> <span class='ocrx_word' id='word_1_291' title='bbox 578 4329 671 4383; x_wconf 92' lang='lat' dir='ltr'>hic</span> <span class='ocrx_word' id='word_1_292' title='bbox 699 4330 1089 4397; x_wconf 85' lang='lat' dir='ltr'>sacrosjuxta</span> <span class='ocrx_word' id='word_1_293' title='bbox 1121 4346 1189 4383; x_wconf 91' lang='lat' dir='ltr'>ac</span> <span class='ocrx_word' id='word_1_294' title='bbox 1233 4330 1519 4399; x_wconf 84' lang='lat' dir='ltr'>profanos</span> <span class='ocrx_word' id='word_1_295' title='bbox 1553 4331 1869 4399; x_wconf 89' lang='lat' dir='ltr'>scriptores</span> <span class='ocrx_word' id='word_1_296' title='bbox 1891 4331 2075 4386; x_wconf 89' lang='lat' dir='ltr'>homo</span> 
     </span>
    </p>
   </div>
   <div class='ocr_carea' id='block_1_47' title="bbox 418 4417 2077 4487">
    <p class='ocr_par' dir='ltr' id='par_1_47' title="bbox 418 4417 2077 4487">
     <span class='ocr_line' id='line_1_47' title="bbox 418 4417 2077 4487; baseline 0.001 -15"><span class='ocrx_word' id='word_1_297' title='bbox 418 4417 806 4481; x_wconf 87' lang='lat' dir='ltr'>Christianus,</span> <span class='ocrx_word' id='word_1_298' title='bbox 824 4417 1095 4487; x_wconf 86' lang='lat' dir='ltr'>jucunda</span> <span class='ocrx_word' id='word_1_299' title='bbox 1117 4417 1382 4487; x_wconf 90' lang='lat' dir='ltr'>quadam</span> <span class='ocrx_word' id='word_1_300' title='bbox 1410 4418 1813 4473; x_wconf 82' lang='lat' dir='ltr'>vicissitudine</span> <span class='ocrx_word' id='word_1_301' title='bbox 1832 4420 2077 4475; x_wconf 70' lang='lat' dir='ltr'>ttedium</span> 
     </span>
    </p>
   </div>
   <div class='ocr_carea' id='block_1_48' title="bbox 418 4506 2075 4576">
    <p class='ocr_par' dir='ltr' id='par_1_48' title="bbox 418 4506 2075 4576">
     <span class='ocr_line' id='line_1_48' title="bbox 418 4506 2075 4576; baseline 0.001 -16"><span class='ocrx_word' id='word_1_302' title='bbox 418 4507 860 4570; x_wconf 89' lang='lat' dir='ltr'>omnelevante,</span> <span class='ocrx_word' id='word_1_303' title='bbox 884 4506 1096 4576; x_wconf 84' lang='lat' dir='ltr'>partim</span> <span class='ocrx_word' id='word_1_304' title='bbox 1114 4512 1417 4561; x_wconf 90' lang='lat' dir='ltr'>recenseat</span> <span class='ocrx_word' id='word_1_305' title='bbox 1434 4506 2075 4576; x_wconf 87' lang='lat' dir='ltr'>sigillatim,judicium-</span> 
     </span>
    </p>
   </div>
   <div class='ocr_carea' id='block_1_49' title="bbox 419 4594 2077 4667">
    <p class='ocr_par' dir='ltr' id='par_1_49' title="bbox 419 4594 2077 4667">
     <span class='ocr_line' id='line_1_49' title="bbox 419 4594 2077 4667; baseline 0.002 -18"><span class='ocrx_word' id='word_1_306' title='bbox 419 4610 535 4667; x_wconf 90' lang='lat' dir='ltr'>que</span> <span class='ocrx_word' id='word_1_307' title='bbox 569 4594 737 4661; x_wconf 86' lang='lat' dir='ltr'>ferat,</span> <span class='ocrx_word' id='word_1_308' title='bbox 762 4596 975 4666; x_wconf 90' lang='lat' dir='ltr'>partim</span> <span class='ocrx_word' id='word_1_309' title='bbox 1004 4598 1284 4667; x_wconf 87' lang='lat' dir='ltr'>Excerpta</span> <span class='ocrx_word' id='word_1_310' title='bbox 1310 4600 1586 4650; x_wconf 88' lang='lat' dir='ltr'>accurate</span> <span class='ocrx_word' id='word_1_311' title='bbox 1606 4596 1880 4650; x_wconf 82' lang='lat' dir='ltr'>exhibeat</span> <span class='ocrx_word' id='word_1_312' title='bbox 1904 4596 2077 4652; x_wconf 89' lang='lat' dir='ltr'>libro-</span> 
     </span>
    </p>
   </div>
   <div class='ocr_carea' id='block_1_50' title="bbox 416 4683 2075 4757">
    <p class='ocr_par' dir='ltr' id='par_1_50' title="bbox 416 4683 2075 4757">
     <span class='ocr_line' id='line_1_50' title="bbox 416 4683 2075 4757; baseline -0.001 -18"><span class='ocrx_word' id='word_1_313' title='bbox 416 4699 574 4748; x_wconf 88' lang='lat' dir='ltr'>rum,</span> <span class='ocrx_word' id='word_1_314' title='bbox 624 4685 727 4757; x_wconf 90' lang='lat' dir='ltr'>qui</span> <span class='ocrx_word' id='word_1_315' title='bbox 777 4685 1146 4755; x_wconf 89' lang='lat' dir='ltr'>temporibus</span> <span class='ocrx_word' id='word_1_316' title='bbox 1210 4685 1631 4739; x_wconf 85' lang='lat' dir='ltr'>interciderunt</span> <span class='ocrx_word' id='word_1_317' title='bbox 1684 4683 2075 4744; x_wconf 73' lang='grc' dir='ltr'>ζΒιϐλιοθήκην</span> 
     </span>
    </p>
   </div>
   <div class='ocr_carea' id='block_1_51' title="bbox 416 4773 2075 4845">
    <p class='ocr_par' dir='ltr' id='par_1_51' title="bbox 416 4773 2075 4845">
     <span class='ocr_line' id='line_1_51' title="bbox 416 4773 2075 4845; baseline 0.002 -18"><span class='ocrx_word' id='word_1_318' title='bbox 416 4773 950 4845; x_wconf 81' lang='lat' dir='ltr'>jureindigitaudo,</span> <span class='ocrx_word' id='word_1_319' title='bbox 969 4774 1120 4845; x_wconf 88' lang='lat' dir='ltr'>quod</span> <span class='ocrx_word' id='word_1_320' title='bbox 1136 4774 1357 4845; x_wconf 59' lang='lat' dir='ltr'>IEsypti</span> <span class='ocrx_word' id='word_1_321' title='bbox 1372 4774 1825 4844; x_wconf 85' lang='lat' dir='ltr'>regeslibrorum</span> <span class='ocrx_word' id='word_1_322' title='bbox 1841 4775 2075 4844; x_wconf 84' lang='lat' dir='ltr'>Optimo-</span> 
     </span>
    </p>
   </div>
   <div class='ocr_carea' id='block_1_52' title="bbox 421 4864 2071 4937">
    <p class='ocr_par' dir='ltr' id='par_1_52' title="bbox 421 4864 2071 4937">
     <span class='ocr_line' id='line_1_52' title="bbox 421 4864 2071 4937; baseline 0 -18"><span class='ocrx_word' id='word_1_323' title='bbox 421 4880 555 4919; x_wconf 92' lang='lat' dir='ltr'>rum</span> <span class='ocrx_word' id='word_1_324' title='bbox 608 4864 917 4918; x_wconf 88' lang='lat' dir='ltr'>cumulum</span> <span class='ocrx_word' id='word_1_325' title='bbox 946 4870 1136 4935; x_wconf 82' lang='grc' dir='ltr'>Ψυχῆς</span> <span class='ocrx_word' id='word_1_326' title='bbox 1194 4864 1434 4937; x_wconf 80' lang='grc' dir='ltr'>ἰατρεῖον,</span> <span class='ocrx_word' id='word_1_327' title='bbox 1490 4864 1692 4919; x_wconf 82' lang='lat' dir='ltr'>Animi</span> <span class='ocrx_word' id='word_1_328' title='bbox 1730 4864 2071 4933; x_wconf 80' lang='lat' dir='ltr'>medicinas,</span> 
     </span>
    </p>
   </div>
   <div class='ocr_carea' id='block_1_53' title="bbox 424 4952 2075 5025">
    <p class='ocr_par' dir='ltr' id='par_1_53' title="bbox 424 4952 2075 5025">
     <span class='ocr_line' id='line_1_53' title="bbox 424 4952 2075 5025; baseline -0.001 -15"><span class='ocrx_word' id='word_1_329' title='bbox 424 4958 567 5010; x_wconf 84' lang='lat' dir='ltr'>teste</span> <span class='ocrx_word' id='word_1_330' title='bbox 597 4952 874 5017; x_wconf 87' lang='lat' dir='ltr'>Diodoro,</span> <span class='ocrx_word' id='word_1_331' title='bbox 905 4953 1285 5021; x_wconf 86' lang='lat' dir='ltr'>nominarint,</span> <span class='ocrx_word' id='word_1_332' title='bbox 1319 4959 1373 5007; x_wconf 88' lang='lat' dir='ltr'>ct</span> <span class='ocrx_word' id='word_1_333' title='bbox 1411 4953 1648 5008; x_wconf 84' lang='lat' dir='ltr'>Asinius</span> <span class='ocrx_word' id='word_1_334' title='bbox 1695 4952 1875 5007; x_wconf 87' lang='lat' dir='ltr'>Pollio</span> <span class='ocrx_word' id='word_1_335' title='bbox 1911 4954 2075 5025; x_wconf 86' lang='lat' dir='ltr'>apud</span> 
     </span>
    </p>
   </div>
   <div class='ocr_carea' id='block_1_54' title="bbox 422 5040 2074 5110">
    <p class='ocr_par' dir='ltr' id='par_1_54' title="bbox 422 5040 2074 5110">
     <span class='ocr_line' id='line_1_54' title="bbox 422 5040 2074 5110; baseline 0.002 -15"><span class='ocrx_word' id='word_1_336' title='bbox 422 5040 672 5096; x_wconf 89' lang='lat' dir='ltr'>Plinium</span> <span class='ocrx_word' id='word_1_337' title='bbox 724 5042 925 5095; x_wconf 62' lang='lat' dir='ltr'>Romae</span> <span class='ocrx_word' id='word_1_338' title='bbox 967 5041 1385 5097; x_wconf 87' lang='lat' dir='ltr'>bibliothecam</span> <span class='ocrx_word' id='word_1_339' title='bbox 1432 5042 1791 5107; x_wconf 87' lang='lat' dir='ltr'>dedicando,</span> <span class='ocrx_word' id='word_1_340' title='bbox 1834 5040 2074 5110; x_wconf 87' lang='lat' dir='ltr'>ingenia</span> 
     </span>
    </p>
   </div>
   <div class='ocr_carea' id='block_1_55' title="bbox 420 5130 2073 5201">
    <p class='ocr_par' dir='ltr' id='par_1_55' title="bbox 420 5130 2073 5201">
     <span class='ocr_line' id='line_1_55' title="bbox 420 5130 2073 5201; baseline 0.002 -16"><span class='ocrx_word' id='word_1_341' title='bbox 420 5130 739 5186; x_wconf 88' lang='lat' dir='ltr'>hominum</span> <span class='ocrx_word' id='word_1_342' title='bbox 756 5146 879 5185; x_wconf 92' lang='lat' dir='ltr'>rem</span> <span class='ocrx_word' id='word_1_343' title='bbox 900 5130 1200 5201; x_wconf 88' lang='lat' dir='ltr'>publicam</span> <span class='ocrx_word' id='word_1_344' title='bbox 1220 5132 1436 5186; x_wconf 82' lang='lat' dir='ltr'>fecerit.</span> <span class='ocrx_word' id='word_1_345' title='bbox 1457 5134 1572 5186; x_wconf 83' lang='lat' dir='ltr'>Hoc</span> <span class='ocrx_word' id='word_1_346' title='bbox 1588 5138 1772 5185; x_wconf 86' lang='lat' dir='ltr'>autem</span> <span class='ocrx_word' id='word_1_347' title='bbox 1789 5132 1841 5185; x_wconf 90' lang='lat' dir='ltr'>in</span> <span class='ocrx_word' id='word_1_348' title='bbox 1861 5148 2073 5201; x_wconf 89' lang='lat' dir='ltr'>genere</span> 
     </span>
    </p>
   </div>
   <div class='ocr_carea' id='block_1_56' title="bbox 422 5219 2065 5292">
    <p class='ocr_par' dir='ltr' id='par_1_56' title="bbox 422 5219 2065 5292">
     <span class='ocr_line' id='line_1_56' title="bbox 422 5219 2065 5292; baseline 0.001 -18"><span class='ocrx_word' id='word_1_349' title='bbox 422 5219 727 5275; x_wconf 86' lang='lat' dir='ltr'>titulorum</span> <span class='ocrx_word' id='word_1_350' title='bbox 758 5219 1039 5274; x_wconf 88' lang='lat' dir='ltr'>sudatum</span> <span class='ocrx_word' id='word_1_351' title='bbox 1094 5220 1437 5291; x_wconf 89' lang='lat' dir='ltr'>antiquitus,</span> <span class='ocrx_word' id='word_1_352' title='bbox 1475 5226 1553 5284; x_wconf 85' lang='lat' dir='ltr'>ut,</span> <span class='ocrx_word' id='word_1_353' title='bbox 1586 5221 1747 5292; x_wconf 89' lang='lat' dir='ltr'>quod</span> <span class='ocrx_word' id='word_1_354' title='bbox 1781 5221 1838 5274; x_wconf 90' lang='lat' dir='ltr'>id</span> <span class='ocrx_word' id='word_1_355' title='bbox 1869 5222 2065 5277; x_wconf 87' lang='lat' dir='ltr'>merci-</span> 
     </span>
    </p>
   </div>
   <div class='ocr_carea' id='block_1_57' title="bbox 423 5307 2073 5381">
    <p class='ocr_par' dir='ltr' id='par_1_57' title="bbox 423 5307 2073 5381">
     <span class='ocr_line' id='line_1_57' title="bbox 423 5307 2073 5381; baseline 0.001 -19"><span class='ocrx_word' id='word_1_356' title='bbox 423 5309 536 5363; x_wconf 90' lang='lat' dir='ltr'>bus</span> <span class='ocrx_word' id='word_1_357' title='bbox 556 5312 813 5381; x_wconf 89' lang='lat' dir='ltr'>vinoque</span> <span class='ocrx_word' id='word_1_358' title='bbox 833 5307 1000 5371; x_wconf 88' lang='lat' dir='ltr'>solet,</span> <span class='ocrx_word' id='word_1_359' title='bbox 1022 5307 1199 5363; x_wconf 89' lang='lat' dir='ltr'>edera</span> <span class='ocrx_word' id='word_1_360' title='bbox 1216 5325 1484 5380; x_wconf 62' lang='lat' dir='ltr'>appeasa</span> <span class='ocrx_word' id='word_1_361' title='bbox 1504 5308 1673 5363; x_wconf 86' lang='lat' dir='ltr'>labor</span> <span class='ocrx_word' id='word_1_362' title='bbox 1691 5311 2073 5364; x_wconf 88' lang='lat' dir='ltr'>commenda-</span> 
     </span>
    </p>
   </div>
   <div class='ocr_carea' id='block_1_58' title="bbox 423 5397 2074 5470">
    <p class='ocr_par' dir='ltr' id='par_1_58' title="bbox 423 5397 2074 5470">
     <span class='ocr_line' id='line_1_58' title="bbox 423 5397 2074 5470; baseline 0 -17"><span class='ocrx_word' id='word_1_363' title='bbox 423 5403 602 5453; x_wconf 89' lang='lat' dir='ltr'>retur.</span> <span class='ocrx_word' id='word_1_364' title='bbox 649 5398 874 5453; x_wconf 89' lang='lat' dir='ltr'>Tironis</span> <span class='ocrx_word' id='word_1_365' title='bbox 917 5398 1082 5453; x_wconf 91' lang='lat' dir='ltr'>Tullii</span> <span class='ocrx_word' id='word_1_366' title='bbox 1116 5397 1343 5467; x_wconf 63' lang='lat' dir='ltr'>vigilite,</span> <span class='ocrx_word' id='word_1_367' title='bbox 1378 5414 1633 5469; x_wconf 62' lang='lat' dir='ltr'>quaeque</span> <span class='ocrx_word' id='word_1_368' title='bbox 1665 5403 1898 5453; x_wconf 83' lang='lat' dir='ltr'>exstant</span> <span class='ocrx_word' id='word_1_369' title='bbox 1934 5415 2074 5470; x_wconf 85' lang='lat' dir='ltr'>pru-</span> 
     </span>
    </p>
   </div>
   <div class='ocr_carea' id='block_1_59' title="bbox 424 5488 2075 5560">
    <p class='ocr_par' dir='ltr' id='par_1_59' title="bbox 424 5488 2075 5560">
     <span class='ocr_line' id='line_1_59' title="bbox 424 5488 2075 5560; baseline 0.002 -18"><span class='ocrx_word' id='word_1_370' title='bbox 424 5488 665 5543; x_wconf 83' lang='lat' dir='ltr'>dentum</span> <span class='ocrx_word' id='word_1_371' title='bbox 695 5488 749 5542; x_wconf 92' lang='lat' dir='ltr'>in</span> <span class='ocrx_word' id='word_1_372' title='bbox 778 5489 907 5559; x_wconf 87' lang='lat' dir='ltr'>jure</span> <span class='ocrx_word' id='word_1_373' title='bbox 936 5502 1239 5559; x_wconf 89' lang='lat' dir='ltr'>responsa,</span> <span class='ocrx_word' id='word_1_374' title='bbox 1269 5488 1599 5560; x_wconf 63' lang='lat' dir='ltr'>pandectte,</span> <span class='ocrx_word' id='word_1_375' title='bbox 1624 5488 1907 5559; x_wconf 90' lang='lat' dir='ltr'>inscripti.</span> <span class='ocrx_word' id='word_1_376' title='bbox 1942 5490 2075 5545; x_wconf 85' lang='lat' dir='ltr'>Om-</span> 
     </span>
    </p>
   </div>
   <div class='ocr_carea' id='block_1_60' title="bbox 424 5576 2069 5661">
    <p class='ocr_par' dir='ltr' id='par_1_60' title="bbox 424 5576 2069 5661">
     <span class='ocr_line' id='line_1_60' title="bbox 424 5576 2069 5661; baseline 0.001 -29"><span class='ocrx_word' id='word_1_377' title='bbox 424 5577 711 5661; x_wconf 71' lang='lat' dir='ltr'>pigenam</span> <span class='ocrx_word' id='word_1_378' title='bbox 738 5577 1067 5643; x_wconf 87' lang='lat' dir='ltr'>historiam,</span> <span class='ocrx_word' id='word_1_379' title='bbox 1104 5576 1403 5649; x_wconf 73' lang='lat' dir='ltr'>copiaeque</span> <span class='ocrx_word' id='word_1_380' title='bbox 1450 5593 1631 5633; x_wconf 90' lang='lat' dir='ltr'>cornu</span> <span class='ocrx_word' id='word_1_381' title='bbox 1684 5577 2069 5647; x_wconf 84' lang='lat' dir='ltr'>Phavorinus,</span> 
     </span>
    </p>
   </div>
   <div class='ocr_carea' id='block_1_61' title="bbox 2178 413 3829 492">
    <p class='ocr_par' dir='ltr' id='par_1_61' title="bbox 2178 413 3829 492">
     <span class='ocr_line' id='line_1_61' title="bbox 2178 413 3829 492; baseline 0.007 -26"><span class='ocrx_word' id='word_1_382' title='bbox 2178 413 2501 484; x_wconf 87' lang='lat' dir='ltr'>Hesychius</span> <span class='ocrx_word' id='word_1_383' title='bbox 2531 418 2775 475; x_wconf 83' lang='lat' dir='ltr'>illustris</span> <span class='ocrx_word' id='word_1_384' title='bbox 2804 425 2984 491; x_wconf 88' lang='lat' dir='ltr'>atque</span> <span class='ocrx_word' id='word_1_385' title='bbox 3015 418 3278 473; x_wconf 63' lang='lat' dir='ltr'>ZElianus</span> <span class='ocrx_word' id='word_1_386' title='bbox 3310 433 3419 473; x_wconf 86' lang='lat' dir='ltr'>sua</span> <span class='ocrx_word' id='word_1_387' title='bbox 3464 426 3829 492; x_wconf 88' lang='lat' dir='ltr'>nuncupant,</span> 
     </span>
    </p>
   </div>
   <div class='ocr_carea' id='block_1_62' title="bbox 2178 502 3831 577">
    <p class='ocr_par' dir='ltr' id='par_1_62' title="bbox 2178 502 3831 577">
     <span class='ocr_line' id='line_1_62' title="bbox 2178 502 3831 577; baseline 0.006 -22"><span class='ocrx_word' id='word_1_388' title='bbox 2178 502 2411 559; x_wconf 90' lang='lat' dir='ltr'>Cestum</span> <span class='ocrx_word' id='word_1_389' title='bbox 2460 524 2565 561; x_wconf 90' lang='lat' dir='ltr'>seu</span> <span class='ocrx_word' id='word_1_390' title='bbox 2597 525 2632 564; x_wconf 88' lang='lat' dir='ltr'>a</span> <span class='ocrx_word' id='word_1_391' title='bbox 2660 510 2787 564; x_wconf 66' lang='lat' dir='ltr'>deas</span> <span class='ocrx_word' id='word_1_392' title='bbox 2818 510 3038 573; x_wconf 90' lang='lat' dir='ltr'>balteo,</span> <span class='ocrx_word' id='word_1_393' title='bbox 3080 508 3201 562; x_wconf 86' lang='lat' dir='ltr'>sive</span> <span class='ocrx_word' id='word_1_394' title='bbox 3240 523 3275 561; x_wconf 90' lang='lat' dir='ltr'>a</span> <span class='ocrx_word' id='word_1_395' title='bbox 3319 508 3589 577; x_wconf 87' lang='lat' dir='ltr'>pugilum</span> <span class='ocrx_word' id='word_1_396' title='bbox 3624 512 3831 577; x_wconf 91' lang='lat' dir='ltr'>armis,</span> 
     </span>
    </p>
   </div>
   <div class='ocr_carea' id='block_1_63' title="bbox 2176 590 3834 667">
    <p class='ocr_par' dir='ltr' id='par_1_63' title="bbox 2176 590 3834 667">
     <span class='ocr_line' id='line_1_63' title="bbox 2176 590 3834 667; baseline 0.007 -23"><span class='ocrx_word' id='word_1_397' title='bbox 2176 590 2360 645; x_wconf 82' lang='lat' dir='ltr'>Julius</span> <span class='ocrx_word' id='word_1_398' title='bbox 2409 594 2716 650; x_wconf 84' lang='lat' dir='ltr'>Africanus</span> <span class='ocrx_word' id='word_1_399' title='bbox 2747 604 2803 652; x_wconf 92' lang='lat' dir='ltr'>et</span> <span class='ocrx_word' id='word_1_400' title='bbox 2834 598 3054 660; x_wconf 84' lang='lat' dir='ltr'>Celsus,</span> <span class='ocrx_word' id='word_1_401' title='bbox 3105 597 3164 649; x_wconf 91' lang='lat' dir='ltr'>in</span> <span class='ocrx_word' id='word_1_402' title='bbox 3196 611 3375 667; x_wconf 88' lang='lat' dir='ltr'>quem</span> <span class='ocrx_word' id='word_1_403' title='bbox 3411 597 3545 667; x_wconf 89' lang='lat' dir='ltr'>styli</span> <span class='ocrx_word' id='word_1_404' title='bbox 3575 615 3834 655; x_wconf 89' lang='lat' dir='ltr'>acumen</span> 
     </span>
    </p>
   </div>
   <div class='ocr_carea' id='block_1_64' title="bbox 2180 680 3837 757">
    <p class='ocr_par' dir='ltr' id='par_1_64' title="bbox 2180 680 3837 757">
     <span class='ocr_line' id='line_1_64' title="bbox 2180 680 3837 757; baseline 0.006 -23"><span class='ocrx_word' id='word_1_405' title='bbox 2180 680 2460 747; x_wconf 79' lang='lat' dir='ltr'>Origenes</span> <span class='ocrx_word' id='word_1_406' title='bbox 2513 686 2755 750; x_wconf 79' lang='lat' dir='ltr'>strinxit,</span> <span class='ocrx_word' id='word_1_407' title='bbox 2809 687 3028 755; x_wconf 87' lang='lat' dir='ltr'>scripta</span> <span class='ocrx_word' id='word_1_408' title='bbox 3054 687 3439 739; x_wconf 89' lang='lat' dir='ltr'>nominarunt</span> <span class='ocrx_word' id='word_1_409' title='bbox 3479 686 3582 757; x_wconf 90' lang='lat' dir='ltr'>qui</span> <span class='ocrx_word' id='word_1_410' title='bbox 3613 693 3668 742; x_wconf 88' lang='lat' dir='ltr'>el</span> <span class='ocrx_word' id='word_1_411' title='bbox 3713 690 3837 744; x_wconf 90' lang='lat' dir='ltr'>Ori-</span> 
     </span>
    </p>
   </div>
   <div class='ocr_carea' id='block_1_65' title="bbox 2181 772 3832 845">
    <p class='ocr_par' dir='ltr' id='par_1_65' title="bbox 2181 772 3832 845">
     <span class='ocr_line' id='line_1_65' title="bbox 2181 772 3832 845; baseline 0.005 -23"><span class='ocrx_word' id='word_1_412' title='bbox 2181 784 2361 836; x_wconf 90' lang='lat' dir='ltr'>genes</span> <span class='ocrx_word' id='word_1_413' title='bbox 2390 772 2690 829; x_wconf 80' lang='lat' dir='ltr'>Stromata</span> <span class='ocrx_word' id='word_1_414' title='bbox 2732 776 3067 845; x_wconf 88' lang='lat' dir='ltr'>scripserat,</span> <span class='ocrx_word' id='word_1_415' title='bbox 3108 780 3167 827; x_wconf 91' lang='lat' dir='ltr'>ut</span> <span class='ocrx_word' id='word_1_416' title='bbox 3195 774 3528 830; x_wconf 80' lang='lat' dir='ltr'>Slromatea</span> <span class='ocrx_word' id='word_1_417' title='bbox 3559 776 3832 832; x_wconf 90' lang='lat' dir='ltr'>Clemens</span> 
     </span>
    </p>
   </div>
   <div class='ocr_carea' id='block_1_66' title="bbox 2180 858 3833 936">
    <p class='ocr_par' dir='ltr' id='par_1_66' title="bbox 2180 858 3833 936">
     <span class='ocr_line' id='line_1_66' title="bbox 2180 858 3833 936; baseline 0.006 -25"><span class='ocrx_word' id='word_1_418' title='bbox 2180 858 2610 916; x_wconf 78' lang='lat' dir='ltr'>Alexandrinus</span> <span class='ocrx_word' id='word_1_419' title='bbox 2664 864 2741 918; x_wconf 90' lang='lat' dir='ltr'>ab</span> <span class='ocrx_word' id='word_1_420' title='bbox 2780 870 3132 933; x_wconf 88' lang='lat' dir='ltr'>argumento</span> <span class='ocrx_word' id='word_1_421' title='bbox 3176 866 3332 917; x_wconf 89' lang='lat' dir='ltr'>varie</span> <span class='ocrx_word' id='word_1_422' title='bbox 3384 866 3559 934; x_wconf 91' lang='lat' dir='ltr'>picto,</span> <span class='ocrx_word' id='word_1_423' title='bbox 3606 870 3833 936; x_wconf 86' lang='lat' dir='ltr'>stragu-</span> 
     </span>
    </p>
   </div>
   <div class='ocr_carea' id='block_1_67' title="bbox 2180 946 3834 1023">
    <p class='ocr_par' dir='ltr' id='par_1_67' title="bbox 2180 946 3834 1023">
     <span class='ocr_line' id='line_1_67' title="bbox 2180 946 3834 1023; baseline 0.004 -22"><span class='ocrx_word' id='word_1_424' title='bbox 2180 946 2373 1018; x_wconf 87' lang='lat' dir='ltr'>lisque</span> <span class='ocrx_word' id='word_1_425' title='bbox 2406 950 2643 1005; x_wconf 88' lang='lat' dir='ltr'>belluati</span> <span class='ocrx_word' id='word_1_426' title='bbox 2684 954 2899 1022; x_wconf 82' lang='lat' dir='ltr'>Operis,</span> <span class='ocrx_word' id='word_1_427' title='bbox 2925 952 3145 1023; x_wconf 91' lang='lat' dir='ltr'>quibus</span> <span class='ocrx_word' id='word_1_428' title='bbox 3174 952 3590 1006; x_wconf 86' lang='lat' dir='ltr'>Themistocles</span> <span class='ocrx_word' id='word_1_429' title='bbox 3638 954 3834 1008; x_wconf 91' lang='lat' dir='ltr'>homi-</span> 
     </span>
    </p>
   </div>
   <div class='ocr_carea' id='block_1_68' title="bbox 2182 1040 3836 1111">
    <p class='ocr_par' dir='ltr' id='par_1_68' title="bbox 2182 1040 3836 1111">
     <span class='ocr_line' id='line_1_68' title="bbox 2182 1040 3836 1111; baseline 0.004 -22"><span class='ocrx_word' id='word_1_430' title='bbox 2182 1052 2271 1089; x_wconf 81' lang='lat' dir='ltr'>nis</span> <span class='ocrx_word' id='word_1_431' title='bbox 2292 1055 2629 1094; x_wconf 88' lang='lat' dir='ltr'>sermonem</span> <span class='ocrx_word' id='word_1_432' title='bbox 2646 1058 2997 1111; x_wconf 81' lang='lat' dir='ltr'>comparare</span> <span class='ocrx_word' id='word_1_433' title='bbox 3018 1040 3573 1111; x_wconf 80' lang='lat' dir='ltr'>solitus.B.Cyrillus</span> <span class='ocrx_word' id='word_1_434' title='bbox 3594 1042 3836 1096; x_wconf 77' lang='lat' dir='ltr'>Alexan-</span> 
     </span>
    </p>
   </div>
   <div class='ocr_carea' id='block_1_69' title="bbox 2179 1126 3841 1201">
    <p class='ocr_par' dir='ltr' id='par_1_69' title="bbox 2179 1126 3841 1201">
     <span class='ocr_line' id='line_1_69' title="bbox 2179 1126 3841 1201; baseline 0.002 -20"><span class='ocrx_word' id='word_1_435' title='bbox 2179 1126 2411 1193; x_wconf 90' lang='lat' dir='ltr'>drinus,</span> <span class='ocrx_word' id='word_1_436' title='bbox 2436 1130 2630 1199; x_wconf 86' lang='lat' dir='ltr'>etipse</span> <span class='ocrx_word' id='word_1_437' title='bbox 2653 1132 2955 1201; x_wconf 84' lang='lat' dir='ltr'>Glaphyra</span> <span class='ocrx_word' id='word_1_438' title='bbox 2985 1146 3161 1184; x_wconf 91' lang='lat' dir='ltr'>suum</span> <span class='ocrx_word' id='word_1_439' title='bbox 3188 1130 3246 1183; x_wconf 90' lang='lat' dir='ltr'>in</span> <span class='ocrx_word' id='word_1_440' title='bbox 3272 1130 3757 1195; x_wconf 87' lang='lat' dir='ltr'>Pentateuchum,</span> <span class='ocrx_word' id='word_1_441' title='bbox 3782 1134 3841 1185; x_wconf 88' lang='lat' dir='ltr'>et</span> 
     </span>
    </p>
   </div>
   <div class='ocr_carea' id='block_1_70' title="bbox 2182 1214 3838 1290">
    <p class='ocr_par' dir='ltr' id='par_1_70' title="bbox 2182 1214 3838 1290">
     <span class='ocr_line' id='line_1_70' title="bbox 2182 1214 3838 1290; baseline 0.002 -21"><span class='ocrx_word' id='word_1_442' title='bbox 2182 1214 2433 1271; x_wconf 88' lang='lat' dir='ltr'>alterum</span> <span class='ocrx_word' id='word_1_443' title='bbox 2491 1225 2608 1289; x_wconf 81' lang='grc' dir='ltr'>περὶ</span> <span class='ocrx_word' id='word_1_444' title='bbox 2638 1221 2920 1290; x_wconf 80' lang='grc' dir='ltr'>ὀμοουσίου</span> <span class='ocrx_word' id='word_1_445' title='bbox 2984 1218 3491 1273; x_wconf 90' lang='lat' dir='ltr'>Commentarium</span> <span class='ocrx_word' id='word_1_446' title='bbox 3544 1218 3838 1273; x_wconf 91' lang='lat' dir='ltr'>librorum</span> 
     </span>
    </p>
   </div>
   <div class='ocr_carea' id='block_1_71' title="bbox 2181 1306 3841 1379">
    <p class='ocr_par' dir='ltr' id='par_1_71' title="bbox 2181 1306 3841 1379">
     <span class='ocr_line' id='line_1_71' title="bbox 2181 1306 3841 1379; baseline 0.003 -22"><span class='ocrx_word' id='word_1_447' title='bbox 2181 1306 2633 1375; x_wconf 88' lang='lat' dir='ltr'>quatuordecim</span> <span class='ocrx_word' id='word_1_448' title='bbox 2658 1310 3025 1365; x_wconf 84' lang='lat' dir='ltr'>Thesaurum</span> <span class='ocrx_word' id='word_1_449' title='bbox 3044 1309 3375 1363; x_wconf 90' lang='lat' dir='ltr'>nominavit</span> <span class='ocrx_word' id='word_1_450' title='bbox 3389 1307 3619 1379; x_wconf 88' lang='lat' dir='ltr'>(quales</span> <span class='ocrx_word' id='word_1_451' title='bbox 3636 1307 3841 1362; x_wconf 80' lang='lat' dir='ltr'>esseti-</span> 
     </span>
    </p>
   </div>
   <div class='ocr_carea' id='block_1_72' title="bbox 2182 1392 3841 1467">
    <p class='ocr_par' dir='ltr' id='par_1_72' title="bbox 2182 1392 3841 1467">
     <span class='ocr_line' id='line_1_72' title="bbox 2182 1392 3841 1467; baseline 0.002 -20"><span class='ocrx_word' id='word_1_452' title='bbox 2182 1392 2321 1448; x_wconf 92' lang='lat' dir='ltr'>bros</span> <span class='ocrx_word' id='word_1_453' title='bbox 2346 1410 2556 1451; x_wconf 88' lang='lat' dir='ltr'>omnes</span> <span class='ocrx_word' id='word_1_454' title='bbox 2606 1399 2892 1452; x_wconf 85' lang='lat' dir='ltr'>Domitius</span> <span class='ocrx_word' id='word_1_455' title='bbox 2924 1398 3051 1451; x_wconf 88' lang='lat' dir='ltr'>Piso</span> <span class='ocrx_word' id='word_1_456' title='bbox 3101 1402 3235 1451; x_wconf 87' lang='lat' dir='ltr'>ante</span> <span class='ocrx_word' id='word_1_457' title='bbox 3268 1397 3615 1467; x_wconf 81' lang='lat' dir='ltr'>exoptarat).</span> <span class='ocrx_word' id='word_1_458' title='bbox 3675 1396 3744 1451; x_wconf 88' lang='lat' dir='ltr'>Ut</span> <span class='ocrx_word' id='word_1_459' title='bbox 3783 1401 3841 1451; x_wconf 89' lang='lat' dir='ltr'>et</span> 
     </span>
    </p>
   </div>
   <div class='ocr_carea' id='block_1_73' title="bbox 2182 1484 3839 1556">
    <p class='ocr_par' dir='ltr' id='par_1_73' title="bbox 2182 1484 3839 1556">
     <span class='ocr_line' id='line_1_73' title="bbox 2182 1484 3839 1556; baseline 0.001 -20"><span class='ocrx_word' id='word_1_460' title='bbox 2182 1498 2397 1538; x_wconf 88' lang='lat' dir='ltr'>novem</span> <span class='ocrx_word' id='word_1_461' title='bbox 2423 1487 2720 1541; x_wconf 84' lang='lat' dir='ltr'>Musarum</span> <span class='ocrx_word' id='word_1_462' title='bbox 2737 1486 3079 1542; x_wconf 89' lang='lat' dir='ltr'>nominibus</span> <span class='ocrx_word' id='word_1_463' title='bbox 3096 1484 3429 1541; x_wconf 83' lang='lat' dir='ltr'>liorodotus</span> <span class='ocrx_word' id='word_1_464' title='bbox 3447 1490 3504 1539; x_wconf 86' lang='lat' dir='ltr'>et</span> <span class='ocrx_word' id='word_1_465' title='bbox 3520 1485 3839 1556; x_wconf 87' lang='lat' dir='ltr'>Cephalion</span> 
     </span>
    </p>
   </div>
   <div class='ocr_carea' id='block_1_74' title="bbox 2183 1572 3837 1646">
    <p class='ocr_par' dir='ltr' id='par_1_74' title="bbox 2183 1572 3837 1646">
     <span class='ocr_line' id='line_1_74' title="bbox 2183 1572 3837 1646; baseline 0.002 -21"><span class='ocrx_word' id='word_1_466' title='bbox 2183 1572 2346 1641; x_wconf 88' lang='lat' dir='ltr'>apud</span> <span class='ocrx_word' id='word_1_467' title='bbox 2385 1572 2544 1629; x_wconf 87' lang='lat' dir='ltr'>hunc</span> <span class='ocrx_word' id='word_1_468' title='bbox 2588 1576 2785 1646; x_wconf 89' lang='lat' dir='ltr'>ipsum</span> <span class='ocrx_word' id='word_1_469' title='bbox 2820 1575 3089 1631; x_wconf 87' lang='lat' dir='ltr'>Photium</span> <span class='ocrx_word' id='word_1_470' title='bbox 3151 1574 3371 1645; x_wconf 89' lang='lat' dir='ltr'>scripta</span> <span class='ocrx_word' id='word_1_471' title='bbox 3426 1574 3837 1631; x_wconf 87' lang='lat' dir='ltr'>distinxerunt.</span> 
     </span>
    </p>
   </div>
   <div class='ocr_carea' id='block_1_75' title="bbox 2183 1663 3841 1734">
    <p class='ocr_par' dir='ltr' id='par_1_75' title="bbox 2183 1663 3841 1734">
     <span class='ocr_line' id='line_1_75' title="bbox 2183 1663 3841 1734; baseline 0.002 -20"><span class='ocrx_word' id='word_1_472' title='bbox 2183 1663 2387 1726; x_wconf 89' lang='lat' dir='ltr'>Taceo,</span> <span class='ocrx_word' id='word_1_473' title='bbox 2422 1664 2683 1733; x_wconf 86' lang='lat' dir='ltr'>prudens</span> <span class='ocrx_word' id='word_1_474' title='bbox 2735 1682 2747 1729; x_wconf 91' lang='lat'>;</span> <span class='ocrx_word' id='word_1_475' title='bbox 2780 1670 2919 1719; x_wconf 89' lang='lat' dir='ltr'>sunt</span> <span class='ocrx_word' id='word_1_476' title='bbox 2947 1665 3106 1719; x_wconf 90' lang='lat' dir='ltr'>enim</span> <span class='ocrx_word' id='word_1_477' title='bbox 3151 1680 3338 1734; x_wconf 89' lang='lat' dir='ltr'>prope</span> <span class='ocrx_word' id='word_1_478' title='bbox 3370 1663 3841 1719; x_wconf 86' lang='lat' dir='ltr'>innumerabiles</span> 
     </span>
    </p>
   </div>
   <div class='ocr_carea' id='block_1_76' title="bbox 2184 1749 3845 1825">
    <p class='ocr_par' dir='ltr' id='par_1_76' title="bbox 2184 1749 3845 1825">
     <span class='ocr_line' id='line_1_76' title="bbox 2184 1749 3845 1825; baseline 0.002 -23"><span class='ocrx_word' id='word_1_479' title='bbox 2184 1749 2464 1821; x_wconf 87' lang='lat' dir='ltr'>reliquos,</span> <span class='ocrx_word' id='word_1_480' title='bbox 2498 1754 2600 1823; x_wconf 89' lang='lat' dir='ltr'>qui</span> <span class='ocrx_word' id='word_1_481' title='bbox 2638 1753 2819 1808; x_wconf 84' lang='lat' dir='ltr'>titulis</span> <span class='ocrx_word' id='word_1_482' title='bbox 2840 1755 3005 1825; x_wconf 88' lang='lat' dir='ltr'>operi</span> <span class='ocrx_word' id='word_1_483' title='bbox 3030 1753 3249 1809; x_wconf 89' lang='lat' dir='ltr'>additis</span> <span class='ocrx_word' id='word_1_484' title='bbox 3285 1753 3433 1806; x_wconf 92' lang='lat' dir='ltr'>mira</span> <span class='ocrx_word' id='word_1_485' title='bbox 3452 1752 3845 1807; x_wconf 58' lang='lat' dir='ltr'>varictatelu-</span> 
     </span>
    </p>
   </div>
   <div class='ocr_carea' id='block_1_77' title="bbox 2187 1841 3840 1914">
    <p class='ocr_par' dir='ltr' id='par_1_77' title="bbox 2187 1841 3840 1914">
     <span class='ocr_line' id='line_1_77' title="bbox 2187 1841 3840 1914; baseline 0.002 -23"><span class='ocrx_word' id='word_1_486' title='bbox 2187 1846 2409 1904; x_wconf 88' lang='lat' dir='ltr'>serunt,</span> <span class='ocrx_word' id='word_1_487' title='bbox 2429 1846 2781 1914; x_wconf 89' lang='lat' dir='ltr'>tantumque</span> <span class='ocrx_word' id='word_1_488' title='bbox 2804 1843 2914 1897; x_wconf 90' lang='lat' dir='ltr'>sibi</span> <span class='ocrx_word' id='word_1_489' title='bbox 2934 1841 3367 1909; x_wconf 88' lang='lat' dir='ltr'>indulgendum</span> <span class='ocrx_word' id='word_1_490' title='bbox 3389 1841 3517 1903; x_wconf 88' lang='lat' dir='ltr'>rati,</span> <span class='ocrx_word' id='word_1_491' title='bbox 3547 1848 3840 1911; x_wconf 88' lang='lat' dir='ltr'>quantum</span> 
     </span>
    </p>
   </div>
   <div class='ocr_carea' id='block_1_78' title="bbox 2189 1929 3843 2001">
    <p class='ocr_par' dir='ltr' id='par_1_78' title="bbox 2189 1929 3843 2001">
     <span class='ocr_line' id='line_1_78' title="bbox 2189 1929 3843 2001; baseline 0.002 -21"><span class='ocrx_word' id='word_1_492' title='bbox 2189 1943 2299 1981; x_wconf 89' lang='lat' dir='ltr'>sua</span> <span class='ocrx_word' id='word_1_493' title='bbox 2338 1930 2591 2000; x_wconf 63' lang='lat' dir='ltr'>quisque</span> <span class='ocrx_word' id='word_1_494' title='bbox 2626 1934 2927 1986; x_wconf 85' lang='lat' dir='ltr'>miraretur</span> <span class='ocrx_word' id='word_1_495' title='bbox 2954 1948 3021 1984; x_wconf 90' lang='lat' dir='ltr'>ac</span> <span class='ocrx_word' id='word_1_496' title='bbox 3052 1930 3409 2001; x_wconf 69' lang='lat' dir='ltr'>praadicaret.</span> <span class='ocrx_word' id='word_1_497' title='bbox 3441 1931 3645 2001; x_wconf 89' lang='lat' dir='ltr'>Neque</span> <span class='ocrx_word' id='word_1_498' title='bbox 3675 1929 3843 1983; x_wconf 89' lang='lat' dir='ltr'>libris</span> 
     </span>
    </p>
   </div>
   <div class='ocr_carea' id='block_1_79' title="bbox 2190 2017 3839 2089">
    <p class='ocr_par' dir='ltr' id='par_1_79' title="bbox 2190 2017 3839 2089">
     <span class='ocr_line' id='line_1_79' title="bbox 2190 2017 3839 2089; baseline 0.001 -19"><span class='ocrx_word' id='word_1_499' title='bbox 2190 2017 2370 2072; x_wconf 90' lang='lat' dir='ltr'>modo</span> <span class='ocrx_word' id='word_1_500' title='bbox 2403 2020 2781 2075; x_wconf 61' lang='lat' dir='ltr'>Bibliotheca?</span> <span class='ocrx_word' id='word_1_501' title='bbox 2812 2020 3013 2075; x_wconf 88' lang='lat' dir='ltr'>titulus</span> <span class='ocrx_word' id='word_1_502' title='bbox 3048 2019 3243 2085; x_wconf 87' lang='lat' dir='ltr'>datus,</span> <span class='ocrx_word' id='word_1_503' title='bbox 3274 2019 3380 2073; x_wconf 85' lang='lat' dir='ltr'>sed</span> <span class='ocrx_word' id='word_1_504' title='bbox 3410 2019 3523 2073; x_wconf 90' lang='lat' dir='ltr'>hoc</span> <span class='ocrx_word' id='word_1_505' title='bbox 3554 2018 3839 2089; x_wconf 87' lang='lat' dir='ltr'>amplius,</span> 
     </span>
    </p>
   </div>
   <div class='ocr_carea' id='block_1_80' title="bbox 2185 2107 3842 2180">
    <p class='ocr_par' dir='ltr' id='par_1_80' title="bbox 2185 2107 3842 2180">
     <span class='ocr_line' id='line_1_80' title="bbox 2185 2107 3842 2180; baseline 0.001 -20"><span class='ocrx_word' id='word_1_506' title='bbox 2185 2113 2242 2160; x_wconf 89' lang='lat' dir='ltr'>et</span> <span class='ocrx_word' id='word_1_507' title='bbox 2273 2107 2637 2174; x_wconf 89' lang='lat' dir='ltr'>hominibus,</span> <span class='ocrx_word' id='word_1_508' title='bbox 2690 2116 2751 2163; x_wconf 93' lang='lat' dir='ltr'>ut</span> <span class='ocrx_word' id='word_1_509' title='bbox 2782 2109 3124 2180; x_wconf 83' lang='lat' dir='ltr'>Dionysium</span> <span class='ocrx_word' id='word_1_510' title='bbox 3160 2109 3490 2174; x_wconf 83' lang='lat' dir='ltr'>Longinum</span> <span class='ocrx_word' id='word_1_511' title='bbox 3541 2107 3842 2163; x_wconf 86' lang='lat' dir='ltr'>rhetorem</span> 
     </span>
    </p>
   </div>
   <div class='ocr_carea' id='block_1_81' title="bbox 2188 2196 3841 2269">
    <p class='ocr_par' dir='ltr' id='par_1_81' title="bbox 2188 2196 3841 2269">
     <span class='ocr_line' id='line_1_81' title="bbox 2188 2196 3841 2269; baseline 0.001 -20"><span class='ocrx_word' id='word_1_512' title='bbox 2188 2196 2493 2267; x_wconf 88' lang='lat' dir='ltr'>Eunapius</span> <span class='ocrx_word' id='word_1_513' title='bbox 2516 2198 3094 2269; x_wconf 56' lang='lat' dir='ltr'>Sardianusé&#39;p-tmzov</span> <span class='ocrx_word' id='word_1_514' title='bbox 3124 2196 3488 2269; x_wconf 78' lang='grc' dir='ltr'>βιϐλιοθήκην,</span> <span class='ocrx_word' id='word_1_515' title='bbox 3512 2198 3841 2264; x_wconf 81' lang='lat' dir='ltr'>spirantem</span> 
     </span>
    </p>
   </div>
   <div class='ocr_carea' id='block_1_82' title="bbox 2188 2284 3843 2358">
    <p class='ocr_par' dir='ltr' id='par_1_82' title="bbox 2188 2284 3843 2358">
     <span class='ocr_line' id='line_1_82' title="bbox 2188 2284 3843 2358; baseline 0.001 -20"><span class='ocrx_word' id='word_1_516' title='bbox 2188 2284 2603 2342; x_wconf 76' lang='lat' dir='ltr'>Bibliothecam</span> <span class='ocrx_word' id='word_1_517' title='bbox 2623 2288 2933 2358; x_wconf 83' lang='lat' dir='ltr'>vivumque</span> <span class='ocrx_word' id='word_1_518' title='bbox 2944 2287 3085 2343; x_wconf 86' lang='lat' dir='ltr'>adeo</span> <span class='ocrx_word' id='word_1_519' title='bbox 3096 2286 3383 2343; x_wconf 73' lang='lat' dir='ltr'>Muswum</span> <span class='ocrx_word' id='word_1_520' title='bbox 3403 2286 3699 2358; x_wconf 89' lang='lat' dir='ltr'>appellare</span> <span class='ocrx_word' id='word_1_521' title='bbox 3718 2301 3843 2341; x_wconf 90' lang='lat' dir='ltr'>non</span> 
     </span>
    </p>
   </div>
   <div class='ocr_carea' id='block_1_83' title="bbox 2185 2374 2437 2429">
    <p class='ocr_par' dir='ltr' id='par_1_83' title="bbox 2185 2374 2437 2429">
     <span class='ocr_line' id='line_1_83' title="bbox 2185 2374 2437 2429; baseline -0.004 0"><span class='ocrx_word' id='word_1_522' title='bbox 2185 2374 2437 2429; x_wconf 88' lang='lat' dir='ltr'>dubitat.</span> 
     </span>
    </p>
   </div>
   <div class='ocr_carea' id='block_1_84' title="bbox 2258 2463 3843 2533">
    <p class='ocr_par' dir='ltr' id='par_1_84' title="bbox 2258 2463 3843 2533">
     <span class='ocr_line' id='line_1_84' title="bbox 2258 2463 3843 2533; baseline 0.001 -17"><span class='ocrx_word' id='word_1_523' title='bbox 2258 2463 2473 2518; x_wconf 83' lang='lat' dir='ltr'>Verum</span> <span class='ocrx_word' id='word_1_524' title='bbox 2520 2464 2594 2518; x_wconf 91' lang='lat' dir='ltr'>de</span> <span class='ocrx_word' id='word_1_525' title='bbox 2626 2469 2891 2521; x_wconf 89' lang='lat' dir='ltr'>veterum</span> <span class='ocrx_word' id='word_1_526' title='bbox 2928 2464 3269 2521; x_wconf 68' lang='lat' dir='ltr'>Graecorum</span> <span class='ocrx_word' id='word_1_527' title='bbox 3314 2467 3843 2533; x_wconf 86' lang='lat' dir='ltr'>Romanorumque</span> 
     </span>
    </p>
   </div>
   <div class='ocr_carea' id='block_1_85' title="bbox 2184 2551 3842 2624">
    <p class='ocr_par' dir='ltr' id='par_1_85' title="bbox 2184 2551 3842 2624">
     <span class='ocr_line' id='line_1_85' title="bbox 2184 2551 3842 2624; baseline 0.001 -20"><span class='ocrx_word' id='word_1_528' title='bbox 2184 2551 2556 2608; x_wconf 87' lang='lat' dir='ltr'>bibliothecis</span> <span class='ocrx_word' id='word_1_529' title='bbox 2587 2570 2708 2609; x_wconf 90' lang='lat' dir='ltr'>nou</span> <span class='ocrx_word' id='word_1_530' title='bbox 2749 2554 3023 2609; x_wconf 89' lang='lat' dir='ltr'>describo</span> <span class='ocrx_word' id='word_1_531' title='bbox 3056 2553 3275 2608; x_wconf 89' lang='lat' dir='ltr'>scrinia</span> <span class='ocrx_word' id='word_1_532' title='bbox 3305 2552 3661 2624; x_wconf 89' lang='lat' dir='ltr'>compilans,</span> <span class='ocrx_word' id='word_1_533' title='bbox 3696 2553 3842 2606; x_wconf 87' lang='lat' dir='ltr'>otio-</span> 
     </span>
    </p>
   </div>
   <div class='ocr_carea' id='block_1_86' title="bbox 2184 2642 3846 2714">
    <p class='ocr_par' dir='ltr' id='par_1_86' title="bbox 2184 2642 3846 2714">
     <span class='ocr_line' id='line_1_86' title="bbox 2184 2642 3846 2714; baseline 0 -19"><span class='ocrx_word' id='word_1_534' title='bbox 2184 2657 2297 2712; x_wconf 89' lang='lat' dir='ltr'>que</span> <span class='ocrx_word' id='word_1_535' title='bbox 2326 2642 2601 2709; x_wconf 89' lang='lat' dir='ltr'>abutens,</span> <span class='ocrx_word' id='word_1_536' title='bbox 2635 2660 2769 2714; x_wconf 60' lang='lat' dir='ltr'>qua:</span> <span class='ocrx_word' id='word_1_537' title='bbox 2794 2660 2983 2713; x_wconf 90' lang='lat' dir='ltr'>nuper</span> <span class='ocrx_word' id='word_1_538' title='bbox 3024 2643 3201 2713; x_wconf 87' lang='lat' dir='ltr'>Belgii</span> <span class='ocrx_word' id='word_1_539' title='bbox 3232 2642 3456 2698; x_wconf 89' lang='lat' dir='ltr'>ocellus</span> <span class='ocrx_word' id='word_1_540' title='bbox 3484 2642 3710 2712; x_wconf 89' lang='lat' dir='ltr'>Lipsius</span> <span class='ocrx_word' id='word_1_541' title='bbox 3734 2656 3846 2695; x_wconf 89' lang='lat' dir='ltr'>no-</span> 
     </span>
    </p>
   </div>
   <div class='ocr_carea' id='block_1_87' title="bbox 2186 2731 3841 2787">
    <p class='ocr_par' dir='ltr' id='par_1_87' title="bbox 2186 2731 3841 2787">
     <span class='ocr_line' id='line_1_87' title="bbox 2186 2731 3841 2787; baseline 0 -4"><span class='ocrx_word' id='word_1_542' title='bbox 2186 2734 2303 2784; x_wconf 91' lang='lat' dir='ltr'>ster</span> <span class='ocrx_word' id='word_1_543' title='bbox 2351 2732 2567 2786; x_wconf 89' lang='lat' dir='ltr'>diserte</span> <span class='ocrx_word' id='word_1_544' title='bbox 2611 2732 2689 2787; x_wconf 90' lang='lat' dir='ltr'>ad</span> <span class='ocrx_word' id='word_1_545' title='bbox 2742 2732 3005 2787; x_wconf 89' lang='lat' dir='ltr'>nobiliss.</span> <span class='ocrx_word' id='word_1_546' title='bbox 3056 2733 3243 2786; x_wconf 89' lang='lat' dir='ltr'>virum</span> <span class='ocrx_word' id='word_1_547' title='bbox 3292 2732 3568 2786; x_wconf 92' lang='lat' dir='ltr'>Carolum</span> <span class='ocrx_word' id='word_1_548' title='bbox 3602 2731 3841 2785; x_wconf 90' lang='lat' dir='ltr'>Croium</span> 
     </span>
    </p>
   </div>
   <div class='ocr_carea' id='block_1_88' title="bbox 2185 2819 3841 2886">
    <p class='ocr_par' dir='ltr' id='par_1_88' title="bbox 2185 2819 3841 2886">
     <span class='ocr_line' id='line_1_88' title="bbox 2185 2819 3841 2886; baseline 0.001 -12"><span class='ocrx_word' id='word_1_549' title='bbox 2185 2819 2465 2875; x_wconf 89' lang='lat' dir='ltr'>disseruit</span> <span class='ocrx_word' id='word_1_550' title='bbox 2509 2839 2527 2886; x_wconf 88' lang='lat'><em>;</em></span> <span class='ocrx_word' id='word_1_551' title='bbox 2571 2822 2851 2877; x_wconf 77' lang='lat' dir='ltr'>Analecta</span> <span class='ocrx_word' id='word_1_552' title='bbox 2897 2823 3183 2877; x_wconf 75' lang='lat' dir='ltr'>duntaxat</span> <span class='ocrx_word' id='word_1_553' title='bbox 3230 2820 3522 2876; x_wconf 90' lang='lat' dir='ltr'>corollarii</span> <span class='ocrx_word' id='word_1_554' title='bbox 3563 2820 3689 2875; x_wconf 88' lang='lat' dir='ltr'>vice</span> <span class='ocrx_word' id='word_1_555' title='bbox 3734 2820 3841 2875; x_wconf 86' lang='lat' dir='ltr'>da-</span> 
     </span>
    </p>
   </div>
   <div class='ocr_carea' id='block_1_89' title="bbox 2188 2926 2344 2964">
    <p class='ocr_par' dir='ltr' id='par_1_89' title="bbox 2188 2926 2344 2964">
     <span class='ocr_line' id='line_1_89' title="bbox 2188 2926 2344 2964; baseline -0.006 0"><span class='ocrx_word' id='word_1_556' title='bbox 2188 2926 2344 2964; x_wconf 83' lang='lat' dir='ltr'>IIlllS.</span> 
     </span>
    </p>
   </div>
   <div class='ocr_carea' id='block_1_90' title="bbox 2256 2998 3841 3070">
    <p class='ocr_par' dir='ltr' id='par_1_90' title="bbox 2256 2998 3841 3070">
     <span class='ocr_line' id='line_1_90' title="bbox 2256 2998 3841 3070; baseline -0.002 -17"><span class='ocrx_word' id='word_1_557' title='bbox 2256 2998 2441 3053; x_wconf 83' lang='lat' dir='ltr'>Missis</span> <span class='ocrx_word' id='word_1_558' title='bbox 2466 2998 2667 3070; x_wconf 88' lang='lat' dir='ltr'>itaque</span> <span class='ocrx_word' id='word_1_559' title='bbox 2698 3000 2883 3054; x_wconf 88' lang='lat' dir='ltr'>Paulo</span> <span class='ocrx_word' id='word_1_560' title='bbox 2918 2999 3173 3068; x_wconf 66' lang='lat' dir='ltr'>Emilio,</span> <span class='ocrx_word' id='word_1_561' title='bbox 3210 3001 3268 3054; x_wconf 93' lang='lat' dir='ltr'>L.</span> <span class='ocrx_word' id='word_1_562' title='bbox 3299 2998 3472 3054; x_wconf 89' lang='lat' dir='ltr'>Corn.</span> <span class='ocrx_word' id='word_1_563' title='bbox 3501 2998 3661 3054; x_wconf 91' lang='lat' dir='ltr'>Sulla</span> <span class='ocrx_word' id='word_1_564' title='bbox 3691 3001 3747 3055; x_wconf 84' lang='lat' dir='ltr'>et</span> <span class='ocrx_word' id='word_1_565' title='bbox 3777 3001 3841 3055; x_wconf 86' lang='lat' dir='ltr'>L.</span> 
     </span>
    </p>
   </div>
   <div class='ocr_carea' id='block_1_91' title="bbox 2188 3087 3843 3158">
    <p class='ocr_par' dir='ltr' id='par_1_91' title="bbox 2188 3087 3843 3158">
     <span class='ocr_line' id='line_1_91' title="bbox 2188 3087 3843 3158; baseline 0.001 -17"><span class='ocrx_word' id='word_1_566' title='bbox 2188 3087 2425 3142; x_wconf 87' lang='lat' dir='ltr'>Lucullo</span> <span class='ocrx_word' id='word_1_567' title='bbox 2456 3088 2743 3143; x_wconf 88' lang='lat' dir='ltr'>librorum</span> <span class='ocrx_word' id='word_1_568' title='bbox 2778 3089 3209 3144; x_wconf 83' lang='lat' dir='ltr'>servandorum</span> <span class='ocrx_word' id='word_1_569' title='bbox 3241 3092 3327 3155; x_wconf 87' lang='lat' dir='ltr'>(ut</span> <span class='ocrx_word' id='word_1_570' title='bbox 3367 3104 3685 3158; x_wconf 88' lang='lat' dir='ltr'>generosos</span> <span class='ocrx_word' id='word_1_571' title='bbox 3715 3104 3843 3144; x_wconf 89' lang='lat' dir='ltr'>ma-</span> 
     </span>
    </p>
   </div>
   <div class='ocr_carea' id='block_1_92' title="bbox 2182 3176 3843 3248">
    <p class='ocr_par' dir='ltr' id='par_1_92' title="bbox 2182 3176 3843 3248">
     <span class='ocr_line' id='line_1_92' title="bbox 2182 3176 3843 3248; baseline 0.002 -18"><span class='ocrx_word' id='word_1_572' title='bbox 2182 3176 2340 3230; x_wconf 83' lang='lat' dir='ltr'>xime</span> <span class='ocrx_word' id='word_1_573' title='bbox 2380 3176 2649 3231; x_wconf 90' lang='lat' dir='ltr'>homines</span> <span class='ocrx_word' id='word_1_574' title='bbox 2680 3178 2897 3241; x_wconf 90' lang='lat' dir='ltr'>decuit,</span> <span class='ocrx_word' id='word_1_575' title='bbox 2939 3194 3289 3248; x_wconf 87' lang='lat' dir='ltr'>semperque</span> <span class='ocrx_word' id='word_1_576' title='bbox 3329 3176 3584 3248; x_wconf 86' lang='lat' dir='ltr'>decebit)</span> <span class='ocrx_word' id='word_1_577' title='bbox 3618 3177 3843 3233; x_wconf 89' lang='lat' dir='ltr'>studio-</span> 
     </span>
    </p>
   </div>
   <div class='ocr_carea' id='block_1_93' title="bbox 2184 3266 3841 3337">
    <p class='ocr_par' dir='ltr' id='par_1_93' title="bbox 2184 3266 3841 3337">
     <span class='ocr_line' id='line_1_93' title="bbox 2184 3266 3841 3337; baseline 0.002 -20"><span class='ocrx_word' id='word_1_578' title='bbox 2184 3266 2280 3329; x_wconf 83' lang='lat' dir='ltr'>sis,</span> <span class='ocrx_word' id='word_1_579' title='bbox 2313 3268 2371 3320; x_wconf 92' lang='lat' dir='ltr'>T.</span> <span class='ocrx_word' id='word_1_580' title='bbox 2405 3266 2763 3337; x_wconf 88' lang='lat' dir='ltr'>Pomponius</span> <span class='ocrx_word' id='word_1_581' title='bbox 2783 3267 3003 3321; x_wconf 80' lang='lat' dir='ltr'>Atticus</span> <span class='ocrx_word' id='word_1_582' title='bbox 3035 3268 3275 3335; x_wconf 86' lang='lat' dir='ltr'>elegans</span> <span class='ocrx_word' id='word_1_583' title='bbox 3302 3272 3357 3321; x_wconf 90' lang='lat' dir='ltr'>et</span> <span class='ocrx_word' id='word_1_584' title='bbox 3389 3267 3516 3337; x_wconf 87' lang='lat' dir='ltr'>ipse</span> <span class='ocrx_word' id='word_1_585' title='bbox 3538 3268 3841 3322; x_wconf 88' lang='lat' dir='ltr'>Romanos</span> 
     </span>
    </p>
   </div>
   <div class='ocr_carea' id='block_1_94' title="bbox 2180 3354 3842 3424">
    <p class='ocr_par' dir='ltr' id='par_1_94' title="bbox 2180 3354 3842 3424">
     <span class='ocr_line' id='line_1_94' title="bbox 2180 3354 3842 3424; baseline 0.003 -18"><span class='ocrx_word' id='word_1_586' title='bbox 2180 3354 2328 3407; x_wconf 88' lang='lat' dir='ltr'>inter</span> <span class='ocrx_word' id='word_1_587' title='bbox 2352 3360 2407 3408; x_wconf 91' lang='lat' dir='ltr'>et</span> <span class='ocrx_word' id='word_1_588' title='bbox 2439 3355 2785 3424; x_wconf 87' lang='lat' dir='ltr'>splendidus</span> <span class='ocrx_word' id='word_1_589' title='bbox 2815 3356 3230 3411; x_wconf 90' lang='lat' dir='ltr'>bibliothecam</span> <span class='ocrx_word' id='word_1_590' title='bbox 3276 3358 3568 3411; x_wconf 89' lang='lat' dir='ltr'>instruens</span> <span class='ocrx_word' id='word_1_591' title='bbox 3602 3359 3842 3411; x_wconf 81' lang='lat' dir='ltr'>Herma-</span> 
     </span>
    </p>
   </div>
   <div class='ocr_carea' id='block_1_95' title="bbox 2183 3442 3837 3517">
    <p class='ocr_par' dir='ltr' id='par_1_95' title="bbox 2183 3442 3837 3517">
     <span class='ocr_line' id='line_1_95' title="bbox 2183 3442 3837 3517; baseline 0.001 -20"><span class='ocrx_word' id='word_1_592' title='bbox 2183 3442 2394 3508; x_wconf 78' lang='lat' dir='ltr'>tlienis,</span> <span class='ocrx_word' id='word_1_593' title='bbox 2428 3443 2679 3515; x_wconf 82' lang='lat' dir='ltr'>aliisque</span> <span class='ocrx_word' id='word_1_594' title='bbox 2712 3444 2918 3499; x_wconf 89' lang='lat' dir='ltr'>statuis</span> <span class='ocrx_word' id='word_1_595' title='bbox 2959 3453 3138 3517; x_wconf 87' lang='lat' dir='ltr'>atque</span> <span class='ocrx_word' id='word_1_596' title='bbox 3171 3444 3541 3511; x_wconf 88' lang='lat' dir='ltr'>imaginibus</span> <span class='ocrx_word' id='word_1_597' title='bbox 3580 3444 3837 3499; x_wconf 89' lang='lat' dir='ltr'>ornavit.</span> 
     </span>
    </p>
   </div>
   <div class='ocr_carea' id='block_1_96' title="bbox 2181 3532 3833 3602">
    <p class='ocr_par' dir='ltr' id='par_1_96' title="bbox 2181 3532 3833 3602">
     <span class='ocr_line' id='line_1_96' title="bbox 2181 3532 3833 3602; baseline 0.003 -21"><span class='ocrx_word' id='word_1_598' title='bbox 2181 3532 2331 3595; x_wconf 91' lang='lat' dir='ltr'>Quin</span> <span class='ocrx_word' id='word_1_599' title='bbox 2381 3539 2436 3585; x_wconf 88' lang='lat' dir='ltr'>et</span> <span class='ocrx_word' id='word_1_600' title='bbox 2476 3532 2549 3585; x_wconf 89' lang='lat' dir='ltr'>de</span> <span class='ocrx_word' id='word_1_601' title='bbox 2604 3532 2968 3602; x_wconf 85' lang='lat' dir='ltr'>imaginibus</span> <span class='ocrx_word' id='word_1_602' title='bbox 3017 3534 3068 3587; x_wconf 90' lang='lat' dir='ltr'>in</span> <span class='ocrx_word' id='word_1_603' title='bbox 3124 3532 3497 3588; x_wconf 87' lang='lat' dir='ltr'>bibliothecis</span> <span class='ocrx_word' id='word_1_604' title='bbox 3554 3533 3833 3587; x_wconf 89' lang='lat' dir='ltr'>collocari</span> 
     </span>
    </p>
   </div>
   <div class='ocr_carea' id='block_1_97' title="bbox 2182 3620 3839 3693">
    <p class='ocr_par' dir='ltr' id='par_1_97' title="bbox 2182 3620 3839 3693">
     <span class='ocr_line' id='line_1_97' title="bbox 2182 3620 3839 3693; baseline 0.002 -20"><span class='ocrx_word' id='word_1_605' title='bbox 2182 3620 2385 3686; x_wconf 89' lang='lat' dir='ltr'>solitis,</span> <span class='ocrx_word' id='word_1_606' title='bbox 2417 3624 2619 3692; x_wconf 91' lang='lat' dir='ltr'>paucis</span> <span class='ocrx_word' id='word_1_607' title='bbox 2651 3627 2736 3676; x_wconf 91' lang='lat' dir='ltr'>est</span> <span class='ocrx_word' id='word_1_608' title='bbox 2761 3623 3031 3676; x_wconf 88' lang='lat' dir='ltr'>versibus</span> <span class='ocrx_word' id='word_1_609' title='bbox 3060 3629 3516 3677; x_wconf 86' lang='lat' dir='ltr'>commentatus.</span> <span class='ocrx_word' id='word_1_610' title='bbox 3541 3622 3627 3676; x_wconf 78' lang='lat' dir='ltr'>Ad</span> <span class='ocrx_word' id='word_1_611' title='bbox 3655 3637 3839 3693; x_wconf 87' lang='lat' dir='ltr'>quem</span> 
     </span>
    </p>
   </div>
   <div class='ocr_carea' id='block_1_98' title="bbox 2180 3709 3834 3780">
    <p class='ocr_par' dir='ltr' id='par_1_98' title="bbox 2180 3709 3834 3780">
     <span class='ocr_line' id='line_1_98' title="bbox 2180 3709 3834 3780; baseline 0.001 -16"><span class='ocrx_word' id='word_1_612' title='bbox 2180 3716 2236 3764; x_wconf 89' lang='lat' dir='ltr'>et</span> <span class='ocrx_word' id='word_1_613' title='bbox 2267 3709 2470 3764; x_wconf 90' lang='lat' dir='ltr'>animo</span> <span class='ocrx_word' id='word_1_614' title='bbox 2504 3710 2695 3766; x_wconf 78' lang='lat' dir='ltr'>fratris</span> <span class='ocrx_word' id='word_1_615' title='bbox 2726 3711 2858 3766; x_wconf 93' lang='lat' dir='ltr'>loco</span> <span class='ocrx_word' id='word_1_616' title='bbox 2902 3712 3434 3780; x_wconf 89' lang='lat' dir='ltr'>conjunctissimus</span> <span class='ocrx_word' id='word_1_617' title='bbox 3472 3714 3541 3766; x_wconf 84' lang='lat' dir='ltr'>M.</span> <span class='ocrx_word' id='word_1_618' title='bbox 3574 3711 3834 3766; x_wconf 88' lang='lat' dir='ltr'>Tullius:</span> 
     </span>
    </p>
   </div>
   <div class='ocr_carea' id='block_1_99' title="bbox 2176 3799 3841 3871">
    <p class='ocr_par' dir='ltr' id='par_1_99' title="bbox 2176 3799 3841 3871">
     <span class='ocr_line' id='line_1_99' title="bbox 2176 3799 3841 3871; baseline 0.004 -22"><span class='ocrx_word' id='word_1_619' title='bbox 2176 3858 2197 3869; x_wconf 40' lang='grc' dir='ltr'>ι</span> <span class='ocrx_word' id='word_1_620' title='bbox 2219 3818 2248 3849; x_wconf 80' lang='grc' dir='ltr'>ιι</span> <span class='ocrx_word' id='word_1_621' title='bbox 2282 3799 2501 3863; x_wconf 88' lang='lat' dir='ltr'>Libros,</span> <span class='ocrx_word' id='word_1_622' title='bbox 2529 3802 2737 3871; x_wconf 89' lang='lat' dir='ltr'>inquit,</span> <span class='ocrx_word' id='word_1_623' title='bbox 2772 3807 2905 3855; x_wconf 91' lang='lat' dir='ltr'>tuos</span> <span class='ocrx_word' id='word_1_624' title='bbox 2945 3816 3252 3869; x_wconf 88' lang='lat' dir='ltr'>conserva,</span> <span class='ocrx_word' id='word_1_625' title='bbox 3282 3806 3338 3854; x_wconf 91' lang='lat' dir='ltr'>et</span> <span class='ocrx_word' id='word_1_626' title='bbox 3367 3800 3487 3855; x_wconf 90' lang='lat' dir='ltr'>noli</span> <span class='ocrx_word' id='word_1_627' title='bbox 3518 3800 3841 3871; x_wconf 89' lang='lat' dir='ltr'>desperare</span> 
     </span>
    </p>
   </div>
   <div class='ocr_carea' id='block_1_100' title="bbox 2179 3888 3841 3961">
    <p class='ocr_par' dir='ltr' id='par_1_100' title="bbox 2179 3888 3841 3961">
     <span class='ocr_line' id='line_1_100' title="bbox 2179 3888 3841 3961; baseline 0.001 -18"><span class='ocrx_word' id='word_1_628' title='bbox 2179 3903 2281 3943; x_wconf 90' lang='lat' dir='ltr'>eos</span> <span class='ocrx_word' id='word_1_629' title='bbox 2307 3904 2471 3943; x_wconf 86' lang='lat' dir='ltr'>meos</span> <span class='ocrx_word' id='word_1_630' title='bbox 2518 3888 2708 3943; x_wconf 83' lang='lat' dir='ltr'>facere</span> <span class='ocrx_word' id='word_1_631' title='bbox 2740 3906 2914 3961; x_wconf 84' lang='lat' dir='ltr'>posse</span> <span class='ocrx_word' id='word_1_632' title='bbox 2945 3907 2958 3945; x_wconf 90' lang='lat'><strong>:</strong></span> <span class='ocrx_word' id='word_1_633' title='bbox 2992 3890 3157 3961; x_wconf 89' lang='lat' dir='ltr'>quod</span> <span class='ocrx_word' id='word_1_634' title='bbox 3200 3888 3250 3942; x_wconf 89' lang='lat' dir='ltr'>si</span> <span class='ocrx_word' id='word_1_635' title='bbox 3284 3904 3587 3959; x_wconf 84' lang='lat' dir='ltr'>assequor,</span> <span class='ocrx_word' id='word_1_636' title='bbox 3620 3904 3841 3960; x_wconf 88' lang='lat' dir='ltr'>supero</span> 
     </span>
    </p>
   </div>
   <div class='ocr_carea' id='block_1_101' title="bbox 2182 3977 3840 4049">
    <p class='ocr_par' dir='ltr' id='par_1_101' title="bbox 2182 3977 3840 4049">
     <span class='ocr_line' id='line_1_101' title="bbox 2182 3977 3840 4049; baseline 0.001 -18"><span class='ocrx_word' id='word_1_637' title='bbox 2182 3979 2460 4031; x_wconf 90' lang='lat' dir='ltr'>Crassum</span> <span class='ocrx_word' id='word_1_638' title='bbox 2488 3977 2727 4044; x_wconf 82' lang='lat' dir='ltr'>divitiis,</span> <span class='ocrx_word' id='word_1_639' title='bbox 2756 3984 2935 4049; x_wconf 90' lang='lat' dir='ltr'>atque</span> <span class='ocrx_word' id='word_1_640' title='bbox 2953 3979 3221 4032; x_wconf 89' lang='lat' dir='ltr'>omnium</span> <span class='ocrx_word' id='word_1_641' title='bbox 3250 3979 3411 4032; x_wconf 88' lang='lat' dir='ltr'>vicos</span> <span class='ocrx_word' id='word_1_642' title='bbox 3429 3981 3667 4047; x_wconf 89' lang='lat' dir='ltr'>etprata</span> <span class='ocrx_word' id='word_1_643' title='bbox 3695 3992 3840 4033; x_wconf 86' lang='lat' dir='ltr'>con-</span> 
     </span>
    </p>
   </div>
   <div class='ocr_carea' id='block_1_102' title="bbox 2184 4064 3841 4137">
    <p class='ocr_par' dir='ltr' id='par_1_102' title="bbox 2184 4064 3841 4137">
     <span class='ocr_line' id='line_1_102' title="bbox 2184 4064 3841 4137; baseline 0 -18"><span class='ocrx_word' id='word_1_644' title='bbox 2184 4072 2403 4120; x_wconf 89' lang='lat' dir='ltr'>temno.</span> <span class='ocrx_word' id='word_1_645' title='bbox 2440 4086 2466 4116; x_wconf 84' lang='lat'>»</span> <span class='ocrx_word' id='word_1_646' title='bbox 2497 4066 2646 4130; x_wconf 87' lang='lat' dir='ltr'>Quid</span> <span class='ocrx_word' id='word_1_647' title='bbox 2682 4065 2710 4119; x_wconf 71' lang='lat' dir='ltr'>‘i’</span> <span class='ocrx_word' id='word_1_648' title='bbox 2746 4074 3024 4137; x_wconf 68' lang='lat' dir='ltr'>praetereo</span> <span class='ocrx_word' id='word_1_649' title='bbox 3065 4067 3247 4121; x_wconf 77' lang='lat' dir='ltr'>Asinii</span> <span class='ocrx_word' id='word_1_650' title='bbox 3293 4064 3572 4120; x_wconf 88' lang='lat' dir='ltr'>Pollionis</span> <span class='ocrx_word' id='word_1_651' title='bbox 3619 4066 3776 4120; x_wconf 91' lang='lat' dir='ltr'>illam</span> <span class='ocrx_word' id='word_1_652' title='bbox 3809 4082 3841 4120; x_wconf 91' lang='lat' dir='ltr'>e</span> 
     </span>
    </p>
   </div>
   <div class='ocr_carea' id='block_1_103' title="bbox 2182 4153 3843 4227">
    <p class='ocr_par' dir='ltr' id='par_1_103' title="bbox 2182 4153 3843 4227">
     <span class='ocr_line' id='line_1_103' title="bbox 2182 4153 3843 4227; baseline 0.001 -20"><span class='ocrx_word' id='word_1_653' title='bbox 2182 4153 2581 4209; x_wconf 85' lang='lat' dir='ltr'>Dalmatarum</span> <span class='ocrx_word' id='word_1_654' title='bbox 2602 4157 2898 4211; x_wconf 89' lang='lat' dir='ltr'>manubiis</span> <span class='ocrx_word' id='word_1_655' title='bbox 2921 4155 3282 4227; x_wconf 87' lang='lat' dir='ltr'>publicatam</span> <span class='ocrx_word' id='word_1_656' title='bbox 3310 4157 3509 4210; x_wconf 66' lang='lat' dir='ltr'>Romae</span> <span class='ocrx_word' id='word_1_657' title='bbox 3528 4154 3843 4210; x_wconf 89' lang='lat' dir='ltr'>bibliothe-</span> 
     </span>
    </p>
   </div>
   <div class='ocr_carea' id='block_1_104' title="bbox 2182 4245 3843 4317">
    <p class='ocr_par' dir='ltr' id='par_1_104' title="bbox 2182 4245 3843 4317">
     <span class='ocr_line' id='line_1_104' title="bbox 2182 4245 3843 4317; baseline 0.001 -19"><span class='ocrx_word' id='word_1_658' title='bbox 2182 4261 2336 4309; x_wconf 90' lang='lat' dir='ltr'>cam,</span> <span class='ocrx_word' id='word_1_659' title='bbox 2366 4246 2662 4300; x_wconf 73' lang='lat' dir='ltr'>Czesarum</span> <span class='ocrx_word' id='word_1_660' title='bbox 2695 4262 2938 4317; x_wconf 90' lang='lat' dir='ltr'>quoque</span> <span class='ocrx_word' id='word_1_661' title='bbox 2970 4263 3005 4300; x_wconf 90' lang='lat' dir='ltr'>a</span> <span class='ocrx_word' id='word_1_662' title='bbox 3040 4246 3093 4299; x_wconf 89' lang='lat' dir='ltr'>C.</span> <span class='ocrx_word' id='word_1_663' title='bbox 3130 4245 3285 4299; x_wconf 85' lang='lat' dir='ltr'>Julio</span> <span class='ocrx_word' id='word_1_664' title='bbox 3318 4245 3680 4311; x_wconf 87' lang='lat' dir='ltr'>inchoatam,</span> <span class='ocrx_word' id='word_1_665' title='bbox 3712 4260 3843 4313; x_wconf 89' lang='lat' dir='ltr'>per-</span> 
     </span>
    </p>
   </div>
   <div class='ocr_carea' id='block_1_105' title="bbox 2184 4332 3841 4404">
    <p class='ocr_par' dir='ltr' id='par_1_105' title="bbox 2184 4332 3841 4404">
     <span class='ocr_line' id='line_1_105' title="bbox 2184 4332 3841 4404; baseline 0.001 -17"><span class='ocrx_word' id='word_1_666' title='bbox 2184 4335 2513 4404; x_wconf 82' lang='lat' dir='ltr'>fectamque</span> <span class='ocrx_word' id='word_1_667' title='bbox 2527 4334 2603 4389; x_wconf 90' lang='lat' dir='ltr'>ab</span> <span class='ocrx_word' id='word_1_668' title='bbox 2622 4337 2903 4403; x_wconf 81' lang='lat' dir='ltr'>Augusto,</span> <span class='ocrx_word' id='word_1_669' title='bbox 2916 4334 3217 4389; x_wconf 90' lang='lat' dir='ltr'>Octaviam</span> <span class='ocrx_word' id='word_1_670' title='bbox 3236 4350 3303 4387; x_wconf 87' lang='lat' dir='ltr'>ac</span> <span class='ocrx_word' id='word_1_671' title='bbox 3320 4332 3653 4391; x_wconf 87' lang='lat' dir='ltr'>Palatinam</span> <span class='ocrx_word' id='word_1_672' title='bbox 3671 4333 3841 4401; x_wconf 89' lang='lat' dir='ltr'>sileo,</span> 
     </span>
    </p>
   </div>
   <div class='ocr_carea' id='block_1_106' title="bbox 2181 4422 3839 4494">
    <p class='ocr_par' dir='ltr' id='par_1_106' title="bbox 2181 4422 3839 4494">
     <span class='ocr_line' id='line_1_106' title="bbox 2181 4422 3839 4494; baseline 0 -19"><span class='ocrx_word' id='word_1_673' title='bbox 2181 4423 2414 4491; x_wconf 84' lang='lat' dir='ltr'>Trajani</span> <span class='ocrx_word' id='word_1_674' title='bbox 2470 4430 2752 4492; x_wconf 76' lang='lat' dir='ltr'>praeterea</span> <span class='ocrx_word' id='word_1_675' title='bbox 2809 4424 3061 4494; x_wconf 87' lang='lat' dir='ltr'>Ulpiam.</span> <span class='ocrx_word' id='word_1_676' title='bbox 3130 4422 3427 4477; x_wconf 86' lang='lat' dir='ltr'>Adrianus</span> <span class='ocrx_word' id='word_1_677' title='bbox 3471 4422 3631 4477; x_wconf 88' lang='lat' dir='ltr'>enim</span> <span class='ocrx_word' id='word_1_678' title='bbox 3688 4422 3839 4493; x_wconf 92' lang='lat' dir='ltr'>imp.</span> 
     </span>
    </p>
   </div>
   <div class='ocr_carea' id='block_1_107' title="bbox 2186 4509 3845 4581">
    <p class='ocr_par' dir='ltr' id='par_1_107' title="bbox 2186 4509 3845 4581">
     <span class='ocr_line' id='line_1_107' title="bbox 2186 4509 3845 4581; baseline 0.002 -19"><span class='ocrx_word' id='word_1_679' title='bbox 2186 4511 2546 4581; x_wconf 83' lang='lat' dir='ltr'>Pompeiano</span> <span class='ocrx_word' id='word_1_680' title='bbox 2565 4517 2620 4565; x_wconf 93' lang='lat' dir='ltr'>et</span> <span class='ocrx_word' id='word_1_681' title='bbox 2642 4511 2973 4566; x_wconf 67' lang='lat' dir='ltr'>Commodo</span> <span class='ocrx_word' id='word_1_682' title='bbox 2996 4528 3149 4568; x_wconf 89' lang='lat' dir='ltr'>coss.</span> <span class='ocrx_word' id='word_1_683' title='bbox 3181 4527 3317 4565; x_wconf 91' lang='lat' dir='ltr'>cum</span> <span class='ocrx_word' id='word_1_684' title='bbox 3344 4510 3606 4579; x_wconf 88' lang='lat' dir='ltr'>insignes</span> <span class='ocrx_word' id='word_1_685' title='bbox 3633 4515 3688 4564; x_wconf 90' lang='lat' dir='ltr'>et</span> <span class='ocrx_word' id='word_1_686' title='bbox 3711 4509 3845 4579; x_wconf 87' lang='lat' dir='ltr'>plu-</span> 
     </span>
    </p>
   </div>
   <div class='ocr_carea' id='block_1_108' title="bbox 2183 4597 3840 4669">
    <p class='ocr_par' dir='ltr' id='par_1_108' title="bbox 2183 4597 3840 4669">
     <span class='ocr_line' id='line_1_108' title="bbox 2183 4597 3840 4669; baseline 0.001 -17"><span class='ocrx_word' id='word_1_687' title='bbox 2183 4597 2366 4653; x_wconf 88' lang='lat' dir='ltr'>rimas</span> <span class='ocrx_word' id='word_1_688' title='bbox 2418 4599 2576 4653; x_wconf 65' lang='lat' dir='ltr'>aedos</span> <span class='ocrx_word' id='word_1_689' title='bbox 2620 4600 2861 4654; x_wconf 80' lang='lat' dir='ltr'>Athenis</span> <span class='ocrx_word' id='word_1_690' title='bbox 2926 4599 3127 4654; x_wconf 79' lang='lat' dir='ltr'>Atticis</span> <span class='ocrx_word' id='word_1_691' title='bbox 3171 4598 3423 4665; x_wconf 87' lang='lat' dir='ltr'>fecisset,</span> <span class='ocrx_word' id='word_1_692' title='bbox 3470 4605 3525 4654; x_wconf 89' lang='lat' dir='ltr'>et</span> <span class='ocrx_word' id='word_1_693' title='bbox 3578 4614 3840 4669; x_wconf 88' lang='lat' dir='ltr'>agonem</span> 
     </span>
    </p>
   </div>
   <div class='ocr_carea' id='block_1_109' title="bbox 2184 4687 3841 4752">
    <p class='ocr_par' dir='ltr' id='par_1_109' title="bbox 2184 4687 3841 4752">
     <span class='ocr_line' id='line_1_109' title="bbox 2184 4687 3841 4752; baseline 0.001 -10"><span class='ocrx_word' id='word_1_694' title='bbox 2184 4688 2540 4752; x_wconf 83' lang='lat' dir='ltr'>instituisset,</span> <span class='ocrx_word' id='word_1_695' title='bbox 2572 4689 2617 4743; x_wconf 93' lang='lat' dir='ltr'>si</span> <span class='ocrx_word' id='word_1_696' title='bbox 2652 4688 2814 4742; x_wconf 81' lang='lat' dir='ltr'>fastis</span> <span class='ocrx_word' id='word_1_697' title='bbox 2846 4688 3178 4743; x_wconf 89' lang='lat' dir='ltr'>Cassiodori</span> <span class='ocrx_word' id='word_1_698' title='bbox 3213 4688 3380 4751; x_wconf 90' lang='lat' dir='ltr'>fides,</span> <span class='ocrx_word' id='word_1_699' title='bbox 3416 4687 3841 4743; x_wconf 87' lang='lat' dir='ltr'>bibliothecam</span> 
     </span>
    </p>
   </div>
   <div class='ocr_carea' id='block_1_110' title="bbox 2186 4773 3845 4848">
    <p class='ocr_par' dir='ltr' id='par_1_110' title="bbox 2186 4773 3845 4848">
     <span class='ocr_line' id='line_1_110' title="bbox 2186 4773 3845 4848; baseline -0.002 -18"><span class='ocrx_word' id='word_1_700' title='bbox 2186 4777 2314 4830; x_wconf 88' lang='lat' dir='ltr'>miri</span> <span class='ocrx_word' id='word_1_701' title='bbox 2356 4778 2549 4848; x_wconf 90' lang='lat' dir='ltr'>operis</span> <span class='ocrx_word' id='word_1_702' title='bbox 2599 4778 2904 4831; x_wconf 80' lang='lat' dir='ltr'>exstruxit.</span> <span class='ocrx_word' id='word_1_703' title='bbox 2956 4777 3169 4831; x_wconf 82' lang='lat' dir='ltr'>Juliuni</span> <span class='ocrx_word' id='word_1_704' title='bbox 3200 4776 3429 4841; x_wconf 76' lang='lat' dir='ltr'>adheec,</span> <span class='ocrx_word' id='word_1_705' title='bbox 3481 4784 3571 4828; x_wconf 82' lang='grc' dir='ltr'>τοῦ</span> <span class='ocrx_word' id='word_1_706' title='bbox 3602 4773 3845 4847; x_wconf 78' lang='grc' dir='ltr'>παραϐά-</span> 
     </span>
    </p>
   </div>
   <div class='ocr_carea' id='block_1_111' title="bbox 2182 4864 3843 4934">
    <p class='ocr_par' dir='ltr' id='par_1_111' title="bbox 2182 4864 3843 4934">
     <span class='ocr_line' id='line_1_111' title="bbox 2182 4864 3843 4934; baseline 0.003 -19"><span class='ocrx_word' id='word_1_707' title='bbox 2182 4885 2291 4928; x_wconf 85' lang='grc' dir='ltr'>του,</span> <span class='ocrx_word' id='word_1_708' title='bbox 2329 4872 2540 4919; x_wconf 71' lang='lat' dir='ltr'>cratera</span> <span class='ocrx_word' id='word_1_709' title='bbox 2593 4865 2823 4930; x_wconf 87' lang='lat' dir='ltr'>eruditi,</span> <span class='ocrx_word' id='word_1_710' title='bbox 2879 4865 2937 4919; x_wconf 89' lang='lat' dir='ltr'>in</span> <span class='ocrx_word' id='word_1_711' title='bbox 2980 4866 3143 4919; x_wconf 85' lang='lat' dir='ltr'>libris</span> <span class='ocrx_word' id='word_1_712' title='bbox 3191 4864 3539 4934; x_wconf 86' lang='lat' dir='ltr'>colligendis</span> <span class='ocrx_word' id='word_1_713' title='bbox 3572 4865 3843 4920; x_wconf 88' lang='lat' dir='ltr'>studium</span> 
     </span>
    </p>
   </div>
   <div class='ocr_carea' id='block_1_112' title="bbox 2182 4953 3845 5024">
    <p class='ocr_par' dir='ltr' id='par_1_112' title="bbox 2182 4953 3845 5024">
     <span class='ocr_line' id='line_1_112' title="bbox 2182 4953 3845 5024; baseline 0.001 -17"><span class='ocrx_word' id='word_1_714' title='bbox 2182 4956 2413 5009; x_wconf 72' lang='lat' dir='ltr'>exstitit.</span> <span class='ocrx_word' id='word_1_715' title='bbox 2460 4955 2642 5009; x_wconf 88' lang='lat' dir='ltr'>Testis</span> <span class='ocrx_word' id='word_1_716' title='bbox 2673 4954 2797 5024; x_wconf 85' lang='lat' dir='ltr'>ipse</span> <span class='ocrx_word' id='word_1_717' title='bbox 2846 4953 3110 5024; x_wconf 85' lang='lat' dir='ltr'>locuples</span> <span class='ocrx_word' id='word_1_718' title='bbox 3168 4954 3347 5024; x_wconf 80' lang='lat' dir='ltr'>Epist.</span> <span class='ocrx_word' id='word_1_719' title='bbox 3406 4953 3481 5008; x_wconf 90' lang='lat' dir='ltr'>ad</span> <span class='ocrx_word' id='word_1_720' title='bbox 3541 4953 3845 5009; x_wconf 86' lang='lat' dir='ltr'>Ecdicium</span> 
     </span>
    </p>
   </div>
   <div class='ocr_carea' id='block_1_113' title="bbox 2182 5038 3847 5115">
    <p class='ocr_par' dir='ltr' id='par_1_113' title="bbox 2182 5038 3847 5115">
     <span class='ocr_line' id='line_1_113' title="bbox 2182 5038 3847 5115; baseline -0.002 -18"><span class='ocrx_word' id='word_1_721' title='bbox 2182 5045 2413 5115; x_wconf 61' lang='lat' dir='ltr'>[Egypti</span> <span class='ocrx_word' id='word_1_722' title='bbox 2460 5044 2801 5113; x_wconf 73' lang='lat' dir='ltr'>praefectum</span> <span class='ocrx_word' id='word_1_723' title='bbox 2877 5064 2889 5096; x_wconf 88' lang='lat'><strong>:</strong></span> <span class='ocrx_word' id='word_1_724' title='bbox 2926 5043 3100 5096; x_wconf 57' lang='lat' dir='ltr'>&quot;Alio:</span> <span class='ocrx_word' id='word_1_725' title='bbox 3127 5047 3215 5115; x_wconf 82' lang='grc' dir='ltr'>μέν</span> <span class='ocrx_word' id='word_1_726' title='bbox 3242 5044 3430 5106; x_wconf 78' lang='grc' dir='ltr'>ῐππων,</span> <span class='ocrx_word' id='word_1_727' title='bbox 3472 5043 3617 5095; x_wconf 72' lang='grc' dir='ltr'>ἄλλοι</span> <span class='ocrx_word' id='word_1_728' title='bbox 3666 5038 3723 5094; x_wconf 73' lang='grc' dir='ltr'>δὲ</span> <span class='ocrx_word' id='word_1_729' title='bbox 3755 5042 3847 5115; x_wconf 79' lang='grc' dir='ltr'>ὀρ-</span> 
     </span>
    </p>
   </div>
   <div class='ocr_carea' id='block_1_114' title="bbox 2180 5130 3846 5207">
    <p class='ocr_par' dir='ltr' id='par_1_114' title="bbox 2180 5130 3846 5207">
     <span class='ocr_line' id='line_1_114' title="bbox 2180 5130 3846 5207; baseline -0.001 -23"><span class='ocrx_word' id='word_1_730' title='bbox 2180 5137 2319 5195; x_wconf 79' lang='grc' dir='ltr'>νέων,</span> <span class='ocrx_word' id='word_1_731' title='bbox 2383 5133 2524 5184; x_wconf 62' lang='grc' dir='ltr'>ἄλλοι</span> <span class='ocrx_word' id='word_1_732' title='bbox 2574 5135 2763 5205; x_wconf 69' lang='grc' dir='ltr'>θηρίων</span> <span class='ocrx_word' id='word_1_733' title='bbox 2796 5133 2978 5207; x_wconf 76' lang='grc' dir='ltr'>ἐρῶσιν</span> <span class='ocrx_word' id='word_1_734' title='bbox 3010 5150 3025 5164; x_wconf 80' lang='grc'><strong><em>⁸</em></strong></span> <span class='ocrx_word' id='word_1_735' title='bbox 3056 5132 3168 5204; x_wconf 74' lang='grc' dir='ltr'>ἐμοὶ</span> <span class='ocrx_word' id='word_1_736' title='bbox 3217 5130 3275 5185; x_wconf 75' lang='grc' dir='ltr'>δὲ</span> <span class='ocrx_word' id='word_1_737' title='bbox 3325 5132 3539 5205; x_wconf 74' lang='grc' dir='ltr'>βιϐλίων</span> <span class='ocrx_word' id='word_1_738' title='bbox 3605 5137 3846 5195; x_wconf 77' lang='grc' dir='ltr'>κτήσεως</span> 
     </span>
    </p>
   </div>
   <div class='ocr_carea' id='block_1_115' title="bbox 2181 5218 3854 5293">
    <p class='ocr_par' dir='ltr' id='par_1_115' title="bbox 2181 5218 3854 5293">
     <span class='ocr_line' id='line_1_115' title="bbox 2181 5218 3854 5293; baseline 0.003 -22"><span class='ocrx_word' id='word_1_739' title='bbox 2181 5220 2234 5271; x_wconf 83' lang='grc' dir='ltr'><em>ἐκ</em></span> <span class='ocrx_word' id='word_1_740' title='bbox 2273 5218 2558 5293; x_wconf 58' lang='grc' dir='ltr'>παιδαρίου</span> <span class='ocrx_word' id='word_1_741' title='bbox 2601 5218 2765 5282; x_wconf 74' lang='grc' dir='ltr'>δεινὸς</span> <span class='ocrx_word' id='word_1_742' title='bbox 2794 5220 3023 5279; x_wconf 73' lang='grc' dir='ltr'>ἐντέτηκε</span> <span class='ocrx_word' id='word_1_743' title='bbox 3053 5223 3225 5281; x_wconf 77' lang='grc' dir='ltr'>πόθος.</span> <span class='ocrx_word' id='word_1_744' title='bbox 3260 5222 3505 5289; x_wconf 79' lang='lat' dir='ltr'>Quidam</span> <span class='ocrx_word' id='word_1_745' title='bbox 3537 5223 3697 5293; x_wconf 81' lang='lat' dir='ltr'>equis</span> <span class='ocrx_word' id='word_1_746' title='bbox 3721 5223 3854 5276; x_wconf 76' lang='lat' dir='ltr'>alii</span> 
     </span>
    </p>
   </div>
   <div class='ocr_carea' id='block_1_116' title="bbox 2180 5310 3850 5379">
    <p class='ocr_par' dir='ltr' id='par_1_116' title="bbox 2180 5310 3850 5379">
     <span class='ocr_line' id='line_1_116' title="bbox 2180 5310 3850 5379; baseline 0.002 -17"><span class='ocrx_word' id='word_1_747' title='bbox 2180 5311 2387 5365; x_wconf 73' lang='lat' dir='ltr'>aribus</span> <span class='ocrx_word' id='word_1_748' title='bbox 2428 5311 2703 5365; x_wconf 79' lang='lat' dir='ltr'>nonnulli</span> <span class='ocrx_word' id='word_1_749' title='bbox 2723 5310 2871 5379; x_wconf 80' lang='lat' dir='ltr'>feris</span> <span class='ocrx_word' id='word_1_750' title='bbox 2897 5313 3247 5379; x_wconf 75' lang='lat' dir='ltr'>voluptatem</span> <span class='ocrx_word' id='word_1_751' title='bbox 3279 5313 3554 5379; x_wconf 79' lang='lat' dir='ltr'>capiunt;</span> <span class='ocrx_word' id='word_1_752' title='bbox 3587 5326 3690 5379; x_wconf 87' lang='lat' dir='ltr'>ego</span> <span class='ocrx_word' id='word_1_753' title='bbox 3708 5314 3850 5379; x_wconf 83' lang='lat' dir='ltr'>jam</span> 
     </span>
    </p>
   </div>
   <div class='ocr_carea' id='block_1_117' title="bbox 2196 5399 3843 5470">
    <p class='ocr_par' dir='ltr' id='par_1_117' title="bbox 2196 5399 3843 5470">
     <span class='ocr_line' id='line_1_117' title="bbox 2196 5399 3843 5470; baseline 0.001 -18"><span class='ocrx_word' id='word_1_754' title='bbox 2196 5399 2323 5453; x_wconf 82' lang='lat' dir='ltr'>inde</span> <span class='ocrx_word' id='word_1_755' title='bbox 2372 5415 2596 5468; x_wconf 74' lang='grc' dir='ltr'>αμαριό</span> <span class='ocrx_word' id='word_1_756' title='bbox 2655 5400 2939 5454; x_wconf 80' lang='lat' dir='ltr'>librorum</span> <span class='ocrx_word' id='word_1_757' title='bbox 2982 5399 3304 5468; x_wconf 66' lang='lat' dir='ltr'>cupiditate</span> <span class='ocrx_word' id='word_1_758' title='bbox 3340 5402 3607 5470; x_wconf 81' lang='lat' dir='ltr'>ﬂagravi.</span> <span class='ocrx_word' id='word_1_759' title='bbox 3655 5401 3843 5469; x_wconf 83' lang='lat' dir='ltr'>Hujus</span> 
     </span>
    </p>
   </div>
   <div class='ocr_carea' id='block_1_118' title="bbox 2180 5487 3847 5557">
    <p class='ocr_par' dir='ltr' id='par_1_118' title="bbox 2180 5487 3847 5557">
     <span class='ocr_line' id='line_1_118' title="bbox 2180 5487 3847 5557; baseline 0.002 -15"><span class='ocrx_word' id='word_1_760' title='bbox 2180 5488 2427 5557; x_wconf 79' lang='lat' dir='ltr'>Augusti</span> <span class='ocrx_word' id='word_1_761' title='bbox 2462 5487 2881 5543; x_wconf 89' lang='lat' dir='ltr'>Bibliothecam</span> <span class='ocrx_word' id='word_1_762' title='bbox 2918 5487 3175 5542; x_wconf 86' lang='lat' dir='ltr'>vicissim</span> <span class='ocrx_word' id='word_1_763' title='bbox 3222 5488 3524 5555; x_wconf 89' lang='lat' dir='ltr'>Jovianus,</span> <span class='ocrx_word' id='word_1_764' title='bbox 3567 5488 3847 5546; x_wconf 89' lang='lat' dir='ltr'>hortante</span> 
     </span>
    </p>
   </div>
   <div class='ocr_carea' id='block_1_119' title="bbox 2181 5562 3850 5650">
    <p class='ocr_par' dir='ltr' id='par_1_119' title="bbox 2181 5562 3850 5650">
     <span class='ocr_line' id='line_1_119' title="bbox 2181 5562 3850 5650; baseline 0.002 -17"><span class='ocrx_word' id='word_1_765' title='bbox 2181 5562 2457 5650; x_wconf 67' lang='lat' dir='ltr'>conjuge,</span> <span class='ocrx_word' id='word_1_766' title='bbox 2488 5581 2546 5633; x_wconf 88' lang='lat' dir='ltr'>et</span> <span class='ocrx_word' id='word_1_767' title='bbox 2560 5578 2656 5649; x_wconf 88' lang='lat' dir='ltr'>adj</span> <span class='ocrx_word' id='word_1_768' title='bbox 2672 5576 3208 5650; x_wconf 88' lang='lat' dir='ltr'>utanteTheophilo</span> <span class='ocrx_word' id='word_1_769' title='bbox 3227 5577 3521 5646; x_wconf 87' lang='lat' dir='ltr'>eunucho,</span> <span class='ocrx_word' id='word_1_770' title='bbox 3556 5577 3850 5649; x_wconf 84' lang='lat' dir='ltr'>ringenti-</span> 
     </span>
    </p>
   </div>
  </div>
