4046 6228
173 240 242 298 29
1384 314 1392 322 ,
1598 236 2159 296 PBOLEGOMENA.
2289 274 2292 275 κ
3523 232 3598 288 30

186 365 304 422 bus
344 366 561 422 interim
616 364 1029 433 Antiochenis,
1089 371 1152 420 ut
1195 370 1404 421 auctor
1454 369 1544 420 est
1587 364 1826 428 Suidas,

197 455 469 510 cremavit.
503 454 762 509 Externa
795 454 941 526 quid
975 470 1464 509 commemorem.
1495 454 1824 526 Egyptios,

200 550 251 600 et
266 543 516 598 Attalicos
545 559 722 612 reges
741 543 1089 613 colligendis
1116 544 1280 599 libris
1309 543 1662 613 magnificos
1679 544 1706 599 7
1723 559 1826 598 no-

200 639 297 688 tum
342 631 749 688 Ptolemaeum
805 633 1256 705 Philadelphum
1313 633 1824 704 septingentorum

186 721 397 777 millium
443 720 746 776 librorum
780 722 1089 777 cumulum
1117 722 1459 787 contulisse,
1494 723 1591 793 qui
1619 737 1825 776 cumu-

169 810 703 876 lus.Alexandrino,
725 812 878 882 proh
912 811 1107 866 dolor!
1139 811 1390 867 tumultu
1408 811 1822 880 conﬂagravit.

165 899 363 971 Ecquis
418 899 581 954 adeo
625 899 687 954 in
735 899 943 955 litteris
977 901 1220 972 hospes,
1255 900 1359 972 qui
1394 903 1516 956 LXX
1542 901 1826 971 interpre-

165 994 273 1043 tum
300 1005 512 1043 sacras
547 992 800 1044 Lttteras
832 1006 902 1044 ex
930 989 1172 1045 Hebrteo
1201 987 1476 1059 ejusdem
1499 989 1672 1060 jussu
1704 1007 1826 1044 ver-

159 1077 394 1132 tentium
450 1077 782 1134 historiam
835 1078 1117 1149 ignoret?
1157 1078 1386 1133 Tacitus
1446 1084 1647 1134 tamen
1699 1080 1823 1135 sine

161 1166 371 1238 ﬂagitio
403 1169 721 1238 praeterire
754 1183 870 1223 non
903 1185 1169 1240 possum,
1200 1173 1496 1240 quantum
1541 1167 1717 1222 studii
1763 1168 1823 1222 in

155 1257 584 1327 conquirendis
611 1256 782 1312 libris
801 1258 968 1326 regio
990 1263 1168 1329 atque
1181 1257 1416 1312 heroico
1444 1256 1641 1311 animo
1663 1257 1823 1312 idem

159 1344 514 1400 Ptolemaeus
557 1347 856 1418 posuerit,
889 1351 954 1400 ut
992 1353 1081 1401 est
1123 1362 1156 1400 a
1187 1345 1408 1400 Galeno
1451 1345 1823 1400 medicorum

161 1436 429 1506 principe
463 1435 568 1489 lib.
599 1451 616 1490 ι
657 1436 747 1491 De
775 1441 1000 1491 natura
1029 1435 1300 1498 hominis,
1333 1450 1688 1506 rursumque
1717 1434 1822 1489 lib.

149 1539 205 1578 tn
241 1524 526 1591 Epidem.
558 1525 938 1596 Hippocratis
971 1523 1273 1579 memoriae
1301 1523 1621 1594 proditum,
1655 1523 1829 1578 Athe-

147 1611 462 1668 niensibus
508 1614 820 1675 nimirum,
869 1613 1149 1668 frumenti
1185 1612 1393 1683 inopia
1449 1627 1829 1684 annonaeque

147 1701 432 1757 charitate
462 1701 915 1764 laborantibus,
949 1717 1069 1757 non
1108 1702 1273 1774 prius
1302 1701 1660 1756 frumentum
1689 1717 1830 1755 con-

144 1792 392 1846 cessisse
443 1791 640 1861 (quod
690 1796 850 1846 esset
886 1793 1174 1864 Egyptus
1206 1791 1467 1855 Graeciae,
1521 1795 1584 1845 ut
1629 1789 1829 1846 Sicilia

143 1881 314 1936 Italiae
367 1879 684 1935 fertilitate
730 1896 837 1935 sua
868 1881 1173 1951 horreum)
1221 1895 1407 1951 quam
1461 1879 1826 1946 tragicorum

141 1969 491 2042 principum
559 1968 846 2040 xEschyli,
903 1967 1212 2040 Sophoclis
1285 1961 1462 2039 atque
1534 1967 1827 2039 Euripidis

143 2058 690 2114 describendorum
721 2058 961 2129 copiam
1001 2057 1294 2112 fecissent.
1320 2059 1379 2111 In
1419 2073 1540 2129 qua
1571 2056 1818 2127 quidem

143 2165 198 2203 re
228 2164 301 2202 ea
342 2149 471 2203 ﬁde
504 2153 838 2211 versatum,
873 2152 936 2201 ut
962 2153 1170 2218 praeter
1194 2146 1570 2215 vectigalium
1598 2146 1818 2201 immu-

145 2238 413 2300 nitatem,
452 2253 540 2292 ιν
574 2235 800 2292 talenta
830 2235 1045 2291 iisdem
1086 2235 1318 2308 pignori
1349 2235 1597 2300 dederit,
1629 2251 1814 2306 quam

145 2325 372 2397 quidem
411 2325 746 2397 pecuniam
779 2331 913 2396 post
939 2324 1129 2380 libens
1162 2324 1483 2396 volensque
1518 2323 1679 2378 dono
1711 2323 1816 2378 mi-

149 2415 231 2479 sit,
275 2422 341 2470 et
372 2416 668 2487 exempla
699 2414 997 2486 descripta
1026 2413 1269 2468 remisit.
1320 2416 1467 2468 Nam
1500 2413 1570 2466 de
1599 2413 1817 2468 Aristo-

150 2504 266 2559 telis
290 2504 715 2574 Peripateticm
743 2503 963 2558 scholae
996 2503 1274 2574 principis
1315 2518 1385 2557 ac
1427 2501 1817 2572 Theophrasti

141 2591 512 2647 bibliotheca
544 2607 581 2646 a
615 2590 791 2646 Neleo
820 2590 1035 2645 Corisci
1067 2593 1124 2646 F.
1154 2595 1452 2662 coempta,
1479 2597 1536 2646 et
1569 2589 1816 2645 haeredi-

136 2680 260 2745 bus,
292 2697 370 2735 ne
410 2680 497 2735 ab
520 2679 787 2735 Attalicis
805 2679 1045 2749 regibus
1064 2680 1413 2746 auferretur,
1433 2679 1598 2733 humi
1624 2677 1816 2733 defos-

137 2785 218 2832 sa,
258 2771 410 2841 quia
455 2784 658 2840 nuper
688 2768 748 2823 in
796 2767 1094 2824 Parallelis
1123 2767 1536 2832 disseruimus,
1565 2768 1815 2823 verbum

138 2874 250 2913 non
290 2857 558 2914 addam.
616 2857 876 2912 Clearchi
925 2873 1167 2928 quoque
1220 2855 1511 2912 Heracleae
1562 2857 1813 2911 Ponticae

141 2948 310 3018 primi
335 2946 606 3018 tytanni,
635 2946 765 3017 ejus
787 2946 890 3018 qui
916 2945 1172 3002 Platonis
1201 2949 1258 3000 et
1288 2946 1555 3000 Isocratis
1577 2945 1814 3000 auditor

139 3038 374 3102 exstitit,
411 3035 790 3092 bibliotheca
821 3051 855 3091 a
887 3038 1193 3092 Memnone
1225 3035 1385 3106 apud
1415 3035 1576 3090 hunc
1615 3035 1811 3105 ipsum

142 3126 415 3182 Photium
475 3126 627 3180 mire
703 3124 1080 3197 praedicatur,
1129 3125 1299 3194 cujus
1347 3123 1540 3179 laudis
1591 3123 1813 3179 adorea

142 3221 383 3270 ceteros
436 3228 657 3269 omnes
692 3220 978 3285 tyrannos
1022 3214 1204 3282 longo
1250 3218 1386 3285 post
1422 3229 1482 3268 se
1514 3211 1812 3284 reliquerit

143 3303 486 3359 intervallo.
525 3302 643 3358 Seb
682 3303 838 3358 unde
857 3301 1113 3372 digressi
1145 3302 1480 3373 paululum,
1509 3317 1579 3356 eo
1609 3302 1812 3357 redea-

140 3408 293 3448 mns.
328 3391 818 3449 Tumultuarium
841 3391 1273 3462 quidemopus,
1304 3407 1377 3446 ne
1398 3390 1542 3462 quid
1576 3389 1810 3446 tacitur-

141 3482 321 3536 nitate
335 3480 728 3553 prmvaricari
760 3479 988 3548 videar,
1013 3481 1364 3536 Photianam
1395 3480 1550 3535 hanc
1582 3479 1808 3536 Biblio-

143 3570 368 3625 thecam
412 3570 714 3625 exstitisse
744 3569 873 3623 hth
904 3569 1169 3625 indicant
1198 3587 1214 3639 ;
1265 3570 1477 3625 eadem
1533 3585 1688 3640 saepe
1719 3585 1806 3623 re-

144 3661 343 3729 petita,
374 3659 584 3713 hiatus
623 3657 946 3719 interdum,
977 3663 1155 3730 atque
1198 3657 1396 3712 hiulca
1428 3658 1574 3723 loca,
1609 3657 1804 3728 negle-

145 3756 264 3802 ctus
297 3749 513 3819 stylus,
549 3747 768 3818 rejecta
801 3746 1058 3818 denique
1091 3746 1150 3800 in
1182 3747 1426 3801 alteram
1452 3747 1648 3818 operis
1679 3761 1808 3816 par-

146 3843 258 3893 tem
313 3836 633 3899 librorum,
691 3851 846 3907 quos
909 3836 1035 3906 jam
1095 3841 1489 3900 recensuerat,
1531 3841 1810 3906 excerpta

146 3925 433 3995 longiora.
466 3925 555 3979 Ad
590 3941 762 3980 oram
791 3939 1032 3998 quoque
1064 3924 1353 3979 nonnulla
1382 3923 1696 3988 collocata;
1731 3929 1806 3988 et,

147 4015 310 4085 quod
361 4013 612 4078 mireris,
658 4013 900 4069 eosdem
944 4012 1176 4068 libellos
1223 4017 1358 4064 κατὰ
1418 4009 1602 4077 πόδας,
1658 4027 1807 4082 pene

149 4103 449 4176 repetitos,
488 4109 554 4157 ut
596 4102 865 4175 Dionysii
897 4103 1056 4172 ngei
1083 4102 1383 4171 Dictyaca,
1418 4103 1702 4157 Hieroclis
1751 4106 1810 4156 et

149 4192 384 4248 Himerii
411 4191 792 4264 aliorumque
809 4208 929 4246 non
959 4208 1172 4264 pauca,
1202 4207 1447 4264 prorsus
1474 4197 1534 4246 ut
1559 4191 1804 4246 credam

151 4281 420 4338 Photium
471 4282 768 4337 memoria
805 4298 914 4337 sua
956 4281 1231 4352 juvanda
1263 4281 1460 4354 potius
1507 4297 1693 4353 quam
1743 4283 1806 4335 ut

1938 365 2164 421 caeteris
2196 363 2538 436 promiscue
2567 361 2898 434 prodesset,
2928 359 3043 416 hoc
3081 374 3235 434 opus
3287 358 3594 416 consarci-

1939 471 2141 520 nasse,
2167 458 2269 510 aut
2297 459 2448 508 certe
2472 459 2837 524 postremam
2856 466 3102 506 manum
3130 463 3250 504 non
3278 447 3588 518 adjecisse,

1933 543 2081 599 lima
2127 540 2388 597 nitidiori
2426 557 2604 612 opere
2635 541 2853 596 futuro.
2902 540 3115 594 Aulicis
3166 537 3452 592 nimirum
3485 551 3583 592 ne-

1936 631 2128 701 gotiis,
2158 637 2339 700 atque
2361 630 2685 685 ambitione
2715 628 3095 684 transversim
3129 632 3391 697 raptum,
3431 641 3590 682 men-

1935 727 2052 777 tem
2083 721 2220 784 alio,
2255 720 2372 775 alio
2412 736 2588 774 aures
2619 720 2915 774 divisisse.

2010 813 2299 865 Hactenus
2330 810 2404 864 de
2429 810 2610 865 Photii
2637 811 2776 876 vita,
2812 817 2867 864 et
2904 811 3271 868 Bibliotheca
3300 813 3591 868 lectorum

1934 898 2225 954 librorum
2253 916 2268 953 :
2302 905 2485 954 restat
2517 906 2577 953 ut
2621 906 2831 954 caetera
2861 899 2991 972 ejus
3031 903 3246 971 scripta
3278 901 3334 955 in
3379 901 3591 970 vulgus

1935 988 2110 1049 edita,
2161 1005 2282 1059 quo
2315 988 2402 1042 vel
2438 989 2494 1042 in
2525 988 2694 1042 hOste
2730 988 2999 1044 virtutem
3053 992 3355 1054 miremur,
3386 1006 3590 1046 recen-

1934 1094 2117 1131 seam.
2156 1078 2398 1148 Scripsit
2444 1077 2501 1131 in
2552 1080 2607 1130 ll.
2664 1078 2822 1130 Pauli
2876 1079 3162 1146 Epistolas
3213 1084 3590 1136 Commenta-

1933 1165 2135 1220 rium:
2187 1166 2341 1220 unde
2376 1164 2657 1236 pleraque
2705 1166 2922 1220 hausta
2965 1166 3024 1220 in
3078 1169 3360 1222 Catenam
3415 1183 3590 1223 suam

1935 1254 2329 1310 OEcumenius
2389 1254 2705 1320 transtulit,
2783 1259 2844 1310 ut
2897 1270 3018 1310 non
3077 1255 3587 1311 contemnendum

1932 1344 2276 1413 theologum
2299 1358 2594 1410 agnoscas
2630 1359 2642 1397 :
2676 1343 2839 1416 quod
2864 1344 3169 1414 eogratior
3194 1345 3383 1400 doctis
3401 1345 3588 1400 homi-

1932 1433 2109 1487 nibus
2141 1432 2265 1504 (qui
2297 1449 2367 1487 eo
2390 1449 2450 1487 se
2481 1433 2720 1502 adjutos
2763 1435 2820 1488 in
2853 1433 3034 1488 Paulo
3074 1433 3456 1504 explanando
3501 1433 3590 1490 fa-

1933 1525 2162 1576 teantur
2188 1522 2764 1592 ingenue)laborhic
2791 1522 3054 1585 exeistat,
3075 1539 3197 1594 quo
3223 1522 3586 1578 difﬁciliores

1929 1609 1990 1665 in
2021 1611 2090 1665 iis
2120 1609 2381 1682 epistolis
2423 1610 2616 1665 nodos
2647 1627 2956 1666 occurrere
3006 1613 3064 1665 Β.
3100 1611 3302 1666 Petrus
3351 1613 3590 1682 a'posto-

1930 1699 2085 1754 latus
2111 1699 2336 1769 collega
2369 1699 2796 1770 pronuntiavit,
2833 1702 3070 1754 Exstant
3096 1705 3153 1754 et
3187 1700 3372 1756 Photii
3405 1715 3589 1770 opera

1931 1788 2190 1843 Canones
2204 1789 2630 1855 apostolorum,
2648 1789 3143 1861 conciliorumtu
3156 1796 3416 1845 veterum
3434 1790 3586 1857 leges

1928 1875 2324 1932 sacrosanctae
2355 1879 2411 1932 in
2439 1877 2713 1932 volumen
2740 1895 2923 1933 unum
2959 1895 3295 1950 corpusque
3316 1879 3582 1940 collecta,

1927 1964 2658 2037 distinctaquecapitibus,
2688 1967 2848 2038 quod
2871 1973 2927 2021 et
2955 1967 3368 2022 Nomocanona
3397 1965 3586 2019 nomi-

1928 2057 2107 2122 navit,
2135 2071 2290 2125 opus
2319 2055 2580 2124 spissum
2598 2059 2656 2110 et
2671 2057 2921 2118 varium.
2950 2056 3270 2128 multaeque
3292 2055 3581 2119 lectionis,

1927 2143 2250 2215 visiturque
2334 2145 2526 2198 Greece
2607 2145 2666 2200 in
2755 2145 3085 2201 Germanias
3165 2143 3582 2210 bibliothecis;

1925 2233 2089 2304 Quod
2116 2232 2454 2288 Theodorus
2509 2233 2824 2289 Balsamon
2870 2233 3293 2289 illustrandum
3325 2235 3574 2298 censuit,

1925 2327 2342 2393 verteruntque
2398 2321 2597 2379 Latine
2652 2324 2973 2378 Gentianus
3032 2325 3340 2387 Hervetus,
3394 2323 3579 2378 homo

1925 2410 2147 2479 Gallus,
2179 2412 2440 2484 itemque
2470 2412 2656 2478 Belga
2679 2414 2959 2467 Henricus
2992 2412 3290 2484 Agylmus.
3334 2411 3578 2479 Qualem

1921 2499 2073 2554 inter
2098 2499 2332 2556 Latinos
2353 2501 2724 2571 diligentiam
2745 2501 3117 2557 Burchardus
3135 2501 3573 2566 Vormatiensis,

1923 2587 2024 2642 Ivo
2060 2589 2458 2654 Carnotensis,
2487 2605 2557 2645 ac
2613 2591 2928 2646 Gratianus
2979 2591 3316 2646 monachus
3368 2588 3576 2645 imitati

1923 2683 2060 2731 sunt
2089 2677 2269 2747 longo
2301 2678 2628 2744 intervallo,
2661 2679 2822 2734 haud
2854 2681 3082 2734 minore
3126 2696 3322 2751 Operae
3365 2678 3574 2750 pretio.

1925 2765 2115 2820 Edidit
2145 2773 2200 2820 et
2221 2772 2447 2838 septem
2468 2768 2972 2823 mcumenicorum
3001 2770 3389 2823 conciliorum
3421 2774 3573 2830 acta,

1923 2854 2314 2928 visunturque
2359 2856 2650 2927 principio
2681 2857 3070 2912 conciliorum
3102 2860 3278 2912 tomis
3321 2856 3575 2925 digesto-

1919 2957 2074 3007 rum,
2109 2959 2239 3016 quae
2277 2945 2478 3000 Graece
2528 2945 2586 2999 in
2639 2945 2879 3014 Belgicis
2903 2945 3300 3026 .bibliothecis
3339 2945 3574 3000 calamo

1921 3037 2162 3088 exarata
2192 3039 2595 3089 asservantur.
2645 3035 2917 3106 Epistolas
2947 3038 3076 3106 ejus
3125 3035 3184 3090 in
3226 3040 3576 3104 Augustana

1919 3118 2282 3178 bibliotheca
2301 3123 2612 3178 habentur.
2646 3125 3022 3196 Encyclicam
3045 3124 3122 3179 ad
3145 3123 3573 3196 patriarchales

1921 3209 2170 3265 Orientis
2220 3212 2410 3276 sedes,
2445 3212 2565 3267 sive
2605 3213 2733 3284 ejus
2763 3218 2868 3279 est,
2916 3230 3020 3268 seu
3063 3214 3318 3276 Sisinnii,
3348 3220 3409 3268 ut
3451 3212 3576 3284 qui-

1918 3297 2060 3354 dam
2091 3304 2326 3370 putant,
2353 3301 2680 3374 apostolica
2711 3303 2900 3367 sedes,
2931 3307 2993 3357 ut
3043 3307 3098 3357 et
3150 3303 3572 3374 prmdatoriam

1917 3388 2376 3462 ejussynodum,
2408 3391 2615 3446 merito
2633 3391 2904 3447 damnat.
2925 3395 3124 3447 Exstat
3149 3392 3292 3447 item
3326 3391 3573 3463 epistola

1917 3477 1992 3532 ad
2043 3479 2382 3535 Michaelem
2440 3479 2830 3549 Bulgarorum
2873 3482 3222 3553 principem,
3272 3499 3307 3537 a
3362 3483 3570 3536 Franc.

1914 3567 2195 3622 Turriano
2224 3569 2528 3625 Societatis
2577 3575 2793 3624 nostras
2823 3577 3011 3635 eruta,
3067 3572 3391 3643 Latineque
3440 3570 3569 3625 red-

1914 3654 2054 3720 dita,
2093 3664 2155 3712 ut
2185 3663 2240 3713 et
2259 3673 2362 3714 sex
2388 3659 2826 3715 dissertationes
2848 3660 2920 3715 de
2949 3660 3263 3716 divinitate
3293 3665 3343 3716 et
3374 3661 3572 3716 incar-

1914 3746 2175 3812 natione,
2228 3747 2619 3820 legunturqne
2667 3755 2828 3804 tonio
2877 3751 2918 3804 V
2974 3751 3310 3805 Lectionum
3369 3750 3571 3823 Antiq,

1919 3833 2153 3890 Henrici
2191 3837 2409 3892 Canisii
2435 3837 2824 3908 jureconsulti
2853 3839 3076 3894 clariss.
3124 3843 3242 3895 Huc
3279 3840 3573 3895 accedunt

1919 3929 1972 3978 et
2017 3924 2289 3996 ejusdem
2337 3927 2523 3982 Photii
2583 3929 2888 3983 Tractatus
2935 3930 3007 3985 de
3051 3930 3456 3984 voluntatibus
3504 3929 3566 3984 in

1921 4013 2178 4078 Christo,
2232 4030 2368 4085 qum
2416 4016 2695 4070 dicuntur
2741 4021 2980 4086 γνωμιχὰ
3038 4017 3302 4087 θελήματα
3355 4018 3567 4072 eodem

1915 4103 2203 4156 Turriano
2228 4103 2565 4172 interprete.
2599 4104 2858 4175 Sedjam
2886 4105 3012 4160 vela
3035 4105 3481 4170 contrahemus,
3513 4112 3568 4162 et

1920 4192 2195 4246 Photium
2219 4191 2536 4264 scriptores
2566 4195 2726 4249 varie
2760 4201 3162 4250 recensentem
3195 4194 3518 4251 audiamus
3547 4211 3561 4261 ;

1912 4279 2132 4350 linguis
2159 4282 2496 4354 animisque
2527 4282 2737 4339 favete.

639 4636 930 4693 Facultas
986 4637 1055 4691 Η.
1085 4637 1166 4694 P.
1198 4637 1598 4693 Provinciam
1622 4637 1928 4698 Societatis
1967 4642 2125 4705 Jesu,
2156 4655 2262 4710 per
2299 4641 2660 4709 Superiorem
2689 4641 3067 4697 Germaniam

209 4781 369 4836 Hanc
419 4779 731 4836 Photianie
774 4779 1149 4836 Bibliothecie
1181 4796 1254 4836 ex
1296 4780 1495 4838 Graeco
1543 4785 1902 4850 versionem,
1934 4784 2250 4858 interprete
2279 4785 2338 4839 P.
2377 4785 2614 4840 Andrea
2660 4784 2920 4849 Schotto,
2976 4783 3278 4840 Societatis
3350 4787 3566 4840 nostrm

153 4872 460 4936 sacerdote,
495 4870 576 4925 ab
605 4869 838 4940 aliquot
865 4869 1139 4925 Patribns
1169 4871 1502 4927 Graecarum
1535 4873 1859 4930 litterarum
1893 4875 2094 4946 peritis
2127 4875 2316 4931 visam
2348 4882 2404 4931 et
2429 4875 2767 4946 probatam,
2793 4888 2903 4942 ego
2935 4873 3222 4940 Georgius
3256 4873 3563 4940 Roseﬂlus,

155 4959 435 5016 Societatis
461 4961 607 5015 Jesu
643 4975 748 5030 per
770 4960 1152 5014 Germaniam
1179 4961 1547 5031 superiorem
1589 4963 1984 5034 provincialis,
2015 4969 2308 5035 potestate
2339 4964 2482 5020 mihi
2512 4964 2590 5020 ab
2621 4962 2952 5019 admodum
2998 4965 3057 5017 Β.
3101 4963 3161 5016 Ρ.
3206 4967 3270 5018 N.
3305 4963 3568 5034 generali

155 5049 377 5105 Claudio
401 5049 638 5121 Aquavi
651 5065 724 5103 va
739 5049 1219 5119 concessa,typis
1237 5049 1509 5105 mandari
1529 5051 1832 5123 permitto:
1857 5052 1953 5108 cui
1969 5053 2048 5108 rei
2068 5054 2182 5109 hoc
2197 5054 2538 5109 testimonio
2551 5067 2885 5109 manumea
2915 5052 3276 5124 subscripta,
3305 5052 3565 5123 etsigillo

159 5143 378 5206 munito,
412 5141 603 5196 fidem
630 5138 834 5194 facere
865 5136 1042 5193 volui.
1073 5142 1380 5210 Augustae,
1412 5141 1690 5197 Kalendis
1719 5141 2102 5215 Septembris.
2133 5145 2304 5199 Anno
2336 5143 2544 5200 MDGV.

2574 5251 2849 5305 Gitoacws
2879 5249 3209 5306 Rosamus.
3241 5306 3248 5312 ,
