4046 6228
1651 295 1748 353 AD
1786 293 2029 352 PHOTII
2070 293 2631 355 BIBLIOTHECAM.
3777 305 3849 361 32

1229 560 1475 621 INDEX
1530 556 1966 619 AUCTORUM
2011 552 2567 618 BIBLIOTHECIE
2619 557 3045 620 PHOTIANAE

1278 736 1644 781 ALPHABETI
1677 735 1867 778 SERIE
1912 734 1993 777 ΕΤ
2020 731 2313 777 CODICUM
2359 734 2638 780 NUMERO
2658 736 3000 781 ASCRIPTO.

1234 884 1279 936 A

501 970 759 1027 Achilles
774 970 992 1027 Tatius.
1017 971 1094 1025 De
1108 969 1286 1025 rebus
1304 968 1625 1041 Leucippes
1653 971 1709 1023 et
1738 964 2079 1037 Clitophon-

429 1060 502 1116 tis
526 1061 659 1116 libri
679 1077 798 1127 vui,
832 1060 945 1116 cod
979 1060 1269 1116 LXXXVII.

496 1155 638 1206 Acta
680 1150 1101 1220 disputationis
1149 1148 1581 1213 hareticorum,
1623 1161 1825 1202 coram
1854 1147 2080 1199 Joanne

426 1239 769 1313 patriarcha
808 1238 1481 1309 Constantinopolitano,
1516 1236 1647 1291 cod.
1681 1235 1863 1291 XXIV.

498 1327 739 1383 Adriani
772 1327 1024 1397 Isagoge
1056 1328 1110 1382 S.
1144 1326 1481 1397 Scriptura,
1515 1323 1649 1380 cod.
1690 1323 1754 1377 II.

496 1417 741 1472 Adriani
772 1415 1256 1477 declamationes.
1286 1415 1419 1470 cod.
1446 1415 1505 1470 C.

498 1502 858 1561 tEnesidemi
888 1502 1051 1573 ΑΞμί
1081 1503 1154 1558 de
1206 1501 1553 1575 Pyrrhoniis
1603 1500 1732 1557 libri
1771 1515 1890 1563 VIII,
1942 1496 2075 1553 cod.

426 1595 624 1649 CCXII.

501 1683 796 1739 IEschinis
826 1682 1126 1739 orationes
1168 1697 1230 1738 Ill
1268 1687 1323 1738 et
1365 1679 1629 1753 epistola
1677 1693 1765 1750 xx,
1798 1677 1926 1736 cod.
1972 1679 2078 1733 LXI

428 1779 484 1829 et
512 1773 777 1829 CCLXIV.

499 1861 645 1917 Aetii
696 1860 971 1918 Amideni
1024 1859 1221 1932 operis
1279 1858 1497 1916 medici
1546 1857 1683 1914 libri
1744 1873 1861 1928 xvr,
1929 1855 2070 1916 cod.

425 1951 651 2008 CCXXI.

499 2039 961 2111 Agatharchida
976 2039 1208 2105 Histor.,
1225 2038 1359 2095 cod.
1375 2038 1597 2095 CCXIII.
1622 2036 1765 2093 Inde
1779 2039 2074 2107 excerpta,

428 2129 560 2185 cod.
592 2130 739 2185 CCL.

497 2218 807 2276 Alexandri
825 2216 1258 2273 Admirabilium
1270 2214 2076 2282 collectio,cod.CLXXXVIII.

502 2310 895 2381 Amyntianus
909 2307 966 2363 in
980 2307 1385 2362 Alexandrum
1400 2309 1468 2363 M.
1484 2311 1540 2362 et
1558 2306 1695 2373 alia,
1709 2307 1843 2361 cod.
1860 2306 2073 2361 CXXXI.

500 2398 817 2455 Andocida
847 2397 1166 2460 orationes.
1196 2397 1335 2453 cod.
1377 2396 1587 2453 CCLXI.

496 2486 978 2544 Andronicianus
1025 2492 1233 2542 contra
1272 2486 1693 2550 Eunomianos,
1748 2482 1882 2539 cod.
1923 2484 2074 2539 XLV.

500 2586 853 2648 Anonymus
876 2579 1080 2631 contra
1125 2574 1363 2630 Judaos
1391 2578 1448 2630 et
1477 2571 2075 2639 Quartudecimanos,

425 2666 561 2724 cod.
587 2666 754 2721 CXV.

495 2754 795 2828 Anonymi
825 2752 1297 2809 testimoniorum
1333 2752 1408 2807 de
1448 2750 1680 2808 Christo
1732 2766 1762 2805 e
1808 2751 2076 2820 gentium

427 2844 660 2915 scriptis
692 2842 822 2898 libri
870 2858 967 2907 xv,
1022 2841 1150 2896 cod.
1210 2842 1401 2897 CLXX.
1437 2870 1507 2882 —
1546 2840 1893 2911 Pythagora
1949 2839 2079 2896 Vita

428 2932 561 2988 cod.
598 2934 855 2988 CCXLIX.
900 2962 965 2971 —
1008 2932 1065 2987 S.
1124 2930 1382 3000 Gregorii
1415 2931 1559 2996 Vita,
1601 2930 1734 2984 cod.
1768 2928 1966 2985 CCLII.
2032 2961 2077 2969 -

428 3021 781 3093 Martyrium
815 3035 886 3074 vn
923 3033 1241 3087 puerorum
1288 3019 1415 3072 sub
1440 3016 1637 3083 Decio,
1687 3016 1819 3071 cod.
1855 3015 2073 3075 CCLIII.

428 3109 843 3179 —Martyrium
886 3105 1179 3163 Timothei
1232 3105 1505 3178 apostoli,
1548 3104 1681 3160 cod.
1752 3104 1969 3159 CCLIV.
2009 3133 2079 3143 —-

428 3198 770 3269 Martyrium
798 3198 851 3253 S.
881 3195 1175 3260 Demetrii,
1210 3194 1340 3250 cod.
1366 3194 1558 3249 CCLV.
1577 3224 1645 3234 —
1670 3198 1812 3248 Acta
1845 3195 1941 3249 SS.
1969 3195 2075 3249 Me-

429 3284 739 3355 trOphanis
789 3289 847 3340 et
892 3282 1232 3347 Alexandri,
1273 3283 1385 3337 cod
1457 3282 1679 3338 CCLVI.
1735 3312 1803 3322 —
1847 3281 1973 3337 Vita
2020 3286 2077 3337 et

427 3374 779 3446 martyrium
797 3374 956 3429 Pauli
970 3372 1150 3444 episc.
1186 3371 1661 3440 Constantium»,
1679 3371 1813 3428 cod.
1829 3372 2072 3427 CCLVII.

426 3464 625 3519 —Vita
664 3469 721 3519 et
750 3470 1049 3519 certamen
1066 3460 1609 3531 magniAthanasii,
1640 3461 1774 3517 cod.
1805 3462 2073 3517 CCLVIII.

497 3552 876 3623 Antiphontis
906 3553 1280 3609 Atheniensis
1309 3551 1560 3607 rhetoris
1586 3550 1906 3615 orationes,
1940 3548 2072 3604 cod.

427 3642 645 3699 CCLIX.

495 3729 734 3785 Antonii
761 3730 1039 3799 Diogenis
1068 3729 1508 3786 lncredibilium
1549 3729 1624 3784 de
1660 3727 1843 3784 Thule
1883 3727 2078 3785 insula

424 3818 558 3875 libri
585 3835 745 3889 xxvi,
779 3819 911 3875 cod.
946 3820 1170 3877 CLXVI.

497 3909 821 3982 Aphthonii
838 3909 1129 3981 Sophista
1147 3906 1641 3971 declamationes,
1655 3906 1788 3962 cod.
1805 3907 2073 3963 CXXXIII.

496 3998 801 4070 Apologia
830 3998 899 4054 de
926 3997 1173 4069 Origene
1199 4003 1255 4054 et
1283 3998 1411 4068 ejus
1439 3995 1826 4068 dogmatibus
1861 3996 1995 4051 libri
2021 4013 2072 4063 v,

428 4087 562 4145 cod.
592 4088 798 4145 CXVII.

499 4177 902 4248 Apollinarius
931 4175 1288 4249 Hierapolita
1330 4178 1406 4231 De
1460 4176 1673 4247 pietate
1729 4180 1785 4230 et
1834 4173 2078 4230 veritate

427 4265 716 4321 adversus
745 4270 973 4333 gentes,
1006 4266 1139 4321 cod.
1175 4266 1306 4321 XIV.

498 4352 835 4423 Apollodori
849 4352 1749 4421 grammatici[tibliotheca,cod.
1766 4354 2075 4409 CLXXXVI.

498 4441 755 4512 Appiani
787 4441 1440 4496 AlexandriniHistoria
1458 4441 1741 4497 Romana
1764 4440 1896 4495 libri
1920 4457 2074 4507 xxiv,

428 4529 561 4586 cod.
598 4530 755 4585 LVII.

499 4618 762 4674 Aristidis
799 4619 988 4675 oratio
1052 4618 1514 4687 Panathenaica,
1554 4617 1689 4674 cod.
1750 4617 1967 4673 CCLVI.
2010 4648 2078 4660 ~—

428 4707 708 4778 Ejusdem
759 4708 1056 4765 orationes
1102 4712 1363 4781 quatuor
1421 4723 1531 4779 pro
1578 4707 1885 4774 rhetorica,
1940 4710 2075 4764 cod.

427 4797 718 4854 CCXLVII.
758 4827 831 4841 -
862 4798 1136 4868 Ejusdem
1159 4798 1348 4855 oratio
1365 4812 1472 4870 pro
1494 4797 1919 4863 Quatuorviris,
1939 4797 2073 4855 cod.

426 4886 742 4944 CCXLVIII.

495 4975 722 5032 Arriani
751 4975 1025 5032 Parthica
1053 4981 1111 5032 et
1137 4977 1197 5033 in
1222 4976 1546 5049 Epictetum
1571 4991 1899 5035 sermones.
1939 4977 2073 5033 cod.

431 5065 609 5123 LVIII.
650 5096 719 5107 —
759 5065 1038 5135 Ejusdem
1082 5065 1157 5122 de
1203 5066 1519 5122 Alexandri
1567 5066 1641 5121 M.
1674 5066 1852 5121 rebus
1895 5067 2075 5136 gestis

427 5155 560 5211 libri
583 5170 679 5219 vu,
711 5159 767 5210 et
795 5154 1017 5219 Indica,
1050 5155 1183 5210 cod.
1221 5155 1348 5210 XCI.
1394 5186 1445 5196 -
1489 5158 1563 5210 De
1587 5155 1763 5210 rebus
1792 5162 1921 5226 post
1952 5155 2075 5212 Ale-

422 5243 726 5299 xandrum
771 5242 946 5317 gestis
993 5243 1125 5299 libri
1178 5260 1235 5307 x,
1270 5244 1403 5300 cod.
1459 5244 1618 5301 XCII.
1682 5273 1748 5283 —
1792 5242 2071 5313 Ejusdem

426 5333 706 5406 Bitynica,
766 5333 897 5388 cod.
959 5332 1082 5388 VIII
1134 5339 1190 5388 et
1239 5331 1419 5389 XCIII.
1471 5364 1537 5375 -—
1587 5330 1863 5403 Ejusdem
1904 5334 2073 5389 Gesta

428 5421 628 5477 Dionis
657 5438 724 5477 ac
759 5421 1217 5478 Timoleontisin
1261 5422 1473 5490 Sicilia,
1504 5422 1636 5477 cod.
1681 5421 1855 5477 XCIII.

499 5510 708 5567 Asterii
732 5511 985 5568 Amasia
1006 5513 1186 5584 episc.
1220 5512 1478 5567 homilia
1504 5512 1681 5569 varia
1724 5527 1737 5566 :
1776 5515 1823 5566 I.
1866 5512 2071 5568 Sermo

426 5599 503 5658 de
526 5600 876 5674 pauitantia
902 5615 918 5667 ;
950 5603 1003 5655 2.
1039 5600 1103 5656 In
1132 5599 1503 5673 Stephanum
1530 5604 2022 5674 protomartyrem
2054 5616 2069 5667 ;

2190 878 2243 929 3.
2280 873 2360 929 De
2392 890 2463 930 eo
2491 876 2594 949 qui
2634 878 2693 933 in
2732 878 2987 935 latrones
3028 879 3232 935 incidit
3265 897 3277 943 :
3323 883 3376 937 4.
3422 881 3497 936 de
3547 881 3851 940 Pharisao

2188 964 2247 1016 et
2280 962 2595 1020 Publicano
2630 968 2719 1032 ;5.
2755 968 2835 1022 De
2866 968 3149 1023 Zacchao
3179 985 3194 1029 :
3222 969 3275 1023 6.
3305 970 3380 1023 De
3408 968 3526 1025 ﬁlio
3556 971 3809 1042 prodigo
3834 989 3850 1037 ;

2188 1051 2241 1104 7.
2276 1051 2355 1107 De
2387 1055 2748 1111 centurionis
2779 1073 2951 1112 servo
2986 1079 2997 1120 ;
3024 1060 3075 1111 8.
3108 1057 3183 1111 De
3217 1057 3447 1128 jejunio
3482 1075 3495 1124 ;
3524 1059 3603 1113 De
3632 1074 3791 1115 caco
3817 1076 3857 1116 a

2188 1140 2531 1209 nativitate;
2572 1148 2653 1199 l0.
2690 1145 2769 1200 De
2798 1145 2980 1210 Jairo,
3011 1151 3068 1200 et
3102 1146 3350 1201 muliere
3383 1147 3694 1215 sanguinis
3721 1162 3857 1218 pro-

2186 1226 2371 1285 ﬂuvio
2404 1231 2739 1300 Iaborante,
2772 1236 2906 1290 cod.
2943 1232 3216 1290 CCLXXI.

2258 1317 2563 1376 Athanasii
2594 1324 2703 1393 (S.)
2727 1323 3009 1394 epistola,
3044 1324 3175 1378 cod.
3208 1323 3433 1378 XXXII.
3474 1355 3543 1365 —
3568 1324 3852 1397 Ejusdem

2187 1404 2247 1461 in
2283 1408 2694 1476 Ecclesiasten,
2730 1418 2784 1467 et
2810 1412 3050 1469 Cantica
3081 1415 3447 1468 canticorum
3473 1422 3848 1471 commenta-

2187 1494 2333 1565 rius,
2366 1500 2499 1554 cod.
2526 1501 2819 1558 CXXXIX.
2852 1501 3133 1573 Ejusdem
3166 1505 3374 1559 contra
3401 1503 3605 1558 Arium
3627 1503 3759 1560 libri
3783 1520 3841 1573 v,

2189 1586 2327 1642 cod.
2371 1589 2527 1647 CXL.

2271 1680 2542 1736 Auctoris
2569 1681 2859 1738 incertide
2877 1696 3046 1737 sacro
3075 1680 3320 1737 Pascha
3352 1679 3505 1738 festo
3526 1681 3744 1739 volum.
3765 1699 3847 1741 ιιι.

2190 1771 2323 1826 cod.
2355 1771 2538 1828 CXVI.

2998 1858 3043 1914 B

2272 1950 2457 2006 Basilii
2480 1949 2674 2007 Cilicis
2705 1947 2924 2004 Eccles.
2947 1948 3216 2004 Historia
3243 1947 3376 2004 libri
3400 1964 3479 2014 ιιι,
3514 1948 3652 2005 cod.
3689 1948 3847 2005 XLII.

2184 2042 2319 2114 —Ej
2332 2041 2546 2097 usdem
2560 2044 2768 2095 contra
2780 2039 3072 2093 Joannem
3090 2036 3564 2109 Scythopolitam
3584 2035 3714 2094 libri
3728 2053 3846 2105 xvr,

2188 2133 2329 2189 cod.
2359 2129 2523 2186 CVII.

2258 2219 2449 2277 Basilii
2468 2216 2664 2287 Magni
2695 2215 3120 2272 confutationis
3136 2215 3681 2272 Eunomiiharetici
3712 2216 3850 2273 libri

2186 2325 2270 2377 ιιι,
2302 2309 2433 2365 cod.
2466 2306 2696 2362 CXXIX.
2742 2336 2800 2346 —
2836 2304 3111 2375 Ejusdem
3142 2304 3422 2374 Ascetica,
3455 2305 3586 2360 cod.
3633 2305 3852 2362 CXLIV

2185 2406 2241 2455 et
2267 2398 2439 2453 CXCI.
2468 2395 2745 2466 Ejusdem
2776 2393 3202 2459 Hexaemeron,
3234 2392 3367 2449 cod.
3396 2394 3583 2449 CXLI.
3609 2425 3673 2434 —
3693 2394 3846 2451 Item

2185 2489 2483 2546 orationes
2537 2484 2763 2551 ethica,
2811 2483 2945 2539 cod.
2996 2482 3206 2539 CXLII.
3249 2513 3318 2523 —
3369 2482 3666 2555 Epistola,
3705 2486 3845 2540 cod.

2259 2664 2453 2722 Basilii
2488 2663 2765 2721 Seleucia
2793 2662 2973 2732 episc.
3002 2662 3298 2717 orationes
3326 2677 3424 2717 xv.
3470 2663 3532 2717 Et
3572 2661 3698 2718 Vita
3721 2662 3847 2733 pri-

2186 2770 2301 2810 ma
2334 2752 2612 2825 martyris
2641 2750 2887 2815 Thecla,
2917 2749 3052 2806 cod.
3086 2750 3365 2805 CLXVIII.

2260 2844 2458 2900 Boethi
2510 2858 2726 2899 vocum
2779 2841 3217 2896 Platonicarum
3269 2840 3658 2907 Collectanea,
3702 2840 3843 2897 cod-

2187 2933 2370 2989 CLIV.
2428 2931 2781 3002 —Ejusdem
2814 2930 2888 2986 de
2926 2929 3127 2985 dubiis
3174 2930 3337 3003 apud
3381 2930 3691 2985 Platonem
3749 2945 3849 2987 vo-

2186 3021 2356 3077 cibus
2377 3019 2757 3093 opusculum,
2782 3018 2917 3074 cod.
2943 3019 3093 3075 CLV.

2259 3199 2431 3255 Caius
2459 3197 2775 3271 presbyter
2810 3197 2890 3251 De
2918 3198 3216 3262 universo,
3250 3197 3385 3253 cod.
3420 3196 3665 3252 XLVIII.

2196 3360 2203 3365 _
2256 3288 2490 3345 Casarii
2522 3289 2717 3356 capita
2738 3286 3152 3351 ecclesiastica,
3178 3286 3313 3341 cod.
3341 3286 3538 3350 CCXX,
3563 3287 3720 3341 CCX.

2257 3377 2505 3433 Candidi
2542 3376 2934 3431 Historiarum
2965 3374 3099 3429 libri
3132 3391 3209 3440 ιιι,
3248 3374 3382 3430 cod.
3429 3375 3666 3430 LXXIX.

2258 3465 2526 3521 Cassiani
2556 3464 2831 3519 monachi
2870 3463 3107 3534 Regula
3132 3464 3564 3519 monachorum
3588 3464 3846 3536 Egypti,

2188 3556 2267 3611 De
2284 3564 2415 3611 octo
2430 3555 2698 3628 (vitiosis)
2720 3553 3201 3623 cogitationibus,
3218 3554 3447 3609 libellus
3474 3555 3656 3610 trium
3669 3554 3851 3610 colla-

2186 3646 2437 3710 tionum,
2472 3645 2606 3699 cod.
2639 3643 2904 3699 CXCVII.

2200 3806 2205 3809 Α
2257 3732 2667 3803 Cephalaonis
2684 3733 3010 3799 Musa,sive
3029 3732 3285 3788 historia
3302 3731 3734 3805 epitomeslibri
3750 3748 3840 3800 ιι,

2187 3822 2321 3878 cod.
2357 3821 2598 3876 LXVIII.

2258 3911 2494 3967 Charini
2525 3911 2636 3981 (L.)
2672 3910 2901 3965 Periodi
2943 3908 3374 3982 apostolorum,
3413 3909 3548 3965 cod.
3583 3909 3771 3964 CXIV.

2259 4000 2509 4057 Choricii
2527 4001 2815 4072 Sophista
2832 4000 3299 4055 declamationes
3319 3999 3513 4065 varia,
3529 4000 3666 4055 cod.
3682 4000 3848 4058 CLX.

2258 4090 2719 4146 Christianorum
2779 4089 2947 4156 liber,
3003 4088 3345 4144 Octateuchi
3389 4088 3685 4161 expositio
3774 4088 3851 4143 li-

2186 4179 2307 4235 bris
2333 4195 2431 4244 xu,
2465 4178 2600 4234 cod.
2636 4178 2893 4233 XXXVI.

2259 4267 2566 4339 Chrysippi
2617 4266 3163 4338 Hierosolymorum
3215 4266 3413 4337 presb.
3472 4264 3720 4322 historia
3767 4265 3849 4323 de

2186 4356 2505 4414 Gamaliele
2535 4363 2589 4411 et
2622 4355 2958 4424 Nicodemo,
2993 4356 3125 4411 cod.
3163 4355 3393 4411 CLXXI.

2256 4445 2659 4500 Chrisostomi.
2707 4445 2847 4501 Vide
2870 4445 3134 4500 Joannis.

2256 4533 2572 4589 Clementis
2600 4532 2983 4589 Alexandrini
3017 4532 3223 4605 presb.
3265 4531 3508 4605 scripta,
3550 4540 3605 4589 et
3650 4532 3847 4604 Hypo-

2185 4628 2476 4694 typoseon
2496 4620 2614 4677 sive
2644 4621 3117 4693 disputationum
3139 4621 3269 4676 libri
3298 4637 3419 4687 vui,
3453 4621 3585 4677 cod.
3610 4620 3753 4677 CIX.
3773 4653 3846 4663 —

2186 4711 2467 4784 Ejusdem
2496 4709 2644 4765 liber
2664 4714 2871 4765 contra
2901 4716 3126 4781 gentes,
3160 4714 3217 4767 et
3246 4709 3567 4782 Padagogi
3591 4710 3723 4766 libri
3756 4725 3839 4779 ιιι,

2184 4800 2317 4857 cod.
2379 4800 2491 4855 CX.
2532 4830 2601 4839 —
2656 4798 2937 4870 Ejusdem
2996 4800 3309 4855 Stromatei
3364 4799 3493 4855 libri
3531 4814 3656 4865 vui,
3703 4799 3838 4855 cod.

2256 4976 2570 5033 Clementis
2596 4978 2763 5032 Rom.
2789 4975 3081 5047 pontiﬁcis
3107 4976 3573 5033 Constitutiones
3605 4982 3842 5048 aposto-

2185 5067 2401 5130 lorum,
2437 5066 2889 5131 Recognitiones
2919 5070 2976 5120 et
3004 5066 3143 5131 alia,
3163 5066 3297 5122 cod.
3325 5066 3463 5121 CXII
3484 5071 3539 5121 et
3561 5066 3744 5121 CXIII.
3777 5097 3843 5106 —

2187 5155 2461 5225 Ejusdem
2498 5154 2771 5225 Epistula
2806 5155 2878 5208 ad
2910 5155 3240 5210 Corinthios
3266 5170 3325 5219 ιι.
3374 5156 3513 5211 cod.
3558 5155 3838 5210 CXXVII.

2256 5244 2511 5298 Cononis
2546 5242 2600 5295 in
2619 5242 3017 5313 Philoponum
3034 5244 3345 5308 invectiva,
3362 5244 3496 5299 cod.
3533 5243 3727 5298 XXIII.

2255 5331 2511 5387 Cononis
2537 5332 2904 5387 narrationes
2937 5348 2991 5396 L,
3022 5332 3153 5388 cod.
3190 5334 3532 5387 CLXXXVI.

2253 5421 2455 5475 Ctesia
2492 5418 2682 5475 Cnidii
2728 5421 3087 5476 Persicarum
3141 5437 3339 5476 rerum
3384 5420 3519 5477 libri
3561 5438 3729 5479 χχιιι.
3777 5453 3841 5463 -

2180 5509 2456 5581 Ejusdem
2490 5508 2839 5580 fragmenta.
2868 5539 2937 5550 —
2962 5510 3232 5580 Ejusdem
3285 5509 3623 5567 Indicorum
3669 5511 3836 5567 liber.

2180 5598 2315 5656 cod.
2346 5596 2564 5655 LXXII.
