4046 6228
173 290 231 347 33
1519 280 2083 343 PROLOGOMENA.
3450 295 3520 354 ei

248 407 506 484 CyriIIiIB.)
539 403 855 461 Alexandr.
900 411 1106 463 contra
1145 407 1486 464 Nestorium
1520 408 1654 466 libri
1693 430 1747 476 v,

194 500 333 558 codd.
363 495 503 555 XLIX,
542 499 600 548 et
637 495 856 551 CLXIX.
904 495 1184 566 Ejusdem
1222 499 1577 564 Thesaurus,
1611 501 1745 558 cod.

197 585 398 646 CXXXVI.
432 582 691 654 Epistolas
724 583 902 640 variae
940 601 1009 640 ac
1051 584 1327 642 Scholion
1371 587 1446 643 de
1477 586 1751 646 incarna-

194 678 304 733 tione
326 671 603 753 Unigeniti,
637 672 775 728 cod.
806 672 1058 728 CLXIX.

903 780 948 835 D

220 884 469 944 Damascii
497 884 946 942 Incredibilium
977 886 1111 944 libri
1145 904 1224 959 iv,
1256 889 1390 948 cod.
1425 891 1628 947 CXXX.
1678 894 1753 949 De

166 976 265 1032 Vita
289 975 489 1040 Isidori,
514 975 650 1041 cod,
693 976 944 1033 CCXLII.

217 1065 579 1121 Demosthenis
610 1065 937 1132 orationes,
970 1065 1360 1124 cod.CCLXV.

215 1155 422 1226 Dexippi
453 1153 526 1208 De
540 1155 723 1210 rebus
744 1162 876 1228 post
891 1157 1294 1213 Alexandrum
1311 1159 1494 1229 gestis
1513 1159 1644 1216 libri
1674 1176 1752 1227 iv,

159 1271 206 1284 -
251 1244 476 1316 Epitome
521 1244 800 1300 historica
842 1261 1031 1318 usque
1069 1247 1148 1301 ad
1189 1246 1410 1304 Claudii
1439 1249 1758 1321 imperium

157 1341 201 1388 et
220 1333 477 1404 Scythica,
504 1333 640 1387 cod.
675 1334 921 1391 LXXXII.

214 1420 453 1476 Diadochi
481 1421 738 1477 Photicae
767 1423 976 1478 veteris
1007 1424 1164 1496 Epiri
1194 1425 1759 1498 episc.deﬁnitiones

153 1527 205 1577 ι,
236 1518 284 1565 et
312 1518 484 1581 capita
512 1525 562 1575 c,
605 1510 744 1566 cod.
779 1512 906 1568 CCI.

211 1599 448 1653 Dicarchi
470 1600 797 1666 orationes,
830 1601 964 1656 cod.
1006 1602 1294 1659 CCLXVII.

212 1687 416 1744 Diodori
441 1686 690 1744 Levicon
720 1705 751 1744 e
781 1689 990 1746 decem
1021 1693 1382 1761 oratoribus,
1417 1695 1551 1750 cod.
1580 1695 1685 1751 CL.

213 1778 417 1832 Diodori
450 1776 632 1835 Siculi
674 1777 1068 1836 Historiarum
1107 1782 1243 1839 libri
1280 1799 1376 1851 XL,
1413 1785 1552 1840 cod.
1598 1784 1756 1842 LXX.

154 1865 374 1938 Indeque
400 1873 695 1938 excerpta.
719 1867 854 1924 cod.
883 1869 1154 1926 CCXLIV.

210 1953 412 2010 Diodori
439 1957 746 2012 Tarsensis
776 1957 962 2029 episc.
990 1960 1159 2016 varia
1189 1959 1264 2016 de
1299 1960 1523 2034 Spiritu
1553 1968 1760 2021 sancto

153 2049 479 2114 argumenta,
513 2045 655 2102 cod.
680 2045 789 2102 CII.
820 2076 894 2089 —
923 2047 1088 2106 Idem
1117 2057 1326 2108 contra
1365 2051 1576 2117 fatum,
1624 2052 1760 2110 cod.

158 2133 383 2190 CCXXIII.

209 2221 451 2292 Diogenis
474 2223 742 2281 Antonii.
782 2225 924 2284 Vide
949 2227 1205 2285 Antonii.

210 2311 384 2366 Dionis
421 2311 606 2368 Cassii
641 2312 1032 2372 Historiarum
1061 2316 1195 2373 libri
1225 2335 1359 2386 xxx,
1397 2320 1530 2377 cod.
1574 2321 1758 2378 LXXI.

207 2400 378 2454 Dionis
417 2402 828 2473 Chrysostomi
867 2406 1163 2462 orationes
1204 2424 1378 2478 Lxxx,
1418 2409 1549 2465 cod.
1592 2411 1762 2468 CCIX.

211 2489 444 2561 Dionysii
469 2490 634 2560 .Egei
661 2491 1455 2564 Dictyaca,codd.CLXXXV
1480 2504 1539 2555 et
1575 2500 1763 2556 CCXI.

213 2575 436 2649 Dionysii
463 2579 902 2642 Halicarnassei
936 2585 1316 2641 Historiarum
1345 2587 1479 2643 libri
1507 2605 1608 2653 xx,
1630 2591 1766 2646 cod.

159 2663 404 2721 LXXXIII.
441 2669 727 2738 Ejusdem
757 2669 1144 2728 historiarum
1175 2689 1512 2747 synopseos
1543 2677 1676 2733 Ilbl‘l
1714 2695 1764 2745 v,

157 2754 259 2806 cod.
289 2755 568 2812 LXXXIV.
1147 2805 1150 2810 .

209 2840 320 2898 Elii
351 2845 614 2918 Dionysii
635 2847 1414 2910 Halicarnasseidictionum
1447 2855 1768 2912 Atticarum

160 2929 258 2985 libri
283 2948 328 2997 ι,
356 2935 479 2999 cod,
514 2935 677 2990 CLII.

215 3021 454 3078 Dorothei
477 3023 552 3079 de
577 3025 832 3082 vocibus
863 3033 1242 3088 externorum
1271 3047 1438 3090 more
1468 3036 1771 3108 usurpatis

154 3107 370 3178 libellus,
399 3114 530 3169 cod.
557 3113 744 3170 CLVI.

927 3226 968 3280 E

208 3324 453 3396 Ephrem
479 3327 588 3401 (S.)
607 3329 963 3400 patriarchas
1005 3335 1416 3408 Theopolitani
1469 3343 1773 3399 orationes

159 3413 324 3481 variae,
350 3417 478 3472 cod.
510 3418 857 3474 CCXXVIII.

209 3504 459 3576 Ephraim
491 3510 629 3580 Syri
657 3508 920 3567 homiliaa
946 3529 1097 3580 χιιι,
1129 3516 1259 3572 cod.
1304 3517 1525 3577 CXCVI.

209 3594 495 3666 Epiphanii
525 3598 640 3668 (8.)
670 3598 1062 3658 Panariorum
1092 3605 1225 3660 libri
1251 3622 1350 3671 vu,
1400 3609 1529 3665 cod.
1565 3612 1770 3668 CXXII.

155 3681 457 3771 ijusdem
491 3691 849 3758 Ancoratus,
899 3691 1028 3748 cod.
1084 3693 1305 3751 CXXIII.
1362 3729 1430 3739 —
1489 3699 1771 3771 Ejusdem

154 3769 213 3824 de
230 3776 504 3830 mensuris
537 3783 599 3832 et
622 3779 989 3848 ponderibus
1013 3781 1186 3850 liber,
1214 3785 1350 3842 cod.
1373 3769 1603 3848 CXXIV.

209 3861 418 3932 Evagrii
441 3865 790 3924 Scholastici
819 3869 1148 3929 ecclesiast.
1174 3876 1320 3932 Hist.
1344 3876 1478 3935 libri
1508 3897 1600 3948 vn,
1636 3883 1772 3941 cod.

160 3947 310 4006 XXIX.

207 4038 460 4100 Eudocim
487 4045 772 4116 Augustis
813 4050 1212 4124 metaphrasis
1244 4057 1490 4116 metrica
1517 4059 1577 4116 in
1611 4061 1779 4118 Octa-

154 4129 428 4222 teuchum,
459 4135 590 4189 cod.
625 4133 1033 4194 CLXXXIII.—
1063 4145 1345 4216 Ejusdem
1380 4150 1779 4222 metaphrasis

153 4216 371 4310 metrica
400 4221 458 4276 in
483 4223 836 4282 Zachariam
869 4234 926 4284 et
962 4231 1268 4298 Danielem
1321 4216 1668 4310 prophetas,
1723 4247 1780 4299 et

152 4304 276 4406 in
301 4310 665 4406 Cyprianum
690 4331 1007 4388 maryrem,
1050 4320 1152 4376 lib.
1185 4339 1268 4391 ιιι,
1300 4304 1785 4406 com-CLXXXIV.

212 4394 426 4466 Eugeuii
457 4400 520 4456 in
555 4400 955 4475 Philoponum
993 4410 1310 4480 invectiva,
1345 4415 1478 4472 cod.
1517 4421 1707 4481 XXIII.

214 4485 419 4556 Eulogii
453 4489 844 4547 Alexandrini
886 4497 1234 4568 archiepisc.
1268 4509 1473 4561 contra
1505 4511 1784 4570 Novatia—

157 4584 247 4627 nos
275 4573 400 4630 Ilbl'l
437 4596 488 4642 ν,
514 4579 901 4638 cod.CCVIII.
930 4615 996 4624 —
1023 4587 1286 4661 Indeque
1317 4605 1611 4669 excerpta,
1645 4605 1778 4659 cod.

158 4661 396 4718 DCLXXX.
434 4696 501 4706 —
563 4666 844 4738 Ejusdem
883 4679 1090 4730 contra
1150 4678 1433 4738 Severum
1481 4661 1536 4742 et
1582 4661 1779 4747 'I‘imo-

159 4748 326 4839 theam
355 4754 674 4812 haereticos
702 4757 830 4826 lib.,
861 4762 994 4818 cod.
1025 4764 1263 4824 CCXXX.
1297 4801 1364 4811 —
1395 4773 1539 4830 Item
1572 4787 1780 4839 contra

155 4836 513 4933 TheOdOsium
548 4850 610 4900 et
635 4849 914 4906 Severum
946 4851 1256 4913 haereticos
1280 4860 1606 4933 Acephalos
1631 4836 1781 4926 liber

160 4927 261 5015 rod.
290 4933 636 4988 CCXXVI.--
663 4939 936 5007 Ejusdem
958 4947 1148 5000 oratio
1180 4927 1474 5008 invectiva
1507 4953 1567 5008 in
1595 4957 1780 5015 Theo-

161 5014 398 5077 dosianos
426 5032 487 5078 et
520 5025 786 5083 Cainitas
842 5031 975 5087 cod.
1030 5033 1318 5092 ccxxv".
1372 5072 1437 5080 —
1494 5043 1776 5114 Ejusdem

162 5109 416 5166 orationes
442 5129 524 5178 ιι,
555 5113 691 5170 cod.
720 5116 959 5176 CCXXX.

213 5194 436 5292 Eunapii
464 5203 902 5292 Chronicorum
933 5217 1069 5283 post
1098 5214 1429 5291 Dexippum
1472 5220 1600 5278 libri
1655 5241 1775 5292 xrv,

168 5283 263 5339 cod.
282 5287 551 5348 LXXVII.

216 5371 467 5436 Eunomii
534 5381 799 5442 haeretici
866 5387 1116 5460 libellus,
1157 5396 1289 5452 cod.
1351 5401 1637 5460 CXXXVII.
1708 5437 1778 5450 --

167 5458 400 5570 Ejusdem
443 5469 906 5570 refutati-anisi}.
963 5458 1154 5541 Basilii
1187 5484 1323 5544 libri
1361 5506 1440 5546 ιιι.
1475 5458 1773 5570 ιιθαιθρὶ·

167 5550 293 5612 Itale
314 5572 398 5634 ιι,
433 5561 573 5623 cod.
603 5561 946 5628 CXXXVIII.

1934 412 2162 469 Eusebii
2189 412 2657 474 declamationes
2684 418 2818 475 cod.
2848 419 3154 476 CXXXIV.

1930 501 2164 558 Eusebii
2189 501 2570 560 Caesariensis
2587 508 3000 581 episc.scripta
3013 509 3310 582 pleraque,
3332 509 3487 567 codd
3499 553 3512 566 .

1860 590 1956 656 IX,
1993 591 2068 656 X,
2105 591 2202 657 XI,
2234 593 2359 659 XII,
2389 593 2538 649 XIII.
2565 595 2851 668 Ejusdem
2883 597 3222 654 Ecclesiast.
3253 598 3515 656 historia

1859 678 1992 735 libri
2037 697 2092 744 χ,
2139 682 2273 736 cod.
2324 683 2534 739 XXVII.
2591 717 2660 726 —
2696 687 2839 742 Item
2889 695 3098 744 contra
3155 687 3508 756 Hieroclem,

1861 769 1996 824 cod.
2025 769 2305 826 XXXIX.
2339 772 2620 842 Ejusdem
2647 777 2950 848 Apologia:
2990 793 3100 844 pro
3155 779 3407 848 Origene
3451 777 3520 834 li-

1862 856 1954 913 bri
1985 874 2060 923 vr,
2089 862 2220 914 cod.
2251 859 2848 933 CXVIII.——Ejusdem
2880 866 2956 922 de
2976 866 3111 923 Vita
3140 867 3511 924 Constantini

1863 947 2209 1017 Magnilibri
2238 964 2312 1015 ιν,
2349 950 2482 1006 cod.
2518 953 2798 1016 CXXVII.

1936 1037 2172 1092 Eusebii
2203 1037 2473 1111 episcopi
2493 1041 2922 1099 Thessalonica-
2953 1049 3160 1101 contra
3216 1044 3517 1103 Andream

1864 1126 2187 1196 quemdam
2221 1125 2522 1184 inclusum
2553 1129 2686 1184 libri
2718 1147 2769 1195 x,
2802 1131 2935 1188 cod.
2959 1132 3175 1188 CLXII.

1940 1215 2212 1270 Eustratii
2246 1217 2470 1284 Magnae
2506 1218 2715 1274 eccles.
2749 1223 2947 1290 presb.
3007 1221 3080 1277 de
3138 1223 3357 1279 animis
3395 1223 3518 1280 vita

1868 1300 2206 1359 functorum
2233 1310 2517 1360 tractatus
2549 1322 2629 1372 ιιι,
2660 1310 2789 1363 cod.
2825 1309 3072 1366 CLXXI.

1941 1393 2258 1464 Exemplar
2275 1398 2544 1450 actorum
2562 1397 2640 1450 ab
2655 1397 2987 1454 Occidentis
2999 1400 3296 1473 episcopis
3313 1406 3522 1460 contra

1867 1481 2249 1538 Nestorianos
2279 1489 2334 1539 et
2367 1483 2737 1554 Pelagianos,
2767 1487 2900 1544 cod.
2933 1488 3068 1545 LIV.

2684 1595 2727 1649 G

1940 1693 2192 1751 Galenus
2213 1694 2287 1751 de
2317 1698 2492 1754 sectis
2525 1701 2918 1769 medicorum,
2951 1703 3082 1760 cod.
3110 1704 3346 1760 CLXIV.

1942 1783 2206 1840 Gelasius
2234 1782 2563 1858 Cyzicenus
2596 1792 2880 1846 Caesareas
2933 1792 3261 1850 Palaestina
3311 1793 3522 1866 episc.,

1869 1873 2083 1944 synodi
2113 1873 2322 1946 primae
2350 1875 2622 1949 scriptor,
2653 1878 2788 1934 cod.
2813 1879 2935 1934 XV.
2968 1911 3038 1921 —
3068 1881 3346 1953 Ejusdem
3376 1883 3524 1941 Hist.

1870 1960 2206 2018 Ecclesiast.
2237 1962 2375 2020 libri
2407 1981 2489 2035 ιιι,
2547 1967 2680 2023 cod.
2733 1968 3097 2026 LXXXVIII.
3134 2001 3196 2010 ——
3240 1971 3520 2044 Ejusdem

1871 2052 2206 2121 prooemium
2223 2053 2277 2108 in
2292 2054 2760 2112 additamentum
2775 2059 2850 2113 ad
2871 2058 3521 2117 Ecclesiast.Ilistoriam

1872 2137 2112 2196 Eusebii
2173 2141 2487 2214 Pamphili,
2545 2145 2678 2200 cod.
2743 2145 3059 2202 LXXXIX.
3109 2178 3179 2188 —
3245 2149 3517 2221 Ejusdem

1872 2226 2023 2283 liber
2061 2234 2270 2285 contra
2306 2237 2650 2300 Anomceos,
2675 2235 2808 2290 cod.
2842 2236 2952 2291 Cll.

1946 2316 2229 2388 Georgius
2253 2321 2439 2391 episc.
2463 2320 2623 2378 Alex.
2656 2322 2731 2379 de
2756 2322 2884 2380 Vita
2918 2327 2976 2380 Β.
3035 2325 3338 2400 Chrysost.
3387 2329 3524 2386 cod.

1875 2406 2052 2462 XCVI.

1947 2496 2222 2552 Germani
2253 2499 2604 2570 patriarcha
2636 2503 2742 2558 CP.
2763 2503 3053 2576 Apologia
3100 2521 3208 2579 pro
3239 2506 3522 2579 Gregorio

1874 2587 2160 2656 Nysseno,
2196 2589 2330 2648 cod,
2364 2587 2694 2646 CCXXXIII.

1949 2675 2209 2744 Gregorii
2254 2677 2504 2747 Nysseni
2550 2694 2657 2749 pro
2699 2681 2754 2736 S.
2817 2681 3037 2738 Basilio
3090 2682 3268 2740 fratre
3321 2690 3529 2744 contra

1877 2764 2237 2818 Eunomium
2271 2780 2452 2836 opera
2480 2766 2621 2834 duo,
2653 2768 2830 2825 codd.
2868 2769 2934 2825 Vl
2961 2775 3015 2826 et
3052 2772 3160 2827 VII.

2686 2873 2731 2926 H

1951 2971 2243 3028 Heliodori
2265 2974 2626 3047 Ethiopican
2650 2977 2783 3033 libri
2812 2996 2871 3049 x,
2899 2981 3029 3037 cod.
3067 2984 3314 3038 LXXIII.

1951 3062 2194 3118 Helladii
2288 3066 2624 3122 Besantinoi
2721 3066 3228 3139 Chrestomathiaa,
3325 3074 3529 3133 codice

1877 3148 2194 3209 CCLXXIX.

1952 3240 2204 3297 Helladii
2237 3242 2504 3311 Lexicon,
2527 3245 2880 3316 cod.CXLV;
2910 3249 3058 3306 forte
3086 3252 3383 3324 ejusdem.

1951 3333 2292 3388 Heracleani
2313 3333 2494 3404 episc.
2524 3335 2914 3394 Chalcedonis
2943 3347 3152 3398 contra
3170 3344 3530 3402 Manichmos

1879 3417 2014 3476 libri
2043 3435 2143 3474 xx.
2169 3421 2301 3476 cod.
2339 3420 2616 3478 LXXXV.

1950 3508 2218 3565 Hermias
2259 3507 2647 3569 Sozomenus.
2692 3514 2832 3572 Vide
2859 3517 3240 3576 Sozomenus.

1951 3598 2268 3654 Herodiani
2303 3600 2687 3658 Historiarum
2720 3602 2855 3660 libri
2887 3622 3006 3674 vm,
3035 3609 3169 3664 cod.
3201 3611 3386 3666 XCIX.

1953 3687 2229 3744 Herodoti
2244 3688 2675 3747 Halicarnassei
2694 3693 3097 3754 Historiarum
3117 3697 3253 3756 libri
3283 3717 3362 3768 ix,
3393 3702 3530 3760 cod.

1955 3863 2224 3937 Hesychii
2255 3864 2495 3923 lllustris
2515 3868 2720 3926 Milesii
2745 3872 3082 3947 omnigenus
3112 3882 3291 3950 atque
3317 3879 3532 3937 Roma-

1881 3967 1976 4009 uae
2006 3953 2263 4011 ὶιιειονιω
2293 3955 2424 4012 libri
2456 3974 2530 4013 v1.
2567 3989 2636 4000 -
2666 3960 2811 4017 Item
2839 3978 2933 4018 res
2979 3979 3018 4021 a
3038 3967 3268 4023 Iustino
3299 3970 3534 4025 seniore

1883 4042 2029 4114 imp.
2062 4049 2262 4114 gestes,
2297 4045 2430 4101 cod.
2462 4046 2645 4102 LXIX.

1958 4131 2236 4203 Hesychii
2266 4132 2458 4204 presb.
2492 4138 2792 4194 Constant.
2821 4139 2882 4195 in
2911 4155 3146 4198 mneum
3199 4150 3532 4217 serpentem

1888 4234 2193 4275 sermones
2222 4235 2300 4286 iv,
2332 4222 2464 4278 cod.
2501 4223 2586 4279 LI.

1958 4307 2235 4381 Hesychii
2266 4311 2468 4383 presb.
2517 4314 2905 4390 Hierosolym.
2967 4321 3314 4379 Encomium
3366 4323 3426 4380 in
3474 4324 3534 4381 S.

1887 4397 2177 4456 Thomam
2233 4401 2594 4472 apostolum,
2650 4407 2782 4463 cod.
2840 4409 3113 4466 CCLXIX.
3165 4443 3235 4453 —
3283 4413 3425 4470 Item
3475 4416 3536 4471 in

1885 4487 2166 4545 Iacobum
2181 4492 2237 4544 et
2251 4491 2525 4547 Davidem
2539 4493 3535 4571 psalmographum,cod.CCLXXV.

1961 4575 2241 4632 Hieroclis
2279 4579 2354 4633 de
2401 4581 2770 4650 providentia
2817 4591 2871 4639 et
2903 4583 3024 4642 fato
3079 4587 3213 4644 libri
3263 4607 3366 4654 vn,
3402 4591 3535 4647 cod.

1890 4665 2110 4720 CCXIV.
2143 4697 2212 4707 —
2233 4665 2514 4738 Ejusdem
2563 4670 2637 4726 de
2664 4670 3039 4732 Providentia
3063 4684 3346 4751 excerpta
3397 4680 3539 4737 cod.

1890 4754 2200 4898 CCIIilmerii
2260 4845 2551 4916 Sephistm
2603 4847 3091 4922 declamationes,
3147 4855 3280 4912 cod.
3335 4856 3536 4915 CLXV.

1889 4933 2154 5004 Indeque
2182 4942 2478 5006 excerpta,
2520 4937 2654 4993 cod.
2691 4937 2970 4997 CCXLIII.

1961 5020 2258 5092 Hippolyti
2283 5021 2518 5080 libellus
2546 5033 2752 5085 contra
2780 5029 3054 5098 haereses,
3087 5034 3223 5090 cod.
3257 5036 3432 5092 CXXI.

1963 5110 2262 5182 Hippolyti
2286 5113 2472 5185 episc.
2505 5123 2562 5171 et
2595 5122 2757 5172 mart.
2801 5119 3209 5194 Interpretatio
3265 5125 3541 5196 Danielis,

1889 5202 1947 5255 et
1972 5197 2217 5255 homilia
2241 5199 2316 5256 de
2347 5202 2574 5261 Christo
2598 5210 2654 5261 et
2674 5207 3054 5277 Antichristo,
3083 5213 3218 5270 cod.
3245 5215 3397 5271 CCII.

1961 5287 2277 5361 Hyperidis
2296 5293 2616 5360 orationes,
2650 5296 2784 5354 cod.
2814 5297 3095 5357 CCLXVI.

1957 5500 2158 5558 lrenaai
2189 5503 2478 5562 adversus
2500 5507 2758 5566 hereses
2782 5509 2915 5568 libri
2939 5528 2997 5582 v,
3030 5513 3164 5572 cod.
3200 5514 3371 5580 CXX.

1961 5588 2088 5649 Ismi
2112 5592 2407 5654 orationes
2435 5610 2588 5669 inv,
2617 5597 2749 5657 cod.
2783 5600 3061 5661 CCLXIII.
