4046 6228
455 294 522 351 35
1683 294 1777 348 AD
1818 292 2051 349 PHOTII
2088 278 2625 346 BIBLIOTHECAM
3803 288 3868 356 36

526 422 730 477 lsidori
752 421 880 476 Vita
924 422 1061 476 Vide
1090 419 1458 474 Damascius.

523 512 793 567 Isocratis
885 509 1184 566 orationes
1270 526 1363 564 xxi
1452 508 1712 578 indeque
1801 510 2097 576 excerpta,

453 601 803 657 cod.CCLX.
858 632 926 639 —-
971 601 1045 657 Et
1083 598 1348 671 epistolas
1400 614 1474 661 ιι,
1523 597 1657 651 cod.
1700 596 1871 651 CLIX.
1935 597 2100 665 Ejus-

451 690 591 745 dem
622 691 698 746 ad
719 689 1146 745 Archidamum
1173 686 1429 761 epistola
1450 701 1609 741 nunc
1630 684 1892 757 primum
1918 685 2098 749 edita,

451 780 588 835 ibid.

1266 884 1298 936 ,ἶ

520 993 834 1050 Jamblichi
850 993 924 1049 de
938 992 1115 1047 rebus
1132 990 1435 1047 Rhoda’nis
1451 997 1506 1045 et
1520 988 1814 1045 Sinonidis
1834 988 1966 1044 libri
1980 1004 2097 1053 xvt,

447 1084 587 1140 cod.
616 1085 784 1138 XCIV.

517 1172 765 1228 Joannis
787 1171 1083 1244 Carpathii
1112 1170 1542 1226 consolatorius
1580 1169 1655 1224 ad
1688 1169 1867 1225 Indiae
1894 1183 2101 1224 mona-

449 1262 594 1317 chos
619 1268 857 1316 centum
890 1263 1180 1333 capitum,
1214 1260 1349 1315 cod.
1384 1260 1509 1314 CCI.

517 1352 759 1406 Joannis
799 1350 1320 1421 (S.)Chrysostomi
1352 1349 1409 1403 in
1447 1353 1694 1403 mortem
1722 1354 1777 1403 et
1807 1345 2097 1404 ascensio-

446 1456 579 1495 nem
609 1440 1111 1511 Christi,itemque
1137 1440 1196 1493 in
1223 1440 1609 1493 l’entvcosten
1629 1440 1928 1493 orationes
1958 1454 2095 1495 xxv.

445 1560 513 1569 -—-
544 1529 818 1598 Ejusdem
851 1529 1115 1599 epistolae
1147 1529 1223 1582 ad
1257 1526 1678 1599 Olympiadem
1702 1532 1757 1581 et
1780 1527 2093 1592 alios,cod.

448 1618 711 1673 LXXXVI.
747 1618 1025 1686 Ejusdem
1060 1615 1441 1671 homiliarum
1477 1616 1535 1669 in
1566 1617 1814 1671 Genesin
1838 1617 2099 1671 volumi-

446 1723 524 1763 na
550 1710 679 1773 tria,
713 1710 847 1762 cod.
895 1707 1151 1771 CLXXII,
1184 1707 1451 1773 CLXXIII,
1485 1706 1769 1762 CLXXIV.
1812 1706 2093 1777 Ejusdem

444 1798 733 1853 oratioin.
766 1800 823 1854 S.
876 1798 1143 1861 Paulum,
1198 1798 1328 1851 cod.
1390 1797 1626 1851 CCLXX.
1682 1828 1749 1835 —
1809 1798 1871 1850 Et
1914 1796 1972 1850 in
2026 1813 2096 1850 ιι.

445 1893 754 1957 martyres,
801 1887 932 1940 cod.
986 1887 1296 1941 CCLXXIV.
1369 1885 1657 1948 Homilies,
1740 1885 1812 1940 de
1875 1885 2095 1953 Spiritu

445 1986 688 2043 sancto;
722 1992 778 2030 in
807 1976 1076 2030 Natalem
1138 1976 1391 2039 Christi;
1446 1976 1504 2029 in
1560 1976 1806 2039 dictum,
1854 1975 2096 2043 Sui/“icit

444 2065 550 2118 tibi
572 2065 769 2134 gratia
793 2081 940 2128 mea,
970 2071 1047 2129 et,
1078 2064 1142 2119 Si
1170 2080 1288 2136 qua
1342 2081 1481 2134 ergo
1537 2065 1599 2119 in
1656 2064 1890 2119 Christo
1939 2079 2094 2120 nova

456 2162 766 2210 creatura:
812 2159 888 2210 De
918 2154 1287 2226 poenitentia,
1320 2154 1452 2209 cod.
1482 2154 1814 2209 CCLXXVII.

512 2246 757 2299 Joannis
814 2246 1031 2300 Moschi
1084 2248 1342 2309 Pratum,
1400 2244 1520 2299 sive
1567 2245 1843 2299 Hortulus
1875 2260 2088 2309 novus,

447 2333 578 2389 cod.
623 2332 845 2388 CXCIX.

508 2424 770 2477 Joannes
812 2422 1174 2494 Philoponus
1206 2424 1279 2478 de
1316 2424 1762 2490 resurrectione,
1786 2422 1919 2479 cod.
1965 2425 2087 2479 XXI.

436 2511 664 2566 —-Idem
697 2512 756 2566 in
810 2514 1229 2577 Hexaemeron,
1272 2512 1404 2567 cod.
1466 2512 1651 2567 XLIII.
1703 2544 1771 2552 --
1828 2512 2089 2584 Indeque

437 2608 732 2671 excerpta,
768 2603 900 2655 cod.
926 2604 1115 2657 CCXL.
1153 2633 1221 2642 —
1264 2608 1323 2655 Et
1349 2609 1558 2656 contra
1589 2608 1859 2672 quartam
1903 2618 2088 2672 syno-

442 2690 796 2755 dum,LV.-—
825 2691 1099 2761 Ejusdem
1119 2690 1350 2745 libellus
1372 2692 1873 2745 contraJoanuem
1907 2691 2090 2761 patri-

441 2780 682 2834 archam
763 2782 885 2843 CP.,
965 2789 1363 2847 cognomento
1442 2781 1854 2845 Scolasticum,
1950 2778 2083 2834 cod.

441 2868 654 2923 LXXV.
720 2868 882 2923 Idem
955 2880 1161 2924 contra
1214 2870 1528 2924 Jamblichi
1568 2886 1723 2940 opus
1776 2870 1850 2923 de
1902 2869 2086 2923 simu-

440 2956 637 3020 lacris,
670 2958 803 3013 cod.
837 2960 1033 3015 CCXV.

506 3048 750 3102 Joannis
775 3049 1339 3118 presbyteriEgeate
1358 3048 1569 3101 Eccles.
1588 3046 1841 3102 historiae
1864 3046 1996 3101 libri
2028 3063 2081 3112 v,

437 3136 571 3189 cod.
610 3135 736 3188 XLI.
772 3166 839 3175 —
868 3136 1033 3190 Idem
1063 3152 1267 3190 contra
1293 3144 1571 3207 quartam
1611 3137 1931 3208 synodum,
1956 3136 2081 3191 cod.

437 3224 546 3277 LV.

504 3312 746 3367 Joannis
762 3312 1175 3384 Scythopolitaa
1190 3319 1396 3370 contra
1410 3314 1809 3386 Eutychianos
1827 3315 1959 3371 libri
1976 3331 2077 3383 xu,

440 3402 572 3456 cod.
606 3402 762 3457 XCV.

502 3490 749 3545 Joannis
783 3490 993 3547 Stobaei
1021 3492 1370 3563 Eclogarum
1395 3494 2083 3566 Apophthegmatum,et

435 3579 566 3634 vitae
589 3580 1046 3651 praeceptionum
1081 3582 1213 3637 libri
1242 3599 1315 3649 tv,
1345 3583 1476 3639 cod.
1507 3584 1761 3640 CLXVII.

443 3730 449 3736 ,
502 3669 654 3724 Jobii
686 3671 965 3726 monachi
999 3671 1416 3728 Commentarii
1442 3674 1515 3728 de
1548 3674 1737 3729 Verbo
1769 3675 2078 3731 incarnato

433 3759 565 3814 libri
598 3776 673 3825 1x,
706 3762 895 3831 capita
930 3777 1056 3827 XLV,
1081 3762 1211 3816 cod.
1249 3761 1510 3817 CCXXII.

503 3850 796 3919 Josephus
836 3855 893 3905 et
930 3852 1102 3907 Caius
1139 3852 1449 3923 presbyter
1491 3856 1565 3908 De
1604 3852 1900 3921 universo,
1943 3855 2077 3912 cod.

434 3937 670 3993 XLVIII.

501 4030 739 4102 J0sephi
779 4030 962 4085 Judaei
1018 4030 1097 4084 De
1121 4030 1273 4085 bello
1317 4031 1566 4087 Judaico
1617 4032 1743 4088 libri
1802 4050 1901 4098 vu,
1942 4034 2077 4089 cod.

435 4119 629 4174 XLVII.
663 4152 723 4159 —
759 4120 1032 4190 Ejusdem
1063 4121 1495 4192 Antiquitatum
1527 4122 1913 4179 Judaicarum
1949 4124 2081 4180 libri

430 4223 531 4275 xx,
563 4208 695 4262 cod.
730 4209 957 4264 LXXVI.
991 4240 1053 4247 -—
1085 4211 1143 4263 Et
1200 4217 1473 4281 excerpta
1526 4212 1660 4266 cod.
1718 4213 2079 4272 CCXXXVIII.

436 4354 442 4359 ,
501 4296 716 4349 Juliani
748 4298 995 4351 Lexicon
1030 4314 1058 4350 e
1089 4299 1289 4352 decem
1314 4301 1670 4366 oratoribus,
1702 4303 1831 4356 cod.
1869 4305 1973 4359 CL.

498 4384 632 4438 Julii
659 4385 919 4440 Africani
944 4385 1193 4441 historia
1223 4390 1278 4440 et
1308 4388 1445 4453 alia,
1480 4389 1611 4443 cod.
1643 4393 1866 4447 XXXIV.

438 4530 441 4533 ,
498 4473 645 4528 Justi
687 4474 1039 4529 Tiberiensis
1075 4475 1419 4531 Iudaeorum
1466 4494 1677 4547 regum
1728 4482 2077 4551 Chronicon,

427 4562 560 4618 cod.
606 4561 855 4619 XXXIII.

496 4652 708 4707 Justini
747 4654 1027 4724 martyris
1066 4653 1481 4729 Apologiapro
1520 4659 1886 4727 Christianis,
1916 4679 2075 4735 quae-

428 4742 670 4809 stiones,
707 4750 761 4799 et
799 4743 936 4811 alia,
972 4745 1104 4800 cod.
1150 4748 1339 4802 CXXV.

1228 4856 1266 4909 L

497 4958 724 5014 Leontii
750 4958 929 5031 episc.
974 4962 1237 5016 Arabissi
1293 4978 1489 5019 sermo
1556 4964 1629 5020 de
1682 4968 1979 5025 creatione
2013 4974 2067 5026 et

424 5046 642 5103 Lazaro
682 5050 970 5118 redivivo,
1000 5056 1130 5104 cod.
1168 5054 1454 5108 CCLXXII.

430 5158 433 5159 ν
500 5140 873 5193 Lesbouactis
896 5141 1194 5194 orationes
1232 5142 1505 5212 politicaa,
1562 5146 1695 5200 cod.
1725 5149 1832 5201 XVI
1861 5165 1874 5214 ;
1908 5148 2071 5221 apud

422 5226 831 5299 Thetuistium,
860 5230 987 5286 cod.
1035 5229 1249 5285 LXXVI.

496 5316 743 5372 Lexicon
776 5334 936 5389 purae
977 5318 1145 5381 Idem.
1180 5322 1375 5387 gravis
1406 5323 1557 5394 styli,
1601 5326 1888 5381 sermonis
1922 5327 2069 5399 poli-

420 5404 539 5471 tici,
572 5406 705 5461 cod.
729 5406 948 5476 CXLVI,
982 5406 1220 5472 CXLVII,
1264 5412 1533 5467 CXLVIII.

495 5495 702 5557 Lexica
733 5497 892 5553 varia
930 5499 990 5552 in
1046 5499 1253 5554 decem
1304 5501 1487 5558 GI‘tBO.
1544 5510 1828 5571 oratores,
1861 5520 1897 5560 a
1931 5504 2065 5561 cod.

423 5583 606 5646 CXLV
631 5602 822 5662 usque
859 5586 1046 5647 CLIX.

2280 416 2512 472 Libanii
2575 416 2857 488 sophistae
2923 420 3223 475 orationes
3284 426 3339 477 et
3387 424 3675 495 epistolae,
3734 427 3866 481 cod.

2215 506 2315 561 XC.

2283 594 2441 650 Lucii
2468 596 2756 650 Patrensis
2788 599 3314 670 Metamorphoses,
3348 601 3480 657 cod.
3526 602 3757 661 CXXIX.

2285 684 2718 755 Lucianiopera
2750 686 2934 751 varia,
2967 687 3100 742 cod.
3135 691 3394 746 CXXIX.

2283 774 2533 845 Lycurgi
2555 775 2874 830 orationes.
2902 776 3035 831 cod.
3069 776 3389 834 CCLXVIII.

2284 864 2471 934 Lysia:
2499 863 2823 929 orationes,
2864 865 2997 921 cod.
3036 867 3289 924 CCLXII.

2284 1038 2488 1094 Malchi
2550 1040 2833 1110 Sophistae
2888 1044 3211 1113 Byzantina:
3268 1045 3534 1102 historia;
3583 1048 3714 1103 libri
3761 1066 3863 1113 vn,

2210 1128 2345 1183 cod.
2382 1126 2653 1183 LXXVIII.

2280 1216 2455 1271 Marci
2490 1218 2769 1273 monachi
2802 1220 3199 1276 Asceticorum
3234 1221 3367 1277 libri
3399 1238 3499 1279 vni
3525 1240 3539 1289 ;
3568 1228 3625 1279 et
3648 1224 3865 1281 adver-

2211 1322 2311 1361 sus
2344 1304 2840 1361 Melchisedecitas
2874 1308 2975 1362 lib.
3016 1326 3051 1375 I,
3090 1310 3223 1365 cod.
3258 1311 3360 1367 CC.

2280 1396 2641 1466 Martyrium.
2700 1396 2837 1452 Vide
2868 1399 3183 1470 Anonymi.

2279 1485 2509 1539 Manmi
2540 1484 3025 1550 declamationes,
3056 1488 3189 1541 cod.
3233 1486 3475 1545 CXXXV.

2276 1573 2513 1627 Maximi
2578 1572 2688 1643 (Β.)
2734 1575 3011 1629 monachi
3055 1582 3111 1629 et
3168 1576 3525 1633 confessoris
3582 1580 3861 1650 quaistio-

2208 1675 2353 1715 num
2406 1678 2436 1715 e
2498 1678 2671 1716 sacra
2732 1663 3036 1734 Scriptura
3096 1680 3258 1720 ccxnv
3308 1666 3659 1731 solutiones,
3718 1671 3854 1725 cod.

2206 1768 2391 1823 CXCII.
2446 1799 2511 1808 —
2568 1768 2841 1838 Ejusdem
2897 1770 3158 1840 epistola;
3191 1788 3366 1835 xxvn,
3433 1773 3566 1828 cod.
3633 1777 3855 1831 CXCIII.

2204 1887 2273 1897 —-
2305 1857 2578 1927 Ejusdem
2632 1858 2779 1911 liber
2810 1859 3117 1925 asceticus,
3177 1868 3231 1913 et
3266 1863 3547 1918 centuria;
3600 1864 3675 1919 de
3709 1865 3860 1920 dile-

2204 1945 2417 2009 ctione,
2446 1947 2579 2001 cod.
2609 1947 2830 2001 CXCIII.
2865 1979 2933 1988 —
2977 1949 3260 2019 Ejusdem
3292 1952 3544 2022 epistola
3577 1954 3652 2007 ad
3681 1955 3861 2009 Geor-

2203 2033 2365 2103 gium
2390 2036 2753 2105 Eparchum:
2780 2037 3275 2106 Theologicorum
3306 2040 3729 2112 Moraliumque
3756 2058 3857 2098 ca-

2204 2124 2393 2194 pitum
2422 2124 2700 2180 centuriae
2739 2125 2861 2181 sive
2916 2126 3049 2181 libri
3081 2144 3141 2191 ιι,
3196 2135 3249 2183 et
3307 2129 3574 2200 epistolae
3613 2147 3667 2191 v.
3717 2132 3855 2187 cod.

2203 2212 2423 2269 CXCIV.
2453 2245 2521 2254 —
2555 2214 2838 2284 Ejusdem
2868 2217 3038 2287 epist.
3077 2217 3153 2270 ad
3213 2218 3539 2273 Marianum
3570 2226 3625 2273 et
3660 2220 3857 2276 Dialo-

2200 2315 2310 2371 gus
2330 2318 2468 2357 cum
2491 2303 2715 2373 Pyrrho
2746 2304 2821 2359 de
2842 2304 3152 2360 duabusin
3170 2304 3401 2362 Christo
3422 2306 3854 2379 voluntatibus,

2198 2390 2330 2445 cod.
2376 2394 2569 2446 CXCV.

2269 2482 2592 2536 Memnonis
2649 2482 2926 2538 historica
2966 2489 3248 2555 excerpta
3298 2484 3373 2539 de
3405 2486 3663 2542 Heraclm
3712 2491 3856 2544 Pon-

2195 2566 2327 2624 ticae
2361 2572 2649 2640 tyrannis,
2695 2571 2829 2625 cod.
2866 2572 3135 2627 CCXXIV.

2268 2659 2539 2713 Methodii
2558 2661 2669 2729 (ὃ.)
2684 2660 2856 2730 episc.
2876 2666 3119 2716 etmart.
3136 2661 3373 2717 liberde
3403 2665 3849 2732 resurrectione,

2194 2748 2324 2801 cod.
2348 2748 2654 2802 CCXXXIV.
2673 2780 2736 2789 ——
2754 2750 3026 2819 Ejusdem
3052 2750 3125 2804 de
3150 2755 3382 2815 creatis,
3403 2753 3533 2807 cod.
3556 2754 3849 2810 CCXXXV.

2193 2864 2260 2875 —
2292 2835 2433 2891 Item
2468 2837 2541 2890 de
2570 2836 2752 2892 libero
2798 2839 3057 2903 arbitrio,
3114 2841 3245 2895 cod.
3295 2842 3600 2897 CCXXXVI.
3657 2873 3727 2884 —
3760 2843 3843 2898 De

2193 2927 2476 2987 castitate,
2522 2926 2655 2979 cod.
2685 2928 3027 2982 CCXXXVII.

2263 3014 2575 3068 Metrodori
2607 3014 2873 3070 calculus
2906 3016 3222 3086 paschalis,
3266 3017 3379 3072 cod
3443 3018 3597 3075 CXV.

2264 3102 2560 3157 Modestus
2586 3103 2933 3174 archiepisc.
2963 3105 3350 3178 Hierosolym.
3397 3107 3457 3162 in
3491 3108 3705 3165 Marias
3741 3126 3848 3166 un-

2193 3198 2415 3260 guenta
2438 3191 2692 3248 ferentes
2723 3202 2780 3249 et
2811 3197 3226 3267 Hypapanten,
3269 3197 3405 3254 cod.
3437 3199 3719 3254 CCLXXV.

2263 3281 2516 3335 Mmridis
2545 3282 2827 3349 Atticista,
2869 3284 3005 3341 cod.
3036 3283 3245 3341 CLVII.

3005 3376 3045 3428 N

2260 3459 2571 3531 Nicephori
2604 3462 2719 3532 (8.)
2778 3452 3130 3533 patriarchae
3194 3449 3495 3522 Constant.
3558 3464 3851 3525 Historica

2188 3548 2465 3619 epitome,
2498 3549 2632 3604 cod.
2679 3551 2860 3606 LXVI.

2259 3638 2453 3693 Nicias
2486 3642 2818 3695 monachus
2844 3646 3054 3698 contra
3082 3642 3504 3715 Philoponum.
3539 3646 3849 3716 Severum,

2188 3733 2244 3783 et
2274 3736 2478 3783 contra
2501 3737 2728 3801 gentes,
2764 3730 2896 3785 cod.
2934 3731 2994 3786 L.

2260 3819 2597 3873 Nicbmachi
2615 3820 2875 3876 Gerasini
2901 3820 3213 3893 theologia}
3232 3823 3618 3881 arithmeticae
3632 3824 3769 3881 libri
3784 3840 3848 3891 ιι,

2188 3906 2318 3961 cod.
2356 3907 2734 3962 CLXXXVII.

2261 3995 2365 4050 Nili
2417 3998 2694 4051 monachi
2726 3997 2800 4052 de
2828 3998 3085 4054 oratione
3122 4001 3318 4072 capita
3340 4017 3482 4067 CLIII,
3527 3988 3667 4058 cod.
3714 4003 3848 4060 CCI.

2191 4115 2256 4125 α-
2282 4085 2561 4155 Ejusdem
2587 4087 2883 4141 orationes
2912 4087 2969 4141 in
3025 4090 3518 4146 resurrectionem
3555 4097 3611 4147 et
3640 4107 3852 4148 ascen-

2189 4174 2416 4229 sionem
2443 4174 2696 4240 Domini,
2730 4177 2849 4230 cod.
2888 4178 3201 4233 CCLXXVI.

2259 4264 2521 4321 Nonnosi
2552 4264 2800 4321 Historia
2836 4264 3217 4336 legationum,
3251 4267 3387 4324 cod.
3418 4269 3517 4323 III.

2264 4442 2672 4515 Olympiodori
2722 4443 3109 4500 Historiarum
3148 4444 3285 4501 libri
3316 4463 3454 4513 xxu,
3488 4446 3618 4503 cod.
3646 4448 3852 4504 LXXX.

2263 4528 2534 4583 Oratores
2556 4528 2659 4599 (in)
2691 4528 2900 4584 decem
2933 4531 3163 4585 Graeciaa
3193 4533 3399 4587 Lexica
3424 4533 3611 4598 varia,
3639 4548 3675 4587 a
3706 4535 3851 4589 cod.

2191 4614 2369 4671 CXLV
2398 4632 2582 4689 usque
2622 4616 2699 4673 ad
2732 4619 2907 4673 CLIX.

2259 4703 2508 4761 Oribasii
2528 4707 2741 4761 medici
2768 4708 2969 4764 Caleni
2991 4708 3417 4780 compendium
3438 4709 3513 4765 ad
3538 4710 3854 4769 Iulianum

2182 4796 2354 4867 imp.,
2385 4798 2517 4851 cod.
2551 4798 2765 4852 CCXVI.
2801 4829 2869 4840 -—
2904 4799 3180 4869 Ejusdem
3239 4800 3686 4855 medicinalium
3721 4802 3855 4856 col-

2181 4884 2469 4940 lectorum
2492 4888 2566 4941 ad
2597 4887 2899 4942 Julianum
2932 4890 3078 4959 imp.
3112 4888 3243 4942 libri
3276 4906 3392 4951 LXX,
3422 4888 3553 4944 cod.
3590 4889 3850 4957 CCXVII,

2181 4975 2550 5043 —Ejusdem
2607 4976 3029 5045 compendium
3086 4977 3162 5031 ad
3208 4980 3580 5033 Eustathium
3646 4978 3853 5035 ﬁlium

2177 5062 2307 5117 libri
2325 5064 2876 5129 iv,cod.CCXVlI.—
2890 5066 3169 5136 Ejusdem
3183 5068 3251 5121 ad
3272 5069 3604 5138 Eunapium
3618 5067 3755 5122 libri
3774 5086 3853 5123 IV:

2180 5153 2311 5207 cod.
2332 5153 2553 5207 CCXIX.

2252 5242 2518 5312 Origenis
2542 5245 2617 5297 De
2650 5243 2955 5315 principiis
2982 5243 3110 5299 libri
3136 5261 3211 5310 1v,
3240 5245 3376 5302 cod.
3410 5245 3551 5301 VIII.

2251 5419 2495 5474 Palladii
2535 5336 3032 5490 declamatione:
3058 5423 3189 5477 cod.
3226 5422 3479 5477 CXXXII.

2252 5509 2542 5579 Pamphili
2572 5512 2847 5582 martyris
2880 5511 3184 5583 Apologias
3211 5527 3318 5582 pro
3348 5512 3603 5582 Origene
3623 5511 3761 5569 libri
3792 5531 3855 5583 v,

2180 5598 2315 5656 cod.
2343 5598 2565 5655 CXVIII.
