4046 6228
123 321 176 374 ῃ
1519 295 2078 357 PROLEGOMENA.
2311 350 2314 351 ν
3441 301 3510 355 38

200 437 478 512 Pamphile
490 435 768 492 Historia
781 432 1062 489 miscellaa
1076 431 1212 487 libri
1226 447 1275 486 v1
1285 426 1484 495 n,cod.
1496 425 1732 482 CLXXV
1743 465 1756 478 .

209 529 462 588 Pausaniae
499 523 794 582 Lexicon.
837 523 970 579 cod.
999 521 1188 577 CLIII.

207 619 402 689 Philippi
460 613 692 670 Sidetas
749 611 1092 670 Christiania
1141 608 1401 666 historiae
1431 606 1567 662 libri
1599 606 1756 668 xxiv,

153 712 241 768 cod.
264 704 446 764 XXXV.

190 797 416 852 Philonis
473 795 670 850 ιι]άωὶ
730 793 938 864 legum
988 804 1300 846 sacrarum
1357 783 1656 856 Allegoria
1705 786 1762 838 et

135 889 212 943 n'ri
256 885 439 940 civilis
479 885 632 952 vita,
664 884 782 938 hoc
805 886 912 946 est,
944 881 1018 935 de
1044 878 1311 950 Ioseph,
1340 875 1472 932 cod.
1530 874 1659 927 CIII.
1694 903 1759 911 -

124 975 359 1047 Ejusdem
387 976 774 1029 Essenorum
802 977 857 1026 et
876 971 1384 1040 Therapeutarum
1406 962 1640 1019 vivendi
1668 978 1764 1016 ra-

123 1067 194 1129 tio,
224 1064 346 1118 cod.
378 1062 530 1119 CIV.
569 1093 645 1101 —
678 1061 958 1130 Ejusdem
993 1058 1162 1114 Caius
1187 1058 1334 1128 imp.
1368 1053 1761 1126 reprehensus

121 1165 158 1211 et
191 1155 429 1209 Flaccus
471 1151 903 1222 reprehensus,
944 1147 1179 1218 aliaque
1218 1147 1459 1215 scripta,
1501 1142 1613 1196 cod
1654 1139 1758 1195 CV.

171 1241 505 1298 Philostrati
516 1240 680 1311 Tyrii
698 1239 774 1293 de
799 1239 916 1293 vita
933 1235 1264 1308 Appollonii
1280 1233 1501 1304 Tyanei
1515 1231 1645 1285 libri
1661 1245 1758 1293 vn,

118 1332 238 1392 cod.
301 1330 486 1385 XLIV.
570 1360 646 1369 —
695 1327 956 1398 Indeque
1019 1328 1316 1395 excerpta,
1348 1321 1485 1378 cod.
1562 1318 1762 1373 CCXII.

120 1421 364 1491 Ejusdem
399 1420 670 1474 Lexicon
699 1433 730 1471 e
765 1416 970 1470 decem
994 1414 1354 1478 oratoribus,
1382 1411 1516 1466 cod.
1549 1409 1634 1465 CI.
1771 1460 1776 1468 _

178 1509 548 1578 PhiIOstorgii
633 1505 1058 1561 Ecclesiasticaa
1135 1502 1404 1558 Historiae
1481 1497 1613 1553 libri
1688 1513 1766 1552 xii

177 1687 514 1757 Phlegontis
527 1684 815 1741 Tralliani
829 1682 1266 1755 Olympicorum
1279 1679 1766 1736 etChronicorum

120 1778 382 1840 collectio,
413 1774 558 1830 cod.
597 1774 808 1829 XCVII.

180 1865 491 1937 Phrynichi
523 1863 732 1918 Arabii
771 1869 1097 1934 apparatus
1124 1859 1365 1916 oratorii
1406 1857 1539 1912 libri
1568 1872 1762 1921 xxxvr,

120 1957 233 2012 cod.
252 1954 474 2012 CLVIII.

180 2046 331 2100 Pierii
361 2043 575 2115 presb.
623 2041 983 2112 scriptorum
1016 2039 1145 2094 libri
1183 2055 1277 2102 xu,
1307 2037 1452 2092 code
1486 2039 1657 2093 CXIX.

181 2132 471 2190 Plutarchi
492 2135 632 2186 vitae
658 2129 974 2194 Parallelie,
991 2128 1122 2183 cod.
1143 2129 1382 2183 CCXLV.
1404 2159 1467 2167 —
1490 2127 1768 2195 Ejusdem

121 2228 234 2279 vitae
270 2224 489 2277 decem
536 2221 779 2275 Grmciaa
837 2226 1139 2274 oratorum
1179 2234 1215 2272 a
1276 2218 1409 2272 cod.
1454 2217 1654 2274 CCLIX
1693 2215 1772 2270 ad

125 2313 362 2369 CCLXIX.

183 2401 461 2457 Pollionis
493 2401 775 2463 Lexicon,
810 2396 944 2452 cod.
979 2396 1213 2452 CXLIX.

185 2490 498 2562 Polycarpi
531 2493 718 2544 mart.
761 2485 1020 2559 Epistola
1051 2487 1126 2540 ad
1166 2485 1596 2556 Philippenses,
1640 2484 1774 2544 cod.

146 2580 308 2634 «LXXVI
318 2621 334 2635 .

193 2668 542 2737 Praxagorae
567 2664 947 2721 Atheniensis
972 2664 1044 2719 de
1071 2662 1249 2719 rebus
1273 2662 1636 2719 Constantini
1667 2665 1779 2718 Ma-

131 2761 212 2829 gni
237 2759 369 2813 libri
409 2758 545 2810 duo
576 2755 779 2810 Ionica
817 2755 1095 2820 dialecto,
1135 2754 1268 2808 cod.
1302 2753 1455 2808 LXII.

191 2845 366 2902 Procli
400 2843 889 2901 Chrestomathia
919 2843 987 2898 de
1029 2843 1277 2906 Poetica,
1302 2842 1433 2897 cod.
1470 2841 1778 2898 CCXXXIX.

195 2935 459 3005 Procopii
510 2932 894 2989 Caesariensis
937 2933 1186 2988 rhetoris
1214 2933 1603 2988 Historiarum
1653 2930 1783 2985 libri

139 3040 239 3089 vni,
277 3025 384 3079 cod
398 3063 412 3075 .
453 3022 642 3078 LXIII.

192 3113 448 3184 Pchpii
468 3112 669 3168 ϐειιωί
689 3109 1133 3166 Hamericorum
1149 3126 1430 3165 versuum
1451 3110 1786 3182 metaphra-

133 3217 238 3264 ses,
265 3202 399 3256 cod.
445 3202 609 3256 CLX.

197 3292 460 3361 ProcOpii
503 3287 808 3360 Sophiste:
861 3286 1086 3343 Scholae
1116 3288 1684 3343 commentariorum
1727 3288 1786 3344 in

135 3381 580 3446 Octateuchum.
612 3384 672 3432 et
696 3378 757 3433 in
786 3376 966 3432 libros
989 3379 1214 3448 Regum
1241 3393 1310 3432 ac
1338 3377 1790 3448 Paralipomena

97 3495 100 3500 -
133 3470 252 3523 cod.
271 3467 514 3524 CCVI.-—
561 3466 800 3521 Idemin
823 3466 1041 3521 Isaiam
1067 3467 1788 3538 prophetam,cod.CCVlI.

197 3556 655 3613 Provinciarum
686 3556 916 3626 imperii
943 3561 1078 3626 post
1108 3556 1424 3610 Alexandri
1453 3557 1642 3626 Magni
1672 3555 1792 3610 obi-

137 3653 248 3700 tum
280 3646 503 3701 divisio
560 3660 591 3700 e
636 3645 814 3700 variis
866 3643 1043 3709 facta,
1087 3660 1159 3699 ex
1205 3646 1473 3711 Arriano,
1506 3645 1790 3717 Dexippo,

135 3736 356 3791 Iustino
388 3742 446 3790 et
485 3736 557 3800 Q.
591 3735 790 3789 Curtio
830 3732 965 3788 cod.
1007 3749 1222 3788 Lxxxn.

199 3826 512 3880 Ptolemaei
569 3822 1004 3894 Hephaestionis
1061 3825 1362 3879 Novarum
1413 3823 1793 3880 historiarum

133 3914 254 3971 libri
285 3931 364 3981 vi,
395 3914 543 3970 cod.
583 3914 726 3984 CX._

196 4098 272 4150 De
299 4091 548 4164 republ.
578 4090 717 4146 libri
744 4107 822 4157 vr,
857 4090 988 4147 cod.
1026 4090 1295 4148 XXXVIII.

962 4181 998 4234 S

191 4272 389 4340 Sergii
413 4270 787 4326 confessoris
813 4268 1081 4335 historia,
1116 4269 1247 4323 cod.
1287 4271 1480 4335 LXVII,
1513 4271 1682 4326 CLXI.

195 4363 460 4416 Socratis
491 4359 717 4416 Eccles.
755 4358 1277 4424 Historiielibrivu,
1305 4360 1438 4414 cod.
1463 4361 1686 4416 XXVIII.

191 4452 428 4520 δοριϋὶ
443 4457 873 4520 excerptorum
891 4449 1184 4503 variorum
1203 4448 1334 4503 libri
1350 4465 1448 4513 xu,
1465 4449 1596 4504 cod.
1615 4451 1794 4506 CLXI.

191 4539 516 4611 Sophrunii
571 4552 683 4609 pro
740 4545 944 4592 sancto
1001 4535 1213 4592 Basilio
1262 4539 1552 4593 adversus
1601 4542 1797 4596 Euno-

137 4628 337 4690 mium,
384 4628 516 4683 cod.
550 4627 616 4682 V.

193 4718 516 4789 Sophronii
539 4715 897 4789 patriarcha:
925 4714 1314 4788 Hierosolym.
1341 4717 1631 4789 synodica
1647 4719 1799 4792 epist

141 4807 252 4859 sed.
281 4805 572 4865 CCXXXI.

195 4896 396 4951 Sou'on
429 4897 513 4950 De
547 4893 926 4957 ﬂuminibus,
961 4898 1067 4948 etc.
1112 4892 1244 4948 cod.
1275 4894 1580 4950 CLXXXIX.

199 4987 508 5041 διαίρωεοί
549 4985 766 5040 Histor.
803 4981 1023 5038 Eccles.
1053 4982 1188 5037 libri
1218 4999 1296 5047 ix,
1333 4984 1466 5038 cod.
1502 4987 1651 5041 XXX.

207 5073 496 5144 Stephanii
527 5073 750 5131 Gobari
773 5072 1076 5128 Tritheitre
1096 5072 1348 5128 haeretici
1371 5076 1794 5146 Oppositarum

155 5172 525 5227 Vasconum
557 5164 734 5231 liber,
764 5161 907 5218 cod.
938 5160 1222 5216 CCXXXII.

211 5250 411 5318 Syaeui
447 5254 724 5328 Cyrenaei
755 5252 1008 5323 scripta,
1042 5249 1175 5305 cod.
1219 5251 1400 5304 XXVI.

1939 425 2216 493 Synodus
2263 444 2344 497 iu,
2398 443 2475 490 IV,
2520 445 2573 491 ν,
2635 443 2710 495 νι,
2767 429 2886 482 VII:
2939 425 3113 482 codd.
3150 425 3299 492 XVI,
3350 425 3520 490 XVII,

1866 512 2052 577 XVIII,
2082 515 2206 582 XIX,
2244 518 2345 572 XX.

1937 575 2211 744 gynodus
2249 605 2548 669 Sidetana,
2582 575 2816 676 aliaeue
2868 609 3073 660 contra
3113 602 3510 669 Messalianos,

1937 716 1938 731 ι
1989 733 2002 743 .
2049 692 2158 744 LII.

1868 692 2002 744 cod.
2049 692 2158 746 LII.

1942 780 2219 849 Synodus
2245 782 2321 838 ad
2363 783 2657 847 Quercum
2689 781 2996 852 illegitima
3025 786 3232 837 contra
3257 782 3326 835 Β.
3347 781 3518 836 Joan.

1871 865 2387 939 Chrysostomum.
2409 872 2544 927 cod.
2578 872 2704 927 LIX.

2671 972 2712 1024 T

1940 1065 2238 1121 Themistii
2263 1066 2322 1122 in
2350 1067 2746 1138 Philoponum
2789 1066 3096 1130 invectiva,
3135 1065 3266 1121 cod.
3302 1065 3524 1122 LXXIII.

1871 1185 1939 1194 —
1970 1154 2246 1223 Ejusdem
2271 1157 2568 1211 orationes
2594 1156 2795 1211 civiles
2818 1173 3011 1220 xxxvx,
3031 1156 3164 1210 cod.
3200 1156 3422 1210 LXXIV.
3446 1183 3516 1196 -

1875 1243 2152 1313 Ejusdem
2178 1243 2458 1315 Apologia
2489 1261 2599 1314 pro
2627 1247 2684 1300 S.
2723 1244 3132 1314 Tlieophobio,
3167 1244 3300 1299 cod.
3336 1243 3519 1299 CVIII.

1943 1333 2285 1386 Theodorus
2315 1332 2620 1388 Tarsensis
2653 1334 2794 1388 Vide
2827 1332 3134 1387 Diodorus.

1944 1421 2287 1475 Theodorus
2314 1424 2514 1494 presb.
2555 1424 2628 1478 de
2683 1422 2915 1494 scriptis
2963 1423 3019 1476 S.
3071 1420 3326 1494 Dionysii
3359 1427 3531 1478 Areo-

1877 1508 2123 1579 pagitae,
2155 1510 2288 1566 cod.
2333 1510 2380 1569 I.

1897 1655 1906 1660 ,
1946 1599 2235 1654 Theodori
2256 1600 2646 1655 Anthiocheui
2678 1616 2784 1672 pro
2802 1599 3088 1656 S.Basilio
3108 1599 3397 1654 adversus
3424 1602 3532 1654 Eu-

1879 1686 2291 1743 nomiumlibri
2316 1704 2454 1754 xxv,
2478 1691 2610 1744 cod.
2638 1690 2722 1743 IV.
2743 1719 2808 1728 —
2829 1688 3104 1759 Ejusdem
3121 1689 3526 1760 interpretatio

1879 1778 2200 1840 Ceneseos,
2233 1778 2366 1832 cod.
2404 1779 2654 1833 XXXVII.

1947 1866 2239 1922 Theodori
2279 1867 2557 1923 monachi
2593 1865 2970 1922 Alexandrini
2996 1866 3280 1922 adversus
3307 1866 3536 1921 Themi-

1879 1955 2057 2008 stium
2085 1955 2210 2010 libri
2238 1972 2320 2021 III,
2363 1956 2495 2012 cod.
2541 1956 2728 2010 CVIII.

1939 2044 2227 2100 Theodori
2253 2047 2622 2116 Mopsuestia;
2643 2046 2718 2100 de
2745 2048 3054 2100 Persarum
3077 2043 3277 2114 magia
3295 2044 3420 2099 libri
3448 2059 3535 2112 ιιι,

1879 2132 2008 2186 cod.
2048 2135 2258 2188 LXXXI.

1951 2223 2298 2278 Theodoreti
2341 2222 2554 2278 His-tor.
2607 2221 2826 2277 Eccles.
2874 2221 3000 2277 libri
3062 2239 3119 2288 v,
3173 2222 3305 2278 cod.
3353 2222 3536 2276 XXXI.

1887 2341 1952 2348 —
1989 2311 2268 2382 Ejusdem
2291 2322 2498 2367 contra
2512 2311 2823 2366 haereticos
2853 2309 2980 2366 libri
3005 2328 3179 2377 xxvii,
3205 2311 3339 2368 cod.
3367 2312 3538 2366 XLVI.

1884 2431 1954 2440 —
1985 2401 2366 2474 Rursumque
2391 2402 2682 2473 quinque,
2711 2399 2843 2455 cod.
2897 2400 3026 2454 LVI.
3061 2432 3127 2440 —
3169 2403 3233 2455 Et
3261 2401 3541 2455 Eranistm

1887 2487 2017 2543 libri
2051 2505 2125 2553 Ill,
2170 2492 2301 2544 cod.
2339 2490 2514 2545 XLVI.
2570 2521 2637 2530 —
2698 2489 2976 2561 Ejusdem
3010 2491 3411 2562 interpretatio
3441 2492 3546 2544 Da-

1889 2578 2080 2644 nielis,
2115 2580 2458 2634 Octateuclii
2511 2580 2817 2650 exposntio,
2849 2585 2907 2632 et
2960 2579 3018 2632 in
3070 2578 3255 2632 libros
3319 2582 3544 2646 Regum

1891 2686 1961 2725 ac
1994 2668 2509 2740 Paralipomenon,
2543 2669 2675 2722 cod.
2710 2667 2904 2721 CCLV.
2929 2698 2998 2706 —
3024 2669 3082 2721 In
3111 2684 3188 2721 xu
3224 2667 3545 2738 prophetas

1892 2759 2168 2818 minores,
2205 2757 2338 2812 cod.
2367 2755 2519 2811 CCV.
2548 2788 2613 2797 --
2637 2757 2776 2809 Item
2823 2757 2880 2810 in
2909 2758 2966 2810 S.
3007 2757 3160 2810 Joan
3202 2753 3552 2826 Chrysosto-

1894 2864 2060 2903 mum
2091 2847 2224 2901 Ilbl‘l
2255 2864 2306 2910 v,
2334 2847 2466 2902 cod.
2493 2845 2773 2899 CCLXXII.

1963 2936 2331 2992 Theodosius
2362 2935 2690 2990 monachus
2713 2938 2918 2987 contra
2943 2931 3546 3002 Joan.Philoponum,

1895 3025 2028 3082 cod.
2058 3025 2213 3080 XXII.

1965 3114 2318 3183 Theognosti
2366 3112 2676 3168 Alexandr.
2719 3116 2777 3166 et
2802 3126 3108 3166 sacrorum
3149 3108 3436 3164 librorum
3467 3107 3555 3163 in-

1897 3206 2185 3275 terpretis,
2218 3203 2675 3273 Hj'potyposeon
2717 3201 2848 3255 libri
2882 3215 2981 3264 vn,
3023 3199 3154 3254 cod.
3191 3198 3337 3254 CVl.

1969 3294 2222 3349 Theonis
2243 3293 2516 3346 archiatri
2542 3291 2927 3344 Alexandrini
2953 3291 3162 3352 Homo,
3194 3288 3328 3342 cod.
3364 3287 3553 3353 CCXX,

1971 3383 2349 3454 Theophanis
2367 3381 2626 3454 Byzantii
2648 3380 3030 3436 Historiarum
3049 3379 3144 3434 lib.
3166 3379 3553 3444 x,cod.CCIll,

1971 3473 2415 3543 Theophrastus
2445 3474 2518 3526 de
2558 3469 2923 3525 animalibus
2971 3485 3106 3540 quae
3159 3469 3384 3523 colores
3430 3483 3558 3522 mu“

1903 3567 2049 3618 tant.
2076 3593 2144 3601 —
2167 3562 2246 3617 De
2276 3575 2594 3616 nervorum
2628 3560 3007 3614 resolutione.
3041 3588 3109 3598 —-
3131 3558 3209 3610 De
3235 3558 3421 3612 animi
3453 3557 3556 3612 de-

1903 3651 2174 3706 fectione.
2208 3681 2277 3690 --
2306 3652 2382 3704 De
2406 3650 2706 3719 vertigine.
2739 3677 2807 3687 —
2833 3647 3027 3711 Quare
3054 3646 3244 3700 cruda
3265 3661 3381 3700 ova
3421 3660 3558 3700 con-

1904 3743 2048 3796 verti
2072 3755 2190 3795 non
2221 3739 2471 3811 possint.
2501 3769 2564 3778 —
2587 3739 2664 3792 De
2688 3735 3060 3791 lassitudine.
3097 3763 3149 3773 --
3177 3735 3255 3788 De
3287 3734 3556 3788 animan-

1903 3831 2059 3885 tibus
2088 3845 2224 3901 quae
2252 3844 2392 3883 cum
2418 3827 2592 3899 copia
2623 3827 2912 3880 visuntur.
2945 3855 3014 3864 —
3047 3826 3124 3878 De
3155 3821 3560 3878 animantibus

1903 3935 2038 3991 qum
2064 3919 2289 3974 invidia
2315 3917 2583 3973 laborare
2613 3915 2760 3969 falso
2790 3913 3087 3968 dicuntur.
3115 3916 3189 3967 De
3217 3911 3556 3967 sudoribus.

1904 4042 1973 4052 -—
2003 4010 2083 4062 De
2113 4009 2351 4078 apibus,
2393 4004 2526 4060 cod.
2561 4003 2914 4058 CCLXXVlll.

1977 4097 2402 4167 Theophylacti
2432 4094 2764 4147 Simocattae
2808 4089 3191 4144 Historiarum
3248 4087 3383 4143 libri
3432 4103 3552 4156 vui,

1905 4188 2208 4242 cod.LXV.

1977 4273 2338 4345 Theopompi
2373 4272 2751 4327 Historiarum
2781 4268 2912 4323 libri
2937 4284 3049 4334 LIII,
3083 4267 3216 4322 cod.
3246 4265 3523 4322 CLXXVI.

1976 4365 2180 4420 Timaei
2210 4364 2463 4419 Lexicon
2492 4377 2705 4416 vocum
2739 4360 3194 4424 Platonicarum,
3224 4361 3357 4413 cod.
3391 4358 3520 4412 CLI.

2721 4466 2764 4522 V

1979 4579 2251 4636 Victorini
2328 4576 2633 4648 Lampadii
2694 4577 2749 4630 F.
2826 4574 3124 4631 orationes
3191 4570 3562 4636 consulares,

1909 4671 2253 4814 cOVinganii
2281 4755 2536 4815 Anatolii
2570 4754 2760 4826 Beryti
2787 4750 3294 4806 Collectaneorum
3323 4749 3392 4804 de
3414 4747 3565 4818 agri-

1909 4851 2152 4908 culturae
2179 4845 2506 4916 disciplinae
2537 4843 2669 4899 libri
2700 4858 2800 4906 xii,
2835 4841 2972 4896 cod.
3003 4839 3202 4894 CLXII.

1981 4939 2229 4994 VitaaSS.
2265 4935 2506 4989 Patrum
2529 4930 2850 5002 quimagni
2880 4927 3120 4984 Antonii
3143 4927 3410 4998 tempore
3461 4925 3569 4980 ﬂo-

1909 5034 2175 5093 ruerunt,
2208 5023 2339 5081 cod.
2373 5023 2645 5079 CXCVIII.

2724 5129 2759 5181 Ζ

1981 5243 2194 5303 Zosimi
2224 5240 2453 5298 comitis
2486 5235 2865 5294 Historiarum
2897 5231 3032 5288 libri
3061 5247 3134 5295 v1,
3171 5229 3305 5285 cod.
3338 5229 3577 5286 XCVIII.
