  <div class='ocr_page' id='page_1' title='image "/cluster/home/n/w/nwhite01/storage/ocr_20150623/103/hvd.32044054112495/036.png"; bbox 0 0 4046 6228; ppageno 0'>
   <div class='ocr_carea' id='block_1_1' title="bbox 136 322 1642 393">
    <p class='ocr_par' dir='ltr' id='par_1_1' title="bbox 136 322 1642 393">
     <span class='ocr_line' id='line_1_1' title="bbox 136 322 1642 393; baseline -0.009 -1"><span class='ocrx_word' id='word_1_1' title='bbox 136 338 188 393; x_wconf 70' lang='grc'><strong>49</strong></span> <span class='ocrx_word' id='word_1_2' title='bbox 1246 322 1642 382; x_wconf 78' lang='lat' dir='ltr'><strong>BIBLIOTHEt</strong></span> 
     </span>
    </p>
   </div>
   <div class='ocr_carea' id='block_1_2' title="bbox 1755 322 3407 393">
    <p class='ocr_par' dir='ltr' id='par_1_2' title="bbox 1792 322 3407 381">
     <span class='ocr_line' id='line_1_2' title="bbox 1792 322 3407 381; baseline 0 -1"><span class='ocrx_word' id='word_1_3' title='bbox 1792 354 1859 365; x_wconf 82' lang='lat'><strong><em>-—</em></strong></span> <span class='ocrx_word' id='word_1_4' title='bbox 1894 322 2055 381; x_wconf 90' lang='lat' dir='ltr'><strong>COD.</strong></span> <span class='ocrx_word' id='word_1_5' title='bbox 2098 325 2186 380; x_wconf 88' lang='lat' dir='ltr'>III.</span> <span class='ocrx_word' id='word_1_6' title='bbox 3336 323 3407 381; x_wconf 84' lang='lat'><strong>50</strong></span> 
     </span>
    </p>
   </div>
   <div class='ocr_carea' id='block_1_3' title="bbox 142 451 1642 535">
    <p class='ocr_par' dir='ltr' id='par_1_3' title="bbox 142 451 1633 535">
     <span class='ocr_line' id='line_1_3' title="bbox 142 451 1633 535; baseline -0.006 -22"><span class='ocrx_word' id='word_1_7' title='bbox 142 464 249 535; x_wconf 65' lang='grc' dir='ltr'>οασὶ</span> <span class='ocrx_word' id='word_1_8' title='bbox 289 456 335 512; x_wconf 58' lang='grc' dir='ltr'>οἳ</span> <span class='ocrx_word' id='word_1_9' title='bbox 360 458 417 509; x_wconf 76' lang='grc' dir='ltr'>ὅτι</span> <span class='ocrx_word' id='word_1_10' title='bbox 444 459 523 507; x_wconf 74' lang='grc' dir='ltr'><strong>καὶ</strong></span> <span class='ocrx_word' id='word_1_11' title='bbox 560 458 624 507; x_wconf 82' lang='grc' dir='ltr'>τὰ</span> <span class='ocrx_word' id='word_1_12' title='bbox 677 456 837 529; x_wconf 87' lang='grc' dir='ltr'>θηρία</span> <span class='ocrx_word' id='word_1_13' title='bbox 881 457 1009 526; x_wconf 86' lang='grc' dir='ltr'>πρὸς</span> <span class='ocrx_word' id='word_1_14' title='bbox 1062 458 1183 517; x_wconf 81' lang='grc' dir='ltr'>τοὺς</span> <span class='ocrx_word' id='word_1_15' title='bbox 1221 454 1540 529; x_wconf 82' lang='grc' dir='ltr'>ἀνθρώπους,</span> <span class='ocrx_word' id='word_1_16' title='bbox 1574 451 1633 505; x_wconf 77' lang='grc' dir='ltr'><strong>ού</strong></span> 
     </span>
    </p>
   </div>
   <div class='ocr_carea' id='block_1_4' title="bbox 1755 451 3403 535">
    <p class='ocr_par' dir='ltr' id='par_1_4' title="bbox 1755 451 3403 527">
     <span class='ocr_line' id='line_1_4' title="bbox 1755 451 3403 527; baseline 0.001 -18"><span class='ocrx_word' id='word_1_17' title='bbox 1755 457 1885 510; x_wconf 89' lang='lat' dir='ltr'><strong>tunc</strong></span> <span class='ocrx_word' id='word_1_18' title='bbox 1916 452 2129 525; x_wconf 81' lang='lat' dir='ltr'><strong>degere</strong></span> <span class='ocrx_word' id='word_1_19' title='bbox 2156 451 2519 510; x_wconf 79' lang='lat' dir='ltr'><strong>fabulantur.</strong></span> <span class='ocrx_word' id='word_1_20' title='bbox 2540 456 2751 511; x_wconf 78' lang='lat' dir='ltr'><strong>Narrat</strong></span> <span class='ocrx_word' id='word_1_21' title='bbox 2776 458 2830 510; x_wconf 88' lang='lat' dir='ltr'><strong>et</strong></span> <span class='ocrx_word' id='word_1_22' title='bbox 2860 451 2978 511; x_wconf 87' lang='lat' dir='ltr'><strong>alia</strong></span> <span class='ocrx_word' id='word_1_23' title='bbox 2993 451 3181 511; x_wconf 83' lang='lat' dir='ltr'><strong>multa</strong></span> <span class='ocrx_word' id='word_1_24' title='bbox 3210 452 3403 527; x_wconf 89' lang='lat' dir='ltr'><strong>inopi-</strong></span> 
     </span>
    </p>
   </div>
   <div class='ocr_carea' id='block_1_5' title="bbox 146 540 1636 621">
    <p class='ocr_par' dir='ltr' id='par_1_5' title="bbox 146 540 1636 621">
     <span class='ocr_line' id='line_1_5' title="bbox 146 540 1636 621; baseline -0.004 -21"><span class='ocrx_word' id='word_1_25' title='bbox 146 572 265 621; x_wconf 69' lang='grc' dir='ltr'>μονον</span> <span class='ocrx_word' id='word_1_26' title='bbox 286 547 440 601; x_wconf 65' lang='grc' dir='ltr'>σἐὲλὶά</span> <span class='ocrx_word' id='word_1_27' title='bbox 464 551 548 597; x_wconf 78' lang='grc' dir='ltr'><strong>καὶ</strong></span> <span class='ocrx_word' id='word_1_28' title='bbox 590 545 725 597; x_wconf 83' lang='grc' dir='ltr'><strong>αύτά</strong></span> <span class='ocrx_word' id='word_1_29' title='bbox 766 550 893 618; x_wconf 80' lang='grc' dir='ltr'>πρὸς</span> <span class='ocrx_word' id='word_1_30' title='bbox 946 544 1159 603; x_wconf 85' lang='grc' dir='ltr'>οἵλληλα.</span> <span class='ocrx_word' id='word_1_31' title='bbox 1192 548 1413 615; x_wconf 71' lang='grc' dir='ltr'>Λέγεται</span> <span class='ocrx_word' id='word_1_32' title='bbox 1460 540 1518 595; x_wconf 69' lang='grc' dir='ltr'>δε</span> <span class='ocrx_word' id='word_1_33' title='bbox 1548 546 1636 595; x_wconf 77' lang='grc' dir='ltr'><strong>καὶ</strong></span> 
     </span>
    </p>
   </div>
   <div class='ocr_carea' id='block_1_6' title="bbox 147 631 1563 709">
    <p class='ocr_par' dir='ltr' id='par_1_6' title="bbox 147 631 1563 709">
     <span class='ocr_line' id='line_1_6' title="bbox 147 631 1563 709; baseline -0.001 -20"><span class='ocrx_word' id='word_1_34' title='bbox 147 641 239 692; x_wconf 63' lang='lat' dir='ltr'><strong>ille</strong></span> <span class='ocrx_word' id='word_1_35' title='bbox 256 636 372 689; x_wconf 62' lang='grc' dir='ltr'>,τοὶὶά</span> <span class='ocrx_word' id='word_1_36' title='bbox 393 632 658 709; x_wconf 77' lang='grc' dir='ltr'>παράδοξα</span> <span class='ocrx_word' id='word_1_37' title='bbox 681 640 773 687; x_wconf 82' lang='grc' dir='ltr'><strong>καὶ</strong></span> <span class='ocrx_word' id='word_1_38' title='bbox 792 637 968 707; x_wconf 80' lang='grc' dir='ltr'><strong>μύθων</strong></span> <span class='ocrx_word' id='word_1_39' title='bbox 994 631 1143 687; x_wconf 69' lang='grc' dir='ltr'>ούδεν</span> <span class='ocrx_word' id='word_1_40' title='bbox 1172 631 1563 687; x_wconf 79' lang='grc' dir='ltr'>διαλλάττοντα.</span> 
     </span>
    </p>
   </div>
   <div class='ocr_carea' id='block_1_7' title="bbox 188 719 1639 801">
    <p class='ocr_par' dir='ltr' id='par_1_7' title="bbox 188 719 1639 801">
     <span class='ocr_line' id='line_1_7' title="bbox 188 719 1639 801; baseline -0.016 -7"><span class='ocrx_word' id='word_1_41' title='bbox 188 729 231 801; x_wconf 66' lang='lat'><strong><em>[3</em></strong></span> <span class='ocrx_word' id='word_1_42' title='bbox 264 725 343 798; x_wconf 68' lang='grc' dir='ltr'><strong>θα]</strong></span> <span class='ocrx_word' id='word_1_43' title='bbox 390 724 499 777; x_wconf 81' lang='grc' dir='ltr'>Ὀτι</span> <span class='ocrx_word' id='word_1_44' title='bbox 549 721 888 783; x_wconf 70' lang='grc' dir='ltr'><strong>διεστηκέναι</strong></span> <span class='ocrx_word' id='word_1_45' title='bbox 940 730 1069 797; x_wconf 70' lang='grc' dir='ltr'><strong>φησί</strong></span> <span class='ocrx_word' id='word_1_46' title='bbox 1110 728 1203 781; x_wconf 81' lang='grc' dir='ltr'>τὴν</span> <span class='ocrx_word' id='word_1_47' title='bbox 1253 719 1499 776; x_wconf 74' lang='grc' dir='ltr'>Ἀδουλιν</span> <span class='ocrx_word' id='word_1_48' title='bbox 1548 729 1639 782; x_wconf 81' lang='grc' dir='ltr'>τῆς</span> 
     </span>
    </p>
   </div>
   <div class='ocr_carea' id='block_1_8' title="bbox 136 809 1639 887">
    <p class='ocr_par' dir='ltr' id='par_1_8' title="bbox 136 809 1639 887">
     <span class='ocr_line' id='line_1_8' title="bbox 136 809 1639 887; baseline -0.005 -19"><span class='ocrx_word' id='word_1_49' title='bbox 136 818 355 885; x_wconf 47' lang='lat' dir='ltr'><strong>nisiut»;</strong></span> <span class='ocrx_word' id='word_1_50' title='bbox 404 816 447 849; x_wconf 82' lang='grc'>²¹</span> <span class='ocrx_word' id='word_1_51' title='bbox 489 813 546 865; x_wconf 77' lang='grc' dir='ltr'>ιε’</span> <span class='ocrx_word' id='word_1_52' title='bbox 594 815 800 887; x_wconf 70' lang='grc' dir='ltr'>ἡμερῶν</span> <span class='ocrx_word' id='word_1_53' title='bbox 842 810 983 867; x_wconf 82' lang='grc' dir='ltr'>ὁδον.</span> <span class='ocrx_word' id='word_1_54' title='bbox 1022 814 1265 867; x_wconf 83' lang='grc' dir='ltr'>Ἀπιοῦσι</span> <span class='ocrx_word' id='word_1_55' title='bbox 1313 809 1371 865; x_wconf 71' lang='grc' dir='ltr'><strong>δὲ</strong></span> <span class='ocrx_word' id='word_1_56' title='bbox 1424 813 1491 872; x_wconf 80' lang='grc' dir='ltr'><strong>εἰς</strong></span> <span class='ocrx_word' id='word_1_57' title='bbox 1546 815 1639 869; x_wconf 80' lang='grc' dir='ltr'>τὴν</span> 
     </span>
    </p>
   </div>
   <div class='ocr_carea' id='block_1_9' title="bbox 124 902 1639 974">
    <p class='ocr_par' dir='ltr' id='par_1_9' title="bbox 124 902 1639 974">
     <span class='ocr_line' id='line_1_9' title="bbox 124 902 1639 974; baseline -0.005 -15"><span class='ocrx_word' id='word_1_58' title='bbox 124 906 321 974; x_wconf 69' lang='grc' dir='ltr'>Αὔξονμιν</span> <span class='ocrx_word' id='word_1_59' title='bbox 358 909 583 974; x_wconf 73' lang='grc' dir='ltr'>Νοννόσῳ</span> <span class='ocrx_word' id='word_1_60' title='bbox 612 923 667 956; x_wconf 90' lang='grc' dir='ltr'><strong>τε</strong></span> <span class='ocrx_word' id='word_1_61' title='bbox 708 910 799 956; x_wconf 75' lang='grc' dir='ltr'><strong>καὶ</strong></span> <span class='ocrx_word' id='word_1_62' title='bbox 840 910 946 964; x_wconf 86' lang='grc' dir='ltr'>τοῖς</span> <span class='ocrx_word' id='word_1_63' title='bbox 972 904 1082 974; x_wconf 78' lang='grc' dir='ltr'>μετ’</span> <span class='ocrx_word' id='word_1_64' title='bbox 1111 904 1158 938; x_wconf 83' lang='grc'><strong>²³</strong></span> <span class='ocrx_word' id='word_1_65' title='bbox 1191 902 1345 954; x_wconf 79' lang='grc' dir='ltr'>αὐτὸν</span> <span class='ocrx_word' id='word_1_66' title='bbox 1392 905 1639 973; x_wconf 70' lang='grc' dir='ltr'>μέγιστον</span> 
     </span>
    </p>
   </div>
   <div class='ocr_carea' id='block_1_10' title="bbox 120 991 1640 1067">
    <p class='ocr_par' dir='ltr' id='par_1_10' title="bbox 120 991 1640 1067">
     <span class='ocr_line' id='line_1_10' title="bbox 120 991 1640 1067; baseline -0.001 -25"><span class='ocrx_word' id='word_1_67' title='bbox 120 996 234 1063; x_wconf 46' lang='lat' dir='ltr'><strong>qua</strong></span> <span class='ocrx_word' id='word_1_68' title='bbox 278 996 417 1063; x_wconf 79' lang='grc' dir='ltr'>θέαμα</span> <span class='ocrx_word' id='word_1_69' title='bbox 473 998 590 1065; x_wconf 80' lang='grc' dir='ltr'>περὶ</span> <span class='ocrx_word' id='word_1_70' title='bbox 653 998 857 1067; x_wconf 79' lang='grc' dir='ltr'><strong>χωρίον</strong></span> <span class='ocrx_word' id='word_1_71' title='bbox 928 994 1067 1049; x_wconf 79' lang='grc' dir='ltr'>Αύην</span> <span class='ocrx_word' id='word_1_72' title='bbox 1126 991 1640 1064; x_wconf 79' lang='grc' dir='ltr'>προσονομαζομενον</span> 
     </span>
    </p>
   </div>
   <div class='ocr_carea' id='block_1_11' title="bbox 118 1078 1641 1153">
    <p class='ocr_par' dir='ltr' id='par_1_11' title="bbox 118 1078 1641 1153">
     <span class='ocr_line' id='line_1_11' title="bbox 118 1078 1641 1153; baseline -0.003 -20"><span class='ocrx_word' id='word_1_73' title='bbox 118 1090 256 1134; x_wconf 50' lang='lat' dir='ltr'><strong>irritat</strong></span> <span class='ocrx_word' id='word_1_74' title='bbox 294 1078 344 1133; x_wconf 65' lang='grc' dir='ltr'>δι</span> <span class='ocrx_word' id='word_1_75' title='bbox 390 1084 414 1137; x_wconf 72' lang='grc' dir='ltr'><strong>ἠ</strong></span> <span class='ocrx_word' id='word_1_76' title='bbox 467 1086 575 1138; x_wconf 72' lang='grc' dir='ltr'><strong>Αῧη</strong></span> <span class='ocrx_word' id='word_1_77' title='bbox 636 1080 685 1133; x_wconf 77' lang='grc' dir='ltr'><strong>έν</strong></span> <span class='ocrx_word' id='word_1_78' title='bbox 730 1086 874 1153; x_wconf 77' lang='grc' dir='ltr'>μέσῳ</span> <span class='ocrx_word' id='word_1_79' title='bbox 922 1090 1012 1142; x_wconf 82' lang='grc' dir='ltr'>τῆς</span> <span class='ocrx_word' id='word_1_80' title='bbox 1059 1100 1110 1133; x_wconf 83' lang='grc' dir='ltr'><strong>τε</strong></span> <span class='ocrx_word' id='word_1_81' title='bbox 1152 1090 1247 1132; x_wconf 85' lang='grc' dir='ltr'>τῶν</span> <span class='ocrx_word' id='word_1_82' title='bbox 1308 1080 1641 1151; x_wconf 77' lang='grc' dir='ltr'>Αύξουμιτῶν</span> 
     </span>
    </p>
   </div>
   <div class='ocr_carea' id='block_1_12' title="bbox 114 1167 1640 1241">
    <p class='ocr_par' dir='ltr' id='par_1_12' title="bbox 114 1167 1640 1241">
     <span class='ocr_line' id='line_1_12' title="bbox 114 1167 1640 1241; baseline -0.001 -21"><span class='ocrx_word' id='word_1_83' title='bbox 114 1178 175 1220; x_wconf 75' lang='lat' dir='ltr'><strong>ut</strong></span> <span class='ocrx_word' id='word_1_84' title='bbox 214 1178 287 1229; x_wconf 79' lang='grc' dir='ltr'>τῆς</span> <span class='ocrx_word' id='word_1_85' title='bbox 330 1179 418 1220; x_wconf 77' lang='grc' dir='ltr'>τῶν</span> <span class='ocrx_word' id='word_1_86' title='bbox 470 1167 788 1223; x_wconf 79' lang='grc' dir='ltr'>Ἀδουλιτών</span> <span class='ocrx_word' id='word_1_87' title='bbox 837 1170 1071 1241; x_wconf 74' lang='grc' dir='ltr'>πόλεως),</span> <span class='ocrx_word' id='word_1_88' title='bbox 1117 1169 1394 1240; x_wconf 73' lang='grc' dir='ltr'><strong>ἐλεφάντων</strong></span> <span class='ocrx_word' id='word_1_89' title='bbox 1446 1169 1640 1229; x_wconf 84' lang='grc' dir='ltr'>πλῆθος</span> 
     </span>
    </p>
   </div>
   <div class='ocr_carea' id='block_1_13' title="bbox 113 1255 1637 1333">
    <p class='ocr_par' dir='ltr' id='par_1_13' title="bbox 113 1255 1637 1333">
     <span class='ocr_line' id='line_1_13' title="bbox 113 1255 1637 1333; baseline 0 -23"><span class='ocrx_word' id='word_1_90' title='bbox 113 1261 179 1310; x_wconf 65' lang='grc' dir='ltr'><strong>οὐκ</strong></span> <span class='ocrx_word' id='word_1_91' title='bbox 204 1259 356 1331; x_wconf 64' lang='grc' dir='ltr'>ὀλίγον,</span> <span class='ocrx_word' id='word_1_92' title='bbox 391 1258 509 1311; x_wconf 78' lang='grc' dir='ltr'><strong>ἀλλά</strong></span> <span class='ocrx_word' id='word_1_93' title='bbox 558 1260 610 1330; x_wconf 83' lang='grc'><strong>[3</strong></span> <span class='ocrx_word' id='word_1_94' title='bbox 649 1259 739 1333; x_wconf 83' lang='grc' dir='ltr'><strong>Η.]</strong></span> <span class='ocrx_word' id='word_1_95' title='bbox 786 1256 984 1330; x_wconf 86' lang='grc' dir='ltr'>σχεδὸν</span> <span class='ocrx_word' id='word_1_96' title='bbox 1008 1263 1073 1320; x_wconf 84' lang='grc' dir='ltr'>ὡς</span> <span class='ocrx_word' id='word_1_97' title='bbox 1101 1260 1150 1294; x_wconf 72' lang='grc'><strong>³⁸</strong></span> <span class='ocrx_word' id='word_1_98' title='bbox 1181 1255 1442 1330; x_wconf 79' lang='grc' dir='ltr'><strong>χιλιάδων</strong></span> <span class='ocrx_word' id='word_1_99' title='bbox 1475 1262 1637 1312; x_wconf 81' lang='grc' dir='ltr'>πέντε.</span> 
     </span>
    </p>
   </div>
   <div class='ocr_carea' id='block_1_14' title="bbox 110 1344 1638 1420">
    <p class='ocr_par' dir='ltr' id='par_1_14' title="bbox 110 1344 1638 1420">
     <span class='ocr_line' id='line_1_14' title="bbox 110 1344 1638 1420; baseline -0.002 -21"><span class='ocrx_word' id='word_1_100' title='bbox 110 1348 319 1419; x_wconf 74' lang='grc' dir='ltr'>Ἐνέμοντο</span> <span class='ocrx_word' id='word_1_101' title='bbox 366 1345 421 1400; x_wconf 78' lang='grc' dir='ltr'>δέ</span> <span class='ocrx_word' id='word_1_102' title='bbox 465 1344 611 1399; x_wconf 74' lang='grc' dir='ltr'>οὗτοι</span> <span class='ocrx_word' id='word_1_103' title='bbox 665 1350 714 1400; x_wconf 88' lang='grc' dir='ltr'>οἱ</span> <span class='ocrx_word' id='word_1_104' title='bbox 768 1348 1029 1420; x_wconf 73' lang='grc' dir='ltr'>ἐλέφαντες</span> <span class='ocrx_word' id='word_1_105' title='bbox 1086 1351 1133 1400; x_wconf 70' lang='grc' dir='ltr'>ἓν</span> <span class='ocrx_word' id='word_1_106' title='bbox 1190 1344 1356 1419; x_wconf 79' lang='grc' dir='ltr'>πεδίῳ</span> <span class='ocrx_word' id='word_1_107' title='bbox 1412 1346 1638 1419; x_wconf 67' lang='grc' dir='ltr'>μεγάλῳ·</span> 
     </span>
    </p>
   </div>
   <div class='ocr_carea' id='block_1_15' title="bbox 110 1432 1640 1511">
    <p class='ocr_par' dir='ltr' id='par_1_15' title="bbox 110 1432 1640 1511">
     <span class='ocr_line' id='line_1_15' title="bbox 110 1432 1640 1511; baseline -0.001 -23"><span class='ocrx_word' id='word_1_108' title='bbox 110 1444 173 1488; x_wconf 71' lang='lat' dir='ltr'><strong>ui</strong></span> <span class='ocrx_word' id='word_1_109' title='bbox 206 1436 407 1499; x_wconf 79' lang='grc' dir='ltr'>πελάζειν</span> <span class='ocrx_word' id='word_1_110' title='bbox 451 1437 631 1499; x_wconf 71' lang='grc' dir='ltr'>αὐτοῖς</span> <span class='ocrx_word' id='word_1_111' title='bbox 662 1434 836 1489; x_wconf 72' lang='grc' dir='ltr'>οὐδενὶ</span> <span class='ocrx_word' id='word_1_112' title='bbox 865 1446 963 1489; x_wconf 84' lang='grc' dir='ltr'>τῶν</span> <span class='ocrx_word' id='word_1_113' title='bbox 1008 1437 1281 1511; x_wconf 73' lang='grc' dir='ltr'>ἐγχωρίων</span> <span class='ocrx_word' id='word_1_114' title='bbox 1328 1432 1389 1494; x_wconf 76' lang='grc' dir='ltr'><strong>ἧν</strong></span> <span class='ocrx_word' id='word_1_115' title='bbox 1414 1434 1640 1500; x_wconf 78' lang='grc' dir='ltr'>εὔκολον,</span> 
     </span>
    </p>
   </div>
   <div class='ocr_carea' id='block_1_16' title="bbox 106 1522 1645 1598">
    <p class='ocr_par' dir='ltr' id='par_1_16' title="bbox 106 1522 1645 1598">
     <span class='ocr_line' id='line_1_16' title="bbox 106 1522 1645 1598; baseline 0.001 -22"><span class='ocrx_word' id='word_1_116' title='bbox 106 1523 201 1578; x_wconf 64' lang='grc' dir='ltr'><strong>οὐδὲ</strong></span> <span class='ocrx_word' id='word_1_117' title='bbox 220 1530 379 1597; x_wconf 72' lang='grc' dir='ltr'>εἵργειν</span> <span class='ocrx_word' id='word_1_118' title='bbox 404 1535 495 1585; x_wconf 76' lang='grc' dir='ltr'>τῆς</span> <span class='ocrx_word' id='word_1_119' title='bbox 518 1533 656 1598; x_wconf 53' lang='lat' dir='ltr'><strong>vagi</strong></span> <span class='ocrx_word' id='word_1_120' title='bbox 669 1546 707 1588; x_wconf 90' lang='lat'><strong>;.</strong></span> <span class='ocrx_word' id='word_1_121' title='bbox 740 1533 905 1579; x_wconf 82' lang='grc' dir='ltr'>Τοῦτο</span> <span class='ocrx_word' id='word_1_122' title='bbox 936 1529 1026 1598; x_wconf 71' lang='grc' dir='ltr'><strong>μεν</strong></span> <span class='ocrx_word' id='word_1_123' title='bbox 1051 1522 1139 1578; x_wconf 82' lang='grc' dir='ltr'>οὖν</span> <span class='ocrx_word' id='word_1_124' title='bbox 1166 1526 1360 1598; x_wconf 82' lang='grc' dir='ltr'>μεταξὺ</span> <span class='ocrx_word' id='word_1_125' title='bbox 1386 1529 1445 1577; x_wconf 85' lang='grc' dir='ltr'>τὸ</span> <span class='ocrx_word' id='word_1_126' title='bbox 1479 1526 1645 1597; x_wconf 82' lang='grc' dir='ltr'>θέαμα</span> 
     </span>
    </p>
   </div>
   <div class='ocr_carea' id='block_1_17' title="bbox 106 1616 612 1686">
    <p class='ocr_par' dir='ltr' id='par_1_17' title="bbox 106 1616 612 1686">
     <span class='ocr_line' id='line_1_17' title="bbox 106 1616 612 1686; baseline 0.01 -21"><span class='ocrx_word' id='word_1_127' title='bbox 106 1616 241 1677; x_wconf 63' lang='lat' dir='ltr'><strong>animi;</strong></span> <span class='ocrx_word' id='word_1_128' title='bbox 254 1622 590 1686; x_wconf 71' lang='grc' dir='ltr'>προσεγεγόνεε</span> <span class='ocrx_word' id='word_1_129' title='bbox 599 1659 612 1670; x_wconf 93' lang='grc'>.</span> 
     </span>
    </p>
   </div>
   <div class='ocr_carea' id='block_1_18' title="bbox 158 1702 1641 1780">
    <p class='ocr_par' dir='ltr' id='par_1_18' title="bbox 158 1702 1641 1780">
     <span class='ocr_line' id='line_1_18' title="bbox 158 1702 1641 1780; baseline -0.002 -21"><span class='ocrx_word' id='word_1_130' title='bbox 158 1712 246 1777; x_wconf 70' lang='grc' dir='ltr'><strong>Χρὴ</strong></span> <span class='ocrx_word' id='word_1_131' title='bbox 310 1702 361 1758; x_wconf 69' lang='grc' dir='ltr'>δε</span> <span class='ocrx_word' id='word_1_132' title='bbox 406 1712 494 1758; x_wconf 69' lang='grc' dir='ltr'><strong>καὶ</strong></span> <span class='ocrx_word' id='word_1_133' title='bbox 566 1708 637 1758; x_wconf 87' lang='grc' dir='ltr'><strong>τά</strong></span> <span class='ocrx_word' id='word_1_134' title='bbox 690 1711 809 1778; x_wconf 80' lang='grc' dir='ltr'>περὶ</span> <span class='ocrx_word' id='word_1_135' title='bbox 860 1714 953 1767; x_wconf 83' lang='grc' dir='ltr'>τῆς</span> <span class='ocrx_word' id='word_1_136' title='bbox 1020 1707 1253 1780; x_wconf 76' lang='grc' dir='ltr'>κράσεως</span> <span class='ocrx_word' id='word_1_137' title='bbox 1330 1714 1428 1757; x_wconf 89' lang='grc' dir='ltr'>τῶν</span> <span class='ocrx_word' id='word_1_138' title='bbox 1482 1704 1641 1778; x_wconf 80' lang='grc' dir='ltr'>ἀέρων</span> 
     </span>
    </p>
   </div>
   <div class='ocr_carea' id='block_1_19' title="bbox 1748 542 2892 615">
    <p class='ocr_par' dir='ltr' id='par_1_19' title="bbox 1748 542 2892 615">
     <span class='ocr_line' id='line_1_19' title="bbox 1748 542 2892 615; baseline -0.001 -15"><span class='ocrx_word' id='word_1_139' title='bbox 1748 550 1909 609; x_wconf 89' lang='lat' dir='ltr'><strong>nata,</strong></span> <span class='ocrx_word' id='word_1_140' title='bbox 1943 549 2000 600; x_wconf 90' lang='lat' dir='ltr'><strong>et</strong></span> <span class='ocrx_word' id='word_1_141' title='bbox 2032 543 2147 615; x_wconf 79' lang='grc' dir='ltr'><strong>(Η)</strong></span> <span class='ocrx_word' id='word_1_142' title='bbox 2178 542 2395 600; x_wconf 85' lang='lat' dir='ltr'><strong>fabulis</strong></span> <span class='ocrx_word' id='word_1_143' title='bbox 2424 559 2550 601; x_wconf 89' lang='lat' dir='ltr'><strong>non</strong></span> <span class='ocrx_word' id='word_1_144' title='bbox 2580 543 2892 601; x_wconf 89' lang='lat' dir='ltr'><strong>absimilia.</strong></span> 
     </span>
    </p>
   </div>
   <div class='ocr_carea' id='block_1_20' title="bbox 1820 722 3408 796">
    <p class='ocr_par' dir='ltr' id='par_1_20' title="bbox 1820 722 3408 796">
     <span class='ocr_line' id='line_1_20' title="bbox 1820 722 3408 796; baseline 0.001 -19"><span class='ocrx_word' id='word_1_145' title='bbox 1820 722 2038 777; x_wconf 89' lang='lat' dir='ltr'><strong>Adulin</strong></span> <span class='ocrx_word' id='word_1_146' title='bbox 2065 722 2272 778; x_wconf 86' lang='lat' dir='ltr'><strong>scribit</strong></span> <span class='ocrx_word' id='word_1_147' title='bbox 2302 722 2380 778; x_wconf 88' lang='lat' dir='ltr'><strong>ab</strong></span> <span class='ocrx_word' id='word_1_148' title='bbox 2394 723 2651 779; x_wconf 83' lang='lat' dir='ltr'><strong>Auxumi</strong></span> <span class='ocrx_word' id='word_1_149' title='bbox 2682 722 3025 796; x_wconf 87' lang='lat' dir='ltr'><strong>quindecim</strong></span> <span class='ocrx_word' id='word_1_150' title='bbox 3051 723 3257 780; x_wconf 88' lang='lat' dir='ltr'><strong>itinere</strong></span> <span class='ocrx_word' id='word_1_151' title='bbox 3287 723 3408 780; x_wconf 85' lang='lat' dir='ltr'><strong>die-</strong></span> 
     </span>
    </p>
   </div>
   <div class='ocr_carea' id='block_1_21' title="bbox 1750 811 3406 869">
    <p class='ocr_par' dir='ltr' id='par_1_21' title="bbox 1750 811 3406 869">
     <span class='ocr_line' id='line_1_21' title="bbox 1750 811 3406 869; baseline 0.002 -3"><span class='ocrx_word' id='word_1_152' title='bbox 1750 828 1884 867; x_wconf 88' lang='lat' dir='ltr'><strong>rum</strong></span> <span class='ocrx_word' id='word_1_153' title='bbox 1909 811 2148 867; x_wconf 82' lang='lat' dir='ltr'><strong>distare.</strong></span> <span class='ocrx_word' id='word_1_154' title='bbox 2178 811 2577 868; x_wconf 88' lang='lat' dir='ltr'><strong>Proﬁciscenti</strong></span> <span class='ocrx_word' id='word_1_155' title='bbox 2607 828 2749 868; x_wconf 88' lang='lat' dir='ltr'><strong>vero</strong></span> <span class='ocrx_word' id='word_1_156' title='bbox 2789 812 3089 868; x_wconf 80' lang='lat' dir='ltr'><strong>Auxumin</strong></span> <span class='ocrx_word' id='word_1_157' title='bbox 3122 812 3406 869; x_wconf 88' lang='lat' dir='ltr'><strong>Nonnoso</strong></span> 
     </span>
    </p>
   </div>
   <div class='ocr_carea' id='block_1_22' title="bbox 1751 902 3403 973">
    <p class='ocr_par' dir='ltr' id='par_1_22' title="bbox 1751 902 3403 973">
     <span class='ocr_line' id='line_1_22' title="bbox 1751 902 3403 973; baseline 0.001 -16"><span class='ocrx_word' id='word_1_158' title='bbox 1751 917 1887 957; x_wconf 93' lang='lat' dir='ltr'><strong>cum</strong></span> <span class='ocrx_word' id='word_1_159' title='bbox 1922 902 2064 967; x_wconf 86' lang='lat' dir='ltr'><strong>suis,</strong></span> <span class='ocrx_word' id='word_1_160' title='bbox 2110 902 2441 957; x_wconf 79' lang='lat' dir='ltr'><strong>maximum</strong></span> <span class='ocrx_word' id='word_1_161' title='bbox 2482 902 2597 957; x_wconf 92' lang='lat' dir='ltr'><strong>hoc</strong></span> <span class='ocrx_word' id='word_1_162' title='bbox 2627 902 2931 973; x_wconf 87' lang='lat' dir='ltr'><strong>objectum</strong></span> <span class='ocrx_word' id='word_1_163' title='bbox 2975 902 3403 972; x_wconf 81' lang='lat' dir='ltr'><strong>spectaculum,</strong></span> 
     </span>
    </p>
   </div>
   <div class='ocr_carea' id='block_1_23' title="bbox 1752 989 3407 1063">
    <p class='ocr_par' dir='ltr' id='par_1_23' title="bbox 1752 989 3407 1063">
     <span class='ocr_line' id='line_1_23' title="bbox 1752 989 3407 1063; baseline 0.001 -17"><span class='ocrx_word' id='word_1_164' title='bbox 1752 990 1825 1046; x_wconf 89' lang='lat' dir='ltr'><strong>ad</strong></span> <span class='ocrx_word' id='word_1_165' title='bbox 1876 989 2179 1059; x_wconf 79' lang='lat' dir='ltr'><strong>regionem</strong></span> <span class='ocrx_word' id='word_1_166' title='bbox 2229 995 2387 1045; x_wconf 87' lang='lat' dir='ltr'><strong>Aven</strong></span> <span class='ocrx_word' id='word_1_167' title='bbox 2437 990 2682 1056; x_wconf 77' lang='lat' dir='ltr'><strong>dictam,</strong></span> <span class='ocrx_word' id='word_1_168' title='bbox 2716 1006 2852 1063; x_wconf 83' lang='lat' dir='ltr'><strong>quae</strong></span> <span class='ocrx_word' id='word_1_169' title='bbox 2901 990 3098 1047; x_wconf 90' lang='lat' dir='ltr'><strong>media</strong></span> <span class='ocrx_word' id='word_1_170' title='bbox 3127 995 3214 1046; x_wconf 90' lang='lat' dir='ltr'><strong>est</strong></span> <span class='ocrx_word' id='word_1_171' title='bbox 3255 991 3407 1048; x_wconf 85' lang='lat' dir='ltr'><strong>inter</strong></span> 
     </span>
    </p>
   </div>
   <div class='ocr_carea' id='block_1_24' title="bbox 1752 1079 3406 1151">
    <p class='ocr_par' dir='ltr' id='par_1_24' title="bbox 1752 1079 3406 1151">
     <span class='ocr_line' id='line_1_24' title="bbox 1752 1079 3406 1151; baseline 0.002 -18"><span class='ocrx_word' id='word_1_172' title='bbox 1752 1080 2047 1134; x_wconf 84' lang='lat' dir='ltr'><strong>Auxumin</strong></span> <span class='ocrx_word' id='word_1_173' title='bbox 2075 1084 2133 1133; x_wconf 88' lang='lat' dir='ltr'><strong>et</strong></span> <span class='ocrx_word' id='word_1_174' title='bbox 2156 1079 2374 1133; x_wconf 87' lang='lat' dir='ltr'><strong>Adulin</strong></span> <span class='ocrx_word' id='word_1_175' title='bbox 2403 1079 2600 1144; x_wconf 83' lang='lat' dir='ltr'><strong>urbes,</strong></span> <span class='ocrx_word' id='word_1_176' title='bbox 2636 1079 3091 1151; x_wconf 79' lang='lat' dir='ltr'><strong>elephantorum</strong></span> <span class='ocrx_word' id='word_1_177' title='bbox 3119 1079 3406 1136; x_wconf 86' lang='lat' dir='ltr'><strong>nimirum</strong></span> 
     </span>
    </p>
   </div>
   <div class='ocr_carea' id='block_1_25' title="bbox 1756 1166 3404 1240">
    <p class='ocr_par' dir='ltr' id='par_1_25' title="bbox 1756 1166 3404 1240">
     <span class='ocr_line' id='line_1_25' title="bbox 1756 1166 3404 1240; baseline 0 -19"><span class='ocrx_word' id='word_1_178' title='bbox 1756 1166 2073 1222; x_wconf 77' lang='lat' dir='ltr'><strong>multitudo</strong></span> <span class='ocrx_word' id='word_1_179' title='bbox 2112 1182 2233 1222; x_wconf 92' lang='lat' dir='ltr'><strong>non</strong></span> <span class='ocrx_word' id='word_1_180' title='bbox 2268 1168 2524 1231; x_wconf 91' lang='lat' dir='ltr'><strong>modica,</strong></span> <span class='ocrx_word' id='word_1_181' title='bbox 2545 1168 2668 1221; x_wconf 91' lang='lat' dir='ltr'><strong>imo</strong></span> <span class='ocrx_word' id='word_1_182' title='bbox 2699 1167 2885 1223; x_wconf 85' lang='lat' dir='ltr'><strong>millia</strong></span> <span class='ocrx_word' id='word_1_183' title='bbox 2906 1168 3089 1223; x_wconf 83' lang='lat' dir='ltr'><strong>ferme</strong></span> <span class='ocrx_word' id='word_1_184' title='bbox 3117 1168 3404 1240; x_wconf 91' lang='lat' dir='ltr'><strong>quinque.</strong></span> 
     </span>
    </p>
   </div>
   <div class='ocr_carea' id='block_1_26' title="bbox 1756 1256 3411 1329">
    <p class='ocr_par' dir='ltr' id='par_1_26' title="bbox 1756 1256 3411 1329">
     <span class='ocr_line' id='line_1_26' title="bbox 1756 1256 3411 1329; baseline 0.001 -19"><span class='ocrx_word' id='word_1_185' title='bbox 1756 1256 2086 1312; x_wconf 88' lang='lat' dir='ltr'><strong>Pascebant</strong></span> <span class='ocrx_word' id='word_1_186' title='bbox 2109 1256 2166 1311; x_wconf 91' lang='lat' dir='ltr'><strong>hi</strong></span> <span class='ocrx_word' id='word_1_187' title='bbox 2188 1256 2485 1329; x_wconf 87' lang='lat' dir='ltr'><strong>elephanti</strong></span> <span class='ocrx_word' id='word_1_188' title='bbox 2514 1256 2782 1313; x_wconf 82' lang='lat' dir='ltr'><strong>maximo</strong></span> <span class='ocrx_word' id='word_1_189' title='bbox 2804 1258 2862 1311; x_wconf 92' lang='lat' dir='ltr'><strong>in</strong></span> <span class='ocrx_word' id='word_1_190' title='bbox 2885 1272 3122 1328; x_wconf 81' lang='lat' dir='ltr'><strong>campo,</strong></span> <span class='ocrx_word' id='word_1_191' title='bbox 3144 1257 3411 1329; x_wconf 85' lang='lat' dir='ltr'><strong>propius-</strong></span> 
     </span>
    </p>
   </div>
   <div class='ocr_carea' id='block_1_27' title="bbox 1752 1344 3410 1417">
    <p class='ocr_par' dir='ltr' id='par_1_27' title="bbox 1752 1344 3410 1417">
     <span class='ocr_line' id='line_1_27' title="bbox 1752 1344 3410 1417; baseline 0.001 -17"><span class='ocrx_word' id='word_1_192' title='bbox 1752 1361 1867 1417; x_wconf 88' lang='lat' dir='ltr'><strong>que</strong></span> <span class='ocrx_word' id='word_1_193' title='bbox 1895 1346 2177 1401; x_wconf 87' lang='lat' dir='ltr'><strong>accedere</strong></span> <span class='ocrx_word' id='word_1_194' title='bbox 2207 1345 2432 1401; x_wconf 88' lang='lat' dir='ltr'><strong>nemini</strong></span> <span class='ocrx_word' id='word_1_195' title='bbox 2460 1346 2555 1416; x_wconf 81' lang='lat' dir='ltr'><strong>3a</strong></span> <span class='ocrx_word' id='word_1_196' title='bbox 2586 1345 2920 1402; x_wconf 87' lang='lat' dir='ltr'><strong>incolarum</strong></span> <span class='ocrx_word' id='word_1_197' title='bbox 2946 1344 3112 1401; x_wconf 88' lang='lat' dir='ltr'><strong>facile</strong></span> <span class='ocrx_word' id='word_1_198' title='bbox 3139 1351 3281 1411; x_wconf 89' lang='lat' dir='ltr'><strong>erat,</strong></span> <span class='ocrx_word' id='word_1_199' title='bbox 3310 1361 3410 1401; x_wconf 90' lang='lat' dir='ltr'><strong>ne-</strong></span> 
     </span>
    </p>
   </div>
   <div class='ocr_carea' id='block_1_28' title="bbox 1752 1433 3408 1508">
    <p class='ocr_par' dir='ltr' id='par_1_28' title="bbox 1752 1433 3408 1508">
     <span class='ocr_line' id='line_1_28' title="bbox 1752 1433 3408 1508; baseline 0.002 -19"><span class='ocrx_word' id='word_1_200' title='bbox 1752 1450 1869 1507; x_wconf 89' lang='lat' dir='ltr'><strong>que</strong></span> <span class='ocrx_word' id='word_1_201' title='bbox 1892 1441 2063 1506; x_wconf 88' lang='lat' dir='ltr'><strong>pastu</strong></span> <span class='ocrx_word' id='word_1_202' title='bbox 2087 1433 2425 1506; x_wconf 89' lang='lat' dir='ltr'><strong>prohibere.</strong></span> <span class='ocrx_word' id='word_1_203' title='bbox 2451 1436 2573 1491; x_wconf 84' lang='lat' dir='ltr'><strong>Hoc</strong></span> <span class='ocrx_word' id='word_1_204' title='bbox 2597 1435 2708 1491; x_wconf 87' lang='lat' dir='ltr'><strong>illis</strong></span> <span class='ocrx_word' id='word_1_205' title='bbox 2738 1436 2971 1493; x_wconf 86' lang='lat' dir='ltr'><strong>interim</strong></span> <span class='ocrx_word' id='word_1_206' title='bbox 3000 1434 3408 1508; x_wconf 80' lang='lat' dir='ltr'><strong>spectaculum</strong></span> 
     </span>
    </p>
   </div>
   <div class='ocr_carea' id='block_1_29' title="bbox 1751 1523 2029 1581">
    <p class='ocr_par' dir='ltr' id='par_1_29' title="bbox 1751 1523 2029 1581">
     <span class='ocr_line' id='line_1_29' title="bbox 1751 1523 2029 1581; baseline -0.007 0"><span class='ocrx_word' id='word_1_207' title='bbox 1751 1523 2029 1581; x_wconf 89' lang='lat' dir='ltr'><strong>occurrit.</strong></span> 
     </span>
    </p>
   </div>
   <div class='ocr_carea' id='block_1_30' title="bbox 1824 1700 3411 1774">
    <p class='ocr_par' dir='ltr' id='par_1_30' title="bbox 1824 1700 3411 1774">
     <span class='ocr_line' id='line_1_30' title="bbox 1824 1700 3411 1774; baseline 0.001 -18"><span class='ocrx_word' id='word_1_208' title='bbox 1824 1701 1904 1757; x_wconf 94' lang='lat' dir='ltr'><strong>De</strong></span> <span class='ocrx_word' id='word_1_209' title='bbox 1973 1700 2105 1757; x_wconf 67' lang='lat' dir='ltr'><strong>caeli</strong></span> <span class='ocrx_word' id='word_1_210' title='bbox 2162 1714 2405 1774; x_wconf 87' lang='lat' dir='ltr'><strong>quoque</strong></span> <span class='ocrx_word' id='word_1_211' title='bbox 2454 1701 2868 1759; x_wconf 89' lang='lat' dir='ltr'><strong>constitutione</strong></span> <span class='ocrx_word' id='word_1_212' title='bbox 2925 1702 3123 1759; x_wconf 89' lang='lat' dir='ltr'><strong>dicere</strong></span> <span class='ocrx_word' id='word_1_213' title='bbox 3157 1704 3411 1774; x_wconf 83' lang='lat' dir='ltr'><strong>Oportet,</strong></span> 
     </span>
    </p>
   </div>
   <div class='ocr_carea' id='block_1_31' title="bbox 104 1789 1642 1865">
    <p class='ocr_par' dir='ltr' id='par_1_31' title="bbox 104 1791 1641 1865">
     <span class='ocr_line' id='line_1_31' title="bbox 104 1791 1641 1865; baseline 0.001 -21"><span class='ocrx_word' id='word_1_214' title='bbox 104 1794 237 1853; x_wconf 73' lang='grc' dir='ltr'>εἰπεῖν,</span> <span class='ocrx_word' id='word_1_215' title='bbox 262 1796 335 1845; x_wconf 81' lang='grc' dir='ltr'><strong>οἱα</strong></span> <span class='ocrx_word' id='word_1_216' title='bbox 379 1794 474 1847; x_wconf 74' lang='grc' dir='ltr'>ἀπὸ</span> <span class='ocrx_word' id='word_1_217' title='bbox 523 1803 625 1856; x_wconf 81' lang='grc' dir='ltr'>τῆς</span> <span class='ocrx_word' id='word_1_218' title='bbox 671 1799 813 1857; x_wconf 62' lang='lat' dir='ltr'><strong>Ain;</strong></span> <span class='ocrx_word' id='word_1_219' title='bbox 841 1795 923 1848; x_wconf 80' lang='grc' dir='ltr'>έπὶ</span> <span class='ocrx_word' id='word_1_220' title='bbox 956 1800 1048 1853; x_wconf 83' lang='grc' dir='ltr'>τὴν</span> <span class='ocrx_word' id='word_1_221' title='bbox 1077 1794 1337 1865; x_wconf 79' lang='grc' dir='ltr'>Αὕξουμιν</span> <span class='ocrx_word' id='word_1_222' title='bbox 1383 1791 1641 1865; x_wconf 82' lang='grc' dir='ltr'>διαδέχε-</span> 
     </span>
    </p>
   </div>
   <div class='ocr_carea' id='block_1_32' title="bbox 1755 1789 3413 1865">
    <p class='ocr_par' dir='ltr' id='par_1_32' title="bbox 1755 1789 3413 1863">
     <span class='ocr_line' id='line_1_32' title="bbox 1755 1789 3413 1863; baseline -0.001 -17"><span class='ocrx_word' id='word_1_223' title='bbox 1755 1807 1886 1863; x_wconf 73' lang='lat' dir='ltr'><strong>quas</strong></span> <span class='ocrx_word' id='word_1_224' title='bbox 1917 1796 2007 1846; x_wconf 90' lang='lat' dir='ltr'><strong>est</strong></span> <span class='ocrx_word' id='word_1_225' title='bbox 2036 1790 2115 1845; x_wconf 89' lang='lat' dir='ltr'><strong>ab</strong></span> <span class='ocrx_word' id='word_1_226' title='bbox 2147 1795 2266 1845; x_wconf 91' lang='lat' dir='ltr'><strong>Ave</strong></span> <span class='ocrx_word' id='word_1_227' title='bbox 2296 1790 2371 1845; x_wconf 91' lang='lat' dir='ltr'><strong>ad</strong></span> <span class='ocrx_word' id='word_1_228' title='bbox 2418 1789 2715 1846; x_wconf 81' lang='lat' dir='ltr'><strong>Auxumin</strong></span> <span class='ocrx_word' id='word_1_229' title='bbox 2746 1808 2760 1847; x_wconf 89' lang='lat'><strong>:</strong></span> <span class='ocrx_word' id='word_1_230' title='bbox 2794 1795 3002 1848; x_wconf 88' lang='lat' dir='ltr'><strong>contra</strong></span> <span class='ocrx_word' id='word_1_231' title='bbox 3049 1791 3210 1848; x_wconf 86' lang='lat' dir='ltr'><strong>enim</strong></span> <span class='ocrx_word' id='word_1_232' title='bbox 3238 1795 3413 1846; x_wconf 74' lang='lat' dir='ltr'><strong>testas</strong></span> 
     </span>
    </p>
   </div>
   <div class='ocr_carea' id='block_1_33' title="bbox 106 1880 1643 1959">
    <p class='ocr_par' dir='ltr' id='par_1_33' title="bbox 106 1880 1643 1959">
     <span class='ocr_line' id='line_1_33' title="bbox 106 1880 1643 1959; baseline 0.001 -26"><span class='ocrx_word' id='word_1_233' title='bbox 106 1905 182 1938; x_wconf 70' lang='grc' dir='ltr'>ται.</span> <span class='ocrx_word' id='word_1_234' title='bbox 215 1886 453 1946; x_wconf 74' lang='grc' dir='ltr'>Ἐναντίως</span> <span class='ocrx_word' id='word_1_235' title='bbox 490 1888 597 1956; x_wconf 73' lang='grc' dir='ltr'><strong>γὰρ</strong></span> <span class='ocrx_word' id='word_1_236' title='bbox 652 1890 769 1959; x_wconf 88' lang='grc' dir='ltr'>περί</span> <span class='ocrx_word' id='word_1_237' title='bbox 813 1904 866 1938; x_wconf 87' lang='grc' dir='ltr'><strong>τε</strong></span> <span class='ocrx_word' id='word_1_238' title='bbox 916 1887 1058 1956; x_wconf 85' lang='grc' dir='ltr'>θέρος</span> <span class='ocrx_word' id='word_1_239' title='bbox 1108 1890 1194 1937; x_wconf 73' lang='grc' dir='ltr'><strong>καὶ</strong></span> <span class='ocrx_word' id='word_1_240' title='bbox 1243 1892 1481 1956; x_wconf 86' lang='grc' dir='ltr'>χειμῶνα</span> <span class='ocrx_word' id='word_1_241' title='bbox 1520 1880 1643 1937; x_wconf 77' lang='grc' dir='ltr'><strong>διά-</strong></span> 
     </span>
    </p>
   </div>
   <div class='ocr_carea' id='block_1_34' title="bbox 102 1975 1643 2046">
    <p class='ocr_par' dir='ltr' id='par_1_34' title="bbox 102 1975 1643 2046">
     <span class='ocr_line' id='line_1_34' title="bbox 102 1975 1643 2046; baseline 0.001 -23"><span class='ocrx_word' id='word_1_242' title='bbox 102 1980 358 2025; x_wconf 48' lang='grc' dir='ltr'>ιιιηιἌῙόῦ</span> <span class='ocrx_word' id='word_1_243' title='bbox 402 1976 501 2045; x_wconf 69' lang='grc' dir='ltr'>γὰρ</span> <span class='ocrx_word' id='word_1_244' title='bbox 562 1975 715 2032; x_wconf 70' lang='grc' dir='ltr'>ἡλίου</span> <span class='ocrx_word' id='word_1_245' title='bbox 769 1978 853 2027; x_wconf 86' lang='grc' dir='ltr'>τὸν</span> <span class='ocrx_word' id='word_1_246' title='bbox 907 1979 1157 2046; x_wconf 80' lang='grc' dir='ltr'><strong>Καρκίνον</strong></span> <span class='ocrx_word' id='word_1_247' title='bbox 1206 1993 1257 2027; x_wconf 90' lang='grc' dir='ltr'><strong>τε</strong></span> <span class='ocrx_word' id='word_1_248' title='bbox 1302 1978 1392 2025; x_wconf 81' lang='grc' dir='ltr'><strong>καὶ</strong></span> <span class='ocrx_word' id='word_1_249' title='bbox 1448 1978 1643 2027; x_wconf 78' lang='grc' dir='ltr'>Λέοντα</span> 
     </span>
    </p>
   </div>
   <div class='ocr_carea' id='block_1_35' title="bbox 103 2060 1639 2137">
    <p class='ocr_par' dir='ltr' id='par_1_35' title="bbox 103 2060 1639 2137">
     <span class='ocr_line' id='line_1_35' title="bbox 103 2060 1639 2137; baseline 0.006 -26"><span class='ocrx_word' id='word_1_250' title='bbox 103 2070 161 2113; x_wconf 72' lang='grc' dir='ltr'><strong>ω</strong></span> <span class='ocrx_word' id='word_1_251' title='bbox 227 2064 454 2135; x_wconf 74' lang='grc' dir='ltr'>Παρθένον</span> <span class='ocrx_word' id='word_1_252' title='bbox 538 2060 892 2137; x_wconf 69' lang='grc' dir='ltr'>διερχομένου</span> <span class='ocrx_word' id='word_1_253' title='bbox 960 2069 1124 2137; x_wconf 82' lang='grc' dir='ltr'>μέχρι</span> <span class='ocrx_word' id='word_1_254' title='bbox 1184 2066 1274 2135; x_wconf 69' lang='grc' dir='ltr'><strong>μεν</strong></span> <span class='ocrx_word' id='word_1_255' title='bbox 1331 2072 1424 2124; x_wconf 86' lang='grc' dir='ltr'>τῆς</span> <span class='ocrx_word' id='word_1_256' title='bbox 1482 2065 1639 2129; x_wconf 69' lang='grc' dir='ltr'>Αῧης,</span> 
     </span>
    </p>
   </div>
   <div class='ocr_carea' id='block_1_36' title="bbox 105 2148 1645 2227">
    <p class='ocr_par' dir='ltr' id='par_1_36' title="bbox 105 2148 1645 2227">
     <span class='ocr_line' id='line_1_36' title="bbox 105 2148 1645 2227; baseline 0.003 -29"><span class='ocrx_word' id='word_1_257' title='bbox 105 2154 229 2221; x_wconf 68' lang='grc' dir='ltr'>ὠσπερ</span> <span class='ocrx_word' id='word_1_258' title='bbox 273 2158 349 2203; x_wconf 73' lang='grc' dir='ltr'><strong>καὶ</strong></span> <span class='ocrx_word' id='word_1_259' title='bbox 378 2154 496 2224; x_wconf 82' lang='grc' dir='ltr'>παρ’</span> <span class='ocrx_word' id='word_1_260' title='bbox 526 2155 681 2224; x_wconf 75' lang='grc' dir='ltr'>ἡμῖν,</span> <span class='ocrx_word' id='word_1_261' title='bbox 714 2155 861 2227; x_wconf 81' lang='grc' dir='ltr'>θέρος</span> <span class='ocrx_word' id='word_1_262' title='bbox 894 2172 947 2204; x_wconf 83' lang='grc' dir='ltr'><strong>τι</strong></span> <span class='ocrx_word' id='word_1_263' title='bbox 985 2158 1073 2204; x_wconf 80' lang='grc' dir='ltr'><strong>καὶ</strong></span> <span class='ocrx_word' id='word_1_264' title='bbox 1114 2153 1336 2227; x_wconf 79' lang='grc' dir='ltr'>ξηρότης</span> <span class='ocrx_word' id='word_1_265' title='bbox 1369 2148 1645 2226; x_wconf 79' lang='grc' dir='ltr'>διακρατεῖ</span> 
     </span>
    </p>
   </div>
   <div class='ocr_carea' id='block_1_37' title="bbox 106 2237 1640 2311">
    <p class='ocr_par' dir='ltr' id='par_1_37' title="bbox 106 2237 1640 2311">
     <span class='ocr_line' id='line_1_37' title="bbox 106 2237 1640 2311; baseline 0.002 -23"><span class='ocrx_word' id='word_1_266' title='bbox 106 2244 163 2289; x_wconf 64' lang='grc' dir='ltr'><strong>τὸν</strong></span> <span class='ocrx_word' id='word_1_267' title='bbox 202 2238 324 2311; x_wconf 72' lang='grc' dir='ltr'>ἀέρα,</span> <span class='ocrx_word' id='word_1_268' title='bbox 351 2239 444 2291; x_wconf 86' lang='grc' dir='ltr'>ἀπὸ</span> <span class='ocrx_word' id='word_1_269' title='bbox 485 2237 546 2293; x_wconf 75' lang='grc' dir='ltr'>δε</span> <span class='ocrx_word' id='word_1_270' title='bbox 597 2249 692 2303; x_wconf 77' lang='grc' dir='ltr'>τῆς</span> <span class='ocrx_word' id='word_1_271' title='bbox 728 2246 869 2302; x_wconf 73' lang='grc' dir='ltr'>Αὖης</span> <span class='ocrx_word' id='word_1_272' title='bbox 898 2241 981 2293; x_wconf 82' lang='grc' dir='ltr'>έπὶ</span> <span class='ocrx_word' id='word_1_273' title='bbox 1024 2246 1116 2300; x_wconf 81' lang='grc' dir='ltr'>τὴν</span> <span class='ocrx_word' id='word_1_274' title='bbox 1160 2241 1316 2298; x_wconf 78' lang='grc' dir='ltr'>ἄλλην</span> <span class='ocrx_word' id='word_1_275' title='bbox 1365 2240 1640 2293; x_wconf 80' lang='grc' dir='ltr'>Αἰθιοπίαν</span> 
     </span>
    </p>
   </div>
   <div class='ocr_carea' id='block_1_38' title="bbox 108 2327 1639 2404">
    <p class='ocr_par' dir='ltr' id='par_1_38' title="bbox 108 2327 1639 2404">
     <span class='ocr_line' id='line_1_38' title="bbox 108 2327 1639 2404; baseline 0.003 -26"><span class='ocrx_word' id='word_1_276' title='bbox 108 2335 251 2394; x_wconf 61' lang='grc' dir='ltr'>χανὼν</span> <span class='ocrx_word' id='word_1_277' title='bbox 318 2332 571 2382; x_wconf 65' lang='grc' dir='ltr'>ἐπίκειται</span> <span class='ocrx_word' id='word_1_278' title='bbox 646 2329 895 2402; x_wconf 78' lang='grc' dir='ltr'>σφοδρὸς,</span> <span class='ocrx_word' id='word_1_279' title='bbox 970 2331 1028 2383; x_wconf 81' lang='grc' dir='ltr'><strong>ού</strong></span> <span class='ocrx_word' id='word_1_280' title='bbox 1100 2327 1173 2383; x_wconf 83' lang='grc' dir='ltr'><strong>δι’</strong></span> <span class='ocrx_word' id='word_1_281' title='bbox 1230 2329 1351 2391; x_wconf 84' lang='grc' dir='ltr'>ὅλης</span> <span class='ocrx_word' id='word_1_282' title='bbox 1422 2332 1639 2404; x_wconf 80' lang='grc' dir='ltr'>ἡμέρας,</span> 
     </span>
    </p>
   </div>
   <div class='ocr_carea' id='block_1_39' title="bbox 110 2414 1638 2491">
    <p class='ocr_par' dir='ltr' id='par_1_39' title="bbox 110 2414 1638 2491">
     <span class='ocr_line' id='line_1_39' title="bbox 110 2414 1638 2491; baseline 0.005 -27"><span class='ocrx_word' id='word_1_283' title='bbox 110 2414 195 2466; x_wconf 67' lang='lat' dir='ltr'><strong>i-iiz</strong></span> <span class='ocrx_word' id='word_1_284' title='bbox 416 2418 518 2470; x_wconf 82' lang='grc' dir='ltr'>ἀπὸ</span> <span class='ocrx_word' id='word_1_285' title='bbox 602 2418 931 2491; x_wconf 78' lang='grc' dir='ltr'>μεσημϐρίας</span> <span class='ocrx_word' id='word_1_286' title='bbox 1001 2419 1292 2491; x_wconf 73' lang='grc' dir='ltr'>ἀρχόμενος</span> <span class='ocrx_word' id='word_1_287' title='bbox 1372 2418 1638 2486; x_wconf 75' lang='grc' dir='ltr'>ἑκάστοτε,</span> 
     </span>
    </p>
   </div>
   <div class='ocr_carea' id='block_1_40' title="bbox 119 2504 1639 2583">
    <p class='ocr_par' dir='ltr' id='par_1_40' title="bbox 119 2504 1639 2583">
     <span class='ocr_line' id='line_1_40' title="bbox 119 2504 1639 2583; baseline 0.001 -27"><span class='ocrx_word' id='word_1_288' title='bbox 119 2516 264 2575; x_wconf 58' lang='grc' dir='ltr'>τωεοῆ</span> <span class='ocrx_word' id='word_1_289' title='bbox 311 2526 359 2559; x_wconf 84' lang='grc' dir='ltr'><strong>τε</strong></span> <span class='ocrx_word' id='word_1_290' title='bbox 400 2511 483 2560; x_wconf 79' lang='grc' dir='ltr'>τὸν</span> <span class='ocrx_word' id='word_1_291' title='bbox 541 2507 676 2580; x_wconf 79' lang='grc' dir='ltr'>ἀέρα</span> <span class='ocrx_word' id='word_1_292' title='bbox 727 2518 887 2561; x_wconf 85' lang='grc' dir='ltr'>ποιῶν</span> <span class='ocrx_word' id='word_1_293' title='bbox 936 2514 1023 2561; x_wconf 78' lang='grc' dir='ltr'>καὶ</span> <span class='ocrx_word' id='word_1_294' title='bbox 1076 2507 1290 2583; x_wconf 77' lang='grc' dir='ltr'>ὄμϐροις</span> <span class='ocrx_word' id='word_1_295' title='bbox 1338 2504 1639 2583; x_wconf 68' lang='grc' dir='ltr'>ῥαγδαίοις,</span> 
     </span>
    </p>
   </div>
   <div class='ocr_carea' id='block_1_41' title="bbox 118 2595 1641 2671">
    <p class='ocr_par' dir='ltr' id='par_1_41' title="bbox 118 2595 1641 2671">
     <span class='ocr_line' id='line_1_41' title="bbox 118 2595 1641 2671; baseline 0.005 -30"><span class='ocrx_word' id='word_1_296' title='bbox 118 2598 181 2648; x_wconf 59' lang='grc' dir='ltr'>τὴν</span> <span class='ocrx_word' id='word_1_297' title='bbox 227 2600 379 2665; x_wconf 69' lang='grc' dir='ltr'>χώραν</span> <span class='ocrx_word' id='word_1_298' title='bbox 448 2597 771 2657; x_wconf 73' lang='grc' dir='ltr'>έπικλύζων,</span> <span class='ocrx_word' id='word_1_299' title='bbox 828 2604 1127 2655; x_wconf 78' lang='grc' dir='ltr'>Τηνικαῦτα</span> <span class='ocrx_word' id='word_1_300' title='bbox 1195 2595 1254 2649; x_wconf 68' lang='grc' dir='ltr'><strong>δὲ</strong></span> <span class='ocrx_word' id='word_1_301' title='bbox 1310 2600 1415 2671; x_wconf 82' lang='grc' dir='ltr'>ἄρα</span> <span class='ocrx_word' id='word_1_302' title='bbox 1468 2602 1557 2649; x_wconf 84' lang='grc' dir='ltr'>καὶ</span> <span class='ocrx_word' id='word_1_303' title='bbox 1616 2598 1641 2649; x_wconf 87' lang='grc' dir='ltr'><strong><em>ὁ</em></strong></span> 
     </span>
    </p>
   </div>
   <div class='ocr_carea' id='block_1_42' title="bbox 112 2671 1641 2758">
    <p class='ocr_par' dir='ltr' id='par_1_42' title="bbox 112 2671 1641 2758">
     <span class='ocr_line' id='line_1_42' title="bbox 112 2671 1641 2758; baseline 0.005 -27"><span class='ocrx_word' id='word_1_304' title='bbox 112 2683 232 2742; x_wconf 63' lang='grc' dir='ltr'>Νεῖλος</span> <span class='ocrx_word' id='word_1_305' title='bbox 263 2685 407 2745; x_wconf 79' lang='grc' dir='ltr'>πολύς</span> <span class='ocrx_word' id='word_1_306' title='bbox 454 2686 542 2738; x_wconf 80' lang='grc' dir='ltr'><strong>ἐπὶ</strong></span> <span class='ocrx_word' id='word_1_307' title='bbox 593 2692 689 2743; x_wconf 72' lang='grc' dir='ltr'>τὴν</span> <span class='ocrx_word' id='word_1_308' title='bbox 733 2671 998 2757; x_wconf 72' lang='grc' dir='ltr'>Αέγυπτον</span> <span class='ocrx_word' id='word_1_309' title='bbox 1042 2685 1322 2758; x_wconf 78' lang='grc' dir='ltr'>ἐρχόμενος</span> <span class='ocrx_word' id='word_1_310' title='bbox 1374 2686 1641 2757; x_wconf 76' lang='grc' dir='ltr'>πελαγίζει</span> 
     </span>
    </p>
   </div>
   <div class='ocr_carea' id='block_1_43' title="bbox 109 2771 1639 2846">
    <p class='ocr_par' dir='ltr' id='par_1_43' title="bbox 109 2771 1639 2846">
     <span class='ocr_line' id='line_1_43' title="bbox 109 2771 1639 2846; baseline 0.007 -29"><span class='ocrx_word' id='word_1_311' title='bbox 109 2788 143 2819; x_wconf 76' lang='grc' dir='ltr'>τι</span> <span class='ocrx_word' id='word_1_312' title='bbox 180 2777 247 2823; x_wconf 74' lang='lat' dir='ltr'><strong>ui</strong></span> <span class='ocrx_word' id='word_1_313' title='bbox 280 2771 521 2846; x_wconf 65' lang='grc' dir='ltr'>κατάρδει</span> <span class='ocrx_word' id='word_1_314' title='bbox 574 2780 675 2832; x_wconf 78' lang='grc' dir='ltr'>τὴν</span> <span class='ocrx_word' id='word_1_315' title='bbox 721 2784 839 2845; x_wconf 73' lang='grc' dir='ltr'>γῆν,</span> <span class='ocrx_word' id='word_1_316' title='bbox 870 2777 951 2827; x_wconf 86' lang='grc' dir='ltr'>ὅτε</span> <span class='ocrx_word' id='word_1_317' title='bbox 996 2772 1054 2827; x_wconf 71' lang='grc' dir='ltr'>δε</span> <span class='ocrx_word' id='word_1_318' title='bbox 1095 2777 1120 2826; x_wconf 88' lang='grc' dir='ltr'><strong><em>ὁ</em></strong></span> <span class='ocrx_word' id='word_1_319' title='bbox 1169 2776 1313 2837; x_wconf 74' lang='grc' dir='ltr'>ἣλιος</span> <span class='ocrx_word' id='word_1_320' title='bbox 1356 2780 1441 2827; x_wconf 85' lang='grc' dir='ltr'>τὸν</span> <span class='ocrx_word' id='word_1_321' title='bbox 1488 2775 1639 2846; x_wconf 76' lang='grc' dir='ltr'><strong>Αἱγό·</strong></span> 
     </span>
    </p>
   </div>
   <div class='ocr_carea' id='block_1_44' title="bbox 105 2861 1638 2939">
    <p class='ocr_par' dir='ltr' id='par_1_44' title="bbox 105 2861 1638 2939">
     <span class='ocr_line' id='line_1_44' title="bbox 105 2861 1638 2939; baseline 0.006 -30"><span class='ocrx_word' id='word_1_322' title='bbox 105 2870 219 2929; x_wconf 60' lang='grc' dir='ltr'>κίρκον</span> <span class='ocrx_word' id='word_1_323' title='bbox 243 2865 281 2898; x_wconf 73' lang='grc'><strong>⁸³</strong></span> <span class='ocrx_word' id='word_1_324' title='bbox 321 2884 370 2916; x_wconf 74' lang='grc' dir='ltr'><strong>τι</strong></span> <span class='ocrx_word' id='word_1_325' title='bbox 416 2869 503 2917; x_wconf 80' lang='grc' dir='ltr'><strong>καὶ</strong></span> <span class='ocrx_word' id='word_1_326' title='bbox 544 2861 841 2938; x_wconf 82' lang='grc' dir='ltr'>Ὑδροχοον</span> <span class='ocrx_word' id='word_1_327' title='bbox 884 2870 973 2917; x_wconf 79' lang='grc' dir='ltr'><strong>καὶ</strong></span> <span class='ocrx_word' id='word_1_328' title='bbox 1002 2867 1236 2937; x_wconf 77' lang='grc' dir='ltr'>’ἰχθύας</span> <span class='ocrx_word' id='word_1_329' title='bbox 1261 2864 1638 2939; x_wconf 70' lang='grc' dir='ltr'>ἐπιπορεύεται,</span> 
     </span>
    </p>
   </div>
   <div class='ocr_carea' id='block_1_45' title="bbox 110 2947 1642 3027">
    <p class='ocr_par' dir='ltr' id='par_1_45' title="bbox 110 2947 1642 3027">
     <span class='ocr_line' id='line_1_45' title="bbox 110 2947 1642 3027; baseline 0.007 -32"><span class='ocrx_word' id='word_1_330' title='bbox 110 2947 295 3002; x_wconf 54' lang='lat' dir='ltr'><strong>iam)“</strong></span> <span class='ocrx_word' id='word_1_331' title='bbox 345 2955 369 3004; x_wconf 85' lang='grc' dir='ltr'><strong><em>ὁ</em></strong></span> <span class='ocrx_word' id='word_1_332' title='bbox 441 2953 543 3026; x_wconf 72' lang='grc' dir='ltr'>ἀὴρ</span> <span class='ocrx_word' id='word_1_333' title='bbox 626 2962 734 3016; x_wconf 85' lang='grc' dir='ltr'>τοῖς</span> <span class='ocrx_word' id='word_1_334' title='bbox 787 2957 878 3025; x_wconf 78' lang='grc' dir='ltr'><strong>μεν</strong></span> <span class='ocrx_word' id='word_1_335' title='bbox 936 2950 1264 3016; x_wconf 85' lang='grc' dir='ltr'>Ἀδουλίταις</span> <span class='ocrx_word' id='word_1_336' title='bbox 1315 2959 1479 3027; x_wconf 83' lang='grc' dir='ltr'>μέχρι</span> <span class='ocrx_word' id='word_1_337' title='bbox 1552 2964 1642 3015; x_wconf 84' lang='grc' dir='ltr'>τῆς</span> 
     </span>
    </p>
   </div>
   <div class='ocr_carea' id='block_1_46' title="bbox 109 3038 1641 3117">
    <p class='ocr_par' dir='ltr' id='par_1_46' title="bbox 109 3038 1641 3117">
     <span class='ocr_line' id='line_1_46' title="bbox 109 3038 1641 3117; baseline 0.005 -30"><span class='ocrx_word' id='word_1_338' title='bbox 109 3038 204 3098; x_wconf 54' lang='lat' dir='ltr'><strong>iis;</strong></span> <span class='ocrx_word' id='word_1_339' title='bbox 226 3039 415 3112; x_wconf 74' lang='grc' dir='ltr'>ὄμϐροις</span> <span class='ocrx_word' id='word_1_340' title='bbox 460 3041 737 3103; x_wconf 73' lang='grc' dir='ltr'>ἐπικλύζει</span> <span class='ocrx_word' id='word_1_341' title='bbox 788 3047 881 3101; x_wconf 78' lang='grc' dir='ltr'>τὴν</span> <span class='ocrx_word' id='word_1_342' title='bbox 930 3048 1132 3117; x_wconf 81' lang='grc' dir='ltr'>χώραν,</span> <span class='ocrx_word' id='word_1_343' title='bbox 1164 3050 1268 3104; x_wconf 85' lang='grc' dir='ltr'>τοῖς</span> <span class='ocrx_word' id='word_1_344' title='bbox 1300 3040 1357 3096; x_wconf 73' lang='grc' dir='ltr'>δε</span> <span class='ocrx_word' id='word_1_345' title='bbox 1405 3042 1505 3096; x_wconf 83' lang='grc' dir='ltr'>ἀπὸ</span> <span class='ocrx_word' id='word_1_346' title='bbox 1548 3051 1641 3105; x_wconf 86' lang='grc' dir='ltr'>τῆς</span> 
     </span>
    </p>
   </div>
   <div class='ocr_carea' id='block_1_47' title="bbox 112 3130 1720 3217">
    <p class='ocr_par' dir='ltr' id='par_1_47' title="bbox 112 3130 1720 3217">
     <span class='ocr_line' id='line_1_47' title="bbox 112 3130 1720 3217; baseline 0.001 -35"><span class='ocrx_word' id='word_1_347' title='bbox 112 3130 208 3187; x_wconf 64' lang='grc' dir='ltr'>55ης</span> <span class='ocrx_word' id='word_1_348' title='bbox 260 3134 403 3201; x_wconf 77' lang='grc' dir='ltr'>μέχρι</span> <span class='ocrx_word' id='word_1_349' title='bbox 456 3131 778 3202; x_wconf 79' lang='grc' dir='ltr'>Δύξούμεως</span> <span class='ocrx_word' id='word_1_350' title='bbox 834 3136 925 3183; x_wconf 76' lang='grc' dir='ltr'><strong>καὶ</strong></span> <span class='ocrx_word' id='word_1_351' title='bbox 991 3138 1081 3192; x_wconf 80' lang='grc' dir='ltr'>τῆς</span> <span class='ocrx_word' id='word_1_352' title='bbox 1134 3132 1293 3193; x_wconf 80' lang='grc' dir='ltr'>ἄλλης</span> <span class='ocrx_word' id='word_1_353' title='bbox 1367 3132 1643 3193; x_wconf 81' lang='grc' dir='ltr'>Αἰθιοπίας</span> <span class='ocrx_word' id='word_1_354' title='bbox 1679 3159 1720 3217; x_wconf 79' lang='lat' dir='ltr'>C</span> 
     </span>
    </p>
   </div>
   <div class='ocr_carea' id='block_1_48' title="bbox 108 3217 1644 3295">
    <p class='ocr_par' dir='ltr' id='par_1_48' title="bbox 108 3217 1644 3295">
     <span class='ocr_line' id='line_1_48' title="bbox 108 3217 1644 3295; baseline -0.005 -15"><span class='ocrx_word' id='word_1_355' title='bbox 108 3217 208 3287; x_wconf 57' lang='grc' dir='ltr'>θέρθς</span> <span class='ocrx_word' id='word_1_356' title='bbox 232 3236 275 3271; x_wconf 77' lang='grc' dir='ltr'><strong>τι</strong></span> <span class='ocrx_word' id='word_1_357' title='bbox 297 3224 378 3271; x_wconf 72' lang='grc' dir='ltr'><strong>καὶ</strong></span> <span class='ocrx_word' id='word_1_358' title='bbox 406 3223 467 3273; x_wconf 78' lang='grc' dir='ltr'><strong>τὰ</strong></span> <span class='ocrx_word' id='word_1_359' title='bbox 514 3223 693 3295; x_wconf 77' lang='grc' dir='ltr'>ὡραῖα</span> <span class='ocrx_word' id='word_1_360' title='bbox 735 3228 1024 3279; x_wconf 82' lang='grc' dir='ltr'>τηνικαῦτα</span> <span class='ocrx_word' id='word_1_361' title='bbox 1060 3224 1264 3283; x_wconf 88' lang='grc' dir='ltr'>τούτοις</span> <span class='ocrx_word' id='word_1_362' title='bbox 1311 3223 1340 3281; x_wconf 75' lang='grc' dir='ltr'>ἡ</span> <span class='ocrx_word' id='word_1_363' title='bbox 1373 3230 1439 3293; x_wconf 79' lang='grc' dir='ltr'><strong>γῆ</strong></span> <span class='ocrx_word' id='word_1_364' title='bbox 1473 3240 1644 3294; x_wconf 91' lang='grc' dir='ltr'>παρα-</span> 
     </span>
    </p>
   </div>
   <div class='ocr_carea' id='block_1_49' title="bbox 110 3302 293 3359">
    <p class='ocr_par' dir='ltr' id='par_1_49' title="bbox 110 3302 293 3359">
     <span class='ocr_line' id='line_1_49' title="bbox 110 3302 293 3359; baseline 0.033 -6"><span class='ocrx_word' id='word_1_365' title='bbox 110 3302 293 3359; x_wconf 63' lang='grc' dir='ltr'>δίδωσιν.</span> 
     </span>
    </p>
   </div>
   <div class='ocr_carea' id='block_1_50' title="bbox 154 3394 1643 3471">
    <p class='ocr_par' dir='ltr' id='par_1_50' title="bbox 154 3394 1643 3471">
     <span class='ocr_line' id='line_1_50' title="bbox 154 3394 1643 3471; baseline 0.003 -24"><span class='ocrx_word' id='word_1_366' title='bbox 154 3394 243 3447; x_wconf 77' lang='grc' dir='ltr'>Ὀτι</span> <span class='ocrx_word' id='word_1_367' title='bbox 278 3396 367 3449; x_wconf 75' lang='grc' dir='ltr'>ἀπὸ</span> <span class='ocrx_word' id='word_1_368' title='bbox 416 3406 502 3458; x_wconf 74' lang='grc' dir='ltr'>τῆς</span> <span class='ocrx_word' id='word_1_369' title='bbox 563 3400 781 3471; x_wconf 70' lang='grc' dir='ltr'>Φαρσὰν</span> <span class='ocrx_word' id='word_1_370' title='bbox 837 3398 1040 3452; x_wconf 88' lang='grc' dir='ltr'>πλέοντι</span> <span class='ocrx_word' id='word_1_371' title='bbox 1096 3408 1167 3469; x_wconf 84' lang='grc' dir='ltr'>τῷ</span> <span class='ocrx_word' id='word_1_372' title='bbox 1248 3402 1508 3470; x_wconf 77' lang='grc' dir='ltr'>Νοννόσῳ,</span> <span class='ocrx_word' id='word_1_373' title='bbox 1559 3398 1643 3451; x_wconf 79' lang='grc' dir='ltr'>έπὶ</span> 
     </span>
    </p>
   </div>
   <div class='ocr_carea' id='block_1_51' title="bbox 108 3484 1642 3556">
    <p class='ocr_par' dir='ltr' id='par_1_51' title="bbox 108 3484 1642 3556">
     <span class='ocr_line' id='line_1_51' title="bbox 108 3484 1642 3556; baseline 0.001 -19"><span class='ocrx_word' id='word_1_374' title='bbox 108 3488 170 3537; x_wconf 58' lang='grc' dir='ltr'>τήν</span> <span class='ocrx_word' id='word_1_375' title='bbox 225 3484 433 3556; x_wconf 70' lang='grc' dir='ltr'>ἐσχάτην</span> <span class='ocrx_word' id='word_1_376' title='bbox 510 3496 611 3540; x_wconf 83' lang='grc' dir='ltr'>τῶν</span> <span class='ocrx_word' id='word_1_377' title='bbox 670 3491 843 3545; x_wconf 79' lang='grc' dir='ltr'>νήσων</span> <span class='ocrx_word' id='word_1_378' title='bbox 910 3493 1272 3554; x_wconf 75' lang='grc' dir='ltr'>κατηντηκότι,</span> <span class='ocrx_word' id='word_1_379' title='bbox 1324 3485 1526 3541; x_wconf 77' lang='grc' dir='ltr'>τοιόνδε</span> <span class='ocrx_word' id='word_1_380' title='bbox 1591 3507 1642 3540; x_wconf 90' lang='grc' dir='ltr'><strong>τι</strong></span> 
     </span>
    </p>
   </div>
   <div class='ocr_carea' id='block_1_52' title="bbox 110 3571 1638 3650">
    <p class='ocr_par' dir='ltr' id='par_1_52' title="bbox 110 3571 1638 3650">
     <span class='ocr_line' id='line_1_52' title="bbox 110 3571 1638 3650; baseline 0.006 -30"><span class='ocrx_word' id='word_1_381' title='bbox 110 3571 265 3637; x_wconf 61' lang='grc' dir='ltr'>ποίει,</span> <span class='ocrx_word' id='word_1_382' title='bbox 319 3578 486 3648; x_wconf 71' lang='grc' dir='ltr'>θαῦμα</span> <span class='ocrx_word' id='word_1_383' title='bbox 563 3582 657 3629; x_wconf 78' lang='grc' dir='ltr'><strong>καὶ</strong></span> <span class='ocrx_word' id='word_1_384' title='bbox 744 3576 987 3632; x_wconf 77' lang='grc' dir='ltr'>ἀκοῦσαι.</span> <span class='ocrx_word' id='word_1_385' title='bbox 1044 3578 1287 3650; x_wconf 81' lang='grc' dir='ltr'>Ἐνέτυχε</span> <span class='ocrx_word' id='word_1_386' title='bbox 1363 3580 1464 3650; x_wconf 72' lang='grc' dir='ltr'><strong>’γάρ</strong></span> <span class='ocrx_word' id='word_1_387' title='bbox 1531 3598 1638 3630; x_wconf 82' lang='grc' dir='ltr'>τισι</span> 
     </span>
    </p>
   </div>
   <div class='ocr_carea' id='block_1_53' title="bbox 108 3665 1642 3741">
    <p class='ocr_par' dir='ltr' id='par_1_53' title="bbox 108 3665 1642 3741">
     <span class='ocr_line' id='line_1_53' title="bbox 108 3665 1642 3741; baseline 0.001 -24"><span class='ocrx_word' id='word_1_388' title='bbox 108 3669 254 3729; x_wconf 49' lang='lat' dir='ltr'><strong>mei?</strong></span> <span class='ocrx_word' id='word_1_389' title='bbox 295 3670 375 3734; x_wconf 66' lang='grc' dir='ltr'><strong>μιν</strong></span> <span class='ocrx_word' id='word_1_390' title='bbox 423 3672 510 3718; x_wconf 79' lang='grc' dir='ltr'><strong>καὶ</strong></span> <span class='ocrx_word' id='word_1_391' title='bbox 571 3665 721 3718; x_wconf 79' lang='grc' dir='ltr'>ἰδέαν</span> <span class='ocrx_word' id='word_1_392' title='bbox 778 3668 993 3736; x_wconf 75' lang='grc' dir='ltr'>ἔχουσιν</span> <span class='ocrx_word' id='word_1_393' title='bbox 1042 3666 1385 3740; x_wconf 85' lang='grc' dir='ltr'>ἀνθρωπίνην,</span> <span class='ocrx_word' id='word_1_394' title='bbox 1433 3665 1642 3741; x_wconf 83' lang='grc' dir='ltr'>βραχυ-</span> 
     </span>
    </p>
   </div>
   <div class='ocr_carea' id='block_1_54' title="bbox 306 3750 1641 3828">
    <p class='ocr_par' dir='ltr' id='par_1_54' title="bbox 306 3750 1641 3828">
     <span class='ocr_line' id='line_1_54' title="bbox 306 3750 1641 3828; baseline 0.001 -23"><span class='ocrx_word' id='word_1_395' title='bbox 306 3750 357 3805; x_wconf 63' lang='grc' dir='ltr'>δι</span> <span class='ocrx_word' id='word_1_396' title='bbox 436 3760 493 3807; x_wconf 78' lang='grc' dir='ltr'>τὸ</span> <span class='ocrx_word' id='word_1_397' title='bbox 574 3759 623 3790; x_wconf 79' lang='grc'><strong>³⁸</strong></span> <span class='ocrx_word' id='word_1_398' title='bbox 701 3758 918 3826; x_wconf 69' lang='grc' dir='ltr'>μέγεθος</span> <span class='ocrx_word' id='word_1_399' title='bbox 992 3761 1080 3809; x_wconf 82' lang='grc' dir='ltr'><strong>καὶ</strong></span> <span class='ocrx_word' id='word_1_400' title='bbox 1163 3756 1352 3828; x_wconf 87' lang='grc' dir='ltr'>μέλασι</span> <span class='ocrx_word' id='word_1_401' title='bbox 1426 3759 1469 3791; x_wconf 79' lang='grc'><strong>³⁷</strong></span> <span class='ocrx_word' id='word_1_402' title='bbox 1548 3761 1641 3815; x_wconf 82' lang='grc' dir='ltr'>τὴν</span> 
     </span>
    </p>
   </div>
   <div class='ocr_carea' id='block_1_55' title="bbox 112 3840 1640 3918">
    <p class='ocr_par' dir='ltr' id='par_1_55' title="bbox 112 3840 1640 3918">
     <span class='ocr_line' id='line_1_55' title="bbox 112 3840 1640 3918; baseline 0.007 -31"><span class='ocrx_word' id='word_1_403' title='bbox 112 3844 351 3904; x_wconf 59' lang='grc' dir='ltr'><strong>λθειν,πό</strong></span> <span class='ocrx_word' id='word_1_404' title='bbox 402 3841 459 3897; x_wconf 74' lang='grc' dir='ltr'>δε</span> <span class='ocrx_word' id='word_1_405' title='bbox 506 3852 715 3918; x_wconf 85' lang='grc' dir='ltr'>τριχῶν</span> <span class='ocrx_word' id='word_1_406' title='bbox 765 3840 1174 3917; x_wconf 79' lang='grc' dir='ltr'>δεδασυσμένοις</span> <span class='ocrx_word' id='word_1_407' title='bbox 1204 3842 1297 3897; x_wconf 82' lang='grc' dir='ltr'><strong>διὰ</strong></span> <span class='ocrx_word' id='word_1_408' title='bbox 1326 3849 1513 3907; x_wconf 84' lang='grc' dir='ltr'>παντὸς</span> <span class='ocrx_word' id='word_1_409' title='bbox 1552 3852 1640 3897; x_wconf 86' lang='grc' dir='ltr'>τοῦ</span> 
     </span>
    </p>
   </div>
   <div class='ocr_carea' id='block_1_56' title="bbox 108 3752 228 3809">
    <p class='ocr_par' dir='ltr' id='par_1_56' title="bbox 108 3752 228 3809">
     <span class='ocr_line' id='line_1_56' title="bbox 108 3752 228 3809; baseline -0.008 -14"><span class='ocrx_word' id='word_1_410' title='bbox 108 3752 228 3809; x_wconf 59' lang='grc' dir='ltr'>τάηις</span> 
     </span>
    </p>
   </div>
   <div class='ocr_carea' id='block_1_57' title="bbox 115 3931 1639 4009">
    <p class='ocr_par' dir='ltr' id='par_1_57' title="bbox 115 3931 1639 4009">
     <span class='ocr_line' id='line_1_57' title="bbox 115 3931 1639 4009; baseline 0.005 -30"><span class='ocrx_word' id='word_1_411' title='bbox 115 3942 309 3990; x_wconf 54' lang='grc' dir='ltr'>θνητος·</span> <span class='ocrx_word' id='word_1_412' title='bbox 336 3936 527 3986; x_wconf 72' lang='grc' dir='ltr'>εἰποντο</span> <span class='ocrx_word' id='word_1_413' title='bbox 590 3931 654 3986; x_wconf 67' lang='grc' dir='ltr'><strong>δὲ</strong></span> <span class='ocrx_word' id='word_1_414' title='bbox 698 3942 809 3995; x_wconf 87' lang='grc' dir='ltr'><strong>τοίς</strong></span> <span class='ocrx_word' id='word_1_415' title='bbox 860 3931 1086 4009; x_wconf 77' lang='grc' dir='ltr'>ἀνδράσι</span> <span class='ocrx_word' id='word_1_416' title='bbox 1134 3939 1223 3987; x_wconf 76' lang='grc' dir='ltr'>καὶ</span> <span class='ocrx_word' id='word_1_417' title='bbox 1270 3943 1509 4005; x_wconf 73' lang='grc' dir='ltr'>’γυναῖκες</span> <span class='ocrx_word' id='word_1_418' title='bbox 1538 3955 1639 3987; x_wconf 82' lang='grc' dir='ltr'>πα-</span> 
     </span>
    </p>
   </div>
   <div class='ocr_carea' id='block_1_58' title="bbox 110 4017 1643 4099">
    <p class='ocr_par' dir='ltr' id='par_1_58' title="bbox 110 4017 1643 4099">
     <span class='ocr_line' id='line_1_58' title="bbox 110 4017 1643 4099; baseline 0.001 -26"><span class='ocrx_word' id='word_1_419' title='bbox 110 4017 334 4081; x_wconf 60' lang='grc' dir='ltr'>,εῐπὶήσιαι</span> <span class='ocrx_word' id='word_1_420' title='bbox 389 4028 476 4075; x_wconf 74' lang='grc' dir='ltr'><strong>καὶ</strong></span> <span class='ocrx_word' id='word_1_421' title='bbox 535 4019 805 4095; x_wconf 78' lang='grc' dir='ltr'>παιδάρια</span> <span class='ocrx_word' id='word_1_422' title='bbox 875 4026 951 4075; x_wconf 77' lang='grc' dir='ltr'>ἔτι</span> <span class='ocrx_word' id='word_1_423' title='bbox 1004 4022 1316 4099; x_wconf 86' lang='grc' dir='ltr'>βραχύτερα</span> <span class='ocrx_word' id='word_1_424' title='bbox 1364 4032 1460 4075; x_wconf 86' lang='grc' dir='ltr'>τῶν</span> <span class='ocrx_word' id='word_1_425' title='bbox 1518 4024 1643 4099; x_wconf 80' lang='grc' dir='ltr'>παρ’</span> 
     </span>
    </p>
   </div>
   <div class='ocr_carea' id='block_1_59' title="bbox 110 4104 1642 4186">
    <p class='ocr_par' dir='ltr' id='par_1_59' title="bbox 110 4104 1642 4186">
     <span class='ocr_line' id='line_1_59' title="bbox 110 4104 1642 4186; baseline 0.003 -27"><span class='ocrx_word' id='word_1_426' title='bbox 110 4104 238 4167; x_wconf 47' lang='lat' dir='ltr'><strong>fini;</strong></span> <span class='ocrx_word' id='word_1_427' title='bbox 282 4107 491 4183; x_wconf 66' lang='grc' dir='ltr'>ἀνδρῶν,</span> <span class='ocrx_word' id='word_1_428' title='bbox 530 4116 728 4183; x_wconf 81' lang='grc' dir='ltr'>Γυμνοὶ</span> <span class='ocrx_word' id='word_1_429' title='bbox 787 4108 846 4163; x_wconf 71' lang='grc' dir='ltr'><strong>δί</strong></span> <span class='ocrx_word' id='word_1_430' title='bbox 893 4108 1029 4169; x_wconf 78' lang='grc' dir='ltr'>ἦσαν</span> <span class='ocrx_word' id='word_1_431' title='bbox 1082 4112 1318 4171; x_wconf 82' lang='grc' dir='ltr'>ἅπαντες·</span> <span class='ocrx_word' id='word_1_432' title='bbox 1350 4111 1481 4170; x_wconf 78' lang='grc' dir='ltr'>πλὴν</span> <span class='ocrx_word' id='word_1_433' title='bbox 1527 4108 1642 4186; x_wconf 80' lang='grc' dir='ltr'>δέρ·</span> 
     </span>
    </p>
   </div>
   <div class='ocr_carea' id='block_1_60' title="bbox 112 4197 1641 4276">
    <p class='ocr_par' dir='ltr' id='par_1_60' title="bbox 112 4197 1641 4276">
     <span class='ocr_line' id='line_1_60' title="bbox 112 4197 1641 4276; baseline 0.007 -33"><span class='ocrx_word' id='word_1_434' title='bbox 112 4202 200 4255; x_wconf 8' lang='grc' dir='ltr'>,πιτί</span> <span class='ocrx_word' id='word_1_435' title='bbox 240 4216 327 4250; x_wconf 76' lang='grc' dir='ltr'>τινι</span> <span class='ocrx_word' id='word_1_436' title='bbox 377 4209 548 4273; x_wconf 74' lang='grc' dir='ltr'>μικρῷ</span> <span class='ocrx_word' id='word_1_437' title='bbox 607 4205 704 4257; x_wconf 78' lang='grc' dir='ltr'>τὴν</span> <span class='ocrx_word' id='word_1_438' title='bbox 760 4197 897 4252; x_wconf 75' lang='grc' dir='ltr'><strong>αἰδὼ</strong></span> <span class='ocrx_word' id='word_1_439' title='bbox 956 4202 1359 4274; x_wconf 77' lang='grc' dir='ltr'>περιεκάλυπτον</span> <span class='ocrx_word' id='word_1_440' title='bbox 1413 4203 1461 4252; x_wconf 87' lang='grc' dir='ltr'>οἱ</span> <span class='ocrx_word' id='word_1_441' title='bbox 1518 4220 1641 4276; x_wconf 88' lang='grc' dir='ltr'>προ-</span> 
     </span>
    </p>
   </div>
   <div class='ocr_carea' id='block_1_61' title="bbox 114 4280 1641 4365">
    <p class='ocr_par' dir='ltr' id='par_1_61' title="bbox 114 4280 1641 4365">
     <span class='ocr_line' id='line_1_61' title="bbox 114 4280 1641 4365; baseline 0.001 -26"><span class='ocrx_word' id='word_1_442' title='bbox 114 4280 317 4347; x_wconf 60' lang='grc' dir='ltr'>ῗέιτιοτις</span> <span class='ocrx_word' id='word_1_443' title='bbox 360 4291 543 4359; x_wconf 86' lang='grc' dir='ltr'>ὁμοίως</span> <span class='ocrx_word' id='word_1_444' title='bbox 594 4286 783 4361; x_wconf 81' lang='grc' dir='ltr'>ἄνδρες</span> <span class='ocrx_word' id='word_1_445' title='bbox 812 4308 866 4342; x_wconf 86' lang='grc' dir='ltr'><strong>τε</strong></span> <span class='ocrx_word' id='word_1_446' title='bbox 908 4295 997 4342; x_wconf 80' lang='grc' dir='ltr'>καὶ</span> <span class='ocrx_word' id='word_1_447' title='bbox 1028 4297 1287 4362; x_wconf 74' lang='grc' dir='ltr'>γυναῖκες.</span> <span class='ocrx_word' id='word_1_448' title='bbox 1318 4296 1532 4365; x_wconf 73' lang='grc' dir='ltr'>’Ἄγριον</span> <span class='ocrx_word' id='word_1_449' title='bbox 1583 4286 1641 4343; x_wconf 64' lang='grc' dir='ltr'><strong>δὲ</strong></span> 
     </span>
    </p>
   </div>
   <div class='ocr_carea' id='block_1_62' title="bbox 114 4368 1641 4454">
    <p class='ocr_par' dir='ltr' id='par_1_62' title="bbox 114 4368 1641 4454">
     <span class='ocr_line' id='line_1_62' title="bbox 114 4368 1641 4454; baseline 0.023 -34"><span class='ocrx_word' id='word_1_450' title='bbox 114 4368 218 4423; x_wconf 63' lang='grc' dir='ltr'>τὲῖιν</span> <span class='ocrx_word' id='word_1_451' title='bbox 266 4374 604 4431; x_wconf 73' lang='grc' dir='ltr'>ἐπεδείκνυντο</span> <span class='ocrx_word' id='word_1_452' title='bbox 660 4374 783 4431; x_wconf 71' lang='grc' dir='ltr'>οὐδε</span> <span class='ocrx_word' id='word_1_453' title='bbox 834 4377 1106 4454; x_wconf 76' lang='grc' dir='ltr'>ἀνήμερον,</span> <span class='ocrx_word' id='word_1_454' title='bbox 1154 4378 1279 4431; x_wconf 75' lang='grc' dir='ltr'>ἀλλά</span> <span class='ocrx_word' id='word_1_455' title='bbox 1336 4385 1423 4431; x_wconf 67' lang='grc' dir='ltr'><strong>καὶ</strong></span> <span class='ocrx_word' id='word_1_456' title='bbox 1473 4383 1641 4451; x_wconf 62' lang='grc' dir='ltr'><strong>φωνὴν</strong></span> 
     </span>
    </p>
   </div>
   <div class='ocr_carea' id='block_1_63' title="bbox 116 4460 1641 4542">
    <p class='ocr_par' dir='ltr' id='par_1_63' title="bbox 116 4460 1641 4542">
     <span class='ocr_line' id='line_1_63' title="bbox 116 4460 1641 4542; baseline -0.001 -22"><span class='ocrx_word' id='word_1_457' title='bbox 116 4460 213 4528; x_wconf 52' lang='grc' dir='ltr'><strong>εἶχεν</strong></span> <span class='ocrx_word' id='word_1_458' title='bbox 257 4470 335 4532; x_wconf 69' lang='grc' dir='ltr'>μὲν</span> <span class='ocrx_word' id='word_1_459' title='bbox 387 4467 737 4542; x_wconf 77' lang='grc' dir='ltr'>ἀνθρωπίνην,</span> <span class='ocrx_word' id='word_1_460' title='bbox 782 4469 1047 4538; x_wconf 77' lang='grc' dir='ltr'>ἄγνωστον</span> <span class='ocrx_word' id='word_1_461' title='bbox 1097 4465 1156 4521; x_wconf 68' lang='grc' dir='ltr'>δε</span> <span class='ocrx_word' id='word_1_462' title='bbox 1202 4471 1505 4521; x_wconf 77' lang='grc' dir='ltr'>παντάπασι</span> <span class='ocrx_word' id='word_1_463' title='bbox 1548 4472 1641 4526; x_wconf 74' lang='grc' dir='ltr'>τὴν</span> 
     </span>
    </p>
   </div>
   <div class='ocr_carea' id='block_1_64' title="bbox 117 4543 1641 4631">
    <p class='ocr_par' dir='ltr' id='par_1_64' title="bbox 117 4543 1641 4631">
     <span class='ocr_line' id='line_1_64' title="bbox 117 4543 1641 4631; baseline 0.009 -36"><span class='ocrx_word' id='word_1_464' title='bbox 117 4543 317 4604; x_wconf 52' lang='lat' dir='ltr'><strong>inﬂatos</strong></span> <span class='ocrx_word' id='word_1_465' title='bbox 360 4565 458 4617; x_wconf 80' lang='grc' dir='ltr'><strong>τοίς</strong></span> <span class='ocrx_word' id='word_1_466' title='bbox 500 4577 555 4609; x_wconf 89' lang='grc' dir='ltr'><strong>τε</strong></span> <span class='ocrx_word' id='word_1_467' title='bbox 604 4562 887 4631; x_wconf 83' lang='grc' dir='ltr'>περιοίκοις</span> <span class='ocrx_word' id='word_1_468' title='bbox 917 4558 1085 4610; x_wconf 79' lang='grc' dir='ltr'>ἅπασι</span> <span class='ocrx_word' id='word_1_469' title='bbox 1132 4563 1222 4610; x_wconf 74' lang='grc' dir='ltr'><strong>καὶ</strong></span> <span class='ocrx_word' id='word_1_470' title='bbox 1281 4558 1449 4627; x_wconf 79' lang='grc' dir='ltr'>πολλῷ</span> <span class='ocrx_word' id='word_1_471' title='bbox 1493 4557 1641 4610; x_wconf 91' lang='grc' dir='ltr'>πλέον</span> 
     </span>
    </p>
   </div>
   <div class='ocr_carea' id='block_1_65' title="bbox 116 4644 1640 4713">
    <p class='ocr_par' dir='ltr' id='par_1_65' title="bbox 116 4644 1640 4713">
     <span class='ocr_line' id='line_1_65' title="bbox 116 4644 1640 4713; baseline 0.001 -18"><span class='ocrx_word' id='word_1_472' title='bbox 116 4644 184 4695; x_wconf 59' lang='grc' dir='ltr'><strong>τίς</strong></span> <span class='ocrx_word' id='word_1_473' title='bbox 224 4650 321 4713; x_wconf 74' lang='grc' dir='ltr'>περὶ</span> <span class='ocrx_word' id='word_1_474' title='bbox 370 4649 450 4697; x_wconf 77' lang='grc' dir='ltr'>τὸν</span> <span class='ocrx_word' id='word_1_475' title='bbox 508 4652 768 4699; x_wconf 75' lang='grc' dir='ltr'>Νόννοσον</span> <span class='ocrx_word' id='word_1_476' title='bbox 812 4648 881 4701; x_wconf 67' lang='grc'><strong>’⁸.</strong></span> <span class='ocrx_word' id='word_1_477' title='bbox 916 4647 1103 4708; x_wconf 74' lang='grc' dir='ltr'>Διέζων</span> <span class='ocrx_word' id='word_1_478' title='bbox 1154 4644 1213 4700; x_wconf 65' lang='grc' dir='ltr'><strong>δί</strong></span> <span class='ocrx_word' id='word_1_479' title='bbox 1256 4646 1310 4699; x_wconf 69' lang='grc' dir='ltr'><strong>ἔκ</strong></span> <span class='ocrx_word' id='word_1_480' title='bbox 1356 4647 1640 4700; x_wconf 82' lang='grc' dir='ltr'>θαλαττίων</span> 
     </span>
    </p>
   </div>
   <div class='ocr_carea' id='block_1_66' title="bbox 1748 1877 3413 1949">
    <p class='ocr_par' dir='ltr' id='par_1_66' title="bbox 1748 1877 3413 1949">
     <span class='ocr_line' id='line_1_66' title="bbox 1748 1877 3413 1949; baseline 0.001 -15"><span class='ocrx_word' id='word_1_481' title='bbox 1748 1880 1865 1934; x_wconf 89' lang='lat' dir='ltr'><strong>illic</strong></span> <span class='ocrx_word' id='word_1_482' title='bbox 1897 1885 1952 1934; x_wconf 89' lang='lat' dir='ltr'><strong>et</strong></span> <span class='ocrx_word' id='word_1_483' title='bbox 1983 1879 2171 1934; x_wconf 87' lang='lat' dir='ltr'><strong>hiems</strong></span> <span class='ocrx_word' id='word_1_484' title='bbox 2198 1877 2430 1934; x_wconf 89' lang='lat' dir='ltr'><strong>accidit.</strong></span> <span class='ocrx_word' id='word_1_485' title='bbox 2459 1880 2631 1949; x_wconf 90' lang='lat' dir='ltr'><strong>Nam,</strong></span> <span class='ocrx_word' id='word_1_486' title='bbox 2663 1880 2785 1935; x_wconf 91' lang='lat' dir='ltr'><strong>sole</strong></span> <span class='ocrx_word' id='word_1_487' title='bbox 2817 1881 3126 1947; x_wconf 88' lang='lat' dir='ltr'><strong>Cancrum,</strong></span> <span class='ocrx_word' id='word_1_488' title='bbox 3157 1880 3413 1936; x_wconf 90' lang='lat' dir='ltr'><strong>Leonem</strong></span> 
     </span>
    </p>
   </div>
   <div class='ocr_carea' id='block_1_67' title="bbox 1748 1966 3411 2041">
    <p class='ocr_par' dir='ltr' id='par_1_67' title="bbox 1748 1966 3411 2041">
     <span class='ocr_line' id='line_1_67' title="bbox 1748 1966 3411 2041; baseline 0 -19"><span class='ocrx_word' id='word_1_489' title='bbox 1748 1973 1805 2023; x_wconf 90' lang='lat' dir='ltr'><strong>et</strong></span> <span class='ocrx_word' id='word_1_490' title='bbox 1834 1967 2136 2040; x_wconf 81' lang='lat' dir='ltr'><strong>Virginem</strong></span> <span class='ocrx_word' id='word_1_491' title='bbox 2163 1966 2436 2032; x_wconf 90' lang='lat' dir='ltr'><strong>obeunte,</strong></span> <span class='ocrx_word' id='word_1_492' title='bbox 2473 1966 2551 2022; x_wconf 92' lang='lat' dir='ltr'><strong>ad</strong></span> <span class='ocrx_word' id='word_1_493' title='bbox 2580 1970 2741 2023; x_wconf 83' lang='lat' dir='ltr'><strong>Aven</strong></span> <span class='ocrx_word' id='word_1_494' title='bbox 2772 1984 2962 2041; x_wconf 90' lang='lat' dir='ltr'><strong>usque</strong></span> <span class='ocrx_word' id='word_1_495' title='bbox 2991 1968 3100 2036; x_wconf 86' lang='lat' dir='ltr'><strong>(uti</strong></span> <span class='ocrx_word' id='word_1_496' title='bbox 3128 1972 3185 2025; x_wconf 87' lang='lat' dir='ltr'><strong>et</strong></span> <span class='ocrx_word' id='word_1_497' title='bbox 3211 1967 3411 2040; x_wconf 89' lang='lat' dir='ltr'><strong>nobis)</strong></span> 
     </span>
    </p>
   </div>
   <div class='ocr_carea' id='block_1_68' title="bbox 1749 2056 3415 2128">
    <p class='ocr_par' dir='ltr' id='par_1_68' title="bbox 1749 2056 3415 2128">
     <span class='ocr_line' id='line_1_68' title="bbox 1749 2056 3415 2128; baseline 0 -16"><span class='ocrx_word' id='word_1_498' title='bbox 1749 2061 1926 2112; x_wconf 69' lang='lat' dir='ltr'><strong>aestas</strong></span> <span class='ocrx_word' id='word_1_499' title='bbox 1949 2062 2056 2123; x_wconf 91' lang='lat' dir='ltr'><strong>est,</strong></span> <span class='ocrx_word' id='word_1_500' title='bbox 2083 2070 2441 2128; x_wconf 86' lang='lat' dir='ltr'><strong>summaque</strong></span> <span class='ocrx_word' id='word_1_501' title='bbox 2459 2056 2588 2112; x_wconf 67' lang='lat' dir='ltr'><strong>caeli</strong></span> <span class='ocrx_word' id='word_1_502' title='bbox 2607 2056 2863 2114; x_wconf 88' lang='lat' dir='ltr'><strong>siccitas.</strong></span> <span class='ocrx_word' id='word_1_503' title='bbox 2888 2062 2957 2114; x_wconf 91' lang='lat' dir='ltr'><strong>At</strong></span> <span class='ocrx_word' id='word_1_504' title='bbox 2977 2057 3055 2114; x_wconf 92' lang='lat' dir='ltr'><strong>ab</strong></span> <span class='ocrx_word' id='word_1_505' title='bbox 3080 2061 3197 2114; x_wconf 85' lang='lat' dir='ltr'><strong>Ave</strong></span> <span class='ocrx_word' id='word_1_506' title='bbox 3218 2058 3415 2113; x_wconf 84' lang='lat' dir='ltr'><strong>Auxu-</strong></span> 
     </span>
    </p>
   </div>
   <div class='ocr_carea' id='block_1_69' title="bbox 1750 2146 3415 2218">
    <p class='ocr_par' dir='ltr' id='par_1_69' title="bbox 1750 2146 3415 2218">
     <span class='ocr_line' id='line_1_69' title="bbox 1750 2146 3415 2218; baseline 0.001 -16"><span class='ocrx_word' id='word_1_507' title='bbox 1750 2147 1874 2202; x_wconf 92' lang='lat' dir='ltr'><strong>min</strong></span> <span class='ocrx_word' id='word_1_508' title='bbox 1899 2163 2131 2214; x_wconf 90' lang='lat' dir='ltr'><strong>versus,</strong></span> <span class='ocrx_word' id='word_1_509' title='bbox 2164 2151 2219 2203; x_wconf 89' lang='lat' dir='ltr'><strong>et</strong></span> <span class='ocrx_word' id='word_1_510' title='bbox 2245 2146 2541 2218; x_wconf 87' lang='lat' dir='ltr'><strong>reliquam</strong></span> <span class='ocrx_word' id='word_1_511' title='bbox 2567 2147 2949 2218; x_wconf 70' lang='lat' dir='ltr'><strong>IEthiopiam,</strong></span> <span class='ocrx_word' id='word_1_512' title='bbox 2976 2147 3170 2204; x_wconf 89' lang='lat' dir='ltr'><strong>hiems</strong></span> <span class='ocrx_word' id='word_1_513' title='bbox 3196 2153 3289 2205; x_wconf 87' lang='lat' dir='ltr'><strong>est</strong></span> <span class='ocrx_word' id='word_1_514' title='bbox 3317 2161 3415 2203; x_wconf 87' lang='lat' dir='ltr'><strong>ve-</strong></span> 
     </span>
    </p>
   </div>
   <div class='ocr_carea' id='block_1_70' title="bbox 1748 2232 3414 2310">
    <p class='ocr_par' dir='ltr' id='par_1_70' title="bbox 1748 2232 3414 2310">
     <span class='ocr_line' id='line_1_70' title="bbox 1748 2232 3414 2310; baseline 0.002 -19"><span class='ocrx_word' id='word_1_515' title='bbox 1748 2236 2020 2302; x_wconf 89' lang='lat' dir='ltr'><strong>hemens,</strong></span> <span class='ocrx_word' id='word_1_516' title='bbox 2048 2252 2169 2292; x_wconf 93' lang='lat' dir='ltr'><strong>non</strong></span> <span class='ocrx_word' id='word_1_517' title='bbox 2200 2235 2427 2305; x_wconf 88' lang='lat' dir='ltr'><strong>integro</strong></span> <span class='ocrx_word' id='word_1_518' title='bbox 2454 2236 2702 2308; x_wconf 91' lang='lat' dir='ltr'><strong>quidem</strong></span> <span class='ocrx_word' id='word_1_519' title='bbox 2734 2237 2831 2293; x_wconf 89' lang='lat' dir='ltr'><strong>illa</strong></span> <span class='ocrx_word' id='word_1_520' title='bbox 2858 2237 2975 2306; x_wconf 91' lang='lat' dir='ltr'><strong>die,</strong></span> <span class='ocrx_word' id='word_1_521' title='bbox 3004 2237 3108 2293; x_wconf 89' lang='lat' dir='ltr'><strong>sed</strong></span> <span class='ocrx_word' id='word_1_522' title='bbox 3134 2253 3270 2310; x_wconf 70' lang='lat' dir='ltr'><strong>qum</strong></span> <span class='ocrx_word' id='word_1_523' title='bbox 3299 2232 3414 2310; x_wconf 76' lang='lat' dir='ltr'><strong>(i2)</strong></span> 
     </span>
    </p>
   </div>
   <div class='ocr_carea' id='block_1_71' title="bbox 1749 2325 3416 2399">
    <p class='ocr_par' dir='ltr' id='par_1_71' title="bbox 1749 2325 3416 2399">
     <span class='ocr_line' id='line_1_71' title="bbox 1749 2325 3416 2399; baseline 0.002 -18"><span class='ocrx_word' id='word_1_524' title='bbox 1749 2342 1785 2381; x_wconf 89' lang='lat' dir='ltr'><strong>a</strong></span> <span class='ocrx_word' id='word_1_525' title='bbox 1816 2326 2059 2382; x_wconf 90' lang='lat' dir='ltr'><strong>meridie</strong></span> <span class='ocrx_word' id='word_1_526' title='bbox 2089 2341 2326 2397; x_wconf 88' lang='lat' dir='ltr'><strong>semper</strong></span> <span class='ocrx_word' id='word_1_527' title='bbox 2353 2332 2408 2381; x_wconf 90' lang='lat' dir='ltr'><strong>et</strong></span> <span class='ocrx_word' id='word_1_528' title='bbox 2451 2325 2672 2399; x_wconf 89' lang='lat' dir='ltr'><strong>ubique</strong></span> <span class='ocrx_word' id='word_1_529' title='bbox 2702 2326 3012 2398; x_wconf 87' lang='lat' dir='ltr'><strong>incipiens,</strong></span> <span class='ocrx_word' id='word_1_530' title='bbox 3046 2326 3265 2384; x_wconf 88' lang='lat' dir='ltr'><strong>coactis</strong></span> <span class='ocrx_word' id='word_1_531' title='bbox 3307 2344 3416 2385; x_wconf 89' lang='lat' dir='ltr'><strong>nu-</strong></span> 
     </span>
    </p>
   </div>
   <div class='ocr_carea' id='block_1_72' title="bbox 1748 2414 3413 2483">
    <p class='ocr_par' dir='ltr' id='par_1_72' title="bbox 1748 2414 3413 2483">
     <span class='ocr_line' id='line_1_72' title="bbox 1748 2414 3413 2483; baseline 0.001 -12"><span class='ocrx_word' id='word_1_532' title='bbox 1748 2415 1926 2471; x_wconf 88' lang='lat' dir='ltr'><strong>bibus</strong></span> <span class='ocrx_word' id='word_1_533' title='bbox 1948 2431 2147 2472; x_wconf 88' lang='lat' dir='ltr'><strong>aerem</strong></span> <span class='ocrx_word' id='word_1_534' title='bbox 2174 2414 2461 2483; x_wconf 91' lang='lat' dir='ltr'><strong>obducat,</strong></span> <span class='ocrx_word' id='word_1_535' title='bbox 2488 2420 2544 2471; x_wconf 89' lang='lat' dir='ltr'><strong>et</strong></span> <span class='ocrx_word' id='word_1_536' title='bbox 2572 2415 2886 2471; x_wconf 85' lang='lat' dir='ltr'><strong>horrendis</strong></span> <span class='ocrx_word' id='word_1_537' title='bbox 2916 2415 3215 2473; x_wconf 89' lang='lat' dir='ltr'><strong>imbribus</strong></span> <span class='ocrx_word' id='word_1_538' title='bbox 3242 2432 3413 2474; x_wconf 91' lang='lat' dir='ltr'><strong>oram</strong></span> 
     </span>
    </p>
   </div>
   <div class='ocr_carea' id='block_1_73' title="bbox 1751 2504 3415 2577">
    <p class='ocr_par' dir='ltr' id='par_1_73' title="bbox 1751 2504 3415 2577">
     <span class='ocr_line' id='line_1_73' title="bbox 1751 2504 3415 2577; baseline 0.003 -18"><span class='ocrx_word' id='word_1_539' title='bbox 1751 2504 1913 2560; x_wconf 89' lang='lat' dir='ltr'><strong>illam</strong></span> <span class='ocrx_word' id='word_1_540' title='bbox 1971 2504 2236 2560; x_wconf 92' lang='lat' dir='ltr'><strong>inundet.</strong></span> <span class='ocrx_word' id='word_1_541' title='bbox 2302 2505 2430 2569; x_wconf 87' lang='lat' dir='ltr'><strong>Quo</strong></span> <span class='ocrx_word' id='word_1_542' title='bbox 2500 2504 2677 2560; x_wconf 87' lang='lat' dir='ltr'><strong>etiam</strong></span> <span class='ocrx_word' id='word_1_543' title='bbox 2745 2510 3008 2577; x_wconf 92' lang='lat' dir='ltr'><strong>tempore</strong></span> <span class='ocrx_word' id='word_1_544' title='bbox 3071 2505 3235 2561; x_wconf 90' lang='lat' dir='ltr'><strong>Nilus</strong></span> <span class='ocrx_word' id='word_1_545' title='bbox 3296 2505 3415 2564; x_wconf 88' lang='lat' dir='ltr'><strong>late</strong></span> 
     </span>
    </p>
   </div>
   <div class='ocr_carea' id='block_1_74' title="bbox 1750 2593 3415 2666">
    <p class='ocr_par' dir='ltr' id='par_1_74' title="bbox 1750 2593 3415 2666">
     <span class='ocr_line' id='line_1_74' title="bbox 1750 2593 3415 2666; baseline 0.001 -16"><span class='ocrx_word' id='word_1_546' title='bbox 1750 2596 2065 2666; x_wconf 70' lang='lat' dir='ltr'><strong>Egyptum</strong></span> <span class='ocrx_word' id='word_1_547' title='bbox 2093 2594 2455 2666; x_wconf 85' lang='lat' dir='ltr'><strong>pervadens,</strong></span> <span class='ocrx_word' id='word_1_548' title='bbox 2481 2593 2666 2650; x_wconf 90' lang='lat' dir='ltr'><strong>maris</strong></span> <span class='ocrx_word' id='word_1_549' title='bbox 2685 2593 2745 2649; x_wconf 92' lang='lat' dir='ltr'><strong>in</strong></span> <span class='ocrx_word' id='word_1_550' title='bbox 2779 2593 3025 2650; x_wconf 93' lang='lat' dir='ltr'><strong>modum</strong></span> <span class='ocrx_word' id='word_1_551' title='bbox 3052 2598 3269 2651; x_wconf 89' lang='lat' dir='ltr'><strong>terram</strong></span> <span class='ocrx_word' id='word_1_552' title='bbox 3290 2596 3415 2651; x_wconf 89' lang='lat' dir='ltr'><strong>irri-</strong></span> 
     </span>
    </p>
   </div>
   <div class='ocr_carea' id='block_1_75' title="bbox 1751 2682 3414 2755">
    <p class='ocr_par' dir='ltr' id='par_1_75' title="bbox 1751 2682 3414 2755">
     <span class='ocr_line' id='line_1_75' title="bbox 1751 2682 3414 2755; baseline 0.001 -16"><span class='ocrx_word' id='word_1_553' title='bbox 1751 2690 1870 2752; x_wconf 88' lang='lat' dir='ltr'><strong>gat.</strong></span> <span class='ocrx_word' id='word_1_554' title='bbox 1922 2684 2069 2739; x_wconf 90' lang='lat' dir='ltr'><strong>Cum</strong></span> <span class='ocrx_word' id='word_1_555' title='bbox 2106 2688 2307 2739; x_wconf 89' lang='lat' dir='ltr'><strong>autem</strong></span> <span class='ocrx_word' id='word_1_556' title='bbox 2356 2682 2445 2738; x_wconf 90' lang='lat' dir='ltr'><strong>sol</strong></span> <span class='ocrx_word' id='word_1_557' title='bbox 2491 2682 2939 2755; x_wconf 90' lang='lat' dir='ltr'><strong>Capricornum,</strong></span> <span class='ocrx_word' id='word_1_558' title='bbox 2981 2684 3311 2755; x_wconf 78' lang='lat' dir='ltr'><strong>Aquarium</strong></span> <span class='ocrx_word' id='word_1_559' title='bbox 3358 2687 3414 2742; x_wconf 86' lang='lat' dir='ltr'><strong>et</strong></span> 
     </span>
    </p>
   </div>
   <div class='ocr_carea' id='block_1_76' title="bbox 1751 2770 3412 2844">
    <p class='ocr_par' dir='ltr' id='par_1_76' title="bbox 1751 2770 3412 2844">
     <span class='ocr_line' id='line_1_76' title="bbox 1751 2770 3412 2844; baseline 0.002 -19"><span class='ocrx_word' id='word_1_560' title='bbox 1751 2772 1939 2827; x_wconf 89' lang='lat' dir='ltr'><strong>Pisces</strong></span> <span class='ocrx_word' id='word_1_561' title='bbox 1967 2771 2358 2844; x_wconf 89' lang='lat' dir='ltr'><strong>perambulat,</strong></span> <span class='ocrx_word' id='word_1_562' title='bbox 2387 2787 2490 2827; x_wconf 91' lang='lat' dir='ltr'><strong>aer</strong></span> <span class='ocrx_word' id='word_1_563' title='bbox 2514 2771 2643 2826; x_wconf 90' lang='lat' dir='ltr'><strong>vice</strong></span> <span class='ocrx_word' id='word_1_564' title='bbox 2670 2786 2843 2826; x_wconf 87' lang='lat' dir='ltr'><strong>versa</strong></span> <span class='ocrx_word' id='word_1_565' title='bbox 2869 2770 3120 2826; x_wconf 86' lang='lat' dir='ltr'><strong>Adulitis</strong></span> <span class='ocrx_word' id='word_1_566' title='bbox 3162 2772 3222 2827; x_wconf 92' lang='lat' dir='ltr'><strong>in</strong></span> <span class='ocrx_word' id='word_1_567' title='bbox 3253 2775 3412 2829; x_wconf 86' lang='lat' dir='ltr'><strong>Aven</strong></span> 
     </span>
    </p>
   </div>
   <div class='ocr_carea' id='block_1_77' title="bbox 1751 2858 3411 2934">
    <p class='ocr_par' dir='ltr' id='par_1_77' title="bbox 1751 2858 3411 2934">
     <span class='ocr_line' id='line_1_77' title="bbox 1751 2858 3411 2934; baseline 0 -17"><span class='ocrx_word' id='word_1_568' title='bbox 1751 2877 1943 2934; x_wconf 90' lang='lat' dir='ltr'><strong>usque</strong></span> <span class='ocrx_word' id='word_1_569' title='bbox 1976 2860 2269 2916; x_wconf 85' lang='lat' dir='ltr'><strong>imbribus</strong></span> <span class='ocrx_word' id='word_1_570' title='bbox 2293 2859 2601 2930; x_wconf 80' lang='lat' dir='ltr'><strong>regionem</strong></span> <span class='ocrx_word' id='word_1_571' title='bbox 2623 2858 2897 2924; x_wconf 90' lang='lat' dir='ltr'><strong>inundat,</strong></span> <span class='ocrx_word' id='word_1_572' title='bbox 2936 2860 3007 2914; x_wconf 89' lang='lat' dir='ltr'><strong>iis</strong></span> <span class='ocrx_word' id='word_1_573' title='bbox 3033 2874 3174 2916; x_wconf 88' lang='lat' dir='ltr'><strong>vero</strong></span> <span class='ocrx_word' id='word_1_574' title='bbox 3205 2861 3307 2933; x_wconf 89' lang='lat' dir='ltr'><strong>qui</strong></span> <span class='ocrx_word' id='word_1_575' title='bbox 3337 2862 3411 2917; x_wconf 87' lang='lat' dir='ltr'><strong>ab</strong></span> 
     </span>
    </p>
   </div>
   <div class='ocr_carea' id='block_1_78' title="bbox 1750 2948 3413 3021">
    <p class='ocr_par' dir='ltr' id='par_1_78' title="bbox 1750 2948 3413 3021">
     <span class='ocr_line' id='line_1_78' title="bbox 1750 2948 3413 3021; baseline 0 -15"><span class='ocrx_word' id='word_1_576' title='bbox 1750 2953 1871 3007; x_wconf 84' lang='lat' dir='ltr'><strong>Ave</strong></span> <span class='ocrx_word' id='word_1_577' title='bbox 1904 2950 2225 3014; x_wconf 83' lang='lat' dir='ltr'><strong>Auxumin,</strong></span> <span class='ocrx_word' id='word_1_578' title='bbox 2259 2954 2654 3021; x_wconf 86' lang='lat' dir='ltr'><strong>caeteramque</strong></span> <span class='ocrx_word' id='word_1_579' title='bbox 2684 2948 3049 3020; x_wconf 69' lang='lat' dir='ltr'><strong>Ethiopiam</strong></span> <span class='ocrx_word' id='word_1_580' title='bbox 3081 2963 3289 3005; x_wconf 89' lang='lat' dir='ltr'><strong>versus</strong></span> <span class='ocrx_word' id='word_1_581' title='bbox 3324 2950 3413 3020; x_wconf 82' lang='lat' dir='ltr'><strong>ja-</strong></span> 
     </span>
    </p>
   </div>
   <div class='ocr_carea' id='block_1_79' title="bbox 1751 3034 3412 3110">
    <p class='ocr_par' dir='ltr' id='par_1_79' title="bbox 1751 3034 3412 3110">
     <span class='ocr_line' id='line_1_79' title="bbox 1751 3034 3412 3110; baseline 0 -15"><span class='ocrx_word' id='word_1_582' title='bbox 1751 3044 1905 3106; x_wconf 92' lang='lat' dir='ltr'><strong>cent,</strong></span> <span class='ocrx_word' id='word_1_583' title='bbox 1929 3044 2105 3096; x_wconf 68' lang='lat' dir='ltr'><strong>testas</strong></span> <span class='ocrx_word' id='word_1_584' title='bbox 2125 3042 2198 3110; x_wconf 90' lang='lat' dir='ltr'><strong>et,</strong></span> <span class='ocrx_word' id='word_1_585' title='bbox 2229 3042 2320 3095; x_wconf 91' lang='lat' dir='ltr'><strong>est</strong></span> <span class='ocrx_word' id='word_1_586' title='bbox 2340 3041 2610 3095; x_wconf 86' lang='lat' dir='ltr'><strong>maturos</strong></span> <span class='ocrx_word' id='word_1_587' title='bbox 2629 3036 2759 3109; x_wconf 90' lang='lat' dir='ltr'><strong>jam</strong></span> <span class='ocrx_word' id='word_1_588' title='bbox 2788 3034 3016 3094; x_wconf 83' lang='lat' dir='ltr'><strong>fructus</strong></span> <span class='ocrx_word' id='word_1_589' title='bbox 3064 3041 3221 3095; x_wconf 87' lang='lat' dir='ltr'><strong>terra</strong></span> <span class='ocrx_word' id='word_1_590' title='bbox 3263 3052 3412 3110; x_wconf 68' lang='lat' dir='ltr'><strong>pra:-</strong></span> 
     </span>
    </p>
   </div>
   <div class='ocr_carea' id='block_1_80' title="bbox 1750 3128 1870 3186">
    <p class='ocr_par' dir='ltr' id='par_1_80' title="bbox 1750 3128 1870 3186">
     <span class='ocr_line' id='line_1_80' title="bbox 1750 3128 1870 3186; baseline -0.017 0"><span class='ocrx_word' id='word_1_591' title='bbox 1750 3128 1870 3186; x_wconf 86' lang='lat' dir='ltr'><strong>bet.</strong></span> 
     </span>
    </p>
   </div>
   <div class='ocr_carea' id='block_1_81' title="bbox 1822 3394 3411 3470">
    <p class='ocr_par' dir='ltr' id='par_1_81' title="bbox 1822 3394 3411 3470">
     <span class='ocr_line' id='line_1_81' title="bbox 1822 3394 3411 3470; baseline -0.001 -15"><span class='ocrx_word' id='word_1_592' title='bbox 1822 3396 2130 3470; x_wconf 87' lang='lat' dir='ltr'><strong>Naviganti</strong></span> <span class='ocrx_word' id='word_1_593' title='bbox 2166 3412 2204 3453; x_wconf 89' lang='lat' dir='ltr'><strong>a</strong></span> <span class='ocrx_word' id='word_1_594' title='bbox 2245 3395 2475 3453; x_wconf 86' lang='lat' dir='ltr'><strong>Pharsa</strong></span> <span class='ocrx_word' id='word_1_595' title='bbox 2522 3397 2817 3460; x_wconf 86' lang='lat' dir='ltr'><strong>Nonnoso,</strong></span> <span class='ocrx_word' id='word_1_596' title='bbox 2852 3399 2909 3452; x_wconf 89' lang='lat' dir='ltr'><strong>et</strong></span> <span class='ocrx_word' id='word_1_597' title='bbox 2951 3394 3031 3452; x_wconf 89' lang='lat' dir='ltr'><strong>ad</strong></span> <span class='ocrx_word' id='word_1_598' title='bbox 3079 3399 3411 3453; x_wconf 81' lang='lat' dir='ltr'><strong>extremam</strong></span> 
     </span>
    </p>
   </div>
   <div class='ocr_carea' id='block_1_82' title="bbox 1749 3483 3413 3561">
    <p class='ocr_par' dir='ltr' id='par_1_82' title="bbox 1749 3483 3413 3561">
     <span class='ocr_line' id='line_1_82' title="bbox 1749 3483 3413 3561; baseline -0.002 -17"><span class='ocrx_word' id='word_1_599' title='bbox 1749 3503 1940 3561; x_wconf 87' lang='lat' dir='ltr'><strong>usque</strong></span> <span class='ocrx_word' id='word_1_600' title='bbox 1988 3486 2321 3543; x_wconf 90' lang='lat' dir='ltr'><strong>insularum</strong></span> <span class='ocrx_word' id='word_1_601' title='bbox 2370 3483 2589 3551; x_wconf 87' lang='lat' dir='ltr'><strong>delato,</strong></span> <span class='ocrx_word' id='word_1_602' title='bbox 2637 3484 2754 3541; x_wconf 91' lang='lat' dir='ltr'><strong>tale</strong></span> <span class='ocrx_word' id='word_1_603' title='bbox 2797 3483 2946 3557; x_wconf 92' lang='lat' dir='ltr'><strong>quid</strong></span> <span class='ocrx_word' id='word_1_604' title='bbox 2995 3484 3267 3550; x_wconf 90' lang='lat' dir='ltr'><strong>occurrit,</strong></span> <span class='ocrx_word' id='word_1_605' title='bbox 3316 3484 3413 3542; x_wconf 87' lang='lat' dir='ltr'><strong>vel</strong></span> 
     </span>
    </p>
   </div>
   <div class='ocr_carea' id='block_1_83' title="bbox 1747 3572 3409 3651">
    <p class='ocr_par' dir='ltr' id='par_1_83' title="bbox 1747 3572 3409 3651">
     <span class='ocr_line' id='line_1_83' title="bbox 1747 3572 3409 3651; baseline -0.002 -17"><span class='ocrx_word' id='word_1_606' title='bbox 1747 3579 1881 3651; x_wconf 91' lang='lat' dir='ltr'><strong>ipso</strong></span> <span class='ocrx_word' id='word_1_607' title='bbox 1907 3576 2114 3633; x_wconf 87' lang='lat' dir='ltr'><strong>auditu</strong></span> <span class='ocrx_word' id='word_1_608' title='bbox 2139 3573 2585 3632; x_wconf 87' lang='lat' dir='ltr'><strong>admirandum.</strong></span> <span class='ocrx_word' id='word_1_609' title='bbox 2612 3572 2823 3630; x_wconf 88' lang='lat' dir='ltr'><strong>lncidit</strong></span> <span class='ocrx_word' id='word_1_610' title='bbox 2841 3574 3000 3629; x_wconf 90' lang='lat' dir='ltr'><strong>enim</strong></span> <span class='ocrx_word' id='word_1_611' title='bbox 3025 3573 3085 3629; x_wconf 92' lang='lat' dir='ltr'><strong>in</strong></span> <span class='ocrx_word' id='word_1_612' title='bbox 3111 3574 3409 3647; x_wconf 89' lang='lat' dir='ltr'><strong>quodsam</strong></span> 
     </span>
    </p>
   </div>
   <div class='ocr_carea' id='block_1_84' title="bbox 1747 3661 3411 3738">
    <p class='ocr_par' dir='ltr' id='par_1_84' title="bbox 1747 3661 3411 3738">
     <span class='ocr_line' id='line_1_84' title="bbox 1747 3661 3411 3738; baseline -0.002 -15"><span class='ocrx_word' id='word_1_613' title='bbox 1747 3665 2197 3738; x_wconf 86' lang='lat' dir='ltr'><strong>formaquidem</strong></span> <span class='ocrx_word' id='word_1_614' title='bbox 2215 3664 2474 3734; x_wconf 87' lang='lat' dir='ltr'><strong>etﬁgura</strong></span> <span class='ocrx_word' id='word_1_615' title='bbox 2491 3661 2884 3728; x_wconf 87' lang='lat' dir='ltr'><strong>humana,sed</strong></span> <span class='ocrx_word' id='word_1_616' title='bbox 2902 3662 3282 3719; x_wconf 85' lang='lat' dir='ltr'><strong>brevissimos</strong></span> <span class='ocrx_word' id='word_1_617' title='bbox 3296 3663 3411 3735; x_wconf 85' lang='lat' dir='ltr'><strong>(t3)</strong></span> 
     </span>
    </p>
   </div>
   <div class='ocr_carea' id='block_1_85' title="bbox 1746 3752 3411 3825">
    <p class='ocr_par' dir='ltr' id='par_1_85' title="bbox 1746 3752 3411 3825">
     <span class='ocr_line' id='line_1_85' title="bbox 1746 3752 3411 3825; baseline -0.003 -13"><span class='ocrx_word' id='word_1_618' title='bbox 1746 3762 1803 3812; x_wconf 93' lang='lat' dir='ltr'><strong>et</strong></span> <span class='ocrx_word' id='word_1_619' title='bbox 1835 3761 2031 3811; x_wconf 88' lang='lat' dir='ltr'><strong>cutem</strong></span> <span class='ocrx_word' id='word_1_620' title='bbox 2062 3754 2266 3824; x_wconf 88' lang='lat' dir='ltr'><strong>nigros</strong></span> <span class='ocrx_word' id='word_1_621' title='bbox 2293 3756 2603 3824; x_wconf 86' lang='lat' dir='ltr'><strong>totumque</strong></span> <span class='ocrx_word' id='word_1_622' title='bbox 2649 3752 2874 3823; x_wconf 89' lang='lat' dir='ltr'><strong>pilosos</strong></span> <span class='ocrx_word' id='word_1_623' title='bbox 2922 3767 3159 3823; x_wconf 89' lang='lat' dir='ltr'><strong>corpus.</strong></span> <span class='ocrx_word' id='word_1_624' title='bbox 3192 3754 3411 3825; x_wconf 89' lang='lat' dir='ltr'><strong>Seque-</strong></span> 
     </span>
    </p>
   </div>
   <div class='ocr_carea' id='block_1_86' title="bbox 1746 3839 3409 3915">
    <p class='ocr_par' dir='ltr' id='par_1_86' title="bbox 1746 3839 3409 3915">
     <span class='ocr_line' id='line_1_86' title="bbox 1746 3839 3409 3915; baseline -0.004 -12"><span class='ocrx_word' id='word_1_625' title='bbox 1746 3846 1965 3903; x_wconf 86' lang='lat' dir='ltr'><strong>bantur</strong></span> <span class='ocrx_word' id='word_1_626' title='bbox 1992 3844 2145 3900; x_wconf 90' lang='lat' dir='ltr'><strong>viros</strong></span> <span class='ocrx_word' id='word_1_627' title='bbox 2176 3841 2443 3915; x_wconf 64' lang='lat' dir='ltr'><strong>mquales</strong></span> <span class='ocrx_word' id='word_1_628' title='bbox 2471 3840 2729 3905; x_wconf 64' lang='lat' dir='ltr'><strong>femina,</strong></span> <span class='ocrx_word' id='word_1_629' title='bbox 2763 3846 2819 3896; x_wconf 92' lang='lat' dir='ltr'><strong>et</strong></span> <span class='ocrx_word' id='word_1_630' title='bbox 2850 3840 3017 3912; x_wconf 91' lang='lat' dir='ltr'><strong>pueri</strong></span> <span class='ocrx_word' id='word_1_631' title='bbox 3048 3839 3246 3896; x_wconf 89' lang='lat' dir='ltr'><strong>adhuc</strong></span> <span class='ocrx_word' id='word_1_632' title='bbox 3276 3841 3409 3897; x_wconf 88' lang='lat' dir='ltr'><strong>bre-</strong></span> 
     </span>
    </p>
   </div>
   <div class='ocr_carea' id='block_1_87' title="bbox 1750 3928 3411 4001">
    <p class='ocr_par' dir='ltr' id='par_1_87' title="bbox 1750 3928 3411 4001">
     <span class='ocr_line' id='line_1_87' title="bbox 1750 3928 3411 4001; baseline -0.004 -11"><span class='ocrx_word' id='word_1_633' title='bbox 1750 3936 1965 3990; x_wconf 90' lang='lat' dir='ltr'><strong>viores.</strong></span> <span class='ocrx_word' id='word_1_634' title='bbox 1991 3933 2138 3989; x_wconf 86' lang='lat' dir='ltr'><strong>Nudi</strong></span> <span class='ocrx_word' id='word_1_635' title='bbox 2160 3948 2373 3988; x_wconf 92' lang='lat' dir='ltr'><strong>omnes</strong></span> <span class='ocrx_word' id='word_1_636' title='bbox 2402 3936 2610 4000; x_wconf 86' lang='lat' dir='ltr'><strong>agunt,</strong></span> <span class='ocrx_word' id='word_1_637' title='bbox 2634 3929 2786 4001; x_wconf 89' lang='lat' dir='ltr'><strong>pelle</strong></span> <span class='ocrx_word' id='word_1_638' title='bbox 2809 3935 3037 3986; x_wconf 87' lang='lat' dir='ltr'><strong>tantum</strong></span> <span class='ocrx_word' id='word_1_639' title='bbox 3061 3928 3219 3984; x_wconf 89' lang='lat' dir='ltr'><strong>brevi</strong></span> <span class='ocrx_word' id='word_1_640' title='bbox 3244 3929 3411 3985; x_wconf 88' lang='lat' dir='ltr'><strong>adul-</strong></span> 
     </span>
    </p>
   </div>
   <div class='ocr_carea' id='block_1_88' title="bbox 1749 4017 3411 4090">
    <p class='ocr_par' dir='ltr' id='par_1_88' title="bbox 1749 4017 3411 4090">
     <span class='ocr_line' id='line_1_88' title="bbox 1749 4017 3411 4090; baseline -0.002 -11"><span class='ocrx_word' id='word_1_641' title='bbox 1749 4024 1923 4079; x_wconf 89' lang='lat' dir='ltr'><strong>tiores</strong></span> <span class='ocrx_word' id='word_1_642' title='bbox 1955 4021 2215 4077; x_wconf 89' lang='lat' dir='ltr'><strong>verenda</strong></span> <span class='ocrx_word' id='word_1_643' title='bbox 2241 4021 2395 4088; x_wconf 88' lang='lat' dir='ltr'><strong>tecti,</strong></span> <span class='ocrx_word' id='word_1_644' title='bbox 2422 4019 2531 4074; x_wconf 90' lang='lat' dir='ltr'><strong>viri</strong></span> <span class='ocrx_word' id='word_1_645' title='bbox 2546 4018 2766 4090; x_wconf 88' lang='lat' dir='ltr'><strong>pariter</strong></span> <span class='ocrx_word' id='word_1_646' title='bbox 2793 4034 2863 4073; x_wconf 88' lang='lat' dir='ltr'><strong>ac</strong></span> <span class='ocrx_word' id='word_1_647' title='bbox 2892 4017 3148 4085; x_wconf 60' lang='lat' dir='ltr'><strong>feminas,</strong></span> <span class='ocrx_word' id='word_1_648' title='bbox 3180 4024 3411 4088; x_wconf 85' lang='lat' dir='ltr'><strong>agreste</strong></span> 
     </span>
    </p>
   </div>
   <div class='ocr_carea' id='block_1_89' title="bbox 1749 4104 3412 4183">
    <p class='ocr_par' dir='ltr' id='par_1_89' title="bbox 1749 4104 3412 4183">
     <span class='ocr_line' id='line_1_89' title="bbox 1749 4104 3412 4183; baseline -0.002 -16"><span class='ocrx_word' id='word_1_649' title='bbox 1749 4112 1893 4169; x_wconf 89' lang='lat' dir='ltr'><strong>nihil</strong></span> <span class='ocrx_word' id='word_1_650' title='bbox 1924 4126 2117 4183; x_wconf 89' lang='lat' dir='ltr'><strong>neque</strong></span> <span class='ocrx_word' id='word_1_651' title='bbox 2146 4108 2395 4165; x_wconf 77' lang='lat' dir='ltr'><strong>efferum</strong></span> <span class='ocrx_word' id='word_1_652' title='bbox 2426 4108 2574 4180; x_wconf 88' lang='lat' dir='ltr'><strong>quid</strong></span> <span class='ocrx_word' id='word_1_653' title='bbox 2616 4122 2737 4177; x_wconf 69' lang='lat' dir='ltr'><strong>prae</strong></span> <span class='ocrx_word' id='word_1_654' title='bbox 2766 4122 2830 4161; x_wconf 89' lang='lat' dir='ltr'><strong>se</strong></span> <span class='ocrx_word' id='word_1_655' title='bbox 2863 4104 3138 4162; x_wconf 87' lang='lat' dir='ltr'><strong>ferentes.</strong></span> <span class='ocrx_word' id='word_1_656' title='bbox 3173 4104 3324 4171; x_wconf 87' lang='lat' dir='ltr'><strong>Quin</strong></span> <span class='ocrx_word' id='word_1_657' title='bbox 3354 4110 3412 4163; x_wconf 87' lang='lat' dir='ltr'><strong>et</strong></span> 
     </span>
    </p>
   </div>
   <div class='ocr_carea' id='block_1_90' title="bbox 1748 4192 3410 4266">
    <p class='ocr_par' dir='ltr' id='par_1_90' title="bbox 1748 4192 3410 4266">
     <span class='ocr_line' id='line_1_90' title="bbox 1748 4192 3410 4266; baseline -0.004 -9"><span class='ocrx_word' id='word_1_658' title='bbox 1748 4218 1865 4258; x_wconf 78' lang='lat' dir='ltr'><strong>vox</strong></span> <span class='ocrx_word' id='word_1_659' title='bbox 1896 4200 2009 4256; x_wconf 90' lang='lat' dir='ltr'><strong>illis</strong></span> <span class='ocrx_word' id='word_1_660' title='bbox 2030 4200 2318 4262; x_wconf 87' lang='lat' dir='ltr'><strong>humana,</strong></span> <span class='ocrx_word' id='word_1_661' title='bbox 2341 4197 2445 4253; x_wconf 87' lang='lat' dir='ltr'><strong>sed</strong></span> <span class='ocrx_word' id='word_1_662' title='bbox 2468 4195 2771 4262; x_wconf 88' lang='lat' dir='ltr'><strong>omnibus,</strong></span> <span class='ocrx_word' id='word_1_663' title='bbox 2799 4194 2978 4249; x_wconf 89' lang='lat' dir='ltr'><strong>etiam</strong></span> <span class='ocrx_word' id='word_1_664' title='bbox 3007 4192 3225 4249; x_wconf 88' lang='lat' dir='ltr'><strong>accolis</strong></span> <span class='ocrx_word' id='word_1_665' title='bbox 3246 4209 3410 4266; x_wconf 90' lang='lat' dir='ltr'><strong>pror-</strong></span> 
     </span>
    </p>
   </div>
   <div class='ocr_carea' id='block_1_91' title="bbox 1750 4282 3408 4359">
    <p class='ocr_par' dir='ltr' id='par_1_91' title="bbox 1750 4282 3408 4359">
     <span class='ocr_line' id='line_1_91' title="bbox 1750 4282 3408 4359; baseline -0.004 -14"><span class='ocrx_word' id='word_1_666' title='bbox 1750 4307 1855 4345; x_wconf 85' lang='lat' dir='ltr'><strong>sus</strong></span> <span class='ocrx_word' id='word_1_667' title='bbox 1885 4290 2086 4359; x_wconf 88' lang='lat' dir='ltr'><strong>ignota</strong></span> <span class='ocrx_word' id='word_1_668' title='bbox 2112 4287 2341 4357; x_wconf 89' lang='lat' dir='ltr'><strong>lingua,</strong></span> <span class='ocrx_word' id='word_1_669' title='bbox 2376 4284 2683 4357; x_wconf 88' lang='lat' dir='ltr'><strong>multoque</strong></span> <span class='ocrx_word' id='word_1_670' title='bbox 2713 4282 2974 4355; x_wconf 89' lang='lat' dir='ltr'><strong>amplius</strong></span> <span class='ocrx_word' id='word_1_671' title='bbox 3016 4283 3279 4338; x_wconf 91' lang='lat' dir='ltr'><strong>Nonnosi</strong></span> <span class='ocrx_word' id='word_1_672' title='bbox 3309 4299 3408 4340; x_wconf 91' lang='lat' dir='ltr'><strong>so-</strong></span> 
     </span>
    </p>
   </div>
   <div class='ocr_carea' id='block_1_92' title="bbox 1750 4372 3409 4445">
    <p class='ocr_par' dir='ltr' id='par_1_92' title="bbox 1750 4372 3409 4445">
     <span class='ocr_line' id='line_1_92' title="bbox 1750 4372 3409 4445; baseline -0.004 -10"><span class='ocrx_word' id='word_1_673' title='bbox 1750 4379 1874 4435; x_wconf 84' lang='lat' dir='ltr'><strong>ciis.</strong></span> <span class='ocrx_word' id='word_1_674' title='bbox 1911 4378 2122 4433; x_wconf 90' lang='lat' dir='ltr'><strong>Vivunt</strong></span> <span class='ocrx_word' id='word_1_675' title='bbox 2153 4375 2400 4431; x_wconf 89' lang='lat' dir='ltr'><strong>marinis</strong></span> <span class='ocrx_word' id='word_1_676' title='bbox 2431 4375 2669 4442; x_wconf 89' lang='lat' dir='ltr'><strong>ostreis,</strong></span> <span class='ocrx_word' id='word_1_677' title='bbox 2701 4378 2757 4429; x_wconf 88' lang='lat' dir='ltr'><strong>et</strong></span> <span class='ocrx_word' id='word_1_678' title='bbox 2786 4372 3051 4445; x_wconf 91' lang='lat' dir='ltr'><strong>piscibus</strong></span> <span class='ocrx_word' id='word_1_679' title='bbox 3082 4387 3113 4426; x_wconf 91' lang='lat' dir='ltr'><strong>e</strong></span> <span class='ocrx_word' id='word_1_680' title='bbox 3146 4372 3297 4427; x_wconf 89' lang='lat' dir='ltr'><strong>mari</strong></span> <span class='ocrx_word' id='word_1_681' title='bbox 3329 4372 3409 4429; x_wconf 88' lang='lat' dir='ltr'><strong>ad</strong></span> 
     </span>
    </p>
   </div>
   <div class='ocr_carea' id='block_1_93' title="bbox 1750 4461 3409 4538">
    <p class='ocr_par' dir='ltr' id='par_1_93' title="bbox 1750 4461 3409 4538">
     <span class='ocr_line' id='line_1_93' title="bbox 1750 4461 3409 4538; baseline -0.004 -15"><span class='ocrx_word' id='word_1_682' title='bbox 1750 4467 2012 4523; x_wconf 80' lang='lat' dir='ltr'><strong>insulam</strong></span> <span class='ocrx_word' id='word_1_683' title='bbox 2060 4463 2353 4538; x_wconf 86' lang='lat' dir='ltr'><strong>projectis.</strong></span> <span class='ocrx_word' id='word_1_684' title='bbox 2388 4463 2660 4519; x_wconf 86' lang='lat' dir='ltr'><strong>Audaces</strong></span> <span class='ocrx_word' id='word_1_685' title='bbox 2690 4461 2935 4518; x_wconf 91' lang='lat' dir='ltr'><strong>minime</strong></span> <span class='ocrx_word' id='word_1_686' title='bbox 2984 4466 3143 4526; x_wconf 91' lang='lat' dir='ltr'><strong>sunt,</strong></span> <span class='ocrx_word' id='word_1_687' title='bbox 3177 4466 3258 4526; x_wconf 87' lang='lat' dir='ltr'><strong>ut,</strong></span> <span class='ocrx_word' id='word_1_688' title='bbox 3300 4476 3409 4517; x_wconf 92' lang='lat' dir='ltr'><strong>no-</strong></span> 
     </span>
    </p>
   </div>
   <div class='ocr_carea' id='block_1_94' title="bbox 1751 4550 3407 4627">
    <p class='ocr_par' dir='ltr' id='par_1_94' title="bbox 1751 4550 3407 4627">
     <span class='ocr_line' id='line_1_94' title="bbox 1751 4550 3407 4627; baseline -0.004 -16"><span class='ocrx_word' id='word_1_689' title='bbox 1751 4556 1885 4611; x_wconf 90' lang='lat' dir='ltr'><strong>stris</strong></span> <span class='ocrx_word' id='word_1_690' title='bbox 1933 4554 2266 4627; x_wconf 89' lang='lat' dir='ltr'><strong>conspectis</strong></span> <span class='ocrx_word' id='word_1_691' title='bbox 2316 4552 2678 4618; x_wconf 89' lang='lat' dir='ltr'><strong>hominibus,</strong></span> <span class='ocrx_word' id='word_1_692' title='bbox 2727 4550 3239 4623; x_wconf 87' lang='lat' dir='ltr'><strong>quemadmodum</strong></span> <span class='ocrx_word' id='word_1_693' title='bbox 3297 4566 3407 4606; x_wconf 92' lang='lat' dir='ltr'><strong>nos</strong></span> 
     </span>
    </p>
   </div>
   <div class='ocr_carea' id='block_1_95' title="bbox 1752 4639 3042 4713">
    <p class='ocr_par' dir='ltr' id='par_1_95' title="bbox 1752 4639 3042 4713">
     <span class='ocr_line' id='line_1_95' title="bbox 1752 4639 3042 4713; baseline -0.005 -12"><span class='ocrx_word' id='word_1_694' title='bbox 1752 4647 1879 4701; x_wconf 90' lang='lat' dir='ltr'><strong>visa</strong></span> <span class='ocrx_word' id='word_1_695' title='bbox 1911 4645 2132 4713; x_wconf 88' lang='lat' dir='ltr'><strong>ingenti</strong></span> <span class='ocrx_word' id='word_1_696' title='bbox 2167 4642 2313 4707; x_wconf 87' lang='lat' dir='ltr'><strong>fera,</strong></span> <span class='ocrx_word' id='word_1_697' title='bbox 2345 4649 2506 4698; x_wconf 91' lang='lat' dir='ltr'><strong>metu</strong></span> <span class='ocrx_word' id='word_1_698' title='bbox 2540 4640 2796 4713; x_wconf 90' lang='lat' dir='ltr'><strong>perculsi</strong></span> <span class='ocrx_word' id='word_1_699' title='bbox 2823 4639 3042 4695; x_wconf 87' lang='lat' dir='ltr'><strong>fuerint</strong></span> 
     </span>
    </p>
   </div>
   <div class='ocr_carea' id='block_1_96' title="bbox 120 4725 3407 4810">
    <p class='ocr_par' dir='ltr' id='par_1_96' title="bbox 120 4725 3407 4810">
     <span class='ocr_line' id='line_1_96' title="bbox 120 4725 3407 4810; baseline -0.002 -24"><span class='ocrx_word' id='word_1_700' title='bbox 120 4734 333 4795; x_wconf 65' lang='grc' dir='ltr'>επρέωνη</span> <span class='ocrx_word' id='word_1_701' title='bbox 360 4742 444 4787; x_wconf 76' lang='grc' dir='ltr'><strong>καὶ</strong></span> <span class='ocrx_word' id='word_1_702' title='bbox 468 4735 675 4807; x_wconf 82' lang='grc' dir='ltr'>ἰχθύων</span> <span class='ocrx_word' id='word_1_703' title='bbox 700 4744 799 4787; x_wconf 84' lang='grc' dir='ltr'>τῶν</span> <span class='ocrx_word' id='word_1_704' title='bbox 826 4735 925 4787; x_wconf 85' lang='grc' dir='ltr'>ἀπὸ</span> <span class='ocrx_word' id='word_1_705' title='bbox 956 4743 1051 4799; x_wconf 87' lang='grc' dir='ltr'>τῆς</span> <span class='ocrx_word' id='word_1_706' title='bbox 1074 4736 1345 4799; x_wconf 68' lang='grc' dir='ltr'>θαλάσσης</span> <span class='ocrx_word' id='word_1_707' title='bbox 1366 4736 1437 4799; x_wconf 76' lang='grc' dir='ltr'><strong>εἰς</strong></span> <span class='ocrx_word' id='word_1_708' title='bbox 1468 4741 1562 4795; x_wconf 79' lang='grc' dir='ltr'><strong>την</strong></span> <span class='ocrx_word' id='word_1_709' title='bbox 1584 4744 1744 4796; x_wconf 86' lang='grc' dir='ltr'>νῆσον</span> <span class='ocrx_word' id='word_1_710' title='bbox 1776 4733 2250 4810; x_wconf 81' lang='grc' dir='ltr'>ἀποῤῥιπτομένων.</span> <span class='ocrx_word' id='word_1_711' title='bbox 2282 4733 2493 4804; x_wconf 77' lang='grc' dir='ltr'>Θάρσος</span> <span class='ocrx_word' id='word_1_712' title='bbox 2525 4726 2583 4784; x_wconf 69' lang='grc' dir='ltr'><strong>δὲ</strong></span> <span class='ocrx_word' id='word_1_713' title='bbox 2615 4726 2759 4802; x_wconf 85' lang='grc' dir='ltr'>εἶχον</span> <span class='ocrx_word' id='word_1_714' title='bbox 2782 4725 2953 4794; x_wconf 68' lang='grc' dir='ltr'>οὐδὲν,</span> <span class='ocrx_word' id='word_1_715' title='bbox 2982 4726 3107 4779; x_wconf 83' lang='grc' dir='ltr'>ἀλλὰ</span> <span class='ocrx_word' id='word_1_716' title='bbox 3133 4732 3221 4780; x_wconf 79' lang='grc' dir='ltr'>καὶ</span> <span class='ocrx_word' id='word_1_717' title='bbox 3253 4730 3407 4806; x_wconf 82' lang='grc' dir='ltr'>ὀρῶν-</span> 
     </span>
    </p>
   </div>
   <div class='ocr_carea' id='block_1_97' title="bbox 120 4810 2401 4901">
    <p class='ocr_par' dir='ltr' id='par_1_97' title="bbox 120 4810 2401 4901">
     <span class='ocr_line' id='line_1_97' title="bbox 120 4810 2401 4901; baseline 0 -30"><span class='ocrx_word' id='word_1_718' title='bbox 120 4826 274 4879; x_wconf 71' lang='grc' dir='ltr'>τιςτοὺς</span> <span class='ocrx_word' id='word_1_719' title='bbox 296 4825 401 4875; x_wconf 72' lang='grc' dir='ltr'>καθ’</span> <span class='ocrx_word' id='word_1_720' title='bbox 427 4826 569 4896; x_wconf 78' lang='grc' dir='ltr'>ἡμᾶς</span> <span class='ocrx_word' id='word_1_721' title='bbox 602 4822 900 4898; x_wconf 81' lang='grc' dir='ltr'>ἀνθρώπους</span> <span class='ocrx_word' id='word_1_722' title='bbox 926 4825 1263 4883; x_wconf 76' lang='grc' dir='ltr'>ὑπέπτησσον</span> <span class='ocrx_word' id='word_1_723' title='bbox 1292 4828 1360 4892; x_wconf 83' lang='grc' dir='ltr'><strong>³ο,</strong></span> <span class='ocrx_word' id='word_1_724' title='bbox 1389 4826 1563 4901; x_wconf 81' lang='grc' dir='ltr'>ὥσπερ</span> <span class='ocrx_word' id='word_1_725' title='bbox 1596 4810 1753 4899; x_wconf 74' lang='grc' dir='ltr'>ἡμεῖς</span> <span class='ocrx_word' id='word_1_726' title='bbox 1770 4825 1839 4877; x_wconf 83' lang='grc' dir='ltr'><strong>τὰ</strong></span> <span class='ocrx_word' id='word_1_727' title='bbox 1867 4824 2030 4897; x_wconf 80' lang='grc' dir='ltr'>μείζω</span> <span class='ocrx_word' id='word_1_728' title='bbox 2059 4830 2159 4875; x_wconf 86' lang='grc' dir='ltr'>τῶν</span> <span class='ocrx_word' id='word_1_729' title='bbox 2188 4823 2401 4897; x_wconf 88' lang='grc' dir='ltr'>θηρίων.</span> 
     </span>
    </p>
   </div>
   <div class='ocr_carea' id='block_1_98' title="bbox 1382 4990 2064 5049">
    <p class='ocr_par' dir='ltr' id='par_1_98' title="bbox 1382 4990 2064 5049">
     <span class='ocr_line' id='line_1_98' title="bbox 1382 4990 2064 5049; baseline -0.007 -2"><span class='ocrx_word' id='word_1_730' title='bbox 1382 4991 1625 5049; x_wconf 68' lang='lat' dir='ltr'><strong>VARI/ﬁ</strong></span> <span class='ocrx_word' id='word_1_731' title='bbox 1660 4990 2064 5049; x_wconf 82' lang='lat' dir='ltr'><strong>LECTIONES.</strong></span> 
     </span>
    </p>
   </div>
   <div class='ocr_carea' id='block_1_99' title="bbox 132 5156 1385 5241">
    <p class='ocr_par' dir='ltr' id='par_1_99' title="bbox 132 5156 1385 5241">
     <span class='ocr_line' id='line_1_99' title="bbox 132 5156 1385 5241; baseline -0.006 -14"><span class='ocrx_word' id='word_1_732' title='bbox 132 5222 137 5227; x_wconf 88' lang='lat'><strong>.</strong></span> <span class='ocrx_word' id='word_1_733' title='bbox 174 5156 509 5241; x_wconf 18' lang='lat' dir='ltr'><strong>&quot;adigam;</strong></span> <span class='ocrx_word' id='word_1_734' title='bbox 554 5174 616 5222; x_wconf 84' lang='lat' dir='ltr'><strong>A.</strong></span> <span class='ocrx_word' id='word_1_735' title='bbox 694 5169 741 5203; x_wconf 79' lang='lat'><strong><em>”</em></strong></span> <span class='ocrx_word' id='word_1_736' title='bbox 768 5165 906 5241; x_wconf 79' lang='grc' dir='ltr'>μετ’]</span> <span class='ocrx_word' id='word_1_737' title='bbox 941 5170 1058 5241; x_wconf 78' lang='grc' dir='ltr'>περὶ</span> <span class='ocrx_word' id='word_1_738' title='bbox 1086 5181 1139 5237; x_wconf 82' lang='grc' dir='ltr'>ρ.</span> <span class='ocrx_word' id='word_1_739' title='bbox 1166 5168 1196 5222; x_wconf 89' lang='lat'><strong>3</strong></span> <span class='ocrx_word' id='word_1_740' title='bbox 1224 5180 1260 5220; x_wconf 92' lang='lat' dir='ltr'><strong>a</strong></span> <span class='ocrx_word' id='word_1_741' title='bbox 1284 5164 1385 5241; x_wconf 65' lang='lat'><strong>_34.</strong></span> 
     </span>
    </p>
   </div>
   <div class='ocr_carea' id='block_1_100' title="bbox 134 5227 1330 5309">
    <p class='ocr_par' dir='ltr' id='par_1_100' title="bbox 134 5227 1330 5309">
     <span class='ocr_line' id='line_1_100' title="bbox 134 5227 1330 5309; baseline 0.021 -35"><span class='ocrx_word' id='word_1_742' title='bbox 134 5227 435 5302; x_wconf 55' lang='grc' dir='ltr'>ιπτῂμλαᾶήν</span> <span class='ocrx_word' id='word_1_743' title='bbox 465 5227 528 5292; x_wconf 72' lang='lat' dir='ltr'><strong>A.</strong></span> <span class='ocrx_word' id='word_1_744' title='bbox 557 5242 608 5277; x_wconf 78' lang='grc'><strong>³·</strong></span> <span class='ocrx_word' id='word_1_745' title='bbox 633 5227 928 5309; x_wconf 66' lang='grc' dir='ltr'>Νόννὲυσοῧ,</span> <span class='ocrx_word' id='word_1_746' title='bbox 957 5227 1023 5294; x_wconf 77' lang='grc' dir='ltr'>ιιί</span> <span class='ocrx_word' id='word_1_747' title='bbox 1051 5227 1234 5309; x_wconf 67' lang='lat' dir='ltr'><strong>saepe,</strong></span> <span class='ocrx_word' id='word_1_748' title='bbox 1266 5238 1330 5292; x_wconf 73' lang='grc' dir='ltr'><strong>Α.</strong></span> 
     </span>
    </p>
   </div>
   <div class='ocr_carea' id='block_1_101' title="bbox 1464 5164 1969 5227">
    <p class='ocr_par' dir='ltr' id='par_1_101' title="bbox 1464 5164 1969 5227">
     <span class='ocr_line' id='line_1_101' title="bbox 1464 5164 1969 5227; baseline -0.002 -11"><span class='ocrx_word' id='word_1_749' title='bbox 1464 5164 1513 5200; x_wconf 74' lang='grc'><strong>³⁸</strong></span> <span class='ocrx_word' id='word_1_750' title='bbox 1543 5166 1611 5227; x_wconf 85' lang='grc' dir='ltr'>ὡς</span> <span class='ocrx_word' id='word_1_751' title='bbox 1645 5171 1725 5220; x_wconf 81' lang='lat' dir='ltr'><strong>A:</strong></span> <span class='ocrx_word' id='word_1_752' title='bbox 1760 5166 1881 5218; x_wconf 88' lang='grc' dir='ltr'>ὅσον</span> <span class='ocrx_word' id='word_1_753' title='bbox 1913 5183 1969 5227; x_wconf 82' lang='grc' dir='ltr'>ς.</span> 
     </span>
    </p>
   </div>
   <div class='ocr_carea' id='block_1_102' title="bbox 1408 5235 1822 5309">
    <p class='ocr_par' dir='ltr' id='par_1_102' title="bbox 1408 5235 1822 5309">
     <span class='ocr_line' id='line_1_102' title="bbox 1408 5235 1822 5309; baseline 0.01 -21"><span class='ocrx_word' id='word_1_754' title='bbox 1408 5237 1457 5272; x_wconf 79' lang='grc'><strong>²⁹</strong></span> <span class='ocrx_word' id='word_1_755' title='bbox 1491 5235 1735 5309; x_wconf 85' lang='grc' dir='ltr'>ὀστρείων</span> <span class='ocrx_word' id='word_1_756' title='bbox 1767 5257 1822 5301; x_wconf 81' lang='grc' dir='ltr'>ς.</span> 
     </span>
    </p>
   </div>
   <div class='ocr_carea' id='block_1_103' title="bbox 2046 5158 3142 5233">
    <p class='ocr_par' dir='ltr' id='par_1_103' title="bbox 2046 5158 3142 5233">
     <span class='ocr_line' id='line_1_103' title="bbox 2046 5158 3142 5233; baseline -0.002 -20"><span class='ocrx_word' id='word_1_757' title='bbox 2046 5160 2094 5196; x_wconf 76' lang='grc'>³⁵</span> <span class='ocrx_word' id='word_1_758' title='bbox 2132 5158 2456 5233; x_wconf 72' lang='grc' dir='ltr'>αἰγοκέρωτα</span> <span class='ocrx_word' id='word_1_759' title='bbox 2486 5172 2575 5231; x_wconf 78' lang='grc' dir='ltr'>ρι’.</span> <span class='ocrx_word' id='word_1_760' title='bbox 2609 5158 2676 5212; x_wconf 83' lang='grc' dir='ltr'><strong>Α.</strong></span> <span class='ocrx_word' id='word_1_761' title='bbox 2754 5158 2803 5193; x_wconf 77' lang='grc'>³⁸</span> <span class='ocrx_word' id='word_1_762' title='bbox 2830 5160 2887 5211; x_wconf 87' lang='grc' dir='ltr'>τὸ</span> <span class='ocrx_word' id='word_1_763' title='bbox 2915 5172 3035 5214; x_wconf 94' lang='lat' dir='ltr'><strong>om.</strong></span> <span class='ocrx_word' id='word_1_764' title='bbox 3078 5160 3142 5212; x_wconf 84' lang='lat' dir='ltr'><strong>A.</strong></span> 
     </span>
    </p>
   </div>
   <div class='ocr_carea' id='block_1_104' title="bbox 1903 5235 2367 5295">
    <p class='ocr_par' dir='ltr' id='par_1_104' title="bbox 1903 5235 2367 5295">
     <span class='ocr_line' id='line_1_104' title="bbox 1903 5235 2367 5295; baseline 0 -9"><span class='ocrx_word' id='word_1_765' title='bbox 1903 5235 1951 5271; x_wconf 83' lang='grc' dir='ltr'><strong>³ο</strong></span> <span class='ocrx_word' id='word_1_766' title='bbox 1977 5235 2282 5290; x_wconf 77' lang='grc' dir='ltr'>ὑπέπτησσεν</span> <span class='ocrx_word' id='word_1_767' title='bbox 2312 5250 2367 5295; x_wconf 83' lang='grc' dir='ltr'><strong>ς’.</strong></span> 
     </span>
    </p>
   </div>
   <div class='ocr_carea' id='block_1_105' title="bbox 3221 5159 3404 5232">
    <p class='ocr_par' dir='ltr' id='par_1_105' title="bbox 3221 5159 3404 5232">
     <span class='ocr_line' id='line_1_105' title="bbox 3221 5159 3404 5232; baseline -0.005 -39"><span class='ocrx_word' id='word_1_768' title='bbox 3221 5159 3268 5193; x_wconf 74' lang='grc' dir='ltr'><strong>ιτ</strong></span> <span class='ocrx_word' id='word_1_769' title='bbox 3306 5162 3404 5232; x_wconf 70' lang='grc' dir='ltr'><strong>με,</strong></span> 
     </span>
    </p>
   </div>
   <div class='ocr_carea' id='block_1_106' title="bbox 1604 5395 1833 5455">
    <p class='ocr_par' dir='ltr' id='par_1_106' title="bbox 1604 5395 1833 5455">
     <span class='ocr_line' id='line_1_106' title="bbox 1604 5395 1833 5455; baseline -0.009 -1"><span class='ocrx_word' id='word_1_770' title='bbox 1604 5398 1650 5454; x_wconf 88' lang='grc' dir='ltr'>Ν</span> <span class='ocrx_word' id='word_1_771' title='bbox 1655 5395 1833 5455; x_wconf 68' lang='grc' dir='ltr'><strong>ΟΤΕ.</strong></span> 
     </span>
    </p>
   </div>
   <div class='ocr_carea' id='block_1_107' title="bbox 188 5550 1638 5631">
    <p class='ocr_par' dir='ltr' id='par_1_107' title="bbox 188 5550 1638 5631">
     <span class='ocr_line' id='line_1_107' title="bbox 188 5550 1638 5631; baseline -0.004 -11"><span class='ocrx_word' id='word_1_772' title='bbox 188 5550 262 5631; x_wconf 59' lang='grc' dir='ltr'><strong>πυ)</strong></span> <span class='ocrx_word' id='word_1_773' title='bbox 283 5555 504 5631; x_wconf 74' lang='lat' dir='ltr'><strong>Ctesiam</strong></span> <span class='ocrx_word' id='word_1_774' title='bbox 525 5560 792 5618; x_wconf 79' lang='lat' dir='ltr'><strong>fortassis</strong></span> <span class='ocrx_word' id='word_1_775' title='bbox 824 5559 1111 5631; x_wconf 86' lang='lat' dir='ltr'><strong>imitatus,</strong></span> <span class='ocrx_word' id='word_1_776' title='bbox 1140 5574 1175 5616; x_wconf 90' lang='lat' dir='ltr'><strong>a</strong></span> <span class='ocrx_word' id='word_1_777' title='bbox 1204 5573 1327 5631; x_wconf 90' lang='lat' dir='ltr'><strong>quo</strong></span> <span class='ocrx_word' id='word_1_778' title='bbox 1346 5556 1638 5615; x_wconf 91' lang='lat' dir='ltr'><strong>nonnulla</strong></span> 
     </span>
    </p>
   </div>
   <div class='ocr_carea' id='block_1_108' title="bbox 146 5626 571 5687">
    <p class='ocr_par' dir='ltr' id='par_1_108' title="bbox 146 5626 571 5687">
     <span class='ocr_line' id='line_1_108' title="bbox 146 5626 571 5687; baseline 0.019 -8"><span class='ocrx_word' id='word_1_779' title='bbox 146 5626 313 5680; x_wconf 69' lang='grc' dir='ltr'><strong>ωηωιεὶ</strong></span> <span class='ocrx_word' id='word_1_780' title='bbox 334 5629 571 5687; x_wconf 80' lang='lat' dir='ltr'><strong>videtur.</strong></span> 
     </span>
    </p>
   </div>
   <div class='ocr_carea' id='block_1_109' title="bbox 190 5693 1637 5776">
    <p class='ocr_par' dir='ltr' id='par_1_109' title="bbox 190 5693 1637 5776">
     <span class='ocr_line' id='line_1_109' title="bbox 190 5693 1637 5776; baseline 0.003 -21"><span class='ocrx_word' id='word_1_781' title='bbox 190 5693 263 5759; x_wconf 62' lang='grc'><strong>41³)</strong></span> <span class='ocrx_word' id='word_1_782' title='bbox 296 5699 471 5758; x_wconf 82' lang='lat' dir='ltr'><strong>Simile</strong></span> <span class='ocrx_word' id='word_1_783' title='bbox 508 5703 652 5776; x_wconf 85' lang='lat' dir='ltr'><strong>quid</strong></span> <span class='ocrx_word' id='word_1_784' title='bbox 692 5704 754 5761; x_wconf 90' lang='lat' dir='ltr'><strong>in</strong></span> <span class='ocrx_word' id='word_1_785' title='bbox 787 5703 995 5760; x_wconf 79' lang='lat' dir='ltr'><strong>Indicis</strong></span> <span class='ocrx_word' id='word_1_786' title='bbox 1023 5701 1200 5760; x_wconf 87' lang='lat' dir='ltr'><strong>refert</strong></span> <span class='ocrx_word' id='word_1_787' title='bbox 1238 5700 1462 5760; x_wconf 86' lang='lat' dir='ltr'><strong>Ctesias</strong></span> <span class='ocrx_word' id='word_1_788' title='bbox 1510 5699 1637 5759; x_wconf 84' lang='lat' dir='ltr'><strong>Cni-</strong></span> 
     </span>
    </p>
   </div>
   <div class='ocr_carea' id='block_1_110' title="bbox 1746 5548 2426 5613">
    <p class='ocr_par' dir='ltr' id='par_1_110' title="bbox 1746 5548 2426 5613">
     <span class='ocr_line' id='line_1_110' title="bbox 1746 5548 2426 5613; baseline -0.006 -1"><span class='ocrx_word' id='word_1_789' title='bbox 1746 5555 1882 5613; x_wconf 90' lang='lat' dir='ltr'><strong>dius</strong></span> <span class='ocrx_word' id='word_1_790' title='bbox 1911 5554 2014 5610; x_wconf 91' lang='lat' dir='ltr'><strong>inf.</strong></span> <span class='ocrx_word' id='word_1_791' title='bbox 2048 5551 2181 5609; x_wconf 93' lang='lat' dir='ltr'><strong>cod.</strong></span> <span class='ocrx_word' id='word_1_792' title='bbox 2215 5548 2426 5608; x_wconf 81' lang='lat' dir='ltr'><strong>LXXII.</strong></span> 
     </span>
    </p>
   </div>
   <div class='ocr_carea' id='block_1_111' title="bbox 1820 5620 3401 5697">
    <p class='ocr_par' dir='ltr' id='par_1_111' title="bbox 1820 5620 3401 5697">
     <span class='ocr_line' id='line_1_111' title="bbox 1820 5620 3401 5697; baseline -0.001 -16"><span class='ocrx_word' id='word_1_793' title='bbox 1820 5628 1933 5697; x_wconf 79' lang='lat' dir='ltr'><strong>(t3)</strong></span> <span class='ocrx_word' id='word_1_794' title='bbox 1966 5626 2043 5680; x_wconf 90' lang='lat' dir='ltr'><strong>De</strong></span> <span class='ocrx_word' id='word_1_795' title='bbox 2057 5623 2316 5696; x_wconf 67' lang='lat' dir='ltr'><strong>Pymasis</strong></span> <span class='ocrx_word' id='word_1_796' title='bbox 2345 5620 2456 5697; x_wconf 55' lang='lat' dir='ltr'><strong>inf.</strong></span> <span class='ocrx_word' id='word_1_797' title='bbox 2474 5620 2695 5697; x_wconf 70' lang='lat' dir='ltr'><strong>Qtesias</strong></span> <span class='ocrx_word' id='word_1_798' title='bbox 2716 5622 2780 5697; x_wconf 71' lang='lat' dir='ltr'><strong>in</strong></span> <span class='ocrx_word' id='word_1_799' title='bbox 2806 5620 3178 5697; x_wconf 53' lang='lat' dir='ltr'><strong>Iudiciscod.</strong></span> <span class='ocrx_word' id='word_1_800' title='bbox 3201 5624 3401 5682; x_wconf 80' lang='lat' dir='ltr'><strong>LXXII.</strong></span> 
     </span>
    </p>
   </div>
   <div class='ocr_carea' id='block_1_112' title="bbox 1747 5692 3020 5771">
    <p class='ocr_par' dir='ltr' id='par_1_112' title="bbox 1747 5692 3020 5771">
     <span class='ocr_line' id='line_1_112' title="bbox 1747 5692 3020 5771; baseline -0.004 -18"><span class='ocrx_word' id='word_1_801' title='bbox 1747 5692 2045 5755; x_wconf 68' lang='lat' dir='ltr'><strong>Iuvenalis</strong></span> <span class='ocrx_word' id='word_1_802' title='bbox 2076 5692 2341 5771; x_wconf 75' lang='lat' dir='ltr'><strong>quoque,</strong></span> <span class='ocrx_word' id='word_1_803' title='bbox 2375 5692 2600 5750; x_wconf 89' lang='lat' dir='ltr'><strong>Plinius</strong></span> <span class='ocrx_word' id='word_1_804' title='bbox 2625 5697 2683 5750; x_wconf 88' lang='lat' dir='ltr'><strong>et</strong></span> <span class='ocrx_word' id='word_1_805' title='bbox 2714 5692 3020 5750; x_wconf 84' lang='lat' dir='ltr'><strong>Paulinus.</strong></span> 
     </span>
    </p>
   </div>
  </div>
