  <div class='ocr_page' id='page_1' title='image "/cluster/home/n/w/nwhite01/storage/ocr_20150623/103/hvd.32044054112495/038.png"; bbox 0 0 4046 6228; ppageno 0'>
   <div class='ocr_carea' id='block_1_1' title="bbox 179 321 3461 385">
    <p class='ocr_par' dir='ltr' id='par_1_1' title="bbox 179 321 3461 385">
     <span class='ocr_line' id='line_1_1' title="bbox 179 321 3461 385; baseline 0.001 -6"><span class='ocrx_word' id='word_1_1' title='bbox 179 325 231 380; x_wconf 77' lang='lat'>53</span> <span class='ocrx_word' id='word_1_2' title='bbox 1202 321 1692 381; x_wconf 78' lang='lat' dir='ltr'>BIBLIOTHECA.</span> <span class='ocrx_word' id='word_1_3' title='bbox 1738 358 1803 367; x_wconf 88' lang='lat'><strong>—</strong></span> <span class='ocrx_word' id='word_1_4' title='bbox 1845 326 2056 383; x_wconf 91' lang='lat' dir='ltr'>CODD.</span> <span class='ocrx_word' id='word_1_5' title='bbox 2103 326 2355 385; x_wconf 86' lang='lat' dir='ltr'>IV-XIII.</span> <span class='ocrx_word' id='word_1_6' title='bbox 3390 321 3461 383; x_wconf 62' lang='grc'>54</span> 
     </span>
    </p>
   </div>
   <div class='ocr_carea' id='block_1_2' title="bbox 188 444 1694 527">
    <p class='ocr_par' dir='ltr' id='par_1_2' title="bbox 188 444 1693 523">
     <span class='ocr_line' id='line_1_2' title="bbox 188 444 1693 523; baseline 0.002 -22"><span class='ocrx_word' id='word_1_7' title='bbox 188 451 266 503; x_wconf 72' lang='grc' dir='ltr'><strong>ὑπὸ</strong></span> <span class='ocrx_word' id='word_1_8' title='bbox 295 452 362 500; x_wconf 69' lang='grc' dir='ltr'><strong>τοῦ</strong></span> <span class='ocrx_word' id='word_1_9' title='bbox 392 445 571 517; x_wconf 78' lang='grc' dir='ltr'><strong>Πατρός</strong></span> <span class='ocrx_word' id='word_1_10' title='bbox 607 447 927 504; x_wconf 76' lang='grc' dir='ltr'><strong>πεποιῆσθαι</strong></span> <span class='ocrx_word' id='word_1_11' title='bbox 968 445 1148 518; x_wconf 71' lang='grc' dir='ltr'><strong>λέγων,</strong></span> <span class='ocrx_word' id='word_1_12' title='bbox 1177 450 1235 500; x_wconf 84' lang='grc' dir='ltr'>τό</span> <span class='ocrx_word' id='word_1_13' title='bbox 1266 444 1326 502; x_wconf 72' lang='grc' dir='ltr'><strong>δε</strong></span> <span class='ocrx_word' id='word_1_14' title='bbox 1357 456 1567 523; x_wconf 80' lang='grc' dir='ltr'><strong>Πνεῦμα</strong></span> <span class='ocrx_word' id='word_1_15' title='bbox 1593 452 1693 505; x_wconf 80' lang='grc' dir='ltr'><strong>ὑπὸ</strong></span> 
     </span>
    </p>
   </div>
   <div class='ocr_carea' id='block_1_3' title="bbox 1811 444 3461 527">
    <p class='ocr_par' dir='ltr' id='par_1_3' title="bbox 1811 452 3461 527">
     <span class='ocr_line' id='line_1_3' title="bbox 1811 452 3461 527; baseline 0.001 -18"><span class='ocrx_word' id='word_1_16' title='bbox 1811 452 2015 509; x_wconf 80' lang='lat' dir='ltr'>Filium</span> <span class='ocrx_word' id='word_1_17' title='bbox 2064 469 2102 510; x_wconf 91' lang='lat' dir='ltr'>a</span> <span class='ocrx_word' id='word_1_18' title='bbox 2154 452 2326 511; x_wconf 89' lang='lat' dir='ltr'>Patre</span> <span class='ocrx_word' id='word_1_19' title='bbox 2378 453 2622 520; x_wconf 85' lang='lat' dir='ltr'>factum,</span> <span class='ocrx_word' id='word_1_20' title='bbox 2693 453 2980 527; x_wconf 81' lang='lat' dir='ltr'>Spiritum</span> <span class='ocrx_word' id='word_1_21' title='bbox 3033 469 3069 511; x_wconf 94' lang='lat' dir='ltr'>a</span> <span class='ocrx_word' id='word_1_22' title='bbox 3135 453 3277 511; x_wconf 88' lang='lat' dir='ltr'>Filio</span> <span class='ocrx_word' id='word_1_23' title='bbox 3328 471 3342 513; x_wconf 89' lang='lat'><strong>:</strong></span> <span class='ocrx_word' id='word_1_24' title='bbox 3402 457 3461 511; x_wconf 86' lang='lat' dir='ltr'>et</span> 
     </span>
    </p>
   </div>
   <div class='ocr_carea' id='block_1_4' title="bbox 190 530 1693 611">
    <p class='ocr_par' dir='ltr' id='par_1_4' title="bbox 190 530 1693 611">
     <span class='ocr_line' id='line_1_4' title="bbox 190 530 1693 611; baseline 0.001 -19"><span class='ocrx_word' id='word_1_25' title='bbox 190 548 257 592; x_wconf 77' lang='grc' dir='ltr'><strong>τοῦ</strong></span> <span class='ocrx_word' id='word_1_26' title='bbox 292 540 394 597; x_wconf 68' lang='lat' dir='ltr'>fici,</span> <span class='ocrx_word' id='word_1_27' title='bbox 430 539 508 586; x_wconf 77' lang='grc' dir='ltr'><strong>καὶ</strong></span> <span class='ocrx_word' id='word_1_28' title='bbox 558 530 760 592; x_wconf 77' lang='grc' dir='ltr'><strong>διήκειν</strong></span> <span class='ocrx_word' id='word_1_29' title='bbox 810 538 899 607; x_wconf 69' lang='grc' dir='ltr'><strong>μὲν</strong></span> <span class='ocrx_word' id='word_1_30' title='bbox 948 540 1034 588; x_wconf 88' lang='grc' dir='ltr'>τόν</span> <span class='ocrx_word' id='word_1_31' title='bbox 1090 542 1292 611; x_wconf 77' lang='grc' dir='ltr'><strong>Πατέρα</strong></span> <span class='ocrx_word' id='word_1_32' title='bbox 1347 536 1439 592; x_wconf 78' lang='grc' dir='ltr'>διὰ</span> <span class='ocrx_word' id='word_1_33' title='bbox 1494 544 1693 594; x_wconf 86' lang='grc' dir='ltr'><strong>πάντων</strong></span> 
     </span>
    </p>
   </div>
   <div class='ocr_carea' id='block_1_5' title="bbox 191 619 1689 701">
    <p class='ocr_par' dir='ltr' id='par_1_5' title="bbox 191 619 1689 701">
     <span class='ocr_line' id='line_1_5' title="bbox 191 619 1689 701; baseline 0.003 -24"><span class='ocrx_word' id='word_1_34' title='bbox 191 631 403 693; x_wconf 63' lang='grc' dir='ltr'><strong>εἰρώτων,</strong></span> <span class='ocrx_word' id='word_1_35' title='bbox 442 627 524 675; x_wconf 83' lang='grc' dir='ltr'>τὸν</span> <span class='ocrx_word' id='word_1_36' title='bbox 565 619 628 676; x_wconf 74' lang='grc' dir='ltr'><strong>δε</strong></span> <span class='ocrx_word' id='word_1_37' title='bbox 666 627 785 676; x_wconf 80' lang='grc' dir='ltr'><strong>Υὶόν</strong></span> <span class='ocrx_word' id='word_1_38' title='bbox 830 630 995 699; x_wconf 78' lang='grc' dir='ltr'><strong>μέχρι</strong></span> <span class='ocrx_word' id='word_1_39' title='bbox 1032 634 1130 677; x_wconf 85' lang='grc' dir='ltr'><strong>τῶν</strong></span> <span class='ocrx_word' id='word_1_40' title='bbox 1178 627 1394 699; x_wconf 83' lang='grc' dir='ltr'><strong>λογικῶν</strong></span> <span class='ocrx_word' id='word_1_41' title='bbox 1423 634 1589 701; x_wconf 84' lang='grc' dir='ltr'><strong>μόνων</strong></span> <span class='ocrx_word' id='word_1_42' title='bbox 1620 633 1689 695; x_wconf 85' lang='grc'><strong>³⁷,</strong></span> 
     </span>
    </p>
   </div>
   <div class='ocr_carea' id='block_1_6' title="bbox 186 713 1693 791">
    <p class='ocr_par' dir='ltr' id='par_1_6' title="bbox 186 713 1693 791">
     <span class='ocr_line' id='line_1_6' title="bbox 186 713 1693 791; baseline 0.004 -24"><span class='ocrx_word' id='word_1_43' title='bbox 186 723 222 771; x_wconf 73' lang='grc' dir='ltr'>τό</span> <span class='ocrx_word' id='word_1_44' title='bbox 250 713 290 767; x_wconf 60' lang='grc' dir='ltr'>δὲ</span> <span class='ocrx_word' id='word_1_45' title='bbox 324 720 504 783; x_wconf 76' lang='grc' dir='ltr'><strong>Πνεῦμα</strong></span> <span class='ocrx_word' id='word_1_46' title='bbox 544 717 711 786; x_wconf 74' lang='grc' dir='ltr'><strong>μέχρι</strong></span> <span class='ocrx_word' id='word_1_47' title='bbox 762 720 929 786; x_wconf 88' lang='grc' dir='ltr'><strong>μόνων</strong></span> <span class='ocrx_word' id='word_1_48' title='bbox 975 722 1076 767; x_wconf 84' lang='grc' dir='ltr'><strong>τῶν</strong></span> <span class='ocrx_word' id='word_1_49' title='bbox 1127 722 1487 787; x_wconf 74' lang='grc' dir='ltr'>σεσωσμένων.</span> <span class='ocrx_word' id='word_1_50' title='bbox 1539 724 1693 791; x_wconf 73' lang='grc' dir='ltr'><strong>Λέγει</strong></span> 
     </span>
    </p>
   </div>
   <div class='ocr_carea' id='block_1_7' title="bbox 179 802 1690 883">
    <p class='ocr_par' dir='ltr' id='par_1_7' title="bbox 179 802 1690 883">
     <span class='ocr_line' id='line_1_7' title="bbox 179 802 1690 883; baseline 0.005 -27"><span class='ocrx_word' id='word_1_51' title='bbox 179 804 218 856; x_wconf 63' lang='lat'>9’:</span> <span class='ocrx_word' id='word_1_52' title='bbox 246 808 313 854; x_wconf 75' lang='grc' dir='ltr'><strong>καὶ</strong></span> <span class='ocrx_word' id='word_1_53' title='bbox 356 802 469 853; x_wconf 59' lang='lat' dir='ltr'>illa:</span> <span class='ocrx_word' id='word_1_54' title='bbox 520 802 941 875; x_wconf 75' lang='grc' dir='ltr'>παραλογώτατα</span> <span class='ocrx_word' id='word_1_55' title='bbox 985 809 1074 856; x_wconf 86' lang='grc' dir='ltr'><strong>καὶ</strong></span> <span class='ocrx_word' id='word_1_56' title='bbox 1130 802 1445 869; x_wconf 78' lang='grc' dir='ltr'><strong>δυσσεϐείας</strong></span> <span class='ocrx_word' id='word_1_57' title='bbox 1496 809 1690 883; x_wconf 82' lang='grc' dir='ltr'><strong>πλήρη.</strong></span> 
     </span>
    </p>
   </div>
   <div class='ocr_carea' id='block_1_8' title="bbox 166 890 1693 968">
    <p class='ocr_par' dir='ltr' id='par_1_8' title="bbox 166 890 1693 968">
     <span class='ocr_line' id='line_1_8' title="bbox 166 890 1693 968; baseline 0.003 -21"><span class='ocrx_word' id='word_1_58' title='bbox 166 892 538 964; x_wconf 59' lang='grc' dir='ltr'><strong>Ππιμῷυχώσεις</strong></span> <span class='ocrx_word' id='word_1_59' title='bbox 588 911 645 945; x_wconf 87' lang='grc' dir='ltr'>τε</span> <span class='ocrx_word' id='word_1_60' title='bbox 685 895 789 965; x_wconf 80' lang='grc' dir='ltr'><strong>γὰρ</strong></span> <span class='ocrx_word' id='word_1_61' title='bbox 838 890 1087 965; x_wconf 81' lang='grc' dir='ltr'><strong>ληρῳδεῖ,</strong></span> <span class='ocrx_word' id='word_1_62' title='bbox 1129 900 1219 947; x_wconf 80' lang='grc' dir='ltr'><strong>καὶ</strong></span> <span class='ocrx_word' id='word_1_63' title='bbox 1259 894 1534 968; x_wconf 71' lang='grc' dir='ltr'><strong>ἔμψύχους</strong></span> <span class='ocrx_word' id='word_1_64' title='bbox 1578 902 1693 958; x_wconf 83' lang='grc' dir='ltr'><strong>τοὺς</strong></span> 
     </span>
    </p>
   </div>
   <div class='ocr_carea' id='block_1_9' title="bbox 163 983 1693 1056">
    <p class='ocr_par' dir='ltr' id='par_1_9' title="bbox 163 983 1693 1056">
     <span class='ocr_line' id='line_1_9' title="bbox 163 983 1693 1056; baseline 0.005 -23"><span class='ocrx_word' id='word_1_65' title='bbox 163 984 351 1054; x_wconf 76' lang='grc' dir='ltr'><strong>ἀστέρας,</strong></span> <span class='ocrx_word' id='word_1_66' title='bbox 403 986 485 1033; x_wconf 78' lang='grc' dir='ltr'>καὶ</span> <span class='ocrx_word' id='word_1_67' title='bbox 531 983 683 1055; x_wconf 78' lang='grc' dir='ltr'><strong>ἔτερα</strong></span> <span class='ocrx_word' id='word_1_68' title='bbox 728 985 929 1045; x_wconf 81' lang='grc' dir='ltr'>τούτοις</span> <span class='ocrx_word' id='word_1_69' title='bbox 973 985 1336 1056; x_wconf 78' lang='grc' dir='ltr'><strong>παραπλήσια.</strong></span> <span class='ocrx_word' id='word_1_70' title='bbox 1382 985 1533 1039; x_wconf 80' lang='grc' dir='ltr'><strong>Ἔστι</strong></span> <span class='ocrx_word' id='word_1_71' title='bbox 1574 984 1625 1040; x_wconf 76' lang='grc' dir='ltr'>δ’</span> <span class='ocrx_word' id='word_1_72' title='bbox 1667 989 1693 1039; x_wconf 85' lang='grc' dir='ltr'>ό</span> 
     </span>
    </p>
   </div>
   <div class='ocr_carea' id='block_1_10' title="bbox 157 1070 1695 1148">
    <p class='ocr_par' dir='ltr' id='par_1_10' title="bbox 157 1070 1695 1148">
     <span class='ocr_line' id='line_1_10' title="bbox 157 1070 1695 1148; baseline -0.001 -26"><span class='ocrx_word' id='word_1_73' title='bbox 157 1078 224 1143; x_wconf 62' lang='grc' dir='ltr'>μιν</span> <span class='ocrx_word' id='word_1_74' title='bbox 282 1078 456 1143; x_wconf 70' lang='grc' dir='ltr'><strong>πρῶτος</strong></span> <span class='ocrx_word' id='word_1_75' title='bbox 522 1070 667 1140; x_wconf 79' lang='grc' dir='ltr'><strong>αύτῷ</strong></span> <span class='ocrx_word' id='word_1_76' title='bbox 735 1071 1221 1143; x_wconf 77' lang='grc' dir='ltr'><strong>μεμυθολογημένος</strong></span> <span class='ocrx_word' id='word_1_77' title='bbox 1276 1080 1395 1148; x_wconf 80' lang='grc' dir='ltr'><strong>περὶ</strong></span> <span class='ocrx_word' id='word_1_78' title='bbox 1468 1078 1515 1111; x_wconf 78' lang='grc'>⁸⁸</span> <span class='ocrx_word' id='word_1_79' title='bbox 1585 1083 1695 1129; x_wconf 62' lang='lat' dir='ltr'>na.</span> 
     </span>
    </p>
   </div>
   <div class='ocr_carea' id='block_1_11' title="bbox 155 1158 1690 1239">
    <p class='ocr_par' dir='ltr' id='par_1_11' title="bbox 155 1158 1690 1239">
     <span class='ocr_line' id='line_1_11' title="bbox 155 1158 1690 1239; baseline 0.005 -27"><span class='ocrx_word' id='word_1_80' title='bbox 155 1164 246 1233; x_wconf 72' lang='grc' dir='ltr'>τρός</span> <span class='ocrx_word' id='word_1_81' title='bbox 286 1164 361 1211; x_wconf 75' lang='grc' dir='ltr'>καὶ</span> <span class='ocrx_word' id='word_1_82' title='bbox 397 1162 481 1227; x_wconf 85' lang='grc' dir='ltr'><strong>(ὡς</strong></span> <span class='ocrx_word' id='word_1_83' title='bbox 526 1158 723 1222; x_wconf 76' lang='grc' dir='ltr'><strong>ἐκεῖνός</strong></span> <span class='ocrx_word' id='word_1_84' title='bbox 769 1160 927 1231; x_wconf 72' lang='grc' dir='ltr'><strong>φησι)</strong></span> <span class='ocrx_word' id='word_1_85' title='bbox 976 1167 1094 1235; x_wconf 84' lang='grc' dir='ltr'><strong>περὶ</strong></span> <span class='ocrx_word' id='word_1_86' title='bbox 1148 1170 1383 1234; x_wconf 83' lang='grc' dir='ltr'>Χριστοῦ</span> <span class='ocrx_word' id='word_1_87' title='bbox 1437 1170 1527 1217; x_wconf 80' lang='grc' dir='ltr'><strong>καὶ</strong></span> <span class='ocrx_word' id='word_1_88' title='bbox 1574 1171 1690 1239; x_wconf 74' lang='grc' dir='ltr'><strong>περὶ</strong></span> 
     </span>
    </p>
   </div>
   <div class='ocr_carea' id='block_1_12' title="bbox 150 1250 1693 1326">
    <p class='ocr_par' dir='ltr' id='par_1_12' title="bbox 150 1250 1693 1326">
     <span class='ocr_line' id='line_1_12' title="bbox 150 1250 1693 1326; baseline 0.004 -25"><span class='ocrx_word' id='word_1_89' title='bbox 150 1250 271 1320; x_wconf 72' lang='grc' dir='ltr'><strong>ἁγίου</strong></span> <span class='ocrx_word' id='word_1_90' title='bbox 313 1251 609 1318; x_wconf 85' lang='grc' dir='ltr'><strong>Πνεύματος,</strong></span> <span class='ocrx_word' id='word_1_91' title='bbox 686 1252 762 1301; x_wconf 77' lang='grc' dir='ltr'><strong>ἔτι</strong></span> <span class='ocrx_word' id='word_1_92' title='bbox 830 1255 919 1302; x_wconf 78' lang='grc' dir='ltr'><strong>καὶ</strong></span> <span class='ocrx_word' id='word_1_93' title='bbox 986 1256 1103 1325; x_wconf 85' lang='grc' dir='ltr'><strong>περὶ</strong></span> <span class='ocrx_word' id='word_1_94' title='bbox 1168 1251 1387 1324; x_wconf 81' lang='grc' dir='ltr'><strong>λογικῶν</strong></span> <span class='ocrx_word' id='word_1_95' title='bbox 1441 1258 1639 1326; x_wconf 75' lang='grc' dir='ltr'><strong>φύσεων</strong></span> <span class='ocrx_word' id='word_1_96' title='bbox 1678 1272 1693 1285; x_wconf 80' lang='grc'><strong>⁸</strong></span> 
     </span>
    </p>
   </div>
   <div class='ocr_carea' id='block_1_13' title="bbox 149 1334 1694 1415">
    <p class='ocr_par' dir='ltr' id='par_1_13' title="bbox 149 1334 1694 1415">
     <span class='ocr_line' id='line_1_13' title="bbox 149 1334 1694 1415; baseline 0.005 -26"><span class='ocrx_word' id='word_1_97' title='bbox 149 1342 166 1389; x_wconf 78' lang='grc' dir='ltr'><strong><em>ὁ</em></strong></span> <span class='ocrx_word' id='word_1_98' title='bbox 211 1336 260 1391; x_wconf 68' lang='grc' dir='ltr'><strong>δε</strong></span> <span class='ocrx_word' id='word_1_99' title='bbox 300 1334 516 1409; x_wconf 74' lang='grc' dir='ltr'><strong>δεύτερος</strong></span> <span class='ocrx_word' id='word_1_100' title='bbox 572 1342 695 1412; x_wconf 86' lang='grc' dir='ltr'><strong>περὶ</strong></span> <span class='ocrx_word' id='word_1_101' title='bbox 752 1344 953 1408; x_wconf 88' lang='grc' dir='ltr'><strong>κόσμου</strong></span> <span class='ocrx_word' id='word_1_102' title='bbox 1002 1345 1091 1392; x_wconf 84' lang='grc' dir='ltr'><strong>καὶ</strong></span> <span class='ocrx_word' id='word_1_103' title='bbox 1139 1348 1237 1393; x_wconf 87' lang='grc' dir='ltr'><strong>τῶν</strong></span> <span class='ocrx_word' id='word_1_104' title='bbox 1289 1341 1339 1393; x_wconf 73' lang='grc' dir='ltr'><strong>ἓν</strong></span> <span class='ocrx_word' id='word_1_105' title='bbox 1386 1342 1529 1415; x_wconf 84' lang='grc' dir='ltr'><strong>αύτῷ</strong></span> <span class='ocrx_word' id='word_1_106' title='bbox 1583 1364 1694 1396; x_wconf 86' lang='grc' dir='ltr'><strong>κτι-</strong></span> 
     </span>
    </p>
   </div>
   <div class='ocr_carea' id='block_1_14' title="bbox 149 1424 1689 1507">
    <p class='ocr_par' dir='ltr' id='par_1_14' title="bbox 149 1424 1689 1507">
     <span class='ocr_line' id='line_1_14' title="bbox 149 1424 1689 1507; baseline 0.006 -28"><span class='ocrx_word' id='word_1_107' title='bbox 149 1430 337 1497; x_wconf 67' lang='grc' dir='ltr'><strong>σμάτων,</strong></span> <span class='ocrx_word' id='word_1_108' title='bbox 378 1432 460 1478; x_wconf 79' lang='grc' dir='ltr'>καὶ</span> <span class='ocrx_word' id='word_1_109' title='bbox 518 1430 596 1479; x_wconf 79' lang='grc' dir='ltr'><strong>ετι</strong></span> <span class='ocrx_word' id='word_1_110' title='bbox 666 1428 747 1479; x_wconf 87' lang='grc' dir='ltr'><strong>ὅτι</strong></span> <span class='ocrx_word' id='word_1_111' title='bbox 806 1424 873 1488; x_wconf 83' lang='grc' dir='ltr'><strong>εἷς</strong></span> <span class='ocrx_word' id='word_1_112' title='bbox 926 1432 1056 1490; x_wconf 79' lang='grc' dir='ltr'><strong>Θεὸς</strong></span> <span class='ocrx_word' id='word_1_113' title='bbox 1120 1435 1279 1502; x_wconf 88' lang='grc' dir='ltr'><strong>νόμου</strong></span> <span class='ocrx_word' id='word_1_114' title='bbox 1346 1438 1435 1485; x_wconf 80' lang='grc' dir='ltr'>καὶ</span> <span class='ocrx_word' id='word_1_115' title='bbox 1490 1452 1689 1507; x_wconf 75' lang='grc' dir='ltr'><strong>προφη-</strong></span> 
     </span>
    </p>
   </div>
   <div class='ocr_carea' id='block_1_15' title="bbox 144 1516 1693 1583">
    <p class='ocr_par' dir='ltr' id='par_1_15' title="bbox 144 1516 1693 1583">
     <span class='ocr_line' id='line_1_15' title="bbox 144 1516 1693 1583; baseline 0.004 -15"><span class='ocrx_word' id='word_1_116' title='bbox 144 1527 238 1579; x_wconf 76' lang='grc' dir='ltr'><strong>τῶν,</strong></span> <span class='ocrx_word' id='word_1_117' title='bbox 284 1522 361 1568; x_wconf 80' lang='grc' dir='ltr'>καὶ</span> <span class='ocrx_word' id='word_1_118' title='bbox 402 1518 476 1568; x_wconf 88' lang='grc' dir='ltr'>ότι</span> <span class='ocrx_word' id='word_1_119' title='bbox 531 1518 556 1568; x_wconf 82' lang='grc' dir='ltr'>ό</span> <span class='ocrx_word' id='word_1_120' title='bbox 626 1516 787 1579; x_wconf 75' lang='grc' dir='ltr'><strong>αὐτὸς</strong></span> <span class='ocrx_word' id='word_1_121' title='bbox 841 1516 1072 1580; x_wconf 82' lang='grc' dir='ltr'><strong>Παλαιάς</strong></span> <span class='ocrx_word' id='word_1_122' title='bbox 1139 1524 1229 1571; x_wconf 85' lang='grc' dir='ltr'><strong>καὶ</strong></span> <span class='ocrx_word' id='word_1_123' title='bbox 1302 1527 1496 1583; x_wconf 77' lang='grc' dir='ltr'>Καινῆς</span> <span class='ocrx_word' id='word_1_124' title='bbox 1573 1529 1693 1575; x_wconf 84' lang='grc' dir='ltr'><strong>Δια-</strong></span> 
     </span>
    </p>
   </div>
   <div class='ocr_carea' id='block_1_16' title="bbox 148 1609 1693 1682">
    <p class='ocr_par' dir='ltr' id='par_1_16' title="bbox 148 1609 1693 1682">
     <span class='ocr_line' id='line_1_16' title="bbox 148 1609 1693 1682; baseline 0.005 -26"><span class='ocrx_word' id='word_1_125' title='bbox 148 1610 273 1663; x_wconf 53' lang='lat' dir='ltr'>bim;</span> <span class='ocrx_word' id='word_1_126' title='bbox 333 1609 471 1667; x_wconf 82' lang='grc' dir='ltr'><strong>Θεὸς,</strong></span> <span class='ocrx_word' id='word_1_127' title='bbox 548 1611 647 1657; x_wconf 77' lang='grc' dir='ltr'><strong>καὶ</strong></span> <span class='ocrx_word' id='word_1_128' title='bbox 724 1613 842 1680; x_wconf 81' lang='grc' dir='ltr'><strong>περὶ</strong></span> <span class='ocrx_word' id='word_1_129' title='bbox 919 1615 1011 1669; x_wconf 82' lang='grc' dir='ltr'><strong>τῆς</strong></span> <span class='ocrx_word' id='word_1_130' title='bbox 1084 1616 1180 1661; x_wconf 83' lang='grc' dir='ltr'><strong>τοῦ</strong></span> <span class='ocrx_word' id='word_1_131' title='bbox 1260 1617 1491 1682; x_wconf 82' lang='grc' dir='ltr'><strong>Σωτῆρος</strong></span> <span class='ocrx_word' id='word_1_132' title='bbox 1558 1610 1693 1663; x_wconf 82' lang='grc' dir='ltr'><strong>ἐναν-</strong></span> 
     </span>
    </p>
   </div>
   <div class='ocr_carea' id='block_1_17' title="bbox 145 1695 1690 1771">
    <p class='ocr_par' dir='ltr' id='par_1_17' title="bbox 145 1695 1690 1771">
     <span class='ocr_line' id='line_1_17' title="bbox 145 1695 1690 1771; baseline 0.005 -26"><span class='ocrx_word' id='word_1_133' title='bbox 145 1697 426 1765; x_wconf 71' lang='grc' dir='ltr'><strong>ειρωπὴσεως,</strong></span> <span class='ocrx_word' id='word_1_134' title='bbox 474 1699 565 1746; x_wconf 78' lang='grc' dir='ltr'><strong>καὶ</strong></span> <span class='ocrx_word' id='word_1_135' title='bbox 624 1696 709 1748; x_wconf 82' lang='grc' dir='ltr'><strong>ὅτι</strong></span> <span class='ocrx_word' id='word_1_136' title='bbox 764 1699 823 1746; x_wconf 80' lang='grc' dir='ltr'>τὸ</span> <span class='ocrx_word' id='word_1_137' title='bbox 869 1695 995 1747; x_wconf 74' lang='grc' dir='ltr'><strong>αὐτὸ</strong></span> <span class='ocrx_word' id='word_1_138' title='bbox 1047 1703 1253 1768; x_wconf 83' lang='grc' dir='ltr'><strong>Πνεῦμα</strong></span> <span class='ocrx_word' id='word_1_139' title='bbox 1307 1696 1356 1749; x_wconf 80' lang='grc' dir='ltr'><strong>ἐν</strong></span> <span class='ocrx_word' id='word_1_140' title='bbox 1400 1705 1599 1771; x_wconf 52' lang='lat' dir='ltr'>Man-Imp&quot;</span> <span class='ocrx_word' id='word_1_141' title='bbox 1645 1702 1690 1735; x_wconf 74' lang='lat'><strong><em>39</em></strong></span> 
     </span>
    </p>
   </div>
   <div class='ocr_carea' id='block_1_18' title="bbox 1804 542 3457 616">
    <p class='ocr_par' dir='ltr' id='par_1_18' title="bbox 1804 542 3457 616">
     <span class='ocr_line' id='line_1_18' title="bbox 1804 542 3457 616; baseline 0.002 -20"><span class='ocrx_word' id='word_1_142' title='bbox 1804 542 2040 597; x_wconf 81' lang='lat' dir='ltr'>Patrem</span> <span class='ocrx_word' id='word_1_143' title='bbox 2071 542 2319 614; x_wconf 84' lang='lat' dir='ltr'>quidem</span> <span class='ocrx_word' id='word_1_144' title='bbox 2368 558 2474 613; x_wconf 89' lang='lat' dir='ltr'>per</span> <span class='ocrx_word' id='word_1_145' title='bbox 2502 544 2703 599; x_wconf 84' lang='lat' dir='ltr'>omnia</span> <span class='ocrx_word' id='word_1_146' title='bbox 2756 560 2887 616; x_wconf 70' lang='lat' dir='ltr'>quas</span> <span class='ocrx_word' id='word_1_147' title='bbox 2931 544 3225 599; x_wconf 82' lang='lat' dir='ltr'>exsistunt</span> <span class='ocrx_word' id='word_1_148' title='bbox 3258 559 3457 614; x_wconf 87' lang='lat' dir='ltr'>perva-</span> 
     </span>
    </p>
   </div>
   <div class='ocr_carea' id='block_1_19' title="bbox 1803 630 3463 704">
    <p class='ocr_par' dir='ltr' id='par_1_19' title="bbox 1803 630 3463 704">
     <span class='ocr_line' id='line_1_19' title="bbox 1803 630 3463 704; baseline 0.002 -19"><span class='ocrx_word' id='word_1_149' title='bbox 1803 630 1941 686; x_wconf 83' lang='lat' dir='ltr'>dere</span> <span class='ocrx_word' id='word_1_150' title='bbox 1970 648 1983 683; x_wconf 91' lang='lat'><strong>:</strong></span> <span class='ocrx_word' id='word_1_151' title='bbox 2020 632 2227 687; x_wconf 88' lang='lat' dir='ltr'>Filium</span> <span class='ocrx_word' id='word_1_152' title='bbox 2258 647 2395 687; x_wconf 89' lang='lat' dir='ltr'>vero</span> <span class='ocrx_word' id='word_1_153' title='bbox 2432 632 2663 688; x_wconf 81' lang='lat' dir='ltr'>ratione</span> <span class='ocrx_word' id='word_1_154' title='bbox 2701 633 2993 689; x_wconf 81' lang='lat' dir='ltr'>duntaxat</span> <span class='ocrx_word' id='word_1_155' title='bbox 3019 634 3268 701; x_wconf 58' lang='lat' dir='ltr'>praedita</span> <span class='ocrx_word' id='word_1_156' title='bbox 3296 649 3307 687; x_wconf 91' lang='lat'>:</span> <span class='ocrx_word' id='word_1_157' title='bbox 3336 633 3463 704; x_wconf 85' lang='lat' dir='ltr'>Spi-</span> 
     </span>
    </p>
   </div>
   <div class='ocr_carea' id='block_1_20' title="bbox 1802 720 3453 794">
    <p class='ocr_par' dir='ltr' id='par_1_20' title="bbox 1802 720 3453 794">
     <span class='ocr_line' id='line_1_20' title="bbox 1802 720 3453 794; baseline 0.001 -20"><span class='ocrx_word' id='word_1_158' title='bbox 1802 720 1983 775; x_wconf 81' lang='lat' dir='ltr'>ritum</span> <span class='ocrx_word' id='word_1_159' title='bbox 2034 725 2236 775; x_wconf 88' lang='lat' dir='ltr'>autem</span> <span class='ocrx_word' id='word_1_160' title='bbox 2281 736 2352 776; x_wconf 90' lang='lat' dir='ltr'>ea</span> <span class='ocrx_word' id='word_1_161' title='bbox 2399 725 2630 777; x_wconf 88' lang='lat' dir='ltr'>tantum</span> <span class='ocrx_word' id='word_1_162' title='bbox 2687 738 2824 794; x_wconf 66' lang='lat' dir='ltr'>quia</span> <span class='ocrx_word' id='word_1_163' title='bbox 2876 721 3046 777; x_wconf 88' lang='lat' dir='ltr'>salva</span> <span class='ocrx_word' id='word_1_164' title='bbox 3088 722 3243 777; x_wconf 83' lang='lat' dir='ltr'>facta</span> <span class='ocrx_word' id='word_1_165' title='bbox 3296 726 3453 776; x_wconf 91' lang='lat' dir='ltr'>sunt.</span> 
     </span>
    </p>
   </div>
   <div class='ocr_carea' id='block_1_21' title="bbox 1802 807 3453 881">
    <p class='ocr_par' dir='ltr' id='par_1_21' title="bbox 1802 807 3453 881">
     <span class='ocr_line' id='line_1_21' title="bbox 1802 807 3453 881; baseline 0.002 -19"><span class='ocrx_word' id='word_1_166' title='bbox 1802 807 2195 864; x_wconf 90' lang='lat' dir='ltr'>Traditetalia</span> <span class='ocrx_word' id='word_1_167' title='bbox 2208 809 2459 863; x_wconf 92' lang='lat' dir='ltr'>nimium</span> <span class='ocrx_word' id='word_1_168' title='bbox 2474 809 2754 874; x_wconf 86' lang='lat' dir='ltr'>absurda,</span> <span class='ocrx_word' id='word_1_169' title='bbox 2784 810 3224 881; x_wconf 81' lang='lat' dir='ltr'>impietatisque</span> <span class='ocrx_word' id='word_1_170' title='bbox 3242 809 3416 879; x_wconf 91' lang='lat' dir='ltr'>plena</span> <span class='ocrx_word' id='word_1_171' title='bbox 3440 826 3453 865; x_wconf 90' lang='lat'><strong>:</strong></span> 
     </span>
    </p>
   </div>
   <div class='ocr_carea' id='block_1_22' title="bbox 1803 895 3458 969">
    <p class='ocr_par' dir='ltr' id='par_1_22' title="bbox 1803 895 3458 969">
     <span class='ocr_line' id='line_1_22' title="bbox 1803 895 3458 969; baseline 0.001 -18"><span class='ocrx_word' id='word_1_172' title='bbox 1803 895 2142 951; x_wconf 87' lang='lat' dir='ltr'>animarum</span> <span class='ocrx_word' id='word_1_173' title='bbox 2172 896 2268 968; x_wconf 64' lang='lat' dir='ltr'>4a</span> <span class='ocrx_word' id='word_1_174' title='bbox 2297 898 2677 967; x_wconf 86' lang='lat' dir='ltr'>migrationes</span> <span class='ocrx_word' id='word_1_175' title='bbox 2706 904 2761 954; x_wconf 90' lang='lat' dir='ltr'>et</span> <span class='ocrx_word' id='word_1_176' title='bbox 2784 899 3050 954; x_wconf 89' lang='lat' dir='ltr'>animata</span> <span class='ocrx_word' id='word_1_177' title='bbox 3075 898 3290 963; x_wconf 86' lang='lat' dir='ltr'>sidera,</span> <span class='ocrx_word' id='word_1_178' title='bbox 3325 898 3458 969; x_wconf 91' lang='lat' dir='ltr'>plu-</span> 
     </span>
    </p>
   </div>
   <div class='ocr_carea' id='block_1_23' title="bbox 1803 986 3459 1060">
    <p class='ocr_par' dir='ltr' id='par_1_23' title="bbox 1803 986 3459 1060">
     <span class='ocr_line' id='line_1_23' title="bbox 1803 986 3459 1060; baseline 0.002 -20"><span class='ocrx_word' id='word_1_179' title='bbox 1803 1001 1988 1057; x_wconf 80' lang='lat' dir='ltr'>raque</span> <span class='ocrx_word' id='word_1_180' title='bbox 2026 986 2086 1041; x_wconf 90' lang='lat' dir='ltr'>id</span> <span class='ocrx_word' id='word_1_181' title='bbox 2120 1001 2307 1055; x_wconf 79' lang='lat' dir='ltr'>genus</span> <span class='ocrx_word' id='word_1_182' title='bbox 2334 987 2448 1042; x_wconf 92' lang='lat' dir='ltr'>alia</span> <span class='ocrx_word' id='word_1_183' title='bbox 2488 992 2765 1059; x_wconf 89' lang='lat' dir='ltr'>nugatus.</span> <span class='ocrx_word' id='word_1_184' title='bbox 2819 988 3015 1043; x_wconf 85' lang='lat' dir='ltr'>Primo</span> <span class='ocrx_word' id='word_1_185' title='bbox 3066 988 3269 1060; x_wconf 86' lang='lat' dir='ltr'>itaque</span> <span class='ocrx_word' id='word_1_186' title='bbox 3306 987 3459 1043; x_wconf 90' lang='lat' dir='ltr'>libro</span> 
     </span>
    </p>
   </div>
   <div class='ocr_carea' id='block_1_24' title="bbox 1802 1073 3457 1148">
    <p class='ocr_par' dir='ltr' id='par_1_24' title="bbox 1802 1073 3457 1148">
     <span class='ocr_line' id='line_1_24' title="bbox 1802 1073 3457 1148; baseline 0.001 -20"><span class='ocrx_word' id='word_1_187' title='bbox 1802 1073 2071 1129; x_wconf 81' lang='lat' dir='ltr'>fabulose</span> <span class='ocrx_word' id='word_1_188' title='bbox 2128 1074 2361 1131; x_wconf 85' lang='lat' dir='ltr'>disserit</span> <span class='ocrx_word' id='word_1_189' title='bbox 2426 1076 2500 1130; x_wconf 92' lang='lat' dir='ltr'>de</span> <span class='ocrx_word' id='word_1_190' title='bbox 2548 1079 2733 1141; x_wconf 86' lang='lat' dir='ltr'>Patre,</span> <span class='ocrx_word' id='word_1_191' title='bbox 2793 1082 2849 1131; x_wconf 93' lang='lat' dir='ltr'>et</span> <span class='ocrx_word' id='word_1_192' title='bbox 2886 1077 2972 1146; x_wconf 89' lang='lat' dir='ltr'>(ut</span> <span class='ocrx_word' id='word_1_193' title='bbox 3003 1076 3127 1146; x_wconf 92' lang='lat' dir='ltr'>ipse</span> <span class='ocrx_word' id='word_1_194' title='bbox 3177 1075 3457 1148; x_wconf 86' lang='lat' dir='ltr'>appellat)</span> 
     </span>
    </p>
   </div>
   <div class='ocr_carea' id='block_1_25' title="bbox 1803 1162 3452 1236">
    <p class='ocr_par' dir='ltr' id='par_1_25' title="bbox 1803 1162 3452 1236">
     <span class='ocr_line' id='line_1_25' title="bbox 1803 1162 3452 1236; baseline 0.003 -20"><span class='ocrx_word' id='word_1_195' title='bbox 1803 1162 1877 1217; x_wconf 94' lang='lat' dir='ltr'>de</span> <span class='ocrx_word' id='word_1_196' title='bbox 1910 1163 2152 1228; x_wconf 90' lang='lat' dir='ltr'>Christo,</span> <span class='ocrx_word' id='word_1_197' title='bbox 2184 1169 2239 1218; x_wconf 91' lang='lat' dir='ltr'>et</span> <span class='ocrx_word' id='word_1_198' title='bbox 2263 1164 2334 1218; x_wconf 89' lang='lat' dir='ltr'>de</span> <span class='ocrx_word' id='word_1_199' title='bbox 2366 1169 2573 1219; x_wconf 89' lang='lat' dir='ltr'>sancto</span> <span class='ocrx_word' id='word_1_200' title='bbox 2603 1166 2817 1235; x_wconf 87' lang='lat' dir='ltr'>Spiritu</span> <span class='ocrx_word' id='word_1_201' title='bbox 2848 1182 2861 1219; x_wconf 86' lang='lat'><strong>:</strong></span> <span class='ocrx_word' id='word_1_202' title='bbox 2892 1166 3137 1236; x_wconf 87' lang='lat' dir='ltr'>insuper</span> <span class='ocrx_word' id='word_1_203' title='bbox 3157 1169 3214 1219; x_wconf 90' lang='lat' dir='ltr'>et</span> <span class='ocrx_word' id='word_1_204' title='bbox 3243 1164 3317 1220; x_wconf 90' lang='lat' dir='ltr'>de</span> <span class='ocrx_word' id='word_1_205' title='bbox 3349 1180 3452 1221; x_wconf 90' lang='lat' dir='ltr'>na-</span> 
     </span>
    </p>
   </div>
   <div class='ocr_carea' id='block_1_26' title="bbox 1804 1250 3456 1324">
    <p class='ocr_par' dir='ltr' id='par_1_26' title="bbox 1804 1250 3456 1324">
     <span class='ocr_line' id='line_1_26' title="bbox 1804 1250 3456 1324; baseline 0.001 -17"><span class='ocrx_word' id='word_1_206' title='bbox 1804 1250 1949 1307; x_wconf 89' lang='lat' dir='ltr'>turis</span> <span class='ocrx_word' id='word_1_207' title='bbox 1988 1252 2213 1307; x_wconf 87' lang='lat' dir='ltr'>ratione</span> <span class='ocrx_word' id='word_1_208' title='bbox 2261 1252 2544 1324; x_wconf 66' lang='lat' dir='ltr'>praeditis.</span> <span class='ocrx_word' id='word_1_209' title='bbox 2577 1253 2851 1309; x_wconf 90' lang='lat' dir='ltr'>Secundo</span> <span class='ocrx_word' id='word_1_210' title='bbox 2893 1270 3050 1323; x_wconf 85' lang='lat' dir='ltr'>vero,</span> <span class='ocrx_word' id='word_1_211' title='bbox 3100 1252 3175 1308; x_wconf 93' lang='lat' dir='ltr'>de</span> <span class='ocrx_word' id='word_1_212' title='bbox 3206 1253 3456 1317; x_wconf 88' lang='lat' dir='ltr'>mundo,</span> 
     </span>
    </p>
   </div>
   <div class='ocr_carea' id='block_1_27' title="bbox 1803 1340 3458 1414">
    <p class='ocr_par' dir='ltr' id='par_1_27' title="bbox 1803 1340 3458 1414">
     <span class='ocr_line' id='line_1_27' title="bbox 1803 1340 3458 1414; baseline 0.002 -20"><span class='ocrx_word' id='word_1_213' title='bbox 1803 1340 2103 1411; x_wconf 85' lang='lat' dir='ltr'>rebusque</span> <span class='ocrx_word' id='word_1_214' title='bbox 2134 1341 2194 1396; x_wconf 92' lang='lat' dir='ltr'>in</span> <span class='ocrx_word' id='word_1_215' title='bbox 2218 1358 2287 1397; x_wconf 89' lang='lat' dir='ltr'>eo</span> <span class='ocrx_word' id='word_1_216' title='bbox 2308 1342 2562 1397; x_wconf 89' lang='lat' dir='ltr'>conditis</span> <span class='ocrx_word' id='word_1_217' title='bbox 2589 1361 2601 1399; x_wconf 91' lang='lat'><strong>:</strong></span> <span class='ocrx_word' id='word_1_218' title='bbox 2624 1348 2909 1414; x_wconf 69' lang='lat' dir='ltr'>praeterea</span> <span class='ocrx_word' id='word_1_219' title='bbox 2931 1357 3118 1397; x_wconf 90' lang='lat' dir='ltr'>unum</span> <span class='ocrx_word' id='word_1_220' title='bbox 3147 1341 3458 1397; x_wconf 86' lang='lat' dir='ltr'>eumdem-</span> 
     </span>
    </p>
   </div>
   <div class='ocr_carea' id='block_1_28' title="bbox 1802 1430 3457 1503">
    <p class='ocr_par' dir='ltr' id='par_1_28' title="bbox 1802 1430 3457 1503">
     <span class='ocr_line' id='line_1_28' title="bbox 1802 1430 3457 1503; baseline 0.002 -20"><span class='ocrx_word' id='word_1_221' title='bbox 1802 1446 1919 1501; x_wconf 91' lang='lat' dir='ltr'>que</span> <span class='ocrx_word' id='word_1_222' title='bbox 1952 1446 2082 1486; x_wconf 90' lang='lat' dir='ltr'>esse</span> <span class='ocrx_word' id='word_1_223' title='bbox 2107 1434 2289 1486; x_wconf 91' lang='lat' dir='ltr'>Deum</span> <span class='ocrx_word' id='word_1_224' title='bbox 2319 1432 2465 1499; x_wconf 78' lang='lat' dir='ltr'>legis</span> <span class='ocrx_word' id='word_1_225' title='bbox 2495 1435 2551 1486; x_wconf 90' lang='lat' dir='ltr'>et</span> <span class='ocrx_word' id='word_1_226' title='bbox 2578 1430 3005 1503; x_wconf 89' lang='lat' dir='ltr'>prophetarum</span> <span class='ocrx_word' id='word_1_227' title='bbox 3038 1447 3052 1485; x_wconf 89' lang='lat'><strong>:</strong></span> <span class='ocrx_word' id='word_1_228' title='bbox 3087 1447 3276 1486; x_wconf 91' lang='lat' dir='ltr'>unum</span> <span class='ocrx_word' id='word_1_229' title='bbox 3315 1430 3457 1487; x_wconf 87' lang='lat' dir='ltr'>item</span> 
     </span>
    </p>
   </div>
   <div class='ocr_carea' id='block_1_29' title="bbox 1804 1519 3453 1576">
    <p class='ocr_par' dir='ltr' id='par_1_29' title="bbox 1804 1519 3453 1576">
     <span class='ocr_line' id='line_1_29' title="bbox 1804 1519 3453 1576; baseline 0.001 -2"><span class='ocrx_word' id='word_1_230' title='bbox 1804 1534 1931 1574; x_wconf 90' lang='lat' dir='ltr'>esse</span> <span class='ocrx_word' id='word_1_231' title='bbox 1964 1519 2178 1575; x_wconf 83' lang='lat' dir='ltr'>Veteris</span> <span class='ocrx_word' id='word_1_232' title='bbox 2216 1525 2272 1574; x_wconf 92' lang='lat' dir='ltr'>et</span> <span class='ocrx_word' id='word_1_233' title='bbox 2301 1521 2447 1575; x_wconf 88' lang='lat' dir='ltr'>Novi</span> <span class='ocrx_word' id='word_1_234' title='bbox 2476 1520 2830 1575; x_wconf 80' lang='lat' dir='ltr'>Testamenti</span> <span class='ocrx_word' id='word_1_235' title='bbox 2879 1522 3064 1575; x_wconf 86' lang='lat' dir='ltr'>Deum</span> <span class='ocrx_word' id='word_1_236' title='bbox 3102 1536 3115 1574; x_wconf 93' lang='lat'><strong>:</strong></span> <span class='ocrx_word' id='word_1_237' title='bbox 3155 1520 3229 1575; x_wconf 92' lang='lat' dir='ltr'>de</span> <span class='ocrx_word' id='word_1_238' title='bbox 3257 1519 3453 1576; x_wconf 87' lang='lat' dir='ltr'>Salva-</span> 
     </span>
    </p>
   </div>
   <div class='ocr_carea' id='block_1_30' title="bbox 1803 1609 3453 1681">
    <p class='ocr_par' dir='ltr' id='par_1_30' title="bbox 1803 1609 3453 1681">
     <span class='ocr_line' id='line_1_30' title="bbox 1803 1609 3453 1681; baseline -0.001 -17"><span class='ocrx_word' id='word_1_239' title='bbox 1803 1609 1945 1664; x_wconf 91' lang='lat' dir='ltr'>toris</span> <span class='ocrx_word' id='word_1_240' title='bbox 2004 1609 2449 1665; x_wconf 86' lang='lat' dir='ltr'>incarnatione:</span> <span class='ocrx_word' id='word_1_241' title='bbox 2498 1610 2782 1665; x_wconf 91' lang='lat' dir='ltr'>eumdem</span> <span class='ocrx_word' id='word_1_242' title='bbox 2823 1610 3093 1681; x_wconf 85' lang='lat' dir='ltr'>spiritum</span> <span class='ocrx_word' id='word_1_243' title='bbox 3141 1609 3199 1665; x_wconf 92' lang='lat' dir='ltr'>in</span> <span class='ocrx_word' id='word_1_244' title='bbox 3240 1612 3453 1680; x_wconf 84' lang='lat' dir='ltr'>Moyse,</span> 
     </span>
    </p>
   </div>
   <div class='ocr_carea' id='block_1_31' title="bbox 1804 1698 3451 1769">
    <p class='ocr_par' dir='ltr' id='par_1_31' title="bbox 1804 1698 3451 1769">
     <span class='ocr_line' id='line_1_31' title="bbox 1804 1698 3451 1769; baseline 0 -17"><span class='ocrx_word' id='word_1_245' title='bbox 1804 1702 1859 1752; x_wconf 87' lang='lat' dir='ltr'>et</span> <span class='ocrx_word' id='word_1_246' title='bbox 1894 1698 2023 1752; x_wconf 88' lang='lat' dir='ltr'>aliis</span> <span class='ocrx_word' id='word_1_247' title='bbox 2063 1698 2386 1769; x_wconf 86' lang='lat' dir='ltr'>prophetis,</span> <span class='ocrx_word' id='word_1_248' title='bbox 2430 1699 2770 1769; x_wconf 86' lang='lat' dir='ltr'>sanctisque</span> <span class='ocrx_word' id='word_1_249' title='bbox 2802 1699 3085 1769; x_wconf 86' lang='lat' dir='ltr'>apostolis</span> <span class='ocrx_word' id='word_1_250' title='bbox 3125 1698 3330 1753; x_wconf 84' lang='lat' dir='ltr'>fuisse.</span> <span class='ocrx_word' id='word_1_251' title='bbox 3363 1698 3451 1753; x_wconf 84' lang='lat' dir='ltr'>Ad</span> 
     </span>
    </p>
   </div>
   <div class='ocr_carea' id='block_1_32' title="bbox 144 1783 1694 1861">
    <p class='ocr_par' dir='ltr' id='par_1_32' title="bbox 144 1783 1694 1857">
     <span class='ocr_line' id='line_1_32' title="bbox 144 1783 1694 1857; baseline 0.005 -24"><span class='ocrx_word' id='word_1_252' title='bbox 144 1790 328 1843; x_wconf 73' lang='grc' dir='ltr'><strong>καὶτοῖς</strong></span> <span class='ocrx_word' id='word_1_253' title='bbox 364 1783 525 1843; x_wconf 72' lang='grc' dir='ltr'><strong>ἄλλοις</strong></span> <span class='ocrx_word' id='word_1_254' title='bbox 573 1790 869 1857; x_wconf 72' lang='grc' dir='ltr'><strong>προφήταις</strong></span> <span class='ocrx_word' id='word_1_255' title='bbox 914 1791 1003 1837; x_wconf 82' lang='grc' dir='ltr'><strong>καὶ</strong></span> <span class='ocrx_word' id='word_1_256' title='bbox 1038 1786 1209 1857; x_wconf 82' lang='grc' dir='ltr'><strong>ἁγίοις</strong></span> <span class='ocrx_word' id='word_1_257' title='bbox 1258 1786 1567 1851; x_wconf 79' lang='grc' dir='ltr'><strong>ἀποστόλοις</strong></span> <span class='ocrx_word' id='word_1_258' title='bbox 1619 1792 1694 1841; x_wconf 82' lang='grc' dir='ltr'><strong>ἰτι</strong></span> 
     </span>
    </p>
   </div>
   <div class='ocr_carea' id='block_1_33' title="bbox 1811 1783 3458 1861">
    <p class='ocr_par' dir='ltr' id='par_1_33' title="bbox 1811 1786 3458 1860">
     <span class='ocr_line' id='line_1_33' title="bbox 1811 1786 3458 1860; baseline 0.001 -19"><span class='ocrx_word' id='word_1_259' title='bbox 1811 1787 1929 1841; x_wconf 67' lang='grc' dir='ltr'>[ιωο</span> <span class='ocrx_word' id='word_1_260' title='bbox 1953 1786 2026 1841; x_wconf 88' lang='lat' dir='ltr'>de</span> <span class='ocrx_word' id='word_1_261' title='bbox 2057 1787 2275 1853; x_wconf 89' lang='lat' dir='ltr'>anima,</span> <span class='ocrx_word' id='word_1_262' title='bbox 2306 1787 2379 1841; x_wconf 92' lang='lat' dir='ltr'>de</span> <span class='ocrx_word' id='word_1_263' title='bbox 2410 1788 2858 1853; x_wconf 85' lang='lat' dir='ltr'>resurrectione,</span> <span class='ocrx_word' id='word_1_264' title='bbox 2883 1787 2957 1842; x_wconf 94' lang='lat' dir='ltr'>de</span> <span class='ocrx_word' id='word_1_265' title='bbox 2980 1802 3178 1860; x_wconf 72' lang='lat' dir='ltr'>paena,</span> <span class='ocrx_word' id='word_1_266' title='bbox 3197 1786 3272 1842; x_wconf 92' lang='lat' dir='ltr'>de</span> <span class='ocrx_word' id='word_1_267' title='bbox 3302 1803 3458 1859; x_wconf 68' lang='lat' dir='ltr'>prte-</span> 
     </span>
    </p>
   </div>
   <div class='ocr_carea' id='block_1_34' title="bbox 143 1870 1693 1950">
    <p class='ocr_par' dir='ltr' id='par_1_34' title="bbox 143 1870 1693 1950">
     <span class='ocr_line' id='line_1_34' title="bbox 143 1870 1693 1950; baseline 0.005 -27"><span class='ocrx_word' id='word_1_268' title='bbox 143 1875 234 1944; x_wconf 69' lang='grc' dir='ltr'><strong>περὶ</strong></span> <span class='ocrx_word' id='word_1_269' title='bbox 279 1870 462 1942; x_wconf 65' lang='grc' dir='ltr'><strong>ψυχῆς,</strong></span> <span class='ocrx_word' id='word_1_270' title='bbox 511 1878 640 1945; x_wconf 81' lang='grc' dir='ltr'><strong>περὶ</strong></span> <span class='ocrx_word' id='word_1_271' title='bbox 690 1871 1039 1939; x_wconf 78' lang='grc' dir='ltr'><strong>ἀναστάσεως,</strong></span> <span class='ocrx_word' id='word_1_272' title='bbox 1087 1879 1205 1949; x_wconf 83' lang='grc' dir='ltr'><strong>περὶ</strong></span> <span class='ocrx_word' id='word_1_273' title='bbox 1252 1876 1530 1941; x_wconf 77' lang='grc' dir='ltr'><strong>κολάσεως,</strong></span> <span class='ocrx_word' id='word_1_274' title='bbox 1574 1882 1693 1950; x_wconf 83' lang='grc' dir='ltr'><strong>περὶ</strong></span> 
     </span>
    </p>
   </div>
   <div class='ocr_carea' id='block_1_35' title="bbox 142 1959 1691 2037">
    <p class='ocr_par' dir='ltr' id='par_1_35' title="bbox 142 1959 1691 2037">
     <span class='ocr_line' id='line_1_35' title="bbox 142 1959 1691 2037; baseline 0.004 -25"><span class='ocrx_word' id='word_1_275' title='bbox 142 1960 421 2029; x_wconf 69' lang='grc' dir='ltr'><strong>ὶπιγγελιὺν.</strong></span> <span class='ocrx_word' id='word_1_276' title='bbox 480 1961 537 2013; x_wconf 81' lang='grc' dir='ltr'><strong>Ὀ</strong></span> <span class='ocrx_word' id='word_1_277' title='bbox 582 1959 650 2014; x_wconf 64' lang='lat'>6”;</span> <span class='ocrx_word' id='word_1_278' title='bbox 693 1966 864 2035; x_wconf 80' lang='grc' dir='ltr'><strong>τρίτος</strong></span> <span class='ocrx_word' id='word_1_279' title='bbox 917 1968 1033 2037; x_wconf 85' lang='grc' dir='ltr'><strong>περὶ</strong></span> <span class='ocrx_word' id='word_1_280' title='bbox 1087 1964 1443 2027; x_wconf 82' lang='grc' dir='ltr'><strong>αύτεξουσίου.</strong></span> <span class='ocrx_word' id='word_1_281' title='bbox 1507 1973 1616 2027; x_wconf 84' lang='grc' dir='ltr'>Πῶς</span> <span class='ocrx_word' id='word_1_282' title='bbox 1666 1968 1691 2018; x_wconf 92' lang='grc' dir='ltr'>ό</span> 
     </span>
    </p>
   </div>
   <div class='ocr_carea' id='block_1_36' title="bbox 141 2044 1695 2129">
    <p class='ocr_par' dir='ltr' id='par_1_36' title="bbox 141 2044 1695 2129">
     <span class='ocr_line' id='line_1_36' title="bbox 141 2044 1695 2129; baseline 0.005 -29"><span class='ocrx_word' id='word_1_283' title='bbox 141 2044 341 2110; x_wconf 62' lang='grc' dir='ltr'><strong>διάϐολος</strong></span> <span class='ocrx_word' id='word_1_284' title='bbox 356 2054 441 2102; x_wconf 84' lang='grc' dir='ltr'><strong>καὶ</strong></span> <span class='ocrx_word' id='word_1_285' title='bbox 465 2052 521 2101; x_wconf 82' lang='grc' dir='ltr'>αἱ</span> <span class='ocrx_word' id='word_1_286' title='bbox 548 2048 903 2121; x_wconf 78' lang='grc' dir='ltr'><strong>ἀντικείμεναι</strong></span> <span class='ocrx_word' id='word_1_287' title='bbox 929 2048 1178 2125; x_wconf 80' lang='grc' dir='ltr'><strong>δυνάμεις</strong></span> <span class='ocrx_word' id='word_1_288' title='bbox 1202 2056 1339 2106; x_wconf 86' lang='grc' dir='ltr'><strong>κατὰ</strong></span> <span class='ocrx_word' id='word_1_289' title='bbox 1366 2061 1459 2117; x_wconf 77' lang='grc' dir='ltr'><strong>τὰς</strong></span> <span class='ocrx_word' id='word_1_290' title='bbox 1488 2058 1695 2129; x_wconf 77' lang='grc' dir='ltr'><strong>Γραφὰς</strong></span> 
     </span>
    </p>
   </div>
   <div class='ocr_carea' id='block_1_37' title="bbox 144 2139 1697 2214">
    <p class='ocr_par' dir='ltr' id='par_1_37' title="bbox 144 2139 1697 2214">
     <span class='ocr_line' id='line_1_37' title="bbox 144 2139 1697 2214; baseline 0.006 -27"><span class='ocrx_word' id='word_1_291' title='bbox 144 2141 457 2195; x_wconf 66' lang='grc' dir='ltr'><strong>στρατεύονται</strong></span> <span class='ocrx_word' id='word_1_292' title='bbox 484 2148 560 2209; x_wconf 81' lang='grc' dir='ltr'><strong>τῷ</strong></span> <span class='ocrx_word' id='word_1_293' title='bbox 594 2139 905 2211; x_wconf 77' lang='grc' dir='ltr'><strong>ἀνθρωπίνῳ</strong></span> <span class='ocrx_word' id='word_1_294' title='bbox 930 2145 1063 2211; x_wconf 77' lang='grc' dir='ltr'><strong>γένει</strong></span> <span class='ocrx_word' id='word_1_295' title='bbox 1110 2159 1122 2171; x_wconf 92' lang='grc'><strong>·</strong></span> <span class='ocrx_word' id='word_1_296' title='bbox 1156 2143 1236 2195; x_wconf 86' lang='grc' dir='ltr'><strong>ὅτι</strong></span> <span class='ocrx_word' id='word_1_297' title='bbox 1264 2148 1477 2214; x_wconf 87' lang='grc' dir='ltr'><strong>γενητὸς</strong></span> <span class='ocrx_word' id='word_1_298' title='bbox 1516 2146 1540 2196; x_wconf 92' lang='grc' dir='ltr'>ό</span> <span class='ocrx_word' id='word_1_299' title='bbox 1572 2150 1697 2196; x_wconf 86' lang='grc' dir='ltr'><strong>κόσ-</strong></span> 
     </span>
    </p>
   </div>
   <div class='ocr_carea' id='block_1_38' title="bbox 140 2227 1697 2305">
    <p class='ocr_par' dir='ltr' id='par_1_38' title="bbox 140 2227 1697 2305">
     <span class='ocr_line' id='line_1_38' title="bbox 140 2227 1697 2305; baseline 0.005 -28"><span class='ocrx_word' id='word_1_300' title='bbox 140 2244 209 2289; x_wconf 63' lang='grc' dir='ltr'>μος</span> <span class='ocrx_word' id='word_1_301' title='bbox 231 2232 307 2278; x_wconf 75' lang='grc' dir='ltr'><strong>καὶ</strong></span> <span class='ocrx_word' id='word_1_302' title='bbox 328 2230 547 2299; x_wconf 66' lang='grc' dir='ltr'><strong>φθαρτὸς</strong></span> <span class='ocrx_word' id='word_1_303' title='bbox 577 2227 689 2280; x_wconf 72' lang='grc' dir='ltr'><strong>ἀπὸ</strong></span> <span class='ocrx_word' id='word_1_304' title='bbox 718 2233 916 2302; x_wconf 82' lang='grc' dir='ltr'><strong>χρόνου</strong></span> <span class='ocrx_word' id='word_1_305' title='bbox 948 2229 1244 2303; x_wconf 80' lang='grc' dir='ltr'><strong>ἀρξάμενος.</strong></span> <span class='ocrx_word' id='word_1_306' title='bbox 1276 2231 1335 2285; x_wconf 84' lang='grc' dir='ltr'>Ὁ</span> <span class='ocrx_word' id='word_1_307' title='bbox 1367 2228 1426 2285; x_wconf 65' lang='grc' dir='ltr'><strong>δι</strong></span> <span class='ocrx_word' id='word_1_308' title='bbox 1451 2236 1697 2305; x_wconf 72' lang='grc' dir='ltr'><strong>τέταρτος</strong></span> 
     </span>
    </p>
   </div>
   <div class='ocr_carea' id='block_1_39' title="bbox 138 2316 1694 2391">
    <p class='ocr_par' dir='ltr' id='par_1_39' title="bbox 138 2316 1694 2391">
     <span class='ocr_line' id='line_1_39' title="bbox 138 2316 1694 2391; baseline 0.004 -24"><span class='ocrx_word' id='word_1_309' title='bbox 138 2316 420 2385; x_wconf 65' lang='grc' dir='ltr'><strong>περίπλους,</strong></span> <span class='ocrx_word' id='word_1_310' title='bbox 448 2319 531 2370; x_wconf 82' lang='grc' dir='ltr'><strong>ὅτι</strong></span> <span class='ocrx_word' id='word_1_311' title='bbox 565 2319 706 2370; x_wconf 79' lang='grc' dir='ltr'><strong>θεῖαι</strong></span> <span class='ocrx_word' id='word_1_312' title='bbox 742 2320 797 2369; x_wconf 79' lang='grc' dir='ltr'>αἱ</span> <span class='ocrx_word' id='word_1_313' title='bbox 829 2324 1043 2391; x_wconf 74' lang='grc' dir='ltr'><strong>Γραφαί.</strong></span> <span class='ocrx_word' id='word_1_314' title='bbox 1088 2320 1260 2383; x_wconf 73' lang='grc' dir='ltr'><strong>Τέλος,</strong></span> <span class='ocrx_word' id='word_1_315' title='bbox 1294 2323 1428 2383; x_wconf 84' lang='grc' dir='ltr'><strong>ὅπως</strong></span> <span class='ocrx_word' id='word_1_316' title='bbox 1456 2318 1540 2375; x_wconf 83' lang='grc' dir='ltr'>δεῖ</span> <span class='ocrx_word' id='word_1_317' title='bbox 1565 2321 1694 2374; x_wconf 83' lang='grc' dir='ltr'><strong>ἁνα-</strong></span> 
     </span>
    </p>
   </div>
   <div class='ocr_carea' id='block_1_40' title="bbox 138 2409 1028 2479">
    <p class='ocr_par' dir='ltr' id='par_1_40' title="bbox 138 2409 1028 2479">
     <span class='ocr_line' id='line_1_40' title="bbox 138 2409 1028 2479; baseline 0.01 -25"><span class='ocrx_word' id='word_1_318' title='bbox 138 2412 356 2472; x_wconf 69' lang='grc' dir='ltr'><strong>γινὼσιειν</strong></span> <span class='ocrx_word' id='word_1_319' title='bbox 382 2411 471 2459; x_wconf 82' lang='grc' dir='ltr'><strong>καὶ.</strong></span> <span class='ocrx_word' id='word_1_320' title='bbox 497 2414 641 2459; x_wconf 82' lang='grc' dir='ltr'><strong>νοεῖν</strong></span> <span class='ocrx_word' id='word_1_321' title='bbox 670 2409 766 2469; x_wconf 79' lang='grc' dir='ltr'><strong>τὰς</strong></span> <span class='ocrx_word' id='word_1_322' title='bbox 798 2410 1028 2479; x_wconf 73' lang='grc' dir='ltr'><strong>Γραφάς.</strong></span> 
     </span>
    </p>
   </div>
   <div class='ocr_carea' id='block_1_41' title="bbox 866 2513 947 2568">
    <p class='ocr_par' dir='ltr' id='par_1_41' title="bbox 866 2513 947 2568">
     <span class='ocr_line' id='line_1_41' title="bbox 866 2513 947 2568; baseline 0.012 -1"><span class='ocrx_word' id='word_1_323' title='bbox 866 2513 947 2568; x_wconf 84' lang='grc' dir='ltr'>Θ’.</span> 
     </span>
    </p>
   </div>
   <div class='ocr_carea' id='block_1_42' title="bbox 404 2619 1371 2696">
    <p class='ocr_par' dir='ltr' id='par_1_42' title="bbox 404 2619 1371 2696">
     <span class='ocr_line' id='line_1_42' title="bbox 404 2619 1371 2696; baseline 0.005 -24"><span class='ocrx_word' id='word_1_324' title='bbox 404 2619 671 2673; x_wconf 75' lang='grc' dir='ltr'><strong>Εύσεϐἱου</strong></span> <span class='ocrx_word' id='word_1_325' title='bbox 706 2626 1020 2696; x_wconf 77' lang='grc' dir='ltr'><strong>Καισαρείας</strong></span> <span class='ocrx_word' id='word_1_326' title='bbox 1062 2620 1371 2678; x_wconf 75' lang='grc' dir='ltr'><strong>ἕπισκόπου.</strong></span> 
     </span>
    </p>
   </div>
   <div class='ocr_carea' id='block_1_43' title="bbox 195 2706 1696 2786">
    <p class='ocr_par' dir='ltr' id='par_1_43' title="bbox 195 2706 1696 2786">
     <span class='ocr_line' id='line_1_43' title="bbox 195 2706 1696 2786; baseline 0.004 -27"><span class='ocrx_word' id='word_1_327' title='bbox 195 2706 478 2777; x_wconf 72' lang='grc' dir='ltr'><strong>’Δνεγνώσθη</strong></span> <span class='ocrx_word' id='word_1_328' title='bbox 567 2708 933 2780; x_wconf 79' lang='grc' dir='ltr'><strong>Εὐαγγελικῆς</strong></span> <span class='ocrx_word' id='word_1_329' title='bbox 1010 2717 1456 2786; x_wconf 82' lang='grc' dir='ltr'><strong>Προπαρασκευῆς</strong></span> <span class='ocrx_word' id='word_1_330' title='bbox 1538 2716 1696 2765; x_wconf 85' lang='grc' dir='ltr'><strong>Εύσε-</strong></span> 
     </span>
    </p>
   </div>
   <div class='ocr_carea' id='block_1_44' title="bbox 141 2794 1695 2876">
    <p class='ocr_par' dir='ltr' id='par_1_44' title="bbox 141 2794 1695 2876">
     <span class='ocr_line' id='line_1_44' title="bbox 141 2794 1695 2876; baseline 0.006 -31"><span class='ocrx_word' id='word_1_331' title='bbox 141 2794 219 2846; x_wconf 67' lang='grc' dir='ltr'><strong>ϐίον</strong></span> <span class='ocrx_word' id='word_1_332' title='bbox 243 2796 369 2866; x_wconf 78' lang='grc' dir='ltr'><strong>λόγοι</strong></span> <span class='ocrx_word' id='word_1_333' title='bbox 396 2798 473 2866; x_wconf 84' lang='grc' dir='ltr'><strong>ιε’,</strong></span> <span class='ocrx_word' id='word_1_334' title='bbox 523 2802 573 2850; x_wconf 73' lang='grc' dir='ltr'>ἒν</span> <span class='ocrx_word' id='word_1_335' title='bbox 616 2800 693 2861; x_wconf 86' lang='grc' dir='ltr'><strong>οἷς</strong></span> <span class='ocrx_word' id='word_1_336' title='bbox 743 2802 809 2859; x_wconf 84' lang='grc' dir='ltr'><strong>ὡς</strong></span> <span class='ocrx_word' id='word_1_337' title='bbox 846 2798 1031 2852; x_wconf 77' lang='grc' dir='ltr'><strong>ἐπίπαν</strong></span> <span class='ocrx_word' id='word_1_338' title='bbox 1063 2804 1155 2859; x_wconf 81' lang='grc' dir='ltr'><strong>τὴν</strong></span> <span class='ocrx_word' id='word_1_339' title='bbox 1192 2800 1433 2861; x_wconf 76' lang='grc' dir='ltr'><strong>Ἑλλήνων</strong></span> <span class='ocrx_word' id='word_1_340' title='bbox 1476 2822 1695 2876; x_wconf 81' lang='grc' dir='ltr'><strong>ματαιο-</strong></span> 
     </span>
    </p>
   </div>
   <div class='ocr_carea' id='block_1_45' title="bbox 137 2885 1693 2965">
    <p class='ocr_par' dir='ltr' id='par_1_45' title="bbox 137 2885 1693 2965">
     <span class='ocr_line' id='line_1_45' title="bbox 137 2885 1693 2965; baseline 0.007 -31"><span class='ocrx_word' id='word_1_341' title='bbox 137 2885 272 2953; x_wconf 66' lang='grc' dir='ltr'><strong>λογίαν</strong></span> <span class='ocrx_word' id='word_1_342' title='bbox 295 2886 506 2957; x_wconf 72' lang='grc' dir='ltr'><strong>ἐλέγχει,</strong></span> <span class='ocrx_word' id='word_1_343' title='bbox 546 2892 647 2939; x_wconf 82' lang='grc' dir='ltr'><strong>καὶ</strong></span> <span class='ocrx_word' id='word_1_344' title='bbox 697 2892 765 2948; x_wconf 83' lang='grc' dir='ltr'><strong>ὡς</strong></span> <span class='ocrx_word' id='word_1_345' title='bbox 811 2886 1113 2961; x_wconf 71' lang='grc' dir='ltr'><strong>ἀσύμφωνοι</strong></span> <span class='ocrx_word' id='word_1_346' title='bbox 1146 2889 1239 2963; x_wconf 79' lang='grc'>[12</span> <span class='ocrx_word' id='word_1_347' title='bbox 1272 2891 1358 2962; x_wconf 83' lang='lat' dir='ltr'>R.]</span> <span class='ocrx_word' id='word_1_348' title='bbox 1388 2892 1534 2945; x_wconf 73' lang='grc' dir='ltr'><strong>αὐτοὶ</strong></span> <span class='ocrx_word' id='word_1_349' title='bbox 1563 2896 1693 2965; x_wconf 88' lang='grc' dir='ltr'><strong>πρός</strong></span> 
     </span>
    </p>
   </div>
   <div class='ocr_carea' id='block_1_46' title="bbox 141 2972 1693 3053">
    <p class='ocr_par' dir='ltr' id='par_1_46' title="bbox 141 2972 1693 3053">
     <span class='ocr_line' id='line_1_46' title="bbox 141 2972 1693 3053; baseline 0.008 -30"><span class='ocrx_word' id='word_1_350' title='bbox 141 2973 306 3035; x_wconf 64' lang='grc' dir='ltr'><strong>ιρι-ποὺς</strong></span> <span class='ocrx_word' id='word_1_351' title='bbox 349 2972 675 3032; x_wconf 75' lang='grc' dir='ltr'><strong>διετέλεσαν.</strong></span> <span class='ocrx_word' id='word_1_352' title='bbox 730 2980 1003 3049; x_wconf 72' lang='grc' dir='ltr'><strong>Μέμνηται</strong></span> <span class='ocrx_word' id='word_1_353' title='bbox 1041 2976 1100 3031; x_wconf 68' lang='grc' dir='ltr'>δὲ</span> <span class='ocrx_word' id='word_1_354' title='bbox 1144 2978 1191 3031; x_wconf 77' lang='grc' dir='ltr'><strong>ἓν</strong></span> <span class='ocrx_word' id='word_1_355' title='bbox 1240 2979 1382 3053; x_wconf 77' lang='grc' dir='ltr'>ἀρχῇ</span> <span class='ocrx_word' id='word_1_356' title='bbox 1432 2989 1524 3033; x_wconf 83' lang='grc' dir='ltr'><strong>τοῦ</strong></span> <span class='ocrx_word' id='word_1_357' title='bbox 1581 3000 1693 3034; x_wconf 84' lang='grc' dir='ltr'><strong>πεν-</strong></span> 
     </span>
    </p>
   </div>
   <div class='ocr_carea' id='block_1_47' title="bbox 139 3060 1693 3144">
    <p class='ocr_par' dir='ltr' id='par_1_47' title="bbox 139 3060 1693 3144">
     <span class='ocr_line' id='line_1_47' title="bbox 139 3060 1693 3144; baseline 0.004 -28"><span class='ocrx_word' id='word_1_358' title='bbox 139 3060 454 3117; x_wconf 75' lang='grc' dir='ltr'><strong>ταιιδεκάτου</strong></span> <span class='ocrx_word' id='word_1_359' title='bbox 504 3065 671 3137; x_wconf 65' lang='grc' dir='ltr'><strong>λόγου</strong></span> <span class='ocrx_word' id='word_1_360' title='bbox 721 3065 778 3139; x_wconf 80' lang='grc'>[5</span> <span class='ocrx_word' id='word_1_361' title='bbox 835 3068 921 3138; x_wconf 65' lang='grc'>3.]</span> <span class='ocrx_word' id='word_1_362' title='bbox 974 3072 1063 3120; x_wconf 82' lang='grc' dir='ltr'><strong>καὶ</strong></span> <span class='ocrx_word' id='word_1_363' title='bbox 1117 3067 1164 3120; x_wconf 78' lang='grc' dir='ltr'><strong>ἐν</strong></span> <span class='ocrx_word' id='word_1_364' title='bbox 1223 3078 1294 3139; x_wconf 82' lang='grc' dir='ltr'><strong>τῷ</strong></span> <span class='ocrx_word' id='word_1_365' title='bbox 1341 3070 1470 3123; x_wconf 75' lang='grc' dir='ltr'><strong>τέλει</strong></span> <span class='ocrx_word' id='word_1_366' title='bbox 1521 3070 1693 3144; x_wconf 76' lang='grc' dir='ltr'><strong>ἐτέρας</strong></span> 
     </span>
    </p>
   </div>
   <div class='ocr_carea' id='block_1_48' title="bbox 1806 1875 3458 1948">
    <p class='ocr_par' dir='ltr' id='par_1_48' title="bbox 1806 1875 3458 1948">
     <span class='ocr_line' id='line_1_48' title="bbox 1806 1875 3458 1948; baseline 0.001 -19"><span class='ocrx_word' id='word_1_367' title='bbox 1806 1876 1956 1929; x_wconf 91' lang='lat' dir='ltr'>miis.</span> <span class='ocrx_word' id='word_1_368' title='bbox 1989 1877 2179 1931; x_wconf 87' lang='lat' dir='ltr'>Tertio</span> <span class='ocrx_word' id='word_1_369' title='bbox 2208 1876 2283 1930; x_wconf 93' lang='lat' dir='ltr'>de</span> <span class='ocrx_word' id='word_1_370' title='bbox 2314 1876 2536 1931; x_wconf 88' lang='lat' dir='ltr'>arbitrii</span> <span class='ocrx_word' id='word_1_371' title='bbox 2567 1876 2833 1932; x_wconf 90' lang='lat' dir='ltr'>libertate</span> <span class='ocrx_word' id='word_1_372' title='bbox 2867 1892 2879 1931; x_wconf 90' lang='lat'><strong>:</strong></span> <span class='ocrx_word' id='word_1_373' title='bbox 2922 1892 3045 1948; x_wconf 91' lang='lat' dir='ltr'>qua</span> <span class='ocrx_word' id='word_1_374' title='bbox 3072 1877 3298 1931; x_wconf 88' lang='lat' dir='ltr'>ratione</span> <span class='ocrx_word' id='word_1_375' title='bbox 3332 1875 3458 1931; x_wconf 89' lang='lat' dir='ltr'>dia-</span> 
     </span>
    </p>
   </div>
   <div class='ocr_carea' id='block_1_49' title="bbox 1804 1963 3455 2036">
    <p class='ocr_par' dir='ltr' id='par_1_49' title="bbox 1804 1963 3455 2036">
     <span class='ocr_line' id='line_1_49' title="bbox 1804 1963 3455 2036; baseline 0 -18"><span class='ocrx_word' id='word_1_376' title='bbox 1804 1963 1997 2027; x_wconf 87' lang='lat' dir='ltr'>bolus,</span> <span class='ocrx_word' id='word_1_377' title='bbox 2029 1964 2451 2036; x_wconf 60' lang='lat' dir='ltr'>contrariaque</span> <span class='ocrx_word' id='word_1_378' title='bbox 2463 1969 2809 2034; x_wconf 88' lang='lat' dir='ltr'>potestates,</span> <span class='ocrx_word' id='word_1_379' title='bbox 2824 1965 2996 2035; x_wconf 85' lang='lat' dir='ltr'>juxta</span> <span class='ocrx_word' id='word_1_380' title='bbox 3020 1964 3455 2035; x_wconf 88' lang='lat' dir='ltr'>Scripturarum</span> 
     </span>
    </p>
   </div>
   <div class='ocr_carea' id='block_1_50' title="bbox 1803 2051 3456 2123">
    <p class='ocr_par' dir='ltr' id='par_1_50' title="bbox 1803 2051 3456 2123">
     <span class='ocr_line' id='line_1_50' title="bbox 1803 2051 3456 2123; baseline 0 -17"><span class='ocrx_word' id='word_1_381' title='bbox 1803 2051 2162 2115; x_wconf 89' lang='lat' dir='ltr'>doctrinam,</span> <span class='ocrx_word' id='word_1_382' title='bbox 2194 2067 2330 2105; x_wconf 91' lang='lat' dir='ltr'>cum</span> <span class='ocrx_word' id='word_1_383' title='bbox 2379 2051 2648 2107; x_wconf 90' lang='lat' dir='ltr'>humano</span> <span class='ocrx_word' id='word_1_384' title='bbox 2679 2067 2895 2121; x_wconf 82' lang='lat' dir='ltr'>genere</span> <span class='ocrx_word' id='word_1_385' title='bbox 2935 2055 3199 2123; x_wconf 83' lang='lat' dir='ltr'>pugnent</span> <span class='ocrx_word' id='word_1_386' title='bbox 3232 2070 3244 2109; x_wconf 92' lang='lat'><strong>:</strong></span> <span class='ocrx_word' id='word_1_387' title='bbox 3279 2065 3456 2106; x_wconf 84' lang='lat' dir='ltr'>mun-</span> 
     </span>
    </p>
   </div>
   <div class='ocr_carea' id='block_1_51' title="bbox 1803 2138 3454 2212">
    <p class='ocr_par' dir='ltr' id='par_1_51' title="bbox 1803 2138 3454 2212">
     <span class='ocr_line' id='line_1_51' title="bbox 1803 2138 3454 2212; baseline -0.001 -18"><span class='ocrx_word' id='word_1_388' title='bbox 1803 2140 1948 2194; x_wconf 90' lang='lat' dir='ltr'>dum</span> <span class='ocrx_word' id='word_1_389' title='bbox 1982 2138 2119 2193; x_wconf 92' lang='lat' dir='ltr'>item</span> <span class='ocrx_word' id='word_1_390' title='bbox 2153 2143 2352 2194; x_wconf 90' lang='lat' dir='ltr'>ortum</span> <span class='ocrx_word' id='word_1_391' title='bbox 2371 2139 2616 2205; x_wconf 91' lang='lat' dir='ltr'>habere,</span> <span class='ocrx_word' id='word_1_392' title='bbox 2647 2145 2704 2196; x_wconf 91' lang='lat' dir='ltr'>et</span> <span class='ocrx_word' id='word_1_393' title='bbox 2734 2139 3097 2212; x_wconf 88' lang='lat' dir='ltr'>corruptioni</span> <span class='ocrx_word' id='word_1_394' title='bbox 3122 2138 3454 2195; x_wconf 87' lang='lat' dir='ltr'>obnoxium</span> 
     </span>
    </p>
   </div>
   <div class='ocr_carea' id='block_1_52' title="bbox 1802 2229 3456 2301">
    <p class='ocr_par' dir='ltr' id='par_1_52' title="bbox 1802 2229 3456 2301">
     <span class='ocr_line' id='line_1_52' title="bbox 1802 2229 3456 2301; baseline 0.001 -17"><span class='ocrx_word' id='word_1_395' title='bbox 1802 2244 1954 2292; x_wconf 90' lang='lat' dir='ltr'>esse,</span> <span class='ocrx_word' id='word_1_396' title='bbox 1986 2234 2049 2284; x_wconf 91' lang='lat' dir='ltr'>ut</span> <span class='ocrx_word' id='word_1_397' title='bbox 2082 2229 2185 2300; x_wconf 87' lang='lat' dir='ltr'>qui</span> <span class='ocrx_word' id='word_1_398' title='bbox 2216 2245 2253 2285; x_wconf 93' lang='lat' dir='ltr'>a</span> <span class='ocrx_word' id='word_1_399' title='bbox 2292 2232 2558 2299; x_wconf 91' lang='lat' dir='ltr'>tempore</span> <span class='ocrx_word' id='word_1_400' title='bbox 2584 2229 2815 2285; x_wconf 89' lang='lat' dir='ltr'>initium</span> <span class='ocrx_word' id='word_1_401' title='bbox 2855 2229 3192 2301; x_wconf 91' lang='lat' dir='ltr'>sumpserit.</span> <span class='ocrx_word' id='word_1_402' title='bbox 3236 2232 3456 2296; x_wconf 86' lang='lat' dir='ltr'>Quarto</span> 
     </span>
    </p>
   </div>
   <div class='ocr_carea' id='block_1_53' title="bbox 1802 2317 3453 2389">
    <p class='ocr_par' dir='ltr' id='par_1_53' title="bbox 1802 2317 3453 2389">
     <span class='ocr_line' id='line_1_53' title="bbox 1802 2317 3453 2389; baseline 0 -16"><span class='ocrx_word' id='word_1_403' title='bbox 1802 2318 1941 2373; x_wconf 90' lang='lat' dir='ltr'>item</span> <span class='ocrx_word' id='word_1_404' title='bbox 1968 2317 2122 2373; x_wconf 86' lang='lat' dir='ltr'>libro</span> <span class='ocrx_word' id='word_1_405' title='bbox 2150 2318 2223 2372; x_wconf 94' lang='lat' dir='ltr'>de</span> <span class='ocrx_word' id='word_1_406' title='bbox 2253 2317 2372 2374; x_wconf 85' lang='lat' dir='ltr'>ﬁne</span> <span class='ocrx_word' id='word_1_407' title='bbox 2398 2317 2606 2374; x_wconf 86' lang='lat' dir='ltr'>ultimo</span> <span class='ocrx_word' id='word_1_408' title='bbox 2637 2336 2650 2373; x_wconf 86' lang='lat'><strong>:</strong></span> <span class='ocrx_word' id='word_1_409' title='bbox 2674 2319 2905 2373; x_wconf 89' lang='lat' dir='ltr'>divinas</span> <span class='ocrx_word' id='word_1_410' title='bbox 2931 2333 3059 2373; x_wconf 91' lang='lat' dir='ltr'>esse</span> <span class='ocrx_word' id='word_1_411' title='bbox 3086 2319 3453 2389; x_wconf 87' lang='lat' dir='ltr'>Scripturas:</span> 
     </span>
    </p>
   </div>
   <div class='ocr_carea' id='block_1_54' title="bbox 1803 2406 3452 2481">
    <p class='ocr_par' dir='ltr' id='par_1_54' title="bbox 1803 2406 3452 2481">
     <span class='ocr_line' id='line_1_54' title="bbox 1803 2406 3452 2481; baseline -0.001 -18"><span class='ocrx_word' id='word_1_412' title='bbox 1803 2407 1877 2463; x_wconf 90' lang='lat' dir='ltr'>de</span> <span class='ocrx_word' id='word_1_413' title='bbox 1890 2407 2119 2463; x_wconf 90' lang='lat' dir='ltr'>ratione</span> <span class='ocrx_word' id='word_1_414' title='bbox 2132 2407 2389 2479; x_wconf 90' lang='lat' dir='ltr'>denique</span> <span class='ocrx_word' id='word_1_415' title='bbox 2400 2407 2636 2481; x_wconf 84' lang='lat' dir='ltr'>legendi</span> <span class='ocrx_word' id='word_1_416' title='bbox 2655 2412 2709 2463; x_wconf 92' lang='lat' dir='ltr'>et</span> <span class='ocrx_word' id='word_1_417' title='bbox 2721 2406 3083 2477; x_wconf 87' lang='lat' dir='ltr'>intelligendi</span> <span class='ocrx_word' id='word_1_418' title='bbox 3100 2407 3452 2480; x_wconf 84' lang='lat' dir='ltr'>Scripturas.</span> 
     </span>
    </p>
   </div>
   <div class='ocr_carea' id='block_1_55' title="bbox 2582 2516 2664 2571">
    <p class='ocr_par' dir='ltr' id='par_1_55' title="bbox 2582 2516 2664 2571">
     <span class='ocr_line' id='line_1_55' title="bbox 2582 2516 2664 2571; baseline -0.012 0"><span class='ocrx_word' id='word_1_419' title='bbox 2582 2516 2664 2571; x_wconf 87' lang='lat' dir='ltr'>IX.</span> 
     </span>
    </p>
   </div>
   <div class='ocr_carea' id='block_1_56' title="bbox 1804 2621 3451 2693">
    <p class='ocr_par' dir='ltr' id='par_1_56' title="bbox 1804 2621 3451 2693">
     <span class='ocr_line' id='line_1_56' title="bbox 1804 2621 3451 2693; baseline -0.003 -15"><span class='ocrx_word' id='word_1_420' title='bbox 1804 2621 2041 2679; x_wconf 81' lang='lat' dir='ltr'>Eusebii</span> <span class='ocrx_word' id='word_1_421' title='bbox 2068 2622 2440 2679; x_wconf 66' lang='lat' dir='ltr'>Caesariensis</span> <span class='ocrx_word' id='word_1_422' title='bbox 2461 2621 2715 2691; x_wconf 78' lang='lat' dir='ltr'>episcopi</span> <span class='ocrx_word' id='word_1_423' title='bbox 2742 2621 2871 2693; x_wconf 75' lang='lat'>(17&#39;)</span> <span class='ocrx_word' id='word_1_424' title='bbox 2896 2622 3119 2690; x_wconf 80' lang='lat' dir='ltr'>scripta</span> <span class='ocrx_word' id='word_1_425' title='bbox 3145 2623 3451 2693; x_wconf 82' lang='lat' dir='ltr'>pleraque.</span> 
     </span>
    </p>
   </div>
   <div class='ocr_carea' id='block_1_57' title="bbox 1878 2700 3457 2782">
    <p class='ocr_par' dir='ltr' id='par_1_57' title="bbox 1878 2700 3457 2782">
     <span class='ocr_line' id='line_1_57' title="bbox 1878 2700 3457 2782; baseline -0.002 -15"><span class='ocrx_word' id='word_1_426' title='bbox 1878 2711 2027 2767; x_wconf 88' lang='lat' dir='ltr'>Lecti</span> <span class='ocrx_word' id='word_1_427' title='bbox 2047 2716 2181 2766; x_wconf 90' lang='lat' dir='ltr'>sunt</span> <span class='ocrx_word' id='word_1_428' title='bbox 2209 2700 2580 2782; x_wconf 51' lang='lat' dir='ltr'>Evangelicé</span> <span class='ocrx_word' id='word_1_429' title='bbox 2601 2712 3062 2780; x_wconf 71' lang='lat' dir='ltr'>praeparationis</span> <span class='ocrx_word' id='word_1_430' title='bbox 3078 2710 3309 2766; x_wconf 85' lang='lat' dir='ltr'>Eusebii</span> <span class='ocrx_word' id='word_1_431' title='bbox 3324 2708 3457 2766; x_wconf 88' lang='lat' dir='ltr'>libri</span> 
     </span>
    </p>
   </div>
   <div class='ocr_carea' id='block_1_58' title="bbox 1804 2798 3456 2873">
    <p class='ocr_par' dir='ltr' id='par_1_58' title="bbox 1804 2798 3456 2873">
     <span class='ocr_line' id='line_1_58' title="bbox 1804 2798 3456 2873; baseline 0 -18"><span class='ocrx_word' id='word_1_432' title='bbox 1804 2800 2147 2873; x_wconf 88' lang='lat' dir='ltr'>quindecim</span> <span class='ocrx_word' id='word_1_433' title='bbox 2187 2815 2199 2853; x_wconf 90' lang='lat'><strong>:</strong></span> <span class='ocrx_word' id='word_1_434' title='bbox 2233 2799 2453 2871; x_wconf 90' lang='lat' dir='ltr'>quibus</span> <span class='ocrx_word' id='word_1_435' title='bbox 2485 2804 2549 2854; x_wconf 90' lang='lat' dir='ltr'>ut</span> <span class='ocrx_word' id='word_1_436' title='bbox 2575 2798 2901 2871; x_wconf 89' lang='lat' dir='ltr'>plurimum</span> <span class='ocrx_word' id='word_1_437' title='bbox 2929 2799 3167 2854; x_wconf 86' lang='lat' dir='ltr'>inanem</span> <span class='ocrx_word' id='word_1_438' title='bbox 3191 2798 3456 2867; x_wconf 89' lang='lat' dir='ltr'>gentium</span> 
     </span>
    </p>
   </div>
   <div class='ocr_carea' id='block_1_59' title="bbox 1803 2886 3452 2959">
    <p class='ocr_par' dir='ltr' id='par_1_59' title="bbox 1803 2886 3452 2959">
     <span class='ocr_line' id='line_1_59' title="bbox 1803 2886 3452 2959; baseline -0.001 -16"><span class='ocrx_word' id='word_1_439' title='bbox 1803 2889 2137 2945; x_wconf 88' lang='lat' dir='ltr'>doctrinam</span> <span class='ocrx_word' id='word_1_440' title='bbox 2198 2887 2449 2957; x_wconf 82' lang='lat' dir='ltr'>vellicat,</span> <span class='ocrx_word' id='word_1_441' title='bbox 2505 2903 2810 2959; x_wconf 91' lang='lat' dir='ltr'>quamque</span> <span class='ocrx_word' id='word_1_442' title='bbox 2853 2887 3080 2942; x_wconf 89' lang='lat' dir='ltr'>dissoni</span> <span class='ocrx_word' id='word_1_443' title='bbox 3133 2886 3247 2959; x_wconf 90' lang='lat' dir='ltr'>ipsi</span> <span class='ocrx_word' id='word_1_444' title='bbox 3299 2887 3452 2942; x_wconf 90' lang='lat' dir='ltr'>inter</span> 
     </span>
    </p>
   </div>
   <div class='ocr_carea' id='block_1_60' title="bbox 1803 2974 3453 3050">
    <p class='ocr_par' dir='ltr' id='par_1_60' title="bbox 1803 2974 3453 3050">
     <span class='ocr_line' id='line_1_60' title="bbox 1803 2974 3453 3050; baseline -0.003 -16"><span class='ocrx_word' id='word_1_445' title='bbox 1803 2994 1865 3034; x_wconf 92' lang='lat' dir='ltr'>se</span> <span class='ocrx_word' id='word_1_446' title='bbox 1897 2984 2182 3050; x_wconf 91' lang='lat' dir='ltr'>perpetuo</span> <span class='ocrx_word' id='word_1_447' title='bbox 2213 2975 2449 3032; x_wconf 88' lang='lat' dir='ltr'>fuerint.</span> <span class='ocrx_word' id='word_1_448' title='bbox 2480 2976 2737 3032; x_wconf 82' lang='lat' dir='ltr'>Meminit</span> <span class='ocrx_word' id='word_1_449' title='bbox 2776 2991 2913 3031; x_wconf 90' lang='lat' dir='ltr'>vero</span> <span class='ocrx_word' id='word_1_450' title='bbox 2942 2975 3111 3046; x_wconf 73' lang='lat' dir='ltr'>initio</span> <span class='ocrx_word' id='word_1_451' title='bbox 3140 2974 3272 3030; x_wconf 88' lang='lat' dir='ltr'>libri</span> <span class='ocrx_word' id='word_1_452' title='bbox 3302 2974 3453 3029; x_wconf 87' lang='lat' dir='ltr'>deci-</span> 
     </span>
    </p>
   </div>
   <div class='ocr_carea' id='block_1_61' title="bbox 1804 3062 3453 3140">
    <p class='ocr_par' dir='ltr' id='par_1_61' title="bbox 1804 3062 3453 3140">
     <span class='ocr_line' id='line_1_61' title="bbox 1804 3062 3453 3140; baseline -0.002 -17"><span class='ocrx_word' id='word_1_453' title='bbox 1804 3067 1883 3124; x_wconf 91' lang='lat' dir='ltr'>mi</span> <span class='ocrx_word' id='word_1_454' title='bbox 1924 3067 2130 3140; x_wconf 90' lang='lat' dir='ltr'>quinti,</span> <span class='ocrx_word' id='word_1_455' title='bbox 2188 3065 2330 3121; x_wconf 91' lang='lat' dir='ltr'>etin</span> <span class='ocrx_word' id='word_1_456' title='bbox 2360 3064 2573 3120; x_wconf 91' lang='lat' dir='ltr'>eodem</span> <span class='ocrx_word' id='word_1_457' title='bbox 2634 3070 2916 3130; x_wconf 82' lang='lat' dir='ltr'>extremo,</span> <span class='ocrx_word' id='word_1_458' title='bbox 2952 3062 3197 3119; x_wconf 90' lang='lat' dir='ltr'>alterius</span> <span class='ocrx_word' id='word_1_459' title='bbox 3236 3063 3453 3137; x_wconf 85' lang='lat' dir='ltr'>operis,</span> 
     </span>
    </p>
   </div>
   <div class='ocr_carea' id='block_1_62' title="bbox 139 3126 1694 3229">
    <p class='ocr_par' dir='ltr' id='par_1_62' title="bbox 139 3126 1694 3228">
     <span class='ocr_line' id='line_1_62' title="bbox 139 3126 1694 3228; baseline 0.006 -25"><span class='ocrx_word' id='word_1_460' title='bbox 139 3160 459 3223; x_wconf 65' lang='grc' dir='ltr'><strong>πραγματείας,</strong></span> <span class='ocrx_word' id='word_1_461' title='bbox 542 3126 610 3213; x_wconf 52' lang='grc' dir='ltr'>ἣν</span> <span class='ocrx_word' id='word_1_462' title='bbox 700 3126 1051 3228; x_wconf 68' lang='grc' dir='ltr'><strong>έύαγγελικήν</strong></span> <span class='ocrx_word' id='word_1_463' title='bbox 1139 3126 1435 3222; x_wconf 69' lang='grc' dir='ltr'><strong>Ἀπόδειξιν</strong></span> <span class='ocrx_word' id='word_1_464' title='bbox 1525 3126 1694 3222; x_wconf 54' lang='grc' dir='ltr'>ἑξονοἐ</span> 
     </span>
    </p>
   </div>
   <div class='ocr_carea' id='block_1_63' title="bbox 1811 3126 3453 3229">
    <p class='ocr_par' dir='ltr' id='par_1_63' title="bbox 1811 3126 3453 3229">
     <span class='ocr_line' id='line_1_63' title="bbox 1811 3126 3453 3229; baseline -0.003 -17"><span class='ocrx_word' id='word_1_465' title='bbox 1811 3126 1962 3229; x_wconf 82' lang='lat' dir='ltr'>quod</span> <span class='ocrx_word' id='word_1_466' title='bbox 1989 3157 2038 3211; x_wconf 84' lang='grc' dir='ltr'><em>Ε</em></span> <span class='ocrx_word' id='word_1_467' title='bbox 2044 3154 2412 3226; x_wconf 83' lang='lat' dir='ltr'>vangelicam</span> <span class='ocrx_word' id='word_1_468' title='bbox 2429 3153 2997 3210; x_wconf 81' lang='lat' dir='ltr'>Demonstrationem</span> <span class='ocrx_word' id='word_1_469' title='bbox 3012 3153 3303 3217; x_wconf 88' lang='lat' dir='ltr'>nominat,</span> <span class='ocrx_word' id='word_1_470' title='bbox 3317 3166 3453 3224; x_wconf 72' lang='lat' dir='ltr'>quas</span> 
     </span>
    </p>
   </div>
   <div class='ocr_carea' id='block_1_64' title="bbox 138 3242 1696 3322">
    <p class='ocr_par' dir='ltr' id='par_1_64' title="bbox 138 3242 1696 3322">
     <span class='ocr_line' id='line_1_64' title="bbox 138 3242 1696 3322; baseline 0.007 -31"><span class='ocrx_word' id='word_1_471' title='bbox 138 3244 258 3311; x_wconf 65' lang='grc' dir='ltr'><strong>μάξει</strong></span> <span class='ocrx_word' id='word_1_472' title='bbox 304 3244 366 3311; x_wconf 68' lang='grc' dir='ltr'>ιο,</span> <span class='ocrx_word' id='word_1_473' title='bbox 430 3245 725 3298; x_wconf 75' lang='grc' dir='ltr'><strong>ἀκόλουθον</strong></span> <span class='ocrx_word' id='word_1_474' title='bbox 801 3242 961 3297; x_wconf 78' lang='grc' dir='ltr'><strong>οὖσαν</strong></span> <span class='ocrx_word' id='word_1_475' title='bbox 1027 3254 1089 3319; x_wconf 75' lang='grc' dir='ltr'><strong>τῇ</strong></span> <span class='ocrx_word' id='word_1_476' title='bbox 1166 3247 1483 3322; x_wconf 71' lang='grc' dir='ltr'><strong>Εὐαγγελικῇ</strong></span> <span class='ocrx_word' id='word_1_477' title='bbox 1566 3256 1696 3322; x_wconf 89' lang='grc' dir='ltr'><strong>Προ-</strong></span> 
     </span>
    </p>
   </div>
   <div class='ocr_carea' id='block_1_65' title="bbox 139 3334 1696 3409">
    <p class='ocr_par' dir='ltr' id='par_1_65' title="bbox 139 3334 1696 3409">
     <span class='ocr_line' id='line_1_65' title="bbox 139 3334 1696 3409; baseline 0.008 -31"><span class='ocrx_word' id='word_1_478' title='bbox 139 3340 414 3405; x_wconf 70' lang='grc' dir='ltr'><strong>παρασκευῇ.</strong></span> <span class='ocrx_word' id='word_1_479' title='bbox 465 3336 550 3387; x_wconf 85' lang='grc' dir='ltr'><strong>ὅτι</strong></span> <span class='ocrx_word' id='word_1_480' title='bbox 607 3337 639 3393; x_wconf 80' lang='grc' dir='ltr'>ἡ</span> <span class='ocrx_word' id='word_1_481' title='bbox 726 3338 825 3407; x_wconf 67' lang='grc' dir='ltr'><strong>μὲν</strong></span> <span class='ocrx_word' id='word_1_482' title='bbox 870 3335 1082 3407; x_wconf 65' lang='grc' dir='ltr'><strong>ὒεγχός</strong></span> <span class='ocrx_word' id='word_1_483' title='bbox 1151 3336 1263 3389; x_wconf 73' lang='grc' dir='ltr'><strong>ἔστι</strong></span> <span class='ocrx_word' id='word_1_484' title='bbox 1330 3334 1528 3409; x_wconf 84' lang='grc' dir='ltr'><strong>σχεδὸν</strong></span> <span class='ocrx_word' id='word_1_485' title='bbox 1600 3346 1696 3400; x_wconf 81' lang='grc' dir='ltr'><strong>τῆς</strong></span> 
     </span>
    </p>
   </div>
   <div class='ocr_carea' id='block_1_66' title="bbox 140 3418 1695 3500">
    <p class='ocr_par' dir='ltr' id='par_1_66' title="bbox 140 3418 1695 3500">
     <span class='ocr_line' id='line_1_66' title="bbox 140 3418 1695 3500; baseline 0.007 -30"><span class='ocrx_word' id='word_1_486' title='bbox 140 3418 341 3478; x_wconf 65' lang='grc' dir='ltr'><strong>Ἑλλήνων</strong></span> <span class='ocrx_word' id='word_1_487' title='bbox 368 3422 586 3489; x_wconf 78' lang='grc' dir='ltr'><strong>πλάνης,</strong></span> <span class='ocrx_word' id='word_1_488' title='bbox 622 3426 655 3481; x_wconf 83' lang='grc' dir='ltr'><strong>ἠ</strong></span> <span class='ocrx_word' id='word_1_489' title='bbox 693 3419 752 3477; x_wconf 66' lang='grc' dir='ltr'><strong>δι</strong></span> <span class='ocrx_word' id='word_1_490' title='bbox 782 3422 1062 3496; x_wconf 78' lang='grc' dir='ltr'><strong>βεϐαίωσις</strong></span> <span class='ocrx_word' id='word_1_491' title='bbox 1109 3433 1199 3477; x_wconf 81' lang='grc' dir='ltr'><strong>τοῦ</strong></span> <span class='ocrx_word' id='word_1_492' title='bbox 1242 3429 1581 3500; x_wconf 78' lang='grc' dir='ltr'><strong>κηρύγματος</strong></span> <span class='ocrx_word' id='word_1_493' title='bbox 1606 3435 1695 3481; x_wconf 84' lang='grc' dir='ltr'><strong>τοῦ</strong></span> 
     </span>
    </p>
   </div>
   <div class='ocr_carea' id='block_1_67' title="bbox 137 3508 443 3579">
    <p class='ocr_par' dir='ltr' id='par_1_67' title="bbox 137 3508 443 3579">
     <span class='ocr_line' id='line_1_67' title="bbox 137 3508 443 3579; baseline 0.02 -20"><span class='ocrx_word' id='word_1_494' title='bbox 137 3508 443 3579; x_wconf 58' lang='lat' dir='ltr'>ria-mlum}.</span> 
     </span>
    </p>
   </div>
   <div class='ocr_carea' id='block_1_68' title="bbox 868 3602 923 3656">
    <p class='ocr_par' dir='ltr' id='par_1_68' title="bbox 868 3602 923 3656">
     <span class='ocr_line' id='line_1_68' title="bbox 868 3602 923 3656; baseline 0 0"><span class='ocrx_word' id='word_1_495' title='bbox 868 3602 923 3656; x_wconf 77' lang='grc' dir='ltr'>Γ.</span> 
     </span>
    </p>
   </div>
   <div class='ocr_carea' id='block_1_69' title="bbox 190 3688 1696 3765">
    <p class='ocr_par' dir='ltr' id='par_1_69' title="bbox 190 3688 1696 3765">
     <span class='ocr_line' id='line_1_69' title="bbox 190 3688 1696 3765; baseline 0.005 -23"><span class='ocrx_word' id='word_1_496' title='bbox 190 3688 484 3760; x_wconf 72' lang='grc' dir='ltr'><strong>’Δνιγνὼσθη</strong></span> <span class='ocrx_word' id='word_1_497' title='bbox 537 3690 798 3745; x_wconf 68' lang='grc' dir='ltr'><strong>εὐσεϐίου</strong></span> <span class='ocrx_word' id='word_1_498' title='bbox 847 3693 878 3750; x_wconf 72' lang='grc' dir='ltr'><strong>ἦ</strong></span> <span class='ocrx_word' id='word_1_499' title='bbox 923 3692 1247 3765; x_wconf 78' lang='grc' dir='ltr'><strong>Εὐαγγελικὴ</strong></span> <span class='ocrx_word' id='word_1_500' title='bbox 1305 3692 1601 3759; x_wconf 79' lang='grc' dir='ltr'><strong>’Δπόδειξις</strong></span> <span class='ocrx_word' id='word_1_501' title='bbox 1648 3695 1696 3749; x_wconf 73' lang='grc' dir='ltr'><strong>ἕν</strong></span> 
     </span>
    </p>
   </div>
   <div class='ocr_carea' id='block_1_70' title="bbox 140 3774 417 3844">
    <p class='ocr_par' dir='ltr' id='par_1_70' title="bbox 140 3774 417 3844">
     <span class='ocr_line' id='line_1_70' title="bbox 140 3774 417 3844; baseline 0.011 -14"><span class='ocrx_word' id='word_1_502' title='bbox 140 3774 323 3844; x_wconf 71' lang='grc' dir='ltr'><strong>βιϐλίοις</strong></span> <span class='ocrx_word' id='word_1_503' title='bbox 349 3780 417 3835; x_wconf 83' lang='grc' dir='ltr'><strong>κ’.</strong></span> 
     </span>
    </p>
   </div>
   <div class='ocr_carea' id='block_1_71' title="bbox 848 3867 948 3925">
    <p class='ocr_par' dir='ltr' id='par_1_71' title="bbox 848 3867 948 3925">
     <span class='ocr_line' id='line_1_71' title="bbox 848 3867 948 3925; baseline 0 -1"><span class='ocrx_word' id='word_1_504' title='bbox 848 3867 948 3925; x_wconf 83' lang='grc' dir='ltr'>ΙΔ’.</span> 
     </span>
    </p>
   </div>
   <div class='ocr_carea' id='block_1_72' title="bbox 189 3953 1695 4036">
    <p class='ocr_par' dir='ltr' id='par_1_72' title="bbox 189 3953 1695 4036">
     <span class='ocr_line' id='line_1_72' title="bbox 189 3953 1695 4036; baseline 0.007 -30"><span class='ocrx_word' id='word_1_505' title='bbox 189 3953 483 4025; x_wconf 53' lang='lat' dir='ltr'>lyr/micet:</span> <span class='ocrx_word' id='word_1_506' title='bbox 505 3956 764 4012; x_wconf 79' lang='grc' dir='ltr'><strong>Εύσεϐίου</strong></span> <span class='ocrx_word' id='word_1_507' title='bbox 797 3957 1242 4020; x_wconf 76' lang='grc' dir='ltr'><strong>Ἐκκλησιαστικὴ</strong></span> <span class='ocrx_word' id='word_1_508' title='bbox 1278 3967 1695 4036; x_wconf 80' lang='grc' dir='ltr'><strong>Προπαρασκευὴ</strong></span> 
     </span>
    </p>
   </div>
   <div class='ocr_carea' id='block_1_73' title="bbox 136 4040 945 4119">
    <p class='ocr_par' dir='ltr' id='par_1_73' title="bbox 136 4040 945 4119">
     <span class='ocr_line' id='line_1_73' title="bbox 136 4040 945 4119; baseline 0.016 -24"><span class='ocrx_word' id='word_1_509' title='bbox 136 4042 173 4091; x_wconf 72' lang='grc' dir='ltr'>ὸ</span> <span class='ocrx_word' id='word_1_510' title='bbox 196 4040 483 4114; x_wconf 48' lang='lat' dir='ltr'>ﬁdium&quot;,</span> <span class='ocrx_word' id='word_1_511' title='bbox 520 4050 572 4101; x_wconf 72' lang='grc' dir='ltr'><strong>ἓν</strong></span> <span class='ocrx_word' id='word_1_512' title='bbox 604 4047 681 4107; x_wconf 82' lang='grc' dir='ltr'><strong>οἷς</strong></span> <span class='ocrx_word' id='word_1_513' title='bbox 710 4046 945 4119; x_wconf 72' lang='grc' dir='ltr'><strong>ἐκλογαί.</strong></span> 
     </span>
    </p>
   </div>
   <div class='ocr_carea' id='block_1_74' title="bbox 854 4136 949 4191">
    <p class='ocr_par' dir='ltr' id='par_1_74' title="bbox 854 4136 949 4191">
     <span class='ocr_line' id='line_1_74' title="bbox 854 4136 949 4191; baseline 0.021 -2"><span class='ocrx_word' id='word_1_514' title='bbox 854 4136 949 4191; x_wconf 84' lang='grc' dir='ltr'>ΙΒ’.</span> 
     </span>
    </p>
   </div>
   <div class='ocr_carea' id='block_1_75' title="bbox 190 4220 1698 4295">
    <p class='ocr_par' dir='ltr' id='par_1_75' title="bbox 190 4220 1698 4295">
     <span class='ocr_line' id='line_1_75' title="bbox 190 4220 1698 4295; baseline 0.003 -19"><span class='ocrx_word' id='word_1_515' title='bbox 190 4220 481 4295; x_wconf 68' lang='grc' dir='ltr'><strong>’Δνιγνὼσθη</strong></span> <span class='ocrx_word' id='word_1_516' title='bbox 515 4225 777 4281; x_wconf 83' lang='grc' dir='ltr'><strong>Εύσεϐίου</strong></span> <span class='ocrx_word' id='word_1_517' title='bbox 817 4226 1261 4287; x_wconf 77' lang='grc' dir='ltr'><strong>Ἐκκλησιαστικὴ</strong></span> <span class='ocrx_word' id='word_1_518' title='bbox 1316 4225 1612 4294; x_wconf 70' lang='grc' dir='ltr'><strong>Ἀπόδειξις</strong></span> <span class='ocrx_word' id='word_1_519' title='bbox 1649 4229 1698 4283; x_wconf 74' lang='grc' dir='ltr'><strong>ἐν</strong></span> 
     </span>
    </p>
   </div>
   <div class='ocr_carea' id='block_1_76' title="bbox 139 4306 390 4375">
    <p class='ocr_par' dir='ltr' id='par_1_76' title="bbox 139 4306 390 4375">
     <span class='ocr_line' id='line_1_76' title="bbox 139 4306 390 4375; baseline 0.02 -11"><span class='ocrx_word' id='word_1_520' title='bbox 139 4306 390 4375; x_wconf 68' lang='grc' dir='ltr'><strong>βιελίοις...</strong></span> 
     </span>
    </p>
   </div>
   <div class='ocr_carea' id='block_1_77' title="bbox 846 4402 945 4459">
    <p class='ocr_par' dir='ltr' id='par_1_77' title="bbox 846 4402 945 4459">
     <span class='ocr_line' id='line_1_77' title="bbox 846 4402 945 4459; baseline 0.02 -2"><span class='ocrx_word' id='word_1_521' title='bbox 846 4402 945 4459; x_wconf 77' lang='grc' dir='ltr'>Ιῐ”.</span> 
     </span>
    </p>
   </div>
   <div class='ocr_carea' id='block_1_78' title="bbox 1800 3240 3457 3318">
    <p class='ocr_par' dir='ltr' id='par_1_78' title="bbox 1800 3240 3457 3318">
     <span class='ocr_line' id='line_1_78' title="bbox 1800 3240 3457 3318; baseline -0.004 -17"><span class='ocrx_word' id='word_1_522' title='bbox 1800 3252 1937 3318; x_wconf 89' lang='lat' dir='ltr'>post</span> <span class='ocrx_word' id='word_1_523' title='bbox 1948 3245 2374 3315; x_wconf 83' lang='lat' dir='ltr'>Evangelicam</span> <span class='ocrx_word' id='word_1_524' title='bbox 2387 3243 2877 3313; x_wconf 66' lang='lat' dir='ltr'>Prwparationem</span> <span class='ocrx_word' id='word_1_525' title='bbox 2893 3240 3457 3313; x_wconf 82' lang='lat' dir='ltr'>consequiturzquod</span> 
     </span>
    </p>
   </div>
   <div class='ocr_carea' id='block_1_79' title="bbox 1800 3330 3449 3406">
    <p class='ocr_par' dir='ltr' id='par_1_79' title="bbox 1800 3330 3449 3406">
     <span class='ocr_line' id='line_1_79' title="bbox 1800 3330 3449 3406; baseline -0.002 -16"><span class='ocrx_word' id='word_1_526' title='bbox 1800 3334 1924 3390; x_wconf 69' lang='lat' dir='ltr'>haec</span> <span class='ocrx_word' id='word_1_527' title='bbox 1960 3334 2206 3406; x_wconf 92' lang='lat' dir='ltr'>quidem</span> <span class='ocrx_word' id='word_1_528' title='bbox 2246 3332 2626 3405; x_wconf 88' lang='lat' dir='ltr'>reprehensio</span> <span class='ocrx_word' id='word_1_529' title='bbox 2656 3332 2775 3386; x_wconf 84' lang='lat' dir='ltr'>fere</span> <span class='ocrx_word' id='word_1_530' title='bbox 2799 3333 2875 3386; x_wconf 86' lang='lat' dir='ltr'>sit</span> <span class='ocrx_word' id='word_1_531' title='bbox 2912 3331 3128 3387; x_wconf 88' lang='lat' dir='ltr'>erroris</span> <span class='ocrx_word' id='word_1_532' title='bbox 3161 3330 3449 3401; x_wconf 89' lang='lat' dir='ltr'>gentium,</span> 
     </span>
    </p>
   </div>
   <div class='ocr_carea' id='block_1_80' title="bbox 1801 3412 3169 3493">
    <p class='ocr_par' dir='ltr' id='par_1_80' title="bbox 1801 3412 3169 3493">
     <span class='ocr_line' id='line_1_80' title="bbox 1801 3412 3169 3493; baseline -0.004 -14"><span class='ocrx_word' id='word_1_533' title='bbox 1801 3423 1903 3480; x_wconf 90' lang='lat' dir='ltr'>illa</span> <span class='ocrx_word' id='word_1_534' title='bbox 1927 3438 2069 3479; x_wconf 86' lang='lat' dir='ltr'>vero</span> <span class='ocrx_word' id='word_1_535' title='bbox 2100 3412 2478 3479; x_wconf 87' lang='lat' dir='ltr'>conﬁrmatio</span> <span class='ocrx_word' id='word_1_536' title='bbox 2504 3419 2788 3493; x_wconf 63' lang='lat' dir='ltr'>praconii</span> <span class='ocrx_word' id='word_1_537' title='bbox 2819 3418 3169 3490; x_wconf 86' lang='lat' dir='ltr'>evangelici.</span> 
     </span>
    </p>
   </div>
   <div class='ocr_carea' id='block_1_81' title="bbox 2607 3601 2649 3655">
    <p class='ocr_par' dir='ltr' id='par_1_81' title="bbox 2607 3601 2649 3655">
     <span class='ocr_line' id='line_1_81' title="bbox 2607 3601 2649 3655; baseline 0 0"><span class='ocrx_word' id='word_1_538' title='bbox 2607 3601 2649 3655; x_wconf 83' lang='grc' dir='ltr'>Χ</span> 
     </span>
    </p>
   </div>
   <div class='ocr_carea' id='block_1_82' title="bbox 1877 3686 3457 3760">
    <p class='ocr_par' dir='ltr' id='par_1_82' title="bbox 1877 3686 3457 3760">
     <span class='ocr_line' id='line_1_82' title="bbox 1877 3686 3457 3760; baseline -0.001 -14"><span class='ocrx_word' id='word_1_539' title='bbox 1877 3690 2029 3747; x_wconf 90' lang='lat' dir='ltr'>Lecti</span> <span class='ocrx_word' id='word_1_540' title='bbox 2060 3693 2198 3745; x_wconf 90' lang='lat' dir='ltr'>sunt</span> <span class='ocrx_word' id='word_1_541' title='bbox 2237 3687 2471 3746; x_wconf 90' lang='lat' dir='ltr'>Eusebii</span> <span class='ocrx_word' id='word_1_542' title='bbox 2506 3688 2879 3760; x_wconf 59' lang='lat' dir='ltr'>Evangelia</span> <span class='ocrx_word' id='word_1_543' title='bbox 2924 3686 3457 3745; x_wconf 73' lang='lat' dir='ltr'>Demonstrationi:</span> 
     </span>
    </p>
   </div>
   <div class='ocr_carea' id='block_1_83' title="bbox 1806 3778 2353 3851">
    <p class='ocr_par' dir='ltr' id='par_1_83' title="bbox 1806 3778 2353 3851">
     <span class='ocr_line' id='line_1_83' title="bbox 1806 3778 2353 3851; baseline -0.004 -16"><span class='ocrx_word' id='word_1_544' title='bbox 1806 3779 1937 3836; x_wconf 90' lang='lat' dir='ltr'>libri</span> <span class='ocrx_word' id='word_1_545' title='bbox 1968 3779 2177 3850; x_wconf 87' lang='lat' dir='ltr'>viginti</span> <span class='ocrx_word' id='word_1_546' title='bbox 2218 3778 2353 3851; x_wconf 86' lang='lat' dir='ltr'>(l8).</span> 
     </span>
    </p>
   </div>
   <div class='ocr_carea' id='block_1_84' title="bbox 2580 3864 2680 3920">
    <p class='ocr_par' dir='ltr' id='par_1_84' title="bbox 2580 3864 2680 3920">
     <span class='ocr_line' id='line_1_84' title="bbox 2580 3864 2680 3920; baseline 0 0"><span class='ocrx_word' id='word_1_547' title='bbox 2580 3864 2680 3920; x_wconf 83' lang='grc' dir='ltr'>Χῐ.</span> 
     </span>
    </p>
   </div>
   <div class='ocr_carea' id='block_1_85' title="bbox 1880 3956 3454 4028">
    <p class='ocr_par' dir='ltr' id='par_1_85' title="bbox 1880 3956 3454 4028">
     <span class='ocr_line' id='line_1_85' title="bbox 1880 3956 3454 4028; baseline -0.003 -14"><span class='ocrx_word' id='word_1_548' title='bbox 1880 3958 2030 4015; x_wconf 85' lang='lat' dir='ltr'>Lecti</span> <span class='ocrx_word' id='word_1_549' title='bbox 2053 3961 2259 4013; x_wconf 89' lang='lat' dir='ltr'>suntet</span> <span class='ocrx_word' id='word_1_550' title='bbox 2286 3957 2522 4014; x_wconf 87' lang='lat' dir='ltr'>Eusebii</span> <span class='ocrx_word' id='word_1_551' title='bbox 2551 3956 2665 4028; x_wconf 87' lang='lat' dir='ltr'>(l9)</span> <span class='ocrx_word' id='word_1_552' title='bbox 2692 3956 3126 4012; x_wconf 66' lang='lat' dir='ltr'>Ecclesiasticae</span> <span class='ocrx_word' id='word_1_553' title='bbox 3148 3957 3454 4024; x_wconf 64' lang='lat' dir='ltr'>Praepara-</span> 
     </span>
    </p>
   </div>
   <div class='ocr_carea' id='block_1_86' title="bbox 1806 4046 3100 4119">
    <p class='ocr_par' dir='ltr' id='par_1_86' title="bbox 1806 4046 3100 4119">
     <span class='ocr_line' id='line_1_86' title="bbox 1806 4046 3100 4119; baseline -0.006 -13"><span class='ocrx_word' id='word_1_554' title='bbox 1806 4050 1982 4106; x_wconf 81' lang='lat' dir='ltr'>tionis</span> <span class='ocrx_word' id='word_1_555' title='bbox 2006 4047 2255 4104; x_wconf 91' lang='lat' dir='ltr'>libri.....</span> <span class='ocrx_word' id='word_1_556' title='bbox 2287 4048 2349 4102; x_wconf 88' lang='lat' dir='ltr'>in</span> <span class='ocrx_word' id='word_1_557' title='bbox 2388 4046 2610 4119; x_wconf 82' lang='lat' dir='ltr'>quibus</span> <span class='ocrx_word' id='word_1_558' title='bbox 2640 4049 2917 4114; x_wconf 85' lang='lat' dir='ltr'>excerpta</span> <span class='ocrx_word' id='word_1_559' title='bbox 2945 4048 3100 4098; x_wconf 87' lang='lat' dir='ltr'>sunt.</span> 
     </span>
    </p>
   </div>
   <div class='ocr_carea' id='block_1_87' title="bbox 2574 4134 3453 4189">
    <p class='ocr_par' dir='ltr' id='par_1_87' title="bbox 2574 4134 3453 4189">
     <span class='ocr_line' id='line_1_87' title="bbox 2574 4134 3453 4189; baseline -0.005 -1"><span class='ocrx_word' id='word_1_560' title='bbox 2574 4134 2683 4189; x_wconf 85' lang='lat' dir='ltr'>XII.</span> <span class='ocrx_word' id='word_1_561' title='bbox 3427 4160 3453 4184; x_wconf 79' lang='grc' dir='ltr'>ο</span> 
     </span>
    </p>
   </div>
   <div class='ocr_carea' id='block_1_88' title="bbox 1879 4220 3455 4283">
    <p class='ocr_par' dir='ltr' id='par_1_88' title="bbox 1879 4220 3455 4283">
     <span class='ocr_line' id='line_1_88' title="bbox 1879 4220 3455 4283; baseline -0.003 -1"><span class='ocrx_word' id='word_1_562' title='bbox 1879 4225 2032 4283; x_wconf 86' lang='lat' dir='ltr'>Lecti</span> <span class='ocrx_word' id='word_1_563' title='bbox 2056 4231 2195 4280; x_wconf 89' lang='lat' dir='ltr'>sunt</span> <span class='ocrx_word' id='word_1_564' title='bbox 2209 4224 2351 4280; x_wconf 88' lang='lat' dir='ltr'>item</span> <span class='ocrx_word' id='word_1_565' title='bbox 2373 4221 2614 4279; x_wconf 85' lang='lat' dir='ltr'>Eusebii</span> <span class='ocrx_word' id='word_1_566' title='bbox 2639 4220 3054 4277; x_wconf 71' lang='lat' dir='ltr'>Ecclesiaslicae</span> <span class='ocrx_word' id='word_1_567' title='bbox 3076 4220 3455 4277; x_wconf 81' lang='lat' dir='ltr'>Demonstra-</span> 
     </span>
    </p>
   </div>
   <div class='ocr_carea' id='block_1_89' title="bbox 1808 4314 2256 4374">
    <p class='ocr_par' dir='ltr' id='par_1_89' title="bbox 1808 4314 2256 4374">
     <span class='ocr_line' id='line_1_89' title="bbox 1808 4314 2256 4374; baseline -0.013 0"><span class='ocrx_word' id='word_1_568' title='bbox 1808 4316 1985 4374; x_wconf 79' lang='lat' dir='ltr'>tiom&#39;s</span> <span class='ocrx_word' id='word_1_569' title='bbox 2006 4314 2256 4370; x_wconf 89' lang='lat' dir='ltr'>libri.....</span> 
     </span>
    </p>
   </div>
   <div class='ocr_carea' id='block_1_90' title="bbox 2557 4400 2692 4457">
    <p class='ocr_par' dir='ltr' id='par_1_90' title="bbox 2557 4400 2692 4457">
     <span class='ocr_line' id='line_1_90' title="bbox 2557 4400 2692 4457; baseline -0.022 0"><span class='ocrx_word' id='word_1_570' title='bbox 2557 4400 2692 4457; x_wconf 83' lang='lat' dir='ltr'>XIII.</span> 
     </span>
    </p>
   </div>
   <div class='ocr_carea' id='block_1_91' title="bbox 191 4487 1694 4568">
    <p class='ocr_par' dir='ltr' id='par_1_91' title="bbox 191 4490 1694 4567">
     <span class='ocr_line' id='line_1_91' title="bbox 191 4490 1694 4567; baseline 0.006 -26"><span class='ocrx_word' id='word_1_571' title='bbox 191 4490 489 4561; x_wconf 72' lang='grc' dir='ltr'><strong>’Δνεγνώσθη</strong></span> <span class='ocrx_word' id='word_1_572' title='bbox 520 4492 783 4547; x_wconf 76' lang='grc' dir='ltr'><strong>Εὐσεϐίου</strong></span> <span class='ocrx_word' id='word_1_573' title='bbox 805 4492 1060 4565; x_wconf 77' lang='grc' dir='ltr'><strong>Ἐλέγχου</strong></span> <span class='ocrx_word' id='word_1_574' title='bbox 1086 4498 1174 4547; x_wconf 82' lang='grc' dir='ltr'><strong>καὶ</strong></span> <span class='ocrx_word' id='word_1_575' title='bbox 1220 4493 1526 4567; x_wconf 81' lang='grc' dir='ltr'><strong>’Δπολογίας</strong></span> <span class='ocrx_word' id='word_1_576' title='bbox 1554 4496 1694 4567; x_wconf 82' lang='grc' dir='ltr'><strong>λόγοι</strong></span> 
     </span>
    </p>
   </div>
   <div class='ocr_carea' id='block_1_92' title="bbox 1811 4487 3462 4568">
    <p class='ocr_par' dir='ltr' id='par_1_92' title="bbox 1882 4487 3462 4560">
     <span class='ocr_line' id='line_1_92' title="bbox 1882 4487 3462 4560; baseline -0.004 -10"><span class='ocrx_word' id='word_1_577' title='bbox 1882 4493 2035 4551; x_wconf 90' lang='lat' dir='ltr'>Lecti</span> <span class='ocrx_word' id='word_1_578' title='bbox 2087 4497 2230 4548; x_wconf 89' lang='lat' dir='ltr'>sunt</span> <span class='ocrx_word' id='word_1_579' title='bbox 2284 4489 2519 4547; x_wconf 88' lang='lat' dir='ltr'>Eusebii</span> <span class='ocrx_word' id='word_1_580' title='bbox 2585 4488 3026 4560; x_wconf 78' lang='lat' dir='ltr'>Confutalionis</span> <span class='ocrx_word' id='word_1_581' title='bbox 3064 4493 3117 4544; x_wconf 80' lang='lat' dir='ltr'>et</span> <span class='ocrx_word' id='word_1_582' title='bbox 3155 4487 3462 4557; x_wconf 63' lang='lat' dir='ltr'>Apologia!</span> 
     </span>
    </p>
   </div>
   <div class='ocr_carea' id='block_1_93' title="bbox 140 4572 1701 4660">
    <p class='ocr_par' dir='ltr' id='par_1_93' title="bbox 140 4572 1701 4660">
     <span class='ocr_line' id='line_1_93' title="bbox 140 4572 1701 4660; baseline 0.007 -32"><span class='ocrx_word' id='word_1_583' title='bbox 140 4572 231 4643; x_wconf 57' lang='grc' dir='ltr'><strong>δύο,</strong></span> <span class='ocrx_word' id='word_1_584' title='bbox 272 4586 354 4634; x_wconf 80' lang='grc' dir='ltr'>καὶ</span> <span class='ocrx_word' id='word_1_585' title='bbox 405 4583 571 4655; x_wconf 78' lang='grc' dir='ltr'><strong>ἕτεροι</strong></span> <span class='ocrx_word' id='word_1_586' title='bbox 627 4578 750 4647; x_wconf 82' lang='grc' dir='ltr'><strong>δύο,</strong></span> <span class='ocrx_word' id='word_1_587' title='bbox 813 4584 991 4645; x_wconf 82' lang='grc' dir='ltr'><strong>οἵτινες</strong></span> <span class='ocrx_word' id='word_1_588' title='bbox 1046 4586 1175 4655; x_wconf 88' lang='grc' dir='ltr'><strong>πρός</strong></span> <span class='ocrx_word' id='word_1_589' title='bbox 1232 4587 1353 4645; x_wconf 80' lang='grc' dir='ltr'><strong>τοὺς</strong></span> <span class='ocrx_word' id='word_1_590' title='bbox 1418 4589 1701 4660; x_wconf 83' lang='grc' dir='ltr'><strong>προτέρους</strong></span> 
     </span>
    </p>
   </div>
   <div class='ocr_carea' id='block_1_94' title="bbox 144 4661 1693 4747">
    <p class='ocr_par' dir='ltr' id='par_1_94' title="bbox 144 4661 1693 4747">
     <span class='ocr_line' id='line_1_94' title="bbox 144 4661 1693 4747; baseline 0.009 -33"><span class='ocrx_word' id='word_1_591' title='bbox 144 4661 279 4719; x_wconf 64' lang='grc' dir='ltr'>’ἓνοῆ</span> <span class='ocrx_word' id='word_1_592' title='bbox 318 4689 423 4723; x_wconf 80' lang='grc' dir='ltr'><strong>τισι</strong></span> <span class='ocrx_word' id='word_1_593' title='bbox 450 4674 638 4745; x_wconf 77' lang='grc' dir='ltr'><strong>ῥητοῖς</strong></span> <span class='ocrx_word' id='word_1_594' title='bbox 671 4671 1116 4745; x_wconf 75' lang='grc' dir='ltr'><strong>παραλλάσσοντες</strong></span> <span class='ocrx_word' id='word_1_595' title='bbox 1159 4672 1209 4724; x_wconf 74' lang='grc' dir='ltr'><strong>ἐν</strong></span> <span class='ocrx_word' id='word_1_596' title='bbox 1258 4680 1369 4735; x_wconf 87' lang='grc' dir='ltr'><strong>τοῖς</strong></span> <span class='ocrx_word' id='word_1_597' title='bbox 1416 4674 1586 4735; x_wconf 81' lang='grc' dir='ltr'><strong>ἄλλοις</strong></span> <span class='ocrx_word' id='word_1_598' title='bbox 1633 4684 1693 4747; x_wconf 80' lang='grc' dir='ltr'><strong>τῇ</strong></span> 
     </span>
    </p>
   </div>
   <div class='ocr_carea' id='block_1_95' title="bbox 144 4754 1699 4834">
    <p class='ocr_par' dir='ltr' id='par_1_95' title="bbox 144 4754 1699 4834">
     <span class='ocr_line' id='line_1_95' title="bbox 144 4754 1699 4834; baseline 0.005 -26"><span class='ocrx_word' id='word_1_599' title='bbox 144 4754 414 4819; x_wconf 52' lang='lat' dir='ltr'>filiuni</span> <span class='ocrx_word' id='word_1_600' title='bbox 443 4770 506 4833; x_wconf 73' lang='grc' dir='ltr'><strong>τῇ</strong></span> <span class='ocrx_word' id='word_1_601' title='bbox 544 4758 762 4833; x_wconf 78' lang='grc' dir='ltr'><strong>διανοίᾳ</strong></span> <span class='ocrx_word' id='word_1_602' title='bbox 804 4763 853 4813; x_wconf 85' lang='grc' dir='ltr'><strong>οἱ</strong></span> <span class='ocrx_word' id='word_1_603' title='bbox 885 4765 1031 4813; x_wconf 86' lang='grc' dir='ltr'><strong>αύτοί</strong></span> <span class='ocrx_word' id='word_1_604' title='bbox 1080 4762 1231 4819; x_wconf 87' lang='grc' dir='ltr'><strong>εἰσιν,</strong></span> <span class='ocrx_word' id='word_1_605' title='bbox 1265 4763 1480 4834; x_wconf 78' lang='grc' dir='ltr'><strong>Εὶσάγει</strong></span> <span class='ocrx_word' id='word_1_606' title='bbox 1532 4761 1590 4816; x_wconf 75' lang='grc' dir='ltr'>δὲ</span> <span class='ocrx_word' id='word_1_607' title='bbox 1631 4767 1699 4827; x_wconf 86' lang='grc' dir='ltr'><strong>ὡς</strong></span> 
     </span>
    </p>
   </div>
   <div class='ocr_carea' id='block_1_96' title="bbox 146 4842 1697 4925">
    <p class='ocr_par' dir='ltr' id='par_1_96' title="bbox 146 4842 1697 4925">
     <span class='ocr_line' id='line_1_96' title="bbox 146 4842 1697 4925; baseline 0.006 -30"><span class='ocrx_word' id='word_1_608' title='bbox 146 4842 218 4895; x_wconf 63' lang='grc' dir='ltr'>ἀπὸ</span> <span class='ocrx_word' id='word_1_609' title='bbox 244 4856 330 4898; x_wconf 72' lang='grc' dir='ltr'><strong>τῶν</strong></span> <span class='ocrx_word' id='word_1_610' title='bbox 356 4848 612 4907; x_wconf 77' lang='grc' dir='ltr'><strong>Ἑλλήνων</strong></span> <span class='ocrx_word' id='word_1_611' title='bbox 642 4852 788 4912; x_wconf 82' lang='grc' dir='ltr'><strong>τινὰς</strong></span> <span class='ocrx_word' id='word_1_612' title='bbox 818 4850 1040 4925; x_wconf 82' lang='grc' dir='ltr'><strong>ἀπορίας</strong></span> <span class='ocrx_word' id='word_1_613' title='bbox 1082 4854 1217 4903; x_wconf 88' lang='grc' dir='ltr'>κατὰ</span> <span class='ocrx_word' id='word_1_614' title='bbox 1264 4859 1359 4913; x_wconf 83' lang='grc' dir='ltr'><strong>τῆς</strong></span> <span class='ocrx_word' id='word_1_615' title='bbox 1408 4851 1697 4924; x_wconf 81' lang='grc' dir='ltr'>ἀμωμήτου</span> 
     </span>
    </p>
   </div>
   <div class='ocr_carea' id='block_1_97' title="bbox 149 4932 1699 5013">
    <p class='ocr_par' dir='ltr' id='par_1_97' title="bbox 149 4932 1699 5013">
     <span class='ocr_line' id='line_1_97' title="bbox 149 4932 1699 5013; baseline 0.003 -24"><span class='ocrx_word' id='word_1_616' title='bbox 149 4932 375 5001; x_wconf 61' lang='grc' dir='ltr'><strong>θρησκείας</strong></span> <span class='ocrx_word' id='word_1_617' title='bbox 418 4941 591 5011; x_wconf 75' lang='grc' dir='ltr'><strong>ἡμῶν,</strong></span> <span class='ocrx_word' id='word_1_618' title='bbox 648 4945 737 4991; x_wconf 79' lang='grc' dir='ltr'>καὶ</span> <span class='ocrx_word' id='word_1_619' title='bbox 786 4942 979 5003; x_wconf 88' lang='grc' dir='ltr'><strong>ταύτας</strong></span> <span class='ocrx_word' id='word_1_620' title='bbox 1033 4939 1216 5006; x_wconf 85' lang='grc' dir='ltr'><strong>καλῶς,</strong></span> <span class='ocrx_word' id='word_1_621' title='bbox 1274 4939 1315 4993; x_wconf 77' lang='grc' dir='ltr'><strong>εἰ</strong></span> <span class='ocrx_word' id='word_1_622' title='bbox 1371 4944 1460 4992; x_wconf 86' lang='grc' dir='ltr'><strong>καὶ</strong></span> <span class='ocrx_word' id='word_1_623' title='bbox 1516 4945 1586 5013; x_wconf 77' lang='grc' dir='ltr'><strong>μὴ</strong></span> <span class='ocrx_word' id='word_1_624' title='bbox 1650 4940 1699 4993; x_wconf 77' lang='grc' dir='ltr'><strong>ἓν</strong></span> 
     </span>
    </p>
   </div>
   <div class='ocr_carea' id='block_1_98' title="bbox 147 5025 1698 5103">
    <p class='ocr_par' dir='ltr' id='par_1_98' title="bbox 147 5025 1698 5103">
     <span class='ocr_line' id='line_1_98' title="bbox 147 5025 1698 5103; baseline 0.001 -24"><span class='ocrx_word' id='word_1_625' title='bbox 147 5028 285 5089; x_wconf 65' lang='grc' dir='ltr'><strong>τίσιν,</strong></span> <span class='ocrx_word' id='word_1_626' title='bbox 353 5026 621 5081; x_wconf 60' lang='lat' dir='ltr'>inlibera:</span> <span class='ocrx_word' id='word_1_627' title='bbox 697 5030 766 5084; x_wconf 78' lang='lat'>“.</span> <span class='ocrx_word' id='word_1_628' title='bbox 842 5034 946 5088; x_wconf 77' lang='grc' dir='ltr'>Τὴν</span> <span class='ocrx_word' id='word_1_629' title='bbox 1023 5025 1081 5082; x_wconf 76' lang='grc' dir='ltr'><strong>δε</strong></span> <span class='ocrx_word' id='word_1_630' title='bbox 1146 5030 1336 5103; x_wconf 79' lang='grc' dir='ltr'><strong>φράσιν</strong></span> <span class='ocrx_word' id='word_1_631' title='bbox 1402 5033 1496 5082; x_wconf 70' lang='grc' dir='ltr'>οὐκ</span> <span class='ocrx_word' id='word_1_632' title='bbox 1562 5032 1698 5083; x_wconf 75' lang='grc' dir='ltr'><strong>ἔστιν</strong></span> 
     </span>
    </p>
   </div>
   <div class='ocr_carea' id='block_1_99' title="bbox 1809 4575 3462 4650">
    <p class='ocr_par' dir='ltr' id='par_1_99' title="bbox 1809 4575 3462 4650">
     <span class='ocr_line' id='line_1_99' title="bbox 1809 4575 3462 4650; baseline -0.007 -10"><span class='ocrx_word' id='word_1_633' title='bbox 1809 4583 1942 4640; x_wconf 89' lang='lat' dir='ltr'>libri</span> <span class='ocrx_word' id='word_1_634' title='bbox 1967 4583 2109 4638; x_wconf 91' lang='lat' dir='ltr'>duo.</span> <span class='ocrx_word' id='word_1_635' title='bbox 2144 4581 2314 4637; x_wconf 80' lang='lat' dir='ltr'>Alteri</span> <span class='ocrx_word' id='word_1_636' title='bbox 2344 4582 2485 4636; x_wconf 91' lang='lat' dir='ltr'>item</span> <span class='ocrx_word' id='word_1_637' title='bbox 2515 4578 2659 4643; x_wconf 89' lang='lat' dir='ltr'>duo,</span> <span class='ocrx_word' id='word_1_638' title='bbox 2691 4577 2794 4650; x_wconf 90' lang='lat' dir='ltr'>qui</span> <span class='ocrx_word' id='word_1_639' title='bbox 2826 4592 2863 4633; x_wconf 92' lang='lat' dir='ltr'>a</span> <span class='ocrx_word' id='word_1_640' title='bbox 2894 4576 3192 4647; x_wconf 89' lang='lat' dir='ltr'>prioribus</span> <span class='ocrx_word' id='word_1_641' title='bbox 3221 4575 3462 4631; x_wconf 86' lang='lat' dir='ltr'>duobus</span> 
     </span>
    </p>
   </div>
   <div class='ocr_carea' id='block_1_100' title="bbox 1809 4663 3461 4739">
    <p class='ocr_par' dir='ltr' id='par_1_100' title="bbox 1809 4663 3461 4739">
     <span class='ocr_line' id='line_1_100' title="bbox 1809 4663 3461 4739; baseline -0.006 -11"><span class='ocrx_word' id='word_1_642' title='bbox 1809 4689 1946 4728; x_wconf 90' lang='lat' dir='ltr'>cum</span> <span class='ocrx_word' id='word_1_643' title='bbox 1975 4668 2407 4727; x_wconf 89' lang='lat' dir='ltr'>assertionibus</span> <span class='ocrx_word' id='word_1_644' title='bbox 2426 4667 2788 4739; x_wconf 88' lang='lat' dir='ltr'>quibusdam</span> <span class='ocrx_word' id='word_1_645' title='bbox 2819 4664 3119 4730; x_wconf 74' lang='lat' dir='ltr'>differant,</span> <span class='ocrx_word' id='word_1_646' title='bbox 3147 4664 3205 4718; x_wconf 91' lang='lat' dir='ltr'>in</span> <span class='ocrx_word' id='word_1_647' title='bbox 3232 4663 3461 4721; x_wconf 64' lang='lat' dir='ltr'>celeris</span> 
     </span>
    </p>
   </div>
   <div class='ocr_carea' id='block_1_101' title="bbox 1809 4751 3458 4830">
    <p class='ocr_par' dir='ltr' id='par_1_101' title="bbox 1809 4751 3458 4830">
     <span class='ocr_line' id='line_1_101' title="bbox 1809 4751 3458 4830; baseline -0.005 -13"><span class='ocrx_word' id='word_1_648' title='bbox 1809 4760 2043 4817; x_wconf 91' lang='lat' dir='ltr'>dicendi</span> <span class='ocrx_word' id='word_1_649' title='bbox 2075 4775 2310 4830; x_wconf 90' lang='lat' dir='ltr'>genere,</span> <span class='ocrx_word' id='word_1_650' title='bbox 2344 4773 2413 4813; x_wconf 92' lang='lat' dir='ltr'>ac</span> <span class='ocrx_word' id='word_1_651' title='bbox 2444 4772 2626 4812; x_wconf 90' lang='lat' dir='ltr'>sensu</span> <span class='ocrx_word' id='word_1_652' title='bbox 2672 4754 2852 4811; x_wconf 90' lang='lat' dir='ltr'>iidem</span> <span class='ocrx_word' id='word_1_653' title='bbox 2899 4758 3057 4809; x_wconf 90' lang='lat' dir='ltr'>sunt.</span> <span class='ocrx_word' id='word_1_654' title='bbox 3085 4751 3267 4810; x_wconf 73' lang='lat' dir='ltr'>Aﬂert</span> <span class='ocrx_word' id='word_1_655' title='bbox 3297 4768 3458 4822; x_wconf 89' lang='lat' dir='ltr'>vero,</span> 
     </span>
    </p>
   </div>
   <div class='ocr_carea' id='block_1_102' title="bbox 1811 4842 3462 4918">
    <p class='ocr_par' dir='ltr' id='par_1_102' title="bbox 1811 4842 3462 4918">
     <span class='ocr_line' id='line_1_102' title="bbox 1811 4842 3462 4918; baseline -0.005 -12"><span class='ocrx_word' id='word_1_656' title='bbox 1811 4855 1868 4905; x_wconf 90' lang='lat' dir='ltr'>ut</span> <span class='ocrx_word' id='word_1_657' title='bbox 1891 4850 1969 4906; x_wconf 93' lang='lat' dir='ltr'>ab</span> <span class='ocrx_word' id='word_1_658' title='bbox 1999 4848 2246 4905; x_wconf 89' lang='lat' dir='ltr'>ethnicis</span> <span class='ocrx_word' id='word_1_659' title='bbox 2267 4846 2551 4918; x_wconf 83' lang='lat' dir='ltr'>profecta,</span> <span class='ocrx_word' id='word_1_660' title='bbox 2576 4847 2931 4914; x_wconf 90' lang='lat' dir='ltr'>argumenta</span> <span class='ocrx_word' id='word_1_661' title='bbox 2956 4842 3232 4914; x_wconf 66' lang='lat' dir='ltr'>quaedam</span> <span class='ocrx_word' id='word_1_662' title='bbox 3254 4842 3329 4898; x_wconf 89' lang='lat' dir='ltr'>ad</span> <span class='ocrx_word' id='word_1_663' title='bbox 3341 4857 3462 4897; x_wconf 87' lang='lat' dir='ltr'>ver-</span> 
     </span>
    </p>
   </div>
   <div class='ocr_carea' id='block_1_103' title="bbox 1809 4931 3461 5004">
    <p class='ocr_par' dir='ltr' id='par_1_103' title="bbox 1809 4931 3461 5004">
     <span class='ocr_line' id='line_1_103' title="bbox 1809 4931 3461 5004; baseline -0.006 -10"><span class='ocrx_word' id='word_1_664' title='bbox 1809 4956 1910 4995; x_wconf 89' lang='lat' dir='ltr'>sus</span> <span class='ocrx_word' id='word_1_665' title='bbox 1934 4939 2229 4993; x_wconf 89' lang='lat' dir='ltr'>sinceram</span> <span class='ocrx_word' id='word_1_666' title='bbox 2256 4940 2521 4991; x_wconf 90' lang='lat' dir='ltr'>nostram</span> <span class='ocrx_word' id='word_1_667' title='bbox 2546 4933 2891 5004; x_wconf 90' lang='lat' dir='ltr'>religionem</span> <span class='ocrx_word' id='word_1_668' title='bbox 2920 4948 2933 4999; x_wconf 90' lang='lat'><strong>;</strong></span> <span class='ocrx_word' id='word_1_669' title='bbox 2957 4931 3289 5002; x_wconf 89' lang='lat' dir='ltr'>eademque</span> <span class='ocrx_word' id='word_1_670' title='bbox 3307 4934 3461 4985; x_wconf 86' lang='lat' dir='ltr'>recte</span> 
     </span>
    </p>
   </div>
   <div class='ocr_carea' id='block_1_104' title="bbox 1810 5018 3460 5099">
    <p class='ocr_par' dir='ltr' id='par_1_104' title="bbox 1810 5018 3460 5099">
     <span class='ocr_line' id='line_1_104' title="bbox 1810 5018 3460 5099; baseline -0.007 -15"><span class='ocrx_word' id='word_1_671' title='bbox 1810 5026 1906 5099; x_wconf 66' lang='lat' dir='ltr'>4b</span> <span class='ocrx_word' id='word_1_672' title='bbox 1951 5026 2086 5083; x_wconf 88' lang='lat' dir='ltr'>licet</span> <span class='ocrx_word' id='word_1_673' title='bbox 2138 5040 2259 5081; x_wconf 93' lang='lat' dir='ltr'>non</span> <span class='ocrx_word' id='word_1_674' title='bbox 2310 5038 2415 5096; x_wconf 88' lang='lat' dir='ltr'>per</span> <span class='ocrx_word' id='word_1_675' title='bbox 2470 5021 2694 5087; x_wconf 89' lang='lat' dir='ltr'>omnia,</span> <span class='ocrx_word' id='word_1_676' title='bbox 2727 5018 2961 5076; x_wconf 83' lang='lat' dir='ltr'>refellit.</span> <span class='ocrx_word' id='word_1_677' title='bbox 3007 5018 3215 5075; x_wconf 84' lang='lat' dir='ltr'>Phrasi</span> <span class='ocrx_word' id='word_1_678' title='bbox 3265 5031 3460 5089; x_wconf 89' lang='lat' dir='ltr'>neque</span> 
     </span>
    </p>
   </div>
   <div class='ocr_carea' id='block_1_105' title="bbox 1452 5203 2119 5263">
    <p class='ocr_par' dir='ltr' id='par_1_105' title="bbox 1452 5203 2119 5263">
     <span class='ocr_line' id='line_1_105' title="bbox 1452 5203 2119 5263; baseline -0.009 -1"><span class='ocrx_word' id='word_1_679' title='bbox 1452 5204 1685 5263; x_wconf 72' lang='lat' dir='ltr'><strong>VARI/E</strong></span> <span class='ocrx_word' id='word_1_680' title='bbox 1717 5203 2119 5263; x_wconf 85' lang='lat' dir='ltr'>LECTIONES.</span> 
     </span>
    </p>
   </div>
   <div class='ocr_carea' id='block_1_106' title="bbox 206 5318 3071 5405">
    <p class='ocr_par' dir='ltr' id='par_1_106' title="bbox 206 5318 3071 5405">
     <span class='ocr_line' id='line_1_106' title="bbox 206 5318 3071 5405; baseline 0.001 -25"><span class='ocrx_word' id='word_1_681' title='bbox 206 5326 235 5356; x_wconf 65' lang='grc' dir='ltr'>’τ</span> <span class='ocrx_word' id='word_1_682' title='bbox 262 5334 399 5399; x_wconf 69' lang='grc' dir='ltr'><strong>μόνον</strong></span> <span class='ocrx_word' id='word_1_683' title='bbox 425 5351 482 5395; x_wconf 78' lang='grc' dir='ltr'><strong>ς.</strong></span> <span class='ocrx_word' id='word_1_684' title='bbox 562 5331 610 5365; x_wconf 81' lang='grc'><strong><em>³⁸</em></strong></span> <span class='ocrx_word' id='word_1_685' title='bbox 641 5330 785 5401; x_wconf 67' lang='grc' dir='ltr'><strong>αὐτῷ</strong></span> <span class='ocrx_word' id='word_1_686' title='bbox 815 5330 1255 5404; x_wconf 85' lang='grc' dir='ltr'><strong>μυθολογούμενος</strong></span> <span class='ocrx_word' id='word_1_687' title='bbox 1284 5330 1438 5404; x_wconf 86' lang='grc' dir='ltr'><strong>λόγος</strong></span> <span class='ocrx_word' id='word_1_688' title='bbox 1464 5336 1581 5405; x_wconf 85' lang='grc' dir='ltr'><strong>περὶ</strong></span> <span class='ocrx_word' id='word_1_689' title='bbox 1608 5351 1665 5395; x_wconf 83' lang='grc' dir='ltr'><strong>ς.</strong></span> <span class='ocrx_word' id='word_1_690' title='bbox 1739 5331 1785 5365; x_wconf 79' lang='lat'><strong>”</strong></span> <span class='ocrx_word' id='word_1_691' title='bbox 1818 5335 1987 5402; x_wconf 74' lang='grc' dir='ltr'><strong>μωσσῖ</strong></span> <span class='ocrx_word' id='word_1_692' title='bbox 2012 5347 2066 5391; x_wconf 86' lang='grc' dir='ltr'>ς’.</span> <span class='ocrx_word' id='word_1_693' title='bbox 2146 5328 2194 5361; x_wconf 71' lang='grc' dir='ltr'>⁸ο</span> <span class='ocrx_word' id='word_1_694' title='bbox 2218 5324 2461 5397; x_wconf 74' lang='grc' dir='ltr'><strong>ὀνομάζει</strong></span> <span class='ocrx_word' id='word_1_695' title='bbox 2493 5341 2547 5385; x_wconf 82' lang='grc' dir='ltr'>ς’-</span> <span class='ocrx_word' id='word_1_696' title='bbox 2626 5322 2671 5357; x_wconf 76' lang='lat'>“</span> <span class='ocrx_word' id='word_1_697' title='bbox 2705 5318 2987 5374; x_wconf 68' lang='grc' dir='ltr'><strong>ἀπολύεται</strong></span> <span class='ocrx_word' id='word_1_698' title='bbox 3016 5338 3071 5382; x_wconf 75' lang='grc' dir='ltr'>ς.</span> 
     </span>
    </p>
   </div>
   <div class='ocr_carea' id='block_1_107' title="bbox 1669 5451 1898 5510">
    <p class='ocr_par' dir='ltr' id='par_1_107' title="bbox 1669 5451 1898 5510">
     <span class='ocr_line' id='line_1_107' title="bbox 1669 5451 1898 5510; baseline 0.004 -1"><span class='ocrx_word' id='word_1_699' title='bbox 1669 5454 1712 5509; x_wconf 88' lang='grc' dir='ltr'><strong>Ν</strong></span> <span class='ocrx_word' id='word_1_700' title='bbox 1718 5451 1898 5510; x_wconf 72' lang='grc' dir='ltr'>ΟΤᾹΞ.</span> 
     </span>
    </p>
   </div>
   <div class='ocr_carea' id='block_1_108' title="bbox 213 5574 1693 5649">
    <p class='ocr_par' dir='ltr' id='par_1_108' title="bbox 213 5574 1693 5649">
     <span class='ocr_line' id='line_1_108' title="bbox 213 5574 1693 5649; baseline 0.004 -22"><span class='ocrx_word' id='word_1_701' title='bbox 213 5574 316 5639; x_wconf 72' lang='lat' dir='ltr'>tm</span> <span class='ocrx_word' id='word_1_702' title='bbox 343 5575 518 5633; x_wconf 84' lang='lat' dir='ltr'>Plura</span> <span class='ocrx_word' id='word_1_703' title='bbox 563 5583 876 5635; x_wconf 88' lang='lat' dir='ltr'>enumerat</span> <span class='ocrx_word' id='word_1_704' title='bbox 925 5579 986 5634; x_wconf 88' lang='grc' dir='ltr'>Β.</span> <span class='ocrx_word' id='word_1_705' title='bbox 1030 5576 1260 5633; x_wconf 84' lang='lat' dir='ltr'>Hieron.</span> <span class='ocrx_word' id='word_1_706' title='bbox 1305 5577 1366 5633; x_wconf 91' lang='lat' dir='ltr'>in</span> <span class='ocrx_word' id='word_1_707' title='bbox 1416 5576 1693 5649; x_wconf 86' lang='lat' dir='ltr'>Catalogo</span> 
     </span>
    </p>
   </div>
   <div class='ocr_carea' id='block_1_109' title="bbox 248 5648 1281 5712">
    <p class='ocr_par' dir='ltr' id='par_1_109' title="bbox 248 5648 1281 5712">
     <span class='ocr_line' id='line_1_109' title="bbox 248 5648 1281 5712; baseline 0.003 -11"><span class='ocrx_word' id='word_1_708' title='bbox 248 5650 361 5712; x_wconf 80' lang='lat' dir='ltr'>.Bt,</span> <span class='ocrx_word' id='word_1_709' title='bbox 382 5656 435 5704; x_wconf 86' lang='lat' dir='ltr'>et</span> <span class='ocrx_word' id='word_1_710' title='bbox 463 5665 535 5706; x_wconf 83' lang='lat' dir='ltr'>ex</span> <span class='ocrx_word' id='word_1_711' title='bbox 560 5648 655 5706; x_wconf 91' lang='lat' dir='ltr'>illo</span> <span class='ocrx_word' id='word_1_712' title='bbox 686 5650 985 5712; x_wconf 86' lang='lat' dir='ltr'>Sophron.</span> <span class='ocrx_word' id='word_1_713' title='bbox 1009 5665 1077 5706; x_wconf 91' lang='lat' dir='ltr'>ac</span> <span class='ocrx_word' id='word_1_714' title='bbox 1118 5649 1281 5707; x_wconf 91' lang='lat' dir='ltr'>Suid.</span> 
     </span>
    </p>
   </div>
   <div class='ocr_carea' id='block_1_110' title="bbox 169 5654 1371 5793">
    <p class='ocr_par' dir='ltr' id='par_1_110' title="bbox 169 5654 1371 5793">
     <span class='ocr_line' id='line_1_110' title="bbox 248 5654 1281 5712; baseline 0.003 -11"><span class='ocrx_word' id='word_1_715' title='bbox 248 5654 361 5712; x_wconf 81' lang='lat' dir='ltr'>.Bt,</span> <span class='ocrx_word' id='word_1_716' title='bbox 382 5656 435 5704; x_wconf 86' lang='lat' dir='ltr'>et</span> <span class='ocrx_word' id='word_1_717' title='bbox 463 5665 535 5706; x_wconf 83' lang='lat' dir='ltr'>ex</span> <span class='ocrx_word' id='word_1_718' title='bbox 560 5654 655 5706; x_wconf 90' lang='lat' dir='ltr'>illo</span> <span class='ocrx_word' id='word_1_719' title='bbox 686 5654 763 5707; x_wconf 86' lang='lat' dir='ltr'>So</span> <span class='ocrx_word' id='word_1_720' title='bbox 814 5654 985 5706; x_wconf 88' lang='lat' dir='ltr'>hron.</span> <span class='ocrx_word' id='word_1_721' title='bbox 1009 5665 1077 5706; x_wconf 91' lang='lat' dir='ltr'>ac</span> <span class='ocrx_word' id='word_1_722' title='bbox 1118 5654 1281 5707; x_wconf 90' lang='lat' dir='ltr'>Suid.</span> 
     </span>
     <span class='ocr_line' id='line_1_111' title="bbox 169 5654 1371 5793; baseline -0.003 -12"><span class='ocrx_word' id='word_1_723' title='bbox 169 5654 302 5785; x_wconf 48' lang='lat' dir='ltr'>ait!)</span> <span class='ocrx_word' id='word_1_724' title='bbox 323 5719 503 5778; x_wconf 71' lang='lat' dir='ltr'>Hodie</span> <span class='ocrx_word' id='word_1_725' title='bbox 529 5723 740 5781; x_wconf 87' lang='lat' dir='ltr'>decem</span> <span class='ocrx_word' id='word_1_726' title='bbox 759 5666 1051 5781; x_wconf 55' lang='grc' dir='ltr'><strong>ἔποικοι</strong></span> <span class='ocrx_word' id='word_1_727' title='bbox 1074 5719 1371 5793; x_wconf 82' lang='lat' dir='ltr'>leguntur.</span> 
     </span>
    </p>
   </div>
   <div class='ocr_carea' id='block_1_111' title="bbox 1874 5564 3455 5653">
    <p class='ocr_par' dir='ltr' id='par_1_111' title="bbox 1874 5564 3455 5653">
     <span class='ocr_line' id='line_1_112' title="bbox 1874 5564 3455 5653; baseline -0.008 -22"><span class='ocrx_word' id='word_1_728' title='bbox 1874 5574 1987 5653; x_wconf 58' lang='lat' dir='ltr'>(t9)</span> <span class='ocrx_word' id='word_1_729' title='bbox 2042 5572 2371 5653; x_wconf 79' lang='lat' dir='ltr'>Utrumque</span> <span class='ocrx_word' id='word_1_730' title='bbox 2399 5570 2719 5653; x_wconf 72' lang='lat' dir='ltr'>hocopus.</span> <span class='ocrx_word' id='word_1_731' title='bbox 2773 5566 3105 5648; x_wconf 53' lang='lat' dir='ltr'>Ecclesiast:</span> <span class='ocrx_word' id='word_1_732' title='bbox 3135 5564 3455 5653; x_wconf 46' lang='lat' dir='ltr'>Iirggparat.</span> 
     </span>
    </p>
   </div>
   <div class='ocr_carea' id='block_1_112' title="bbox 1806 5636 3461 5716">
    <p class='ocr_par' dir='ltr' id='par_1_112' title="bbox 1806 5636 3461 5716">
     <span class='ocr_line' id='line_1_113' title="bbox 1806 5636 3461 5716; baseline -0.007 -12"><span class='ocrx_word' id='word_1_733' title='bbox 1806 5636 2304 5704; x_wconf 51' lang='lat' dir='ltr'>ac‘Démonstrat&#39;.</span> <span class='ocrx_word' id='word_1_734' title='bbox 2338 5636 2648 5711; x_wconf 85' lang='lat' dir='ltr'>intercidit,</span> <span class='ocrx_word' id='word_1_735' title='bbox 2690 5656 2887 5716; x_wconf 89' lang='lat' dir='ltr'>neque</span> <span class='ocrx_word' id='word_1_736' title='bbox 2918 5637 3191 5698; x_wconf 89' lang='lat' dir='ltr'>meminit</span> <span class='ocrx_word' id='word_1_737' title='bbox 3219 5636 3283 5695; x_wconf 66' lang='lat' dir='ltr'>Bl</span> <span class='ocrx_word' id='word_1_738' title='bbox 3330 5636 3461 5693; x_wconf 54' lang='lat' dir='ltr'>Hie.</span> 
     </span>
    </p>
   </div>
   <div class='ocr_carea' id='block_1_113' title="bbox 1806 5733 1939 5779">
    <p class='ocr_par' dir='ltr' id='par_1_113' title="bbox 1806 5733 1939 5779">
     <span class='ocr_line' id='line_1_114' title="bbox 1806 5733 1939 5779; baseline 0.023 -3"><span class='ocrx_word' id='word_1_739' title='bbox 1806 5733 1939 5779; x_wconf 85' lang='lat' dir='ltr'>ron.</span> 
     </span>
    </p>
   </div>
  </div>
