4046 6228
445 186 516 261 59
1685 206 1925 263 PHOTII
1969 203 2118 261 PAT]

2240 202 2453 259 RCH/E
2484 202 2590 260 ΟΡ.
3771 201 3856 256 60

561 422 913 480 Theodosius
966 335 1545 480 monaclfifsncontra
1571 422 1988 493 Philoponum.

519 582 718 638 Lecta.
754 586 845 637 est
895 581 1213 639 Theodosii
1245 583 1520 639 monachi
1582 598 1807 646 earum,
1872 598 2007 654 quas
2066 598 2103 637 a

446 672 674 727 Joanne
693 670 1024 743 Philopono
1054 671 1332 728 adductas
1359 678 1496 727 sunt
1516 672 1865 727 citationum
1894 672 2103 727 adver-

449 776 553 815 sus
566 775 885 831 corporum
902 760 1727 825 resurrectiemem,elaborata
1742 761 2101 829 Confutatio;

449 848 508 904 in
535 866 656 921 qua
685 854 743 905 et
778 849 910 905 loca
953 865 1136 906 sacra:
1167 850 1485 921 Scriptura
1518 856 1981 921 sanctorumque
2005 850 2106 903 Pa-

451 942 607 994 trum
634 938 895 1004 adducit,
929 939 1150 1011 quibus
1178 939 1421 995 Joannis
1439 939 1705 995 amentia
1733 937 2032 993 refellitur.

1189 1029 1365 1085 XXIII.

453 1115 729 1182 Cononis,
779 1116 1056 1188 Eugenii,
1124 1124 1180 1199 et
1255 1118 1563 1244 Ttliemistii
1608 1118 1671 1174 in
1711 1118 2107 1188 Philoponum

1126 1204 1289 1244 znvec
1321 1205 1450 1244 ww.

1126 1204 1450 1247 invecuvw.

525 1278 710 1333 Lectae
751 1281 892 1333 sunt.
929 1278 1206 1343 Cononis,
1263 1279 1503 1348 Eugenii
1530 1280 1663 1347 (31),
1715 1282 1771 1333 et
1812 1278 2112 1334 Themistii

453 1366 497 1420 A
509 1366 753 1421 dversus
765 1367 1021 1422 Joannis
1038 1368 1357 1434 Philoponi
1377 1367 1449 1423 de
1461 1368 1659 1424 carnis
1674 1368 2113 1424 Resurrectione

453 1454 851 1510 deliramenta
880 1456 1218 1525 Invectivaf,
1250 1455 1472 1527 quibus
1497 1454 1709 1511 acriter
1737 1455 1889 1511 adeo
1915 1456 2113 1528 ipsum

456 1542 839 1612 insectantur,
867 1548 928 1598 ut
956 1544 1135 1598 etiam
1167 1544 1468 1600 omninoa
1498 1544 1833 1601 Christiana
1865 1544 1984 1599 ﬁde
2015 1543 2116 1599 ab-

456 1630 693 1709 horrere
739 1630 1047 1687 hominem
1090 1633 1410 1697 at’ﬁrment,
1456 1633 1589 1689 licet
1625 1635 1718 1707 5b
1768 1635 1828 1689 in
1867 1649 1938 1688 eo
1977 1650 2113 1687 cum

457 1718 555 1774 illo
599 1720 898 1789 sentirent,
952 1721 1114 1792 quod
1147 1737 1253 1776 nec
1285 1722 1390 1793 ipsi
1432 1722 1762 1795 reciperent
1800 1722 2116 1778 Chalcedo-

458 1823 643 1863 nense
670 1809 1007 1866 concilium.

1197 1902 1376 1957 XXIV.

458 1985 613 2042 Acta
631 1986 1051 2055 disputationis
1080 1988 1489 2045 haereticorum
1517 2005 1716 2045 coram
1747 1989 1978 2046 Joanne
2001 2004 2104 2055 pa-

462 2060 469 2065 ‘
1077 2060 1343 2116 triarcha
1377 2062 1496 2116 ΟΡ.

534 2147 739 2201 Lectus
774 2145 922 2202 liber
953 2148 1092 2203 Acta
1145 2148 1455 2204 continens
1502 2148 1925 2219 disputationis
1954 2149 2115 2203 initas

463 2249 665 2290 coram
696 2234 808 2307 (32)
841 2237 1069 2291 Joanne
1115 2239 1289 2310 regite
1343 2238 1503 2294 urbis
1543 2240 1845 2311 episcopo,
1891 2238 2118 2293 Iustino

462 2322 811 2393 imperante,
868 2327 1024 2381 inter
1054 2327 1349 2384 Cononem
1401 2334 1454 2383 et
1482 2329 1594 2398 (33)
1640 2328 1965 2399 Eugenium
2005 2326 2121 2384 Tri-

466 2412 823 2484 theitas(3li).
842 2420 894 2469 et
919 2416 1178 2471 Paulum
1196 2431 1267 2472 ac
1279 2417 1637 2488 Stephanum
1651 2460 1665 2484 ,
1679 2417 1782 2491 qui
1800 2417 1977 2488 etipsi
2001 2419 2122 2472 Haa-

465 2499 772 2557 sitantium
796 2502 908 2575 (35)
931 2502 1005 2558 de
1022 2520 1273 2561 numero
1292 2512 1477 2561 erant.
1498 2507 1596 2561 Hic
1608 2508 1881 2561 visuntur
1893 2508 2118 2571 Conon,

465 2595 523 2645 et
548 2592 845 2662 Eugenius
867 2592 1197 2663 Philopono
1221 2595 1599 2665 patrocinari.
1628 2597 1774 2652 Cum
1796 2594 1954 2651 enim
1976 2596 2122 2650 Pau-

466 2677 558 2734 lus
576 2686 631 2734 et
648 2682 982 2753 Stephanus
1009 2682 1085 2737 ab
1118 2682 1262 2755 ipsis
1293 2684 1680 2756 postularent,
1705 2692 1765 2740 ut
1790 2686 2123 2757 Philopono

469 2768 789 2825 anathema
821 2770 1101 2836 dicerent,
1142 2778 1506 2829 recusarunt.
1542 2776 1693 2839 Quin
1734 2781 1790 2830 et
1821 2776 2126 2846 proferunt

467 2858 828 2924 testimonia,
861 2861 1021 2932 quod
1055 2878 1190 2916 cum
1241 2865 1454 2918 Severo
1499 2870 1555 2919 et
1592 2865 1923 2919 Theodosio
1971 2865 2127 2936 ipso-

473 2962 605 3001 rum
624 2948 1108 3019 praeceptoribus,
1125 2950 1335 3005 eadem
1353 2952 1613 3006 sentiret.
1631 2952 1695 3005 Hi
1710 2953 1945 3023 quidem
1972 2951 2121 3006 mul-

2952 328 3073 384 ΚΕΖ

2337 415 2620 472 Θεοδοσίου
2648 419 2957 493 μονάζοντος
2986 421 3124 493 κατα
3151 426 3240 471 τοῦ
3275 418 3553 474 Φιλοπόνου
3584 438 3729 493 περι

2727 491 3087 552 Ἀναστάσεως
3116 491 3293 562 λόγου.

2285 579 2605 652 Ἀνεγνὼσθη
2639 577 2935 634 Θεοδοσίου
2979 581 3287 652 μονάζοντος
3330 589 3428 633 τὼν
3466 579 3562 652 [16
3606 578 3714 653 3.]
3772 584 3860 647 τῷ

2213 668 2474 739 Φιλοπόνῳ
2516 671 2723 743 Ἰωάννη
2768 670 3200 741 παραληφθέντων
3241 676 3485 743 χρήσεων
3536 671 3691 721 κατὰ
3746 676 3861 726 τῆς

2214 766 2311 810 τῶν
2366 760 2619 830 σωμάτων
2660 757 2993 819 ἀναστάσεως
3047 756 3445 830 ἓσπουδασμένη
3489 758 3851 829 Ἀνατροπή,

2214 851 2303 899 καὶ
2338 848 2629 919 παράθεσις
2668 848 2837 922 ῥητῶν
2888 852 3155 919 Γραφικῶν
3197 867 3249 900 τι
3294 852 3382 899 καὶ
3432 854 3723 919 πατρικῶν
3773 844 3857 905 εὶς

2214 935 2427 1008 ἷλεγχον
2457 943 2547 998 τῆς
2574 936 2811 991 Ἰωάννου
2838 938 3214 1008 ματαιοπονίας
3242 939 3312 989 ⁵¹.

2966 1024 3084 1077 ΚΓ.

2219 1118 2468 1181 Κόνωνος,
2499 1117 2583 1166 καὶ
2619 1113 2877 1183 Εὐγενίου,
2912 1118 3003 1165 καὶ
3035 1117 3322 1184 Θεμιστίου
3352 1116 3489 1165 κατὰ
3530 1122 3634 1173 τῆς
3668 1110 3858 1169 αὐτῆς

2642 1193 2734 1238 τοῦ
2762 1184 2997 1238 Ἰωάννου
3019 1189 3393 1260 πραγματείας.

2291 1275 2617 1345 Ἀνεγνὼσθη
2675 1279 2899 1335 Κόνωνος
2950 1278 3040 1327 καὶ
3091 1274 3333 1345 Εύγενίου
3388 1278 3477 1325 καὶ
3524 1277 3854 1345 Θεμιστίου

2224 1366 2367 1416 Κατά
2408 1366 2667 1429 Ἰωάννου,
2718 1368 2810 1422 τὴν
2859 1368 2975 1435 πιρὶ
3025 1362 3357 1424 ἀναστάσεως
3406 1362 3574 1415 αὐτοῦ
3607 1381 3853 1433 ματαιο-

2222 1458 2400 1506 πονίαν
2430 1455 2477 1488 "
2509 1452 2909 1511 στηλιτευόντων
2942 1472 2954 1484 ο
2988 1451 3037 1503 ἐν
3066 1454 3138 1513 οἷς
3164 1452 3352 1510 πολλὴν
3370 1452 3533 1503 αὐτοῦ
3556 1447 3853 1523 καταδρο-

2223 1547 2325 1615 μὴν
2356 1550 2643 1603 ποιοῦνται,
2676 1544 2809 1595 ὥστε
2835 1547 2924 1593 καὶ
2953 1540 3218 1616 ἀλλότριον
3254 1541 3413 1613 λέγειν
3446 1544 3608 1593 αὑτὸν
3637 1559 3849 1592 παντε-

2224 1632 2323 1693 λῶς
2344 1640 2433 1684 τοῦ
2465 1628 2731 1702 δόγματος
2753 1640 2850 1683 τῶν
2881 1639 3225 1703 Χριστιανῶν.
3262 1636 3443 1685 Καίτοι
3472 1635 3565 1683 καὶ
3600 1630 3767 1682 αὐτοὶ
3796 1631 3845 1664 ⁸³

2227 1731 2321 1783 τῆς
2364 1722 2527 1782 αὐτῆς
2561 1721 2701 1792 αύτῷ
2746 1718 2908 1783 δοξης
2944 1720 3261 1785 ἐκοινώνουν,
3293 1725 3380 1778 τὴν
3410 1719 3459 1772 ἐν
3491 1716 3847 1787 Χαλκηδόνι,

2228 1814 2291 1871 ὡς
2319 1809 2525 1880 ἔχιίνος,
2554 1811 2614 1864 ού
2644 1806 3069 1883 παραδεχόμενοι
3111 1806 3353 1862 σύνοδον.

2973 1898 3091 1953 ΚΔ’.

2229 1992 2500 2066 Πρακτιιιά
2542 1988 2625 2043 ἰπὶ
2655 1994 2921 2064 παρουσίᾳ
2956 1988 3191 2066 Ἰωάννου
3225 1987 3515 2040 ἐπισκόπου
3548 1993 3847 2041 Karsten!-

2847 2060 3202 2121 τινουπόλεως.

2301 2151 2630 2222 Ἀνεγνώσθη
2706 2149 2906 2223 βιϐλίον
2981 2153 3102 2221 ἕχον
3157 2151 3492 2224 πεπραγμένα
3552 2150 3842 2199 συστάντα

2228 2242 2371 2312 παρὰ
2407 2248 2477 2309 τῷ
2524 2248 2612 2299 τῆς
2670 2234 2951 2311 βασιλίδος
3003 2237 3267 2307 ἐπισκόπῳ
3326 2237 3557 2308 Ἰωάννη,
3600 2237 3835 2288 Ἰούστί-

2228 2346 2316 2379 νου
2368 2326 2736 2399 βασιλεύοντος
2785 2345 2796 2357 ·
2834 2328 2985 2380 άτινα
3030 2330 3355 2384 συνέστησαν
3408 2325 3602 2397 μεταξύ
3661 2329 3837 2378 Κόνω-

2231 2436 2308 2477 νος
2337 2422 2426 2469 καὶ
2456 2416 2697 2487 Εύγινίου
2742 2424 2840 2468 τῶν
2887 2418 3164 2488 Τριθεῑτῶν
3214 2418 3303 2466 καὶ
3353 2413 3556 2467 Παύλου
3589 2419 3683 2465 καὶ
3716 2420 3842 2466 2t:-

2232 2507 2411 2577 φάνου,
2465 2510 2553 2557 καὶ
2601 2505 2767 2557 αὐτῶν
2820 2514 2910 2565 τῆς
2966 2512 3065 2555 τῶν
3116 2500 3522 2579 διακρινομένων
3579 2504 3843 2575 αἱρέσεως

2236 2599 2615 2667 τυγχανόντων.
2675 2595 2759 2647 Ἐν
2807 2595 2845 2665 ᾧ
2904 2600 3169 2666 φαίνονται
3218 2594 3267 2628 ιιι
3316 2598 3482 2645 Κόνων
3533 2596 3621 2644 καὶ

2232 2704 2337 2745 νιος
2391 2682 2803 2756 ἀντιποιούμενοι
2855 2691 2946 2736 τοῦ
3003 2682 3283 2737 Φιλοπόνου
3337 2701 3352 2714 ·
3408 2689 3506 2733 τῶν
3559 2683 3661 2753 γὰρ
3711 2684 3840 2753 περὶ

2237 2773 2434 2825 Παῦλον
2488 2779 2578 2826 καὶ
2644 2778 2887 2845 Στέφανον
2962 2770 3315 2824 ἀπαιτούντων
3388 2770 3570 2830 αύτούς
3646 2767 3843 2821 ἀναθε-

2233 2867 2455 2934 ματίσαι
2507 2865 2592 2913 τόν
2643 2862 2915 2915 Φιλόπονον
2949 2862 3016 2923 ⁵⁸,
3046 2861 3190 2914 οὗτοι
3216 2863 3309 2912 ούκ
3340 2860 3648 2929 ἠνέσχοντο,
3704 2856 3847 2909 ἀλλὰ

2234 2956 2323 3002 καὶ
2377 2951 2715 3023 προεκόμιζον
2761 2955 3053 3024 μαρτυρίας
3101 2950 3170 3010 ὡς
3224 2944 3436 3020 συνῳδὰ
3484 2946 3694 3021 Σεϐήρῳ
3749 2952 3846 2999 καὶ

475 3041 564 3090 tas
606 3036 663 3090 in
700 3036 1046 3105 theologicis
1078 3040 1204 3108 pias
1235 3055 1411 3093 voces
1445 3040 1747 3104 adhibent,
1786 3046 1846 3093 ut
1886 3042 2118 3096 Trinita-

2240 3036 2505 3111 Θεοδοσίῳ
2559 3048 2665 3101 τοῖς
2714 3040 2903 3092 ἑαυτῶν
2953 3045 3127 3112 φρονεῖ
3172 3034 3533 3097 διδασκάλοις.
3578 3036 3748 3088 Οὗτοι
3783 3032 3848 3088 δι

475 3129 591 3179 tem
623 3125 1192 3181 consubstantialem
1219 3128 1778 3200 esse.ejusdemque
1804 3136 2043 3199 naturae,
2071 3136 2127 3185 et

477 3228 665 3267 unum
698 3212 907 3278 Deum,
943 3230 1246 3288 unamque
1278 3216 1639 3273 divinitatem
1667 3236 1679 3285 ;
1707 3218 2130 3289 blasphemant

474 3316 637 3365 vero,
672 3302 819 3358 dum
850 3302 1017 3359 aiunt
1044 3305 1269 3362 Patrem
1297 3312 1353 3361 et
1375 3306 1582 3361 Filium
1609 3314 1666 3362 et
1697 3304 1973 3379 Spiritum
1998 3324 2131 3363 san-

475 3395 636 3446 ctum
680 3391 950 3463 partiales
976 3409 1106 3449 esse
1134 3394 1519 3463 substantias,
1570 3398 1957 3470 propriasque
1986 3396 2129 3453 divi-

476 3480 711 3545 nitates,
749 3482 1094 3553 etproprias
1126 3490 1391 3540 naturas.
1413 3484 1499 3539 Ita
1539 3500 1739 3541 secum
1774 3486 2134 3557 ipsi,etcum

479 3568 721 3625 veritate
742 3576 1099 3643 pugnantes,
1130 3572 1248 3628 alia
1264 3572 1439 3645 plura
1461 3572 1521 3628 id
1539 3589 1727 3644 genus
1744 3575 2136 3632 deliramenta

482 3658 808 3730 proferunt.

480 3819 538 3873 S.
579 3819 831 3876 Joannis
871 3751 1623 3890 Chrysostomigiiymortem
1661 3831 1714 3879 et
1748 3827 2139 3883 ascensionem

625 3892 874 3957 Christi,
907 3895 1160 3965 itemque
1191 3897 1251 3949 in
1292 3895 1651 3951 Pentecosten
1682 3899 1995 3953 orationes.

556 3981 831 4050 Legimus
846 3983 1245 4054 Chrysostomi
1263 3984 1506 4039 nomine
1526 3984 1872 4057 inscriptum
1896 3986 2137 4053 librum,

480 4069 824 4128 Notationes
857 4072 919 4127 in
968 4079 1213 4129 mortem
1240 4074 1485 4130 Christi.
1523 4075 1672 4131 Sunt
1701 4082 1897 4131 autem
1927 4076 2140 4132 breves

484 4161 780 4216 orationes
806 4162 943 4217 dum
964 4168 1019 4217 et
1054 4163 1269 4233 viginti.
1297 4165 1596 4219 Habentur
1624 4170 1681 4220 et
1707 4166 1764 4220 in
1798 4166 2007 4221 eodem
2039 4182 2139 4222 vo-

483 4246 709 4302 lumine
740 4248 961 4303 similes
990 4264 1002 4301 :
1036 4250 1105 4304 In
1139 4254 1535 4307 ascensionem
1574 4253 1804 4308 Domini
1828 4254 1959 4309 alias
2004 4255 2137 4311 duas

2236 3132 2325 3190 τὰς
2361 3132 2450 3200 μὲν
2481 3129 2635 3191 ἄλλας
2665 3134 2782 3203 περὶ
2813 3134 2905 3186 τὸν
2938 3128 3199 3199 θεολογίαν
3232 3131 3435 3199 λέγουσι
3480 3128 3653 3198 φωνὰς
3694 3125 3849 3177 εύσε⁹

2238 3217 2363 3283 ϐεῑς,
2394 3214 2603 3291 Τριάδα
2629 3219 2904 3289 ὁμοούσιον
2938 3222 3028 3269 καὶ
3060 3218 3287 3288 ὀμοφυῆ,
3335 3221 3424 3267 καὶ
3457 3217 3575 3268 Θεὸν
3608 3217 3722 3279 ἕνα,
3756 3218 3851 3265 καὶ

2238 3312 2361 3380 μίαν
2394 3309 2613 3365 θεότητα
2642 3325 2667 3349 ἰ
2686 3305 3063 3379 βλασφημοῦσι
3090 3302 3148 3359 δι
3168 3305 3392 3375 λέγοντες
3415 3302 3849 3375 μερικὰςούσίας

2240 3401 2330 3448 καὶ
2362 3392 2537 3456 ἰδικάς
2569 3398 2816 3458 θεότητας
2843 3400 2931 3448 καὶ
2967 3391 3139 3455 ἰδικὰς
3181 3397 3359 3466 φύσεις
3388 3391 3442 3466 [7
3479 3390 3570 3465 Η.]
3605 3395 3699 3443 τὸν
3738 3398 3855 3457 Πα-

2242 3490 2365 3558 τέρα
2387 3491 2476 3537 καὶ
2502 3488 2586 3537 τὸν
2612 3487 2729 3537 Υἰόν
2759 3489 2849 3537 καὶ
2888 3504 2946 3537 το
2989 3484 3138 3556 άγιον
3166 3491 3395 3553 Πνεῦμα,
3434 3481 3640 3542 ἑαυτοῖς
3670 3499 3725 3533 τε
3759 3486 3857 3532 καὶ

2244 3584 2305 3649 τῇ
2338 3575 2554 3648 ἀληθείᾳ
2597 3580 2911 3647 μαχόμενοι.
2963 3580 3061 3628 Καὶ
3106 3574 3233 3625 ἄλλα
3264 3573 3397 3624 ἄττα
3424 3571 3649 3645 ληροῦσι
3678 3589 3855 3644 παρα-

2245 3665 2448 3723 πλήσια
2470 3667 2667 3727 ταύτης
2691 3672 2781 3724 τῆς
2810 3669 3181 3736 ματαιότητος.

2988 3750 3109 3807 κε’.

2248 3850 2350 3897 Τοῦ
2371 3846 2756 3916 Χρυσοστόμου
2780 3841 2846 3916 ιίς
2868 3844 2954 3894 τὸν
2979 3842 3215 3906 θάνατον,
3235 3838 3426 3916 καὶείς
3447 3840 3541 3896 τήν
3565 3834 3776 3909 ἀνάληψ
3788 3858 3859 3902 ιν,

2688 3918 2777 3966 καὶ
2802 3913 2870 3973 εἰς
2900 3918 2992 3971 την
3020 3915 3403 3969 Πιντηκοστήν.

2324 4003 2646 4073 Ἀνιγνώσθη
2692 4008 2783 4055 τού
2814 4006 3197 4074 Χρυσοστόμου
3228 3999 3517 4072 ἐπιγραφὴν
3557 4000 3685 4069 ἔχον
3711 4003 3862 4069 Σχό-

2250 4092 2337 4145 λια
2378 4093 2425 4127 ⁸⁸
2454 4091 2527 4152 εἰς
2548 4094 2635 4143 τὸν
2679 4093 2913 4151 θάνατον,
2948 4090 3093 4161 λόγοι
3122 4091 3169 4126 ⁵⁷
3200 4093 3374 4163 μικροὶ
3400 4091 3568 4141 εἰκοσι
3599 4082 3716 4140 δύο.
3752 4094 3865 4141 Καὶ

2253 4181 2300 4234 ἓν
2330 4190 2399 4253 τῷ
2429 4184 2569 4249 αύτῷ
2593 4180 2735 4251 λόγοι
2764 4179 3130 4253 παραπλήσιοι
3181 4178 3262 4238 Εἰς
3307 4182 3400 4235 τὴν
3448 4175 3703 4246 ἀνάληψιν
3758 4185 3865 4228 τοῦ

2255 4276 2449 4346 Κυρίου
2502 4268 2613 4343 ιβ’,
2662 4273 2751 4322 καὶ
2789 4272 2865 4322 ἔτι
2909 4269 2993 4331 Εἰς
3046 4272 3139 4327 τήν
3186 4271 3548 4326 Πεντηκοστὴν
3598 4267 3863 4328 ὡσαύτως

488 4341 543 4390 et
571 4334 777 4404 viginti
810 4354 822 4404 ;
856 4341 913 4391 et
943 4338 1004 4391 in
1047 4339 1430 4395 Pentecosten
1458 4355 1701 4411 quoque
1731 4344 2030 4398 orationes
2060 4360 2118 4400 se

2252 4334 2399 4432 λόγοι
2426 4358 2513 4423 ιζ’.

489 4422 871 4497 ptemdecim.

1830 4538 2064 4594 VARI/E
2105 4540 2401 4598 LECTION
2410 4540 2508 4595 ES.

562 4649 605 4684 ⁵1
636 4652 983 4723 ματαιότητος
1006 4670 1061 4723 ς.
1172 4651 1219 4685 ⁵³
1250 4649 1620 4723 ματαιολογίαν
1649 4673 1704 4717 ς’.

492 4720 542 4756 ⁸⁸
575 4719 789 4793 σχόλιον
818 4741 871 4785 ς’.
950 4722 997 4757 ⁸⁷
1022 4720 1156 4793 λόγῳ
1184 4742 1237 4786 ς’.

1816 4655 1862 4689 ⁸⁸
1887 4654 2056 4729 αὐτοὶ]
2092 4656 2235 4709 οὗτοι
2264 4663 2322 4710 Δ.

2436 4654 2483 4689 ⁸⁴
2512 4656 2744 4724 φαίνεται
2777 4657 2838 4706 Δ.
2937 4651 2984 4686 ⁸⁵
3021 4648 3320 4721 Φίλόπονον]
3377 4647 3631 4702 Φίλιππον
3662 4662 3756 4719 pr.
3794 4653 3867 4706 Α.

2087 4841 2309 4901 ΝΟΤᾸΞ.

562 4972 676 5044 (31)
704 4972 878 5048 cujus
918 4988 1040 5029 non
1071 4976 1252 5048 semel
1282 4975 1552 5048 meminit
1583 4977 1888 5048 Nicephor.
1924 4978 2144 5035 Callist.

493 5045 850 5123 Themistius
878 5050 1076 5123 autem
1099 5046 1250 5102 idem
1273 5047 1504 5123 videtur
1521 5049 1635 5123 ille,
1659 5045 1944 5123 adversus
1966 5066 2148 5123 quem

495 5117 729 5188 scripsit
752 5116 1096 5172 Theodorus
1142 5119 1418 5174 monach.
1452 5118 1555 5174 inf.
1599 5119 1725 5176 cod.
1761 5122 1939 5176 CVIII.
1974 5116 2146 5177 Card.

496 5190 1027 5317 pgrgoggrghépro
1043 5191 1303 5262 Eugenio
1321 5190 1639 5263 Evragium
1654 5192 2004 5257 habet,tom.
2026 5193 2147 5258 VII,

570 5331 682 5402 (32)
707 5331 834 5387 Fuit
855 5332 2149 5400 hicJoannesIIl,cognomentoScholasticus,

500 5401 610 5457 sub
636 5403 871 5475 Iustino
902 5403 1147 5469 minore,
1198 5404 1272 5458 de
1302 5420 1422 5475 quo
1454 5406 1631 5461 etiam
1681 5405 1783 5460 inf.
1820 5404 1927 5460 cod
1956 5407 2151 5462 LXXV.

499 5475 714 5529 Baron.
738 5474 900 5529 card.
935 5481 974 5531 t.
1002 5476 1110 5538 VII,
1145 5476 1220 5529 ad
1253 5474 1409 5531 aIC.
1446 5477 1566 5533 564.

571 5545 1036 5617 (33)μΕνιιιζι·ἱιιω
1069 5546 1340 5601 nominat
1389 5550 1451 5605 ι).
1499 5551 1703 5605 Baron.
1738 5547 1899 5603 card.
1934 5546 2010 5603 ad
2050 5563 2153 5605 an-

500 5614 648 5675 nu‘m
666 5614 885 5675 Christi
916 5622 1039 5682 535,
1074 5624 1221 5676 tom.
1254 5617 1365 5673 VII.

2331 4977 2445 5048 (34)
2480 4976 2566 5031 Ita
2610 4971 2922 5044 Philoponi
2972 4974 3289 5048 sectatores
3337 4967 3497 5048 dicti,
3530 4965 3698 5048 quod
3745 4970 3877 5023 tres

2261 5038 2503 5104 naturas
2533 5048 2589 5100 in
2621 5038 3007 5100 sacrosancta
3030 5038 3699 5119 Trinitateproﬁtendas
3723 5054 3880 5095 cen-

2260 5121 2500 5175 suerint.
2534 5120 2734 5173 I.eont.
2768 5122 2878 5171 act.
2909 5119 2963 5183 5,
2996 5120 3262 5170 extremo
3288 5109 3533 5184 Niceph.
3561 5109 3665 5165 lib.
3702 5125 3871 5174 xvui,

2261 5208 2393 5255 cap.
2436 5190 2524 5255 49,
2558 5188 2707 5255 lege.

2338 5209 2393 5262 p.
2436 5204 2524 5255 49,
2558 5204 2707 5257 iege.

2334 5262 2445 5332 (35)
2479 5261 2601 5325 Quo
2656 5257 2899 5314 nomine
2954 5254 3235 5332 appellati
3258 5251 3633 5332 _Eutychiani
3677 5254 3868 5324 atque

2264 5324 2579 5414 Severiani,
2626 5331 2726 5414 qui
2774 5324 3231 5414 neque‘p’alam.
3258 5324 3865 5414 Eutychetiserrores

2262 5404 2519 5475 proﬁteri
2542 5394 2893 5475 ausi,neque
2915 5399 2991 5454 ad
3008 5394 3343 5475 Catholicae
3364 5394 3492 5475 sese
3511 5394 3873 5475 adiungere,

2262 5466 2372 5530 nisi
2398 5476 2581 5547 prius
2616 5466 2916 5527 damnatis
2961 5472 3151 5547 tribus
3192 5467 3482 5547 capitulis,
3527 5466 3868 5522 voluerunt.

2261 5542 2437 5605 Card.‘
2460 5549 2668 5603 Baron.
2704 5560 2835 5623 sup.
2870 5548 2925 5600 et
2960 5544 3155 5603 Leont.
3187 5545 3300 5598 act.
3333 5542 3363 5595 6
3395 5544 3678 5598 extrema.
