4046 6228
425 294 493 353 63
1684 298 1893 353 PHOTI
1899 299 1919 352 Ι
1955 297 2074 352 PA'I

2194 298 2440 354 \BCHE
2480 298 2586 355 CP.
3710 304 3784 363 64

425 423 651 493 septem
683 425 773 478 est
800 421 964 479 libris
994 424 1451 497 comprehensa.
1486 424 1683 497 Stylus
1708 424 1791 480 illi
1826 440 1947 481 non
1971 423 2073 480 ad-

2194 422 2245 477 δε
2296 427 2486 497 φράσις
2537 422 2687 478 οὐδὲν
2734 428 2848 498 ἔχει
2895 426 3181 501 ἀξιόλογον.
3232 428 3517 485 ’Δλλὰνκαὶ
3574 430 3623 484 ἄν
3676 439 3788 493 τοῖς

422 511 671 567 modum
702 511 1075 583 splendidus,
1109 513 1212 569 sed
1243 530 1353 569 nec
1380 514 1441 570 in
1471 513 1859 584 dogmatibus
1899 513 2074 570 valde

421 607 732 657 accuratus
762 607 869 657 est.

1145 693 1348 748 XXIX.

425 780 676 850 Evagrii
694 780 1053 837 Scholastici
1064 782 1494 839 Ecclesiastica’
1518 782 1799 838 Historia:
1818 781 1960 838 libri
1974 797 2068 837 vn.

493 869 665 925 Lecta
704 871 931 942 Evagrii
964 870 1327 935 Scholastici,
1378 870 1732 943 exprmfecti,
1775 870 1895 925 nati
1946 870 2074 941 Epi-

422 957 681 1029 phaniae,
716 959 862 1013 urbe
894 958 1247 1032 Ccelesyriaa,
1274 960 1695 1016 Ecclesiastica
1720 959 1985 1014 Historia
2008 960 2075 1015 li-

426 1048 519 1104 bri
545 1064 650 1105 sex
679 1050 1004 1105 :inchoans
1034 1066 1071 1106 a
1096 1050 1214 1105 fine
1243 1051 1497 1107 Socratis
1527 1056 1582 1105 et
1616 1049 1963 1105 Theodoreti
1989 1050 2049 1104 hi

423 1140 760 1207 storiarum,
776 1141 1235 1213 pertingensque
1247 1141 1321 1195 ad
1336 1140 1836 1195 Mauriciiannum
1851 1140 2075 1195 duode-

423 1227 645 1283 cimum
672 1228 882 1300 (42-43)
916 1228 1168 1301 imperii.
1204 1229 1400 1301 Stylus
1428 1229 1566 1284 huic
1598 1243 1718 1284 non
1760 1230 2027 1297 ingratus
2056 1245 2069 1283 :

422 1316 660 1373 tametsi
684 1316 980 1372 interdum
1022 1316 1358 1373 redundare
1382 1317 1837 1390 quodammodo
1876 1316 2075 1373 videa-

424 1410 537 1471 tur,
580 1410 733 1462 certe
788 1408 849 1461 in
902 1405 1185 1462 doctrina:
1228 1406 1473 1463 veritate
1506 1407 1734 1463 caeteris
1773 1406 2072 1463 historicis

423 1494 757 1551 accuratior
781 1499 887 1550 est.
918 1494 1105 1552 Habet
1131 1500 1333 1552 autem
1351 1501 1406 1553 et
1426 1495 1501 1553 de
1532 1496 1896 1568 imaginibus
1912 1511 2074 1569 qum-

423 1583 567 1639 dam
595 1582 891 1656 exempla.

422 1850 663 1906 Hermia:
701 1850 1007 1907 Sozomem’
1043 1850 1323 1907 Historiae
1350 1852 1776 1908 Ecclesiasticw
1809 1852 1947 1907 libri
1991 1869 2072 1910 ιι.

494 1940 667 1995 Lecta
681 1948 767 1995 est
782 1939 1034 1995 Hermias
1052 1941 1361 1995 Sozomeni
1379 1940 2072 2006 Salaminii,scholastici,

422 2028 837 2085 Ecclesiastica
860 2029 1124 2085 Historia
1143 2029 1286 2085 libri
1305 2044 1539 2085 novem:
1559 2046 1743 2102 quam
1769 2034 2078 2101 nuncupat

423 2118 752 2175 TheodOsio
783 2117 1020 2173 minori.
1061 2119 1417 2189 Auspicatur
1449 2134 1484 2174 a
1514 2119 1829 2174 consulatu
1860 2119 2071 2190 Crispi,

423 2207 669 2279 ejusque
712 2207 896 2278 patris
938 2206 1328 2276 Constantini,
1373 2211 1428 2263 et
1465 2208 1738 2279 perducit
1780 2208 1857 2263 ad
1894 2208 2076 2265 Theo-

423 2295 577 2351 dosii
619 2296 866 2353 minoris
907 2296 1248 2367 imperium.
1298 2298 1397 2352 Hic
1433 2297 1942 2369 Constantinopoli
1973 2298 2076 2369 jus

423 2384 569 2440 olim
608 2384 844 2441 dicebat
890 2402 903 2451 ;
947 2390 1153 2455 estque
1203 2387 1442 2442 Socrate
1490 2386 1551 2441 in
1597 2385 1750 2456 stylo
1794 2392 2076 2458 praestan-

424 2473 574 2529 tior:
602 2489 639 2529 a
660 2490 781 2547 quo
802 2474 982 2531 etiam
1004 2475 1063 2530 in
1091 2474 1535 2531 narrationibus
1560 2474 1933 2547 quibusdam
1959 2476 2075 2531 dis-

426 2563 625 2620 sentit.

1149 2653 1349 2708 XXXI.

677 2742 1028 2799 Theodoreti
1056 2743 1337 2798 Historia;-
1352 2743 1578 2799 Eccles.
1603 2742 1743 2799 libri
1767 2758 1823 2798 v.

495 2831 592 2903 6b
629 2831 806 2887 Lecta
843 2837 930 2886 est
963 2831 1309 2887 Theodoreti
1348 2832 1618 2888 Historia
1654 2833 2073 2890 ecclesiastica.

425 2921 706 2978 Omnium
755 2936 911 2992 quos
958 2922 1225 2993 proxime
1272 2921 1581 2977 nominavi
1620 2922 2075 2977 convenientem

423 3009 618 3079 magis
664 3008 928 3065 historias
975 3009 1197 3081 stylum
1242 3008 1511 3066 adhibet.
1562 3009 1766 3066 Clarus
1810 3009 1966 3065 enim
2020 3016 2077 3065 et

423 3097 671 3168 grandis
720 3102 827 3161 est,
875 3097 1236 3168 minimeque
1284 3097 1634 3152 redundans
1684 3114 1697 3153 :

423 3184 923 3241 translationibus
968 3186 1266 3241 interdum
1316 3185 1626 3251 audacius,
1676 3202 1829 3258 pene
1876 3187 2075 3258 inepte

424 3278 649 3331 utatur.
685 3273 786 3329 Hic
817 3273 995 3329 etiam
1025 3290 1208 3347 quam
1236 3274 1428 3329 caeteri
1454 3272 1647 3330 fusius
1670 3274 1946 3332 secundae
1976 3293 2077 3348 sy-

424 3361 569 3418 nodi
607 3368 775 3433 gesta
821 3366 1259 3418 commemorat
1299 3377 1482 3437 :quaa
1525 3362 1625 3419 alii
1672 3368 1962 3437 tanquam
2014 3366 2071 3420 in

423 3466 739 3517 concursu,
768 3451 915 3506 dicis
937 3452 1148 3521 gratia,
1179 3456 1237 3506 et
1260 3449 1451 3506 obiter
1472 3451 1589 3506 fere
1609 3457 1874 3517 narrant,
1898 3453 2073 3526 quasi

423 3539 498 3595 de
548 3556 618 3596 ea
650 3539 816 3612 loqui
846 3539 1160 3611 refugiant.
1195 3540 1623 3596 Verumtamen
1660 3557 1733 3597 ne
1764 3542 1893 3613 ipse
1938 3544 2072 3613 qui-

424 3627 563 3685 dem
594 3629 798 3686 omnia
836 3626 1133 3699 sigillatim
1183 3628 1377 3685 refert.
1427 3630 1740 3686 Historiam
1774 3630 2077 3687 inchoavit

424 3717 497 3774 ab
529 3718 737 3773 haeresi
775 3718 913 3785 Arii,
947 3700 1358 3791 pertexuitque
1400 3724 1455 3774 et
1484 3720 1609 3791 ipse
1648 3719 1723 3775 ad
1763 3720 2073 3776 Theodosii

426 3807 677 3864 minoris
705 3812 996 3880 tempora,
1024 3814 1082 3864 et
1110 3824 1298 3881 usque
1337 3808 1414 3863 ad
1450 3808 1689 3864 Diodori
1721 3810 1833 3880 (44)
1870 3826 2076 3868 exces-

426 3912 586 3964 sum,
627 3897 873 3968 quando
912 3897 1426 3970 Constantinopoli
1458 3896 1571 3970 (45)
1603 3913 1909 3955 sacrorum
1933 3902 2074 3957 anti-

424 3988 547 4041 stes
576 3984 870 4044 Sisinnius
899 3986 1031 4043 fuit.

1152 4076 1366 4133 XXXII.

885 4166 946 4221 S.
999 4165 1320 4222 Athanasii
1362 4166 1618 4233 epistola:

498 4254 681 4309 Lectae
710 4254 1012 4309 Athanasii
1044 4255 1305 4322 epistolae
1334 4256 1517 4311 variae
1534 4256 1711 4327 (quas
1740 4256 1891 4311 inter
1922 4260 1981 4312 et
2007 4256 2081 4313 de

424 4342 558 4412 ejus
591 4356 850 4407 secessu,
884 4347 1172 4412 tanquam
1199 4341 1507 4411 Apologia.
1542 4344 1911 4400 collocantur
1935 4360 2081 4400 non-

425 4428 653 4499 nullas),
670 4428 973 4499 eleganter
1000 4428 1175 4487 simul
1194 4434 1246 4483 et
1266 4427 1600 4499 splendide,
1617 4432 1895 4504 clareque
1917 4448 2079 4488 com-

424 4517 632 4590 pasitai
659 4532 671 4571 :
704 4516 1110 4589 persuadendi
1141 4516 1386 4588 insuper
1419 4518 1493 4582 vi,
1525 4534 1595 4574 ac
1621 4524 1925 4575 venustate
1972 4521 2085 4576 ﬂo-

426 4604 595 4673 ridae,
619 4613 681 4661 ut
689 4606 1030 4679 jucundum
1054 4607 1146 4672 sit,
1171 4622 1355 4679 quam
1376 4606 1827 4680 ibiApologiam
1857 4610 2080 4677 scribit,

430 4693 657 4751 audire.

2184 510 2447 586 δόγμασιν
2480 514 2537 566 οὗ
2567 514 2679 567 λίαν
2711 514 2851 568 ἐστὶν
2884 515 3129 593 ἀκριϐής.

2912 608 3042 663 ΚΘ’.

2287 693 2545 767 Εὐαγρίου
2574 695 2929 766 Σχολαστικοῡ
2962 696 3405 757 Ἐκκλησιαστικη
3436 704 3671 772 ἱστορία.

2258 782 2578 852 Ἀνεγνώσθη
2628 784 2884 859 Εὐαγρίου
2933 793 3293 857 Σχολαστικοῦ
3340 787 3441 839 ἀπό
3501 790 3787 861 ὑπάρχων,

2183 869 2377 931 πόλεως
2434 868 2492 923 δε
2538 871 2811 944 ἐπιφανοῦς
2862 882 2952 934 τῆς
3007 878 3141 927 κατὰ
3189 880 3282 934 τὴν
3334 876 3521 935 Κοίλην
3571 882 3785 950 Συρίαν,

2182 959 2624 1018 Ἐκκλησιαστικὴ
2676 961 2905 1036 Ἰστορία
2958 962 3006 1015 ἐν
3064 970 3239 1035 τὸμοις
3284 964 3351 1027 ἓξ¹
3385 964 3559 1037 ἀρχὴν
3606 985 3792 1019 ποιου-

2181 1052 2305 1119 μένη
2334 1053 2391 1101 τὸ
2420 1049 2561 1111 τέλος
2576 1059 2670 1112 τῆς
2700 1055 3001 1123 Σωκράτους
3022 1058 3109 1105 καὶ
3132 1050 3478 1127 Θεοδωρὴτου
3516 1057 3782 1128 ἱστορίας,

2181 1142 2270 1189 καὶ
2316 1147 2575 1191 κατιοῦσα
2621 1144 2783 1211 μέχρι
2830 1149 2918 1201 τῆς
2968 1141 3233 1203 Βασιλείας
3302 1149 3615 1216 Μαυρικίου,
3674 1148 3789 1205 ἔτος

2183 1223 2478 1279 δωδέκατον
2523 1231 2571 1280 ἓν
2620 1238 2681 1301 τῇ
2731 1228 2977 1303 βασιλείᾳ
3030 1228 3347 1293 διανύοντος.
3381 1232 3536 1285 ’Ἐστι
3594 1230 3656 1286 δε
3686 1238 3785 1291 τὴν

2183 1318 2371 1388 φράσιν
2416 1317 2509 1369 οὐκ
2552 1320 2768 1391 ἄχαρις,
2805 1319 2847 1372 εἰ
2890 1325 2979 1371 καί
3026 1341 3135 1382 πως
3191 1324 3579 1395 περιττεύεσθαι
3626 1321 3791 1374 ἐνίοτε

2186 1402 2368 1458 δοκεῖ’
2403 1405 2452 1457 ἓν
2481 1415 2542 1479 τῇ
2578 1404 2637 1460 δὲ
2681 1416 2779 1459 τῶν
2828 1405 3105 1480 δογμάτων
3136 1409 3193 1483 [8
3224 1409 3315 1483 Η.]
3347 1410 3595 1479 ὀρθότητι
3640 1410 3793 1483 ἀκρι-

2182 1492 2278 1557 ϐὴς
2302 1503 2401 1546 τῶν
2447 1495 2611 1547 ἄλλων
2654 1496 2842 1567 μᾶλλον
2890 1500 3182 1573 ἱστορικῶν,
3214 1498 3369 1571 Ἔχει
3408 1496 3467 1553 δε
3514 1505 3603 1553 καὶ
3636 1506 3791 1575 χρη-

2185 1602 2293 1646 σεις
2319 1588 2435 1657 περὶ
2466 1584 2692 1638 εἰκόνων.

2943 1676 3020 1731 Λ’.

2308 1762 2607 1835 Σαλαμάνου
2636 1763 2873 1835 Ἑρμείου
2901 1766 3196 1837 Σωζομένου
3228 1766 3677 1825 Ἐκκλησιαστικὴ

2678 1853 2905 1917 Ἱστορία
2934 1854 2981 1905 ἄν
3012 1855 3187 1926 λόγοις
3218 1856 3282 1908 θ’.

2258 1941 2579 2011 Ἀνιγνώσθη
2656 1942 2956 2015 Σαλαμάνου
3033 1946 3079 1979 ⁸⁵
3157 1944 3390 2018 Ἑρμείου
3485 1949 3792 2018 Σωζομὲνου

2185 2028 2546 2099 Σχολαστικοῦ
2596 2030 3035 2090 Ἐκκλησισστικὴ
3107 2033 3335 2105 ’ἱστορία
3392 2032 3439 2085 ἕν
3494 2033 3669 2105 λόγοις
3728 2033 3793 2088 θ’.

2186 2124 2485 2190 Προσφωνεῐ
2535 2116 2593 2171 δε
2632 2129 2725 2179 τῆν
2771 2122 2997 2192 ἱστορίαν
3037 2125 3162 2194 πρὸς
3211 2120 3496 2174 Θεοδόσιον
3541 2126 3628 2174 τόν
3658 2126 3791 2177 νέον.

2183 2212 2441 2280 Ἀρχεται
2491 2204 2550 2260 δε
2589 2212 2689 2261 ἀπὸ
2729 2218 2818 2270 τῆς
2856 2212 3102 2273 ὑπατείας
3146 2216 3388 2285 Χρίσπου
3436 2216 3527 2263 καὶ
3569 2220 3664 2264 τοῦ
3695 2232 3797 2264 πα-

2184 2298 2306 2367 τρὸς
2358 2302 2764 2362 Κωνσταντίνου,
2811 2304 2901 2350 καὶ
2945 2302 3149 2351 κάτεισι
3192 2304 3356 2371 μέχρι
3402 2308 3494 2360 τῆς
3536 2308 3630 2351 τοῦ
3677 2304 3791 2352 νέου

2187 2385 2479 2436 Θεοδοσίου
2513 2384 2804 2457 βασιλείας.
2837 2388 3003 2448 Οὗτος
3023 2384 3082 2439 δε
3114 2385 3273 2450 δίκας
3304 2385 3363 2446 ἧν
3390 2389 3549 2459 λέγων
3573 2391 3621 2441 ἑν
3655 2395 3789 2441 Κων-

2190 2473 2627 2527 σταντινουπόλει.
2682 2474 2829 2528 ’Ἐστι
2900 2472 2960 2528 δε
3022 2480 3325 2551 Σωκράτους
3377 2477 3426 2530 ἓν
3480 2486 3540 2551 τῇ
3605 2479 3795 2549 φράσει

2188 2559 2423 2633 βελτίων,
2462 2559 2710 2635 διαφωνεῖ
2742 2560 2800 2616 δε
2836 2569 2976 2635 αὐτῷ
3006 2572 3095 2619 καὶ
3124 2569 3259 2618 κατά
3289 2586 3431 2627 τινας
3462 2569 3716 2641 ἱστορίας.

2922 2653 3049 2709 ΛΔ’.

2434 2738 2779 2813 Θεοδωρήτου
2810 2742 3252 2802 Ἐκκλησιαστικὴ
3288 2742 3540 2818 Ἱστορία.

2260 2830 2347 2899 [‘20
2405 2831 2490 2900 R.]
2563 2832 2879 2901 Ἀνεγνὼσθη
2945 2829 3272 2905 Θεοδωρήτου
3343 2832 3797 2891 Ἐκκλησιαστικη

2183 2920 2430 2992 Ἱστορία.
2484 2922 2692 2972 Πάντων
2748 2930 2846 2972 τῶν
2901 2922 3177 2996 εἰρημένων
3232 2922 3547 2980 κατάλληλον
3600 2925 3800 2995 φράσιν

2184 3016 2245 3080 τῇ
2301 3008 2507 3081 ἱστορίᾳ
2548 3008 2738 3079 μᾶλλον
2786 3010 2931 3071 οὗτος
2973 3010 3222 3068 ἐπέθηκεο
3259 3017 3429 3085 σαφής
3474 3031 3526 3064 τε
3568 3015 3672 3087 γὰρ
3704 3018 3799 3065 καὶ

1750 3098 1862 3152 nisi
1912 3099 2073 3171 quod
2111 3132 2152 3190 C
2185 3096 2380 3166 ὑψηλὸς
2427 3101 2516 3147 καὶ
2562 3096 2854 3170 ἀπέριττός,
2901 3099 3028 3157 πλὴν
3078 3101 3158 3151 ὅτι
3208 3098 3364 3153 ἐνίοτε
3411 3108 3521 3160 ταῖς
3564 3120 3800 3173 μεταφο-

2182 3192 2301 3261 ραῖς
2351 3185 2653 3259 παραϐόλως
2709 3193 2799 3240 καὶ
2851 3190 3024 3261 ὥσπερ
3081 3187 3429 3262 ἀπειροκάλως
3485 3188 3789 3264 ἐχρήσατο.

2185 3274 2350 3337 Οὗτος
2401 3280 2491 3327 καὶ
2547 3275 2857 3348 πλατύτερον
2909 3286 3008 3328 τῶν
3071 3277 3350 3349 εἰρημένων
3405 3280 3472 3330 τὰ
3528 3284 3647 3353 περὶ
3702 3288 3798 3341 τῆς

2186 3361 2433 3437 δευτέρας
2464 3361 2687 3418 συνόδου
2722 3362 2943 3430 διελαϐε,
2974 3362 3172 3437 σχεδὸν
3201 3386 3252 3418 τι
3279 3375 3379 3418 τῶν
3422 3367 3584 3419 ἄλλων
3615 3370 3797 3443 ὥσπερ

2183 3456 2334 3525 μόνον
2385 3450 2476 3505 διὰ
2532 3461 2625 3515 τῆς
2681 3450 2974 3526 ἐπιδρομῆς
3024 3458 3409 3527 ἀφοσιουμένων
3454 3459 3521 3520 ⁸⁸,
3573 3456 3684 3507 ἀλλ’
3734 3458 3798 3510 οὐ

2186 3540 2508 3613 βουλομένων
2558 3562 2608 3594 τι
2651 3548 2768 3616 περὶ
2815 3543 2977 3605 αὐτῆς
3028 3544 3215 3596 εἰπεῖν·
3252 3544 3383 3602 πλὴν
3416 3543 3543 3596 ἀλλὰ
3571 3550 3662 3597 καὶ
3707 3548 3797 3598 οὖ-

2185 3651 2267 3691 τος
2323 3631 2380 3684 0i)
2434 3633 2603 3684 πάντα
2673 3635 2995 3706 λεπτομερώς
3044 3632 3202 3703 λέγει.
3270 3632 3531 3707 Ἀρχεται
3583 3632 3642 3687 δε
3696 3644 3800 3698 τῆς

2188 3722 2419 3793 ἱστορίας
2472 3719 2572 3771 ἀπὸ
2624 3729 2721 3781 τῆς
2789 3722 2988 3786 Ἀρείου
3034 3724 3299 3794 αἱρέσεως,
3353 3729 3442 3776 καὶ
3506 3725 3799 3795 καταλήγει

2185 3812 2349 3884 μέχρι
2395 3818 2489 3871 τῆς
2538 3806 2829 3863 Θεοδοσίου
2879 3818 2969 3862 τοῦ
3016 3815 3128 3863 νέου
3181 3810 3449 3884 βασιλείας
3498 3819 3587 3866 καὶ
3630 3819 3801 3888 μέχρι

2187 3908 2276 3957 τῆς
2306 3894 2570 3969 Διοδώρου
2601 3898 2858 3963 τελευτῆς,
2892 3900 3047 3956 ἡνίκα
3076 3904 3166 3951 καὶ
3200 3902 3796 3963 Κωνσταντινουπόλεως

2188 3992 2437 4047 Σισίννιος
2469 3983 2654 4061 ἦρχεν.

2927 4076 3048 4131 ΛΒ’.

2667 4165 2981 4219 ’Δθανασίου
3014 4166 3307 4222 ἕπιστολαι.

2262 4254 2691 4325 Ἀνεγνὼσθησαν
2735 4257 2781 4291 ⁸⁷
2828 4257 3143 4309 Ἀθανασίου
3200 4255 3468 4309 ἐπιστολαὶ
3528 4254 3801 4333 διάφοροι,

2190 4343 2237 4396 ἕν
2287 4346 2365 4404 αἶς
2415 4344 2713 4417 ἐμφέρονται
2760 4349 2849 4396 καὶ
2897 4347 2952 4396 αἱ
2999 4354 3092 4407 τῆς
3122 4350 3465 4418 γεγενημένης
3506 4347 3669 4399 αὐτου
3701 4368 3801 4419 φυ-

2189 4442 2289 4503 γῆς
2335 4436 2506 4505 ὥσπερ
2565 4433 2872 4505 Ἀπολογίαν
2917 4438 3281 4508 περιέχουσαι,
3332 4434 3545 4507 κομψῶς
3598 4455 3653 4488 τε
3709 4444 3805 4489 καὶ

2190 4522 2439 4595 λαμπρῶς
2490 4528 2579 4573 καὶ
2636 4525 2710 4574 ἔτι
2756 4531 2927 4593 σαφῶς
2989 4525 3394 4594 συντεθειμέναι,
3454 4530 3542 4577 καὶ
3590 4528 3649 4576 τό
3714 4545 3809 4577 πι-

2196 4612 2343 4662 θανὸν
2396 4610 2527 4683 μετὰ
2576 4619 2667 4663 τοῦ
2716 4616 2991 4683 χαρίεντος
3045 4611 3334 4665 ἀνθοῦσαι·
3390 4610 3554 4672 ἠδονή
3607 4614 3653 4649 ⁸⁸
3705 4622 3805 4677 τῆς

2195 4698 2381 4752 ἐκεῖθεν
2420 4699 2730 4772 Ἀπολογίας
2762 4699 2984 4755 ἀκούειν.

1766 4890 2005 4948 VARI/E
2046 4891 2425 4950 LECTIONES
2437 4934 2450 4949 .

510 5087 556 5165 ξε
590 5085 865 5165 σλαμάνου-
886 5090 950 5141 Α.
979 5086 1381 5165 ορβζιιιοεηᾱθ
1410 5089 1539 5165 _Vita
1569 5092 1624 5165 et
1654 5087 1899 5165 Scriptis
1932 5089 2187 5147 Socratis
2217 5094 2274 5145 et
2305 5088 2611 5145 Sozomeni
2642 5106 2701 5162 p.
2722 5089 2839 5155 (ed.
2871 5090 3144 5161 Amstel.)
3174 5095 3225 5147 5.
3251 5092 3299 5128 “
3330 5093 3716 5165 ἀφωσιωμένων
3743 5119 3806 5161 ς’.

431 5158 474 5193 ⁸⁷
512 5154 810 5229 ἀνεγνώσθη
837 5160 902 5212 Α.
981 5160 1028 5194 ⁸⁸
1059 5154 1253 5217 ἡδονὴν
1281 5159 1527 5230 (omisso
1560 5154 1866 5232 ἀκούεινγς.

1989 5356 2225 5416 NOTAE.

428 5531 712 5659 ΜΞ]ἳοῖξᾶ
744 5532 915 5588 Card.
945 5531 1158 5589 Baron.
1192 5529 1408 5586 δέκατον
1429 5533 1567 5604 legit
1586 5538 1725 5590 tom.
1757 5534 1850 5601 Ill,
1872 5534 1950 5591 ad
1977 5551 2079 5591 au-

500 5673 617 5747 (44)
670 5669 946 5748 Θεοδώρου
997 5674 1093 5733 hic
1148 5676 1562 5748 reponendum
1617 5692 1688 5735 ex
1732 5678 2079 5740 auctoritate

2186 5534 2540 5608 Theodoreti
2567 5535 2672 5608 lib.
2701 5552 2755 5602 v,
2790 5551 2922 5608 cap.
2955 5536 3060 5592 ult.

2259 5607 2375 5677 (45)
2419 5607 2556 5662 Vide
2581 5606 2683 5662 inf.
2717 5606 3079 5665 cod.'XXXV.
3108 5608 3168 5663 in
3201 5607 3343 5695 Phil.
3376 5608 3593 5666 Sideta.
