4046 6228
222 313 278 370 55
1179 284 1661 355 BIBLIOTHECA.
1696 322 1764 335 -——
1797 290 2009 349 CODD.
2038 280 2500 349 XXIX-XXXIV.
3458 293 3528 349 66

910 432 1011 482 AI‘.

540 520 775 574 Ἰούστου
802 516 1076 590 Τιϐεριέως
1103 517 1374 586 Χρονιιιόν.

282 612 580 681 Ἀνεγνώσϐη,
650 609 886 661 Ἰούστου
938 603 1212 675 Τιϐεριέως
1278 608 1551 674 Χρονικον,
1610 598 1669 650 οὗ
1726 598 1755 654 ἠ

231 706 443 774 impacti.
503 701 743 752 Ἰούστου
818 694 1086 768 Τιϐεριέως
1150 687 1420 745 Ἰουδαίων
1502 687 1759 760 βασιλέων

224 802 289 843 τέ»
321 791 361 842 ἐν
409 795 508 848 τοῖς
566 794 882 858 στέμμασιν.
940 783 1101 842 Οὗτος
1159 780 1260 831 ἀπὸ
1309 779 1503 831 πόλεως
1558 785 1654 838 τῆς
1712 776 1760 827 ἐν

215 878 418 949 Γαλιλαία
444 872 754 949 Τιϐεριάδος
796 878 1026 949 ὡρμᾶτο.
1070 870 1328 943 Ἀρχεται
1376 865 1436 919 δὲ
1487 875 1582 927 τῆς
1624 868 1762 917 ἱστο-

210 974 300 1042 ρίας
351 967 439 1019 ἀπὸ
506 970 789 1028 Μωῦσέως,
874 961 1155 1031 καταλήγει
1227 955 1286 1010 δὲ
1357 958 1453 1018 ἕως
1528 955 1763 1015 τελευτῆς

210 1058 430 1131 Ἀγρίππα
457 1064 549 1107 τοῦ
581 1051 811 1125 ἑϐδόμου
844 1055 932 1123 μεν
960 1059 1059 1103 τῶν
1105 1048 1205 1101 ἀπὸ
1255 1054 1348 1107 τῆς
1387 1045 1557 1105 οἰκίας
1604 1043 1764 1115 Ἠρὼ-

208 1145 301 1209 Jan,
327 1147 539 1197 ὑστάτου
565 1146 626 1211 ,⁸9
659 1139 719 1195 δε
768 1141 817 1193 ἐν
864 1146 968 1200 τοῖς
1006 1134 1281 1191 Ἰουδαίων
1332 1133 1665 1208 βασιλεῦσιν,
1710 1131 1763 1193 ὃς

204 1233 418 1308 παρελαϐε
601 1236 697 1290 τὴν
745 1230 922 1304 ἀρχὴν
970 1231 1052 1281 ἐπὶ
1106 1221 1392 1289 Κλαυδίου,
1449 1222 1652 1285 ηὐξήθη
1705 1218 1765 1273 δὲ

204 1326 268 1376 ἐπὶ
298 1330 506 1397 Νέρωνος
552 1327 643 1374 καὶ
695 1324 771 1373 ἔτι
823 1319 1011 1391 μᾶλλον
1060 1318 1159 1368 ὑπὸ
1209 1315 1631 1377 Οὐεσπασιανοῦ,
1688 1328 1765 1361 τε·

201 1415 330 1483 λεντᾲ
369 1409 421 1464 δι
476 1414 573 1463 ἔτει
627 1415 790 1485 τρίτῳ
839 1412 1096 1482 Τραῐανοῦ
1124 1406 1195 1471 ⁷ο,
1242 1404 1302 1456 οὖ
1345 1407 1435 1455 καὶ
1473 1403 1503 1459 ἡ
1558 1403 1767 1472 ἱστορία

201 1502 450 1564 κατελπξεν.
506 1499 666 1553 Ἐστι
726 1495 785 1551 δε
841 1502 936 1555 τὴν
986 1496 1175 1568 φράσιν
1236 1494 1633 1564 συντομώτατός
1688 1508 1763 1554 τε,

894 1583 1317 1654 ἀναγκαιοτάτων
1392 1582 1762 1652 παρατρέχων.

199 1596 271 1640 καὶ
316 1593 373 1640 τὰ
436 1588 659 1640 πλεῖστα
718 1595 820 1637 τῶν

200 1679 271 1738 Ὠς
310 1674 361 1730 δε
406 1680 471 1729 τὰ
524 1672 804 1728 Ἰουδαίων
853 1682 1039 1736 νοσῶν,
1094 1668 1355 1731 Ἰουδαῖος
1393 1668 1559 1721 aut"
1611 1668 1765 1727 αύτός

1940 505 2097 561 Juin
2141 505 2485 562 Tiberiansis
2525 506 2877 564 Judmorum
2924 520 3129 575 regum
3174 506 3528 564 Chronicon.

1942 594 2177 649 Lectum
2210 595 2469 649 estJusti
2500 595 2856 651 Tiberiensis
2888 595 3001 666 (46)
3035 595 3396 661 Chronicon,
3430 611 3530 650 cu-

1866 683 1965 753 jus
1998 684 2302 755 inscriptio
2330 701 2342 738 :
2383 686 2542 740 Justi
2577 686 2923 741 Tiberiensis
2954 699 3149 753 regum
3179 685 3530 741 Judworum

1870 771 1973 842 qui
2003 774 2269 827 coronati
2291 773 2565 842 fuerunt.
2609 773 2706 829 Hic
2749 790 2781 828 e
2810 774 3114 828 Tiberiade
3145 773 3397 829 Galilaate
3427 788 3533 844 op-

1872 861 2015 931 pido
2065 864 2262 915 ortum
2310 877 2647 933 nomenque
2705 862 2894 917 traxit.
2953 861 3305 933 Auspicatur
3352 862 3534 918 histo-

1870 948 2024 1003 riam
2043 963 2079 1003 a
2104 950 2321 1020 Moyse,
2341 950 2733 1022 perducitque
2750 950 2827 1005 ad
2854 950 3078 1004 exitum
3110 963 3300 1021 usque
3324 948 3533 1021 Agrip-

1872 1053 1966 1109 pae
1992 1038 2227 1109 septimi
2248 1053 2279 1092 e
2306 1038 2531 1094 familia
2558 1039 2821 1103 Herodis,
2843 1043 2897 1093 et
2915 1037 3301 1094 Judaicorum
3320 1053 3533 1107 regum

1872 1126 2180 1197 postremi,
2202 1126 2305 1199 qui
2336 1142 2593 1197 regnum
2627 1127 2741 1183 sub
2773 1127 3021 1183 Claudio
3052 1127 3284 1198 accepit
3319 1124 3534 1182 :crevit

1874 1214 1987 1269 sub
2030 1217 2279 1278 Nerone,
2333 1215 2716 1288 ampliusque
2769 1215 2906 1271 dein
2957 1215 3070 1271 sub
3122 1215 3529 1287 Vespasiano:

1874 1304 2023 1360 obiit
2059 1308 2262 1359 autem
2302 1306 2474 1360 tertio
2518 1305 2753 1375 Trajani
2792 1319 2974 1373 anno,
3018 1319 3140 1376 quo
3179 1311 3237 1361 et
3272 1304 3533 1362 historia

1874 1391 2011 1447 ﬁnis
2035 1392 2290 1449 ducitur.
2327 1393 2523 1466 Stylus
2550 1394 2689 1450 huic
2723 1393 2985 1449 maxime
3015 1393 3310 1459 concisus,
3335 1399 3392 1449 et
3415 1393 3535 1466 ple-

1875 1496 2063 1553 raque
2092 1482 2279 1538 relatu
2328 1498 2468 1538 cum
2500 1484 2709 1554 primis
2755 1482 3094 1539 necessaria
3124 1482 3532 1554 praetermittit.

1877 1570 2195 1625 Communi
2235 1576 2433 1627 autem
2486 1573 2873 1628 Hebraaorum
2921 1571 3065 1626 vitio
3093 1571 3401 1637 laborans,
3438 1571 3535 1626 Ju-

1876 1658 2044 1715 dmus
2064 1675 2277 1729 genere
2290 1677 2426 1716 cum
2446 1668 2622 1725 esset,
2637 1662 2712 1717 de
2735 1661 3030 1717 Christiad
3041 1668 3233 1726 ventu,
3255 1661 3448 1733 deque
3462 1662 3533 1717 iis

198 1770 416 1841 ὑπάρχων
450 1770 507 1818 τὸ
538 1768 586 1801 ⁷³
626 1770 790 1836 γένος,
825 1771 915 1823 τῆς
946 1768 1181 1835 Χριστοῦ
1206 1762 1501 1834 παρουσίας
1545 1762 1635 1809 καὶ
1666 1764 1764 1807 τῶν

1881 1763 2013 1819 qum
2054 1748 2165 1820 ipsi
2210 1750 2572 1815 acciderunt,
2611 1757 2713 1806 aut
2742 1750 2811 1805 de
2864 1749 3159 1805 miraculis
3197 1752 3276 1806 ab
3306 1749 3406 1807 illo
3438 1767 3535 1822 pa-

198 1862 292 1928 περὶ
318 1856 458 1908 αὐτόν
494 1856 839 1908 τελεσθέντων
878 1857 969 1903 καὶ
1008 1859 1109 1903 τῶν
1150 1850 1237 1902 ὑπ’
1278 1849 1439 1900 αὐτοῦ
1490 1865 1767 1921 τερατουρ-

194 1948 418 2013 γηθίντων
446 1941 667 2006 ούδενός
711 1945 779 1979 ⁷³⁸
818 1942 940 2002 ὅλως
992 1946 1201 2013 μνήμην
1246 1938 1549 1996 ἐποιήσατο.
1602 1936 1766 1997 Οὗτος

196 2043 294 2097 παῖς
461 2032 521 2092 ἦν
549 2031 819 2088 Ἰουδαίου
863 2036 1002 2093 τινὸς
1033 2035 1193 2103 ἄνομα
1224 2034 1424 2082 Πίστου
1454 2029 1524 2093 υ,
1567 2025 1764 2099 ἀνθρώ-

196 2145 281 2175 πων
332 2121 405 2189 δι,
466 2127 535 2186 ὧς
581 2143 748 2197 φησιν
802 2123 1078 2187 Ἰώσηπος,
1135 2123 1574 2192 κακουργότατος,
1622 2135 1761 2190 χρη-

195 2217 337 2281 μάτων
388 2233 441 2266 τε
516 2220 619 2266 καὶ
686 2209 888 2271 ἡδονῶν
954 2213 1143 2270 ἥττων.
1205 2208 1644 2261 Ἀντεπολιτεύετο
1703 2202 1763 2258 δε

195 2304 413 2373 Ἰωσήπῳ,
463 2310 554 2355 καὶ
612 2301 798 2362 πολλὰς
838 2300 953 2352 κατ’
1002 2299 1197 2352 ἐκείνου
1240 2298 1444 2369 λέγεται
1486 2294 1765 2356 ἐπιϐουλὰς

194 2392 328 2463 ῥάψαι
353 2410 368 2422 ⁸
401 2392 527 2445 ἀλλὰ
572 2397 668 2444 τόν
696 2410 755 2461 γε
788 2392 1061 2453 Ἰώσηπον,
1095 2393 1267 2440 καίτοι
1306 2388 1406 2438 ύπο
1436 2392 1596 2460 χεῖρα
1636 2384 1760 2437 πολ-

196 2481 307 2540 λάκις
348 2481 570 2533 λαϐόντα
622 2484 707 2533 τόν
753 2480 965 2551 ἐχθρὸν,
1014 2478 1187 2549 λόγοις
1230 2482 1381 2549 μόνον
1432 2472 1764 2527 ὀνειδίσαντα

208 2566 335 2627 ἂπαθῆ
385 2580 557 2621 κακῶν
618 2568 837 2641 ἀφεῖναι.
893 2573 992 2620 Καὶ
1030 2572 1123 2624 τὴν
1156 2568 1390 2638 ἱστορίαν
1436 2561 1514 2629 δε,
1549 2563 1609 2622 ἣν
1639 2562 1765 2616 ἐκεῖ·

202 2677 262 2717 νος
284 2655 330 2731 [9
361 2658 455 2733 H.]
490 2658 719 2733 ἔγραψε,
767 2656 1132 2728 πεπλασμένην
1166 2656 1235 2690 ἠ’
1264 2658 1331 2707 τὰ
1373 2654 1589 2706 πλεῖστά
1634 2671 1764 2725 φασι

196 2750 459 2817 τυγχάνειν,
540 2754 642 2800 καὶ
706 2746 939 2819 μάλιστα
1002 2746 1079 2807 οἷς
1160 2747 1245 2797 τόν
1297 2743 1582 2815 Ῥωμαῑκὸν
1639 2746 1765 2816 πρὸς

194 2832 451 2900 Ἰουδαίους
508 2834 744 2900 διέξεισι
805 2836 1021 2908 πόλεμον
1088 2839 1176 2887 καὶ
1240 2838 1337 2892 τήν
1395 2832 1763 2907 Ἰεροσολύμων

192 2924 375 2981 ἅλωσιν.

913 3014 1028 3068 AA'.

646 3105 961 3179 Ἀφρικανοῦ
983 3103 1289 3176 Ἰστορικόν.

250 3195 555 3266 ’Δνεγνώσθη
624 3193 939 3269 ’Δφρικανοῦ
980 3193 1282 3266 Ἰστορικόν.
1344 3192 1509 3255 Οὗτός
1562 3192 1699 3245 ἔστιν
1740 3193 1765 3243 ό

190 3289 262 3335 καὶ
309 3290 414 3345 τοὺς
464 3286 777 3357 λεγομένους
831 3286 1057 3344 Κεστοὺς
1131 3282 1179 3334 ἐν
1250 3282 1425 3354 λόγοις
1509 3283 1763 3345 συντάξας

195 3368 251 3422 ιδ’
274 3374 335 3407 ⁷⁸·
363 3376 470 3426 ἔστι
518 3371 581 3425 δί
632 3376 891 3444 σύντομος
934 3375 1044 3445 μεν,
1080 3370 1207 3423 ἀλλὰ
1249 3368 1414 3443 μηδὲν
1460 3379 1559 3423 τῶν
1606 3370 1767 3441 ἀναγ-

192 3468 327 3513 καίων
364 3465 715 3539 ἱστορηθῆναι
760 3461 1191 3535 παραλιμπάνων.
1250 3459 1509 3534 Ἀρχεται
1556 3457 1614 3513 δὲ
1664 3460 1764 3512 ἀπὸ

192 3557 269 3610 τῆς
337 3559 624 3613 Μωσαῐκῆς
686 3555 1052 3623 κοσμογενείας
1108 3552 1179 3614 ⁷⁸,
1224 3556 1313 3603 καὶ
1388 3552 1620 3603 κάτεισιν
1673 3550 1767 3612 ἓως

190 3648 268 3700 τῆς
300 3648 526 3715 Χριστοῦ
557 3645 876 3713 παρουσίας.
912 3636 1305 3712 Ἐπιτροχάδην
1337 3636 1395 3692 δε
1427 3635 1766 3712 διαλαμϐάνει

191 3733 262 3779 καὶ
285 3735 341 3780 τα
371 3730 467 3780 ἀπὸ
514 3737 757 3803 Χριστοῦ
782 3732 948 3801 μέχρι
977 3736 1063 3788 τῆς
1092 3732 1359 3803 Μακρίνου
1384 3736 1475 3780 τοῦ
1503 3727 1766 3801 Ῥωμαίων

193 3812 421 3885 βασιλέως
450 3818 747 3891 βασιλείας,
779 3817 869 3890 [21
908 3819 1001 3886 8.]
1038 3818 1119 3869 ὅτε
1167 3817 1327 3888 αύτῷ,
1374 3818 1438 3877 ὦς
1477 3836 1627 3889 φησι,
1676 3822 1765 3869 καὶ

193 3902 271 3961 ἣδε
296 3910 324 3964 ἠ
357 3913 636 3980 συγγραφή
672 3906 1009 3972 συνετελεῖτο,
1054 3905 1177 3959 ίτῶν
1208 3903 1344 3959 οὖσα
1385 3906 1555 3978 εψκγ’.
1586 3909 1763 3979 Τεύχη

192 3988 239 4045 δε
255 3998 307 4046 τὸ
336 3993 533 4067 βιϐλίον
562 3998 615 4032 ⁷⁸
649 4001 814 4051 πέντε.

254 4171 399 4234 Οὗτος
424 4180 512 4228 καὶ
544 4178 679 4249 πρὸς
710 4174 979 4250 Ὠριγένην
1013 4176 1197 4247 γράφει
1240 4179 1357 4249 περὶ
1391 4182 1481 4227 τοῦ
1507 4177 1642 4227 κατὰ
1666 4181 1767 4227 Σω-

192 4264 355 4314 σάγδαν
400 4265 439 4297 ⁷⁷
486 4262 840 4336 διηγήματος,
893 4266 963 4326 ὡς
1009 4264 1102 4316 ούκ
1144 4266 1192 4298 ⁷³
1247 4268 1323 4322 εἴη
1373 4265 1512 4336 αύτῷ
1560 4263 1608 4316 ἓν
1662 4272 1767 4325 τοῖς

187 4346 448 4424 Ἐςραῐχοῖς
481 4352 889 4425 ἀνεγνωσμένον,
937 4358 1024 4406 καὶ
1074 4356 1139 4414 ὡς
1183 4350 1283 4405 ούδ
1314 4355 1360 4389 79
1391 4353 1670 4406 ἀκόλουθον
1699 4360 1762 4426 τῇ

187 4436 402 4514 Ἐϐραίιῇ
454 4442 776 4516 ἐτυμολογίᾳ
811 4445 928 4494 οὔτε
974 4446 1030 4494 τὸ
1068 4440 1170 4495 ἀπὸ
1213 4450 1304 4494 τοῦ
1352 4449 1536 4517 πρίνου
1576 4450 1765 4517 πρῐσαι

192 4531 288 4580 οὔτε
313 4534 366 4581 τὸ
400 4531 500 4583 ἀπὸ
532 4539 629 4583 τοῦ
662 4536 854 4601 σχίνου
889 4535 1084 4602 σχίσαι
1127 4551 1139 4563 ·

193 4612 434 4689 “enim
460 4618 779 4694 δωτέγραψε·

1184 4529 1333 4605 ἄικαὶ
1363 4530 1687 4604 ἐπιλυόμενος
1718 4531 1764 4566 ⁸ο

1879 1837 2065 1905 tratis,
2097 1838 2325 1894 nullam
2357 1855 2605 1911 prorsus
2635 1840 2769 1895 fecit
2799 1840 3188 1895 mentionem.
3220 1840 3533 1896 Parentem

1877 1926 2188 1982 Hebraeum
2200 1928 2532 2000 quemdam
2550 1929 2779 1996 habuit,
2802 1928 2895 1984 cui
2913 1929 3069 1984 Pisto
3091 1943 3343 1985 nomen:
3378 1943 3536 1985 mor-

1879 2015 2080 2072 talium
2111 2016 2260 2087 ipse,
2304 2024 2366 2073 ut
2395 2016 2691 2089 Josephus
2729 2019 2826 2084 ait,
2860 2016 3286 2089 nequissimus,
3340 2022 3396 2074 et
3435 2034 3533 2089 pe-

1874 2105 2065 2162 cunias
2113 2107 2423 2179 cupiditati
2480 2124 2551 2164 ac
2590 2107 2826 2163 libidini
2886 2107 3169 2164 serviens.
3222 2107 3536 2165 Contendit

1870 2194 2031 2251 idem
2048 2195 2108 2251 in
2136 2196 2438 2268 republica
2463 2212 2600 2253 cum
2623 2197 2903 2269 Josepho.
2931 2197 3025 2253 cui
3058 2196 3275 2252 multas
3293 2197 3537 2252 struxis-

1873 2300 1937 2340 se
1968 2284 2221 2341 insidias
2254 2285 2437 2341 fertur
2483 2302 2496 2340 :
2534 2286 2829 2358 Iosephus
2862 2292 3080 2351 tamen,
3129 2286 3224 2356 7a
3266 2285 3375 2341 etsi
3428 2301 3537 2344 sai-

1871 2388 2202 2445 penumero
2249 2374 2485 2430 hostem
2525 2375 3099 2446 comprehendisset,
3140 2374 3340 2431 verbis
3383 2374 3536 2431 dun-

1870 2463 2426 2532 taxatcastigatum,
2454 2463 2701 2535 impune
2718 2464 2881 2520 abire
2903 2464 3186 2535 permisit.
3215 2465 3532 2521 Historiam

1870 2567 2037 2621 vero,
2092 2568 2281 2624 quam
2325 2553 2526 2621 texuit,
2574 2567 2863 2622 magnam
2919 2560 3150 2625 partem
3209 2553 3531 2610 conﬁctam

1872 2640 2056 2710 aiunt,
2091 2656 2284 2713 eaque
2326 2642 2706 2713 potissimum
2737 2642 2962 2714 quibus
2996 2645 3401 2698 Romanorum
3436 2642 3536 2699 ad-

1872 2744 2078 2784 versus
2126 2729 2363 2785 Judasos
2414 2730 2638 2787 bellum
2680 2735 2738 2786 et
2785 2731 3333 2801 Hierosolymorum
3380 2731 3533 2787 exci-

1874 2816 2043 2874 dium
2082 2818 2479 2892 persequitur.

2194 3084 2345 3141 Julii
2365 3084 2648 3155 Afm'cam’
2677 3085 2952 3155 historia,
2987 3091 3042 3142 et
3072 3086 3212 3141 alia.

1946 3173 2227 3245 Legimus
2277 3173 2535 3230 Africani
2573 3174 2728 3230 illius
2769 3176 3116 3242 Historiam,
3168 3175 3271 3248 qui
3312 3175 3532 3241 Cestos,

1878 3270 1942 3321 ut
1971 3264 2301 3334 nominant,
2324 3263 2492 3319 libris
2523 3264 2976 3336 quatuordecim
3008 3264 3366 3337 composuit.
3390 3267 3535 3321 Con—

1876 3353 2033 3408 cisus
2050 3353 2296 3424 quidem
2317 3357 2423 3418 est,
2454 3351 2597 3408 nihil
2626 3359 2824 3408 tamen
2858 3353 3101 3422 cognitu
3128 3352 3536 3410 necessarium

1875 3443 2108 3498 omittit.
2140 3442 2350 3514 Incipit
2401 3460 2438 3497 a
2468 3442 2678 3497 mundi
2708 3443 3004 3497 creatione
3052 3443 3216 3515 apud
3264 3443 3533 3515 Moysen,

1876 3532 2264 3604 pervenitque
2294 3530 2373 3586 ad
2401 3547 2594 3603 usque
2614 3530 2822 3586 Christi
2843 3532 3189 3587 adventum.
3228 3533 3536 3588 Succincte

1875 3636 2116 3694 quoque
2147 3625 2582 3677 commemorat
2606 3626 2776 3691 gesta
2792 3620 2921 3691 jam
2943 3621 3080 3676 inde
3112 3636 3148 3676 a
3174 3620 3382 3677 Christi
3406 3626 3539 3679 aeta-

1876 3714 1956 3774 te,
1988 3726 2177 3783 usque
2207 3710 2285 3765 ad
2331 3710 2566 3766 Macrini
2614 3709 3003 3782 imperatoris
3046 3714 3320 3783 tempora
3368 3726 3537 3783 :quo

1877 3805 2163 3872 tempore,
2198 3806 2261 3855 ut
2284 3799 2445 3856 idem
2476 3799 2756 3865 atﬂrmat,
2783 3800 2898 3855 hoc
2930 3799 3261 3856 Chronicon
3291 3799 3536 3855 absolu-

1877 3894 2002 3945 tum
2023 3895 2131 3954 est,
2161 3904 2458 3945 annorum
2502 3888 2722 3944 scilicet
2749 3888 3073 3961 quinquies
3105 3889 3283 3955 mille,
3318 3889 3537 3961 septin-

1876 3984 2192 4048 gentorum
2224 3983 2280 4033 et
2324 3977 2527 4047 viginti
2571 3978 2770 4033 trium.
2800 3979 2962 4050 Opus
2994 3979 3340 4034 universum
3371 3977 3538 4033 volu-

1876 4067 2141 4123 minibus
2169 4066 2435 4139 quinque
2475 4067 2830 4123 continetur.

1948 4158 2048 4212 Hic
2090 4161 2146 4210 et
2174 4154 2253 4210 ad
2288 4155 2604 4225 Origenem
2646 4154 2880 4226 scripsit
2932 4153 3007 4210 de
3038 4156 3326 4211 Susannaa
3355 4155 3536 4212 histo-

1874 4246 1965 4303 ria
2007 4244 2143 4317 (47),
2187 4244 2355 4317 quod
2399 4245 2461 4300 in
2495 4244 2877 4300 Hebrmorum
2920 4243 3088 4301 libris
3118 4260 3240 4301 non
3280 4244 3531 4316 legatur,

1876 4336 2243 4406 minimeque
2284 4334 2646 4389 conveniens
2678 4334 2753 4389 sit
2800 4333 3087 4390 Hebraico
3118 4335 3445 4408 veriloquio
3473 4335 3537 4390 il-

1874 4424 1999 4489 lud,
2053 4424 2187 4478 Ἀπὸ
2240 4430 2331 4475 τοῦ
2389 4426 2574 4496 πρίνου
2626 4426 2838 4496 πρίοαι,
2892 4428 2983 4475 καὶ
3043 4422 3145 4476 ἀπὸ
3198 4431 3288 4476 τοῦ
3344 4428 3535 4496 σχίνου

1878 4518 2093 4586 σχίσαι.
2133 4513 2276 4578 Quae
2318 4512 2620 4585 excipiens
2677 4513 2983 4585 Origenes,
3030 4513 3254 4586 scripto
3304 4512 3534 4570 refellit.

1514 4762 1752 4819 VARIAE
1791 4762 2077 4819 LECTION
2086 4762 2188 4819 ES.

250 4920 291 4955 ”
317 4922 540 4975 ὕστατον
572 4941 629 4987 ς’.

707 4924 756 4997 7f
782 4923 1066 4997 Τραῑανοῦ]
1094 4930 1184 4978 τοῦ
1214 4923 1375 4977 αύτοῦ
1405 4923 1743 4997 Dodwellus
1782 4938 1881 4995 ap.
1925 4922 2241 4997 Spanhem.
2287 4921 2364 4977 ad
2409 4922 2662 4997 Joseph._
2685 4921 2760 4997 de
2809 4922 2933 4978 Vita
2975 4937 3086 4997 sua
3120 4927 3141 4977 1
3174 4930 3528 4997 τλᾼομετιανοῦ

193 4989 420 5050 Aldrich.
447 4996 528 5051 ad
560 4996 802 5067 Ioseph.
826 4989 893 5051 Β.
932 4989 1065 5067 Ιιιᾴἶ
1102 5001 1156 5060 2,
1190 4997 1271 5062 14,
1302 5000 1352 5051 4.
1394 4998 1440 5032 ⁷¹
1475 4993 1735 5057 Ἰουδαῖός
1762 4989 1934 5047 τίκαὶ
2071 4996 2119 5029 ’¹²
2150 4989 2583 5067 τόηοῑιξτ-ΑἎΪῨ
2609 4989 2760 5067 ού-δὲν
2791 5000 2828 5046 Α
2860 4996 3111 5067 είιιιᾶιὶω
3145 4989 3294 5049 ούδ’.’
3327 4996 3376 5030 ⁷⁸
3406 5014 3531 5047 πισ-

194 5070 339 5150 τούς.
367 5067 435 5102 ⁷³·
462 5061 830 5151 πξῖτλασμζίνην
856 5074 993 5123 ante
1022 5064 1085 5151 ἦν
1116 5061 1285 5151 ponit
1313 5070 1377 5122 A.
1411 5066 2261 5151 Legendumjortasse“3911327?
2295 5062 2392 5138 ιδ’]
2421 5061 2515 5151 κδ’,
2539 5064 2753 5121 Suidas
2766 5082 2841 5151 ης.
2881 5066 3208 5151 Ἀφρικανός.
3252 5067 3312 5151 ⁸⁷]·
3331 5084 3531 5151 κοσμε-

195 5142 337 5200 Ἱετίις
363 5158 415 5200 ς.

198 5206 299 5258 the
327 5229 375 5271 ς.
453 5210 505 5245 ⁷9
536 5210 631 5263 οὐκ

495 5140 545 5174 ’³⁸
572 5134 904 5211 τοῦβιϐλίου
938 5158 992 5211 ς.
1025 5134 1268 5194 οἰ.ὀο(1.
1306 5143 1371 5194 56
1414 5154 1426 5211 ξ
1456 5134 1700 5190 τοσοῦτοι
1747 5134 1805 5211 δὲ
1835 5142 1975 5211 όντες
2000 5134 2071 5188 re
2104 5135 2308 5208 βιϐλίον
2334 5134 2688 5209 τυγχάνουσι.

798 5210 845 5246 ⁸ο
876 5209 1201 5283 ἕπιλυόμενος
1234 5225 1336 5282 mg
1362 5210 1690 5266 editionum
1725 5226 1738 5264 :
1764 5208 2123 5280 ἐπιλαϐόμενος
2155 5215 2217 5263 Α.

2766 5137 2811 5171 ⁷⁷
2850 5134 3089 5190 σωσάναν
3122 5144 3185 5193 Α.
3265 5138 3313 5173 ⁷⁸
3339 5134 3443 5189 οὐχ’
3467 5134 3530 5197 ἧν

1739 5343 1961 5400 NOTAE.

257 5482 353 5555 (46)
383 5484 645 5543 Meminit
673 5490 733 5543 in
780 5487 1063 5559 Catalogo
1104 5488 1170 5542 B.‘
1198 5487 1428 5543 Hieron.
1468 5503 1603 5558 cap.
1650 5490 1713 5542 14
1746 5503 1761 5553 ;

202 5552 625 5635 §0sephusitem
640 5562 715 5635 in
761 5562 890 5617 Vita
927 5552 1041 5617 su'a
1068 5568 1124 5617 et
1144 5561 1483 5633 Stephanus
1511 5552 1636 5635 Περὶ
1668 5552 1765 5612 τιό-ὲ

203 5622 517 5715 tet-ﬁeis-
544 5632 697 5715 aliis
705 5647 798 5715 us-

255 5698 357 5773 (47)
379 5702 518 5759 Vide
535 5698 812 5761 Bibh'oth.
835 5702 977 5761 Sixti
998 5704 1244 5760 Senens.
1266 5702 1369 5759 lib.
1397 5717 1517 5772 vm,
1545 5702 1758 5760 haras.

1870 5487 1905 5540 6
1938 5488 2096 5542 :Jac.
2134 5485 2355 5557 Pamel.
2387 5484 2465 5557 ad
2508 5500 2641 5557 cap.
2690 5486 2724 5541 4
2772 5484 3008 5542 Tertull.
3058 5486 3143 5542 De
3166 5501 3385 5542 corona
3427 5485 3538 5543 mi-

1873 5559 1963 5614 ιιι.
2005 5564 2062 5614 et
2119 5556 2341 5613 Bened.
2405 5556 2603 5613 Pereri
2658 5566 2927 5613 nos-trum
2980 5557 3215 5614 Prmtat.
3276 5558 3382 5615 lib.
3432 5575 3536 5615 xvr

1870 5628 2190 5705 Comment.
2232 5626 2476 5705 ίῃραη.
2524 5628 2788 5705 Africani
2811 5629 2985 5705 epist.
3010 5644 3151 5687 cum
3179 5645 3336 5705 resp.
3367 5631 3532 5702 Orig.

1869 5706 2061 5759 exstat
2088 5701 2147 5757 in
2178 5699 2435 5758 editione
2469 5714 2723 5774 operum
2752 5699 3045 5773 Origenis.
