4046 6228
453 257 522 312 67
1683 257 1916 315 PHOTll
1950 262 2096 318 PATl

2212 263 2437 322 ,RCH/E
2465 263 2572 326 ΟΡ.
3756 275 3829 332 68

526 399 776 472 Scripsit
800 415 1042 472 quoque
1066 399 1376 456 Africanus
1403 401 1477 457 ad
1498 401 1832 470 Aristidem,
1856 404 1956 459 ubi
1976 421 2096 477 qua

2293 394 2479 465 Γράφει
2544 391 2602 446 δὲ
2673 395 2982 467 ’Δφρικανός
3036 403 3124 450 καὶ
3181 403 3311 472 πρὸς
3371 398 3723 473 Ἀριστείδην,
3778 403 3830 456 ἄν

456 491 532 546 de
560 490 881 547 Salvatoris
916 490 1100 545 ucstri
1131 491 1481 560 genealogia
1511 492 1844 547 Matthteum
1875 492 2028 548 inter
2057 509 2096 549 e‘

2218 482 2294 542 οἷς
2327 485 2512 546 ἱκανῶς
2539 490 2632 542 τὴν
2681 491 3019 558 νομιζομένην
3067 486 3351 560 διαφωνίαν
3385 494 3524 565 παρὰ
3567 495 3826 566 Ματθαίῳ

455 582 674 635 Lucam
715 579 1010 634 dissensio
1054 579 1392 649 putabatur,
1428 579 1652 634 nullam
1697 596 1825 635 esse
1856 583 2101 638 demon-

454 675 618 724 strat.

1199 758 1392 812 XXXV.

524 845 796 915 Philippi
819 846 1038 902 Sidetas
1082 845 1440 903 Christiana
1491 847 1761 903 Historiae
1793 849 1931 904 libri
1957 865 2103 905 XXIV.

523 938 762 991 Lectum
843 935 1093 1005 Philippi
1164 936 1376 990 Sidetas
1429 953 1603 1008 opus,
1676 938 1846 1008 cujus
1907 938 2104 994 titulus

457 1025 801 1082 Christiana
831 1025 1116 1088 Historia,
1136 1025 1315 1080 ducto
1341 1025 1475 1080 inde
1498 1027 1663 1082 initio
1697 1048 1709 1082 :
1742 1049 1770 1075 «
1800 1028 1862 1081 In
1895 1029 2104 1099 princi-

453 1115 552 1186 pio
601 1115 816 1168 creavit
851 1115 1001 1167 Deus
1041 1113 1259 1168 coelum
1289 1120 1345 1169 et
1371 1120 1606 1169 terram.
1642 1136 1669 1164 η
1703 1119 1766 1170 Et
1795 1118 2102 1189 persequi-

453 1210 543 1258 tur
563 1201 832 1258 Mosaicte
869 1202 1125 1256 historias
1154 1202 1433 1273 quaedam
1463 1205 1785 1272 succincte,
1816 1207 2098 1277 quasdam

451 1292 692 1364 capiose
717 1308 729 1346 :
763 1291 962 1346 multis
991 1290 1207 1362 ubique
1227 1291 1423 1346 verbis
1451 1310 1614 1347 usus.
1643 1293 1877 1350 Primus
1897 1302 2097 1352 autem

447 1381 596 1437 liber
637 1388 828 1436 tomos
859 1380 1119 1435 continet
1147 1386 1406 1451 quatuor
1447 1388 1503 1436 et
1545 1383 1748 1452 viginti
1785 1401 1798 1439 :
1833 1384 2100 1440 similiter

451 1470 728 1541 etreliqui
757 1477 872 1524 tres
899 1476 954 1524 et
971 1469 1176 1538 viginti
1196 1469 1351 1535 libri,
1369 1487 1521 1542 quos
1543 1475 1784 1543 quidem
1807 1474 2094 1530 hactenus

448 1560 709 1614 vidimus
735 1559 961 1630 (48-49).
987 1558 1224 1614 Multum
1248 1561 1320 1615 ad
1334 1561 1581 1616 modum
1602 1562 1940 1627 verborum,
1973 1564 2098 1619 sine

448 1648 567 1703 ulla
594 1654 791 1703 tamen
821 1649 1155 1702 urbanitate
1187 1656 1285 1702 aut
1308 1649 1496 1716 gratia
1518 1650 1818 1720 profundit
1841 1668 1854 1706 :
1879 1653 2022 1723 quin
2037 1657 2093 1708 et

450 1738 779 1792 satietatem
823 1736 1011 1801 affert,
1063 1743 1164 1792 aut
1222 1739 1418 1808 potius
1468 1738 1800 1795 molestiam

447 1827 860 1882 ostentationis
887 1827 1020 1897 plus
1043 1826 1224 1880 habet
1252 1842 1433 1897 quam
1461 1827 1745 1883 utilitatis.
1772 1830 2095 1887 lnseruitet

446 1916 702 1987 plurima
733 1915 1040 1969 historiam
1073 1914 1217 1969 nihil
1257 1917 1583 1985 attinentia,
1616 1922 1675 1972 ut
1706 1934 1824 1974 non
1854 1925 1973 1974 tam
2014 1920 2100 1974 hi-

446 2004 688 2059 storiam
716 2020 862 2067 esse,
895 2020 1082 2074 quam
1115 2003 1445 2059 alienorum
1482 2007 1857 2075 negotiorum
1889 2014 2099 2064 tracta-

445 2093 664 2146 tionem
713 2091 888 2162 (adeo
931 2093 1119 2164 inepte
1142 2091 1486 2164 effunditur)
1545 2096 1781 2151 dixeris.
1834 2097 2097 2170 Equalis

446 2182 554 2236 fuit
598 2181 694 2251 7b
781 2180 1042 2245 Sisinnii,
1111 2189 1165 2236 et
1236 2182 1420 2237 Procli
1471 2187 1608 2254 (50),
1687 2187 2097 2258 episcoporum

447 2269 1010 2340 ConstantinOpolis.
1044 2274 1232 2341 Atque
1284 2271 1342 2325 in
1383 2273 1495 2326 hac
1527 2273 1774 2344 quidem
1819 2275 2098 2333 historica

445 2359 764 2430 scriptione
783 2375 940 2430 διξερε
965 2359 1282 2414 Sisinnium
1305 2363 1642 2431 perstringit
1658 2364 1772 2434 (51)
1793 2379 1805 2427 ;
1827 2366 1985 2435 quod
2007 2368 2096 2430 (ut

445 2446 661 2518 ferunt)
692 2448 838 2502 dum
894 2447 1048 2502 idem
1081 2465 1302 2502 munus
1346 2449 1458 2521 (52)
1505 2458 1746 2523 uterque
1797 2452 2005 2519 obiret,
2039 2459 2095 2509 et

443 2537 781 2609 eloquentia
795 2538 1019 2608 primas
1034 2544 1227 2592 tenere
1244 2537 1554 2610 Philippus
1575 2541 1888 2608 videretur,
1912 2542 2091 2598 Sisin-

444 2626 579 2681 nius
607 2633 807 2682 tamen
856 2629 914 2681 in
945 2627 1396 2697 patriarchalem
1429 2629 1635 2686 sedem
1667 2630 1780 2702 (53)
1815 2631 2093 2703 praelatus

445 2715 618 2772 fuerit
637 2719 772 2786 (54).

1129 2807 1351 2862 XXXVI.

448 2894 927 2950 Christianorum
952 2894 1478 2959 liber,0ctateuchi
1495 2899 1785 2968 expositio
1803 2900 1970 2956 libris
1992 2918 2090 2957 ιιι.

515 3054 722 3109 Lectus
768 3053 915 3108 liber
950 3056 1056 3118 est,
1091 3053 1192 3125 qui
1230 3053 1572 3110 inscribitur
1617 3057 2091 3116 Christianorum

449 3142 642 3210 Liber,
669 3142 1018 3198 Octateuchi
1044 3143 1355 3210 expositio.
1391 3144 1703 3216 Pamphilo
1720 3147 1964 3203 cuidam
1995 3149 2088 3205 de-

443 3231 667 3288 dicavit
704 3245 839 3286 eum
873 3238 1101 3296 auctor,
1145 3234 1245 3302 qui
1289 3233 1502 3288 Justini
1547 3235 1951 3292 Romanorum
1982 3238 2092 3294 im-

2217 577 2301 622 καὶ
2361 579 2539 644 Λουκᾲ
2591 582 2706 649 περὶ
2752 585 2844 638 τῆς
2887 585 2975 630 τοῦ
3018 585 3253 652 Σωτῆρος
3303 582 3447 651 ἡμῶν
3492 583 3829 655 γενεαλογίας

2219 663 2488 732 σύμφωνον
2523 660 2729 726 ἔδειξεν.

2953 755 3074 810 ΛΕ’.

2428 841 2681 894 Φιλίππου
2713 839 2921 895 Σιδέτου
2954 851 3302 917 Χριστιανιδιὴ
3333 845 3580 921 Ἱστορία.

2286 928 2608 1000 Ἀνεγνωσθη
2669 931 2872 1003 βίϐλίον
2931 933 3188 986 Φιλίππου
3240 933 3475 1001 Σιδέτου,
3521 938 3581 990 οὗ
3624 940 3653 996 ἠ
3712 937 3827 991 ἐπι-

2209 1023 2382 1090 γραφὴ
2417 1025 2763 1090 Χριστιανικὴ
2795 1021 3041 1094 Ἱστορία.
3077 1025 3406 1099 Ἀπάρχεται
3449 1023 3508 1079 δι
3555 1026 3656 1078 ἀπὸ
3702 1037 3820 1093 τοῦ,

2210 1130 2238 1156 ‹‹
2291 1109 2378 1162 Ἐν
2423 1107 2566 1181 ἀρχῇ
2619 1109 2858 1168 ἐποίησεν
2912 1114 2937 1163 ό
2981 1117 3100 1174 Θεὸς
3151 1116 3262 1182 [τὸν
3315 1115 3530 1190 οὐρανὸν
3582 1122 3671 1168 καὶ
3723 1122 3823 1176 τὴν

2207 1206 2305 1267 γῆν
2329 1197 2426 1270 ⁸¹,]
2449 1220 2475 1247 ι)
2499 1205 2587 1250 καὶ
2618 1195 2837 1262 διέξεισι
2859 1202 2924 1252 τὰ
2949 1205 3037 1273 μὲν
3063 1208 3354 1274 συντέμνων
3376 1207 3442 1256 τὰ
3466 1201 3525 1256 δε
3549 1205 3824 1258 πλατύνων

2206 1291 2300 1344 τὴν
2353 1292 2636 1346 Μωσαίκὴν
2689 1292 2944 1364 ἱστορίαν,
3001 1293 3140 1352 ὅμως
3183 1289 3271 1344 οὖν
3322 1293 3543 1355 πολλοὺς
3592 1293 3640 1346 ἕν
3686 1301 3827 1348 πᾶσι

2206 1374 2386 1446 λόγους
2418 1377 2725 1434 ἀναλίσκων.
2757 1377 2814 1430 Ἠ
2861 1386 3038 1452 πρώτη
3093 1377 3181 1433 οὖν
3212 1381 3371 1433 αὐτοῦ
3423 1381 3604 1454 βίϐλος
3632 1383 3828 1454 λόγους

2206 1471 2438 1538 περιέχει
2470 1469 2516 1502 ⁸²
2547 1465 2634 1518 x6”
2659 1488 2672 1500 ο
2707 1470 2952 1529 ὡσαύτως
2984 1466 3042 1522 δε
3091 1476 3179 1522 καὶ
3229 1473 3283 1522 αἱ
3325 1471 3476 1522 ἄλλαι
3525 1472 3686 1524 αὐτοῦ
3734 1487 3826 1545 κγ’

2208 1554 2378 1627 βίϐλοι
2431 1555 2526 1608 ἀνὰ
2573 1555 2734 1627 λόγων
2784 1553 2890 1622 κδ’,
2940 1558 2997 1618 ἃς
3047 1564 3173 1620 τέως
3215 1561 3361 1631 ἡμεῖς
3409 1557 3632 1634 εἴδομεν.
3664 1560 3824 1615 Ἐστι

2207 1642 2266 1696 δὲ
2325 1645 2592 1717 πολύχους
2643 1652 2754 1706 ταῖς
2799 1646 3015 1712 λέξεσιν,
3048 1648 3142 1700 οὐκ
3183 1647 3379 1709 ἀστεῖος
3433 1646 3491 1701 δὲ
3537 1647 3661 1702 οὐδε
3712 1650 3824 1702 ἐπί·

1858 1762 1870 1794 :
1921 1745 2098 1812 atque
2129 1751 2174 1806 Β
2207 1753 2384 1806 χαρις,
2445 1735 2572 1786 ἀλλὰ
2614 1740 2704 1787 καὶ
2757 1742 3075 1811 προσκορὴς,
3123 1737 3311 1808 μᾶλλον
3367 1735 3425 1790 δε
3473 1743 3563 1790 καὶ
3619 1737 3821 1804 ἀηδὴς,

2208 1829 2294 1876 καὶ
2343 1822 2688 1884 ἐπιδεικτικὰς
2739 1824 2927 1896 μᾶλλον
2977 1829 3004 1882 ἤ
3081 1825 3347 1898 ὠφελιμος,
3406 1832 3494 1878 καὶ
3572 1846 3820 1900 παρεντι·

2210 1917 2313 1976 θεὶς
2344 1915 2388 1948 ⁸³
2434 1916 2502 1975 ὡς
2548 1913 2768 1965 πλεῖστα
2809 1910 2976 1984 μηδεν
3020 1919 3145 1984 πρὸς
3194 1920 3286 1966 τὴν
3334 1917 3568 1988 ἱστορίαν
3608 1921 3823 1968 συντεί-

2207 2023 2380 2065 νοντα,
2413 2007 2481 2064 ὡς
2526 2000 2676 2055 οὐδὲν
2724 2003 2914 2074 μᾶλλον
2966 2005 3198 2076 ἱστορίαν
3250 2001 3380 2056 εἶναι
3409 2005 3438 2063 ἦ
3492 2009 3823 2078 πραγμάτων

2208 2092 2386 2166 ἑτέρων
2443 2097 2535 2150 τὴν
2594 2096 2951 2165 πραγματείαν
3026 2088 3279 2162 διάληψιν
3314 2113 3326 2125 ·
3381 2093 3544 2153 οὕτως
3603 2093 3821 2166 ἀπειροο

2206 2181 2394 2245 κάλως,
2440 2180 2740 2252 ἐκκέχυται.
2789 2183 3088 2252 Σύγχρονος
3139 2178 3196 2234 δὲ
3249 2187 3503 2234 Σισιννίου
3551 2188 3641 2234 καὶ
3686 2188 3821 2253 Πρό-

2205 2270 2352 2336 κλου,
2437 2269 2485 2322 οἳ
2587 2270 3173 2331 Κωνσταντινουπόλεως
3248 2269 3636 2329 ἐπεσκόπησαν.
3736 2273 3818 2325 Ἐν

2207 2357 2265 2413 δὲ
2319 2369 2379 2432 τῇ
2436 2361 2595 2411 αὑτοῦ
2651 2368 2741 2419 τῆς
2797 2361 3029 2432 ἱστορίας
3087 2368 3362 2434 συγγραφῇ
3424 2361 3614 2419 πολλὴν
3657 2380 3813 2414 κατα-

2206 2446 2407 2522 δρομῆν
2474 2453 2730 2501 Σισιννίου
2796 2456 3040 2517 ποιεῖται,
3093 2451 3172 2500 ὃτι
3224 2453 3310 2501 τόν
3390 2450 3540 2502 αὐτόν
3623 2450 3810 2524 κλῆρον

2204 2541 2357 2610 ἄμφω
2426 2538 2776 2610 πληρούντων,
2830 2535 2924 2589 κᾶν
2975 2538 3148 2609 λόγοις
3207 2541 3483 2611 πρωτεύειν
3546 2538 3810 2591 Φιλίππου

2205 2623 2503 2691 δοκοῦντος,
2557 2632 2829 2692 Σισίννιος,
2899 2632 3076 2698 φασὶν,
3135 2626 3202 2688 εἰς
3271 2630 3358 2679 τὸν
3438 2625 3810 2701 ἀρχιερατικόν

2206 2719 2381 2791 θρόνον
2412 2716 2687 2780 ἐξείλεκται
2713 2716 2783 2771 ⁸⁴.

2944 2805 3065 2869 Λς·’.

2205 2896 2425 2961 Βιϐλίον,
2473 2896 2532 2948 οὗ
2589 2895 2873 2970 ἐπιγραφὴ,
2911 2902 3254 2970 ΔΧριστιανῶν
3305 2893 3507 2967 βίϐλος,
3562 2895 3808 2970 ἑρμηνεία

2690 2966 2756 3026 εἰς
2786 2971 2880 3025 τὴν
2911 2966 3159 3019 Ὀκτάτευ
3164 2986 3284 3038 χον.

2273 3057 2597 3128 Ἀνεγνωσθη
2650 3054 2872 3127 βιϐλίον,
2919 3055 2979 3106 οὗ
3019 3057 3048 3113 ἡ
3095 3057 3355 3128 ἐπιγραφὴ
3405 3063 3727 3130 Χριστιανοῦ
3758 3056 3804 3092 ⁸⁵

2203 3147 2402 3221 βίϐλος,
2459 3145 2701 3217 ἑρμηνεία
2754 3144 2824 3206 εἰς
2878 3149 2964 3202 τὴν
3018 3144 3377 3216 Ὀκτάτευχον
3438 3145 3689 3217 Παμφίλῳ
3743 3143 3804 3198 δέ

2199 3257 2302 3290 τινι
2355 3242 2648 3309 προσφωνεί
2703 3237 2759 3286 τό
2815 3231 3036 3305 βιϐλίον.
3089 3232 3182 3286 Ἦν
3231 3229 3289 3286 δι
3347 3241 3463 3297 ταῖς
3515 3234 3803 3287 Ἰουστίνου

1843 3381 2080 3436 VARI/ﬁ
2121 3380 2517 3439 LECTIONES.

515 3501 557 3535 ⁸1
591 3502 677 3551 τὸν
707 3499 920 3574 οὐρανὸν
950 3504 1038 3552 καὶ
1063 3503 1154 3574 τὴν
1178 3508 1273 3574 γῆν
1300 3516 1418 3555 om.
1446 3504 1510 3554 A.

439 3580 536 3623 νῶν
570 3593 622 3635 ς.
679 3571 813 3625 eum
847 3571 1061 3626 librum
1095 3571 1172 3626 ab
1213 3573 1422 3646 Allati_o
1466 3590 1715 3646 quoque

1615 3505 1661 3538 ⁸³
1692 3509 1925 3631 πεὲιίχει
1953 3506 2134 3578 λόγους
2168 3529 2225 3562 ρ.

1615 3591 1715 3631 me
1794 3579 2039 3631 hristino
2092 3579 2225 3631 cuid

1794 3574 2039 3635 hristino
2092 3579 2335 3636 cuidam
2363 3596 2412 3631 s.
2446 3574 2735 3649 Christiuo
2763 3575 2971 3630 datum
3001 3591 3161 3629 nunc
3187 3574 3428 3630 inscribi
3460 3574 3644 3647 Κοσμᾶ
3674 3595 3804 3649 χρι-

2329 3507 2374 3540 ”
2403 3506 2726 3579 παρεντιθεὶς
2751 3525 2805 3579 ς..
2883 3503 2930 3537 ⁸⁴
2962 3501 3282 3579 ἐξελήλαται
3315 3508 3382 3579 Δ-..
3414 3574 3424 3579 _
3455 3504 3502 3537 ⁸⁸
3551 3522 3805 3576 χριστια-

444 3647 714 3701 στιανικήν
744 3648 1116 3715 τοπογραφίαν,
1148 3651 1347 3699 monet
1375 3644 1679 3701 Fabricius
1712 3649 1771 3704 Β.
1798 3651 1892 3704 Gr.
1919 3655 1958 3706 t.
1999 3652 2052 3717 4,
2091 3669 2148 3724 p.
2179 3652 2282 3707 343
2312 3649 2405 3706 ed.
2441 3648 2661 3704 Harles.

2002 3773 2242 3831 NOT/E.

510 3889 731 4014 (Qui?
755 3891 902 3945 Nam
933 3891 1000 3946 37
1029 3879 1288 3948 edidisse
1328 3897 1536 3950 auctor
1583 3900 1670 3949 est
1704 3895 1996 3963 Socrates,
2031 3903 2087 3954 et

539 3963 640 4014 illo
721 3963 912 4014 icenh.

435 3979 507 4019 ex
539 3963 640 4016 illo
669 3963 912 4034 Niceph.

507 4035 624 4104 (50)
674 4033 822 4088 Cum
855 4033 1099 4106 quibus,
1154 4040 1216 4091 ut
1245 4041 1300 4092 et
1334 4053 1472 4092 cum
1505 4039 1790 4106 Nestorio,
1822 4038 1896 4096 de
1946 4040 2088 4096 sede

438 4107 1090 4177 Constantinopolitana
1133 4108 1456 4164 contendit.
1489 4115 1771 4166 Auctores
1811 4113 2084 4168 Socrates

437 4183 494 4233 et
529 4177 914 4249 Nicephorus.

509 4248 624 4320 (5t)
653 4248 777 4328 Imp
807 4261 866 4328 et
893 4248 1203 4328 episcopos
1236 4251 1772 4328 quiuordinassent,
1797 4258 1856 4309 et
1900 4271 2088 4328 popu-

433 4319 693 4396 lumiquj
724 4321 1013 4396 elegisset.
1048 4319 1274 4376 Socrat.
1306 4320 1406 4376 lib.
1452 4339 1543 4389 vn,
1581 4340 1713 4396 cap.
1748 4325 1834 4380 29.

508 4391 621 4461 (52)
654 4390 1020 4461 Presbyterii.

508 4392 596 4458 (5‘2
654 4391 1020 4461 Presbyterii.

508 4391 621 4602 (53;
657 4460 942 4540 Defuncto
969 4459 1180 4540 Attico.

508 4535 597 4602 (54
666 4534 868 4586 Visum
903 4539 1180 4586 estinsert

506 4532 618 4603 (54)
666 4532 868 4586 Visum
903 4533 1265 4587 estinserere
1298 4533 1554 4590 Socratis
1584 4533 1686 4589 lib.
1717 4551 1816 4602 vn,
1858 4537 2078 4594 Ectess.

433 4604 663 4659 Hister.
692 4618 824 4674 cap.
845 4605 931 4665 27,
956 4605 1119 4675 quod
1143 4604 1280 4658 huic
1308 4620 1457 4675 pene
1477 4608 1787 4676 geminum
1815 4609 1908 4674 sit,
1934 4618 1985 4666 et
2010 4628 2081 4665 ex

433 4676 1090 4751 comparationeOpera:
1121 4677 1361 4751 pretium
1380 4678 1520 4751 fiat;
1545 4701 1571 4727 ‹‹
1599 4680 1905 4751 ι·1]ίιῆρρυε
1929 4682 2082 4737 Sidae

433 4753 594 4824 ortus
612 4747 733 4824 init.
756 4748 889 4824 llaec
902 4750 1250 4824 quidemest
1263 4748 1464 4824 civitas
1481 4747 1871 4824 Pamphylius,
1890 4753 1946 4806 in
1961 4769 2083 4824 qua

433 4818 611 4895 etiam
630 4818 1225 4895 TrOphilus_(Troitas
1255 4821 1466 4895 melius
1480 4818 1662 4876 habet
1695 4818 1957 4895 Niceph.)
1982 4818 2083 4879 so-

433 4889 637 4964 phista
651 4897 825 4945 natus
847 4891 1265 4964 diciturLcuise
1290 4893 1594 4964 Philippus
1615 4889 2079 4957 cognatum'esse

435 4961 721 5030 gloriatus
769 4970 875 5016 est.
927 4963 1026 5017 Hic
1059 4962 1362 5034 Philippus
1402 4961 1539 5021 cum
1572 4973 1725 5021 esset
1765 4968 2078 5034 diaconus,

430 5035 675 5110 Joannis
707 5034 1159 5110 (ChrysOstomi)
1187 5037 1447 5110 episcopi
1484 5039 1931 5110 consuetudine,
1962 5056 2083 5110 qua

433 5108 688 5161 multum
729 5121 873 5160 usus
913 5113 1019 5168 est,
1061 5107 1353 5176 impulsus
1403 5107 1460 5163 in
1494 5109 1708 5163 studiis
1751 5107 2080 5165 litterarum

431 5177 794 5253 permultum
816 5178 1028 5253 _operis
1055 5185 1110 5232 et
1138 5177 1368 5253 laboris
1392 5179 1711 5253 collocavit,
1741 5181 2081 5253 multosque

432 5248 487 5330 et
511 5249 706 5330 varios
731 5248 1283 5330 cujusquegeneris
1314 5250 1497 5305 libros
1523 5252 1580 5305 in
1611 5268 1802 5330 unum
1825 5248 2074 5330 collegit,

431 5327 609 5392 atque
650 5319 968 5392 Asiaticum
1003 5321 1239 5375 dicendi
1281 5336 1469 5388 genus
1504 5323 1768 5378 studiose
1792 5319 2077 5390 imitatus,

432 5391 620 5465 multa
647 5391 1018 5462 conscripsit.
1061 5395 1123 5446 Et
1168 5407 1287 5463 quo
1331 5393 1543 5448 Juliani
1579 5398 1721 5465 imp.
1767 5396 1948 5449 libros
1996 5412 2080 5449 re-

431 5463 666 5544 felleret.
696 5478 846 5544 opus
872 5465 1070 5528 etiam,
1109 5466 1271 5544 quod
1306 5465 1636 5544 Historiam
1669 5463 2078 5544 Christianam

431 5533 814 5617 inscribendo
827 5533 1185 5617 composuit,
1200 5536 1378 5608 inque
1395 5537 1631 5617 triginta
1645 5554 1747 5593 sex
1762 5538 1943 5617 libros
1959 5539 2080 5617 dis-

429 5606 655 5680 tribuit.
692 5605 914 5675 Singuli
947 5605 1076 5680 libri
1113 5605 1316 5680 _tomos
1356 5605 1694 5680 complures
1747 5609 2075 5676 continent,

429 5678 582 5739 adeo
628 5680 691 5735 ut
720 5692 930 5737 omnes
960 5677 1133 5735 simul
1160 5694 1347 5752 prope
1369 5677 1532 5738 mille
1557 5696 1808 5737 numero
1821 5680 1956 5737 sint.
1976 5687 2077 5737 Ar-

2196 3900 2548 3968 gumentum
2567 3895 2743 3950 etiam
2764 3894 3051 3968 cujusque
3069 3893 3212 3968 tomi
3231 3898 3459 3949 tomum
3479 3893 3675 3965 ipsum
3697 3893 3806 3968 ad-

2196 3966 2834 4040 aequat.(Nicephori_un
2857 3966 2949 4020 hic
2968 3968 3089 4040 duo
3107 3967 3670 4040 distinxisseopera,
3689 3967 3805 4021 ob-

2196 4037 2386 4094 servo:
2405 4037 3280 4119 Opurinquit,magniﬁcum,ift
3292 4037 3654 4119 quotidiani
3665 4053 3803 4119 con:

2197 4117 2290 4167 tra
2309 4127 2483 4167 sacra
2514 4108 2716 4189 _Biblia
2743 4111 3052 4188 scriptum,
3072 4108 3581 4189 everti_t,lretiquit.
3609 4109 3802 4189 Αίίιιά

2195 4197 2422 4253 quoque
2435 4183 2705 4237 volumen
2721 4183 3070 4253 composuit,
3084 4179 3242 4249 quod
3255 4179 3651 4253 Christianam
3678 4180 3800 4253 his-

2195 4251 2404 4309 toriam
2426 4251 2797 4322 nominavit.)
2816 4254 2931 4305 Hoc
2943 4266 3094 4322 opus
3111 4266 3228 4304 non
3249 4253 3570 4306 Historiam
3596 4251 3800 4307 Eccle-

2192 4325 2488 4382 siasticam
2500 4369 2513 4393 ,
2529 4325 2631 4379 sed
2647 4323 3046 4378 Christianam
3060 4322 3369 4392 inscripsit,
3389 4338 3444 4376 m
3456 4322 3727 4393 ultasque
3740 4327 3801 4377 et

2193 4397 2389 4452 varias
2405 4399 2459 4452 in
2477 4413 2544 4452 eo
2559 4397 2854 4466 congessit
2871 4395 3165 4450 materias:
3190 4409 3259 4448 eo
3273 4394 3507 4454 quidem
3521 4393 3797 4466 consilio,

2194 4473 2256 4523 ut
2271 4486 2333 4523 se
2347 4469 2631 4523 doctrinae
2647 4464 3139 4538 phiIOsophorum
3157 4480 3276 4520 non
3292 4471 3590 4536 expertem
3613 4464 3797 4538 fuisse

2192 4539 2539 4594 declararet.
2573 4535 2944 4609 Quapropter
2984 4535 3412 4608 prazceptiones
3444 4535 3798 4609 grammati-

2191 4626 2311 4674 cas,
2338 4611 2791 4674 astronomicas,
2811 4607 3209 4663 arithmeticas
3229 4613 3288 4662 et
3307 4609 3566 4662 musicas
3586 4607 3797 4662 crebro

2191 4683 2348 4738 citat.
2381 4683 2530 4748 Quin
2551 4683 2729 4736 etiam
2757 4680 3009 4741 insulas,
3038 4687 3289 4744 montes,
3311 4685 3365 4733 et
3387 4679 3534 4733 alias
3555 4694 3647 4732 res
3675 4695 3796 4734 non

2193 4755 2394 4822 magni
2429 4753 2710 4808 momenti
2739 4751 3020 4806 describit
3044 4767 3057 4814 ;
3084 4751 3240 4805 unde
3265 4767 3417 4820 opus
3445 4749 3716 4804 inﬂatum
3739 4759 3800 4804 et

2191 4824 2434 4896 plenum
2469 4824 2660 4896 inanis
2691 4823 3104 4878 ostentationis
3132 4823 3346 4877 factum
3377 4827 3485 4896 est.
3521 4822 3712 4896 Quare
3745 4822 3796 4876 si

2239 4897 2333 4950 uid
2361 4895 2912 4966 egojndico,neque
2939 4896 3152 4966 doctis,
3171 4909 3362 4966 neque
3382 4892 3636 4966 indoctis
3659 4909 3797 4962 pro-

2239 4912 2333 4950 ula
2361 4912 2912 4966 egoiuaicomeque
2939 4912 3152 4958 (locus,
3171 4912 3362 4963 neque
3382 4912 3636 4947 inuocus
3659 4912 3797 4962 pro-

2190 4912 2360 5021 gesse
2388 4969 2619 5037 poterit.
2648 4966 2878 5037 Quippe
2901 4965 3121 5020 indocti
3144 4965 3492 5020 insolentem
3528 4963 3707 5028 illam,
3735 4970 3799 5037 et

2193 5039 2376 5093 nimio
2388 5035 2636 5093 artificio
2649 5035 3014 5093 elaboi'atam
3031 5037 3260 5090 dicendi
3273 5039 3716 5106 rationemque).
3731 5035 3797 5091 in

2190 5126 2257 5164 eo
2279 5110 2661 5177 est,animum
2697 5111 2997 5164 advertere
3025 5113 3363 5178 nequeunt;
3399 5107 3554 5160 docti
3589 5113 3797 5162 autem

2189 5184 2460 5236 crebram
2489 5181 2838 5236 eorumdem
2875 5177 3189 5235 verborum
3220 5177 3796 5250 repetitionem,qum

2188 5253 2247 5308 in
2264 5253 2360 5307 illo
2375 5248 3454 5323 usurpatur,condemnabunLCaateru
3467 5251 3796 5323 mquisque

2187 5324 2261 5378 de
2276 5321 2563 5379 librisilli's
2583 5340 2687 5394 pro
2702 5323 2988 5378 arbitratu
3005 5322 3408 5390 suojndicium
3427 5321 3797 5394 faciat.0_rdi-

2189 5412 2326 5450 nem
2344 5413 2476 5450 vero
2501 5391 2858 5467 temporum,
2875 5394 3094 5465 quibus
3127 5410 3216 5446 res
3236 5394 3618 5467 gerebantur,
3634 5391 3705 5467 ab
3724 5408 3793 5445 eo

2188 5468 2504 5522 confusum
2554 5464 2702 5530 esse,
2737 5464 2932 5520 audeo
2980 5467 3222 5536 quidem
3273 5464 3592 5536 affirmare.
3643 5465 3792 5517 Nam

2191 5539 2558 5610 temporibus
2571 5537 2891 5610 Theodosii
2906 5535 3410 5610 commemoratis,
3426 5535 3501 5589 ad
3519 5539 3796 5610 tempora

2185 5606 2436 5680 (Magni,
2470 5607 2635 5664 addit
2665 5609 2935 5680 Nicepb.)
2961 5609 3271 5664 Athanasii
3299 5606 3565 5680 episcopi
3595 5621 3795 5660 recur-

2185 5678 2276 5738 rit.
2309 5678 2478 5748 Quod
2504 5680 2752 5754 quidem
2781 5678 2860 5738 ab
2879 5679 2980 5738 illo
3008 5680 3332 5752 saepissime
3364 5678 3588 5734 factum
3617 5682 3728 5734 est.
3758 5697 3786 5730 ››
