4046 6228
197 280 249 333 59
1091 254 1594 322 BIBLIOTHECA.
1625 295 1691 307 -
1720 264 1931 321 CODD.
1967 256 2510 323 XXXV-XXXVIII.
3426 268 3499 327 7O

205 414 269 459 τεῦ
318 400 559 470 Ῥωμαίων
638 397 686 431 ⁸⁸
766 393 1019 468 βασιλέως
1096 394 1318 465 ἡμέραις
1403 389 1726 462 ἕνακμάζων,

1852 391 2133 460 peratoris
2182 392 2549 463 temporibus
2588 392 2804 449 ﬂoruit.
2845 394 3057 466 Incipit
3100 411 3278 466 super
3315 398 3499 457 eccle-

211 496 454 559 Ἀτέεχεται
482 490 577 557 μὲν
602 487 647 520 ⁸⁷
678 482 769 536 οὖν
796 485 843 519 ⁸⁸
871 485 992 555 ὑπέρ
1022 482 1069 516 ⁸⁸
1100 500 1249 533 τινων
1280 480 1730 536 ἑκκλησιαστικών

211 554 408 650 διαχέων
470 554 779 648 Ῠραφικαῐς,
834 576 898 634 ὡς
964 554 1154 637 ίδόκει,
1208 575 1523 642 μαρτυρίαις
1597 568 1732 639 ἀγω-

204 670 369 729 ›εξεε6αι
391 681 403 695 ’
435 667 552 717 ἔστι
585 661 643 716 δὲ
674 665 916 723 ταπεινός
942 665 1037 718 τὴν
1082 661 1273 731 φράσιν
1315 664 1405 709 καὶ
1446 658 1734 720 συντάξεως

201 755 278 810 ιέδε
312 763 396 815 τῆς
436 760 616 814 κοινῆς
663 756 919 823 μετέχων.
971 748 1125 800 Ἀλλὰ
1171 752 1261 799 καί
1304 767 1421 800 τινα
1464 749 1599 800 κατὰ
1639 751 1733 805 τὴν

188 852 369 916 ineptas
416 842 507 915 [24
556 840 649 913 8.]
706 840 935 892 ἀπίθανα
982 839 1299 894 συντίθησι·
1360 832 1446 888 διὸ
1494 841 1584 888 καὶ
1640 855 1737 907 μυ·-

185 940 408 1003 ειιώτςρον
466 931 659 1001 μᾶλλον
717 932 747 989 ἣ
805 929 1144 991 ἀληθέστερον
1200 927 1441 997 ἡγεῖσθαι
1496 929 1583 976 τόν
1640 926 1735 976 οἶν-

184 1028 342 1097 θρωεον
395 1019 621 1074 δίκαιον.
679 1019 829 1093 ’Υπὲρ
891 1017 957 1068 ὧν
1024 1013 1083 1069 δὲ
1138 1012 1383 1086 δόγματα
1452 1013 1733 1079 ένίσταται,

178 1117 267 1165 ἔστι
302 1120 472 1174 ταῦτα,
518 1112 599 1162 ὅτι
644 1111 669 1159 ό
711 1108 927 1179 οὐρανὸς
956 1106 1050 1158 οὐκ
1093 1107 1205 1156 ἔστι
1248 1106 1279 1161 ἡ
1316 1112 1410 1174 γῆ,
1444 1102 1549 1154 ἀλλ’
1592 1104 1616 1154 ό
1648 1106 1737 1174 μεν

177 1206 274 1253 ossi
320 1202 541 1271 καμάρα,
600 1200 632 1255 ἡ
683 1194 743 1249 δὲ
796 1196 1133 1267 ἑτερομήκης,
1183 1197 1272 1244 καὶ
1318 1192 1624 1249 κεκόλληται
1674 1193 1740 1243 τὰ

176 1296 339 1360 πέρατα
378 1290 464 1359 [10
496 1284 589 1359 Η.]
616 1293 709 1337 τοῦ
755 1284 973 1357 οὐρανοῦ
1003 1284 1134 1356 πρός
1161 1284 1229 1333 τὰ
1255 1286 1454 1352 πέρατα
1485 1287 1578 1342 τῆς
1616 1288 1735 1350 γῆς,

175 1384 245 1429 καὶ
286 1380 357 1429 ὅτι
395 1380 577 1437 πάντες
624 1377 673 1427 οἱ
721 1372 938 1445 ἀστέρες
978 1378 1241 1424 κινοῦνται
1289 1368 1515 1441 ἀγγέλων
1563 1368 1741 1430 αὐτοῖς

174 1475 224 1536 τῇ
279 1472 461 1523 κινήσει
515 1461 917 1525 διακονούντων,
977 1465 1067 1512 καὶ
1119 1461 1265 1533 ἕτερά
1323 1478 1439 1510 τινα
1490 1466 1731 1513 τοιαῦτα,

176 1562 375 1606 {Iouini
427 1558 517 1605 καὶ
573 1554 642 1612 ὡς
702 1551 751 1603 ἐν
823 1547 1140 1622 παρεκϐάσει
1191 1552 1399 1619 μνήμην
1457 1554 1548 1605 τῆς
1604 1548 1742 1597 Γενέ-

178 1644 333 1703 mg”
358 1648 444 1694 καὶ
471 1649 563 1701 τῆς
594 1636 835 1704 Ἐξόδου,
868 1635 1125 1713 διατρίϐει
1156 1632 1215 1688 δε
1255 1643 1318 1707 τῇ
1373 1631 1625 1704 διηγήσει
1652 1638 1742 1685 καὶ

1843 481 2098 534 siasticis
2119 481 2487 552 quibusdam
2511 482 2925 551 dogmatibus,
2946 499 3130 539 sacris
3153 484 3494 556 Scriptura,

1842 574 1903 622 ut
1933 568 2045 639 ipsi
2079 570 2320 640 quidem
2355 570 2690 637 videbatur,
2725 572 3078 627 testimoniis
3115 575 3493 632 contendere.

1845 658 2042 730 Stylus
2069 658 2144 712 illi
2167 657 2428 723 humilis,
2454 665 2509 715 et
2530 664 2886 715 structuram
2908 660 3150 716 adhibet
3169 661 3323 718 infra
3341 680 3500 719 com-

1843 762 2110 800 munem.
2134 746 2449 817 Componit
2474 755 2528 803 et
2552 748 2920 804 incredibilia
2940 750 3244 820 quaedam,
3265 767 3386 807 non
3410 768 3500 809 sa-

1843 834 1916 889 tis
1947 834 2025 889 ad
2056 833 2398 890 historicam
2434 836 2614 891 ﬁdem
2645 854 2657 890 :
2691 838 2770 893 ob
2800 853 2930 908 qua
2956 837 3271 893 fabulosus
3304 840 3500 911 potius

1844 938 2029 994 quam
2062 939 2235 978 verus
2265 924 2517 995 scriptor
2560 924 2767 980 haberi
2814 927 3021 982 merito
3066 926 3299 983 debeat.
3344 928 3502 985 Inter

1845 1012 1966 1076 illa,
1992 1011 2118 1067 haec
2143 1011 2263 1067 fere
2292 1011 2580 1081 dogmata
2610 1014 2890 1085 prOponit
2918 1031 2930 1069 :
2962 1015 3183 1071 Caelum
3212 1016 3350 1087 (54')
3378 1032 3501 1074 non

1847 1116 1981 1156 esse
2010 1101 2327 1156 orbiculari
2358 1102 2569 1171 ﬁgura,
2604 1119 2674 1157 ac
2705 1119 2900 1174 neque
2932 1110 3170 1167 terram,
3204 1105 3309 1161 sed
3350 1106 3500 1163 illud

1847 1189 2087 1245 fornicis
2116 1190 2325 1256 simile,
2354 1191 2511 1246 hanc
2532 1191 2717 1247 altera
2744 1199 2907 1262 parte
2938 1193 3294 1263 longiorem,
3316 1203 3502 1252 extre-

1850 1279 2084 1350 misque
2114 1280 2383 1351 partibus
2424 1296 2563 1335 cum
2607 1282 2736 1335 coeli
2783 1282 3045 1336 terminis
3077 1282 3363 1353 copulari.
3410 1285 3500 1341 Ad

1846 1366 1995 1435 haec,
2011 1368 2215 1422 omnia
2238 1375 2397 1424 astra
2418 1369 2654 1432 moveri,
2674 1369 2900 1438 angelis
2920 1372 2995 1424 ad
3018 1383 3243 1427 momm
3259 1372 3502 1429 subser-

1850 1456 2166 1525 vientibus,
2198 1463 2253 1512 et
2283 1457 2341 1512 id
2371 1472 2561 1525 genus
2609 1457 2746 1514 alia.
2780 1459 2936 1513 Facit
2963 1475 3207 1532 quoque
3256 1462 3502 1518 mentio-

1848 1560 2008 1611 nem,
2026 1549 2321 1618 tanquam
2336 1546 2497 1601 aliud
2513 1562 2719 1616 agens,
2735 1547 2865 1603 libri
2881 1551 3177 1605 Geneseos
3194 1590 3207 1614 ,
3221 1558 3279 1605 et
3293 1552 3498 1609 Exodi:

1849 1634 2270 1706 plurimusque
2285 1634 2443 1690 estin
2466 1642 2805 1693 narratione
2826 1642 3506 1710 etspeculationetaber-

173 1741 222 1802 τῇ
269 1735 437 1802 Θεωρία
489 1734 560 1791 ὡς
618 1728 805 1780 ἐπίπαν
853 1735 943 1787 τῆς
984 1732 1217 1787 σκηνῆς·
1248 1723 1514 1797 ἐπιτρέχει
1545 1720 1605 1775 δε
1652 1726 1741 1774 καὶ

1852 1723 2069 1779 naculi.
2112 1724 2401 1779 Percurrit
2437 1730 2490 1781 et
2538 1727 2881 1797 prophetas,
2925 1730 3311 1803 indidemque
3364 1746 3506 1803 apo«

172 1826 265 1881 τοὺς
308 1826 587 1891 προφήτας,
640 1817 872 1870 κάκεῖθεν
919 1819 1042 1877 τοὺς
1077 1814 1414 1873 ἀποστόλους,
1458 1817 1609 1884 Λέγει
1659 1808 1738 1877 δι,

177 1913 241 1960 ότι
279 1914 329 1960 τό
371 1910 583 1979 μέγεθος
629 1910 739 1977 ἔχει
791 1907 817 1957 ό
861 1904 1004 1966 ἣλιος
1051 1899 1148 1956 δύο
1190 1902 1474 1973 κλιμάτων,
1519 1906 1609 1952 καὶ
1661 1902 1741 1952 ὅτι

182 2002 219 2051 οἱ
251 1998 437 2067 ἄγγελοι
481 1996 581 2049 οὐκ
616 1996 745 2048 εἰσίν
775 1994 824 2046 έν
855 2002 927 2064 τῷ
969 1994 1191 2065 οὐρανῷ,
1226 1990 1354 2043 ἀλλὰ
1386 1996 1540 2063 μόνον
1567 1992 1667 2043 ὑπό
1691 1990 1736 2025 ⁹¹

180 2093 224 2139 τὸ
258 2092 505 2160 στερέωμα
563 2089 661 2137 καὶ
708 2083 821 2156 μεθ’
866 2085 1032 2154 ἡμῶν,
1064 2086 1153 2133 καὶ
1193 2082 1273 2133 ὅτι
1312 2082 1337 2132 ό
1372 2083 1602 2153 Χριστὸς
1656 2078 1737 2130 ἀν·

173 2176 297 2227 ελθὼν
339 2178 433 2227 ἀπό
482 2183 584 2236 τῆς
638 2180 739 2243 γῆς
787 2172 857 2234 εἰς
904 2175 962 2223 τό
1010 2170 1204 2243 μεταξὺ
1248 2177 1339 2222 τοῦ
1381 2169 1601 2241 οὐρανοῦ
1650 2173 1741 2220 καὶ

174 2272 242 2315 τοῦ
286 2270 630 2338 στερεώματος
682 2261 909 2327 εἰσῆλθε,
964 2265 1055 2312 καὶ
1110 2260 1191 2311 ὃτι
1259 2264 1413 2311 τοῦτό
1488 2260 1600 2310 ἑστι
1652 2263 1742 2309 καὶ

178 2362 294 2423 μόνον
335 2355 361 2409 ἠ
414 2352 670 2423 βασιλεία
719 2359 822 2401 τῶν
877 2350 1123 2421 οὐρανῶν.
1177 2352 1330 2418 Λέγει
1380 2344 1438 2399 δὲ
1479 2351 1569 2398 καὶ
1615 2346 1744 2398 ἄλλα

182 2445 267 2493 τινὰ
307 2441 575 2494 αλλόκοτα.
642 2446 938 2511 Προσφωνεῐ
982 2434 1041 2490 δε
1113 2442 1229 2496 τοὺς
1304 2440 1393 2507 μεν
1468 2435 1521 2498 ἑξ
1586 2436 1742 2488 αὑτοῦ

190 2531 323 2598 λεγονς
371 2529 633 2602 Παμφίλῳ
689 2532 832 2579 τινί·
890 2534 987 2581 τῶν
1050 2522 1109 2579 δε
1172 2525 1363 2577 λοιπῶν
1413 2523 1468 2586 ἓξ
1520 2524 1591 2595 (οὶ
1641 2526 1742 2598 γὰρ

190 2622 325 2681 πάντες
352 2620 507 2671 αὐτου
548 2614 769 2671 δώδεκά
814 2616 939 2687 εἰσι)
969 2619 1053 2667 τόν
1096 2618 1186 2687 μεν
1229 2611 1451 2685 ἕϐδομον
1493 2614 1745 2666 Ἀναστα-

184 2714 273 2777 eis,
300 2708 344 2759 ἐν
383 2710 423 2777 ᾧ
469 2711 551 2760 ότι
589 2705 906 2758 ἁκατάλυτοί
944 2704 1075 2756 εἰσιν
1101 2706 1151 2756 οἱ
1180 2704 1409 2777 οὐρανοὶ,
1441 2706 1527 2755 τόν
1558 2700 1743 2773 ὄγδοον

181 2792 241 2855 δε,
268 2798 315 2858 ός
349 2796 485 2849 ἔστιν
530 2796 613 2857 εἰς
656 2801 743 2853 τὴν
793 2791 931 2865 ᾠδὴν
964 2794 1196 2855 Ἐζεκίου
1243 2798 1333 2844 καὶ
1374 2792 1445 2853 εἰς
1487 2796 1575 2845 τὸν
1619 2790 1743 2844 ἁνα-

181 2883 400 2956 ποδισμόν
447 2893 540 2937 τοῦ
616 2885 791 2947 ἡλίου,
858 2886 1031 2957 Πέτρῳ
1082 2888 1395 2956 προσφωνεῖ,
1452 2880 1501 2933 ἐν
1567 2881 1607 2952 ᾧ
1663 2883 1744 2934 ὅτι

1852 1812 2061 1867 stolos.
2087 1814 2235 1868 Solis
2267 1815 2742 1883 magnitudinem
2766 1834 2892 1872 esse
2920 1818 3001 1873 ait
3020 1819 3276 1874 duorum
3298 1821 3508 1876 clima-

1852 1906 1999 1955 tum.
2048 1902 2302 1973 Angelos
2332 1903 2391 1957 in
2422 1904 2573 1959 caelo
2610 1920 2728 1959 non
2760 1921 2909 1971 esse,
2934 1906 3037 1961 sed
3065 1913 3295 1965 tantum
3326 1925 3507 1983 super

1848 1990 2318 2054 ﬁrmamentum,
2336 1992 2711 2049 etnobiscum
2728 1994 2970 2049 versari.
2991 1996 3280 2054 Christum
3304 2007 3509 2056 eterra

1850 2079 2292 2145 ascendentem,
2324 2080 2475 2136 inter
2502 2082 2717 2138 caelum
2747 2089 2803 2139 et
2833 2084 3279 2143 ﬁrmamentum
3304 2103 3507 2160 perve-

1849 2171 2029 2234 nisse,
2053 2169 2233 2242 idque
2254 2170 2548 2226 duntaxat
2571 2171 2858 2228 caelorum
2882 2189 3135 2242 regnum
3161 2192 3293 2233 esse
3319 2191 3330 2229 :
3357 2177 3502 2233 alia-

1849 2274 1969 2330 que
2000 2258 2089 2313 his
2121 2257 2339 2314 similia
2378 2260 2637 2316 absurde
2664 2261 2903 2333 profert.
2938 2267 3256 2337 Nuncupat
3287 2267 3506 2337 priores

1852 2363 1955 2402 sex
1979 2347 2163 2402 libros
2196 2348 2511 2420 Pamphilo
2542 2350 2779 2405 cuidam
2813 2368 2824 2405 :
2855 2351 2929 2406 de
2958 2352 3199 2425 reliquis
3231 2371 3369 2410 vero
3402 2372 3507 2411 sex

1854 2436 2016 2507 (sunt
2037 2437 2196 2491 enim
2215 2436 2273 2491 in
2300 2438 2645 2493 universum
2670 2439 3014 2511 duodecim)
3039 2442 3358 2513 septimum
3380 2446 3507 2515 qui-

1853 2526 1989 2580 dem
2012 2528 2348 2593 Anastasio,
2366 2543 2489 2599 quo
2511 2526 2694 2582 00310:;
2715 2528 2963 2584 minime
2986 2530 3230 2585 dissolvi
3255 2532 3465 2588 asserit
3491 2550 3503 2588 :

1852 2619 2135 2669 octavum
2166 2615 2304 2670 dein
2336 2614 2462 2686 (qui
2494 2623 2579 2671 est
2618 2617 2679 2671 in
2710 2620 3011 2673 canticum
3045 2620 3318 2684 Ezechiae,
3362 2630 3419 2675 et
3446 2621 3508 2676 in

1853 2701 1996 2758 solis
2029 2707 2387 2773 regressum)
2428 2704 2594 2760 Petro
2638 2705 2908 2761 inscribit
2949 2723 2961 2761 :
3001 2723 3123 2779 quo
3163 2709 3222 2764 in
3260 2709 3414 2764 libro
3454 2715 3510 2765 et

1854 2792 2096 2847 Cantica
2111 2792 2482 2846 canticorum
2495 2794 2824 2864 explicasse
2842 2811 2905 2849 se
2932 2804 3382 2853 commemorat.
3405 2801 3509 2855 Re-

1848 2879 2001 2951 liqui
2030 2884 2291 2951 quatuor
2320 2886 2479 2936 certo
2503 2882 2730 2937 nemini
2764 2882 3141 2941 dedicantur.

181 2974 526 3047 ὖπεμνημάτισε
556 2976 613 3009 ⁸³
666 2977 734 3026 τὰ
793 2972 1043 3045 ”ᾼσματα
1092 2980 1194 3024 τῶν
1250 2970 1499 3043 ᾀσμάτων
1546 2974 1701 3042 λέγει.
1746 2971 1813 3023 Oi
1862 2966 1922 3022 δε
1966 2968 2138 3022 λοιποὶ
2185 2973 2438 3045 τέσσαρες
2485 2970 2545 3022 οὐ
2593 2975 2717 3045 πρός
2771 2992 2823 3024 τι
2870 2978 3148 3047 πρόσωπον
3192 2974 3332 3046 αὐτῷ
3383 2994 3509 3028 συν-

178 3067 305 3133 ετά-ιη
312 3084 397 3118 σαν
406 3106 417 3118 .

883 3149 1001 3205 AZ'.

729 3244 855 3314 Περὶ
882 3239 1120 3296 πολιτικῆ
1130 3259 1172 3301 ς.

239 3330 529 3401 ’Δνετδὼσθη
617 3335 749 3404 Περὶ
820 3328 1092 3387 πολιτικῆς
1119 3328 1168 3362 ⁹³
1226 3328 1296 3388 ὡς
1363 3325 1413 3377 ἂν
1491 3321 1742 3396 διαλόγῳ,

182 3423 330 3473 Μηνᾶν
386 3426 659 3493 πατρίκιον
737 3423 829 3471 καὶ
907 3422 1093 3489 Θωμᾶν
1167 3411 1556 3489 ῥεφερενδάριον
1586 3416 1634 3449 ⁸⁸
1682 3416 1749 3464 τὰ

183 3504 484 3579 διαλεγόμεθα
578 3509 808 3579 εἰσάγων
891 3511 1173 3579 πρόσωπα.
1260 3508 1502 3577 Περιέχει
1577 3500 1636 3555 δε
1715 3504 1743 3561 ἡ

185 3604 474 3668 πραγματεία
527 3599 720 3669 λόγους
769 3596 841 3661 ἑξ,
887 3599 934 3648 ἓν
991 3596 1067 3657 οἷς
1109 3600 1201 3647 καὶ
1255 3595 1421 3669 ἕτερον
1472 3588 1608 3652 εἶδος
1658 3610 1748 3643 πο-

185 3684 346 3747 λιτείας
396 3690 531 3763 παρὰ
582 3691 655 3740 τὰ
710 3694 821 3748 τοῖς
867 3685 1104 3745 παλαιοῖς
1157 3684 1399 3758 εἰρημένα
1454 3683 1671 3753 εἰσάγει,
1722 3679 1748 3732 ὃ

185 3779 254 3827 ui
302 3776 437 3828 καλεῖ
489 3774 893 3850 δικαιαρχικόν.
952 3774 1323 3846 Ἐπιμμφεται
1366 3768 1425 3825 δε
1468 3780 1564 3833 τῆς
1617 3770 1749 3823 Πλά-

183 3881 315 3925 τωνος
360 3863 573 3929 δικαίως
622 3865 906 3927 πολιτείας.
936 3863 1031 3917 Ἦν
1076 3859 1128 3916 δ’
1176 3862 1324 3915 αὐτοὶ
1354 3861 1612 3915 πολιτείαν
1645 3860 1750 3913 εἰσ-

185 3956 389 4022 άγουσιν,
448 3955 501 4007 ἐκ
555 3964 663 4009 τῶν
727 3962 882 4029 τριῶν
936 3949 1087 4006 εἰδῶν
1153 3960 1250 4013 τῆς
1315 3950 1577 4012 πολιτείας
1633 3946 1748 4004 δέον

184 4042 321 4100 αὐτὴν
366 4047 673 4116 συγκεῖσθαί
722 4063 873 4116 φασι,
919 4041 1200 4116 βασιλικοῦ
1248 4044 1336 4093 καὶ
1383 4039 1750 4113 ἀριστοκρατι-

184 4138 264 4182 κοῦ
318 4139 399 4185 καὶ
444 4131 862 4209 δημοκρατικοῦ,
920 4136 977 4185 τό
1028 4131 1292 4205 εἰλικρινὶς
1340 4130 1471 4203 αὐτῇ
1530 4129 1751 4189 ἑκάστης

183 4220 413 4285 πολιτείας
466 4225 906 4294 συνεισαγούσης,
964 4220 1206 4279 κάκείνην
1280 4224 1374 4279 τὴν
1430 4216 1496 4280 ὦς
1551 4217 1751 4279 ἀληθῶς

182 4306 372 4379 ἀρίστην
399 4314 659 4367 πολιτείαν
685 4312 1057 4373 ἁποτελούσης.

894 4400 1019 4455 ΑΠ’.

311 4490 579 4567 Θεοδώρου
612 4492 925 4563 ’Δντιοχέως
952 4490 1198 4563 ἑρμηνεία
1228 4496 1324 4551 τῆς
1356 4492 1606 4548 κτίσεως.

243 4577 535 4651 ’Δνεγνώσθη
593 4578 874 4657 Θεοδώρου
913 4581 1247 4651 ’Δντιοχέως,
1282 4578 1341 4631 οὗ
1390 4580 1420 4637 ἠ
1468 4576 1753 4651 ἐπιγραφὴ,

186 4662 419 4738 Ἐρξιηνεία
471 4680 565 4733 τῆς
624 4676 888 4732 Κτίσεως⁸
948 4668 997 4721 έν
1068 4674 1243 4740 τόμοις
1292 4668 1420 4720 ἑπτὰ
1474 4669 1501 4724 ἠ
1572 4671 1753 4741 πρώτη

192 4750 335 4823 βίϐλος
382 4758 691 4832 ἐπεραίνετο.
740 4763 845 4817 Τὴν
898 4755 955 4811 δὲ
1027 4759 1217 4831 φράσιν
1270 4758 1386 4808 οὔτε
1416 4758 1463 4791 9⁵
1520 4754 1759 4829 λαμπρός

2541 3149 2819 3206 XXXVII.

2316 3239 2403 3294 De
2434 3239 2759 3309 Republica
2790 3239 2932 3295 libri
2972 3255 3046 3296 v1.

1848 3374 1851 3377 ,
1926 3325 2025 3396 8a
2073 3326 2283 3381 Lectus
2333 3328 2415 3383 De
2463 3327 2785 3395 Republica
2813 3328 3012 3399 Liber,
3047 3332 3276 3386 Menam
3329 3331 3513 3402 patri-

1856 3415 2013 3470 cium
2046 3422 2103 3470 et
2131 3416 2421 3472 Thomam
2454 3417 2920 3473 referendarium
2955 3435 3059 3490 per
3088 3418 3397 3489 dialogum
3431 3420 3511 3475 lo-

1856 3509 2105 3577 quentes
2135 3504 2538 3561 introducens.
2572 3504 2847 3562 Continet
2863 3524 3015 3579 opus
3040 3508 3155 3564 hoc
3184 3508 3363 3565 libros
3382 3526 3510 3575 sex,

1855 3594 2077 3666 quibus
2108 3590 2501 3667 δικαιαρχινόν,
2541 3601 2603 3650 ut
2650 3596 2745 3650 hic
2776 3596 3088 3667 apellatur,
3138 3614 3367 3654 novum
3399 3616 3513 3670 po-

1856 3682 1995 3738 litiae
2035 3696 2247 3751 genus,
2286 3682 2589 3738 diversum
2622 3683 2700 3739 ab
2722 3683 2791 3739 iis
2816 3701 2951 3756 quae
2979 3685 3093 3757 (55)
3126 3694 3346 3743 veteres
3372 3704 3513 3759 pro-

1856 3772 2157 3838 diderunt,
2184 3773 2577 3828 introducitur
2605 3790 2619 3828 :
2646 3790 2717 3829 ac
2742 3773 2999 3830 Platonis
3026 3776 3368 3847 respublica
3390 3793 3513 3833 non

1858 3861 2155 3916 immerito
2175 3861 2642 3933 reprehenditur.
2677 3862 2869 3930 Quam
2902 3880 3036 3920 vero
3080 3880 3351 3936 personae
3400 3866 3513 3923 illas

1858 3950 2126 4023 politiam
2153 3949 2429 4016 afferunt,
2456 3967 2528 4006 ex
2547 3951 2733 4006 tribus
2761 3952 2974 4023 politiae
2992 3954 3327 4025 speciebus,
3350 3957 3515 4025 regia

1858 4041 2163 4104 nimirum,
2196 4046 2253 4094 et
2278 4040 2656 4110 optimatum,
2690 4056 2760 4094 ac
2789 4041 3190 4112 popularium,
3226 4044 3509 4115 componi

1858 4135 2130 4201 oportere
2158 4128 2325 4183 aiunt
2354 4139 2368 4179 :
2404 4131 2464 4182 ut
2494 4143 2629 4183 cum
2653 4129 2867 4184 harum
2889 4128 3181 4201 quaelibet,
3212 4132 3375 4203 quod
3404 4148 3513 4205 pu-

1858 4233 1994 4274 rum
2034 4223 2213 4288 atque
2252 4216 2553 4271 sincerum
2593 4216 2791 4282 habet,
2832 4218 2951 4273 huc
3007 4219 3340 4287 contulerit,
3381 4220 3514 4277 hinc

1860 4307 2104 4363 tandem
2125 4320 2259 4361 vere
2278 4305 2508 4377 optima
2524 4306 2864 4377 reipublicae
2880 4306 3073 4365 forma
3095 4311 3513 4369 constituatur.

2535 4394 2836 4451 XXXVIII.

1786 4513 1831 4567 ο
1942 4484 2235 4542 Theodori
2271 4484 2636 4540 Antiocheni
2673 4486 3090 4556 interpretatio
3126 4488 3428 4547 Geneseos.

1935 4574 2147 4629 Lectus
2184 4571 2475 4628 Theodori
2513 4572 2864 4629 Antiocheni
2904 4574 3052 4630 liber
3088 4581 3181 4631 est
3216 4592 3355 4633 cum
3402 4577 3517 4635 hac

1869 4662 2257 4734 inscriptione
2281 4678 2295 4715 :
2320 4662 2741 4731 Interpretatio
2760 4664 3038 4720 Geneseos
3064 4681 3077 4731 ;
3103 4664 3263 4721 libris
3287 4672 3519 4739 septem

1871 4759 2066 4808 tomus
2090 4752 2322 4823 primus
2345 4750 2695 4808 absolvitur.
2723 4752 2919 4824 Stylus
2938 4752 3017 4809 illi
3044 4770 3233 4826 neque
3254 4755 3515 4824 illustris,

1507 4908 1735 4962 VARIE
1777 4906 2171 4963 LECTIONES.

247 5048 386 5104 "1'05
413 5062 510 5105 τῶν
560 5051 807 5126 ῥωμαίων
842 5071 895 5105 θ’.
1007 5051 1050 5085 ⁸⁷
1228 5064 1349 5126 om_.
1383 5063 1473 5126 pr.
1510 5052 1574 5101 Α.

1687 5047 1733 5081 ³³
1766 5042 1852 5097 οὖν
1898 5062 2018 5101 om.
2055 5051 2118 5099 A.

2234 5045 2281 5131 '.’
2322 5043 2477 5131 ἐπέρ]
2530 5044 2632 5131 διπὲ
2675 5049 2746 5131 Αι
2856 5046 2905 5080 ’°
2944 5049 3161 5131 ww”,
3196 5050 3285 5131 δεαί
3328 5054 3517 5131 3.54.;-

195 5118 224 5150 "
256 5123 341 5177 ὑπὸ
366 5131 443 5187 Ας
476 5114 606 5197 ὑπέρ
730 5125 1006 5193 Cosmus,
1039 5114 1095 5192 p.
1139 5124 1279 5177 286:
1314 5114 1423 5189 ἅμα
1452 5121 1578 5191 ἡμῖν
1628 5117 1675 5170 έν
1722 5126 1794 5187 τῷ
1840 5124 1999 5197 χώρῳ
2032 5119 2195 5197 τούτῳ
2242 5114 2517 5189 διάγουσι,
2551 5123 2640 5168 καὶ
2685 5120 2828 5168 οὔπω
2878 5114 3058 5197 τιςιέξ
3101 5118 3269 5197 αὐτῶν
3318 5119 3517 5182 ἠξιώθη

440 5201 558 5269 τέως
603 5202 788 5267 τυχεῖν
831 5201 887 5249 et
928 5210 989 5269 ρ.

202 5367 340 5409 πων.
370 5377 419 5409 ε’.

270 5410 279 5424 .
379 5412 389 5420 .

1041 5168 1179 5249 ἕως
1222 5195 1289 5244 τὰ
1329 5168 1501 5263 άστρά
1546 5193 1713 5242 πάντα
1766 5168 1994 5241 κάῗωόέν
2042 5174 2289 5241 ἐστι’του
2342 5168 2695 5263 στερεώματος
2738 5219 2804 5263 ἡ
2848 5192 3126 5263 κινούμενα
3170 5192 3270 5243 ὑπὸ
3324 5194 3377 5246 Ι)
3422 5200 3521 5244 τῶν

200 5259 385 5331 ἀφάτων
434 5259 724 5340 δυνάμεων.
787 5271 888 5319 Καὶ
931 5259 994 5316 Ἐκ
1046 5266 1228 5316 τούτου
1285 5259 1652 5332 διδασκόμεθα
1699 5261 1928 5314 ἐπένεῖκα
1980 5268 2080 5313 τῶν
2127 5261 2335 5333 ἄστρων
2386 5259 2602 5331 ἄγγελον
2651 5264 2721 5332 μὴ
2770 5259 3112 5331 ὑπερϐαίνειν.

529 5358 579 5392 ’⁸
609 5359 763 5425 Aug.
798 5353 981 5410 Maius
1011 5354 1082 5409 ad
1114 5353 1230 5409 Cic.
1265 5352 1339 5407 de
1368 5353 1679 5424 republica
1707 5368 1764 5424 p.
1794 5366 1909 5405 xw.

3226 5265 3274 5299 9³
3304 5264 3387 5315 ὅτι
3433 5268 3526 5317 καὶ

2024 5352 2071 5385 ³⁸
2099 5345 2526 5425 ῥαιφερενδάριον
2565 5370 2618 5413 ς.
2735 5350 2782 5385 ⁸⁵
2809 5346 2933 5403 οὐδὶ
2965 5371 3024 5415 ς’.

1722 5477 1924 5534 NOTAE
1938 5521 1949 5533 .

253 5601 361 5675 (TW)
381 5606 513 5663 Vide
526 5608 580 5664 Β.
599 5605 801 5663 Basilii
819 5608 970 5662 orat.
984 5608 1014 5662 3
1031 5603 1313 5661 Hexaem.
1329 5602 1460 5659 etD.
1475 5600 1748 5675 Ambros.

252 5674 351 5753 (55),
372 5676 547 5745 Plato,
571 5676 943 5748 Aristoteles,
966 5675 1275 5750 Polybius,
1306 5675 1409 5731 lib.
1434 5691 1513 5741 vi,
1540 5679 1595 5729 et
1625 5674 1752 5728 Plu-

1864 5599 2105 5676 tarchus
2120 5597 2424 5676 _singulari
2456 5597 2674 5668 libello,
2697 5598 3037 5657 Heraclides
3052 5615 3301 5676 quoque
3326 5600 3522 5661 Ponti-

1862 5687 1989 5737 cus,
2010 5678 2067 5729 et
2090 5670 2280 5730 Nicol.
2310 5670 2751 5732 Damascenus.
