4046 6228
496 291 562 348 71
1721 273 1964 340 PHOTII
2005 274 2149 339 PATI

2274 274 2491 340 RCHIE
2527 282 2636 341 ΟΡ.
3797 283 3872 342 '72

498 432 694 489 neque
711 413 885 471 valde
906 413 1276 486 perspicuus.
1304 410 1556 481 Fugiens
1572 424 1736 477 vero,
1759 413 2058 482 quantum
2090 409 2149 465 in

2263 412 2373 462 οὔτε
2414 409 2527 461 λίαν
2572 414 2761 481 σαφὴς,
2812 410 3010 482 φεύγων
3061 404 3120 463 δε
3168 413 3253 461 τόν
3303 405 3523 461 δυνατόν
3568 408 3708 481 αὐτῷ
3754 416 3876 484 τρό-

498 506 630 579 ipso
662 511 767 573 est,
800 504 1129 573 allegorias,
1162 507 1219 557 et
1245 500 1623 556 historiarum
1652 499 1942 554 duntaxat
1968 514 2155 569 expo-

501 595 782 652 sitionem
814 599 1094 655 tractans,
1136 590 1338 662 putide
1372 590 1547 643 nimis
1586 589 1794 642 eadem
1835 588 2149 643 identidem

498 687 726 757 repetit,
750 690 806 739 et
826 684 1093 751 ingratus
1118 688 1293 751 atque
1315 678 1662 734 fastidiosus
1682 677 1893 747 legenti
1920 677 2148 733 accidit.

500 772 651 839 Quin
709 778 767 827 et
821 770 1068 827 Nestorii
1111 766 1481 831 sententiam,
1524 767 1803 837 quamvis
1841 765 1941 821 illo
1992 766 2153 838 prior

498 862 693 925 fuerit,
743 860 917 915 tacite
958 858 1160 913 vomit.
1218 857 1317 910 Hic
1368 860 1456 910 est
1506 853 1849 910 Theodorus
1888 853 1987 911 ille
2041 856 2153 909 Mo-

499 950 800 1023 psuestiee,
825 962 861 1003 a
881 962 1002 1019 quo
1028 960 1441 1017 saepenumero
1462 949 1696 999 constat
1715 946 1828 1013 (56)
1854 943 2149 998 Joannem

501 1039 899 1110 Philoponum
932 1041 1014 1103 (ut
1050 1036 1307 1106 ipsemet
1344 1033 1578 1103 fatetur)
1608 1032 1897 1089 rationem
1944 1032 2149 1102 hujus-

502 1127 666 1185 modi
713 1124 1210 1197 interpretationis
1240 1123 1402 1179 bona
1430 1122 1548 1177 ﬁde
1579 1138 1649 1177 ac
1673 1120 1826 1178 serio
1856 1121 2149 1190 exegisse,

499 1220 563 1275 in
594 1233 706 1275 suo
733 1217 815 1274 De
841 1214 1101 1273 universi
1131 1212 1427 1271 creatione
1452 1226 1652 1285 opere.

1198 1370 1458 1429 XXXIX.

884 1462 1169 1520 Eusebius
1197 1467 1405 1519 contra
1428 1460 1769 1517 Hieroclem.

574 1557 747 1612 Lecta
772 1559 863 1611 est
891 1554 1120 1609 Eusebii
1144 1552 1437 1624 Pamphili
1470 1550 1809 1618 Con/utalia
1844 1549 2150 1622 brevis(57)

502 1645 790 1703 librorum
824 1642 1104 1699 Hieroclis
1133 1642 1207 1697 de
1237 1639 1553 1713 Apollonio
1582 1642 1838 1713 Tyaneo.

608 1910 990 1982 Philostorgii
1018 1907 1442 1965 Ecclesiastica:
1468 1906 1755 1963 Historiae
1780 1907 1921 1964 libri
1943 1924 2041 1964 xu.

578 2003 753 2058 Lecta
781 2006 870 2056 est
898 1996 1269 2066 Philostorgii
1302 1996 1413 2068 (58)
1445 1996 1644 2052 Ariani
1674 1996 1854 2053 veluti
1885 1998 2151 2054 Historia

503 2091 937 2149 Ecclesiastica.
959 2088 1170 2142 Narrat
1195 2085 1309 2141 fere
1338 2086 1631 2141 contraria
1653 2086 1937 2142 omnibus
1970 2087 2152 2143 eccle-

506 2180 749 2237 siasticis
779 2176 1092 2239 historicis,
1134 2174 1413 2230 laudibus
1454 2174 1759 2244 extollens,
1792 2192 1946 2248 quos
1986 2176 2152 2231 novit

502 2268 836 2325 Arianismo
862 2264 1127 2330 infectos,
1150 2272 1206 2319 et
1225 2262 1506 2319 conviciis
1530 2263 1895 2321 orthodoxos
1917 2264 2151 2337 perfun-

502 2357 653 2413 dens
684 2374 699 2411 :
732 2364 795 2411 ut
820 2370 949 2410 esse
972 2353 1088 2409 hoc
1118 2354 1246 2422 ejus
1275 2367 1427 2425 opus
1460 2367 1580 2407 non
1609 2359 1729 2407 tam
1777 2353 2023 2408 historia
2062 2355 2150 2409 vi-

502 2446 736 2509 deatur,
758 2460 940 2516 quam
970 2442 1383 2498 haereticorum
1418 2440 1705 2507 laudatio,
1738 2457 1875 2497 cum
1906 2441 2071 2497 nuda
2096 2446 2152 2498 et

502 2549 669 2590 mera
706 2530 1139 2604 vituperatione
1176 2535 1358 2601 atque
1398 2530 1776 2586 accusatione
1814 2530 2151 2587 Catholico-

501 2640 659 2680 rum.
700 2621 893 2694 Stylus
934 2620 1016 2675 illi
1054 2618 1369 2690 comptior,
1412 2625 1468 2674 et
1506 2619 1749 2690 poeticis
1787 2620 1913 2675 sine
1953 2620 2147 2687 taedio,

503 2712 871 2782 minimeque
901 2709 1147 2778 ingratis
1178 2707 1424 2763 vocibus
1454 2708 1653 2763 utitur.
1704 2710 1877 2780 Tropi
1912 2724 2150 2783 quoque

501 2817 573 2858 ac
611 2801 796 2857 verba
834 2797 1250 2871 signiﬁcantia,
1290 2797 1548 2867 gratiam
1586 2798 1700 2870 ipsi
1752 2814 1890 2855 cum
1936 2799 2149 2870 jucun-

501 2890 683 2947 ditate
706 2887 1027 2944 conciliant
1052 2904 1067 2942 :
1092 2886 1204 2942 nisi
1224 2885 1389 2959 quod
1412 2885 1710 2942 interdum
1735 2892 1953 2943 temere
1978 2889 2147 2961 ipsis,

500 2979 596 3037 vel
621 2980 874 3035 nimium
902 2976 1145 3032 detortis
1174 2974 1415 3041 utendo,
1440 2976 1500 3029 in
1532 2974 1813 3044 frigidum
1839 2983 1895 3032 et
1926 2977 2148 3049 impor-

501 3072 715 3123 tunum
747 3080 1085 3121 sermonem
1114 3063 1336 3119 incidit.
1368 3064 1623 3119 Ornatur
1652 3064 1731 3119 ab
1769 3080 1839 3120 eo
1865 3064 1961 3135 8b
1988 3066 2148 3122 varie

502 3156 715 3220 oratio,
747 3154 841 3210 vel
870 3156 946 3209 ad
982 3153 1309 3208 satietatem
1342 3170 1356 3219 ;
1387 3153 1469 3207 ita
1514 3156 1580 3207 ut
1608 3152 1667 3207 in
1698 3153 2145 3222 obscuritatem,

501 3261 613 3301 nec
634 3260 769 3301 eam
792 3258 1027 3315 semper
1052 3247 1303 3314 gratam,
1329 3240 1555 3297 occulte
1576 3242 1845 3299 trahatur
1873 3243 2145 3301 auditor:

500 3334 562 3390 in
584 3332 904 3404 multisque
926 3346 1048 3387 non
1068 3330 1485 3387 incommodas
1514 3330 1779 3404 loquitur
1800 3332 2147 3390 sententias.

502 3420 714 3494 Incipit
742 3424 943 3477 autem
970 3420 1047 3477 ab
1077 3420 1198 3475 Arii
1230 3420 1432 3476 studio
1462 3420 1519 3475 in
1550 3420 1822 3478 haeresim
1854 3438 1924 3479 ac
1954 3424 2150 3495 primo

500 3512 761 3584 incepto,
817 3525 1007 3581 usque
1047 3509 1124 3565 ad
1162 3508 1308 3564 Aetii
1349 3509 1467 3581 (59)
1504 3510 1836 3581 impiissimi
1888 3511 2150 3569 hominis

500 3600 963 3658 revocationem.
984 3599 1183 3654 Aetius
1209 3598 1304 3654 hic
1328 3598 1406 3654 ab
1433 3598 1579 3671 ipsis
1606 3615 1729 3656 una
1757 3600 2152 3657 sentientibus

499 3689 814 3754 haereticis,
852 3688 1016 3761 quod
1046 3688 1178 3744 illos
1206 3688 1509 3760 impietate
1542 3700 1847 3762 superaret
1889 3692 1979 3762 (ut
2024 3692 2151 3765 ipse

501 3779 927 3849 Philostorgius
973 3778 1065 3833 vel
1116 3777 1337 3833 invitus
1384 3777 1579 3850 refert)
1628 3779 1961 3837 ministerio
2008 3782 2149 3838 sub-

502 3874 721 3933 motus,
741 3874 949 3939 postea
964 3883 994 3923 a
1006 3866 1042 3921 b
1055 3866 1410 3939 impiissimo
1422 3868 1656 3924 Juliano
1672 3869 2022 3941 imperatore
2036 3872 2149 3944 (60)

500 3965 835 4022 revocatus,
866 3956 1319 4029 bumaniterque
1339 3963 1620 4029 acceptus
1641 3962 1748 4013 est.
1783 3962 1848 4014 Et
1869 3960 1993 4015 haec
2024 3961 2150 4033 qui-

501 4046 640 4103 dem
672 4046 863 4119 ipsius
894 4044 1140 4102 historia
1163 4061 1281 4100 uno
1313 4045 1611 4102 volumine
1640 4063 1745 4103 sex
1776 4048 1959 4104 libros
1981 4066 2150 4105 coin-

502 4136 695 4209 plexa,
751 4136 827 4192 ad
884 4136 998 4190 hoc
1052 4149 1242 4207 usque
1300 4141 1536 4207 tempus
1594 4138 1957 4209 progeditur.
2018 4138 2151 4211 Ipse

504 4242 643 4287 vero
674 4226 919 4291 scriptor
950 4224 1211 4279 mendax
1237 4232 1341 4288 est,
1366 4232 1421 4279 et
1450 4224 1668 4281 fabulis
1694 4228 1937 4283 minime
1967 4228 2149 4284 absti-

501 4328 669 4379 nens,
700 4311 1104 4383 praedicatque
1126 4312 1407 4367 doctrinm
1432 4316 1689 4369 maxime
1711 4332 1893 4371 causa
1919 4318 2149 4373 Aetium

503 4404 562 4457 et
610 4398 988 4463 Eunomium,
1044 4398 1219 4470 quasi
1272 4398 1380 4454 soli
1436 4409 1860 4472 repurgassent
1916 4405 2150 4477 pietatis

2259 518 2354 551 πον
2418 502 2508 561 τὰς
2566 497 2896 573 ἀλληγορίας,
2957 505 3045 552 καὶ
3118 500 3251 551 κατὰ
3302 502 3395 557 τὴν
3463 502 3696 571 ἱστορίαν
3775 507 3873 560 τὴν

2261 588 2529 660 ἑρμηνείαν
2595 591 2916 660 ποιούμενος.
2969 588 3284 658 Ταυτολογεί
3363 585 3421 640 δε
3490 592 3556 640 τὰ
3622 589 3866 658 πλείστα,

2260 682 2348 728 καὶ
2381 679 2579 750 ἄχαρίς
2626 697 2731 738 πως
2776 683 2864 729 καὶ
2914 674 3087 739 ἀηδὴς
3136 674 3264 729 εἶναι
3296 675 3460 742 δοκεῖ,
3496 676 3623 729 ἀλλὰ
3668 685 3759 731 καὶ
3810 684 3868 732 τό

2259 772 2545 838 Νεστορίου
2597 764 2792 838 δόγμα,
2847 766 2890 819 εἰ
2941 772 3029 819 καὶ
3102 771 3202 841 πρὸ
3255 772 3541 839 Νεστορίου
3598 769 3864 843 ὑπῆρχεν,

2258 857 2680 927 ὑπερευγόμενος.
2736 855 2900 916 Οὗτος
2977 852 3036 908 δέ
3092 855 3233 908 έστιν
3284 857 3309 907 ό
3368 856 3747 926 Μόψουεστίας,
3809 858 3865 910 ὃν

2258 950 2347 997 καὶ
2399 944 2642 1006 πλείστας
2688 944 2901 1007 εὐθύνας
2948 946 3191 1006 Ἰωάννης
3242 946 3267 996 ὀ
3317 946 3613 1010 Φιλόπονος,
3660 950 3724 1007 ὡς
3775 950 3866 998 αὐ-

2258 1039 2346 1096 τός
2398 1054 2547 1107 φησι,
2607 1042 2701 1095 τῆς
2748 1038 2994 1095 τοιαύτης
3042 1034 3315 1109 ἑρμηνείας
3357 1034 3406 1087 ἓν
3450 1034 3620 1106 οἰκείῳ
3672 1044 3743 1107 τῷ
3791 1036 3865 1099 εἰς

2257 1128 2351 1182 τὴν
2394 1128 2570 1175 κτίσιν
2614 1128 2873 1197 πονήματι
2926 1120 3146 1195 ἐδείχθη
3200 1119 3500 1185 σπουδαίως
3542 1124 3861 1199 εἰσπραττό-

2262 1231 2411 1283 μενος
2424 1257 2436 1268 .

2992 1302 3121 1357 ΛΘ’.

2295 1390 2563 1445 Ἐυσεϐίου
2594 1398 2683 1443 τοῦ
2717 1390 2986 1465 Παμφίλου
3017 1395 3147 1465 πρός
3175 1393 3445 1465 τούςίὺπερ
3472 1391 3826 1446 Ἀπολλωνίου

2605 1471 2696 1515 τοῦ
2719 1468 2953 1524 Τυανέως
2974 1463 3275 1535 Ἱεροκλέους
3305 1463 3507 1535 λόγους.

2329 1552 2650 1623 Ἀνίγνώσθη
2704 1550 2954 1605 Εὐσεϐίου
3006 1560 3096 1605 τοῦ
3152 1553 3420 1625 Παμφίλου
3480 1552 3861 1607 ἁναοηιευαστι-

2259 1645 2348 1693 κόν
2401 1637 2734 1715 βιϐλιδάριον
2790 1644 2919 1714 πρὸς
2988 1646 3106 1704 τοὺς
3178 1643 3303 1716 ὑπερ
3353 1642 3697 1695 Ἀπολλωνίου
3772 1651 3862 1695 τοῦ

2258 1734 2488 1790 Τυανέως
2510 1729 2815 1804 Ἱεροκλέους
2843 1731 2891 1765 ⁸⁸
2920 1730 3121 1801 λόγους,

3024 1818 3112 1875 Μ’.

2544 1908 2915 1983 Φιλοστοργίου
2946 1909 3211 1984 Ἀρειανοῦ
3238 1908 3545 1983 Ἱστορικόν,

2332 1999 2659 2070 ’Ᾱνεγνὼσθη
2686 1998 2777 2072 [25
2798 1996 2887 2071 R.]
2912 1998 3310 2070 Φιλοστοργίου,
3333 1998 3601 2069 ’Λρειανοῠ
3621 2002 3715 2057 τὴν
3739 2000 3861 2072 θρη-

2264 2093 2456 2153 σκείαν,
2506 2090 2569 2148 ὡς
2618 2084 2775 2146 δῆθεν
2828 2087 3269 2146 Ἐκκλησιαστικὴ
3324 2086 3571 2159 Ἱστορία.
3642 2086 3864 2159 Ἱστορεί

2262 2174 2322 2229 δε
2359 2175 2601 2229 τάναντία
2630 2173 2827 2248 σχεδὸν
2857 2176 3027 2228 ἅπασι
3052 2184 3161 2237 τοῖς
3186 2175 3641 2236 ἕκκλησιαστικοῖς
3670 2178 3863 2249 ἱστορι-

2259 2273 2386 2327 κοῖς.
2416 2266 2638 2338 Ἐξαίρει
2684 2269 2804 2326 τοὺς
2849 2266 3265 2338 ’Δρειανίζοντας
3296 2265 3547 2329 ἅπαντας,
3572 2261 3861 2339 λοιδορίαις

2259 2355 2433 2407 πλύνει
2475 2359 2597 2417 τοὺς
2639 2350 2970 2429 ὀρθοδόξους,
3003 2356 3067 2416 ὡς
3117 2352 3247 2407 εἶναι
3286 2359 3374 2412 τήν
3420 2356 3651 2429 ἱστορίαν
3696 2353 3855 2405 αὐτοῦ

2259 2450 2330 2518 μὴ
2381 2446 2614 2519 ἱστορίαν
2662 2442 2874 2514 μᾶλλον,
2921 2442 3030 2495 ἀλλ’
3072 2443 3324 2515 ἐγκώμιον
3375 2446 3465 2515 μεν
3520 2452 3619 2495 τῶν
3668 2444 3856 2517 αἱρετι-

2259 2543 2381 2604 κῶν,
2414 2533 2578 2605 ψόγον
2611 2530 2669 2585 δε
2713 2536 2907 2604 γυμνὸν
2951 2538 3040 2585 καὶ
3069 2536 3389 2605 κατηγορίαν
3414 2541 3512 2584 τῶν
3543 2528 3859 2605 ὀρθοδόξων.

2260 2622 2413 2676 Ἐστι
2462 2620 2521 2675 δε
2551 2626 2645 2681 τὴν
2689 2625 2878 2695 φράσιν
2911 2623 2993 2692 [ii
3038 2621 3132 2695 Η.]
3165 2621 3370 2694 κομψός
3418 2627 3507 2674 καὶ
3537 2629 3858 2688 ποιητικαῖς,

2260 2713 2367 2765 ἀλλ’
2418 2713 2477 2765 οὗ
2530 2717 2827 2785 κατακόρως
2874 2708 2987 2764 οὐδ’
3033 2710 3310 2786 ἀχαρίτοις
3353 2713 3397 2747 ⁸⁷
3448 2711 3614 2774 λέξεσι
3658 2730 3859 2784 κεχρη-

2259 2805 2421 2875 μένος.
2482 2806 2582 2855 Καὶ
2624 2802 2654 2859 ἠ
2704 2805 2867 2875 τροπὴ
2923 2797 2984 2853 δε
3028 2800 3168 2872 αὐτῷ
3241 2808 3313 2871 τῷ
3371 2800 3635 2873 έμφατικῷ
3660 2800 3710 2836 ⁸⁸
3764 2806 3858 2859 τὴν

2258 2894 2419 2964 χάριν
2467 2894 2595 2963 μετὰ
2643 2898 2735 2943 τοῦ
2782 2886 2939 2951 ἡδέος
2980 2888 3278 2962 ἐφέλκεταιο
3308 2889 3440 2949 πλὴν
3489 2889 3645 2943 ένίοτε
3690 2910 3857 2963 παρα-

2259 2980 2415 3040 ϐόλως
2472 2980 2651 3040 αὐταῖς
2708 2984 2797 3031 καὶ
2872 2978 3115 3031 πλεῖστον
3186 2977 3658 3053 ἀποτετραμμέναις
3712 2986 3857 3055 χρώς

2258 3088 2401 3141 μενος
2480 3068 2545 3129 εἰς
2610 3067 2939 3139 ψυχολογίαν
2995 3072 3082 3121 καὶ
3154 3066 3521 3141 ἁκαιρολογίαν
3596 3067 3853 3124 έκπίπτει.

2260 3156 2631 3232 Περιϐέϐληται
2667 3154 2726 3209 δε
2768 3156 2909 3227 αὐτῷ
2952 3156 3193 3219 ποικίλως
3225 3159 3251 3208 ό
3280 3157 3424 3230 λόγος
3469 3163 3559 3210 καὶ
3602 3157 3650 3209 έν
3694 3163 3851 3231 κόρῳ,

2259 3250 2327 3308 ὡς
2374 3248 2440 3308 εἰς
2482 3250 2540 3298 τό
2588 3245 2777 3318 ἀσαφὲς
2821 3251 2908 3299 καὶ
2961 3246 3054 3298 οὐκ
3101 3246 3180 3299 ἀεὶ
3227 3252 3413 3321 χαρίεν
3460 3250 3545 3299 τόν
3594 3245 3855 3319 ἀκροατὴν

2258 3337 2634 3410 ὑποσύρεσθαι.
2667 3338 2750 3389 Ἐν
2795 3335 3000 3397 πολλοῖς
3048 3332 3107 3388 δε
3152 3341 3243 3389 καὶ
3289 3336 3487 3399 οἰκείως
3516 3336 3855 3409 γνωμολογεῖ.

2255 3433 2475 3499 Ἰστορεῖ
2525 3422 2585 3478 δε
2644 3428 2711 3478 τὰ
2777 3424 2878 3477 ἀπὸ
2947 3433 3039 3486 τῆς
3086 3426 3287 3500 Ἀρείου
3337 3430 3456 3501 περὶ
3507 3431 3603 3484 τὴν
3654 3427 3857 3501 αἰρεσιν

2262 3511 2503 3576 σπουδῆς
2550 3533 2601 3567 τε
2669 3518 2758 3566 καί
2810 3513 3102 3587 κατάρξεως
3149 3518 3312 3587 μέχρι
3375 3522 3468 3575 τῆς
3514 3513 3714 3569 Ἀετίου
3763 3520 3859 3566 τοῦ

2260 3600 2684 3657 δυσσεϐεστάτου
2739 3601 3087 3664 ἀνακλήσεως.
3143 3603 3307 3665 Οὗτος
3356 3600 3415 3656 δι
3472 3605 3667 3665 Ἀέτιος
3733 3603 3860 3677 παρ’

2260 3695 2428 3747 αὐτῶν
2502 3697 2591 3766 μεν
2660 3702 2759 3745 τῶν
2835 3701 3268 3765 συναιρεσιωτῶν,
3330 3690 3423 3745 διὰ
3469 3696 3526 3746 τό
3598 3692 3863 3754 κάκείνους

2259 3782 2709 3857 ιβπερϐαῆσθαί⁸9
2760 3791 2820 3855 τῇ
2878 3779 3183 3854 δυσσεϐείᾳ,
3241 3784 3305 3842 ὡς
3352 3782 3503 3842 αὐτὸς
3558 3782 3703 3844 οὗτος
3767 3787 3863 3834 καὶ

2258 3878 2329 3945 μὴ
2378 3871 2687 3945 βουλόμενος
2738 3874 2950 3946 ἱστορεῖ,
2982 3878 3078 3933 τῆς
3121 3868 3390 3933 διακονίας
3437 3873 3725 3946 καθῃρέθη,
3758 3872 3863 3924 ὑπὸ

2260 3959 2320 4015 δε
2372 3968 2462 4014 τοῦ
2517 3958 2943 4013 δυσσεϐεστάτου
3002 3960 3283 4014 Ἰουλιανοῦ
3349 3960 3601 4019 ἀνεκλήθη
3661 3980 3712 4013 τε
3768 3965 3861 4013 καὶ

2260 4049 2567 4124 φιλοφρόνως
2619 4046 2889 4112 ἐδεξιώθη.
2926 4056 3026 4103 Καὶ
3084 4052 3113 4107 ἡ
3168 4053 3258 4121 μεν
3319 4052 3527 4125 ἱστορία
3575 4049 3733 4102 αὐτοῦ
3784 4045 3865 4101 δι’

2259 4140 2367 4201 ἑνός
2409 4138 2635 4211 βιϐλίου,
2670 4146 2849 4211 τὸμοις
2896 4139 2948 4202 ἑξ
3004 4140 3464 4212 συμπληρουμένη,
3498 4144 3661 4214 μέχρι
3706 4135 3870 4191 τοῦδε

2257 4235 2465 4302 πρόεισι
2531 4236 2624 4281 τοῦ
2675 4235 2891 4301 χρόνου.
2953 4228 3106 4284 Ἐστι
3161 4226 3221 4281 δε
3274 4230 3300 4280 ό
3333 4230 3350 4264 ί
3409 4228 3536 4303 ἀνὴρ
3606 4225 3870 4299 ψευδολό-

2257 4338 2344 4392 γος
2403 4338 2456 4372 τε
2511 4322 2600 4371 καὶ
2657 4315 2781 4371 οὐδε
2852 4320 3164 4391 μυθολογίας
3236 4317 3577 4391 ἀπεχόμενος.
3638 4317 3872 4392 Ἐξαίρει

2262 4404 2320 4460 δε
2372 4406 2421 4459 έν
2473 4411 2562 4480 μεν
2608 4407 2781 4479 λόγοις
2829 4407 3062 4480 μάλιστα
3090 4408 3282 4461 ’Δέτιον
3330 4414 3420 4460 καὶ
3472 4407 3738 4479 Εὐνόμιον,
3764 4411 3873 4477 μό-

503 4488 790 4559 dogmata
840 4491 1109 4559 tempore
1161 4488 1591 4556 contaminata,
1644 4492 1985 4563 prodigiose
2040 4495 2149 4551 hoc

2263 4516 2379 4560 νους
2451 4478 2778 4571 ἂνακαθᾱιραι
2830 4478 2915 4549 ήτὰ
2987 4504 3081 4559 τῆς
3154 4495 3414 4559 εὐσεϐείας
3468 4478 3711 4569 δόγματα
3792 4503 3874 4566 τῷ

501 4579 704 4651 ipsum
732 4575 1071 4634 mentiendo
1104 4593 1117 4633 :
1151 4575 1464 4648 signorum
1502 4583 1725 4646 autem,
1763 4586 1823 4637 et
1851 4581 1985 4638 vitio
2015 4599 2150 4654 gra-

2259 4590 2436 4659 χρόνῳ
2508 4590 2926 4659 συγκεχωσμένα
2995 4590 3391 4660 τερατευόμενος
3458 4584 3507 4639 ἂν
3572 4590 3877 4660 τεραστίοις

1853 4733 2083 4791 VARIE
2121 4735 2414 4794 LECTION
2421 4738 2527 4795 ES.

578 4874 627 4910 ⁵⁸
655 4870 789 4930 libri
823 4870 1106 4947 ἱεροκλίως.
1217 4873 1266 4908 ⁹⁷
1309 4872 1516 4931 malim
1546 4873 1837 4951 ἀχαρίτως.

1950 4878 1999 4913 ⁸⁸
2030 4876 2317 4952 ἔκφαντικῷ
2352 4894 2506 4937 corr.
2540 4882 2605 4935 Α.

2721 4882 2768 4916 ⁵⁸
2797 4878 3209 4953 ὑπερϐάλλεσθαι
3241 4900 3295 4945 ς’.
3373 4880 3391 4917 ³
3422 4882 3447 4933 ό
3476 4879 3644 4937 libris
3679 4878 3877 4939 deest.

2069 5006 2292 5063 NOT/E.

578 5126 690 5199 (56)
724 5127 831 5184 Inf.
861 5127 994 5184 cod.
1044 5127 1229 5184 XLIII.

578 5198 932 5271 (57)Septem
975 5216 1075 5255 eos
1120 5201 1299 5256 fuisse
1342 5198 1615 5269 colligere
1666 5200 1797 5259 licet
1829 5219 1902 5259 ex
1951 5203 2151 5261 libello

504 5270 869 5344 Eusebii,qui
893 5271 1092 5344 adhuc
1106 5272 1505 5344 superest,hac
1534 5274 1916 5343 inscriptione
1950 5291 1963 5330 :
1993 5294 2023 5327 (ι
2050 5279 2152 5331 Eu-

506 5342 1293 5419 sebii_l’_amphili_Caasarem
1325 5345 1504 5419 episc.
1547 5342 1870 5419 cont'utatio
1912 5351 2153 5419 scripto-

506 5361 650 5397 senu
693 5361 979 5415 rampnm
1016 5361 1293 5400 passerem
1325 5361 1504 5472 egisc.
1547 5361 1870 5403 CODIlllalIO
1912 5361 2153 5419 scripto-

503 5414 965 5540 izlilqiiliefoclis,
992 5416 1292 5487 Tyaneum
1325 5416 1363 5470 C
1412 5416 1554 5472 risto
1588 5418 1881 5474 Servatori
1917 5434 2154 5489 compa-

506 5500 715 5541 rantis.
762 5506 785 5537 ν

577 5557 688 5643 ςῦιὸ)
720 5557 1139 5643 Meminitejus
1160 5556 1374 5643 Suida‘s
1405 5557 1467 5614 in
1497 5558 1740 5643 Leontio
1769 5559 2151 5643 Ἰλιςὶροιί-ιιιηρ2

506 5626 683 5710 allata
697 5633 770 5710 .et
805 5626 1146 5685 narratione
1171 5629 1461 5710 quadam
1500 5646 1599 5710 ex_
1620 5632 1733 5710 hac
1782 5626 2155 5710 Philostorgii

506 5698 751 5761 historia
767 5698 1230 5777 ;rursumque.iti
1244 5701 1543 5774 Phlegone
1556 5702 1853 5761 Tralliano
1868 5721 1881 5773 ;
1898 5698 2144 5777 Niceph.

2263 5131 2481 5190 Callist.
2514 5131 2613 5189 lib.
2645 5148 2682 5195 ι.
2716 5150 2767 5189 c.
2802 5134 2948 5198 init..
2976 5135 3085 5191 Deo
3113 5134 3365 5191 invisum
3394 5134 3685 5201 nominat,
3719 5133 3885 5190 reci-

2262 5208 2567 5331 tatquggeit:i
2594 5204 2808 5262 eodem
2837 5206 2911 5263 de
2943 5208 3232 5262 Eunomio
3261 5208 3545 5279 quaedam
3578 5206 3734 5262 libro
3766 5222 3883 5274 xu,

2262 5291 2396 5331 can.
2432 5290 2445 5303 ·
2575 5292 2633 5331 ιι.

2261 5291 2396 5332 OED.
2432 5290 2499 5330 ZH
2530 5290 2633 5331 nn.

2334 5294 2721 5428 ίξῆμῡὲἒιιο.
2742 5348 2999 5428 plurima
3029 5348 3174 5428 scitu
3205 5348 3389 5428 digna
3420 5365 3538 5428 non
3575 5364 3692 5406 uno
3740 5347 3886 5406 loco

2264 5420 2486 5488 scripta
2516 5419 3101 5492 reliquitNicephor.
3124 5419 3338 5476 Callist.
3373 5421 3430 5476 in
3461 5420 3677 5476 Histor.

2334 5491 2774 5571 (69)‘Eius_hac
2803 5492 2877 5571 de
2921 5507 2987 5571 re
3029 5491 3108 5546 ad
3144 5491 3375 5571 Aetium
3405 5494 3625 5571 _ips_um
3655 5491 3886 5571 scripta

2262 5560 2520 5631 epistola
2540 5560 2720 5646 hodie
2742 5568 2952 5645 exstat,
2969 5563 3348 5645 cumcasteris
3365 5564 3416 5635 ej
3428 5560 3638 5621 iisdem
3658 5560 3881 5638 imper.

2261 5631 2463 5689 Graece
2493 5636 2550 5688 et
2582 5635 2781 5691 Latine
2811 5634 2967 5691 edita
2991 5636 3245 5691 Parisiis.

2604 5651 2781 5691 ,8006
2811 5651 2967 5691 θαιιε.
2991 5651 3245 5691 1³81⁵18118.
