4046 6228
430 307 498 357 75
1672 300 1902 355 l’HOTll
1942 297 2028 353 PA

2196 300 2416 355 .llCH/E
2458 302 2556 357 ΟΡ.
3729 309 3794 364 76

430 426 616 496 Hujus
641 426 900 483 historiae
931 426 1065 482 libri
1093 426 1301 483 decem
1335 434 1491 490 sunt,
1533 431 1597 480 ut
1624 426 1713 479 ille
1761 426 1887 496 ipse
1919 425 2028 496 poli

2202 428 2261 486 ὡς
2313 432 2403 480 καὶ
2459 428 2615 490 αὐτὸς
2666 428 2852 491 ἐκεῖνος
2912 431 3299 504 ἐπαγγέλλεται.
3355 433 3451 485 Ὧν
3506 434 3633 505 ἡμῖν
3682 439 3800 494 τοὺς

427 521 610 585 cetur,
642 531 902 588 quorum
933 516 1201 588 quinque
1229 516 1523 570 duntaxat
1552 514 1748 581 legere
1775 514 1916 567 mihi
1945 528 2025 567 cci

2198 518 2338 565 πέντε
2375 521 2577 587 ’γέγονεν
2612 516 2918 589 ἀναγνῶναι,
2956 526 3293 595 περιέχοντας
3321 522 3407 593 (ὡς
3450 525 3665 595 ἔφημεν)
3695 522 3796 575 ἀπο

426 604 575 675 tigit,
607 605 915 661 historiam
945 606 1314 661 continentes
1347 605 1435 673 (ut
1468 607 1595 673 jam
1640 602 1783 671 dixi)
1817 618 1851 656 a
1875 604 2024 656 Nestt

2198 610 2283 663 τῆς
2330 610 2614 679 Νεστορίου
2656 606 2995 681 βλασφημίας
3043 616 3207 683 μέχρι
3252 619 3342 671 τῆς
3389 620 3477 664 τοῦ
3527 614 3796 686 αἰρετικου

425 692 499 748 rii
522 692 919 766 blasphemia,
950 710 1137 765 usque
1168 693 1246 749 ad
1278 691 1429 748 Petri
1454 691 1718 747 haeretici
1752 707 1782 746 e
1806 690 1946 744 sede
1980 689 2019 744 d

1183 693 1246 749 1d
1278 691 1429 748 Petri
1454 691 1718 747 haeretici
1752 707 1782 746 e
1806 690 1946 744 sede
1980 689 2083 745 de-
2195 696 2392 765 Πέτρου
2415 698 2781 771 καθαιρέσεως.

425 782 763 853 jectionem.

1114 876 1119 879 ’
1180 890 1333 945 XLII.
2930 901 3051 948 MB‘.

501 981 711 1038 Basilii
741 979 947 1037 Cilicis
994 979 1424 1037 Ecclesiasticw
1466 978 1714 1035 historiae
1754 975 1895 1031 libri
1926 989 2009 1032 ιιΙ.

2372 980 2639 1034 Βασιλείου
2671 982 2884 1045 Κίλικος
2912 983 3354 1043 Ἐκκλησιαστικὴ
3392 987 3621 1058 ἱστορία.

502 1072 674 1126 Lecta
707 1076 792 1127 est
825 1069 1015 1127 Basilii
1044 1070 1231 1125 Cilicis
1256 1069 1514 1125 Historia
1532 1068 1917 1124 ecclesiastica
1946 1064 2079 1136 (67).

2264 1068 2587 1140 Ἀνεγνὼσθη
2672 1073 2941 1124 Βασιλείου
3040 1073 3244 1135 Κίλικος
3344 1074 3792 1133 Ἐκκλησιαστικὴ

429 1161 637 1231 Incipit
666 1158 738 1215 ab
776 1160 1010 1214 interitu
1042 1158 1329 1230 Simplicii
1362 1157 1525 1212 urbis
1556 1160 1759 1212 Romae
1791 1154 2027 1225 epis00p

2197 1158 2415 1231 ἱστορία.
2452 1158 2709 1233 ’Ἃρχεται
2767 1159 2867 1212 ἀπὸ
2920 1171 3014 1223 τῆς
3063 1164 3300 1225 τελευτῆς
3354 1162 3663 1235 Σιμπλικίου
3704 1170 3795 1214 τοῦ

428 1249 531 1320 qui
587 1249 666 1305 ad
730 1249 1013 1303 Acacium
1063 1245 1785 1317 Constantinopolitanum
1847 1244 2026 1315 scrips

2203 1252 2399 1318 Ρώμης.
2457 1251 2512 1310 ὃς
2569 1254 2692 1320 πρὸς
2748 1249 2988 1302 Ἀκάκιον
3066 1254 3147 1302 τὸν
3207 1252 3795 1313 Κωνσταντενουπολεως

428 1354 504 1393 ne
551 1354 689 1393 cum
718 1337 889 1393 Petro
940 1336 1045 1409 qui
1075 1338 1323 1405 Mongus
1364 1335 1824 1406 cognominatus
1886 1338 1991 1398 est,
2024 1363 2026 1377 ι

2199 1333 2410 1407 ἔγραψεν
2482 1336 2777 1395 ἀποστῆναι
2830 1347 2921 1401 τῆς
2989 1343 3119 1411 πρὸς
3168 1345 3359 1412 Πέτρον
3415 1345 3500 1393 τόν
3555 1340 3797 1403 Ἀλεξάνο

426 1434 569 1482 tunc
622 1426 1041 1482 Alexandriam
1098 1425 1538 1495 corrumpebat,
1587 1422 2024 1479 communicare

2193 1422 2368 1495 δρειαν
2404 1427 2424 1459 ⁵
2476 1425 2842 1499 λυμαινόμενον
2887 1434 3173 1490 κοινωνίας,
3299 1428 3509 1485 ἐπίκλην
3566 1435 3791 1500 Μογιός·

429 1516 531 1570 Hic
558 1516 720 1570 enim
751 1519 952 1570 Petrus
982 1517 1255 1570 sanctam
1295 1512 1665 1569 Chalcedone
1697 1511 1966 1567 habitam
1990 1529 2027 1584 ελ

2198 1513 2339 1574 οὗτος
2368 1517 2465 1586 γὰρ
2498 1520 2591 1573 την
2636 1516 2685 1567 ἐν
2734 1514 3041 1588 Καλχηδόνι
3088 1517 3239 1587 ἁγίαν
3290 1515 3505 1570 σύνοδον
3553 1514 3796 1590 δημοσίᾳ

428 1604 654 1659 nodum
680 1604 914 1676 publice
933 1609 1109 1676 atque
1130 1602 1187 1658 in
1215 1602 1478 1658 Ecclesia
1504 1602 1884 1658 anathemate
1905 1601 2026 1657 dan

2196 1608 2278 1654 καὶ
2334 1602 2381 1654 ἐν
2434 1604 2715 1677 Ἐκκλησία
2765 1605 3112 1678 ἁνεθεμάτιζε.
3168 1606 3241 1658 Δι’
3295 1608 3348 1658 ὃν
3397 1612 3487 1658 καὶ
3544 1608 3794 1668 Ἀκάκιος

425 1694 625 1749 nabat.
667 1693 776 1749 Per
812 1708 993 1765 quem
1024 1698 1081 1748 et
1120 1692 1370 1748 Aeacius
1413 1692 1589 1764 (recte
1629 1692 1868 1764 quidem
1910 1691 2023 1746 init

2197 1691 2351 1751 καλῶς
2412 1698 2656 1765 πρότερον
2730 1694 2845 1746 κατ’
2923 1695 3083 1747 αὐτου
3158 1700 3496 1766 κεκινημένος,
3574 1697 3795 1770 ὕστερον

426 1788 634 1839 contra
663 1782 862 1854 ipsum
909 1782 1241 1853 permotus)
1283 1785 1437 1853 post,
1484 1781 1648 1852 quod
1690 1780 1763 1836 ab
1812 1780 1912 1836 illo
1954 1797 2024 1837 no

2197 1780 2281 1831 οὐκ
2330 1780 2772 1855 ἀποστρεφόμενος
2838 1787 3099 1857 αἱρετικοῡ
3176 1781 3332 1845 δοξαν
3388 1787 3530 1858 παρὰ
3588 1768 3795 1845 πολλοῖς

426 1872 790 1940 abhorreret,
828 1869 1081 1925 haeretici
1120 1870 1471 1941 Opinionem
1520 1868 1680 1940 apud
1710 1868 1928 1924 multos
1955 1885 2024 1924 ne

2193 1868 2465 1935 ἐκτήσατο,
2525 1878 2633 1933 τοῖς
2684 1868 2743 1924 δε
2793 1871 3063 1944 Ῥωμαίοις
3138 1878 3228 1924 καὶ
3299 1874 3398 1924 ὑπὸ
3484 1876 3791 1944 καθαίρεσιν

425 1961 650 2029 eﬂ'ugit,
673 1978 710 2015 a
734 1959 1019 2015 Romanis
1044 1975 1180 2014 vero
1211 1958 1390 2014 etiam
1422 1957 1561 2013 sede
1591 1963 1789 2013 motus
1806 1962 1914 2023 est,
1945 1974 2021 2028 qu

2192 1960 2379 2013 ἔπεσεν.
2409 1961 2527 2013 Ἐπὶ
2573 1965 2802 2021 Ζήνωνος
2848 1958 2906 2013 δὲ
2934 1966 2989 2013 τὸ
3026 1958 3265 2033 δεύτερον
3297 1968 3462 2014 ταῦτα
3485 1964 3790 2034 ἐπράττετο.

423 2066 516 2106 res
545 2051 657 2105 sub
692 2052 923 2103 Zenone
953 2048 1167 2103 iterum
1202 2052 1492 2116 regnante
1532 2047 1757 2116 agitata
1788 2049 1924 2115 (68).
1962 2050 2021 2101 Αι

2195 2045 2445 2121 Ἀρχεται
2493 2053 2581 2119 μὲν
2626 2046 2712 2101 οὖν
2746 2048 2798 2100 ἐκ
2847 2046 3010 2101 τῶνδε
3040 2058 3137 2101 τῶν
3188 2055 3417 2121 χρόνων,
3451 2055 3540 2101 καὶ
3583 2052 3793 2103 κάτεισι

427 2138 691 2213 spicatur
708 2137 908 2209 itaque
925 2136 1002 2193 ab
1024 2136 1116 2191 his
1130 2137 1369 2208 quidem
1386 2136 1769 2207 temporibus,
1787 2135 2025 2207 perveni

2195 2139 2347 2206 uixpi
2402 2137 2635 2197 τελευτῆς
2698 2140 3073 2203 Ἀναστασίου,
3128 2141 3177 2198 ὃς
3225 2139 3523 2191 εἰκοσιεπτὰ
3566 2142 3656 2195 ἔτη
3702 2151 3793 2197 καὶ

422 2243 537 2299 que
550 2229 627 2283 ad
643 2226 939 2282 Anastasii
956 2226 1484 2297 imp.excessum,q
1494 2225 1550 2279 ui
1561 2230 1791 2296 septem
1805 2230 1857 2280 et
1872 2226 2020 2294 vigin

2198 2232 2353 2287 ιῆνας
2396 2235 2553 2300 τρεῖς,
2581 2231 2647 2288 ὡς
2696 2227 2845 2289 οὗτός
2877 2246 3059 2298 φησιν,
3093 2228 3140 2279 ἐν
3176 2236 3237 2299 τῇ
3287 2226 3533 2299 βασιλείᾳ
3579 2225 3796 2299 διήρκε-

422 2332 634 2387 annos,
667 2330 1027 2387 mensesque
1046 2320 1180 2381 tres,
1204 2314 1369 2369 uthic
1397 2314 1952 2386 scribit,imperavit
1977 2332 2020 2370 cn

2196 2333 2289 2365 τεν·
2324 2315 2435 2384 μεθ’
2468 2318 2519 2367 ὃν
2569 2316 2845 2368 ’1ουστίνον
2895 2319 2980 2368 τὸν
3014 2322 3203 2387 Θρᾷκα
3250 2315 3606 2391 ἀναρρηθῆναι
3657 2324 3794 2391 γρά-

416 2405 518 2476 jus
531 2406 835 2477 imperium
854 2403 1350 2475 excepitJustinus
1362 2402 1649 2468 Thrax,ut
1662 2403 1868 2457 ibidem
1881 2403 2014 2459 refe:

2190 2422 2266 2473 φει
2323 2402 2565 2475 βασιλέα,
2599 2405 2736 2459 Ἀλλ’
2793 2408 2822 2463 η
2866 2409 2954 2475 μεν
3006 2403 3188 2475 βίϐλος
3238 2406 3368 2462 αὕτη
3420 2405 3641 2458 ἐνταῦθά
3689 2426 3788 2458 που

422 2494 731 2552 Verumibi
751 2494 871 2549 fere
892 2492 1148 2548 hicliber
1173 2491 1518 2558 absolvitur,
1552 2508 1587 2547 a
1632 2494 1861 2547 Zenone
1885 2508 2020 2563 usqi

2193 2498 2279 2550 τὴν
2315 2499 2521 2566 Γραφήν
2586 2496 2815 2558 ἵστησιν,
2851 2494 2951 2546 ἀπὸ
3002 2500 3229 2556 Ζήνωνος
3272 2500 3437 2568 μέχρι
3483 2504 3573 2556 τῆς
3624 2495 3791 2548 τελευ-

421 2584 500 2641 ad
528 2582 827 2639 Anastasii
850 2583 1092 2649 exitum,
1121 2587 1177 2636 et
1202 2580 1415 2636 Justini
1459 2579 1807 2636 electionem
1859 2581 2019 2651 pertii

2196 2591 2279 2644 τῆς
2313 2583 2660 2636 Ἀναστασίου
2694 2588 2781 2634 καὶ
2827 2591 2920 2645 τῆς
2963 2585 3252 2635 Ἰουστίνου
3293 2581 3622 2657 ἀναρρήσεως
3665 2604 3794 2636 κατ-

422 2688 589 2743 gens.
655 2671 844 2727 Refert
884 2670 1023 2725 item
1066 2668 1215 2726 alios
1260 2670 1415 2724 duos
1466 2685 1502 2724 a
1545 2685 1607 2724 se
1660 2668 1846 2724 libros
1891 2668 2020 2724 fuis:

2194 2680 2365 2723 ιουσα.
2402 2676 2553 2742 Λέγει
2585 2669 2642 2724 δὲ
2674 2670 2826 2733 οὗτος
2855 2675 2922 2733 ὡς
2954 2675 3139 2730 εἴησαν
3174 2673 3313 2742 αὐτῷ
3362 2677 3450 2723 καὶ
3496 2672 3658 2744 ἕτεραι
3688 2668 3792 2725 δύο

422 2760 810 2831 conscriptos,
843 2760 1107 2832 primum
1146 2764 1203 2814 et
1235 2759 1473 2813 tertium
1508 2764 1600 2813 :et
1629 2757 1796 2813 illum
1828 2759 2020 2829 quidet

2192 2765 2535 2831 πεπονημέναι
2594 2759 2788 2832 βίϐλοι,
2842 2767 3020 2834 πρώτη
3073 2766 3162 2813 καὶ
3210 2766 3377 2833 τρίτη·
3428 2761 3494 2811 ὧν
3545 2766 3637 2818 την
3700 2766 3790 2832 μεν

423 2851 502 2907 ab
544 2850 795 2921 imperio
849 2847 1130 2904 Marciani
1190 2847 1371 2903 ducto
1430 2848 1615 2913 initio,
1658 2847 1737 2902 ad
1778 2850 2021 2904 Zenonei

2196 2848 2289 2902 Ξιπὸ
2346 2858 2646 2922 Μαρκιανοῦ
2696 2858 2787 2901 τοῦ
2841 2848 3098 2921 βασιλέως
3152 2851 3439 2923 ἄρχεσθαι,
3479 2850 3794 2919 καταλήγειν

423 2956 611 3012 usque
637 2938 903 3010 perduci,
939 2938 1095 2993 unde
1143 2944 1200 2993 et
1226 2937 1559 2993 secundum
1590 2938 1661 2992 sit
1690 2938 2021 3009 auspicatus

2199 2935 2248 2990 ἴε
2290 2940 2381 2999 ἓως
2426 2945 2677 3003 Ζήνωνος,
2730 2938 2812 3009 ἀφ’
2870 2938 2930 2989 οὗ
2983 2943 3076 2996 τὴν
3143 2937 3318 3012 ἀρχὴν
3364 2940 3393 2996 ἡ
3430 2934 3649 3011 δεύτερα
3702 2937 3797 2989 £1:-

423 3030 660 3084 tertium
691 3044 829 3082 vero
868 3028 1047 3096 hujus
1082 3025 1319 3081 alterius
1369 3026 1465 3096 9b
1510 3024 1641 3080 libri
1687 3026 1871 3080 ﬁnem
1920 3042 2021 3083 exc

2197 3032 2411 3090 τποίητο,
2446 3032 2539 3084 τὴν
2590 3025 2647 3078 δὲ
2688 3032 2867 3101 τρίτην
2915 3029 3180 3078 ποιεῖσθαι
3226 3032 3498 3101 προοίμιον
3546 3031 3604 3078 τὸ
3652 3028 3795 3089 τέλος

423 3132 585 3189 pere,
615 3133 651 3171 a
670 3115 881 3170 Justini
922 3114 1290 3185 temporibus
1312 3113 1677 3184 incipiendo.

2197 3124 2276 3177 τῆς
2311 3111 2569 3190 δευτέρας
2615 3120 2702 3167 καὶ
2747 3116 2846 3167 ἀπὸ
2895 3124 2987 3177 τῆς
3038 3114 3311 3187 βασιλείας
3361 3116 3645 3169 Ἰουστίνου
3692 3116 3795 3168 ἀπο

2180 3207 2462 3277 άρχεσθαι.

495 3296 593 3348 Est
646 3292 741 3348 hic
772 3292 1039 3364 scriptor,
1091 3291 1170 3348 ad
1220 3290 1435 3361 stylum
1478 3292 1643 3364 quod
1683 3292 1905 3363 attinet,
1947 3310 2069 3351 non

2250 3293 2399 3346 Ἐστι
2432 3290 2489 3346 δὲ
2520 3296 2545 3346 ὁ
2578 3297 2904 3367 συγγραφεὺς
2946 3294 3002 3346 οὔ
3050 3293 3161 3345 λίαν
3190 3297 3284 3351 τὴν
3330 3296 3517 3366 φράσιν
3565 3293 3790 3367 ἀπηκρι.

424 3383 600 3439 valde
641 3387 972 3445 accuratus,
1014 3382 1120 3436 sed
1167 3387 1223 3437 et
1261 3381 1352 3436 sui
1404 3381 1704 3437 interdum
1739 3382 2022 3439 dissimili:

2194 3383 2423 3456 ῗωμίνος,
2475 3383 2605 3435 ἀλλὰ
2656 3389 2744 3436 καὶ
2801 3382 3075 3455 ἀνωμάλως
3134 3385 3271 3453 ἔχων
3327 3388 3458 3457 πρὸς
3513 3385 3535 3418 ⁸
3584 3383 3792 3446 ἑαυτὸν,

423 3472 604 3527 Affert
633 3479 833 3527 autem
870 3471 1127 3527 maxime
1166 3469 1585 3541 episcoporum
1621 3471 1770 3527 ultro
1804 3472 2021 3545 citroqi

2192 3477 2451 3545 Κέχρηται
2492 3468 2549 3524 δὲ
2607 3471 2838 3542 μάλιστα
2879 3478 2990 3531 ταῖς
3041 3470 3163 3544 παρ’
3221 3470 3454 3529 ἀλλήλων
3511 3480 3612 3523 τῶν
3664 3471 3790 3524 ἐπι-

425 3561 641 3616 missas
671 3558 979 3631 epistolas,
1010 3575 1132 3630 quo
1162 3558 1487 3614 narrationi
1518 3575 1661 3625 suae,
1698 3565 1758 3614 ut
1789 3560 2023 3617 afﬁrma

2198 3567 2388 3614 τκόπων
2440 3560 2792 3631 στελλομέναις
2850 3559 3166 3623 ὶπιστολαίς,
3199 3559 3266 3620 εἰς
3316 3565 3494 3612 πίστιν
3544 3563 3637 3631 (ὥς
3699 3581 3796 3633 φη-

425 3650 607 3705 ﬁdem
637 3648 944 3705 conciliet:
977 3664 1114 3720 quae
1137 3664 1275 3703 cum
1305 3648 1672 3704 immensum
1694 3650 1945 3706 reddant
1976 3668 2023 3707 vc

2198 3651 2288 3721 rw)
2318 3652 2385 3701 ὧν
2426 3650 2581 3712 αὐτὸς
2620 3653 2827 3724 γράφει·
2863 3650 2919 3702 αἶ
2960 3655 3049 3702 καὶ
3098 3649 3426 3719 πολύστιχον
3470 3657 3683 3702 ποιοῦσι
3734 3654 3796 3703 τὸ

423 3740 648 3805 lumen,
672 3740 734 3795 in
766 3754 988 3808 magno
1020 3745 1219 3795 tamen
1236 3738 1551 3795 verborum
1576 3754 1789 3796 acervo
1816 3741 1913 3797 vix
1943 3758 2021 3797 mi

2199 3740 2389 3793 Βιϐλίον
2435 3745 2524 3792 καὶ
2568 3738 2616 3790 ἐν
2666 3738 2852 3797 πλήθει
2903 3738 3065 3810 λόγων
3118 3738 3293 3809 ὀλίγην
3345 3740 3567 3809 συνάγον
3596 3740 3614 3771 ⁷
3647 3740 3797 3791 ἱστο-

424 3829 626 3886 dicam
664 3828 919 3884 afferunt
953 3827 1287 3893 historiam,
1337 3834 1395 3883 et
1436 3829 1794 3884 narrationis
1836 3832 2022 3902 insupi

2198 3836 2319 3883 iiav-
2376 3827 2462 3883 διὸ
2510 3834 2599 3882 καὶ
2647 3832 2704 3881 τὸ
2752 3832 2909 3900 σαφὲς
2938 3837 3029 3888 τῆς
3076 3830 3311 3902 ἱστορίας
3360 3836 3432 3898 τῷ
3482 3828 3667 3886 πλήθει
3696 3847 3796 3881 πε-

425 3918 833 3991 perspicuitas,
866 3918 924 3972 vi
945 3921 1126 3989 atque
1151 3916 1318 3987 ecpia
1330 3932 1537 3973 eorum
1555 3932 1691 3989 quas
1717 3918 2023 3989 interjiciui

1494 3933 1537 3972 n
1555 3932 1691 3989 quas
1717 3918 2076 3989 interjiciun-
2183 3926 2486 3993 ρικόπτεται
2514 3927 2610 3972 τῶν
2640 3919 3092 3991 παρατιθεμένων.

426 4019 539 4081 tur,
560 4008 938 4066 rescinditur.

1164 4114 1345 4169 XLIII.
2916 4112 3043 4166 M1".

672 4208 847 4261 Joan.
892 4203 1251 4271 Philoponus
1294 4206 1356 4257 in
1393 4204 1822 4261 Hexaemeron.

2323 4208 2559 4259 Ἰωάννου
2592 4210 2681 4256 τοῦ
2714 4201 2992 4256 Φιλοηὸνου
3025 4201 3089 4261 εἰς
3114 4204 3208 4258 τὴν
3234 4200 3385 4259 ἕκτην
3412 4202 3629 4273 ἡμέραν.

500 4295 1081 4363 Legimusloannem
1108 4291 1503 4360 Philoponum
1526 4294 1638 4363 (69)
1661 4294 1721 4348 in
1751 4295 2074 4351 Hexaeme-

2252 4297 2577 4367 Ἀνεγνώσθη
2613 4294 2847 4347 Ἰωάννου
2894 4300 2983 4343 τοῦ
3031 4289 3310 4343 Φιλοπόνου
3344 4290 3432 4352 Εἰς
3478 4294 3571 4347 τὴν
3600 4287 3788 4351 Ἐξαὴ-

426 4400 557 4447 ron,
589 4398 711 4453 quo
749 4384 811 4435 in
843 4380 996 4434 libro
1034 4395 1222 4449 purus
1253 4387 1340 4434 est
1365 4388 1420 4434 et
1456 4380 1672 4446 clarus,
1721 4398 1901 4453 seque
1941 4384 2024 4454 ips

2186 4407 2348 4462 μερον.
2374 4385 2529 4437 Ἔστι
2578 4380 2635 4435 δὲ
2681 4381 2728 4433 ἐν
2758 4384 2923 4451 τούτῳ
2969 4388 3042 4449 τῷ
3084 4377 3270 4451 βιϐλίῳ
3300 4380 3526 4451 καθαρὸς
3561 4376 3657 4450 [29
3691 4378 3784 4448 8.]

424 4472 661 4527 dicendi
698 4467 876 4524 modo
909 4468 1099 4532 vincit,
1144 4471 1323 4537 atque
1356 4476 1417 4522 ut
1459 4468 1669 4523 Basilio
1702 4471 1910 4539 Magno
1942 4472 2022 4543 pli

2190 4454 2265 4527 calt
2325 4478 2494 4545 σαφὴς
2540 4476 2628 4523 καὶ
2677 4475 2918 4543 κρείττων
2976 4476 3037 4540 τῇ
3085 4468 3213 4529 λέξει
3255 4467 3454 4533 ἑαυτοῦ,
3502 4473 3591 4518 καὶ
3647 4484 3788 4518 συα-

422 4560 643 4617 rimum
692 4558 811 4613 fere
855 4557 1163 4619 consentit,
1209 4555 1289 4609 sic
1338 4572 1443 4626 per
1499 4558 1703 4612 omnia
1760 4559 2020 4615 Theodor

2187 4572 2349 4635 ρωνών
2402 4558 2599 4633 σχεδόν
2631 4561 2679 4611 ίν
2727 4566 2831 4618 τοῖς
2861 4557 3121 4616 πλείστοις
3154 4556 3402 4626 Βασιλείῳ
3432 4564 3500 4625 τῷ
3533 4555 3785 4627 Μεγάλῳ,

422 4649 789 4721 Mopsuestia
836 4652 1150 4719 repugnat,
1176 4645 1280 4717 qui
1303 4645 1459 4701 idem
1488 4645 1614 4718 ipse
1645 4657 2020 4715 argumentui

2194 4652 2489 4704 ιντιπίπτων
2542 4646 2599 4701 δὲ
2650 4646 2719 4700 δι’
2762 4648 2879 4700 ὅλου
2911 4654 2983 4715 τῷ
3022 4644 3389 4715 Μοψουεστίας
3418 4641 3694 4717 Θεοδώρῳ,
3730 4648 3792 4707 ὃς

420 4753 762 4807 aggressus,
792 4735 1348 4806 Inlerpretalionem
1368 4736 1645 4792 Geneseos
1676 4736 1810 4807 (70),
1845 4736 2018 4793 librui

2196 4747 2262 4799 ’ὴν
2334 4742 2495 4798 αὐτὴν
2565 4740 2809 4789 ὑπόθεσιν
2868 4735 3251 4806 ἐνστησάμενος
3304 4733 3609 4807 Ἐρμηνείαν
3686 4741 3794 4796 τῆς

420 4826 735 4898 inscripsit,
782 4830 951 4896 cujus
989 4825 1301 4897 opiniones
1342 4825 1699 4897 Philoponus
1744 4828 2018 4898 repreher

2192 4837 2390 4891 ετίσεως
2450 4833 2506 4880 τὸ
2576 4826 2780 4900 βιϐλίον
2837 4822 3141 4896 ἐπέγραψεν·
3202 4822 3262 4875 οὗ
3319 4825 3413 4884 τὰς
3470 4818 3634 4883 δόξας
3697 4818 3790 4875 δι-

422 4917 591 4983 dens,
625 4920 831 4972 contra
861 4914 1030 4970 nisus
1062 4922 1168 4972 est.

2172 4920 2396 4991 ελίγχων
2426 4920 2451 4970 ὁ
2482 4916 2758 4978 Φιλόπονος
2784 4918 2877 4972 τὴν
2907 4916 3137 4966 ἐναντίαν
3165 4910 3434 4987 ἐτράπετο.

1770 5079 1995 5134 νΑΗΙλΕ
2024 5076 2419 5138 LECTIONES.

491 5242 510 5275 ⁵
532 5242 617 5293 τὸν
646 5244 740 5299 τὴν
770 5234 1158 5312 Ἀλεξάνδρειαν
1190 5260 1244 5303 ς.
1322 5238 1342 5274 θ
1368 5236 1520 5311 πρὸς]
1554 5242 1642 5291 καὶ
1670 5240 1796 5313 πρὸς
1823 5245 1887 5295 Α.
1960 5240 1981 5277 ⁷
2015 5240 2235 5313 συνάγον
2270 5246 2308 5293 Α
2344 5255 2356 5294 :
2385 5242 2695 5309 συναγαγεῖν
2728 5255 2782 5299 ς’.

1979 5419 2207 5475 NOT/E.

486 5556 901 5661 (67)_Mem_init
928 5584 1104 5655 hujus
1134 5582 1372 5661 Niceph.
1422 5582 1643 5661 Qallist.
1674 5582 1777 5639 lib.
1837 5598 1872 5652 ι,
1926 5597 2057 5654 cap.
2170 5583 2345 5661 48g“
2385 5652 2424 5661 ﬂ
2480 5650 2490 5661 ο
2742 5647 2753 5657 ,
3000 5648 3037 5661 Α
3095 5645 3107 5658 ο

410 5640 534 5720 inii:
554 5640 902 5715 ius—etiam
929 5640 1178 5712 est'cod.
1219 5640 1319 5710 11⁸7
1349 5656 1453 5710 inf.
1857 5640 1871 5652 ’
2001 5640 2017 5654 ⁵
2265 5649 2353 5724 69)
2384 5650 2571 5723 Hujus
2592 5647 2788 5721 operis
2808 5643 3360 5719 excerptaiuvenies
3378 5640 3790 5711 innodato.

481 5675 996 5797 (68)}.egerecard.
1018 5728 1232 5787 Baron.
1256 5727 1486 5785 Annal.
1514 5725 1765 5797 tom.VI,
1790 5724 1871 5785 ad
1892 5726 1961 5783 A.
1996 5726 2061 5785 C.
2241 5652 2359 5797 270)
2393 5722 2537 5797 Sup.
2568 5720 2705 5780 cod.
2733 5718 2826 5779 38.

481 5718 996 5815 (68)Legerecard.
1018 5728 1232 5787 Baron.
1256 5727 1486 5785 Annal.
1514 5725 1765 5800 tom.VI,
1790 5724 1871 5785 ad
1892 5726 1961 5783 A.
1996 5726 2061 5785 C.
2241 5718 2359 5797 (70')
2393 5718 2537 5797 Su'p.
2568 5718 2705 5780 oo'd.
2733 5718 2826 5779 38.
