4046 6228
566 302 636 357 79
1792 297 1879 351 ΡΗ
1890 296 2025 351 OTII
2072 295 2206 350 PAT

2325 295 2553 355 .RCH/E
2593 298 2694 353 (ΣΡ.
3874 316 3941 367 30

564 426 720 483 facta
764 442 798 480 a
824 422 1194 495 quibusdam
1236 422 1657 493 jactabantur:
1692 421 1795 476 sed
1825 438 1926 493 per
1958 420 2209 491 philoso-

2333 419 2610 493 φιλοσοφίᾳ
2663 420 2720 475 δὲ
2769 431 2856 476 καὶ
2910 424 3031 496 βίον
3082 430 3426 502 καθαρότητι,
3462 437 3551 484 καὶ
3597 432 3726 507 ἅπερ
3782 436 3943 490 αὐτός

563 514 793 588 phiam,
816 528 887 568 ac
908 511 1042 567 vitae
1064 511 1378 582 puritatem
1404 510 1531 565 haec
1557 512 1755 574 etiam,
1780 525 1915 581 qua:
1938 508 2063 581 ipse
2089 524 2222 563 mox

563 600 915 668 narraverit,
962 599 1040 655 ab
1105 598 1203 655 illo
1254 598 1514 670 profecta
1569 597 1761 667 ﬁngit.
1826 595 1977 661 Quin
2026 596 2222 667 potius

565 706 817 749 exosum
845 689 1056 758 magis,
1087 704 1158 744 ac
1186 687 1488 753 veneﬁcis,
1518 702 1639 742 non
1670 701 1805 741 vero
1834 685 2082 755 magicae
2111 684 2221 740 arti

566 781 835 837 deditum
868 780 1072 834 fuisse.

582 892 585 895 ‘
635 873 768 928 Jam
793 870 868 925 de
898 868 1059 924 Indis
1084 868 1288 924 omnia
1311 867 1438 931 iste,
1468 866 1733 923 maxima
1758 866 2043 930 absurda,
2076 864 2221 921 ﬁde-

564 976 682 1034 que
707 958 956 1028 indigna
982 956 1237 1012 consuit.
1262 956 1426 1012 Dolia
1449 957 1609 1011 enim
1636 955 1800 1026 apud
1827 954 1970 1010 istos
1998 953 2217 1016 statuit,

563 1050 742 1123 plena
771 1047 1056 1102 imbrium
1082 1051 1136 1101 et
1174 1051 1510 1110 ventorum,
1544 1043 1765 1116 quibus
1790 1044 1999 1099 datum
2031 1044 2103 1097 sit
2130 1058 2219 1098 re-

564 1139 804 1209 gionem
826 1135 1167 1207 compluere
1193 1135 1255 1189 in
1280 1134 1561 1189 imbrium
1593 1134 1864 1205 penuria,
1890 1133 2222 1202 iterumque

563 1225 855 1283 discussis
897 1223 1185 1280 imbribus
1232 1223 1476 1289 siccare,
1527 1223 1671 1277 dum
1717 1221 1951 1276 alternis
1999 1236 2222 1292 aquam

564 1322 935 1386 ventumque
973 1329 1005 1368 e
1036 1312 1215 1369 doliis
1246 1312 1649 1384 suppeditant.
1699 1311 1800 1365 His
1831 1309 2069 1373 similia,
2116 1309 2223 1364 de-

562 1406 802 1461 mentire
824 1404 1021 1475 plena,
1047 1406 1104 1457 et
1131 1400 1253 1457 alia
1273 1401 1532 1472 plurima
1558 1400 1895 1472 prodigiose
1917 1398 2223 1475 conﬁngit,

562 1494 764 1566 itaque
801 1492 970 1549 libris
1000 1496 1138 1548 octo
1167 1490 1367 1547 omnis
1400 1490 1479 1546 ab
1528 1488 1630 1546 illo
1659 1487 1968 1546 vanissimi
2000 1487 2225 1545 laboris

564 1599 750 1657 Opera
777 1581 1176 1641 consumitur.

1309 1741 1472 1796 XLV.

820 1831 1294 1889 Andronicianus
1323 1837 1529 1887 contra
1554 1830 1969 1886 Eunomianos.

636 1924 791 1981 Lecti
844 1927 980 1979 sunt
1010 1920 1429 1977 Androniciani
1480 1919 1780 1975 Adversus
1819 1919 2220 1975 Eunomianos

562 2014 749 2070 libelli
769 2013 902 2067 duo.
929 2010 1212 2066 Promittit
1240 2008 1486 2080 quidem
1507 2008 1567 2063 in
1598 2008 1902 2079 prommiis
1948 2008 2219 2077 grandia,

560 2118 697 2177 qum
728 2109 929 2157 tamen
945 2114 1067 2155 non
1091 2097 1375 2169 praestitit,
1398 2096 1456 2150 in
1482 2096 1665 2151 altero
1691 2097 2022 2167 praesertim
2048 2095 2219 2151 libro.

560 2188 903 2260 Philosophi
925 2187 1021 2243 hic
1044 2185 1452 2258 perstudiosus
1481 2190 1585 2249 est,
1620 2201 1757 2239 cum
1786 2184 2076 2249 moribus,
2096 2190 2222 2240 tum

558 2284 775 2343 mente,
815 2282 991 2349 atque
1020 2275 1258 2331 dicendi
1286 2273 1515 2339 forma;
1547 2274 1830 2343 religione
1879 2290 2017 2330 vero
2066 2274 2223 2330 Chri-

558 2370 806 2426 stianus.

1290 2453 1477 2509 XLVI.

562 2547 907 2605 Theodoreti
937 2545 1158 2601 Contra
1195 2543 1493 2670 Ιιρονιῖιὲεοβ
1526 2542 1667 2598 libri
1703 2558 1854 2597 xxvu
1876 2560 1893 2613 ;
1925 2549 1978 2598 et
2009 2542 2223 2598 Erant-

1195 2633 1220 2669 δ
1250 2631 1301 2669 (Β
1351 2629 1372 2667 2
1414 2631 1469 2668 νι
1497 2629 1575 2668 lll.

1195 2629 1301 2669 SHB
1328 2629 1469 2669 ιιονι
1497 2629 1575 2668 lll.

628 2708 782 2765 Lecti
808 2704 1157 2763 Theodoreti
1188 2703 1455 2776 episcopi
1484 2703 1616 2774 Cyri
1649 2703 1792 2757 libri
1818 2710 2028 2773 septem
2057 2709 2107 2758 et
2138 2705 2217 2757 υί-

552 2797 723 2868 ginti,
750 2796 1043 2852 Adversus
1081 2793 1277 2849 varias
1312 2793 1752 2864 prapositiones.
1807 2793 1958 2862 106
1990 2792 2217 2847 Primus

550 2885 701 2942 liber
713 2887 832 2955 agit
846 2888 1049 2939 contra
1061 2881 1595 2946 asserentes,unius
1607 2880 1785 2936 fuisse
1798 2890 2025 2936 naturae
2036 2880 2213 2936 Deum

552 2974 837 3042 Verbum,
868 2977 926 3028 et
956 2980 1115 3042 quoa
1140 2986 1212 3026 ex
1237 2969 1463 3025 semine
1495 2969 1683 3024 David
1714 2969 1971 3039 sumpsit
2000 2969 2215 3039 princi-

549 3061 1018 3133 pium,itemque
1041 3059 1321 3113 adversus
1333 3072 1460 3122 eos,
1482 3056 1890 3127 quidivinitati
1909 3057 2213 3127 passiones
2243 3097 2283 3150 Ο

550 3149 877 3206 atribuunt.
916 3178 983 3187 ——
1016 3145 1325 3203 Secundus
1355 3145 1524 3210 liber,
1556 3161 1693 3199 cum
1743 3144 1970 3200 eisdem
1999 3162 2031 3200 e
2063 3146 2211 3201 Scri.

549 3243 727 3311 ptura
793 3251 1047 3293 manum
1108 3233 1371 3290 validius
1414 3234 1688 3290 conserit.
1736 3262 1804 3274 —
1846 3234 2091 3299 Tertius,
2142 3235 2211 3291 de

550 3327 763 3384 eadem
792 3342 854 3382 re
883 3326 1247 3396 disputat.—
1278 3326 1552 3388 Quartus,
1596 3328 1941 3379 sanctorum
1976 3328 2207 3380 Patrum

548 3413 808 3471 continet
850 3412 1205 3477 doctrinam,
1238 3411 1317 3466 de
1360 3411 1619 3481 gloriosa
1645 3411 2054 3467 incarnatione
2100 3413 2210 3467 Do-

547 3504 694 3559 mini
724 3502 911 3558 nostri
934 3503 1077 3556 Jesu
1104 3500 1314 3557 Christi
1340 3500 1465 3555 Filii
1496 3501 1613 3555 Dei.
1641 3531 1703 3539 —
1731 3499 2000 3566 Quintus,
2019 3500 2209 3555 haere-

545 3592 801 3649 ticorum
855 3590 1076 3660 colligit
1122 3589 1457 3661 opiniones,
1505 3605 1659 3660 quas
1717 3590 2026 3661 componit
2068 3606 2204 3644 cum

545 3681 829 3754 opinione
868 3696 1099 3746 eorum,
1131 3680 1234 3752 qui
1277 3679 1338 3733 in
1387 3678 1583 3735 Cbrito
1616 3678 1769 3733 duas
1817 3686 2062 3734 naturas
2102 3680 2208 3734 mi-

545 3772 705 3827 nime
736 3774 1089 3841 agnoscunt,
1122 3775 1177 3824 et
1206 3767 1464 3824 ostendit
1491 3782 1777 3837 magnam
1804 3783 1906 3823 eos
1933 3768 2113 3823 intem
2144 3785 2204 3822 se

547 3858 897 3916 aﬁinitatem
945 3859 1278 3914 liabere.—
1314 3858 1550 3925 Sextus,
1609 3857 1775 3928 ponit
1827 3873 2015 3911 unum
2070 3874 2204 3911 esse

547 3949 752 4005 Filium
787 3946 1105 4004 Dominum
1125 3953 1394 4003 nostrum
1420 3946 1620 4000 Jesum
1638 3945 1979 4000 Christum.-
2004 3977 2033 3987 -
2068 3948 2205 4018 Sep-

542 4039 742 4104 timus,
772 4037 1037 4109 epistolas
1068 4036 1269 4092 locum
1301 4040 1476 4101 tenet,
1518 4034 1741 4107 quibus
1774 4034 2054 4091 volumen
2088 4036 2205 4107 pri-

540 4144 711 4184 mum
737 4126 1084 4184 absolvitur.
1118 4157 1186 4165 —
1216 4125 1464 4180 Octavus
1484 4140 1645 4190 vero,
1698 4132 1905 4181 contra
1932 4140 2053 4190 eos,
2087 4125 2191 4196 qui

540 4216 907 4271 multitudine
925 4217 1212 4270 duntaxat
1226 4215 1532 4269 veritatem
1546 4213 2199 4283 dijudicant.—Nonus,

538 4304 602 4358 in
644 4318 768 4368 eos,
800 4304 903 4373 qui
941 4303 1173 4372 jactant
1199 4316 1318 4355 non
1370 4306 1643 4371 oportere
1681 4318 1713 4355 e
1745 4302 2062 4371 Scripturis
2103 4310 2204 4357 aut

2332 510 2536 579 ἔφησεν,
2621 510 2805 563 ἐκεῖνον
2888 513 3088 585 εἰσάγει
3155 514 3580 591 διαπεπρᾶχθαι’
3644 521 3945 593 ἀπεχθάνε-

2333 600 2459 649 σθαι
2504 595 2561 649 δὲ
2600 600 2788 670 μᾶλλον
2834 605 3022 673 μάγοις
3070 610 3158 656 καὶ
3207 617 3499 680 φαρμακοῖς
3534 612 3599 675 ¹⁹,
3629 616 3701 682 μὴ
3757 614 3839 664 ὅτι
3884 632 3945 683 γε

2331 688 2486 739 αὐτόν
2516 696 2577 760 τῇ
2610 692 2790 761 μάγων
2823 694 2871 725 ²⁰
2900 699 3351 765 προσανακεῖσθαι
3390 702 3573 771 τέχνη.

2406 869 2527 939 Περὶ
2557 862 2616 916 δε
2668 876 2768 918 τῶν
2815 864 2995 921 Ἰνδῶν
3046 871 3190 931 οὗτος
3234 876 3300 924 τὰ
3332 876 3503 926 πάντα
3549 878 3591 911 ²¹
3630 876 3943 951 παραλογώ-

2331 974 2462 1007 τατα
2513 960 2601 1006 καὶ
2654 954 2984 1010 ἀπιστότατα
3034 956 3418 1035 διαρραψῳδεῐ·
3449 966 3631 1026 πίθους
3686 970 3786 1038 γὰρ
3843 968 3942 1017 αὐ-

2329 1051 2432 1103 τοῖς
2461 1042 2668 1117 πληρεις
2708 1045 2910 1118 ὄμϐρων
2955 1054 3043 1099 καὶ
3095 1048 3288 1121 ἀνίμων
3340 1048 3468 1113 δοὺς
3512 1055 3615 1106 ὖειν
3664 1061 3759 1114 τὴν
3820 1063 3942 1126 χώ-

2331 1152 2425 1205 ραν
2470 1131 2751 1205 ἀνομϐρίας
2801 1135 3115 1206 ἐπεχούσης,
3169 1138 3263 1211 [32
3316 1140 3404 1213 Η.]
3454 1142 3745 1215 ἐξικμάζειν
3777 1146 3827 1179 ²²
3889 1164 3943 1196 τε

2333 1218 2397 1273 αὖ
2454 1222 2951 1295 καταῤῥηγνυμένων
3008 1227 3210 1301 ὄμϐρων
3258 1237 3371 1290 ταῖς
3427 1229 3480 1281 ἐκ
3536 1234 3582 1266 ³³
3616 1234 3778 1284 πίθων
3840 1232 3944 1285 ἀνὰ

2333 1315 2482 1385 μέρος
2534 1317 2818 1385 χορηγίαις
2876 1320 3087 1385 κυρίους
3144 1316 3376 1383 ἐκάθισε,
3406 1320 3747 1393 παραπλήσια
3807 1327 3936 1373 του-

2334 1419 2439 1459 τοις
2490 1398 2661 1460 ἀνοίας
2716 1406 2885 1473 μεστὰ
2942 1409 3031 1455 καὶ
3087 1406 3234 1479 ἔτερα
3283 1407 3505 1461 πλεῖστα
3557 1414 3940 1483 τερατευσάμε-

2333 1509 2437 1554 νος,
2472 1489 2549 1541 Ἐν
2580 1488 2712 1541 ὀκτὼ
2759 1486 2817 1542 δὲ
2848 1491 3020 1563 λόγοις
3069 1496 3097 1551 η
3154 1501 3301 1548 πᾶσα
3346 1497 3489 1568 αὐτῷ
3518 1506 3607 1559 τῆς
3646 1519 3940 1571 μοιταιοπο⁸

2332 1583 2445 1640 νίας
2476 1576 2685 1638 σπουδὴ
2717 1580 3098 1639 κατηνάλωται.

3068 1672 3191 1725 ME'.

2403 1754 2823 1832 Ἀνδρονικιανοῦ
2872 1763 3000 1833 πρὸς
3045 1762 3390 1839 Εβύνομιανούς
3440 1764 3581 1837 λόγοι
3633 1765 3864 1839 βραχεῖς

3064 1830 3185 1889 δύοξ

2400 1917 2493 1989 [14
2536 1918 2628 1991 Η.]
2656 1921 3080 1990 ’Λνεγνώσθησαν
3114 1925 3158 1957 ⁵⁸
3191 1920 3611 1991 Ἀνδρονικιανοῠ
3655 1931 3791 2001 Πρός
3837 1929 3940 1981 Ευ-

2330 2011 2601 2078 νομιανοὺς
2654 2007 2797 2078 λόγοι
2857 2007 3078 2081 βραχεῖς
3134 2009 3251 2066 δύο.
3285 2012 3645 2084 ’Υπισχνεῖται
3700 2020 3790 2087 μὲν
3844 2014 3936 2069 οὖν

2332 2094 2379 2145 ἐν
2422 2101 2712 2167 προοιμίοις
2756 2099 2976 2168 μεγάλα,
3011 2099 3068 2150 οὐ
3100 2108 3316 2152 τοιαῦτα
3349 2099 3407 2154 δὲ
3453 2102 3486 2153 ἃ
3518 2100 3816 2178 διέρχεται,
3842 2112 3935 2155 καὶ

2330 2184 2561 2255 μάλιστα
2602 2204 2660 2256 γε
2691 2184 2737 2236 ἐν
2781 2196 2851 2256 τῷ
2885 2183 3107 2261 δευτέρῳ
3138 2188 3293 2260 λόγῳ.
3328 2189 3481 2244 Ἐστι
3513 2189 3572 2243 δὲ
3603 2193 3748 2253 οὗτος
3790 2194 3935 2265 φιλο-

2333 2279 2517 2344 σοφίας
2555 2272 2776 2347 ἐραστης
2823 2283 2893 2344 τῷ
2934 2295 2987 2327 τε
3032 2279 3146 2334 ἤθει
3199 2284 3288 2330 καὶ
3336 2288 3395 2351 τῇ
3445 2277 3654 2353 διανοίᾳ
3702 2287 3790 2333 καὶ
3838 2292 3932 2333 τον

2328 2360 2483 2433 λόγου
2515 2371 2586 2432 τῷ
2620 2370 2881 2435 σχήματι,
2920 2370 3233 2430 Χριστιανός
3257 2365 3314 2419 δὲ
3345 2378 3415 2439 τῷ
3450 2369 3763 2442 σεϐάσματι.

3050 2455 3198 2537 Μς¹’.

2402 2537 2747 2612 Θεοδωρὴτου
2805 2540 3090 2622 ἐπισκόπου
3156 2546 3325 2616 Κύρου
3384 2545 3527 2617 λόγοι
3574 2546 3671 2610 κζ’.
3719 2554 3857 2622 Πρὸς

2880 2611 3160 2687 διαφόρους
3188 2611 3370 2676 θέσεις.

2400 2699 2723 2771 Ἀνεγνωσθη
2758 2698 3091 2775 Θεοδωρήτου
3124 2704 3412 2758 ἐπισκόπου
3464 2710 3635 2781 Κύρου
3664 2708 3805 2778 λόγοι
3834 2710 3923 2770 κζ’

2325 2793 2453 2862 πρὸς
2503 2787 2788 2863 διαφόρους
2832 2794 3017 2852 θέσεις
3051 2793 3116 2843 ὧν
3169 2796 3192 2845 6
3236 2798 3325 2865 μὲν
3368 2804 3566 2869 πρῶτος
3598 2796 3748 2867 λόγος
3796 2804 3927 2871 πρός

2324 2884 2442 2940 τοὺς
2492 2878 2724 2948 λέγοντας
2762 2885 2885 2952 μίαν
2917 2884 3070 2952 φύσιν
3116 2887 3434 2953 γεγενῆσθαι
3466 2889 3547 2937 τόν
3580 2890 3708 2939 Θεὸν
3759 2893 3927 2959 Λόγον

2324 2973 2411 3019 καὶ
2462 2975 2555 3025 την
2603 2968 2655 3020 ἐκ
2707 2974 2997 3043 σπέρματος
3036 2970 3201 3024 Δαϐὶδ
3230 2973 3513 3045 ληφθεῖσαν
3546 2973 3791 3050 ἀπαρχὴν
3834 2984 3923 3029 καὶ

2322 3060 2719 3131 προσάπτοντας
2747 3062 2809 3110 τὰ
2838 3061 2978 3117 πάθη
3010 3068 3069 3133 τῇ
3121 3063 3344 3124 θεότητι,
3379 3066 3404 3115 6
3437 3062 3495 3116 δὲ
3527 3062 3766 3136 δεύτερος
3794 3072 3926 3138 πρός

2321 3149 2440 3207 τούς
2516 3147 2703 3208 αὐτοὺς
2774 3156 3158 3224 γραφικωτερον
3234 3151 3667 3225 συμπλεκόμενος,
3746 3161 3838 3207 καὶ
3902 3158 3926 3205 6

2320 3238 2495 3307 τρίτος
2524 3240 2639 3307 περὶ
2675 3243 2767 3298 τῆς
2811 3236 2968 3297 αὐτῆς
3014 3239 3325 3300 ὑποθέσεως.
3354 3240 3411 3293 Ὀ
3463 3237 3520 3293 δε
3563 3248 3804 3315 τέταρτος
3844 3241 3925 3296 δι-

2322 3320 2609 3384 δασκαλίας
2659 3333 2757 3375 τῶν
2815 3325 2971 3396 ἁγίων
3029 3332 3268 3402 Πατέρων
3328 3334 3560 3404 περιέχει
3625 3337 3743 3404 περὶ
3829 3342 3927 3394 τῆς

2319 3410 2527 3474 ἐνδόξου
2560 3413 2853 3485 οἰκονομίας
2900 3422 2995 3466 τοῦ
3045 3422 3303 3468 Δεσπότου
3352 3420 3497 3490 ἡμῶν
3552 3427 3785 3492 Χριστοῦ
3828 3432 3925 3474 τοὺ

2318 3503 2439 3553 Υἱοὺ
2498 3511 2587 3553 τοῦ
2630 3512 2783 3556 Θεοῦ.
2826 3503 2882 3555 Ὀ
2932 3509 3106 3575 μέντοι
3154 3510 3388 3577 πέμπτος
3435 3511 3701 3582 αἱρετικών
3757 3507 3925 3573 δόξας

2318 3589 2568 3663 ἁθροίζει,
2630 3598 2718 3644 καὶ
2769 3596 3119 3665 παρατίθησιν
3172 3599 3335 3656 αὐτὰς
3385 3604 3446 3669 τῇ
3509 3594 3635 3670 δόξῃ
3687 3606 3783 3650 τῶν
3845 3606 3920 3671 μὴ

2316 3680 2697 3751 ὁμολογούντων
2746 3680 2829 3733 ἐπὶ
2882 3690 3116 3755 Χριστοῦ
3168 3680 3265 3736 δύο
3313 3688 3514 3756 φύσεις,
3543 3690 3631 3738 καὶ
3681 3682 3923 3741 δείκνυσι

2314 3768 2504 3826 πολλὴν
2552 3774 2681 3839 πρὸς
2735 3769 2979 3831 ἀλλήλους
3034 3768 3397 3835 διασώζοντας
3448 3780 3542 3831 τὴν
3594 3778 3921 3845 συγγένειαν.

2311 3857 2371 3910 Ὀ
2422 3857 2480 3911 δὲ
2526 3861 2670 3921 ἐκτός
2702 3857 3045 3933 διαλαμϐάνει
3093 3863 3171 3912 ὅτι
3217 3860 3288 3923 εἷς
3332 3862 3473 3914 ἐστὶν
3504 3864 3551 3898 ’5
3598 3866 3715 3924 Υιός
3747 3865 3771 3914 6
3818 3868 3926 3916 Κύ-

2312 3967 2425 4019 ριος
2472 3950 2617 4019 ἡμῶν
2671 3949 2873 4009 Ἰησους
2920 3951 2945 4001 6
2999 3950 3326 4022 Χριστός.Ὀ
3375 3948 3595 4023 ἕϐδομος
3638 3952 3925 4015 ἐπιστολῆς

2314 4035 2491 4108 ἐπέχει
2540 4042 2712 4088 τόπον·
2747 4036 2796 4088 ἐν
2846 4039 2917 4097 οἶς
2964 4042 3021 4089 τό
3077 4047 3274 4113 πρῶτον
3322 4041 3704 4115 συνεπληροῦτο
3749 4043 3799 4075 ³⁸
3835 4040 3925 4113 βι-

2314 4123 2472 4175 ϐλίον.
2519 4124 2576 4177 Ὀ
2622 4122 2680 4177 δὲ
2712 4123 2899 4196 ὄγδοος
2931 4127 2972 4161 ³⁷
3008 4130 3137 4199 πρός
3178 4131 3292 4188 τοὺς
3330 4128 3513 4186 πλήθει
3548 4137 3683 4201 μόνῳ
3714 4135 3919 4203 κρίνον.

2313 4234 2405 4274 τας
2448 4218 2539 4271 τὴν
2583 4212 2844 4272 ἀληθειαν,
2877 4214 2934 4267 Ὀ
2966 4218 3164 4276 ἓννατος
3215 4220 3346 4288 πρὸς
3386 4222 3506 4280 τοὺς
3551 4218 3793 4290 λέγοντας
3839 4225 3917 4291 μὴ

2314 4300 2421 4355 δεῖν
2477 4301 2575 4355 ἀπὸ
2606 4312 2703 4355 τῶν
2736 4310 2946 4377 Γραφών
2985 4306 3158 4365 ζητεῖν
3204 4310 3233 4363 ἤ
3266 4305 3453 4373 λαλεῖν,
3490 4307 3596 4359 ἀλλ’
3636 4307 3919 4382 ἀρκεῖσθαι

537 4391 727 4462 loqui,
751 4398 1147 4462 autquesrere,
1175 4388 1279 4443 sed
1301 4389 1481 4443 ﬁdem
1507 4406 1679 4443 suam
1702 4388 1812 4443 sibi
1838 4388 2125 4444 sufﬁcere.
2146 4421 2198 4430 -

2325 4400 2373 4463 τῇ
2408 4395 2529 4464 παρ’
2576 4392 2774 4454 ἑαυτοῖς
2811 4398 3009 4451 πίστει,
3039 4392 3096 4445 Ὀ
3146 4394 3178 4445 ι’
3213 4398 3343 4469 πρὸς
3380 4396 3499 4457 τούς
3532 4394 3923 4469 προϐάλλοντας

540 4481 837 4543 Decimus,
866 4478 928 4534 in
954 4477 1109 4534 male
1134 4476 1483 4548 objicientes
1510 4476 1656 4531 illud
1681 4494 1693 4531 :
1720 4500 1747 4527 ‹‹
1774 4478 2034 4532 Verbum
2062 4495 2199 4535 caro

538 4568 762 4626 factum
795 4578 902 4625 est.
938 4590 1048 4618 ››--
1085 4567 1466 4631 Undecimus,
1500 4566 1785 4621 adversus
1816 4567 2197 4637 prohibentes

537 4660 692 4715 duas
736 4673 948 4729 capere
988 4658 1050 4712 in
1088 4656 1498 4711 incarnatione
1529 4659 1883 4710 naturas.—
1916 4656 2199 4711 Duodeci-

537 4764 691 4815 mus,
722 4748 780 4802 in
816 4763 917 4802 eos
943 4747 1327 4817 quiasserunt
1357 4745 1674 4814 dicentem,
1713 4744 1875 4800 aliud
1906 4762 2037 4801 esse
2071 4749 2194 4802 Ver-

536 4838 706 4903 bum,
753 4836 914 4891 aliud
958 4851 1087 4890 esse
1131 4850 1394 4900 carnem,
1447 4833 1601 4889 duos
1641 4834 1792 4889 tilios
1841 4835 2195 4905 proﬁteri.—

537 4928 809 4983 Decimus
856 4925 1076 4994 tertius,
1126 4928 1331 4978 contra
1377 4922 1663 4989 dicentes,
1708 4924 1871 4994 quod
1915 4923 2075 4980 idem
2124 4926 2196 4981 sit

538 5016 831 5072 Christum
875 5014 1181 5070 hominem
1229 5026 1573 5081 agnoscere,
1630 5019 1807 5085 atque
1853 5014 1912 5069 in
1954 5014 2193 5070 homine

536 5122 706 5177 spem
769 5103 1185 5160 collocare.——
1255 5102 1529 5156 Decimus
1578 5107 1851 5173 quartus,
1905 5104 2193 5159 adversus

535 5193 914 5249 enuntiantes
944 5210 955 5249 :
984 5214 1012 5241 «
1042 5194 1255 5246 Passus
1278 5195 1366 5246 est
1396 5190 1521 5246 sine
1544 5190 1843 5261 passione.
1869 5211 1895 5243 »
1932 5222 1997 5231 —
2038 5194 2193 5248 Deci-

534 5297 671 5339 mus
708 5281 974 5354 quintus,
1015 5279 1077 5335 in
1109 5295 1228 5351 eos,
1260 5280 1363 5352 qui
1393 5278 1636 5336 dicunt:
1674 5300 1701 5331 «
1736 5279 1954 5336 Passus
1981 5284 2069 5337 est
2102 5284 2187 5340 uti

2309 4484 2578 4542 κακοηθως
2609 4485 2666 4533 τό
2698 4502 2725 4530 «
2755 4484 2780 4533 6
2812 4487 2980 4553 Λόγος
3006 4483 3138 4557 σὰρξ
3168 4482 3376 4554 ἐγένετο.
3403 4505 3431 4536 ›)
3462 4485 3520 4537 Ὀ
3539 4488 3606 4537 ια’
3632 4490 3761 4558 πρός
3788 4492 3919 4549 τοὺς

2308 4569 2596 4641 κωλύοντας
2629 4567 2725 4622 δύο
2774 4574 2950 4642 φύσεις
2988 4571 3070 4624 ἐπὶ
3110 4579 3198 4632 τῆς
3246 4572 3676 4648 ἐνανθρωπήσεως
3723 4573 3921 4647 ἔκλαμ-

2310 4658 2494 4712 ϐοίνειν.
2523 4658 2580 4710 Ὀ
2626 4657 2702 4730 ιβ’
2744 4664 2867 4731 πρός
2919 4664 3037 4721 τοὺς
3086 4660 3323 4732 λέγόντας
3367 4664 3447 4713 ότι
3500 4664 3525 4714 6
3578 4662 3736 4734 λέγων
3785 4663 3918 4717 ἄλλο

2307 4749 2396 4818 μὲν
2427 4751 2512 4799 τόν
2555 4746 2703 4818 λόγον
2734 4748 2856 4799 οἶλλο
2890 4745 2947 4800 δε
2994 4754 3085 4807 τὴν
3138 4752 3309 4823 σάρκα
3341 4747 3438 4803 δύο
3484 4754 3631 4813 υἱοὺς
3660 4750 3817 4821 λέγει.
3852 4753 3918 4805 Ὀ

2309 4835 2369 4907 ιγ’
2399 4841 2526 4909 πρὸς
2559 4841 2678 4898 τοὺς
2706 4838 2943 4908 λέγοντας
2989 4841 3070 4890 ὅτι
3094 4843 3151 4891 τό
3199 4845 3287 4892 καὶ
3334 4842 3605 4915 ἄνθρωπον
3630 4846 3919 4911 γινώσκειν

2306 4930 2391 4975 τόν
2445 4930 2674 5000 Χριστόν
2722 4928 2907 4978 ταύτόν
2952 4925 3065 4979 ἐστι
3106 4936 3175 4997 τῷ
3218 4933 3306 4980 καὶ
3343 4929 3409 4990 εἰς
3453 4927 3720 5004 ἄνθρωπον
3763 4933 3921 5002 ἔχειν

2305 5018 2397 5075 τὰς
2440 5012 2673 5077 ἐλπίδας.
2706 5016 2763 5067 Ὀ
2801 5013 2869 5067 ιδ’
2914 5021 3044 5089 πρὸς
3090 5021 3208 5078 τοὺς
3254 5018 3496 5089 λέγοντας
3536 5021 3718 5072 ἔπαθεν
3766 5019 3927 5074 ἀπα-

2306 5108 2424 5165 θως.
2455 5103 2513 5155 Ὀ
2568 5103 2618 5156 ιε’
2672 5109 2797 5179 πρὸς
2846 5110 2965 5166 τοὺς
3023 5106 3263 5179 λέγοντας
3312 5127 3339 5159 ‹‹
3384 5109 3566 5160 ἔπαθεν
3620 5111 3683 5168 ὡς
3723 5108 3927 5167 ηθέληα

2305 5212 2406 5247 σεν,
2442 5213 2469 5245 ››
2496 5192 2554 5245 Ὀ
2596 5204 2668 5258 ις’
2698 5198 2827 5267 πρὸς
2856 5198 2975 5257 τοὺς
3014 5194 3249 5268 λέγοντας
3279 5198 3359 5249 ὅτι
3386 5201 3498 5270 χρὴ
3533 5193 3794 5268 δέχεσθαι
3824 5201 3926 5262 τὰς

2303 5285 2466 5354 φωνὰς
2495 5288 2584 5337 καὶ
2614 5289 2685 5356 μὴ
2720 5292 2931 5338 σκοπεῖν
2980 5287 3046 5339 τὰ
3094 5281 3169 5339 δι’
3210 5286 3381 5340 αὐτῶν
3431 5291 3811 5361 σημαινόμενα,
3844 5290 3930 5353 ὡς

1874 5434 2113 5490 νΑΙὶΙιΕ
2154 5434 2446 5492 LECTION
2455 5435 2556 5491 ES.

604 5558 652 5595 ¹⁹
679 5562 971 5645 φοξρμάκεες
1000 5580 1079 5645 ςοπ
1114 5560 1182 5640 ,⁸ο
1213 5560 1405 5645 μάγωι,
1436 5560 1556 5645 pisi
1590 5559 1783 5645 fallor,
1814 5562 1875 5645 A.

532 5628 829 5758 apposita.
908 5632 955 5667 ³³
1002 5628 1082 5707 ix]
1110 5628 1234 5687 imo
1284 5628 1340 5683 ἐκ
1392 5638 1511 5686 τῶν.
1590 5634 1637 5666 ³⁸
1695 5631 1992 5706 ἀνεγνώσθη
2052 5640 2113 5689 Δ.

535 5721 606 5784 πρ
642 5723 664 5766 ς
695 5721 750 5772 ς’·

1957 5562 2001 5596 ²¹
2034 5562 2237 5647 πάντα)¹¹
2257 5564 2456 5647 πάντων
2487 5576 2643 5647 c‘orr.
2668 5563 2745 5647 ⁸Α.
2792 5563 2869 5647 ,ξι
2897 5562 3274 5647 έξεικςίζεινῌᾼ,
3305 5562 3558 5647 vulga_t_a
3586 5578 3704 5647 ξ)ςο
3727 5573 3915 5647 γραφῇ

2217 5633 2404 5689 ⁵ὶστὶν
2454 5633 2595 5690 add.
2651 5636 2721 5694 A.
2792 5635 2840 5670 ²⁶
2886 5634 3287 5709 συμπληροῦται
3345 5656 3401 5700 ς’.

3482 5635 3531 5673 ³⁷
3576 5632 3773 5709 ὄγδοος
3816 5632 3923 5693 καὶ
