4046 6228
245 281 294 334 Bt
1267 280 1762 341 BIBLIOTHECA.
1803 311 1871 326 —
1902 284 2114 342 CODD.
2163 284 2549 342 XLV-XLVII.
3474 285 3548 359 82

237 409 381 463 ταυτας
407 405 800 478 ὑπερϐαίνοντα.
833 407 892 459 Ὀ
932 407 1002 467 ις’
1029 411 1155 480 πρός
1187 410 1303 468 τοὺς
1333 406 1571 476 λέγοντας
1603 427 1630 459 (ί
1658 410 1743 460 ῖπο

1890 411 2094 467 voluit.
2140 431 2254 462 »—
2304 411 2580 466 Decimus
2616 415 2838 475 sextus,
2889 409 2948 466 in
2998 412 3330 466 asserentes
3371 426 3545 482 opor-

231 497 287 544 ὗεν
313 497 332 543 6
357 500 505 564 Λόγος
539 501 730 568 σαρκί.
780 519 802 546 υ
835 496 894 548 Ὀ
928 495 1000 554 ιη’
1031 499 1160 567 πρὸς
1202 500 1322 556 τούς
1361 496 1596 566 λέγοντας
1626 500 1743 549 ποία

1891 505 2008 556 tere
2032 516 2206 556 voces
2233 500 2394 572 ipsas
2418 501 2719 572 accipere;
2744 516 2864 555 non
2891 503 3092 556 autem
3115 515 3322 555 earum
3346 515 3542 569 sensa,

224 579 431 633 δώσουσιν
460 587 508 635 οἱ
545 582 812 638 Ἰουδαῖοι
844 583 1022 650 δίκην,
1056 585 1097 637 εἰ
1126 589 1195 656 μὴ
1241 588 1368 638 Θεὸν
1398 583 1738 657 ἐσταύρωσαν

1892 595 1952 646 ut
1980 605 2116 662 quae
2146 591 2418 646 omnium
2449 595 2689 661 captum
2722 589 3028 653 excedant,
3061 588 3545 646 considerare.—

217 673 330 722 ’0ιῖ
357 676 470 742 πρὸς
516 678 648 734 τούς
690 674 936 746 λέγοντας
975 671 1228 734 Ἰουδαῖός
1271 674 1411 726 ἐστιν
1459 676 1484 724 6
1529 679 1600 746 μὴ
1649 678 1743 727 Θεό

1889 679 2166 734 Decimus
2215 679 2525 750 septimus,
2557 679 2845 735 adversus
2891 678 3186 734 dicentes:
3221 700 3249 726 «
3283 678 3543 734 Verbum

209 759 533 831 ἐσταυρῶσθαι
577 762 768 833 λέγων.
806 763 868 816 Ὀ
898 764 948 814 κ’
991 767 1116 834 πρὸς
1144 767 1262 823 τοὺς
1305 763 1549 834 λέγοντας
1579 765 1658 815 ὅτι
1688 784 1743 815 κο

1886 784 1991 840 per
2021 783 2260 824 carnem
2290 784 2522 839 passum
2551 772 2659 823 est.
2687 789 2799 820 »—
2828 768 3100 823 Decimus
3121 772 3544 833 octavus,con-

199 849 367 916 ἑγγιὶοι
407 849 500 902 ἐπὶ
556 859 654 904 τοῦ
705 852 949 926 Ἀϐραὰμ
989 851 1243 914 ἐσθίοντες
1292 853 1350 904 ού
1395 854 1600 913 πάντως
1654 873 1743 925 σαρ

1887 863 1977 913 tra
2002 863 2345 923 asserentes,
2367 857 2575 929 quales
2600 857 2788 912 Judazi
2816 872 3026 928 poenas
3051 857 3244 912 daturi
3267 856 3537 924 fuissent,

194 942 261 998 15G
289 941 426 1008 φύσιν
483 938 822 1015 ἓπεγέροντο.
851 941 910 994 Ὀ
954 940 1039 994 κα⁹
1079 945 1207 1014 πρὸς
1246 945 1371 1003 τοὺς
1400 945 1743 1016 σμικρύνοντα

1887 947 1934 1001 si
1971 947 2154 1001 Deum
2199 946 2357 1001 cruci
2390 961 2507 1000 non
2539 946 2889 1001 afﬁxissent.
2913 975 2982 986 —
3013 945 3287 1001 Decimus
3319 960 3536 1013 nonus,

187 1027 372 1078 ἕκαστον
421 1030 618 1099 θαῦμα
665 1039 739 1101 τῷ
780 1029 1048 1105 ἀρνεῖσθαι
1093 1035 1185 1087 τὴν
1234 1032 1428 1102 σάρκα.
1487 1031 1574 1102 [33
1604 1033 1688 1102 3.]
1717 1031 1743 1080 ’1

1885 1037 1945 1090 in
1977 1035 2344 1091 afﬁrmantes
2372 1035 2640 1090 Judaeum
2674 1034 2838 1090 illum
2869 1050 3029 1098 esse,
3060 1035 3164 1106 qui
3215 1033 3402 1090 Deum
3434 1035 3542 1090 mi-

181 1113 256 1184 ιβ’
292 1120 410 1186 πρὸς
466 1122 601 1180 τούς
634 1120 957 1190 ζημιοῦντας
1004 1121 1146 1190 ἡμῶν
1176 1123 1232 1171 τό
1279 1123 1420 1190 γένος
1470 1127 1542 1189 τῷ
1589 1124 1661 1190 μὴ
1693 1119 1743 1172 λί

1886 1123 2044 1178 nime
2065 1122 2413 1178 cruciﬁxum
2438 1127 2689 1177 asserat.
2708 1153 2773 1164 --
2796 1123 3138 1186 Vicesimus,
3155 1125 3363 1177 contra
3381 1120 3544 1178 aien-

176 1223 266 1272 γεεν
299 1203 348 1256 ἐκ
390 1215 499 1268 τῆς
555 1210 768 1279 φύσεως
815 1210 960 1279 ἡμῶν
1002 1209 1239 1278 εἰλῆφθαι
1281 1213 1372 1265 τήν
1413 1206 1685 1280 ἀπαρχήν.
1715 1208 1743 1257 ’1

1885 1216 1988 1277 tes,
2015 1211 2260 1280 angelos
2282 1226 2404 1277 eos,
2424 1212 2526 1282 qui
2545 1211 2706 1282 apud
2731 1211 3140 1266 Abrahamum
3159 1209 3361 1268 cibum
3381 1225 3539 1266 sum-

173 1295 240 1361 ιγ’
265 1298 381 1364 πρὸς
431 1300 566 1358 τούς
596 1297 844 1368 λέγοντας
881 1300 1142 1349 πιστεύειν
1173 1296 1344 1358 ἁπλῶς
1376 1297 1452 1357 οἷς
1483 1297 1529 1330 ³⁸
1562 1296 1743 1368 λέγουο

1883 1305 2145 1371 pserunt,
2179 1315 2299 1355 non
2333 1301 2615 1354 continuo
2646 1301 2826 1355 etiam
2857 1300 3053 1354 carnis
3082 1304 3358 1355 naturam
3389 1303 3540 1354 attu-

168 1387 242 1434 καί
284 1388 351 1454 μή
389 1393 678 1437 κατανοεῖν
724 1391 776 1438 τί
803 1391 1000 1460 πρέπον
1047 1388 1075 1445 ἡ
1120 1384 1362 1459 ἀπρεπές.
1407 1385 1465 1437 Ὀ
1513 1381 1600 1437 κδ’
1644 1390 1741 1459 πρὸ

1882 1387 2042 1444 lisse.
2073 1421 2130 1430 —
2164 1388 2490 1445 Vicesimus
2520 1387 2773 1461 primus,
2807 1389 3085 1444 adversus
3126 1402 3248 1453 eos,
3281 1387 3385 1459 qui
3429 1388 3539 1443 mi-

1882 1478 2085 1534 racula
2107 1477 2450 1547 singulatim
2480 1482 2822 1542 extenuant,
2849 1475 2991 1532 dum
3016 1491 3261 1532 carnem
3290 1481 3534 1546 negant.

163 1563 306 1623 πάθος
351 1568 452 1614 καὶ
497 1569 602 1622 τὴν
654 1563 940 1635 ἀνάληψιν.
966 1563 1025 1617 Ὀ
1075 1563 1144 1616 κε’
1192 1563 1640 1636 ἁνακεφαλαίωσις
1670 1574 1740 1616 τῶ

1877 1596 1947 1609 —
1969 1566 2302 1622 Vicesimus
2331 1566 2960 1628 secundus,adversus
2991 1580 3112 1631 eos,
3130 1564 3235 1638 qui
3260 1565 3534 1622 humano

159 1654 274 1701 κατά
291 1656 449 1723 μέρος
477 1655 773 1726 ῥηθέντων.
803 1653 863 1705 Ὀ
893 1653 980 1718 κς-’
1004 1659 1120 1725 περὶ
1159 1662 1252 1714 τῆς
1283 1654 1498 1724 ὕστερον
1526 1655 1743 1724 μηνυθεί

1879 1656 2078 1724 generi
2122 1655 2413 1710 damnum
2445 1654 2730 1723 irrogant,
2777 1654 2923 1710 dum
2957 1653 3284 1708 concedere
3322 1653 3536 1711 nolunt

161 1758 238 1799 erit;
285 1743 594 1802 συνθέσεως
645 1746 768 1801 ἦτοι
820 1749 1234 1804 συνουσιώσεως.
1282 1742 1340 1794 Ὀ
1379 1741 1458 1802 κζ’
1511 1747 1627 1815 περὶ
1675 1763 1743 1796 τοι

1875 1761 1942 1800 ex
1972 1748 2174 1800 nostra
2205 1749 2413 1799 natura
2443 1742 2802 1815 principium
2835 1746 3143 1813 sumptum
3177 1755 3413 1797 esse.-—
3445 1739 3538 1797 Vi-

1875 1833 2135 1888 cesimus
2182 1834 2404 1898 tertius,
2437 1836 2644 1888 contra
2679 1831 2996 1902 jactantes,
3029 1829 3268 1886 credere
3307 1829 3536 1902 simpli-

1875 1922 2015 1977 citer
2044 1921 2134 1987 iis,
2169 1937 2294 1993 qua:
2319 1921 2598 1978 dicuntur
2623 1939 2635 1988 ;
2664 1925 2719 1976 et
2749 1935 2870 1975 non
2900 1917 3224 1988 attendere,
3256 1917 3406 1990 quid
3433 1917 3536 1973 de-

150 2007 292 2076 λόγων
323 2013 384 2059 τό
434 2006 736 2080 ὁρθόδοξον
767 2012 1086 2083 κρατύνουσι
1129 2015 1385 2082 φρόνημα,
1421 2009 1513 2081 [15
1553 2007 1642 2081 Η.]
1672 2028 1740 2060 κα

1874 2025 2014 2065 cens
2066 2010 2157 2075 sit,
2191 2016 2293 2065 aut
2338 2009 2636 2066 indecens.
2663 2040 2732 2048 —
2762 2007 3092 2064 Vicesimus
3125 2009 3394 2079 quartus,
3428 2005 3534 2062 ad-

149 2103 262 2156 τένες
287 2095 663 2150 ἐκκλίνουσιν.

1873 2114 2076 2153 versus
2104 2098 2373 2154 tollentes
2403 2103 2755 2154 naturarum
2784 2095 3206 2159 differentiam,
3234 2099 3371 2166 post
3394 2109 3531 2167 pas-

147 2185 360 2241 sionem
397 2194 457 2240 et
487 2187 944 2242 ascensionem.
977 2218 1046 2227 —
1078 2187 1400 2242 Vicesimus
1422 2187 1689 2259 quintus,
1720 2189 2066 2243 summatim
2099 2205 2170 2244 ea
2194 2189 2422 2261 repetit,
2463 2204 2598 2260 quin
2625 2203 2732 2260 per
2760 2191 2962 2258 partes
2989 2185 3282 2242 hactenus
3310 2184 3532 2241 tradita

144 2280 284 2328 sunt.
314 2305 392 2316 —
441 2277 488 2346 ι
511 2277 610 2346 ια
641 2275 970 2330 Vicesimus
1001 2282 1219 2340 sextus,
1249 2276 1323 2330 de
1357 2277 1901 2347 post-manifestata.
1925 2277 2364 2349 compositione
2398 2292 2501 2333 seu
2550 2273 3195 2332 consubstantiatione.
3221 2304 3290 2314 —
3321 2273 3532 2330 Vicesi-

146 2380 260 2417 mus
279 2363 613 2434 septimus.
645 2364 720 2418 de
751 2379 823 2418 eo
840 2365 1005 2436 quod
1036 2363 1368 2420 secundum
1399 2380 1782 2421 communem
1815 2365 2119 2421 hominem
2153 2373 2259 2432 est,
2293 2365 2588 2436 exemplo.
2622 2363 2862 2420 Clarum
2892 2379 3033 2420 vero
3059 2362 3150 2418 vel
3181 2379 3254 2418 ex
3280 2361 3410 2418 solo
3437 2377 3530 2418 ar-

149 2460 415 2521 gumento
439 2453 705 2524 quinam
730 2469 802 2508 ex
836 2453 1256 2524 suprascriptis
1288 2453 1453 2508 libris
1481 2454 1878 2511 orthodoxam
1913 2455 2302 2511 corroborent
2332 2453 2686 2519 doctrinam,
2718 2453 2938 2525 quique
2975 2453 3054 2508 ab
3083 2467 3154 2508 ea
3191 2451 3526 2510 discedant.

214 2541 312 2594 Ἐτι
338 2542 390 2593 ἐν
424 2551 504 2611 τῷ
550 2541 697 2611 αύτῷ
747 2545 927 2613 τεύχει
955 2542 1358 2614 ἀνεγνώσθησαν
1398 2545 1444 2578 ²⁹
1474 2551 1564 2595 τοῦ
1595 2543 1743 2595 αύτοί

1938 2544 2140 2600 Adhuc
2187 2545 2243 2600 in
2275 2544 2488 2600 eodem
2534 2545 2666 2614 ipso
2697 2542 3008 2599 Volumine
3061 2541 3175 2611 legi
3205 2545 3324 2596 tres
3371 2541 3528 2612 ejus-

1319 2651 1332 2663 ”
1381 2633 1689 2705 Ἐρανιστής
1721 2634 1743 2690 ἦ

1864 2631 2002 2688 dem
2033 2633 2215 2689 libros
2261 2632 2672 2704 superioribus
2706 2632 2984 2704 majores.
3024 2630 3285 2687 Titulum
3319 2629 3526 2702 praefe-

1863 2726 1999 2775 runt
2041 2720 2307 2794 ἐρανιστὴς
2364 2721 2476 2793 (75)
2526 2725 2557 2780 ἣ
2610 2721 2939 2794 Πολύμορφος
2999 2719 3085 2790 (id
3134 2722 3242 2786 est,
3282 2719 3519 2785 sodalis,

1861 2823 1964 2864 seu
1996 2811 2422 2881 multiformis).
2467 2813 2688 2866 Horum
2737 2811 2987 2882 primus,
3039 2811 3225 2864 Deum
3266 2808 3524 2864 Verbum

1857 2897 2230 2956 immutabile
2254 2915 2383 2954 esse
2411 2899 2603 2955 docet.
2637 2899 2812 2964 Alter,
2845 2896 3524 2961 inconfusam,minime-

133 2992 389 3056 τέταρτος.
423 2986 476 3038 ἐν
509 2988 550 3056 ᾧ
581 2986 956 3058 συλλογισμοῖς
985 2997 1078 3049 τῆς
1117 2989 1282 3049 αὐτῆς
1308 2990 1598 3050 ὑποθέσεως
1629 2990 1743 3040 ύπε-

1857 3002 1973 3058 que
2018 2987 2254 3043 mistam
2299 2986 2585 3042 unionem
2627 3001 2778 3041 esse.
2820 2985 3047 3040 Tertius
3081 2982 3520 3056 impassibilem

127 3081 500 3144 ραγωνίζεται.
537 3075 704 3128 Οὗτοι
752 3072 811 3128 δι
842 3078 890 3127 οἱ
920 3085 1052 3150 τρεῖς
1095 3077 1242 3148 λόγοι
1282 3075 1329 3129 ἐν
1357 3073 1587 3148 διαλόγῳ
1614 3077 1743 3130 εἰσὶν

1857 3075 1973 3130 sive
2002 3075 2559 3146 imperturbabilem
2586 3089 2715 3130 esse
2747 3077 2929 3130 Deum
2962 3073 3242 3129 Verbum.
3273 3072 3517 3129 Accedit

1852 3168 2123 3234 quartus,
2148 3164 2205 3218 in
2233 3179 2353 3236 quo
2379 3163 2737 3235 syllogismis
2763 3162 2889 3218 hmc
2910 3160 3125 3218 eadem
3156 3165 3516 3232 argumenta

1851 3253 2076 3308 retexit.
2127 3258 2316 3324 Atque
2355 3252 2412 3307 hi
2460 3252 2705 3324 quidem
2752 3251 2886 3307 libri
2933 3265 3040 3322 per
3087 3249 3395 3320 dialogum
3437 3250 3516 3306 ab

1851 3349 1980 3412 ipso
2025 3341 2345 3412 conscripti
2389 3346 2550 3405 sunt,
2601 3339 2814 3412 reliqui
2859 3354 3001 3395 vero
3045 3338 3390 3404 continenti,
3440 3354 3512 3395 ac

1852 3433 2140 3500 perpetua
2185 3430 2354 3485 serie.
2393 3428 2590 3501 Stylus
2633 3428 2687 3484 ei
2728 3429 2789 3484 in
2829 3427 3113 3484 omnibus
3160 3426 3513 3498 perspicuus

1853 3518 1966 3588 (est
2013 3519 2173 3573 enim
2211 3519 2526 3574 distinctus
2555 3533 2626 3574 ac
2647 3517 2856 3590 purus)
2899 3531 3096 3589 neque
3124 3515 3513 3586 iucunditatis

1851 3621 2060 3678 expers
2086 3624 2098 3661 :
2136 3607 2522 3679 proportione
2549 3621 2694 3662 vero
2726 3605 3000 3663 sensibus
3023 3603 3330 3662 exuberat.

2580 3695 2783 3752 XLVII.

2015 3802 2257 3873 Iosephi
2283 3803 2474 3859 Judaei
2500 3803 2574 3860 de
2602 3801 2758 3859 libro
2785 3801 3036 3860 Judaico
3066 3801 3209 3858 libri
3233 3817 3336 3858 vn.

167 1475 268 1532 τοὺς
310 1471 675 1545 ἀναιροῦντας
705 1480 800 1533 τὴν
839 1484 941 1527 τῶν
988 1478 1186 1547 φύσεων
1236 1471 1492 1548 διαφορὰν
1535 1477 1666 1547 μετὰ
1712 1479 1769 1528 τὸ

155 1833 270 1880 ιατά
313 1835 406 1882 τὸν
455 1834 641 1882 κοινόν
672 1833 948 1905 ἄνθρωπον
979 1829 1384 1903 ύποδείγματος.
1409 1831 1566 1890 Δῆλον
1596 1827 1653 1883 δὲ
1678 1836 1766 1883 καὶ

153 1916 198 1967 ix
226 1923 380 1987 μόνης
437 1921 621 1971 αὐτων
679 1929 771 1980 τῆς
822 1922 1134 1984 ὑποθέσεως,
1179 1929 1320 1973 ποῖοι
1351 1928 1448 1972 τῶν
1488 1920 1764 1994 εἰρημένων

145 2629 268 2698 λόγοι
299 2638 469 2703 τρεῖς,
502 2632 729 2702 μείζους
756 2640 856 2682 τῶν
893 2635 1273 2704 προειρημένων

140 2719 474 2793 Πολύμορερος
528 2723 708 2792 ἔφερον
754 2719 1067 2793 ἐπιγραφήν.
1102 2721 1195 2772 Ὧν
1239 2721 1264 2771 ὁ
1295 2724 1382 2791 μὲν
1413 2729 1637 2792 πρῶτος,
1673 2722 1754 2773 ὅτι

135 2809 379 2878 ἐτρεπτος
426 2811 452 2859 6
485 2813 620 2868 Θεὸς
654 2814 826 2879 Λόγος
868 2825 880 2837 ·
912 2811 938 2860 6
971 2805 1225 2881 δεύτερος,
1273 2811 1353 2860 ὃτι
1385 2809 1688 2880 ἁσύγχυτος
1716 2811 1746 2868 ἡ

133 2898 307 2958 ἔνοσις
344 2914 356 2925 ·
387 2900 414 2949 6
450 2902 655 2971 τρίτος,
701 2899 782 2949 ὃτι
838 2897 1046 2959 ἀπαθὴς
1076 2900 1101 2950 6
1133 2903 1262 2960 Θεὸς
1295 2903 1482 2969 Λόγος.
1514 2905 1630 2950 Ἔτι
1660 2903 1748 2950 καὶ

131 3164 265 3230 αὐτῷ
292 3162 763 3235 διεσκευασμένοι,
793 3167 842 3216 οἱ
873 3162 932 3218 δὲ
975 3166 1120 3218 ἄλλοι
1147 3163 1536 3237 καταλογάδην.
1573 3171 1745 3238 Σαφής

126 3249 180 3302 δέ
204 3256 354 3304 ἐστιν
383 3251 433 3304 ἕν
461 3253 638 3304 ἅπασι
668 3258 763 3310 τὴν
782 3257 993 3325 φράσιν,
1019 3259 1083 3315 ὡς
1110 3256 1348 3327 εύκρινής
1379 3261 1466 3308 καὶ
1492 3257 1742 3327 καθαρὸς,

123 3346 209 3392 καὶ
235 3342 335 3392 οὐκ
383 3340 621 3414 ἀμοιρῶν
648 3350 742 3394 τού
774 3340 950 3408 ἡδέος,
984 3344 1311 3406 καταλλήλως
1342 3363 1394 3396 τε
1423 3350 1528 3404 τοῖς
1552 3349 1744 3416 νοήμα-

126 3449 207 3481 σιν
240 3429 679 3504 ἐνευθηνούμενος
711 3431 780 3484 ³⁸.

883 3695 1010 3752 ΜΖ’.

125 3804 393 3860 Ἰωσήπου
439 3798 712 3856 Ἰουδαίου
757 3805 825 3854 τὰ
870 3805 1006 3855 κατὰ
1058 3800 1351 3868 Ἰουδαίους
1394 3807 1556 3871 πάθη,
1589 3812 1677 3858 καὶ
1707 3809 1736 3865 ἠ

591 3881 683 3934 τῆς
710 3875 1052 3946 Ἰερουσαλὴμ
1077 3875 1294 3939 ἅλωσις.

189 3963 530 4032 ’Δνιγνὼσθη
565 3963 829 4020 Ἰωσήπου
871 3960 1133 4017 Ἰουδαίου
1172 3967 1235 4016 τὰ
1275 3969 1411 4017 κατά
1448 3962 1740 4027 Ἰουδαίους

117 4054 294 4110 πάθη,
328 4054 375 4102 ἓν
407 4053 481 4110 οἷς
514 4054 545 4108 ἡ
598 4070 652 4102 τε
685 4060 779 4113 τῆς
828 4052 1171 4125 Ἰερουσαλὴμ.
1219 4053 1302 4107 ἰπὶ
1342 4055 1470 4107 τελει
1512 4064 1610 4106 τῶν
1659 4055 1739 4107 λόο

115 4158 225 4208 γυν
284 4139 480 4201 ἅλυσις
530 4145 622 4191 καὶ
676 4141 706 4196 ἠ
764 4148 854 4201 τῆς
903 4139 1162 4202 Μασάδας
1205 4142 1481 4214 reﬁxum,
1531 4147 1628 4217 πρὸ
1680 4140 1739 4196 δὲ

1922 3961 2054 4030 Legi
2077 3961 2408 4032 Josephum
2429 3960 2732 4025 Judaeum,
2753 3962 2833 4017 De
2851 3961 3122 4017 Judaicw
3140 3960 3328 4032 gentis
3347 3961 3508 4018 cala-

1846 4049 2068 4106 mitate
2083 4056 2257 4121 atque
2269 4050 2533 4106 interitu.
2555 4050 2683 4114 Quo
2705 4050 2763 4104 in
2777 4049 2929 4104 libro
2945 4054 3209 4105 extremo
3238 4048 3508 4106 Hieroso-

1845 4138 2144 4210 lymorum
2177 4138 2477 4194 excidium
2530 4145 2750 4203 narrat,
2783 4141 2840 4194 et
2886 4137 3140 4194 Masadas
3179 4137 3416 4210 oppidi:
3450 4143 3508 4196 et

113 4228 322 4277 τούτων
371 4230 399 4285 ἡ
438 4236 540 4279 τὼν
570 4229 923 4293 Ἰωταπάτων,
972 4229 1020 4281 ἐν
1149 4236 1238 4282 καὶ
1277 4231 1433 4292 αὐτὸς
1478 4233 1738 4295 Ἰώσηπος

1857 4235 1984 4284 ante
2023 4227 2149 4283 haec
2199 4229 2632 4299 Jotapatorum,
2688 4228 2747 4281 in
2794 4242 2917 4299 quo
2960 4231 3015 4282 et
3063 4225 3185 4299 ipse
3211 4226 3505 4300 Iosephus

117 4314 246 4374 ἐλέει-ι,
279 4319 356 4367 ἔτι
388 4312 449 4368 υἷε
479 4317 761 4388 Γισχάλων
788 4320 830 4354 ³³
865 4318 1058 4380 ἅλωσις
1103 4325 1190 4371 καὶ
1228 4319 1390 4372 ἄλλων
1431 4319 1736 4373 Ἰουδαϊκῶν

1857 4321 2057 4388 :aptus
2080 4335 2095 4383 ;
2128 4322 2408 4387 praeterea
2431 4315 2842 4372 Gischalorum
2863 4314 3253 4381 eversionem,
3275 4319 3333 4371 et
3361 4315 3504 4374 alio-

116 4410 378 4476 ?90‘in&t'l
430 4405 646 4476 ὶρημία.
693 4406 848 4459 Ἐστι
897 4404 956 4459 δὲ
1005 4408 1143 4478 αύτῷ
1194 4412 1240 4444 ³³
1271 4413 1328 4461 τό
1364 4413 1638 4482 σύνταγμα
1686 4409 1734 4463 ἕν

1857 4421 1966 4460 rum
1980 4407 2364 4461 Judaicorum
2379 4406 2871 4462 munimentorum
2887 4403 3338 4461 desolationem.
3354 4406 3505 4464 Sunt

1844 4501 2040 4550 autem
2055 4495 2236 4566 hujus
2250 4494 2446 4567 operis
2458 4494 2592 4550 libri
2606 4493 3085 4566 septem,Candid
3097 4509 3164 4549 us
3184 4493 3263 4549 illi
3278 4509 3500 4565 sermo,

1843 4583 1943 4655 qui
1970 4585 2266 4640 rationum
2293 4584 2533 4657 pondus
2562 4592 2738 4656 atque
2765 4587 3136 4638 momentum
3163 4598 3302 4638 cum
3334 4583 3500 4654 puri-

1844 4679 1958 4729 tate
1979 4689 2048 4730 ac
2057 4672 2430 4742 jucunditate
2451 4674 2776 4744 exprimere
2799 4671 3002 4740 possit.
3021 4671 3084 4726 In
3107 4671 3500 4729 concionibus

1841 4761 2242 4834 persuadendi
2292 4763 2347 4816 vi
2387 4762 2676 4834 praeditus
2721 4766 2828 4832 est,
2875 4775 2947 4816 ac
2996 4759 3312 4830 gratiosus,
3369 4765 3498 4818 tum

1839 4851 2019 4909 etiam
2049 4869 2188 4908 cum
2214 4852 2427 4908 suadet
2459 4850 2880 4924 opportunitas
2907 4848 3238 4906 orationem
3267 4849 3328 4906 in
3357 4865 3497 4909 con-

113 4491 288 4560 λόγοις
339 4493 492 4545 ἑπτά.
551 4496 791 4556 Καθαρός
839 4500 932 4553 τὴν
979 4499 1188 4568 φράσιν,
1230 4503 1320 4550 καὶ
1347 4497 1552 4570 ἀξίωμα
1579 4499 1732 4570 λόγου

115 4584 248 4644 μετὰ
296 4582 594 4654 ε’ὶκρινείας
643 4588 731 4634 καὶ
773 4580 971 4646 ἡδονῆς
1019 4582 1185 4648 δεινὸς
1230 4585 1466 4658 ἐκφῆναι,
1521 4589 1734 4648 πιθανός

117 4685 169 4718 τε
199 4677 318 4731 ταῖς
364 4667 734 4745 δημηγορίαις
779 4679 868 4726 καὶ
917 4676 1187 4747 ἐπίχαρις,
1239 4675 1332 4727 κᾶν
1374 4675 1456 4729 ίπὶ
1487 4677 1732 4731 τάναντία

115 4759 142 4804 6
171 4763 361 4831 καιρὸς
387 4760 522 4831 καλῇ
569 4763 885 4834 χρήσασθαι
912 4771 982 4833 τῷ
1011 4762 1166 4835 λόγῳ,
1197 4760 1231 4816 δ
1235 4765 1364 4827 ιξιός
1399 4771 1488 4817 καὶ
1516 4771 1730 4837 γόνιμος

115 4843 502 4919 ἐνθυμημάτων
555 4849 632 4921 ἔφ’
683 4849 920 4926 έκάτιρα,
971 4857 1060 4904 καὶ
1115 4853 1502 4926 γνωμολογικὸς
1549 4851 1607 4906 δε
1660 4857 1726 4916 ὣς

1472 5033 1703 5089 νΑΗῐιΕ
1744 5033 2147 5091 LECTIONES.

171 5149 248 5231 "_
277 5151 372 5231 οὓς
427 5175 482 5218 ς.
564 5156 614 5190 ’ί
667 5152 966 5226 ἀνεγνώσθη
1016 5163 1108 5208 τοῦ
1166 5155 1346 5212 αὐτοῦ.
1405 5159 1471 5223 Α,
1530 5156 1930 5230 ἀνεγνώσθησαν
1981 5156 2142 5210 αὐτοῦ
2197 5177 2253 5223 ς.
2331 5159 2379 5196 ³ο
2435 5158 2808 5231 εύθηνούμενος
2843 5174 2903 5223 ς’.
2978 5154 3026 5195 ⁸⁸
3081 5153 3368 5229 χισχάλων
3425 5160 3490 5214 Δ.

102 5220 150 5252 ³³
183 5221 316 5276 αὐτὸ
349 5245 404 5288 ς.

1702 5367 1927 5425 NOTIE.

137 5503 284 5631 .(75';
311 5505 740 5589 Emendicator
762 5505 1032 5563 redditur
1056 5522 1093 5563 a
1121 5506 1414 5591 Qeontiano
1434 5508 1682 5565 Herveto
1713 5524 1786 5568 ex
1815 5510 2002 5583 ipsius
2043 5509 2391 5568 Theodoreti
2424 5509 2655 5568 Ρισεειειί.
2684 5510 2951 5569 Sodalem
2983 5525 3096 5583 ego
3115 5526 3284 5584 voco,
3310 5514 3490 5587 quasi

137 5590 254 5630 mu
313 5577 561 5631 edulem.
595 5583 656 5631 et
688 5577 967 5631 eiusdem
1005 5583 1355 5631 participem
1388 5580 1705 5631 svmbolm.

93 5577 284 5631 simul
313 5577 561 5642 cuiatem,
595 5583 656 5633 et
688 5577 967 5650 ejusdem
1005 5579 1355 5652 participem
1388 5580 1705 5652 symbolae.
