4046 6228
420 320 490 376 83
1645 314 1889 372 PHOTII
1936 312 2074 368 PAT

2193 313 2424 371 .RCHE
2464 317 2572 373 ΟΡ.
3715 317 3786 371 ει

421 445 667 503 trariam
691 446 922 518 partem
946 444 1451 503 ﬂectere.Dextere
1479 458 1723 518 quoque
1752 446 1807 497 et
1835 437 2076 510 copiose

2193 442 2225 490 εἴ
2274 460 2353 504 τις
2394 444 2560 507 ἄλλος,
2593 451 2681 498 καὶ
2726 448 2866 503 πάθη
2919 454 2991 516 τῷ
3042 445 3178 517 λόγῳ
3226 454 3570 518 παραστῆσαι
3601 447 3788 497 ἱκανώ-

420 534 885 607 enthymematis
915 534 974 590 in
1008 539 1323 607 utramque
1354 540 1583 606 partem
1611 533 1808 598 utitur,
1844 531 2076 583 senten-

2181 547 2349 595 τατος,
2407 539 2496 585 καὶ
2540 538 2732 609 ἐγεῖραι
2785 537 2947 596 πάθος
3001 542 3090 587 καὶ
3121 542 3346 607 πραϋναι
3395 532 3783 605 δοκιμώτατος.

420 625 671 697 tiasque,
707 624 751 679 si
783 625 919 696 quis
959 624 1129 688 alius,
1164 625 1431 680 adhibet.
1472 621 1734 679 Orationi
1776 621 2023 689 insuper
2052 616 2328 675 affectum
2357 623 2758 693 imprimendi,
2793 628 2847 679 et
2884 624 3215 680 concitandi
3246 631 3460 688 motus,
3507 624 3789 679 eosdem-

423 729 537 786 que
569 729 711 769 mox
738 714 1017 779 leniendi,
1048 718 1135 769 est
1163 714 1569 785 peritissimus.

420 816 423 817 '
494 802 670 858 Multa
718 818 856 858 vero
887 802 1061 873 signa
1108 809 1286 875 atque
1328 801 1607 873 prodigia
1655 796 2073 868 Hierosolyma:

422 891 723 948 excidium
754 892 1132 963 praecessisse
1157 894 1610 947 commemorat.
1632 893 1847 945 Bovem
1874 886 1951 942 ad
1982 900 2068 939 sa~

421 980 702 1037 oriﬁcium
735 980 976 1035 ductam
1000 994 1227 1050 agnum
1255 981 1576 1052 peperisse.
1608 982 1823 1034 Lucem
1845 976 1905 1030 in
1932 982 2073 1029 tem-

420 1070 522 1142 plo
562 1068 953 1140 splendnisse.
1001 1069 1218 1125 Vocem
1264 1068 1479 1124 exinde
1515 1067 1816 1124 auditam:
1855 1086 1882 1116 «
1928 1065 2073 1118 Hinc

420 1158 733 1215 abeamus.
764 1178 792 1209 »
822 1157 1045 1229 Templi
1074 1163 1296 1230 portas,
1325 1174 1474 1229 quas
1502 1174 1575 1212 ne
1601 1155 1805 1226 viginti
1833 1154 2071 1224 quidem

420 1248 527 1303 viri
570 1246 801 1319 aperire
849 1252 1137 1318 poterant,
1173 1253 1384 1318 sponte
1427 1247 1710 1318 patuisse.
1748 1242 2071 1299 Exercitum

418 1336 655 1409 vesperi
691 1336 887 1391 visum
927 1337 1112 1391 armis
1144 1337 1439 1392 indutum.
1472 1336 1689 1399 Virum,
1725 1334 1820 1389 cui
1852 1347 2072 1387 nomen

418 1428 590 1482 Jesus
620 1425 881 1489 Ananiae,
927 1425 1074 1480 nihil
1104 1425 1261 1479 aliud
1314 1424 1487 1481 annis
1530 1439 1631 1479 sex
1663 1429 1718 1477 et
1763 1421 2071 1477 mensibus

419 1515 610 1570 tribus
640 1514 936 1577 sonuisse,
982 1518 1269 1586 tanquam
1300 1513 1495 1568 furore
1536 1512 1848 1584 percitum,
1886 1524 2070 1581 quam

419 1602 727 1658 identitem
775 1616 792 1657 :
852 1620 882 1652 «
931 1604 1042 1667 Vae,
1076 1618 1166 1657 vas
1209 1601 1554 1665 Jerusalem,
1613 1621 1641 1650 »
1673 1599 2074 1669 eumdemque

421 1708 556 1747 cum
574 1708 643 1747 ea
658 1691 731 1746 de
746 1706 929 1747 causa
944 1690 1293 1746 verberibus
1307 1705 1550 1762 quoque
1567 1690 1907 1753 crederetur,
1927 1702 2074 1756 prae-

418 1788 507 1837 ter
521 1782 678 1836 hanc
692 1796 871 1836 unam
893 1795 1120 1843 vocem,
1152 1780 1383 1835 nullam
1400 1780 1667 1835 emisisse
1690 1778 1889 1832 aliam.
1908 1777 2074 1831 Hunc

2256 800 2425 853 Πολλὰ
2469 800 2528 855 δὲ
2577 802 2811 875 σύμϐολα
2860 809 2949 856 καὶ
3005 811 3199 875 σημεῖα
3253 803 3387 873 λέγει
3443 803 3785 876 προϋπάρξαι

2182 896 2275 950 τῆς
2320 890 2659 966 Ἰερουσαλὴμ
2707 893 2945 955 ἁλώσεως
2979 915 2990 926 ·
3042 892 3169 965 βοῦν
3209 913 3261 944 τε
3310 896 3409 966 γὰρ
3454 892 3537 943 ἐπὶ
3593 895 3785 944 θυσίαν

2182 977 2437 1051 ἀγομένην
2468 984 2598 1054 ἄρνα
2641 990 2820 1047 τεκεῖν,
2853 988 2942 1035 καὶ
2990 990 3089 1053 φῶς
3137 982 3445 1052 ἀναλάμψαι
3470 980 3519 1033 ἐν
3552 990 3622 1051 τῷ
3650 990 3783 1051 ναῷ,

2181 1073 2269 1118 καὶ
2313 1078 2481 1139 φωνῆς
2530 1070 2713 1123 ἐκεῖθεν
2764 1074 3052 1123 ἐπακούσαι
3099 1071 3479 1143 Μεταϐαίνομεν
3519 1072 3566 1106 ³³
3612 1071 3787 1123 ἐντεύ-

2184 1159 2284 1221 θεν,
2318 1178 2344 1208 ››
2380 1165 2467 1210 καὶ
2502 1164 2591 1219 τὰς
2634 1168 2725 1213 τοῦ
2758 1163 2893 1233 ἱεροῦ
2942 1161 3109 1222 πύλας
3137 1158 3251 1212 οὐδ’
3284 1163 3384 1212 ύπό
3419 1157 3621 1234 ἀνδρῶν
3652 1164 3787 1213 εἶκο-

2186 1264 2266 1296 σιν
2314 1246 2646 1319 ἀνοιγομένας
2700 1250 3005 1321 αὐτομάτως
3056 1249 3342 1320 ἀνεῷχθαι,
3399 1255 3487 1301 καὶ
3556 1254 3786 1323 στρατὸν

2183 1335 2402 1407 ἑσπέρας
2458 1340 2820 1409 ἐπιφαίνεσθαι
2876 1340 3071 1400 -όπλοις
3143 1344 3635 1413 περιπεφραγμένον,
3693 1346 3787 1392 καὶ

2182 1426 2449 1495 ἄνθρωπόν
2499 1446 2613 1479 τινα
2644 1428 2829 1496 (ὄνομα
2868 1428 3008 1497 αὐτῷ
3057 1430 3081 1479 ό
3126 1436 3218 1479 τού
3263 1429 3498 1479 Ἀνανίου
3550 1428 3785 1499 Ἰησοῦς)

2182 1511 2346 1584 μηδὲν
2373 1514 2493 1566 illo
2525 1514 2927 1587 ἐπιφθέγγεσθαι
2967 1516 3049 1568 ἐπὶ
3083 1520 3167 1574 ἔτη
3224 1518 3274 1580 ς’
3317 1522 3405 1568 καὶ
3432 1518 3478 1551 ³⁸
3509 1526 3677 1586 μῆνας
3708 1518 3783 1586 γ’,

2184 1604 2355 1674 ὥσπερ
2407 1602 2823 1676 βεϐακχευμένον
2867 1611 2988 1657 ὄντα
3042 1605 3118 1658 ἐπ’
3169 1606 3293 1657 αύτό
3342 1613 3514 1669 τοῦτο,
3562 1607 3593 1663 ἡ
3639 1610 3697 1657 τό
3731 1605 3787 1655 αἱ

2183 1700 2244 1763 τῇ
2288 1692 2627 1765 Ἱερουταλημ
2659 1712 2670 1722 ·
2705 1695 2759 1756 ὃς
2806 1701 2893 1746 καὶ
2943 1696 3068 1767 ὑπὲρ
3119 1699 3303 1747 τούτου
3353 1695 3603 1754 αἰκισθεὶς
3650 1695 3787 1752 πλὴν

2182 1784 2376 1843 ταύτης
2431 1790 2522 1844 τῆς
2576 1792 2744 1854 φωνῆς
2802 1781 2952 1836 οὐδὲν
3001 1786 3122 1837 ἄλλο
3176 1784 3498 1854 ἀπεκρίνατο,
3553 1784 3600 1833 ἐν
3644 1784 3783 1855 αὐτῇ

418 1871 558 1927 item
582 1869 747 1925 urbis
760 1868 1885 1937 excidiocuminteresset,eamdemque
1912 1866 2074 1937 apud

2193 1890 2237 1923 τε
2268 1880 2328 1943 τῇ
2371 1872 2557 1924 ἁλώσει
2591 1879 2764 1947 παρὼν
2806 1879 2893 1925 καὶ
2946 1874 3109 1945 ἑαυτῷ
3162 1876 3208 1909 ³⁵
3255 1880 3347 1931 τὴν
3395 1877 3639 1931 τοιαύτην
3682 1896 3787 1946 φω-

422 1976 486 2015 se
516 1976 725 2015 vocem
764 1958 1177 2030 ingeminaret,
1210 1958 1424 2031 lapidis
1456 1959 1574 2014 ictu
1613 1960 1655 2028 ι
1675 1957 1762 2027 1b
1801 1956 1879 2012 ab
1911 1957 2076 2011 hoste

420 2048 685 2105 occisum
716 2063 865 2105 esse.

492 2142 682 2209 Atque
714 2136 841 2192 htec
889 2136 1135 2208 quidem
1184 2141 1321 2192 ante
1371 2136 1581 2192 urbem
1621 2141 1856 2208 captam
1906 2136 2079 2203 signa

421 2229 752 2282 monstrata
792 2226 976 2291 fuere,
1012 2224 1271 2281 intestini
1306 2242 1443 2281 vero
1474 2224 1611 2281 belli
1654 2225 1865 2280 seditio
1890 2228 1945 2279 et
1978 2224 2079 2277 ho-

418 2316 541 2370 ‘stes
560 2314 767 2369 urbem
784 2319 1137 2369 everterunt.
1162 2315 1225 2368 In
1242 2314 1562 2370 zelotarum
1587 2315 1742 2369 enim
1761 2314 2078 2369 factionem

422 2408 478 2460 et
503 2404 851 2458 sicariorum
900 2403 1095 2467 divisi,
1130 2418 1192 2457 se
1237 2408 1400 2458 muto
1426 2404 1612 2458 Judaei
1643 2403 2075 2464 interfecerunt,

419 2495 739 2566 ipsumque
766 2492 916 2548 adeo
930 2492 1268 2565 reipublicae
1300 2509 1516 2564 corpus
1546 2494 1781 2564 vulgus,
1802 2492 1878 2547 ab
1912 2492 2081 2546 utris-

421 2588 538 2655 que
563 2580 771 2637 acerbe
798 2586 884 2636 est
907 2586 1083 2653 atque
1117 2582 1431 2639 crudeliter
1455 2582 1827 2637 dilaniatum.
1872 2582 2080 2636 Fames

418 2672 559 2728 item
585 2671 665 2726 sic
695 2670 906 2725 urbem
940 2671 1171 2736 invasit.
1206 2677 1269 2727 ut
1299 2676 1354 2726 et
1385 2672 1463 2727 ad
1493 2672 1606 2726 alia
1637 2670 1861 2737 ﬂagitia
1893 2670 2081 2725 homi-

419 2775 526 2816 nes
548 2759 793 2832 impulsi
826 2760 1062 2827 fuerint,
1085 2765 1142 2815 et
1176 2760 1387 2815 mulier
1417 2777 1590 2814 suum
1618 2760 1748 2831 ipsa
1772 2759 1961 2814 filium
1986 2776 2079 2815 co-

420 2850 688 2906 mederit.
708 2849 890 2903 Pestis
911 2850 1120 2905 adhch
1144 2849 1361 2904 famem
1384 2850 1700 2920 excipiens,
1727 2849 1867 2904 satis
1889 2850 2078 2904 omni-

414 2939 530 2995 bus
560 2939 715 2994 clare
760 2938 1034 3004 ostendit,
1086 2938 1303 2993 divinas
1349 2939 1406 2994 id
1458 2939 1557 2993 ira:
1606 2954 1761 3010 opus
1811 2954 1959 3003 esse,
2008 2954 2078 2993 ac

416 3028 743 3085 Dominicaa
774 3028 1244 3083 denuntiationis
1276 3029 1719 3100 minarumque,
1754 3027 1878 3083 fore
1910 3028 2079 3082 nimi-

418 3133 554 3174 rum
582 3120 646 3174 ut
670 3117 816 3173 urbs
845 3116 1111 3173 funditus
1143 3133 1353 3173 eversa
1383 3118 1611 3188 periret.

1132 3206 1369 3262 XLVIII.

525 3296 826 3367 Josephus,
860 3297 955 3353 vel
985 3296 1162 3353 Caius
1196 3296 1533 3366 Presbyter.
1567 3297 1654 3353 De
1681 3297 1965 3354 universo.

492 3458 702 3514 Lectus
728 3457 1161 3529 est,Josephus.
1190 3456 1603 3521 Deuniverso;
1629 3457 1733 3529 qui
1763 3458 1909 3513 liber
1937 3458 2075 3514 alibi

422 3547 743 3618 inscriptus
774 3546 1008 3614 legitur,
1039 3547 1126 3601 De
1153 3545 1417 3602 universi
1441 3560 1655 3615 causa;
1687 3548 1745 3601 in
1775 3547 1906 3603 aliis
1939 3563 2078 3603 vero

421 3637 712 3701 libris,-De
736 3636 994 3692 universi
1016 3642 1257 3692 natura.
1295 3638 1559 3707 Suntque
1583 3635 1765 3691 libelli
1789 3636 1927 3701 duo,
1954 3638 2079 3707 qui-

420 3726 539 3781 bus
558 3741 762 3781 secum
785 3740 1054 3796 pugnare
1080 3724 1378 3780 Platonem
1397 3724 1587 3780 docet.
1614 3725 1695 3779 De
1718 3726 1918 3781 anima
1935 3742 2081 3797 quo—

423 3830 542 3887 que
591 3814 858 3877 materia,
903 3820 960 3869 et
1002 3814 1428 3869 resurrectione
1477 3814 1590 3883 (76)
1635 3814 1970 3879 Alcinoum,
2019 3819 2081 3869 ut

423 3903 686 3960 absurde
726 3918 796 3957 ac
838 3902 992 3957 falso
1034 3902 1445 3966 disserentem,
1497 3902 1891 3973 reprehendit,
1941 3920 2081 3958 suas

421 4008 560 4050 vero
590 3994 716 4065 ipse
746 3992 819 4048 de
868 3993 960 4047 his
992 3992 1264 4047 thesibus
1298 3992 1614 4063 opiniones
1669 3996 1947 4064 Opponit;
1981 3994 2080 4048 do-

422 4088 632 4156 cetque
653 4083 994 4138 Iudaeorum
1020 4083 1325 4138 nationem
1348 4082 1524 4150 longe
1549 4098 1699 4147 esse,
1724 4099 1907 4155 quam
1932 4086 2081 4137 Grae-

422 4178 626 4229 corum
643 4172 1061 4244 antiquiorem.
1084 4174 1248 4227 Putat
1265 4173 1664 4242 compositum
1686 4173 1991 4228 hominem
2012 4189 2083 4228 ex

424 4262 581 4330 igne,
628 4266 799 4323 terra,
826 4276 1002 4329 aqua,
1055 4276 1124 4315 ac
1181 4267 1466 4331 praeterea
1523 4277 1552 4315 e
1617 4262 1845 4331 spiritu,
1900 4278 2080 4334 quem

424 4349 686 4405 animam
709 4347 990 4418 appellat.
1018 4349 1095 4399 De
1139 4364 1261 4418 quo
1285 4349 1493 4417 spiritu
1524 4350 1687 4403 hisce
1716 4350 1906 4404 verbis
1934 4367 2081 4405 usus

427 4441 550 4491 est:
585 4436 771 4505 Hujus
802 4434 1130 4504 principem
1180 4440 1408 4505 partem
1453 4438 1926 4506 apprehendens,
1961 4454 2084 4495 una

425 4539 564 4580 cum
587 4538 835 4595 corpore
848 4522 1143 4586 formavit,
1172 4528 1227 4579 et
1252 4539 1356 4593 per
1377 4524 1584 4579 omnia
1609 4527 1879 4581 membra
1895 4534 2084 4583 artus-

424 4628 543 4686 que
572 4612 733 4667 viam
765 4612 879 4684 ipsi
920 4610 1209 4683 patefecit.
1245 4613 1353 4677 Qui
1387 4614 1628 4684 spiritus
1676 4617 1906 4687 corpori
1940 4632 2084 4672 con-

423 4702 742 4768 formatus,
767 4705 1073 4773 totumque
1104 4700 1462 4774 pervadens,
1491 4702 1697 4759 eadem
1722 4704 1932 4769 forma,
1965 4720 2083 4776 qua

427 4806 644 4863 corpus
666 4791 780 4846 hoc
802 4795 1117 4862 spectatur,
1149 4790 1463 4860 insignitus
1489 4798 1609 4849 est:
1638 4797 1919 4851 naturam
1946 4810 2082 4851 vero

423 4879 791 4950 frigidiorem
812 4880 1012 4947 habet,
1032 4881 1109 4935 ad
1138 4880 1379 4945 triailla,
1406 4897 1510 4953 per
1529 4897 1665 4953 quae
1679 4897 1895 4953 corpus
1922 4900 2082 4940 com-

424 4974 666 5043 pactum
691 4975 798 5025 est.
831 4968 963 5024 Haec
980 4969 1095 5035 ille,
1120 4985 1239 5025 non
1265 4970 1408 5025 satis
1436 4975 1571 5042 apte
1593 4972 1667 5027 ad
1700 4972 2080 5029 Hebraeorum

427 5060 501 5116 de
531 5058 792 5116 hominis
811 5063 1023 5114 natura
1047 5059 1402 5127 doctrinam,
1432 5075 1623 5132 neque
1656 5062 1796 5116 satis
1823 5078 1854 5117 e
1883 5063 2080 5131 iligni-

427 5152 546 5223 tate
578 5148 946 5221 reliquorum
979 5163 1125 5227 ansa
1156 5148 1373 5204 diserte
1403 5150 1758 5220 scriptorum
1792 5152 2077 5209 elocutus.

426 5239 507 5295 De
556 5232 767 5294 mundi
806 5224 1462 5309 Quoque'generatione
1508 5254 1610 5310 per
1654 5243 2079 5313 compendium

2185 1966 2269 2019 νην
2319 1960 2555 2030 ἐπειπὼν,
2588 1961 2712 2033 λίθῳ
2749 1961 2963 2035 βληθεὶς
3011 1965 3111 2015 ύπό
3152 1971 3251 2014 τῶν
3282 1963 3557 2035 πολεμίων,
3592 1962 3786 2015 ἐτελεύο

2186 2069 2332 2107 τησε.

2262 2138 2355 2211 [36
2386 2139 2477 2211 IL]
2512 2143 2588 2191 Τὰ
2630 2143 2719 2211 μὲν
2750 2138 2836 2192 οὖν
2882 2138 3266 2215 προδειχθέντι(
3296 2149 3388 2203 τῆς
3423 2141 3656 2202 ἁλώσεως
3690 2160 3789 2198 ση-

2185 2236 2307 2300 μεῖα
2330 2236 2497 2280 ταῦτα
2531 2247 2542 2257 ·
2589 2232 2617 2286 ἡ
2654 2232 2839 2291 στάσις
2872 2227 2929 2282 δὲ
2962 2240 3060 2282 τῶν
3100 2230 3355 2301 ἐμφυλίων
3402 2232 3429 2288 ἦ
3468 2232 3515 2282 οἱ
3546 2230 3788 2302 πολέμιοι

2185 2322 2276 2375 τὴν
2320 2318 2466 2369 πόλιν
2516 2318 2829 2391 ἐπόρθησαν.
2890 2320 2975 2381 Εἰς
3021 2320 3257 2380 ζηλωτὰς
3303 2323 3403 2392 γὰρ
3452 2320 3667 2380 ἑαυτοὺς
3698 2328 3789 2373 καὶ

2190 2413 2461 2479 σικαρίους
2516 2404 2897 2469 διαστήσαντες
2938 2408 3188 2469 ἀλλήλους
3235 2429 3287 2461 τε
3317 2412 3568 2481 ἔφθειρον,
3606 2416 3691 2461 καὶ
3727 2414 3784 2461 τό

2187 2500 2357 2547 κοινὸν
2391 2506 2543 2568 σῶμα
2572 2500 2595 2548 ό
2625 2494 2795 2569 δῆμος
2819 2498 2906 2548 ὑπ’
2939 2498 3125 2570 ἀμφοῖν
3154 2509 3351 2569 πικρῶς
3376 2518 3427 2551 τε
3444 2504 3532 2550 καὶ
3562 2498 3788 2561 ἀνηλεῶς

2189 2585 2559 2657 ἑσπαράττετο.
2614 2593 2780 2659 Λιμός
2824 2607 2876 2640 τε
2903 2589 3035 2639 οὕτω
3067 2593 3323 2658 κατέσχεν
3352 2591 3416 2648 ως
3447 2593 3529 2639 καὶ
3556 2588 3624 2647 εὶς
3653 2589 3791 2639 ἄλλα

2187 2680 2275 2746 μὲν
2332 2678 2607 2749 παράνομα
2686 2681 2803 2737 τούς
2870 2676 3175 2751 ἀνθρώπους
3218 2674 3632 2740 ἐκδιαιτηθῆναι,
3692 2682 3785 2728 καὶ

2186 2772 2409 2835 γυναῖκα
2458 2762 2515 2817 δὲ
2567 2770 2623 2817 τό
2671 2766 2856 2817 οἰκεῖον
2905 2770 3075 2818 τέκνον
3134 2768 3501 2823 θοινὴσασθαι.
3559 2772 3654 2818 Καὶ
3710 2775 3786 2836 τῷ

2186 2854 2318 2924 λιμῷ
2351 2856 2374 2904 ό
2406 2854 2581 2924 λοιμός
2612 2854 3068 2926 συνεπιλαϐόμενος
3113 2852 3313 2907 ἐδείκνυ
3352 2861 3511 2907 πᾶσιν
3553 2854 3790 2926 ἐμφανῶς

2190 2945 2459 3014 θεομηνίας
2504 2946 2647 3015 ἔργον
2682 2950 2769 2994 και
2816 2952 2908 3005 τῆς
2962 2952 3276 3004 Δεσποτικῆς
3325 2944 3657 3018 προρῥησεως
3698 2950 3790 2995 καὶ

2186 3031 2401 3091 ἀπειλῆς
2426 3038 2519 3088 τὴν
2545 3041 2633 3091 τῆς
2674 3032 2865 3093 πόλεως
2897 3034 3123 3108 ὑπάρξαι
3154 3033 3502 3107 πανωλεθρίαν
3535 3038 3622 3085 καὶ
3655 3034 3792 3084 οἷλω-

2190 3139 2294 3177 σιν.

2916 3211 3051 3264 MH'.

2186 3307 2288 3352 Τοῦ
2318 3299 2478 3351 αὐτοῦ
2505 3299 2691 3372 μᾶλλον
2721 3297 2778 3353 δὲ
2818 3304 2974 3353 Γαΐου
3010 3300 3386 3374 Πρεσϐυτέρου,
3422 3307 3536 3373 περὶ
3565 3310 3653 3362 τῆς
3696 3310 3791 3353 τοῦ

2878 3393 3088 3433 παντός.

2260 3462 2581 3531 Ἀνεγνωσθη
2620 3461 2875 3518 Ἰωσήπου
2920 3467 3041 3535 Περὶ
3072 3470 3161 3513 τοῦ
3192 3466 3401 3525 παντός,
3455 3462 3481 3513 ὃ
3520 3461 3567 3512 ἐν
3613 3462 3793 3524 ἄλλοις

2191 3548 2403 3619 ἀνέγνων
2448 3551 2851 3621 ἐπιγραφόμενον
2896 3555 3017 3622 Περὶ
3072 3560 3167 3610 τῆς
3214 3560 3304 3602 τού
3348 3554 3531 3610 παντὸς
3590 3550 3791 3611 αἰτίας,

2192 3638 2237 3690 ἐν
2291 3638 2463 3698 ἀλλοις
2509 3636 2567 3690 δὲ
2620 3644 2740 3711 Περὶ
2795 3647 2889 3700 τῆς
2937 3647 3027 3690 τού
3074 3644 3261 3701 παντὸς
3319 3640 3514 3693 οὐσίας.
3560 3640 3651 3709 [t6
3692 3638 3790 3711 Η]

2191 3727 2341 3779 Ἔστι
2373 3724 2431 3778 δε
2462 3726 2508 3777 ἐν
2538 3724 2665 3779 δυσὶ
2706 3724 2981 3798 λογιδίοις.
3014 3733 3250 3780 Δείκνυσι
3282 3725 3341 3780 δὲ
3376 3729 3422 3778 ἐν
3450 3728 3627 3788 αύτοῖς
3655 3731 3795 3797 πρός

2192 3816 2368 3868 ἑαυτὸν
2427 3816 2776 3875 στασιάζοντα
2828 3817 3095 3873 Πλάτωνα,
3157 3817 3361 3888 ἐλέγχει
3423 3814 3480 3868 δὲ
3527 3822 3616 3867 καὶ
3670 3822 3797 3886 περὶ

2190 3905 2372 3976 ψυχῆς
2402 3909 2489 3955 καὶ
2520 3906 2644 3965 ὕλης
2692 3911 2777 3956 καὶ
2815 3905 3140 3965 ἀναστάσεως
3186 3906 3446 3957 Ἀλκίνουν
3497 3905 3693 3974 ἀλόγως
3742 3925 3797 3957 τε

2192 4000 2281 4045 καὶ
2325 3991 2535 4064 ψευδῶς
2578 3995 2803 4058 εἰπόντα,
2850 3994 3142 4066 ἀντεισάγει
3189 3993 3246 4047 δὲ
3302 4000 3395 4056 τὰς
3437 3996 3623 4055 οἰκείας
3672 4001 3795 4068 περὶ

2192 4087 2384 4135 τούτων
2426 4094 2523 4133 των
2572 4084 2862 4135 ὑποθέσεων
2913 4082 3090 4147 δόξας,
3138 4081 3374 4136 δείκνυσί
3406 4104 3457 4136 τε
3498 4083 3796 4156 πρεσϐύτε-

2192 4193 2279 4247 ρον
2320 4172 2566 4229 Ἑλλήνων
2615 4173 2783 4243 πολλῴ
2832 4177 2887 4223 τό
2931 4171 3201 4225 Ἰουδαίων
3249 4179 3408 4243 γένος.
3465 4174 3679 4235 Δοξάζει
3732 4171 3796 4225 δὲ

2196 4264 2505 4334 συγκεῖσθαι
2536 4266 2621 4313 τόν
2661 4264 2926 4335 ἄνθρωπον
2959 4262 3011 4313 ἐκ
3054 4268 3217 4334 πυρὸς
3263 4269 3351 4315 καὶ
3397 4273 3492 4333 γῆς
3527 4268 3616 4314 καὶ
3644 4260 3800 4314 ὕδα-

2194 4371 2299 4413 τος,
2354 4356 2441 4402 καὶ
2483 4354 2559 4402 ἔτι
2605 4352 2659 4401 ἐκ
2706 4354 3004 4421 πνεύματος,
3060 4353 3085 4402 ὃ
3138 4358 3226 4404 καὶ
3282 4353 3467 4423 ψυχὴν
3522 4352 3796 4422 ὀνομάζει.

2196 4446 2320 4511 Περὶ
2352 4441 2411 4493 οὗ
2445 4443 2731 4511 πνεύματος
2760 4440 2943 4501 αὐταῖς
2986 4441 3179 4503 λέξεσιν
3226 4442 3359 4492 οὕτω
3390 4446 3519 4511 φησί
3548 4459 3560 4469 '
3590 4444 3798 4492 Τούτου

2195 4534 2252 4580 τὸ
2302 4536 2607 4603 κυριώτερον
2678 4529 2973 4600 ἀνελόμενος
3025 4530 3134 4600 ἅμα
3192 4550 3262 4600 τῳ
3327 4538 3527 4602 σώματι
3576 4528 3798 4592 ἔπλασε,

2195 4624 2283 4669 καὶ
2318 4616 2407 4670 διὰ
2442 4622 2624 4678 παντὸς
2654 4619 2837 4689 μέλους
2880 4624 2967 4670 καὶ
3006 4621 3199 4691 ἄρθρον
3238 4624 3444 4691 πορείαν
3490 4620 3625 4689 αὐτῷ
3671 4639 3801 4670 κατ-

2196 4710 2468 4759 εσκεύασεν
2514 4708 2560 4743 ³⁸
2610 4724 2621 4735 ·
2660 4708 2685 4758 ὃ
2716 4718 2783 4777 τῷ
2825 4714 3028 4778 σώματι
3063 4708 3396 4778 συμπλασθεν
3424 4713 3512 4759 καὶ
3546 4705 3637 4759 διὰ
3668 4728 3802 4759 παν-

2194 4800 2274 4856 τὸς
2305 4793 2657 4867 διικνούμενον
2703 4804 2773 4865 τῷ
2818 4797 2957 4865 αύτῷ
3010 4794 3138 4849 εῖδει
3181 4806 3272 4849 τοῦ
3323 4796 3636 4869 βλεπομένου
3693 4806 3803 4849 σω-

2194 4906 2357 4958 ματος
2399 4889 2707 4949 τετύπωται,
2745 4891 2839 4944 τὴν
2880 4885 3062 4937 οὐσίαν
3095 4883 3151 4937 δὲ
3200 4885 3529 4958 ψυχρότερον
3555 4888 3801 4958 ὑπάρχει

2195 4979 2323 5045 πρὸς
2363 4978 2425 5026 τὰ
2471 4980 2608 5046 τρία,
2662 4971 2733 5026 δι’
2782 4976 2847 5024 ὧν
2905 4979 2961 5025 τό
3019 4984 3168 5046 σῶμα
3218 4983 3589 5046 συνήρμοσται
3637 4978 3803 5027 (ὶύτω

2194 5067 2282 5135 μὲν
2329 5062 2415 5116 οὖν
2456 5063 2677 5125 ἀναξίως
2724 5072 2815 5125 τῆς
2865 5083 2916 5115 τε
2968 5073 3066 5114 τῶν
3107 5062 3377 5116 Ἰουδαίων
3425 5070 3537 5136 περὶ
3590 5063 3803 5139 ἀνθρω-

2193 5173 2291 5205 που
2341 5152 2679 5225 φυσιολογίας
2726 5161 2890 5203 ταῦτα
2939 5154 3090 5204 εἰπὼν
3140 5159 3228 5204 καὶ
3276 5162 3369 5215 τῆς
3412 5154 3573 5215 ἄλλης
3630 5154 3802 5207 αὐτοῦ

2191 5248 2309 5315 περὶ
2357 5245 2477 5303 τούς
2526 5241 2710 5312 λόγους
2767 5240 3055 5310 ἀσκήσεως,
3107 5239 3325 5304 διέξεισι
3378 5248 3466 5295 καὶ
3512 5250 3643 5318 περὶ
3702 5253 3803 5307 τῆς

1763 5350 1996 5406 VARl/E
2038 5352 2327 5408 LECTION
2340 5351 2435 5405 ES.

497 5445 544 5481 ³³
567 5442 951 5517 μεταϐαίνωμεν
982 5463 1043 5508 ς’.
1131 5443 1176 5477 ³⁴
1202 5447 1291 5495 καὶ
1321 5458 1446 5500 om.
1488 5446 1553 5499 A.

1631 5447 1677 5480 ³³
1706 5446 1889 5518 ἐαυτῷ]
1925 5448 2075 5509 αὐτὸς
2101 5463 2230 5503 esse
2263 5446 2494 5503 videtur
2527 5448 2583 5502 in
2620 5452 2681 5502 A.

2764 5451 2808 5483 ³⁸
2837 5452 3223 5521 παρεσκεύασεν
3260 5456 3317 5502 Α.

491 5633 604 5707 (76)
648 5633 827 5705 Cujus
859 5632 933 5689 de
974 5635 1305 5705 comparat.
1343 5631 1569 5689 Platon.
1600 5638 1652 5689 et
1678 5636 1913 5693 Aristot.
1941 5545 2412 5693 liggfu‘f'Grtece
2437 5640 2615 5706 atque
2652 5638 2848 5692 Latine
2872 5636 2929 5691 in
2967 5637 3165 5693 medio
3186 5641 3291 5692 est.
