4046 6228
362 211 431 269 87

1154 333 1241 390 LI.

368 406 654 480 Hesychii
679 404 1007 477 presbyteri
1030 405 1325 532 Cclynbstgnt.
1359 405 1431 459 In
1452 416 1675 458 zneum
1694 403 2019 468 serpentem

1099 494 1116 532 ἲ
1160 492 1213 531 η
1233 493 1305 531 IV.

444 570 596 625 Lecti
645 571 780 622 sunt
831 564 1103 638 Hesychii
1154 562 1485 636 presbyteri
1525 559 2024 628 Constantinopo-

374 659 540 716 litani
564 659 629 714 In
651 672 878 714 aeneum
901 662 1227 724 serpentem
1258 654 1401 709 libri
1412 658 1688 723 quatuor.
1715 653 1921 707 Sermo
1942 647 2026 703 illi

376 749 453 806 ad
482 745 936 804 ostentationem
970 747 1372 815 comparatus,
1407 746 1463 797 et
1493 740 1858 796 concitandis
1888 738 2027 794 aﬂ‘e-

376 839 568 894 ctibus
583 836 900 891 meditatus
914 833 1243 889 videbatur.
1266 833 1363 887 Hic
1386 832 1684 887 orationes
1721 830 2028 901 ﬁnguntur

379 927 590 999 Moysis
622 925 698 980 ad
730 922 1039 995 populum,
1073 926 1128 976 et
1159 922 1336 992 hujus
1366 920 1628 976 vicissim
1664 920 1741 976 ad
1790 922 2026 991 Moysen

381 1015 702 1073 artiﬁciosa
731 1012 1012 1084 alloquia.
1047 1011 1145 1067 Dei
1175 1026 1417 1083 quoque
1450 1009 1518 1066 ad
1549 1012 1789 1080 Moysen
1821 1015 1877 1063 et
1923 1024 2029 1079 po-

383 1104 613 1177 pulum,
670 1105 726 1157 et
772 1102 988 1156 horum
1055 1100 1361 1171 utriusque
1406 1114 1645 1153 rursum
1700 1097 1777 1152 ad
1822 1099 2027 1163 Deum,

382 1190 741 1266 precationis
790 1194 969 1261 atque
1019 1187 1412 1244 excusationis
1474 1188 1668 1242 forma
1727 1202 2033 1242 sermones

390 1281 728 1353 compositi.
756 1279 905 1349 12b
930 1278 1159 1343 Quibus
1188 1276 1559 1333 orationibus
1588 1292 1873 1347 magnam
1898 1276 2033 1331 libri

388 1378 618 1445 partem
647 1368 965 1434 consumit,
998 1367 1206 1438 ingens
1238 1366 1392 1421 mole
1423 1366 1701 1421 volumen
1753 1364 2034 1422 efﬁciens.

1592 198 1830 256 PHOTII
1869 192 2350 251 PATRIARCH/E
2388 192 2496 249 CP.
3658 186 3731 242 88

2865 315 2994 372 ΝΜ.

2201 408 2462 480 Ἡσυχίου
2488 406 2839 482 πρεσϐυτέρου
2874 405 3458 482 Κωνσταντινουπόλεως
3481 403 3552 467 εἰς
3571 408 3657 457 τὸν

2597 474 2828 550 χαλκοῦν
2854 482 2988 550 ὄφιν,
3016 478 3163 549 λόγοι
3194 474 3228 530 δ
3233 477 3263 533 ’.

2207 570 2529 641 Ἀνεγνώσθη
2584 569 2843 640 Ἠσυχίου
2902 567 3253 641 πρεσϐυτέρου
3311 574 3739 619 Κωνσταντινου-

2136 659 2326 720 πόλεως
2354 659 2438 720 Εἰς
2460 661 2544 710 τόν
2569 658 2802 730 χαλκοῦν
2834 661 2943 729 ὅφιν
2990 657 3131 727 λόγοι
3168 653 3237 709 δ’.
3260 656 3416 707 ’Ἐστι
3446 652 3503 707 δὲ
3533 657 3558 706 ό
3586 654 3739 725 λόγος

2138 750 2208 810 εἰς
2247 745 2496 809 ἐπίδειξιν
2545 745 2981 819 διεσκευασμένος
3037 750 3124 797 καὶ
3179 745 3226 797 ἐν
3283 746 3559 803 ἠθοποιίας
3600 740 3738 796 εῖδει

2138 837 2558 910 μεμελετημένος,
2591 836 2640 887 ἐν
2688 838 2765 896 οἷς
2796 832 3119 908 δημηγορίαι
3148 854 3202 887 τε
3238 830 3612 886 διατυποῡνται
3644 840 3740 884 τοῦ

2138 929 2400 987 Μωύσέως
2429 928 2553 999 πρός
2580 929 2664 977 τόν
2695 924 2836 991 λαὸν,
2869 929 2957 976 καὶ
3001 924 3168 975 αὐτῶν
3196 922 3346 975 πάλιν
3373 941 3741 994 κατασχημα-

2140 1016 2375 1075 τίζονται
2413 1017 2543 1088 πρός
2570 1017 2654 1065 τόν
2703 1018 2929 1067 Μωύσέα
2978 1010 3267 1079 διαλαλιαὶ,
3315 1014 3388 1063 ἔτι
3419 1008 3477 1063 δὲ
3519 1016 3608 1062 καὶ
3645 1020 3743 1064 τοῦ

2145 1106 2282 1156 θείου
2314 1109 2440 1177 πρός
2468 1123 2520 1156 τε
2546 1108 2773 1156 Μωύσέα
2799 1108 2886 1155 καὶ
2909 1106 2993 1155 τόν
3019 1102 3163 1169 λαόν,
3185 1106 3274 1155 καὶ
3299 1104 3490 1153 τούτων
3518 1099 3567 1152 ἓν
3592 1104 3741 1172 τύπῳ

2146 1190 2372 1250 δεήσεων
2395 1198 2481 1244 καὶ
2513 1192 2787 1264 ἀπολογίας
2816 1191 3208 1263 ἐκπεποιημένοι
3240 1190 3385 1261 λόγοι
3421 1208 3432 1219 '
3467 1189 3514 1241 ἐν
3546 1192 3621 1250 οἷς
3649 1196 3744 1243 καὶ

2146 1283 2170 1333 ό
2204 1281 2359 1342 πολὺς
2388 1282 2528 1351 αύτῲ
2548 1282 2907 1339 κατηνάλωται
2937 1288 3028 1333 τοῦ
3052 1278 3260 1352 βιϐλίου
3290 1278 3460 1350 λόγος,
3491 1276 3748 1330 πολύστι-

2147 1390 2247 1442 χον
2279 1375 2432 1441 ὄγκον
2463 1372 2882 1443 ἑμπεριειληφώς.
2920 1370 2978 1424 Ὀ
3011 1367 3069 1422 δέ
3096 1388 3156 1441 γε
3203 1369 3349 1441 ἀνὴρ,
3406 1370 3476 1428 ὡς
3517 1370 3659 1419 ἔστιν
3691 1364 3748 1417 ἐκ

386 1465 571 1519 Porro
604 1459 863 1530 Scriptor
892 1457 1039 1528 ipse,
1062 1462 1357 1527 quantum
1389 1471 1460 1509 ex
1480 1454 1595 1510 hoc
1617 1471 1795 1526 opere
1825 1454 2039 1527 dijudi-

391 1566 525 1608 care
550 1550 699 1613 licet,
729 1547 790 1602 in
815 1545 1160 1601 orthodoxis
1182 1550 1270 1600 est
1286 1544 1717 1601 numerandus.

1156 1635 1265 1688 LII.

468 1726 748 1800 Synodus
761 1724 1067 1789 Sidetana,
1087 1724 1321 1795 aliaque
1342 1731 1553 1781 contra
1567 1725 1968 1783 Messalianos.

2149 1457 2304 1512 τοῦδε
2335 1461 2490 1511 αὐτοῦ
2521 1470 2875 1535 τεκμηριῶσαι
2917 1467 3007 1512 τοῦ
3038 1460 3414 1531 συντάγματος,
3460 1465 3559 1509 τῶν
3589 1455 3747 1528 ὀρθο-

2154 1548 2439 1612 δοξούντων
2465 1551 2511 1585 ⁴³
2542 1549 2700 1602 ἱστίν.

2568 1643 2575 1649 .
2882 1638 2998 1695 ΝΒ,

2882 1668 2967 1695 L‘D
2987 1668 2998 1672 ⁷

2074 1668 2119 1723 Β
2157 1726 2371 1790 Σύνοδος
2396 1734 2637 1802 γενομένη
2672 1731 2718 1781 ἓν
2745 1725 2875 1801 Σίδῃ
2904 1730 3058 1802 κατὰ-
3081 1730 3325 1802 αἱρέσεως
3358 1734 3456 1779 τῶν
3483 1724 3757 1779 Μεσαλια-

2652 1809 2770 1867 νῶν,
2803 1800 2964 1872 ἤγουν
2998 1800 3258 1871 Εύχιτών.

2227 1891 2552 1960 Ἀνεγνωσθη
2611 1886 2828 1949 σύνοδος
2891 1892 3132 1961 γενομένη
3186 1886 3233 1939 ἐν
3293 1883 3419 1960 Σίδῃ
3478 1887 3613 1937 κατὰ
3662 1893 3761 1945 τῆς

2159 1982 2401 2050 αἱρέσεως
2432 1987 2530 2029 τῶν
2557 1979 2892 2032 Μεσαλιανῶν
2936 1982 3097 2049 ἤγουν
3143 1976 3380 2048 Εύχιτῶν
3410 1980 3529 2034 ἤτοι
3575 1970 3762 2026 Ἀδελ-

467 1890 642 1944 Lecta
681 1884 953 1956 synodus
986 1883 1155 1955 Sydaa
1198 1883 1403 1940 habita
1440 1885 1727 1941 adversus
1776 1885 2045 1943 haeresim

396 1976 884 2037 Messalianorum
944 1974 1077 2045 (81),
1138 1973 1252 2029 hoc
1302 1978 1408 2042 est,
1480 1976 1871 2031 Eucbetarum
1943 1993 2046 2031 seu

398 2065 932 2137 Adelphianorum.
996 2061 1226 2117 Praefuit
1284 2063 1518 2134 synodo
1572 2064 2044 2135 Amphilochius,

400 2154 580 2212 Iconii
645 2154 986 2224 episcopus,
1042 2150 1493 2207 considentibus
1550 2158 1605 2208 et
1663 2153 1790 2208 aliis
1842 2153 2051 2222 viginti

402 2245 668 2318 quinque
705 2240 1026 2312 episcopis.
1063 2244 1123 2295 In
1179 2241 1386 2295 eodem
1423 2241 1553 2312 ipso
1593 2241 1745 2297 libro
1789 2242 1937 2298 lecta
1966 2249 2054 2298 est

400 2334 590 2406 ipsius
613 2331 829 2404 synodi
861 2330 938 2385 ad
964 2345 1254 2399 magnum
1289 2329 1656 2395 Flavianum,
1707 2332 2052 2403 episcopum

405 2422 750 2486 Antiochiae,
804 2419 1104 2491 Synodica
1152 2420 1421 2490 epistola,
1475 2436 1673 2475 rerum
1750 2426 2052 2490 gestarum

404 2513 695 2569 rationem
726 2510 1005 2566 reddens.

2161 2076 2349 2140 φιανῶν
2390 2068 2628 2141 ’ἐξῆρχε
2674 2064 2731 2120 δὲ
2775 2077 2867 2129 τῆς
2926 2063 3150 2119 συνόδου
3201 2064 3543 2137 Ἀμφιλόχιος
3592 2065 3617 2114 ό
3665 2071 3761 2115 τοῦ

2160 2155 2373 2211 Ἰκονίου
2402 2159 2469 2222 δ”,
2508 2154 2916 2231 σννεδρευνότων
2957 2157 3092 2227 αύτῷ
3131 2161 3220 2207 xui
3250 2154 3431 2227 ἑτέρων
3458 2153 3763 2206 ἐπισκόπων

2162 2252 2247 2300 τόν
2274 2247 2491 2321 ἀριθμόν
2534 2251 2679 2299 πέντε
2716 2252 2804 2299 καὶ
2838 2250 3049 2299 εἴκοσιν.
3099 2244 3181 2298 Ἐν
3226 2253 3287 2316 τῇ
3321 2243 3449 2316 αὐτῇ
3486 2240 3544 2295 δε
3591 2241 3764 2314 βίϐλῳ

2166 2337 2460 2408 ἀνεγνώσθη
2492 2345 2579 2396 τῆς
2603 2336 2766 2398 αὐτῆς
2786 2332 3008 2388 συνόδου
3033 2338 3158 2408 πρὸς
3182 2336 3267 2385 τόν
3285 2337 3444 2405 μέγαν
3473 2331 3760 2385 Φλαϐιανόν

2166 2430 2251 2478 τόν
2282 2428 2609 2497 Ἀντιοχείας
2639 2424 2884 2483 ἐπιστολὴ
2916 2420 3191 2487 συνοδικὴ,
3242 2430 3340 2473 τῶν
3386 2424 3762 2496 πεπραγμένων

480 2604 852 2673 Quapropter
906 2599 1083 2655 etiam
1114 2599 1242 2670 ipse
1290 2600 1603 2657 Flavianus
1640 2602 1941 2674 synodum
1974 2603 2057 2657 in-

410 2692 559 2748 dixit
588 2690 872 2746 adversus
903 2689 1144 2744 eosdem
1175 2689 1303 2744 illos
1351 2690 1674 2757 haereticos,
1728 2692 2061 2749 accedenti-

416 2782 533 2837 bus
582 2778 764 2835 tribus
813 2778 1157 2849 episcopis;
1202 2779 1332 2835 Biza
1374 2780 1810 2851 Seleuciaa(82),
1845 2790 1901 2838 et
1950 2786 2061 2839 Ma-

412 2870 593 2926 rutha
624 2868 735 2939 (83)
762 2867 952 2936 gentis
981 2868 1491 2938 Supharenorum,
1520 2874 1573 2924 et
1602 2871 1778 2933 Sami,
1812 2872 1884 2927 ad
1910 2888 2062 2944 quos

414 2976 476 3015 se
508 2974 643 3013 cum
670 2957 1022 3029 presbyteri,
1056 2962 1178 3011 tum
1230 2958 1465 3013 diaconi
1497 2960 1569 3012 ad
1610 2960 1889 3030 tringinta
1918 2976 2065 3015 con-

410 3027 756 3120 junxerunt.
774 3045 1106 3100 Noluithaac
1125 3046 1392 3116 synodus
1407 3027 1761 3118 Adelphium
1780 3048 2055 3118 paeniten-

2177 3049 2381 3121 συνόδῳ
2456 3053 2726 3121 μετάνοιαν
2810 3048 3239 3120 ἐπαγγελλόμενον
3340 3051 3423 3097 τόν

415 3137 560 3193 tiam
592 3133 964 3205 proﬁtentem
998 3132 1397 3206 haeresimque
1437 3136 1817 3205 abjurantem
1856 3137 2066 3194 admit-

416 3232 537 3282 tere
569 3248 579 3289 ;
609 3222 775 3293 quod
805 3238 999 3294 neque
1043 3238 1115 3278 ea
1161 3223 1459 3280 haereseos
1508 3226 1823 3297 abjuratio,
1874 3244 2067 3301 neque

420 3312 790 3386 poenitentia,
822 3326 963 3367 vera
988 3316 1167 3384 atque
1195 3329 1263 3368 ex
1284 3316 1485 3370 animo
1514 3315 1669 3373 facta
1696 3316 2065 3389 probaretur.

416 3404 667 3459 Haeresis
687 3401 867 3471 hujus
888 3404 1160 3457 auctores
1188 3400 1348 3458 fuere
1370 3404 1710 3477 Adelphius,
1732 3424 1908 3479 quem
1926 3409 2068 3475 dixi,

415 3509 612 3567 neque
627 3493 1082 3558 monachorum,
1102 3507 1297 3565 neque
1318 3497 1697 3552 sacerdotum
1724 3499 1781 3555 in
1800 3501 2070 3556 ordinem

419 3584 629 3648 lectus,
651 3582 755 3638 sed
785 3582 1072 3654 plebeius,
1097 3598 1165 3637 ac
1183 3583 1473 3654 privatus,
1502 3591 1556 3639 et
1586 3587 1842 3656 Sabbas,
1865 3606 2072 3646 mona-

421 3673 671 3729 chorum
722 3670 994 3727 habitum
1026 3670 1368 3743 praeferens,
1401 3689 1581 3745 quem
1634 3693 1705 3731 ex
1744 3678 1826 3732 rei
1856 3684 2069 3734 eventu

424 3763 684 3815 ἁπόκοπον
732 3761 868 3832 (hoc
921 3766 1025 3826 est,
1076 3760 1407 3833 Resectum)
1454 3764 1886 3823 nominarunt:
1929 3770 2070 3826 alter

420 3853 561 3909 item
586 3851 840 3914 Sabbas,
875 3855 930 3905 et
952 3850 1287 3906 Eustathius
1315 3855 1689 3910 venerandus
1710 3875 1724 3921 ;
1746 3862 1800 3912 et
1819 3859 2068 3925 Dadoes,

424 3948 480 3998 et
528 3943 880 3997 Semesones
927 3940 1083 4011 (83'),
1116 3940 1406 3997 daemonis
1446 3943 1682 4010 zizania,
1720 3947 1939 4021 aliique
1982 3952 2074 4007 his

426 4031 813 4087 adhaerentes.
835 4029 1280 4086 Condemnatus
1296 4047 1430 4087 vero
1448 4033 1791 4106 Adelphius,
1822 4039 1872 4109 ej
1884 4056 2074 4112 usque

427 4124 795 4177 sectatores:
844 4133 1038 4191 neque
1086 4120 1445 4190 paenitentiae
1500 4122 1699 4179 locum
1750 4130 2073 4197 (quamvis,

429 4214 492 4265 ut
556 4208 835 4275 diximus,
899 4208 1261 4279 quaesierint)
1322 4218 1637 4282 propterea
1710 4224 2074 4287 repererunt,

429 4296 616 4369 quod,
649 4311 804 4367 quos
822 4296 1200 4351 anathemate
1221 4300 1511 4369 tanquam
1535 4302 1910 4361 Messalianos
1936 4322 2080 4363 con-

2166 2520 2443 2586 ποιουμένη
2478 2519 2569 2573 τὴν
2597 2510 2972 2568 διδασκαλίαν.

2240 2610 2421 2677 Διόπερ
2470 2609 2560 2656 καὶ
2612 2604 2766 2664 αύτός
2812 2602 3142 2676 συναθροίζει
3201 2597 3420 2654 σύνοδον
3475 2601 3603 2650 κατά
3656 2606 3766 2649 τῶν

2171 2695 2336 2746 αὐτῶν
2376 2696 2667 2766 αἱρετικών,
2708 2698 3083 2767 συμπαρόντων
3137 2695 3225 2763 μὲν
3281 2691 3420 2759 αύτῷ
3469 2687 3766 2739 έπισκόπων

2171 2793 2343 2856 τριῶν,
2379 2784 2531 2843 Βίζου
2574 2784 2619 2817 ⁸⁵
2652 2790 2741 2834 τοῦ
2786 2782 3071 2841 Σελευκείας
3101 2785 3189 2832 καὶ
3233 2781 3480 2851 Μαρουθᾶ
3509 2785 3599 2829 τού
3631 2783 3770 2828 Σου-

2172 2882 2407 2946 φαρηνών
2453 2874 2627 2932 ἔθνους
2673 2878 2761 2923 καὶ
2806 2874 2973 2942 Σάμου
3010 2888 3022 2901 ·
3056 2868 3398 2943 πρεσϐύτεροι
3428 2864 3487 2919 δε
3514 2870 3605 2919 καὶ
3648 2860 3773 2916 διά-

2173 2982 2313 3015 κονοι
2368 2970 2719 3032 συμπαρῆσαν
2772 2964 2933 3032 μέχρι
2986 2962 3281 3033 τριάκοντα.
3350 2958 3426 3009 Ἐν
3482 2958 3647 3026 ταύτῃ
3706 2961 3771 3024 τῇ

3498 3040 3778 3114 Ἀδελφιόν

2182 3140 2273 3210 [40
2333 3139 2420 3211 3.]
2469 3142 2561 3190 οὐκ
2616 3135 2872 3201 ἐδέξαντο,
2930 3136 3052 3190 οὐδὲ
3104 3143 3197 3195 τὴν
3254 3138 3452 3210 αἰρεσιν
3508 3132 3783 3204 ἀπαρνού-

2177 3250 2323 3302 μενον
2363 3234 2694 3302 προσήκαντο
2737 3246 2748 3257 ⁸
2784 3224 2907 3280 οὐδὲ
2947 3230 3049 3299 γὰρ
3098 3230 3152 3278 ἐκ
3184 3222 3427 3297 καρδίας,
3459 3228 3575 3276 οὔτε
3614 3224 3643 3279 ἠ
3680 3230 3783 3282 τῆς

2180 3322 2425 3393 αἱρέσεως
2467 3319 2705 3389 ἄρνησις,
2745 3320 2859 3368 οὔτε
2890 3319 2917 3375 ἡ
2952 3318 3198 3389 μετάνοια
3228 3310 3573 3366 ἐπεδείκνυτο.
3602 3310 3782 3362 Ἦσαν

2183 3405 2241 3461 δὲ
2293 3410 2341 3459 οἱ
2389 3410 2576 3467 ταύτης
2615 3411 2910 3481 γεννήτορες
2961 3414 3054 3467 τῆς
3101 3408 3347 3477 αἱρέσεως
3394 3399 3660 3472 Ἀδελφιός
3702 3418 3787 3458 τις

2182 3499 2207 3548 ό
2236 3498 2427 3571 ῥηθεὶς,
2480 3499 2595 3548 οὔτε
2639 3504 2906 3567 μοναστών
2956 3499 3072 3547 οὔτε
3132 3497 3299 3566 ἱερέων
3332 3490 3785 3563 ἑγκατειλεγμένος

2180 3587 2375 3659 κλήρῳ,
2410 3585 2514 3637 ἀλλ’
2563 3585 2611 3636 ἐν
2654 3584 2853 3646 λαίκοίς
2882 3584 3260 3655 ἐξεταζόμενος,
3308 3587 3397 3634 καὶ
3441 3579 3603 3639 Σάϐας
3635 3579 3687 3612 ιο
3720 3579 3783 3628 τὸ

2181 3685 2280 3729 τῶν
2323 3684 2569 3748 μοναχῶν
2622 3671 2876 3735 ύπεισδύς
2926 3683 3134 3746 σχῆμα,
3195 3673 3249 3723 ὃν
3298 3670 3353 3723 ἐκ
3407 3678 3497 3732 τῆς
3540 3666 3787 3741 πράξεως

2182 3766 2390 3819 ἐκάλουν
2443 3765 2723 3827 ἀπόκοπον,
2772 3769 2858 3815 καὶ
2913 3766 3075 3837 ἕτερος
3124 3761 3306 3829 Σάϐας,
3348 3766 3437 3813 καὶ
3489 3759 3787 3817 Εύστάθιος

2180 3853 2457 3914 Ἐδεσηνὸς
2488 3856 2534 3889 ⁴⁷
2566 3860 2655 3905 καὶ
2701 3851 2914 3913 Δαδώης
2960 3858 3049 3905 καὶ
3077 3857 3346 3923 Συμεωνης
3376 3851 3444 3913 ιδ,
3480 3856 3578 3900 τῶν
3616 3864 3789 3903 πονη-

2182 3952 2275 4019 ροῦ
2306 3948 2369 3996 τὰ
2401 3944 2631 4007 ζιζάνια,
2679 3948 2768 3994 καὶ
2812 3944 2973 4016 ἕτεροι
3008 3945 3206 4002 τούτοις
3257 3942 3788 4011 συμπαραφυόμενοι.

2187 4035 2477 4107 Κατεκρίθη
2508 4029 2565 4084 δε
2605 4029 2876 4103 Ἀδελφιὸς
2905 4036 2995 4083 καὶ
3020 4033 3068 4084 οἱ
3100 4034 3192 4083 σὺν
3237 4030 3398 4096 αὐτῶ,
3429 4032 3602 4080 καίτοι
3627 4046 3796 4098 μετα-

2186 4129 2323 4183 νοίας
2369 4128 2543 4185 τόπον,
2596 4125 2664 4183 ως
2706 4124 2914 4193 ἔφημεν,
2966 4120 3329 4182 ἐπιζητοῦντες
3365 4136 3375 4148 ·
3410 4117 3539 4174 πλὴν
3587 4119 3796 4177 ταύτης

2190 4213 2283 4266 ούκ
2313 4216 2517 4283 ἔτυχον,
2552 4207 2687 4263 διότι
2739 4209 3025 4283 ἐγγράφως,
3056 4210 3146 4271 οὓς
3182 4208 3552 4280 ἀνεθεμάτισαν
3594 4208 3658 4265 ὡς
3686 4212 3798 4258 Με-

2193 4302 2489 4366 σαλιανοὺς,
2522 4304 2719 4359 τούτοις
2749 4301 2815 4360 ὡς
2846 4302 3129 4373 όμόφροσιν
3160 4297 3501 4371 ἐφωράθησαν
3528 4301 3797 4352 κοινωνή-

430 4385 808 4451 demnarant,
860 4399 997 4439 cum
1052 4382 1145 4437 his
1201 4384 1381 4441 veluti
1438 4390 1814 4447 consortibus
1863 4397 2080 4468 scripto
2116 4387 2158 4439 Ι)
2195 4412 2395 4454 σαντες.

431 4473 875 4531 communicare
905 4471 1251 4543 deprehensi
1282 4480 1441 4530 sunt.

503 4567 680 4619 Porro
715 4560 949 4633 scripsit
978 4559 1295 4618 Flavianus
1325 4563 1402 4619 ad
1447 4565 1833 4625 Osroinenses
1868 4572 2081 4644 episto-

434 4654 575 4719 lam,
598 4667 669 4708 ea
685 4667 823 4723 quae
846 4654 1012 4720 gesta
1038 4656 1259 4721 essent,
1288 4652 1657 4721 edocentem,
1678 4658 1737 4713 in
1759 4674 1881 4730 qua
1902 4662 2080 4719 etiam

433 4742 739 4799 haereticos
770 4741 1031 4813 punitos,
1063 4744 1122 4796 et
1171 4744 1726 4801 excommunicatos
1764 4748 1958 4814 refert,
1992 4768 2083 4808 re-

436 4846 851 4905 sponsumque
877 4836 988 4897 est,
1031 4830 1288 4903 acceptis
1321 4831 1399 4886 ab
1430 4834 1729 4906 episcopis
1762 4837 1980 4909 litteris,
2025 4848 2082 4897 et

437 4921 718 4980 Flaviano
758 4936 869 4992 por
918 4920 1010 4976 his
1056 4920 1259 4991 gratim
1306 4925 1473 4987 actae,
1529 4927 1706 4997 atque
1747 4943 2078 4988 assensum.

2258 4574 2489 4644 Ἐγράφη
2548 4568 2606 4623 δε
2655 4570 2922 4639 Φλαϐιανῷ
2973 4572 3097 4642 πρὸς
3151 4572 3265 4629 τούς
3319 4567 3365 4619 ἐν
3416 4569 3679 4641 Ὀσροήνη
3742 4568 3795 4601 ⁴⁹

2191 4660 2441 4720 ἐπιστολὴ
2496 4663 2561 4712 τὰ
2615 4665 2733 4732 περὶ
2787 4659 2971 4719 αύτούς
3019 4660 3320 4730 πραχθέντα
3359 4653 3795 4720 έκδιδάσκουσα,

2191 4749 2238 4801 ἐν
2360 4750 2628 4822 ἐμφέρεται
2679 4751 2744 4808 ὡς
2787 4750 2835 4799 οἱ
2878 4750 3128 4819 αἱρετικοὶ
3176 4745 3541 4803 ἑτυπτήθησαν
3580 4748 3670 4795 καὶ
3704 4744 3799 4794 ἀν-

2193 4842 2609 4913 εθεματίσθησαν
2644 4856 2655 4867 ·
2689 4842 2777 4889 καὶ
2827 4837 3114 4909 ἀντεγράφη
3166 4837 3308 4907 παρὰ
3352 4843 3450 4886 τῶν
3497 4830 3801 4903 δεξαμένων

2193 4929 2487 4983 ἐπισκόπων
2542 4926 2808 4998 Φλαϐιανῷ
2865 4926 3183 4999 εὐχαριστία
3250 4926 3375 4998 ὑπὲρ
3448 4925 3641 4974 τούτων
3703 4927 3806 4976 καὶ

1778 5037 2018 5092 νΑΗΙΛΕ
2060 5030 2458 5097 LECTIONES.

512 5150 557 5184 ⁸³
592 5142 882 5222 όρθοδόξων
912 5167 965 5210 ς.
1071 5146 1117 5181 “
1145 5145 1362 5222 εἰκονίου
1392 5149 1454 5201 Α.
1489 5146 1781 5201 ἐπισκόπων
1813 5153 1885 5205 κε’
1911 5152 1957 5204 ἓν
1991 5177 2045 5219 ς’.

2148 5156 2193 5191 ‘5
2230 5154 2398 5227 βύζου
2435 5173 2517 5205 στ.

2601 5153 2645 5186 ιθ
2676 5148 2876 5211 Σάϐϐας
2908 5171 2961 5213 ς’.
2992 5148 3074 5204 sic
3104 5152 3155 5203 et
3190 5146 3360 5203 infra.
3466 5148 3509 5181 ⁴⁷
3546 5142 3814 5209 ἑδεσηνός

442 5236 598 5279 corr.
620 5216 703 5287 Ἀ,
735 5216 992 5290 αἰδεσμός
1022 5232 1125 5290 pr:
1154 5216 1428 5291 αἰδεσιμος
1461 5241 1518 5283 ς’.
1595 5221 1640 5255 ⁸⁸
1675 5219 1878 5286 δαδόης
1904 5216 2331 5299 καὶ-σημεσῶνης
2361 5249 2415 5290 ς.
2494 5227 2539 5260 ⁴⁹
2566 5225 2710 5299 ῥοῖνῃ
2746 5243 2799 5286 ς’.

2000 5335 2224 5391 NOTAE.

512 5452 633 5526 (8t),
667 5454 904 5526 Dequa
941 5449 1082 5507 Vide
1119 5448 1486 5526 Thepdgret._
1519 5451 1621 5508 lib.
1667 5470 1736 5516 IV,
1781 5469 1830 5508 c.
1874 5455 1943 5509 ‘10
1985 5471 1997 5519 ;
2032 5461 2087 5509 et

438 5522 677 5594 Niceph.
707 5522 816 5578 lib.
837 5538 916 5595 x1,
949 5538 1083 5593 cap.
1122 5526 1202 5587 t5,
1230 5522 1286 5577 S.
1324 5522 1530 5595 Epiph.

512 5596 626 5670 (s2)
654 5596 712 5653 s.
746 5594 981 5652 Basilio.

2264 5456 2377 5526 (83)
2424 5454 2522 5509 Ille
2556 5453 2801 5526 forsitan
2845 5450 3284 5526 Mesopotamia)
3306 5449 3496 5526 episc.
3535 5448 3595 5505 in
3640 5451 3808 5510 Hist.

2195 5521 2478 5582 (le‘rebus
2501 5526 2566 5581 D.
2612 5524 2938 5596 Chrysost._
2967 5522 3139 5578 valde
3178 5521 3537 5596 celebratus.

2267 5598 2381 5668 (83)
2405 5592 3111 5667 Symeones'Theodoreto
3142 5597 3322 5664 atque
3350 5592 3595 5663 Niceph.
