4046 6228
193 312 240 369 ευ
1282 296 1775 358 BlBLIOTHECA.
1816 331 1886 342 —-
1924 301 2130 360 CODD.
2165 305 2278 365 LII.
3380 315 3452 371 90

193 437 406 508 σᾳγυνία.
429 427 645 502 Ἔγραψε
675 423 713 480 δ
715 429 739 480 ‘s
766 430 858 480 καὶ
881 430 1106 488 Λιτὼῑος
1126 427 1152 479 6
1177 426 1449 497 ’Δρμενίας
1472 422 1680 477 ἐπίσκο-

1805 425 2044 498 Scripsit
2085 434 2142 484 et
2195 429 2411 487 Litoius
2458 431 2572 504 (84)
2629 434 2925 493 Armenias
2983 436 3322 510 episcopus,
3375 438 3451 495 de

189 545 262 588 εος,
295 519 726 590 διαπυνθανόμενος
761 519 830 568 τὰ
853 520 970 589 περὶ
998 524 1097 567 τῶν
1122 513 1512 568 Μεσαλιανιτῶν
1546 530 1559 542 ·
1593 517 1682 565 καὶ

188 614 319 685 inmisi;
345 609 465 678 αὐτῷ
490 609 516 664 ἡ
548 611 663 679 περὶ
697 605 864 657 αύτῶν
899 601 1149 662 συνοδικη
1181 604 1350 676 ψῆφος
1369 608 1460 655 καὶ
1487 601 1686 674 ἀπόφα-

189 723 252 763 σις.
284 697 472 772 Ἔγραψε
501 694 557 750 δὲ
596 698 621 748 6
652 699 818 767 μέγας
857 693 1137 756 Φλαϐιανὸς
1183 698 1272 746 καὶ
1300 693 1553 766 Ἀρμενίῳ
1585 695 1684 743 τινὶ

186 793 369 859 ἐτη-κόπῳ
410 791 518 860 περὶ
566 793 659 847 τῆς
698 785 861 845 αὐτῆς
902 785 1188 844 ὑποθέσεως
1236 778 1474 856 δεύτερον
1507 796 1521 810 ⁹
1550 780 1598 833 ἑν
1626 777 1686 833 δὲ

180 888 218 950 τῇ
251 875 426 947 δευτέρᾳ
463 873 704 946 ἐπιστολῇ
756 872 850 946 [18
900 871 989 946 Η.]
1018 877 1106 924 καὶ
1137 873 1185 908 ⁵ο
1211 870 1457 942 ἕγκλησιν
1487 871 1685 945 προσοί-

173 988 239 1038 7a,
263 969 325 1019 ότι
351 969 660 1038 προστασίας
687 965 830 1024 τινός
870 961 994 1033 παρ’
1040 961 1198 1013 αὐτοῦ
1230 963 1279 1012 οἱ
1309 959 1686 1013 Μεσαλιανίται

169 1056 471 1127 τυγχάνουσιν.
521 1051 760 1127 Ἔγραψε
804 1054 978 1122 μέντοι
1015 1055 1104 1104 καὶ
1134 1052 1160 1102 6
1194 1051 1686 1104 Κωνσταντινουπό-

165 1145 248 1203 is»;
265 1144 468 1203 Ἀττικός
498 1149 602 1202 τοίς
636 1139 685 1192 ἐν
720 1139 1002 1212 Παμφυλίᾳ
1022 1139 1348 1203 ἐπισκόποις,
1384 1139 1467 1190 ἵνα
1494 1156 1687 1190 παντα-

162 1233 275 1302 χοθιν
297 1234 399 1291 τοὺς
436 1229 786 1292 Μεσαλιανοὺς
817 1233 882 1290 ὡς
927 1231 1029 1301 ἄγη
1061 1233 1152 1281 καὶ
1194 1231 1336 1301 μύση
1390 1225 1688 1280 ἀπελαύνω-

164 1341 219 1372 σιν
243 1341 253 1352 ·
280 1324 338 1371 ἔτι
374 1317 428 1372 δε
469 1320 494 1371 6
523 1318 683 1380 αύτός
728 1323 819 1370 καὶ
865 1321 998 1391 πρὸς
1029 1317 1371 1391 Ἀμφιλόχιον
1406 1320 1494 1369 τόν
1526 1313 1688 1377 Σίδης

160 1413 279 1481 ὁμοίω
286 1430 320 1470 ς.

205 1497 401 1571 Ἔγραψε
453 1493 512 1550 δὲ
574 1502 667 1549 καὶ
717 1501 971 1559 Σισίννιος
1017 1498 1042 1548 6
1098 1497 1690 1555 Κωνσταντινουπόλεως

153 1591 218 1638 καὶ
261 1583 490 1647 Θεόδοτος
537 1588 565 1638 6
619 1584 949 1658 Ἀντιοχείας
998 1591 1175 1644 κοινὴν
1230 1583 1506 1642 ἐπιστολὴν
1559 1587 1690 1656 πρὸς

154 1679 379 1748 Βερινιανόν
415 1680 503 1728 καὶ
551 1674 906 1747 Ἀμφιλόχιον
951 1680 1041 1726 καὶ
1073 1674 1282 1735 λοιπούς
1310 1677 1430 1734 τοὺς
1455 1672 1503 1725 ἐν
1535 1679 1690 1745 Παμ-

1795 515 2161 573 Messalianis
2183 519 2574 591 interrogans,
2604 523 2977 598 missumque
2995 527 3071 583 ad
3093 526 3260 582 illum
3275 543 3452 601 syno-

1793 605 1995 661 dicum
2050 607 2124 661 de
2156 607 2266 662 illis
2309 609 2612 666 decretum
2643 619 2822 685 atque
2851 615 3162 672 sententia.
3210 616 3453 688 Scripsit

1794 709 2036 767 quoque
2063 712 2320 766 magnus
2362 699 2676 756 Flavianus
2715 705 2996 760 Armenio
3031 705 3274 761 cuidam
3327 704 3453 776 epi—

1795 798 1995 853 scOpo,
2028 785 2176 857 13a
2207 786 2419 843 iterum
2451 788 2526 844 de
2575 790 2787 847 eadem
2816 791 2948 864 ipsa
2981 809 3043 848 re
3104 811 3117 848 :
3165 809 3289 865 qua
3326 794 3453 866 qui-

1796 871 1930 927 dem
1965 873 2149 930 altera
2181 875 2448 946 epistola,
2496 877 2674 934 etiam
2722 880 2988 951 queritur
3003 886 3060 938 et
3097 882 3450 954 expostulat.

1794 961 2108 1032 patrocinii
2149 967 2314 1036 apud
2343 966 2543 1036 ipsum
2573 968 2801 1039 aliquid
2828 971 3249 1028 Messalianitas
3290 972 3454 1028 inve-

1795 1051 1942 1107 nire.
1969 1053 2208 1125 Scripsit
2243 1058 2299 1109 et
2334 1056 2550 1110 Atticus
2594 1058 3292 1132 Constantinopolitanus
3334 1061 3451 1132 epi-

1797 1142 1993 1212 scopis
2019 1142 2077 1196 in
2098 1143 2450 1215 Pamphylia
2472 1145 2996 1212 exsistentibusrut
3023 1149 3288 1221 undique
3315 1151 3453 1205 Mes-

1797 1228 2079 1286 salianios
2107 1231 2284 1288 veluti
2317 1249 2517 1288 sacros
2546 1250 2617 1308 ap
2641 1234 3022 1292 detestandos
3047 1237 3451 1293 exturbarent.

1798 1319 1948 1384 Quin
1983 1325 2037 1374 et
2066 1321 2224 1376 idem
2253 1321 2330 1377 ad
2351 1322 2833 1395 Amphilochium
2857 1323 3013 1382 Siden
3035 1325 3452 1398 praesidentem

1798 1409 2065 1464 similiter
2094 1409 2350 1482 scripsit.

1873 1498 2164 1554 Sisinnius
2203 1499 2346 1556 item
2387 1502 3098 1574 Constantinopolitanus,
3150 1507 3206 1559 et
3259 1503 3454 1558 Theo-

1799 1587 2414 1656 dotusAntiochenus,
2443 1606 2829 1647 communem
2852 1591 3171 1662 epistolam
3197 1591 3274 1648 ad
3307 1591 3458 1646 Beri-

1803 1677 2076 1742 nianum,
2118 1683 2173 1732 et
2213 1679 2715 1751 Amphilochium,
2775 1686 3141 1752 canorosque
3168 1681 3230 1736 in
3279 1680 3458 1736 Pam-

153 1765 269 1836 ουλίᾳ
292 1763 617 1832 ὶπισκόπους,
644 1765 694 1828 ,ἦ
706 1784 728 1826 ς
769 1765 798 1822 ἡ
830 1762 1110 1839 ἐπιγραφὴ,
1143 1783 1170 1812 (ι
1202 1769 1322 1823 Τοῖς
1356 1762 1689 1834 θεοφιλεστά-

1805 1765 1986 1837 philia
2010 1768 2325 1840 episcopos
2357 1769 2664 1840 scripsere,
2695 1769 2866 1840 cujus
2895 1769 3163 1842 epistolas
3211 1770 3338 1826 haec
3371 1769 3455 1825 in-

151 1873 233 1916 τοις
269 1852 670 1929 συλλειτουργοῖς
727 1860 1000 1926 Βερινιανῷ
1055 1856 1144 1905 καὶ
1199 1851 1550 1924 Ἀμφιλοχίῳ,
1601 1854 1691 1901 καὶ

151 1947 250 1993 πᾶσι
298 1950 394 2004 τοῖς
453 1942 502 1994 ἐν
565 1942 853 2015 Παμφυλίᾳ
907 1942 1228 2004 ἐπισκόποις,
1306 1945 1553 1999 Σισίννιος
1602 1940 1694 1992 καὶ

155 2027 360 2094 Θεόδοτος
396 2038 482 2084 καὶ
519 2036 676 2085 πᾶσὰ
721 2033 751 2090 ἡ
801 2031 924 2102 ἁνία
973 2027 1189 2092 σύνοδος
1240 2033 1269 2088 ἡ
1313 2033 1447 2082 κατὰ
1479 2030 1617 2082 θείαν
1648 2029 1692 2064 ⁵¹

151 2123 275 2192 χάριν
317 2124 738 2195 συγκροτηθείσα
779 2119 826 2172 ἐν
880 2127 942 2192 τῇ
992 2120 1333 2191 μεγαλοπόλει
1374 2125 1696 2172 Κωνσταντι-

145 2209 326 2262 νουπόλει
372 2219 461 2270 τῆς
516 2215 856 2283 χειροτονίας
919 2211 1064 2262 ἕνεκα
1130 2215 1223 2262 τοῦ
1302 2207 1697 2279 θεοφιλεστάτου

145 2306 208 2349 και
247 2299 518 2370 ἁγιωτάτου
567 2300 618 2335 ³³
673 2298 966 2350 ἐπισκόπου
1036 2301 1314 2358 Σισιννίου,
1373 2298 1697 2367 θεσπίσματι

147 2395 209 2437 τοῦ
255 2386 608 2441 εὐσεϐεστάτου
681 2393 774 2441 καὶ
830 2387 1180 2460 φιλοχρίστου
1237 2388 1383 2458 ἡμῶν
1439 2384 1699 2457 βασιλέως

147 2472 399 2542 Θεοδοσίου,
427 2476 476 2529 ἐν
506 2481 688 2549 Κυρίῳ
717 2481 949 2550 χαίρειν.
984 2498 1005 2525 ι
1039 2476 1118 2530 Ἐν
1147 2478 1308 2549 ταύτῃ
1337 2484 1398 2548 τῇ
1441 2471 1693 2547 συνοδικῇ

147 2563 338 2636 ἐπιστολῇ
387 2572 474 2618 καὶ
518 2572 668 2620 Νέων
711 2565 990 2626 ίπίσκοπος
1032 2565 1362 2638 ίξεφώνησεν,
1401 2566 1472 2625 ὡς
1521 2568 1566 2617 εἷ
1617 2584 1693 2626 τις

146 2657 240 2718 μετὰ
275 2658 352 2708 τόν
399 2655 831 2728 ἁναθεματισμόν
880 2656 1138 2727 φωραθείη
1186 2663 1257 2725 τῷ
1305 2658 1482 2728 χρόνῳ
1525 2655 1555 2713 ἦ
1600 2651 1696 2706 διὰ

145 2744 337 2812 ﬁngitur:
365 2746 393 2804 ἣ
435 2742 529 2797 διὰ
570 2745 902 2819 πραγμάτων
947 2744 1019 2804 εἰς
1064 2748 1156 2802 την
1203 2743 1434 2814 ὑποψίαν
1483 2751 1580 2804 τῆς
1615 2747 1694 2795 νό-

147 2847 214 2881 σου
252 2835 428 2896 ταύτης
478 2837 774 2902 ἐμπίπτων,
835 2837 1024 2905 μηκέτι
1074 2832 1250 2886 λοιπὸν
1303 2832 1459 2885 αὐτόν
1509 2838 1693 2905 χώραν

144 2921 265 2987 ἔχειν.
298 2919 418 2992 μηδ’
460 2922 522 2975 ἂν
568 2925 827 2995 μυριάκις
871 2921 1246 2993 ἐπαγγέλληται
1279 2922 1349 2989 ⁸³,
1395 2925 1488 2980 τὴν
1545 2921 1690 2984 τάξιν

144 3004 410 3082 ἀναπληροῦν
480 3019 585 3064 τῶν
642 3013 1024 3082 μετανοούντων
1083 3027 1097 3040 ·
1167 3006 1583 3080 συγκινδυνεύειν
1640 3010 1689 3044 5‘

1807 1855 2048 1927 scriptio
2088 1861 2174 1911 est
2208 1873 2221 1911 ε
2248 1878 2276 1906 ‹‹
2306 1857 2425 1912 Deo
2465 1857 2826 1912 charissimis
2857 1874 3167 1914 sacrorum
3193 1858 3456 1929 collegis,

1810 1945 2140 2012 Beriniano,
2185 1949 2242 2000 et
2278 1945 2714 2018 Amphilochia,
2746 1947 3150 2020 omnibusque
3197 1947 3350 2003 adeo
3398 1947 3458 2001 in

1809 2034 2166 2107 Pamphylia
2203 2035 2521 2107 episcopis,
2555 2034 2872 2100 Sisinnius,
2900 2042 3079 2108 atque
3118 2036 3460 2092 Theodotus

1809 2129 1865 2180 et
1899 2123 2172 2180 universa
2205 2130 2415 2179 sancta
2461 2126 2753 2196 synodus,
2812 2140 2949 2197 quas
2997 2124 3096 2180 Dei
3151 2125 3360 2194 gratia,
3395 2124 3460 2180 in

1811 2228 2035 2282 magna
2077 2213 2223 2268 urbe
2249 2211 2904 2285 Constantinopolitana
2933 2219 3140 2269 coacta
3163 2218 3269 2280 est,
3319 2229 3458 2268 con-

1810 2301 2081 2358 secrandi
2109 2303 2303 2372 gratia
2333 2305 2450 2357 Deo
2471 2301 2876 2358 amantissimi
2901 2303 3161 2374 episcopi
3192 2302 3455 2368 Sisinuii,

1803 2393 1976 2463 jussu
2008 2397 2065 2447 et
2110 2392 2457 2448 auctoritate
2483 2391 2858 2460 pientissimi,
2905 2398 2961 2448 et
3013 2391 3243 2447 Christo
3291 2391 3454 2448 chari

1809 2481 2188 2552 Imperatoris
2209 2481 2392 2536 nostri
2414 2479 2747 2544 Theodosii,
2772 2479 3024 2535 salutem
3046 2481 3103 2534 in
3127 2481 3397 2535 Domino.
3429 2500 3455 2532 ι

1808 2570 1873 2626 In
1903 2587 1976 2626 ea
1999 2571 2131 2642 ipsa
2183 2569 2470 2641 synodica
2521 2568 2764 2640 epistola
2811 2571 2972 2624 Neon
3013 2570 3333 2639 episcopus
3355 2584 3455 2624 ex-

1807 2659 2108 2723 clamavit,
2141 2665 2223 2722 ut,
2259 2658 2310 2712 si
2358 2657 2494 2729 quis
2528 2663 2664 2729 post
2706 2657 3278 2713 anathematismum
3334 2656 3454 2713 ullo

1808 2752 2073 2819 tempore
2102 2747 2514 2818 deprehensus
2563 2745 2754 2813 fuerit,
2797 2761 2859 2800 re
2899 2752 3001 2801 aut
3040 2745 3241 2810 verbo,
3269 2745 3329 2799 in
3352 2761 3462 2799 su-

1807 2837 2134 2908 spicionem
2165 2834 2338 2891 malae
2390 2835 2572 2906 hujus
2598 2840 2770 2890 sectae
2799 2834 3096 2900 incidisse,
3143 2848 3459 2905 nunquam

1803 2932 2009 2997 postea
2027 2925 2227 2982 locum
2261 2929 2476 2988 teneat,
2522 2939 2598 2979 ne
2651 2926 2699 2978 si
2732 2923 2945 2978 millies
2992 2923 3239 2995 quidem
3267 2923 3460 2994 paeni—

1801 3015 2061 3071 tentibus
2091 3015 2443 3070 constitutas
2460 3029 2670 3085 pmnas
2696 3012 2981 3068 luiturum
3000 3028 3061 3067 se
3085 3011 3459 3084 polliceatur.

144 3092 319 3168 δὲιύτῷ
343 3106 426 3153 καὶ
471 3105 564 3152 τόν
610 3107 1004 3172 συγκροτοῦντα
1044 3098 1215 3161 αύτόν,
1253 3102 1353 3152 εἶτε
1383 3097 1682 3166 ἐπίσκοπος,

1805 3104 1928 3160 Pari
1954 3120 2094 3160 cum
2115 3104 2230 3159 hoc
2252 3102 2512 3174 periculo
2534 3111 2590 3158 et
2629 3118 2762 3158 eum
2805 3101 3065 3174 subjicit,
3089 3101 3188 3174 qui
3215 3114 3462 3156 consen-

143 3187 214 3236 ιῐτι
236 3186 364 3250 ἄλλος
402 3209 477 3248 τις
520 3194 625 3246 εἰη.
669 3189 898 3260 Ἐγροίφη
942 3185 1000 3241 δε
1042 3194 1132 3241 καὶ
1167 3187 1414 3246 ἐπιστολὴ
1449 3189 1689 3241 Ἰωάννου

142 3275 411 3347 Ἀντιοχείας
441 3280 488 3314 ⁵⁵
514 3282 654 3351 πρός
695 3283 974 3349 Νεστόριον
1006 3282 1120 3352 περὶ
1144 3286 1244 3331 τῶν
1280 3277 1690 3334 Μεσαλιανιτῶν.

143 3361 353 3434 ἐξήνεγκε
379 3364 436 3420 δἐι
459 3374 552 3420 καὶ
586 3369 710 3442 ὃρον
741 3369 770 3425 ἡ
806 3367 934 3439 ἁγία
961 3373 1051 3421 καὶ
1094 3368 1423 3439 οἰκουμενικη
1454 3363 1690 3434 σύνοδος,

141 3452 161 3507 ἡ
187 3451 224 3502 ἐν
251 3453 428 3527 Ἐφέσῳ
457 3462 643 3530 τρίτη,
693 3455 1123 3528 ἀπο-γυμνώσασα
1165 3457 1333 3509 αὐτῶν
1360 3458 1408 3492 ⁸⁸
1433 3459 1524 3508 καὶ
1555 3459 1622 3508 τὰ
1646 3453 1694 3507 ἒν

140 3548 192 3606 τῇ
225 3541 449 3616 λεγομένῳ
492 3545 671 3598 αὐτῶν
711 3543 902 3617 βιϐλίῳ
950 3543 1225 3616 ἀσκητικῷ
1272 3543 1564 3617 βλάσφημα
1605 3549 1696 3597 καὶ

142 3630 330 3700 αἱρεταά
369 3633 647 3705 κεφάλαια,
702 3638 790 3685 καὶ
859 3632 1300 3687 καθυποϐαλοῦσα
1372 3642 1446 3704 τῷ
1518 3632 1697 3685 ἀναθέ-

142 3736 254 3783 ματι.
295 3719 517 3793 Ἔγραψε
573 3719 638 3774 δε
686 3727 778 3774 καὶ
837 3721 1119 3796 Ἀρχέλαος
1172 3726 1198 3775 6
1249 3728 1563 3796 Καισαρείας
1605 3731 1696 3782 τῆς

146 3805 458 3861 Καππαδοκῶν
504 3810 802 3872 ἐπίσκοπος
847 3809 1297 3884 ἀναθεματισμούς
1339 3813 1696 3866 εἰκοσιτέσσα-

142 3911 212 3961 ρας
234 3905 319 3948 τῶν
347 3899 635 3971 κεφαλαίων
655 3901 843 3954 αὐτῶν.
875 3900 958 3974 [41
997 3903 1084 3974 3.]
1107 3903 1348 3966 Συνίταξε
1378 3899 1438 3955 δὲ
1465 3903 1580 3954 κατ’
1606 3902 1698 3953 αύ-

143 3989 216 4032 τὼν
252 3991 330 4038 καί
371 3985 722 4061 Ἡρακλείδας
771 3991 796 4040 6
841 3992 1059 4052 Νύσσης
1097 3989 1375 4052 ἰπίσκοπος
1423 3991 1697 4056 ἐπιστολὰς

142 4067 232 4134 δύο,
258 4075 319 4124 ὧν
346 4075 390 4126 ἑν
418 4085 479 4148 τῇ
514 4075 743 4149 δευτέρᾳ
770 4084 860 4131 καὶ
890 4088 1091 4151 χρῆσις
1121 4083 1326 4154 φέρεται
1352 4090 1444 4144 τῆς
1475 4079 1695 4154 ἀρχαιό-

146 4176 264 4222 τητος
288 4171 377 4214 τῶν
402 4175 608 4219 amrin
642 4166 870 4220 εἰκόνων.

1801 3194 1909 3249 tiat
1937 3193 2397 3265 applaudatque,
2427 3193 2550 3247 sive
2595 3192 2936 3263 episcopus,
2970 3190 3093 3246 sive
3121 3191 3256 3263 quis
3307 3189 3460 3245 alius

1801 3282 1896 3338 ille
1933 3281 2127 3340 fuerit.
2161 3282 2334 3339 Missa
2365 3296 2610 3353 quoque
2649 3279 2900 3352 epistola
2928 3279 3174 3334 Joannis
3202 3279 3320 3350 (85)
3350 3284 3462 3334 An-

1807 3371 2061 3428 tiocheni
2092 3371 2169 3426 ad
2192 3371 2542 3436 Nestorium,
2568 3369 2643 3425 de
2665 3369 3094 3426 Messalianitis.
3133 3368 3286 3424 Fecit
3315 3367 3459 3423 item

1805 3461 2108 3517 decretum
2139 3461 2232 3532 (de
2255 3460 2363 3516 hoc
2399 3459 2530 3531 ipso
2562 3457 2849 3531 Adelphio
2879 3457 3178 3529 haeretica)
3211 3472 3384 3512 sacra
3408 3461 3464 3511 et

1807 3549 2179 3606 mcumenica
2235 3547 2507 3620 synodus
2580 3547 2867 3619 Ephesina
2938 3547 3128 3612 tertia,
3201 3561 3337 3618 quae
3404 3548 3462 3600 et

1806 3639 1972 3694 illum
2071 3654 2210 3694 cum
2294 3637 2683 3708 blasphemiis
2765 3635 3187 3708 capitibusque
3276 3635 3463 3689 haare-

1807 3743 1963 3791 seos,
2025 3732 2320 3800 quotquot
2384 3727 2442 3782 in
2511 3724 2745 3780 illorum
2811 3724 2965 3780 libro
3049 3723 3306 3780 Ascetico
3369 3737 3461 3777 es-

1807 3823 1952 3883 sent,
2013 3817 2248 3883 detexit,
2302 3820 2358 3871 et
2429 3814 2798 3870 anathemati
2879 3813 3149 3885 subjecit.
3221 3810 3464 3883 Scripsit

1806 3912 1862 3962 et
1944 3905 2267 3961 Archelaus
2346 3907 2627 3959 Cmsareaa
2679 3902 3073 3975 Cappadocia:
3143 3901 3462 3971 episcopus

1807 3999 2065 4068 quatuor
2077 3999 2132 4050 et
2147 3992 2349 4062 viginti
2364 3991 2880 4046 anathematismos
2900 3988 3460 4060 capitumipsorum.

1807 4083 2157 4155 Composuit
2184 4081 2474 4137 adversus
2509 4080 2641 4134 illos
2684 4085 2740 4135 et
2771 4077 3113 4134 Heraclidas
3160 4078 3462 4147 Nyssenus

1806 4173 2120 4245 episcopus
2159 4171 2308 4225 duas
2338 4169 2617 4241 epistolas
2646 4185 2658 4222 :
2692 4183 2949 4240 quarum
2977 4167 3037 4221 in
3070 4165 3254 4220 altera
3283 4162 3463 4218 etiam

1807 4260 2213 4318 testimonium
2240 4258 2551 4332 quoddam
2580 4256 2822 4314 affertur
2851 4271 2961 4329 pro
2989 4255 3338 4328 antiquitate
3369 4267 3465 4308 sa-

1806 4367 2042 4408 crarum
2065 4349 2424 4421 imaginum.

190 4424 392 4501 Ἔγραψε
437 4430 496 4485 δὶ
543 4438 731 4506 χρόνῳ
775 4435 987 4508 ὕστερον
1034 4441 1124 4488 καὶ
1165 4441 1446 4511 Γερόντιος,
1475 4438 1693 4511 πρεσϐύ-

1877 4438 2222 4512 Insequenti
2251 4453 2392 4492 vero
2414 4441 2681 4507 tempore
2712 4435 3020 4492 Gerontius
3048 4447 3291 4506 quoque
3332 4445 3464 4503 pre-

143 4529 251 4582 ἰρος
285 4525 367 4571 καὶ
412 4523 703 4594 ἡγούμενος
749 4533 848 4575 τῶν
898 4523 946 4576 ἐν
997 4521 1200 4577 Γλίτιδι
1251 4534 1517 4597 μοναχῶν,
1567 4531 1696 4599 πρὸς

145 4601 339 4660 Ἃὶὺπισν
383 4609 810 4683 ἀρχιεπίσκοπον
853 4620 949 4673 τῆς
997 4613 1045 4665 ἐν
1095 4611 1450 4687 Καππαδοκίᾳ
1500 4623 1697 4682 Καισαρ

147 4698 266 4758 θείας,
330 4698 636 4773 ἐγκλήματα
708 4703 842 4754 κατὰ
914 4707 1216 4773 Λαμπετίου
1282 4712 1458 4769 κινῶν,
1513 4705 1564 4766 ὃς
1610 4711 1696 4758 καὶ

147 4789 302 4847 πρῶτος
357 4797 450 4850 τῆς
527 4791 810 4863 εἰρημένης
866 4792 1110 4864 αἱρέσεως
1170 4794 1394 4863 ἴσχυσεν
1450 4794 1696 4866 ἐκκλέψαι

149 4883 189 4916 τ’
222 4881 299 4934 τῆς
341 4879 626 4950 ἱερωσύνης
671 4884 764 4930 καί
794 4879 1025 4933 ὑπελθεῖν
1078 4879 1302 4953 ἀξίωμα,
1353 4880 1574 4954 βέϐηλος
1629 4886 1696 4937 ὢν

151 4961 211 5007 lli
255 4961 488 5023 ἀπατεὼν.
536 4967 795 5029 Ἀλύπιος
849 4965 908 5022 δ⁴ε
964 4970 1008 5005 ⁵⁷
1062 4974 1126 5023 τὰ
1168 4974 1429 5046 γραφέντα
1480 4969 1694 5046 δεξάμε-

1806 4527 2009 4599 sbyter
2039 4532 2091 4582 et
2111 4525 2424 4597 praefectus
2446 4524 2884 4580 monachorum
2903 4523 2961 4577 in
2977 4520 3204 4589 Glitide,
3227 4518 3466 4590 scripsit

1806 4615 1883 4672 ad
1908 4615 2189 4688 Alypium
2221 4613 2732 4685 archiepiscopum
2757 4614 3038 4668 Ctesareta
3067 4607 3461 4679 Cappadocia

1805 4705 2077 4778 querelas
2107 4703 2303 4759 varias
2337 4702 2625 4758 adversus
2663 4698 3055 4771 Lampetium,
3101 4695 3206 4768 qui
3230 4697 3460 4765 primus

1806 4811 1873 4850 ex
1898 4795 2059 4850 dicta
2085 4792 2292 4848 hmresi
2321 4791 2627 4862 subripere
2684 4789 2881 4844 furtim
2943 4786 3093 4858 13b
3153 4784 3464 4841 sacerdotii

1806 4883 2261 4953 dignitatem,ac
2287 4879 2487 4935 subire
2514 4876 2723 4950 potuit,
2748 4874 3036 4948 profanus
3062 4874 3191 4945 ipse
3212 4889 3348 4928 cum
3372 4889 3461 4928 es-

1807 4978 1915 5040 set,
1944 4977 2123 5046 atque
2147 4972 2460 5043 impostor.
2497 4968 2690 5033 Quare
2717 4963 2986 5036 Alypius,
3021 4961 3280 5034 acceptis
3312 4960 3456 5017 litte-

1457 5119 1682 5175 VARl/E
1720 5117 2115 5177 LECTIONES.

197 5231 452 5315 "fl-119m.
614 5239 684 5315 _5‘_
721 5237 1030 5315 0:iarv]__6w_5
1058 5242 1121 5296 A.
1200 5242 1247 5276 ⁵³
1273 5245 1362 5294 καὶ
1392 5241 1689 5315 ἁγιωτάτου
1729 5244 1869 5302 add.
1898 5248 1963 5300 Α.
2043 5243 2087 5278 ⁵³
2120 5239 2478 5312 ὶπαγγίληται
2505 5241 2572 5294 Α.
2651 5234 2700 5272 ⁸⁸
2734 5229 3138 5307 σμγκενδυνεύει
3168 5252 3225 5299 ς.
3304 5229 3352 5268 ⁸⁵
3378 5228 3466 5286 ἂν·

151 5308 400 5374 tulth
479 5311 528 5345 ³⁸
562 5311 721 5363 αὐτὸν
755 5332 809 5376 ς’,
861 5308 932 5345 -⁸⁷
965 5308 1024 5364 δί
1053 5314 1100 5368 Α
1131 5327 1145 5368 3
1176 5317 1264 5366 καὶ
1296 5335 1350 5379 ς’·

1673 5440 1896 5497 ΝΟΤᾸΞ.

199 5549 288 5621 (84)
315 5555 536 5613 Latoius
563 5557 840 5615 Ecclesia
883 5559 1254 5617 Melitinensis
1292 5537 1478 5621 episc.
1509 5561 1692 5618 Theo-

148 5616 307 5705 άοῖέέο
331 5627 428 5705 [lb-
458 5646 518 5705 ιν
549 5632 690 5705 Hist.
719 5646 857 5705 cap.
889 5634 971 5705 ιο,
1007 5616 1546 5705 LaiOius._Niceph.

203 5692 294 5765 (35)
331 5700 678 5760 Patria-chen
715 5692 970 5775 accipio,
1000 5704 1116 5777 qui
1147 5706 1204 5762 S.
1236 5692 1538 5762 Theodoto
1568 5718 1700 5763 suc-

1801 5563 1997 5630 cessit,
2037 5567 2211 5634 atque
2243 5561 2320 5616 ad
2360 5557 2702 5634 Nestorium
2737 5556 3050 5631 scripsisse
3105 5556 3342 5628 legitur.
3375 5555 3468 5612 Ni-

1807 5635 1979 5706 ceph.
2013 5631 2265 5704 libinv,
2316 5647 2452 5704 cap.
2485 5631 2574 5688 33.
