4046 6228
598 307 663 362 91

1824 305 2063 362 ΡΗΟΤΙΙ
2102 301 2586 358 ΡΑΤΒΙΑΒΟΗᾹΞ
2625 303 2731 359 CP.

3898 305 3975 359 92

594 431 695 497 ris,
739 431 816 486 ad
860 432 1200 489 Hormizam
1250 437 1543 490 Comanes
1589 433 1956 505 episcopum,
1990 445 2126 501 qum
2176 428 2250 481 de

2377 446 2461 493 ρος,
2509 432 2635 501 πρὸς
2682 432 2769 479 τόν
2817 427 3098 479 ἐπίσκοπον
3143 431 3379 500 Κομάνης
3432 429 3687 501 Ὁρμίξην
3732 429 3980 482 ἐπιστέλ-

602 520 904 591 l.ampetio
937 528 1378 592 spargerentur,
1407 521 1760 577 excutienda
1786 518 1964 575 misit.
1999 520 2251 573 Accusa-

598 608 769 664 tionis
799 616 965 664 erant
988 610 1186 681 capita
1215 611 1339 666 haec
1375 628 1386 665 :
1414 610 1667 665 Puellam
1713 609 1862 664 ulnis
1905 606 2249 679 amplexum

599 704 776 770 atque
801 698 1213 755 exosculatum
1254 699 1462 755 fuisse.
1498 701 1696 770 Ipsum
1721 697 2090 768 Lampetium
2124 710 2254 749 nar-

597 801 782 853 rasse,
820 786 1238 856 Hierosolymis
1273 804 1334 843 se
1359 803 1496 842 cum
1528 786 1875 842 diaconissa
1917 798 2201 853 peccasse
2235 799 2249 847 ;

601 874 1019 930 accedentibus
1046 875 1185 930 dein
1215 876 1517 931 nonnullis
1542 875 1640 947 qui
1665 875 1874 930 morbo
1899 872 2253 929 medicinam

601 970 949 1035 quaarerent,
979 964 1270 1029 adducite,
1303 966 1542 1030 dixisse,
1578 964 1890 1035 pulchram
1914 962 2058 1017 mihi
2088 960 2255 1031 puel-

600 1053 738 1115 lam,
773 1052 1214 1125 ostendamque
1254 1054 1359 1109 tibi
1404 1053 1867 1109 sanctimoniam
1899 1068 1909 1104 :
1956 1066 2058 1105 eos
2090 1051 2252 1117 item,

602 1141 702 1211 qui
734 1141 896 1196 statis
943 1142 1105 1197 horis
1130 1142 1470 1215 psallerent,
1492 1143 1646 1198 tmde
1673 1142 1946 1209 irrisisse,
1972 1146 2026 1195 et
2057 1138 2255 1194 convi-

602 1229 698 1284 tiis
752 1231 1129 1295 insectatum,
1171 1238 1461 1301 tanquam
1505 1232 1614 1299 legi
1647 1231 1845 1286 adhuc
1891 1229 2253 1293 servientes;

601 1319 844 1390 aliaque
872 1319 1055 1375 multa
1079 1321 1129 1374 id
1148 1335 1328 1387 genus
1365 1319 1589 1375 nefaria
1612 1319 1670 1374 in
1691 1319 1789 1374 illo
1802 1322 2102 1381 accusata,
2122 1333 2256 1389 quas

605 1426 640 1465 a
671 1409 1040 1464 Messalianis
1070 1416 1125 1465 et
1148 1411 1313 1474 ﬁunt,
1344 1409 1707 1464 etdicuntur.
1734 1406 2255 1473 Quemadmodum

606 1504 660 1554 et
706 1514 834 1561 nos,
878 1499 1089 1571 inquit.
1115 1498 1261 1553 dum
1302 1514 1410 1570 pro
1441 1497 1591 1552 virili
1625 1512 1917 1552 conamur
1962 1496 2257 1566 quosdam

606 1586 903 1642 abducere
932 1587 1009 1642 ab
1039 1586 1152 1642 hoc
1186 1586 1521 1657 errore,qui
1544 1602 1736 1656 nuper
1769 1586 1937 1639 istinc
1970 1583 2258 1653 pullulare

607 1676 805 1747 ccepit,
830 1676 1128 1745 ingentem
1146 1691 1287 1730 sane
1311 1676 1688 1747 putredinem
1720 1672 2257 1744 perturbationum,

607 1771 779 1835 atque
794 1766 869 1817 im
879 1765 1205 1834 probitatis,
1222 1764 1763 1835 eorumdepascere
1781 1762 2018 1817 animos
2044 1761 2259 1832 depre-

607 1853 950 1909 hendimus.
968 1854 1183 1908 Verum
1200 1853 1293 1908 hic
1317 1853 1669 1924 Lampetius,
1698 1852 1967 1906 Hormiza
1982 1850 2261 1921 episcopo

600 1942 822 2012 judice,
857 1946 914 1996 et
939 1943 1213 1998 Gerontio
1236 1943 1582 2014 presbytero
1609 1947 1826 2005 actore,
1859 1940 2072 2011 partim
2106 1940 2262 1993 testi-

607 2032 720 2086 bus
750 2032 1077 2095 convictus,
1113 2032 1329 2102 partim
1376 2046 1485 2086 sua
1513 2032 1643 2100 ipse
1673 2028 2054 2084 confessione
2100 2043 2258 2092 reus,

606 2121 876 2175 omnium
907 2119 1145 2174 calclrilis
1169 2120 1486 2175 sacerdotii
1520 2118 1805 2187 dignitate
1832 2116 2221 2171 submovetur
2246 2132 2257 2170 :

607 2208 960 2263 assentiente
992 2209 1169 2264 etiam
1202 2208 1411 2280 Alypio
1445 2207 1808 2266 Caesariensi.
1838 2206 1943 2276 qui
1978 2204 2259 2260 miserum

610 2297 775 2352 illum
810 2298 1279 2367 (deceptusipse)
1314 2296 1730 2368 presbyterum
1747 2296 2073 2350 ordinarat.
2100 2294 2261 2348 Idem

609 2402 747 2441 vero
780 2386 1273 2441 sceleratissimus
1308 2386 1645 2455 Lampetius
1682 2384 1901 2439 librum
1933 2383 2261 2453 quemdam

607 2475 965 2546 composuit,
990 2491 1171 2545 quem
1202 2476 1618 2531 Testamentum
1643 2472 1997 2536 nominavit,
2032 2471 2127 2526 cui
2156 2471 2262 2527 im-

608 2565 843 2634 pietatis
858 2579 980 2619 suee
994 2564 1277 2630 dogmata
1291 2563 1570 2635 quasdam
1587 2564 1885 2633 inspersit,
1902 2577 2037 2615 eum
2052 2560 2263 2616 librum

607 2656 885 2721 Severus,
902 2653 1004 2724 qui
1024 2652 1450 2708 Antiochenam
1471 2652 1686 2707 invasit
1707 2651 1929 2713 sedem,
1956 2650 2265 2722 presbyter

606 2743 789 2799 etiam
836 2743 1121 2797 exsistens
1150 2741 1440 2797 refutavit.
1472 2741 1733 2813 Alpheus
1768 2746 1967 2795 tamen
1993 2739 2260 2810 quidam,

608 2832 1155 2888 Rhinocorurorum
1186 2834 1527 2903 episcopus,
1559 2830 1939 2900 Lampetium
1974 2828 2265 2897 Apologia

605 2921 884 2984 defendit,
938 2920 1112 2991 quasi
1147 2920 1294 2975 nihil
1327 2937 1557 2985 eorum,
1598 2923 1672 2974 de
1705 2918 1925 2991 quibus
1955 2932 2268 2973 accusare-

603 3014 716 3074 tur,
749 3013 854 3063 aut
883 3009 1149 3071 dixisset,
1180 3015 1281 3063 aut
1310 3007 1567 3063 fecisset.
1616 3007 1737 3061 Etsi
1776 3011 1974 3060 autem
2008 3006 2070 3059 in
2110 3004 2267 3058 edito

605 3097 873 3166 quodam
896 3112 931 3150 a
964 3112 1025 3150 se
1056 3082 1208 3150 libro
1236 3097 1499 3165 Alpheus
1519 3096 1629 3151 iste
1659 3094 1825 3159 nihil,
1849 3098 2142 3165 quantum
2175 3108 2268 3147 co-

605 3199 889 3254 gnoscere
921 3183 1073 3247 licet,
1111 3183 1531 3246 calumniatur,
1565 3183 1848 3238 abdicare
1880 3181 2268 3257 nihjlominus

606 3278 894 3344 tanquam
918 3272 1176 3328 sentiens
1203 3288 1342 3327 cum
1368 3272 1695 3343 Lampetio,
1723 3276 1960 3327 coactus
1979 3274 2088 3326 est.
2116 3271 2269 3325 Alter

604 3360 885 3431 Alpheus,
961 3361 1309 3432 praeceptori
1381 3360 1780 3428 cognominis,
1857 3376 1893 3414 a
1962 3359 2267 3414 Timotheo

607 3449 1009 3505 Alexandrino
1030 3450 1338 3521 presbyter
1355 3449 1777 3513 ordinatus,ob
1790 3448 2068 3503 eamdem
2091 3448 2268 3502 haere-

607 3539 723 3593 sim
762 3538 1170 3602 submovetur,
1230 3544 1292 3594 ut
1346 3537 1671 3601 Ptolomaai,
1720 3538 2266 3592 Rhinocorurorum

606 3644 849 3700 quoque
875 3628 1158 3699 episcopi,
1180 3627 1259 3683 ad
1280 3630 1562 3683 eumdem
1580 3627 1775 3699 ipsum
1790 3626 2166 3683 Timotheum
2179 3641 2271 3680 re-

606 3717 749 3775 latio
775 3722 1039 3772 testatur.

1375 3803 1511 3860 LIII.

606 3894 874 3965 Synodus
904 3894 1387 3963 Carthaginem“
1408 3899 1460 3949 et
1492 3893 1734 3958 Scripta
1760 3892 2026 3963 quaedam
2071 3899 2273 3949 contra

964 3967 1295 4035 Pelagium,
1346 3971 1521 4037 atque
1551 3964 1879 4021 Cetestium.

679 4056 894 4112 Lectus
911 4055 1189 4119 libet-,seu
1212 4055 1467 4126 Synodus
1480 4055 1761 4110 adversus
1778 4054 2085 4123 Pelagium
2106 4059 2159 4109 et
2183 4052 2275 4108 Ce-

614 4146 819 4201 lestum
856 4145 995 4212 (86),
1030 4144 1385 4213 Carthagine
1413 4143 1472 4198 in
1504 4159 1745 4197 summa
1770 4143 1897 4196 aede
1923 4141 2138 4201 habita.
2167 4142 2273 4197 Ho-

610 4233 777 4288 norio
791 4232 978 4286 Felice
991 4233 1322 4287 Occidentis
1336 4232 1563 4302 imperii
1584 4232 1822 4286 clavum
1844 4236 2098 4285 tenente.
2126 4234 2167 4301 ι
2181 4230 2275 4303 4α

610 4320 891 4376 Preesedit
942 4320 999 4373 in
1056 4336 1125 4373 ea
1164 4320 1429 4373 Aurelius
1485 4319 1830 4390 episcopus,
1881 4326 1934 4374 et
1990 4320 2273 4374 Dotianus

610 4407 884 4462 Pteutesii
915 4406 1123 4477 primas
1142 4407 1296 4461 sedis
1326 4409 1637 4475 Byzacenae
1656 4406 1979 4476 provincias
2008 4425 2019 4462 :
2050 4408 2274 4480 quibus

613 4496 931 4552 adfuerunt
962 4496 1136 4550 variis
1164 4510 1193 4549 e
1214 4493 1538 4564 provinciis
1564 4496 1897 4549 sacerdotio
1924 4502 2272 4566 praestantes

612 4585 741 4649 viri,
783 4599 1035 4639 numero
1065 4584 1303 4638 ducenti
1332 4589 1588 4654 quatuor
1610 4588 1665 4638 et
1687 4582 1914 4653 viginti.

688 4674 941 4730 Damnat
969 4674 1095 4729 haec
1127 4672 1395 4745 synodus
1421 4673 1803 4728 anathemate
1836 4688 1957 4738 eos,
1985 4673 2089 4745 qui
2117 4690 2273 4729 asse-

612 4771 808 4819 rerent
832 4765 944 4833 (87)
965 4763 1269 4818 Adamum
1290 4760 1605 4817 mortalem
1637 4778 1769 4817 esse
1799 4762 2131 4827 conditum,
2152 4779 2271 4819 non

616 4858 814 4909 autem
830 4851 1334 4922 praevaricationis
1362 4867 1563 4914 causa,
1601 4858 1789 4907 morte
1822 4851 2160 4908 multatum.
2193 4853 2273 4909 Si-

611 4940 832 5008 militer
862 4946 915 4996 et
945 4955 1046 4996 eos
1101 4942 1203 5013 qui
1232 4955 1436 4996 recens
1478 4944 1650 4996 natos
1681 4939 1937 4997 infantes
1970 4942 2272 5013 baptismo

2362 516 2435 568 λει
2481 520 2545 569 τὰ
2586 523 2703 591 περὶ
2756 522 3055 588 Ααμπετίου
3104 518 3344 579 ἐξετάσαι
3374 519 3636 590 λεγόμενα.
3674 525 3774 571 Καὶ
3810 517 3872 576 ἦν
3904 522 3983 569 τὰ

2364 607 2729 677 ἐγκαλούμενοι,
2787 608 2866 658 ὅτι
2918 611 3077 677 κόρην
3125 611 3261 659 κατά
3316 612 3485 679 στόμα
3540 607 3695 679 φιλῶν
3736 609 3981 678 ἑνηγκα-

2361 695 2552 759 λίζετο,
2607 701 2695 747 καὶ
2743 697 2820 747 ὅτι
2876 695 3030 757 αὐτὸς
3076 695 3265 758 ἐκεῖνος
3312 699 3403 769 ἔφη
3460 702 3757 768 Λαμπέτιος
3796 696 3846 748 ἐν
3876 698 3985 749 Ἰε-

2363 784 2671 856 ροσολύμοις
2724 787 2854 856 μετά
2907 803 3037 844 τινος
3093 781 3445 847 διακονίσσης
3492 785 3819 859 ἐξαμαρτεῖν,
3882 792 3983 837 καὶ

2364 874 2444 924 ὅτι
2492 874 2876 946 προσελθόντων
2920 875 2968 909 ⁵³
3016 883 3165 925 τινῶν
3204 879 3291 926 καὶ
3319 881 3619 946 νοσήματος
3646 879 3790 927 ἴασιν
3826 874 3985 937 ἐξαι-

2364 966 2619 1033 τουμένων
2646 966 2761 1034 ἔφη,
2818 982 2845 1014 ‹‹
2877 967 2992 1035 φέρε
3021 968 3141 1034 μίαν
3174 969 3331 1035 κόρην
3374 969 3498 1035 πρὸς
3536 964 3622 1036 ἐμὲ
3650 963 3833 1029 καλὴν,
3881 970 3985 1015 καὶ

2367 1048 2521 1113 δείξω
2568 1069 2652 1103 σοι
2696 1051 3015 1123 ἁγιωσύνην,
3048 1073 3076 1104 »
3110 1058 3198 1105 καὶ
3247 1055 3328 1106 ὅτι
3368 1058 3484 1116 τούς
3538 1056 3629 1115 τὰς
3658 1056 3795 1128 ὧρας
3827 1054 3983 1124 ulmi)-

2365 1141 2541 1201 λοντας
2587 1140 2958 1213 ἐξεμυκτήριζε
3009 1146 3099 1192 καὶ
3153 1138 3390 1214 διέσυρεν
3440 1145 3504 1203 ὡς
3552 1144 3652 1194 ὑπὸ
3693 1149 3855 1211 νόμον
3897 1147 3985 1195 ἔτι

2366 1232 2746 1301 τυγχάνοντας.
2803 1236 2901 1283 Καὶ
2948 1231 3077 1282 ἄλλα
3125 1232 3257 1283 ἄττα
3307 1231 3529 1302 ἀθέμιτα
3576 1228 3906 1292 διεϐέϐλητο,
3948 1234 3985 1283 οἱ

2368 1328 2473 1380 τοῖς
2521 1319 2868 1381 Μεσαλιανοῖς
2923 1325 3013 1372 καὶ
3061 1328 3282 1373 ποιεῖται
3350 1326 3439 1373 καὶ
3507 1320 3729 1391 λέγεται,
3800 1324 3984 1381 καθὼς

2368 1414 2457 1461 καὶ
2496 1410 2659 1479 ἡμεῖς,
2694 1410 2761 1470 ὡς
2806 1410 2910 1461 οἷόν
2954 1428 3009 1460 τε
3056 1411 3200 1478 ἡμῖν,
3234 1412 3375 1470 τινὰς
3423 1418 3518 1470 τῆς
3552 1413 3799 1472 τοιαύτης
3843 1409 3985 1462 πλοί-

2368 1518 2460 1558 νης
2525 1496 2827 1567 ἀπάγοντες,
2915 1497 3010 1570 [l9
3086 1497 3175 1571 [1.]
3227 1501 3348 1571 ἄρτι
3420 1497 3730 1571 βλαστάνειν
3781 1502 3984 1551 ἐκεῖθεν

2371 1586 2662 1659 ἀρξαμένης
2715 1588 2782 1649 5°,
2843 1586 3034 1643 πολλὴν
3085 1585 3353 1644 σηπεδόνα
3401 1589 3578 1639 παθῶν
3629 1592 3719 1639 καὶ
3782 1594 3985 1648 κακίας

2372 1676 2459 1733 τὰς
2509 1677 2708 1725 ἐκείνων
2755 1674 2941 1745 ψυχὰς
2994 1674 3400 1746 έπιϐοσκομένην
3454 1675 3771 1749 ἑωράκαμεν.
3837 1677 3981 1731 Ἀλλ’

2294 1778 2339 1835 Β
2373 1765 2398 1813 ὃ
2451 1782 2510 1832 γε
2566 1768 2859 1833 Λαμπέτιος
2908 1764 3162 1838 Ὀρμίζου
3216 1770 3306 1832 μὲν
3354 1773 3446 1817 τοῦ
3491 1765 3778 1818 ἐπισκόπου
3823 1762 3982 1817 δικά-

2375 1852 2568 1915 ζοντος,
2614 1858 2878 1923 Γεροντίου
2913 1850 2973 1905 δε
3002 1861 3093 1905 τοῦ
3138 1853 3486 1927 πρεσϐυτέρου
3533 1862 3979 1928 κατηγοροῦντος,

2373 1942 2550 1991 καὶτὰ
2599 1944 2687 2010 μεν
2739 1938 2833 1992 διὰ
2878 1945 3153 2015 μαρτύρων
3203 1941 3540 2013 ἐξελεγχθεὶς,
3573 1944 3639 1993 τὰ
3687 1939 3747 1994 δε
3799 1950 3874 2011 τῷ
3905 1943 3985 1993 οἰ-

2373 2033 2493 2098 κείῳ
2534 2033 2758 2099 στόματι
2804 2036 3122 2101 περιπαρεὶς,
3173 2032 3407 2091 ἁπάσαις
3449 2030 3645 2102 ψήφοις
3691 2039 3785 2092 τῆς
3836 2034 3985 2103 ἱερω-

2378 2121 2538 2178 σύνης
2610 2120 2927 2190 καθῄρηται,
2998 2118 3285 2191 σύμψηφον
3352 2124 3688 2190 γεγενημένου
3741 2125 3833 2171 καὶ
3890 2130 3985 2172 τοι)

2377 2212 2692 2279 Καισαρείας
2748 2208 3019 2275 Ἀλυπίου,
3079 2209 3127 2268 ὂς
3194 2214 3283 2261 καὶ
3340 2213 3426 2260 τὸν
3493 2205 3718 2260 δείλαιον
3788 2212 3984 2261 ἐκεῖνον

2375 2294 2716 2357 ἐξαπατηθεὶς
2768 2297 2838 2357 εὶς
2912 2302 2999 2348 τὸν
3072 2305 3165 2349 τοῦ
3234 2296 3609 2370 πρεσϐυτερίου
3664 2299 3714 2333 ⁶⁰
3770 2296 3983 2369 βαθμὸν

2376 2385 2631 2455 ἐτύγχανε
2682 2391 3067 2457 προενηνοχώς.
3128 2386 3296 2447 Οὗτος
3362 2383 3423 2438 δὲ
3495 2388 3520 2437 ό
3590 2386 3982 2461 τρισαλιτηριος

2378 2479 2676 2544 Λαμπέτιος
2719 2480 2809 2526 καὶ
2842 2475 2995 2545 λόγον
3046 2477 3162 2527 τινὰ
3214 2476 3509 2543 συνέθηκεν,
3563 2475 3614 2527 ὃν
3657 2480 3744 2527 καί
3786 2478 3981 2534 Διαθή-

2375 2582 2471 2619 κην
2506 2562 2826 2626 ἐπεκάλεσεν,
2862 2564 2975 2635 ἕνῇ
3015 2568 3105 2615 καί
3147 2582 3264 2615 τινα
3306 2565 3349 2598 ⁶¹
3398 2571 3494 2624 τῆς
3525 2560 3833 2623 δυσσεϐείας
3884 2566 3986 2615 αύ-

2375 2658 2467 2702 τοῦ
2497 2650 2811 2723 ἐνέσπαρται
2846 2666 2860 2681 °
2895 2652 2955 2709 ἣν
2985 2657 3070 2703 καὶ
3115 2651 3335 2727 Σεϐῆρος
3366 2654 3413 2687 ⁸³
3454 2654 3480 2704 ό
3517 2656 3606 2704 τὸν
3634 2654 3980 2722 Ἀντιοχικὸν

2379 2743 2554 2814 θρόνον
2603 2738 2880 2803 ύπεισδὺς,
2932 2744 3008 2794 ἔτι
3059 2740 3419 2815 πρεσϐυτέρων
3469 2743 3671 2813 ἐπέχων
3705 2741 3849 2804 τάξιν
3896 2744 3975 2801 ⁵³,

2379 2830 2665 2902 ἀνέτρεψεν.
2734 2830 2966 2901 Ἀλφειός
3018 2832 3067 2866 ⁸⁸
3119 2835 3290 2902 μέντοι
3351 2849 3429 2892 τις
3481 2833 3766 2891 ἐπίσκοπος
3818 2831 3981 2883 Ῥινο·

2376 2921 2636 2992 κορούρων
2710 2920 2756 2953 ⁸⁵
2809 2919 3274 2991 ὑπεραπολογεῖται
3335 2924 3637 2990 Λαμπετίου
3695 2922 3760 2979 ὡς
3812 2916 3983 2989 μηδὲν

2377 3008 2443 3056 ὠν
2496 3005 2737 3064 ἐνεκλήθη
2792 3008 2820 3065 ἦ
2872 3008 3098 3068 εἰπόντος
3136 3009 3166 3066 ἦ
3214 3013 3532 3068 ποιήσαντος
3566 3026 3577 3037 ·
3611 3007 3879 3079 ἐκθέμενος
3918 3005 3983 3061 δε

2377 3100 2466 3146 καὶ
2512 3095 2663 3164 λόγον
2705 3100 2818 3148 τινὰ
2869 3092 3020 3149 ούδὶν
3065 3096 3113 3148 ἐν
3179 3096 3339 3166 αύτῷ,
3394 3098 3515 3149 ὅσον
3563 3099 3673 3149 ἔστι
3724 3094 3979 3159 συνιδεῖν,

2381 3182 2685 3255 βλασφημεῖ
2735 3206 2747 3217 ·
2786 3186 3051 3257 καθῃρέθη
3099 3190 3273 3256 μέντοι
3323 3205 3382 3256 γε
3430 3189 3500 3247 ὡς
3555 3188 3622 3237 τὰ
3674 3191 3983 3257 Λαμπετίου

2378 3281 2592 3345 φρονῶν.
2655 3278 2754 3326 Καὶ
2807 3274 3037 3345 Ἀλφειὸς
3088 3272 3149 3326 δέ
3221 3294 3301 3336 τις
3351 3274 3524 3339 ἄλλος,
3578 3276 3847 3346 ὁμώνυμος
3907 3284 3982 3344 τῷ

2377 3364 2673 3434 καθηγητῇ,
2735 3366 3117 3435 χειροτονηθεὶς
3165 3364 3508 3439 πρεσϐύτερος
3567 3366 3667 3415 ὑπὸ
3722 3365 3983 3434 Τιμοθέου

2377 3459 2468 3503 τοῦ
2500 3448 2889 3524 Ἀλεξανδρείας
2930 3454 2996 3511 ⁸⁸,
3042 3449 3136 3505 διὰ
3174 3458 3267 3511 τὴν
3315 3453 3479 3511 αὐτὴν
3522 3455 3785 3525 καθῃρέθη
3848 3456 3988 3525 αἰρε-

2380 3559 2482 3604 σιν,
2532 3543 2601 3601 ὡς
2647 3542 2677 3597 ἡ
2722 3548 2811 3591 του
2861 3540 3184 3613 Πτολεμαίου
3227 3548 3318 3592 τοῦ
3348 3541 3741 3614 Ῥινοκορούρων
3770 3541 3989 3593 ἐπισκό-

2380 3648 2477 3680 που
2527 3633 2659 3703 πρός
2723 3631 2970 3701 Τιμόθεον
3056 3633 3143 3681 τόν
3223 3635 3591 3702 προειρημένον
3670 3626 3989 3683 ἐκδιδάσκει

2379 3716 2630 3793 ἀναφορά.

2307 3132 2345 3187 C

3118 3806 3239 3863 NI".

2360 3929 2381 3939 ο
2417 3893 2641 3958 Σύνοδος
2669 3899 2804 3948 κατὰ
2834 3895 3087 3966 Πελαγίου
3119 3900 3208 3947 καὶ
3242 3895 3519 3949 Κελεστίου
3550 3894 3598 3947 έν
3630 3897 3949 3969 Καρθαγένη

3046 3986 3308 4020 συστασα.

2453 4057 2778 4128 Ἀνεγνώσθη
2806 4055 3007 4128 βιϐλίον
3030 4057 3059 4113 ἡ
3092 4061 3235 4109 Κατά
3266 4056 3520 4125 Πελαγίου
3542 4060 3631 4107 καὶ
3654 4055 3989 4108 Κελεστίουδτ

2385 4142 2604 4206 σύνοδος
2634 4143 2680 4196 ἐν
2718 4148 3021 4219 Καρθαγένη
3054 4150 3301 4197 συστᾶσα
3331 4143 3379 4196 ἐν
3403 4153 3466 4216 τῇ
3502 4144 3698 4217 μεγάλη
3731 4144 3994 4216 ἐκκλησίᾳ

2384 4238 2622 4288 Φαύστου
2646 4234 2893 4307 Ὀνωρίου
2921 4237 2978 4285 τὸ
3005 4241 3100 4293 τῆς
3124 4233 3368 4305 ἑσπερίου
3398 4232 3679 4304 βασιλείας
3704 4242 3994 4308 φρουροῦσα⁸

2381 4344 2465 4383 τος
2490 4322 2693 4393 ἀξίωμα
2729 4342 2739 4354 ·
2772 4321 2963 4395 ἐξῆρχε
2988 4319 3046 4373 δὲ
3063 4325 3254 4381 ταύτης
3281 4330 3375 4393 τῇς
3401 4319 3625 4374 συνόδου
3650 4320 3914 4392 Αὐρήλιος
3945 4324 3993 4355 ⁸⁸

2384 4413 2659 4472 ἐπίσκοπος
2691 4416 2780 4463 καὶ
2832 4416 3068 4470 Δοτιανὸς
3098 4413 3145 4445 ⁸⁸
3178 4415 3546 4463 Τεπτεντεσίου
3578 4412 3625 4446 ⁷ο
3654 4417 3746 4462 τοῦ
3774 4416 3993 4483 πρώτου

2308 4485 2348 4538 D
2385 4502 2565 4573 θρόνου
2600 4502 2642 4534 τι
2679 4499 2935 4571 ἐπαρχίας
2968 4502 3240 4561 Βυζακηνῆ
3254 4518 3293 4562 ς,
3322 4500 3399 4561 οἶς
3432 4496 3753 4572 συνήδρευον
3778 4496 3837 4549 ἐκ
3871 4495 3996 4549 δια-

2385 4595 2549 4660 φόρων
2582 4588 2848 4660 ἐπαρχιῶν
2880 4590 2927 4622 Ἶ²
2957 4584 3139 4662 ἄνδρες
3184 4584 3556 4660 διαπρέποντες
3591 4589 3869 4663 ἱερωσύνη,
3897 4592 3995 4639 τόν

2385 4676 2602 4751 ἀριθμόν
2638 4678 2765 4731 σκε’.

2453 4767 2597 4823 Αὖτη
2648 4768 2676 4823 ἡ
2730 4761 2949 4826 σύνοδος
2990 4770 3105 4826 τοὺς
3148 4768 3329 4823 θνητὸν
3360 4765 3658 4824 πλασθῆναι
3688 4768 3774 4817 τὸν
3805 4762 3997 4837 Ἀδὰμ

2381 4855 2615 4926 λέγοντας
2657 4854 2749 4927 [44
2800 4855 2883 4925 8.]
2927 4853 3055 4906 ἀλλά
3106 4860 3177 4926 μὴ
3225 4853 3280 4905 ἐκ
3331 4854 3680 4926 παραϐάσεως
3732 4861 3885 4906 τοῦτο
3940 4855 3992 4888 ⁷³

2382 4942 2844 5003 καταδικασθῆναι
2898 4943 3264 5017 ἀναθεματίζει
3318 4961 3330 4972 ·
3389 4945 3642 5005 ὡσαύτως
3717 4946 3843 5004 τοὺς
3922 4947 3997 4995 τὰ

1969 5069 2202 5126 VARle
2241 5070 2639 5127 LEC'I‘IONES.

686 5189 1008 5273 “fméleévrm
1181 5191 1227 5273 διο
1258 5188 1575 5273 ἐξρξαμένους
1601 5190 1665 5243 Α.
1746 5191 1793 5225 ⁸ο
1825 5190 2176 5273 πρεσϐυτέρου
2206 5214 2259 5258 ς’.

604 5262 667 5297 ’⁸⁸
700 5260 879 5332 ἂλφιὸς
910 5266 977 5317 Ᾱ’.
1006 5262 1089 5316 sic
1121 5265 1177 5315 et
1197 5260 1373 5317 infra.

1451 5263 1498 5297 ⁸⁸
1523 5262 1932 5337 ῥινοκουρούρων
1957 5265 2020 5317 Α.
2053 5262 2135 5319 sic
2157 5270 2213 5319 et
2236 5264 2412 5320 infra.

2339 5195 2381 5229 ⁶¹
2417 5212 2533 5245 τινα
2568 5200 2667 5263 τῶν
2696 5200 2792 5263 τῆρς
2824 5212 2877 5254 ς.
2955 5191 3003 5225 ⁶²
3042 5199 3262 5263 σευῆρος
3297 5211 3352 5254 ς’.
3433 5192 3479 5224 ⁸³
3514 5188 3661 5250 τάξιν
3686 5187 3891 5263 έπίχων
3923 5213 3989 5253 ς,

2490 5265 2538 5299 ⁸⁸
2564 5259 2913 5333 ἀλεξανδρέως
2942 5264 3006 5315 Α.
3088 5263 3131 5297 ⁸⁷
3166 5259 3401 5314 κελεσίου
3430 5264 3491 5314 Α.
3571 5261 3619 5333 ξ’
3646 5259 3879 5331 αύρίλιος
3902 5266 3951 5316 Α
3984 5282 3995 5321 :

616 5328 844 5406 ἀϐρίλιος
876 5354 963 5408 ςκ-
1010 5335 1056 5408 ⁸-9
1087 5333 1348 5408 Δοτιανός]
1377 5328 1471 5385 διὰ
1504 5328 1639 5395 τινος
1672 5328 1743 5389 Αί
1783 5328 1862 5408 ’το
1894 5340 2246 5388 τεπτεντεσίου
2278 5338 2321 5390 Α
2353 5352 2365 5390 :
2398 5344 2489 5387 τοῦ
2516 5355 2567 5387 τε
2599 5328 2898 5387 πτεντεσίου
2931 5355 2985 5397 ς’.
3062 5334 3108 5368 τί
3142 5340 3351 5408 πρώτου
3384 5331 3593 5407 θρόνου]
3623 5328 3996 5407 πρὼτοθρόνου

620 5403 769 5461 carr.
803 5407 867 5459 A.
944 5405 993 5440 ⁷⁸
1018 5403 1279 5478 ἐπαρχίας
1312 5403 1619 5477 βυζακηνῆς
1649 5408 1691 5459 Α
1727 5422 1739 5461 :
1771 5403 2078 5477 βυζακηνῆς
2106 5406 2367 5481 ἐπαρχίας
2401 5429 2454 5471 ς.

2533 5409 2581 5440 ⁷³
2614 5415 2792 5459 τοῦτον
2827 5427 2880 5469 ς’.

2194 5516 2237 5569 Ν
2246 5516 2417 5571 OT/E.

692 5628 806 5699 (86)
838 5627 1015 5697 Cujus
1046 5627 1277 5701 epistol.
1304 5627 1660 5700 synodalem
1681 5627 1870 5685 habes
1902 5633 1939 5685 t.
1960 5628 2277 5701 lIOperum

627 5704 692 5757 Ι).
727 5702 975 5771 August.
1007 5698 1182 5771 epist.
1232 5699 1319 5755 90.

2463 5628 2577 5699 (87)
2607 5629 2798 5692 Quam
2834 5625 3188 5699 sententiam
3206 5640 3463 5699 quoque
3480 5624 3739 5699 tenuisse
3760 5624 4003 5682 dicetur

2374 5696 2735 5761 ~Theodorus
2764 5698 3171 5755 Antiochenus
3200 5696 3305 5753 inf.
3342 5696 3477 5753 cod.
3511 5698 3632 5751 177.
