4046 6228
590 306 661 361 95

1812 300 2061 361 PHOTII
2092 293 2577 353 PATRIAHCHE
2607 296 2715 352 (ΖΡ.

3889 306 3960 359 96

593 430 769 487 morti
801 431 1008 487 tradita
1048 434 1157 504 est)
1210 449 1318 505 pro
1365 431 1574 488 merito
1601 428 1924 485 voluntatis
1968 427 2244 482 uniuscu-

2366 419 2613 493 ἁμαρτίαν
2665 430 2756 482 τῆς
2802 442 2890 493 μεν
2947 428 3328 495 μακαριότητος
3379 423 3669 477 ἐκπεσοῦσα
3715 432 3808 479 καὶ
3866 436 3959 480 τού

587 520 808 592 jusque
843 540 855 587 ;
904 523 1187 593 Spiritum
1229 527 1500 578 sanctum
1534 527 1589 575 et
1627 520 1927 591 appelare,
1974 523 2028 573 et
2064 514 2243 586 repel-

590 610 729 664 lere.
788 611 1115 666 Nestoriani
1158 627 1297 666 vero
1335 611 1409 665 de
1440 611 1569 681 ipso
1617 610 1792 665 etiam
1847 607 2110 679 corporis
2155 622 2246 661 ca-

595 698 713 769 pite
758 698 1004 767 Christo,
1040 700 1250 755 eadem
1280 699 1515 765 sentire,
1563 704 1619 754 et
1664 698 1962 754 afﬁrmare
2000 696 2240 751 audent.

596 791 877 843 Asserunt
899 790 1081 857 enim,
1099 788 1593 861 quandoquidem
1616 793 1830 843 nostra:
1858 788 2117 842 Christus
2143 801 2243 840 na-

596 880 741 930 tura?
772 877 843 931 sit
873 878 1165 949 particeps
1198 877 1408 941 factus,
1440 884 1497 933 et
1536 879 1687 931 Deus
1725 894 1936 933 omnes
1965 877 2243 931 homines

598 964 862 1020 similiter
887 966 1082 1023 salvos
1121 966 1248 1022 ﬁeri
1286 966 1445 1032 velit,
1488 966 2022 1039 unumquemlibet,
2064 966 2240 1021 etiam

600 1068 704 1123 per
752 1054 975 1110 arbitrii
1024 1056 1114 1111 sui
1171 1056 1513 1121 libertatem.
1566 1056 1876 1129 proprium
1934 1060 2244 1127 peccatum

598 1142 911 1213 corrigere,
954 1151 1007 1201 et
1063 1148 1178 1201 Deo
1203 1145 1449 1217 dignum
1487 1161 1547 1201 se
1602 1145 1811 1200 facere.
1846 1144 2242 1211 Quamobrem

598 1233 698 1302 qui
730 1248 801 1287 ex
830 1235 1007 1289 Maria
1034 1234 1107 1291 sit
1136 1234 1351 1300 editus,
1386 1251 1505 1290 non
1537 1252 1671 1290 esse
1698 1235 1977 1297 Verbum,
2027 1234 2130 1289 sed
2176 1250 2249 1288 ex

597 1336 666 1375 ea
684 1322 971 1391 genitum,
1002 1324 1081 1379 ob
1112 1324 1399 1380 naturalis
1432 1324 1751 1380 voluntatis
1778 1324 2123 1393 dignitatem
2147 1324 2248 1379 ha-

599 1409 738 1465 bere
772 1412 1012 1467 verbum
1043 1415 1451 1469 concomitans
1494 1430 1506 1468 :
1542 1429 1679 1469 cum
1732 1413 1857 1469 sola
1882 1414 1994 1468 ista
2042 1412 2251 1467 nobili-

600 1502 737 1565 tate,
779 1505 833 1554 et
876 1501 1083 1556 eadem
1125 1502 1521 1574 appellatione
1560 1503 1959 1558 communicet
1990 1518 2126 1557 cum
2161 1517 2247 1557 ra-

604 1588 761 1645 tione
786 1589 1113 1646 ﬁliationis.

2356 515 2490 561 Θεοῦ
2537 514 2891 585 χωρισθεῖσα,
2922 522 2994 583 τῷ
3043 510 3101 565 δε
3149 516 3350 585 θανάτῳ
3389 511 3769 588 παραδοθεῖσα,
3810 518 3949 575 αὕτη

2354 602 2490 649 κατὰ
2535 605 2626 657 τὴν
2680 610 2769 661 τῆς
2816 607 3162 676 προαιρέσεως
3214 602 3360 665 ἀξίαν
3390 606 3443 655 τό
3478 610 3681 676 Πνεῦμα
3710 611 3768 656 τό
3805 606 3959 675 ἅγιον

2355 693 2443 739 καὶ
2494 689 2865 762 προσκαλεῖται
2917 697 3005 743 καὶ
3059 693 3362 744 άπωθεῐται·
3400 695 3447 744 οἰ
3502 690 3560 744 δε
3613 700 3961 767 Νεστοριανοὶ

2354 782 2443 829 καὶ
2489 784 2605 852 περὶ
2646 778 2806 837 αύτην
2858 785 2951 838 τὴν
2999 789 3090 832 τοῦ
3141 788 3382 853 σωματος
3418 782 3651 853 κεφαλὴν,
3682 788 3770 835 τόν
3828 793 3961 856 Χρι-

2358 872 2498 927 στὸν,
2532 873 2624 925 τὴν
2670 869 2830 927 αὐτὴν
2862 867 3096 921 διάνοιαν
3127 876 3214 922 καὶ
3255 871 3444 942 τόλμαν
3484 874 3690 943 ἔχουσι.
3726 878 3959 944 Λέγουσι

2356 959 2452 1030 γὰρ
2502 956 2718 1009 ὅτιέπεὶ
2752 966 2845 1020 τῆς
2887 961 3134 1033 ἡμετέρας
3178 963 3378 1032 φύσεώς
3432 959 3569 1013 ἐστιν
3620 964 3644 1012 ό
3698 967 3957 1035 Χριστός,

2357 1047 2383 1097 ὀ
2430 1042 2488 1098 δε
2536 1050 2665 1109 Θεὸς
2712 1050 2908 1110 πάντας
2958 1047 3257 1123 ἀνθρώπους
3310 1052 3498 1122 ὁμοίως
3548 1050 3675 1103 θέλει
3722 1055 3959 1111 σωθῆναι

2357 1140 2446 1187 καὶ
2497 1136 2661 1208 οἰκεία
2717 1141 3016 1211 προαιρέσει
3075 1137 3163 1211 [45
3227 1138 3319 1212 IL]
3377 1140 3591 1191 ἕκαστον
3650 1144 3706 1192 τό
3770 1143 3956 1193 ἑαυτοῦ

2358 1232 2598 1296 πταῖσμα
2644 1228 3105 1298 ἐπανορθώσασθαι
3161 1233 3249 1280 καὶ
3292 1228 3434 1290 άξιον
3481 1230 3659 1281 ἑαυτὸν
3704 1230 3869 1281 αὐτού
3912 1233 3955 1264 ⁷⁷

2358 1321 2600 1377 ποιῆσαι,
2631 1310 2723 1366 διὰ
2765 1323 2915 1368 τούτο
2960 1316 3050 1367 ούκ
3084 1320 3222 1369 ἔστιν
3254 1322 3279 1368 ό
3314 1323 3482 1388 Λόγος
3530 1320 3556 1369 ὁ
3588 1321 3819 1390 τεχθεὶς,
3854 1320 3955 1370 ἀλλ’

2361 1403 2461 1452 6⁷⁸
2489 1406 2746 1472 γεννηθεὶς
2794 1403 2847 1455 ἐκ
2893 1411 3100 1476 Μαρίας
3150 1403 3243 1458 διὰ
3286 1411 3379 1465 τὴν
3419 1417 3513 1467 τῆς
3557 1417 3789 1480 φυσικῆς
3838 1428 3952 1481 προ·

2363 1496 2605 1563 αιρέσεως
2659 1492 2806 1555 ἀξίαν
2862 1491 3000 1566 εἶχεν
3058 1495 3296 1567 ἑπόμενον
3342 1500 3428 1548 τόν
3484 1496 3654 1567 λόγον,
3706 1502 3839 1569 μόνη
3895 1506 3951 1568 τῇ

2362 1580 2481 1651 ἀξίᾳ
2528 1586 2616 1633 καὶ
2646 1591 2707 1653 τῇ
2755 1585 3029 1656 ὁμωνυμίᾳ
3059 1590 3442 1648 κεκοινωνηκὼς
3469 1586 3604 1657 λόγῳ
3652 1594 3750 1647 τῆς
3784 1590 3955 1644 υῐότη-

2360 1690 2465 1732 τος.

675 1764 855 1821 Porro
906 1766 1033 1823 haec
1089 1768 1333 1840 quidem
1375 1768 1704 1839 Pelagiana,
1765 1787 1867 1827 seu
1917 1772 2248 1828 Celestiana

2431 1762 2574 1817 Αύτη
2626 1766 2798 1833 μέντοι
2843 1765 2871 1820 η
2918 1761 3204 1834 Πελαγιανὴ
3238 1768 3355 1821 ἤτοι
3411 1764 3714 1823 Κελεστιανη
3761 1768 3955 1839 αἵρεσις

601 1854 865 1921 haeresis,
895 1872 1013 1911 non
1043 1856 1100 1911 in
1134 1857 1365 1914 Oriente
1396 1857 1685 1915 duntaxat
1715 1860 1917 1930 viguit,
1942 1862 2045 1915 sed
2076 1864 2246 1916 etiam

604 1943 982 2000 Occidentem
1015 1947 1288 2016 pervasit,
1335 1953 1390 2001 et
1430 1948 1783 2017 Carthagine
1842 1952 1901 2004 in
1940 1950 2139 2005 Africa
2180 1953 2251 2006 ab

607 2033 834 2089 Aurelio
866 2040 1046 2107 atque
1077 2037 1411 2104 Augustino
1446 2037 1839 2109 deprehensa,
1875 2046 1929 2093 et
1961 2041 2251 2104 convicta,

602 2120 896 2193 variisque
912 2123 1148 2195 publice
1172 2124 1433 2180 conciliis
1454 2128 1759 2183 damnata.
1790 2128 1967 2198 Ejecti
1990 2145 2128 2183 vero
2153 2130 2253 2199 qui

605 2225 741 2264 cum
774 2210 864 2265 his
914 2213 1213 2279 sentirent,
1256 2222 1543 2286 tanquam
1576 2216 1858 2286 haeretici,
1890 2223 2047 2273 extra
2091 2219 2255 2273 Eccle

605 2298 767 2363 siam,
785 2300 1129 2372 temporibus
1143 2302 1549 2375 episcoporum
1565 2304 1862 2375 Theophili
1896 2307 2257 2361 Alexandria:

605 2393 659 2442 et
692 2389 1011 2444 Innocentii
1041 2390 1203 2445 urbis
1232 2392 1457 2454 Romae,
1498 2398 1621 2447 tam
1655 2409 1691 2448 a
1743 2396 2042 2459 Romanis,
2070 2412 2255 2467 quam

604 2475 911 2542 Africanis,
937 2480 1281 2553 casterisque
1302 2482 1626 2537 Occidentis
1639 2483 1957 2555 episcopis.
1982 2488 2255 2539 Attamen

604 2564 873 2635 Pelagius
898 2567 1013 2633 hic,
1053 2569 1110 2623 in
1139 2584 1211 2623 ea
1255 2571 1490 2641 synodo
1537 2586 1671 2643 quas
1702 2573 1760 2627 in
1796 2574 2110 2628 Palaestina
2143 2575 2254 2643 (93)

602 2657 896 2721 convenit,
943 2658 1035 2712 cui
1076 2660 1521 2729 quatuordecim
1571 2661 1856 2732 przesules
1913 2664 2254 2727 intererant,

601 2743 911 2799 absolutus
925 2752 1031 2811 est,
1047 2763 1181 2802 cum
1198 2748 1315 2804 alia
1328 2749 1567 2820 quidem
1585 2750 1953 2821 objectorum
1971 2754 2256 2824 capitum,

605 2836 663 2887 ut
682 2832 876 2898 stulta,
894 2835 1141 2891 omnino
1156 2837 1529 2907 abnegasset,
1551 2845 1731 2912 atque
1748 2842 2119 2907 damnasset,
2138 2842 2253 2897 alia

604 2937 744 2977 vero
775 2940 811 2978 a
850 2940 913 2978 se
957 2924 1201 2995 quidem
1233 2928 1390 2982 dicta
1443 2928 1752 2984 confessus
1802 2938 1971 2999 esset,
2018 2948 2136 2986 non
2187 2948 2257 2987 eo

604 3017 803 3067 tamen
830 3028 1027 3076 sensu,
1052 3030 1173 3084 quo
1190 3017 1679 3073 accusatoresilla
1698 3018 2252 3089 interpretarentur:

604 3104 663 3154 at
686 3105 858 3170 prout
880 3117 1017 3155 cum
1047 3102 1315 3157 Ecclesiae
1340 3103 1645 3159 catholicas
1667 3105 2255 3179 doctrinaconspira-

603 3192 750 3242 rent.
784 3189 1171 3243 Accusatores
1202 3196 1365 3246 erant
1392 3195 1676 3263 Neporus,
1719 3200 1773 3249 et
1810 3196 2086 3262 Lazarus,
2130 3198 2255 3253 Gal-

603 3276 699 3330 lici
741 3276 1023 3348 episcopi,
1077 3279 1226 3351 15a
1268 3281 1369 3351 qui
1418 3283 1731 3352 quaestioni
1774 3283 1847 3339 de
1895 3286 1995 3339 illo
2039 3286 2255 3343 habita:

606 3380 729 3419 non
764 3364 1096 3433 interfuere,
1128 3368 1206 3423 ob
1234 3368 1475 3424 alterius
1516 3387 1722 3427 eorum
1782 3374 2255 3433 iuvaletudinem

607 3456 843 3509 veniam
887 3456 1131 3524 precati,
1170 3472 1239 3511 ne
1290 3473 1351 3512 se
1400 3459 1688 3515 sisterent.
1752 3463 1844 3518 Sic
1894 3465 2258 3532 Augustinus

608 3542 722 3613 (94)
754 3542 812 3597 in
836 3542 903 3597 iis
929 3559 1065 3615 quas
1087 3545 1164 3600 ad
1184 3546 1488 3603 Aurelium
1512 3548 1885 3622 Carthaginis
1906 3554 2256 3625 episcopum

610 3632 864 3703 scripsit,
889 3631 1082 3688 refert.

680 3721 815 3776 Post
844 3724 1030 3777 sancti
1046 3726 1356 3795 Augustini
1389 3731 1639 3784 mortem
1666 3737 1974 3802 coeperunt
2012 3732 2258 3805 quidam

609 3808 668 3864 in
696 3810 851 3866 clero
877 3811 1125 3883 impium
1160 3814 1305 3869 illud
1332 3816 1557 3886 dogma
1586 3834 1879 3885 asserere;
1906 3822 2058 3877 male
2082 3824 2256 3879 etiam

608 3900 770 3973 loqui
792 3900 865 3955 de
896 3904 1249 3974 Augustino,
1268 3910 1445 3976 atque
1472 3906 1623 3963 adeo
1646 3910 1917 3965 convitiis
1946 3912 2258 3981 incessere,

608 3994 897 4062 tanquam
929 3991 1153 4047 arbitrii
1186 3992 1507 4050 libertatem
1562 3998 1882 4055 tollendam
1940 4002 2257 4059 docuisset.

610 4081 821 4135 Verum
868 4078 1190 4137 Celestinus
1239 4083 1496 4154 pontifex
1547 4087 1872 4153 Romanus,
1924 4090 1997 4145 de
2056 4100 2262 4150 sancto

612 4170 756 4235 viro,
781 4175 836 4224 et
861 4176 1068 4226 contra
1098 4188 1199 4226 eos
1221 4173 1324 4243 qui
1353 4173 1509 4229 hanc
1529 4177 1796 4232 haeresim
1821 4180 2259 4246 resuscitarent,

614 4258 738 4327 ejus
770 4273 888 4311 oraa
941 4260 1236 4329 episcopis
1290 4263 1555 4317 scribens
1590 4266 1723 4336 (65),
1758 4282 2017 4323 errorem
2074 4286 2265 4340 nuper

2362 1854 2595 1921 ἤκμασεν
2626 1849 2674 1901 εν
2718 1859 2778 1922 τῇ
2836 1849 3077 1923 ἀνατολῇ,
3114 1848 3330 1909 διεδόθη
3366 1848 3424 1905 δε
3454 1858 3542 1904 καὶ
3590 1852 3639 1904 ἐν
3682 1861 3748 1925 τῇ
3785 1851 3948 1906 δύσει.

2368 1943 2466 1992 Καὶ
2515 1937 2563 1989 ἐν
2593 1944 2681 2010 μεν
2713 1947 2773 2011 τῇ
2824 1945 3120 2012 Καρταγένη
3154 1942 3201 1976 ⁷9
3231 1949 3323 2001 τῆς
3358 1941 3607 2013 Ἀφρικῆς
3655 1938 3949 2013 διηλέγχθη

2365 2033 2453 2079 καὶ
2502 2026 2738 2101 ἐφωράθη
2798 2030 2897 2080 ὑπό
2969 2048 3022 2081 τε
3077 2030 3341 2103 Αύρηλίου
3421 2036 3507 2082 καὶ
3573 2031 3949 2101 Αύγουστίνου,

2368 2116 2713 2188 ἀπεκηρύχθη
2749 2114 2807 2169 δε
2855 2114 3125 2191 διαφόροις
3166 2116 3429 2180 συνόδους.
3471 2119 3857 2182 Ἐξεϐλὸθησαν
3901 2118 3954 2172 δὲ

2366 2210 2455 2258 καὶ
2504 2210 2551 2258 οἱ
2590 2206 2722 2258 οὕτω
2770 2216 3067 2280 φρονοῦντες
3114 2215 3207 2269 τῆς
3253 2208 3564 2269 Ἐκκλησίας
3596 2211 3665 2271 ὡς
3712 2212 3951 2281 αἱρετικοί

2368 2294 2414 2346 ὲν
2445 2304 2551 2357 τοῖς
2597 2302 2810 2369 χρόνοις
2861 2296 3109 2368 Θεοφίλου
3156 2305 3246 2349 τού
3293 2294 3803 2371 Ἀλεξανδρείαςκαὶ
3839 2299 3946 2351 Ἰνο-

2367 2390 2564 2437 κεντίου
2616 2385 2817 2457 Ῥώμης
2872 2388 2972 2437 ὑπὸ
3026 2406 3078 2438 τε
3121 2386 3385 2458 Ῥωμαίων
3435 2392 3523 2439 καὶ
3591 2386 3803 2460 Ἀφρων
3865 2394 3946 2438 καὶ

2368 2484 2462 2526 των
2510 2474 2700 2525 λοιπῶν
2757 2472 2983 2526 δυτικών
3034 2478 3354 2531 ἐπισκόπων.
3388 2475 3446 2527 Ὀ
3488 2480 3660 2547 μέντοι
3711 2477 3953 2546 Πελάγιος

2368 2562 2415 2615 ἐν
2450 2563 2767 2634 Παλαιστίνη
2807 2560 3030 2615 συνόδου
3064 2566 3332 2624 συστάσης
3377 2564 3877 2636 (τεσσαρεσκαίδεκα
3909 2567 3953 2599 ⁸ο

2370 2649 2428 2704 δε
2473 2656 2566 2707 την
2609 2649 2828 2704 σύνοδον
2863 2652 3117 2725 ἐπλήρουν
3158 2652 3436 2727 ἀρχιερεῖς)
3482 2654 3727 2717 ἠθωωθη,
3759 2658 3822 2705 τὰ
3863 2659 3949 2724 μεν

2369 2750 2466 2791 τῶν
2519 2741 2802 2813 κεφαλαίων
2869 2741 3126 2803 παντελῶς
3199 2742 3608 2814 ρξαρνησάμενος
3676 2746 3744 2803 ως
3813 2748 3953 2815 μωρά

2368 2836 2455 2881 καὶ
2509 2830 3003 2902 ἀναθεματίσας,τὰ
3058 2828 3115 2883 δε
3170 2832 3426 2905 εἰρηκέναι
3478 2835 3566 2903 μὲν
3610 2838 3803 2904 φήσας,
3835 2833 3953 2902 οὐχὶ

2371 2917 2428 2971 δε
2467 2923 2529 2979 ὡς
2569 2921 2617 2971 οἰ
2649 2924 2933 2991 κατήγοροι
2973 2919 3289 2993 ἐξειληφασι,
3334 2926 3617 2991 συμφώνως
3664 2917 3722 2971 δε
3776 2921 3951 2992 μᾶλλον

2368 3018 2428 3080 τῇ
2481 3009 2727 3081 καθολικῇ
2768 3009 3070 3081 Ἐκκλησία.
3105 3012 3171 3061 Οἱ
3201 3014 3374 3080 μέντοι
3420 3018 3831 3081 κατηγοροῦντες
3870 3010 3953 3060 ar}-

2368 3106 2459 3149 του
2517 3104 2744 3172 Νέπορος
2792 3096 2851 3155 ἧν
2890 3103 2978 3150 καὶ
3034 3100 3277 3171 Λάζαρος
3324 3101 3372 3150 οἱ
3430 3098 3609 3150 Γάλλοι
3667 3097 3949 3159 ἐπίσκοποι,

2368 3190 2416 3239 οἱ
2462 3184 2584 3239 ούδε
2633 3192 2967 3258 παρεγένοντο
3010 3186 3057 3239 ἐν
3108 3196 3167 3260 τῇ
3225 3188 3453 3250 ἐξετάσει
3509 3188 3689 3251 αὑτοῦ,
3732 3184 3824 3238 διὰ
3872 3192 3954 3244 τὴν

2368 3278 2598 3328 κάκωσιν
2659 3278 2869 3348 θατέρου
2921 3277 3086 3327 αύτών
3141 3282 3233 3334 τὴν
3291 3281 3583 3347 παρουσίαν
3640 3277 3953 3347 παραιτησεέ⁹

2368 3385 2530 3437 μενοι.
2582 3366 2761 3425 Ούτως
2828 3365 3183 3436 Αύγουστίνος
3254 3364 3301 3417 ἐν
3357 3374 3466 3427 τοῖς
3526 3368 3655 3438 πρὸς
3708 3364 3953 3439 Αὐρήλιον

2369 3459 2455 3507 τὸν
2485 3459 2816 3527 Καρταγίνης
2848 3456 3023 3507 πάπαν
3056 3452 3329 3517 διέξεισιν.

2446 3726 2532 3799 [21
2565 3725 2633 3798 Β]
2672 3728 2816 3779 Μετά
2838 3727 3012 3795 μέντοι
3033 3744 3092 3794 γε
3118 3726 3339 3798 θάνατρν
3364 3731 3456 3777 τοῦ
3489 3724 3539 3775 ἐν
3570 3723 3749 3795 ἁγίοις
3774 3723 3961 3794 Αύγου-

2373 3821 2548 3869 στίνου
2581 3815 2802 3887 ἤρξαντό
2833 3833 2959 3873 τινες
2992 3822 3087 3864 τῶν
3119 3812 3165 3865 ἐν
3197 3822 3269 3883 τῷ
3299 3812 3471 3887 κλήρῳ
3516 3816 3572 3864 τό
3602 3816 3690 3883 μὲν
3725 3810 3961 3868 δυσσεϐες

2373 3908 2637 3979 κρατύνειν
2666 3901 2860 3975 δόγμα,
2894 3910 3066 3961 κακῶς
3092 3898 3150 3953 δε
3180 3901 3341 3973 λέγειν
3374 3902 3740 3972 Αύγουστίνον
3765 3906 3849 3952 καὶ
3880 3896 3961 3950 διὰ

2375 3999 2545 4069 σύρειν
2590 3996 2656 4054 ὡς
2701 3991 2961 4060 ἀναίρεσιν
3010 3998 3098 4043 τού
3153 3990 3487 4052 αύτεξουσίου
3534 3991 3956 4061 εἰσηγησάμενον·

2375 4084 2499 4135 ἀλλά
2556 4083 2645 4133 καί
2697 4080 2994 4140 Κελεστὶνος
3051 4082 3075 4131 ό
3129 4080 3324 4151 Ῥώμης
3381 4082 3506 4154 ύπερ
3564 4099 3616 4133 τε
3670 4088 3765 4132 τοῦ
3840 4080 3960 4129 θείου

2377 4170 2565 4245 ἀνδρὸς
2607 4177 2695 4223 καὶ
2748 4174 2881 4222 κατά
2918 4178 3013 4222 τῶν
3066 4168 3435 4221 ἀνακινούντων
3486 4173 3579 4226 τὴν
3619 4170 3821 4242 αἰρεσιν
3867 4172 3962 4221 τοῖς

2378 4262 2660 4333 ἐγχωρίοις
2688 4262 2897 4331 γράφων
2945 4258 3269 4322 ἐπισκόποις,
3304 4262 3397 4315 τὴν
3427 4263 3733 4328 κινουμένην
3785 4256 3963 4309 πλάνην

612 4351 956 4401 revocatum
980 4346 1264 4402 cohibuit.
1300 4350 1443 4403 Cum
1471 4356 1749 4421 temporis
1780 4354 1915 4409 dein
1943 4373 2253 4427 progressu

2376 4356 2611 4409 ἔστησεν.
2647 4356 2842 4421 Χρόνου
2891 4345 2948 4400 δε
2997 4352 3266 4419 παριόντος
3296 4351 3385 4399 καὶ
3415 4356 3514 4399 τῶν
3561 4346 3659 4398 ἀπὸ
3696 4355 3791 4406 τῆς
3840 4346 3962 4415 αἱρέ-

614 4438 781 4487 sectae
802 4432 976 4503 hujus
989 4434 1264 4489 homines
1290 4452 1394 4507 per
1414 4439 1655 4494 haeresis
1676 4458 1798 4497 suae
1821 4443 1917 4515 abj
1931 4446 2261 4502 urationem

616 4521 887 4577 Ecclesia:
900 4523 1144 4578 restituti
1167 4531 1380 4589 essent,
1414 4527 1624 4584 iterum
1642 4529 1871 4585 malum
1888 4533 2088 4588 abillis
2108 4535 2263 4605 prin-

616 4610 840 4680 cipium
883 4614 1152 4684 sumpsit,
1201 4619 1260 4669 ut
1301 4615 1567 4686 Septimo
1607 4619 1889 4691 episc0po
1939 4637 2260 4678 renascens

616 4699 823 4755 eadem
856 4700 1347 4775 lues,antequam
1377 4704 1617 4774 longius
1664 4716 1939 4780 serperet,
1972 4710 2141 4766 fuerit
2172 4729 2262 4767 re-

615 4787 952 4859 primenda,
981 4790 1133 4847 datis
1159 4793 1235 4848 ad
1253 4796 1501 4849 Leonem
1529 4796 1665 4869 (96),
1692 4801 1888 4855 Romae
1914 4805 2035 4856 tum
2060 4802 2261 4858 sedem

616 4877 1000 4950 apostolicam
1020 4886 1329 4947 tenentem,
1360 4884 1583 4955 litteris,
1605 4888 1707 4959 qui
1731 4889 1845 4945 Leo
1871 4890 2117 4947 ferventi
2138 4891 2263 4948 zelo

2379 4459 2499 4499 σεως
2558 4436 2650 4491 διὰ
2703 4442 2758 4489 τό
2819 4436 3197 4507 ἀναθεματίσαι
3256 4439 3346 4493 τὴν
3405 4435 3595 4487 οἰκείαν
3655 4436 3853 4506 αἰρεσιν

2376 4528 2656 4597 Ἐκκλησία
2731 4523 3188 4599 παραδεχθέντων,
3250 4524 3400 4577 πάλιν
3456 4522 3508 4586 ἐξ
3576 4524 3745 4576 αὐτῶν
3804 4521 3963 4596 ἀρχΐν

2375 4616 2621 4687 ἐλάμϐανε
2680 4618 2735 4665 τό
2793 4618 2967 4665 κακόν·
3037 4612 3167 4663 ἀλλά
3219 4617 3466 4683 Σίπτιμος
3521 4611 3799 4671 ἐπίσκοπος
3878 4608 3961 4677 ἀρ·

2373 4708 2599 4777 χομένης
2646 4712 2736 4763 τῆς
2782 4703 2949 4773 λύμης
2995 4701 3189 4772 ἐπέσχε
3238 4705 3325 4759 την
3379 4704 3560 4775 φορὰν,
3590 4699 3801 4773 γράψας
3852 4699 3967 4770 πρὸς

2378 4800 2569 4849 Λέοντα
2647 4798 2733 4845 τόν
2806 4791 3005 4863 Ῥώμης
3085 4798 3370 4847 τηνικαυτα
3446 4786 3844 4864 προεδρεύοντα,
3920 4787 3967 4843 ἀς

2377 4885 2617 4958 διαπύρῳ
2666 4883 2806 4954 ζήλῳ
2836 4884 2970 4933 κατά
3014 4888 3105 4941 τῆς
3136 4876 3449 4941 δυσσεϐείας
3496 4880 3816 4950 ἠγωνίσατο.
3853 4876 3947 4930 Mt?

1948 5053 2184 5110 νΑΒΙιΕ
2225 5055 2521 5114 LECTION
2531 5052 2633 5107 ES.

684 5166 732 5203 Π
763 5165 922 5253 αἰτοῦ
962 5167 1007 5221 Α
1037 5184 1049 5220 ³
1080 5165 1234 5230 αὐτὸς
1279 5174 1328 5233 ς’
1406 5171 1455 5205 ⁷⁸
1487 5169 1593 5223 ἀλλ’
1651 5173 1696 5243 ὁ]
1755 5172 1860 5225 ἀλλ’
1910 5177 1990 5229 ὅτι
2044 5178 2109 5233 Α.
2186 5181 2236 5219 ⁷⁸
2265 5181 2563 5253 χαρταγένη
2625 5176 2689 5238 Α,
2748 5169 2849 5243 qui
2889 5172 2947 5224 et
3000 5166 3154 5222 infra
3212 5168 3565 5239 χαρταγὲνης,
3647 5167 3689 5200 ⁸ο
3719 5160 3962 5217 δεκατέσ-

623 5254 777 5312 σαρες
806 5238 859 5299 ζ.

2175 5375 2405 5433 NOTE.

621 5480 806 5611 “(5am
858 5483 1135 5558 Diospoli.
1168 5488 1230 5541 V.
1271 5490 1335 5543 D.
1365 5489 1580 5547 Baron.
1611 5494 1753 5548 tom.
1784 5494 1846 5559 V,
1895 5493 1973 5550 ad
2020 5510 2118 5552 an.
2166 5496 2269 5554 Ch.

694 5626 807 5709 (θῇς)
830 5627 1016 5709 forte
1069 5627 1176 5709 lib.
1206 5631 1288 5687 De
1319 5632 1471 5702 gesti
1494 5632 1744 5709 Ρειαρίί,
1778 5636 1951 5709 cujus
1983 5636 2109 5709 ipse
2152 5653 2271 5694 me-

623 5697 794 5759 minit
829 5696 932 5756 lib.
981 5714 1021 5759 ιι
1072 5696 1342 5760 Βρίγασεῖ
1385 5718 1512 5778 cap.
1568 5696 1891 5765 ervum
1930 5706 1981 5764 is
2008 5696 2272 5782 'putatur

2380 5495 2764 5553 intercidisse.
2868 5562 2878 5566 _
3165 5565 3171 5566 ί
3385 5559 3537 5566 _____
3612 5563 3619 5566 _
3804 5556 3835 5566 ..

2458 5569 2548 5632 (95
2604 5568 2744 5630 Quae
2777 5562 2960 5635 Epist.
2987 5565 3179 5618 exstat
3208 5566 3352 5615 tom.
3385 5559 3479 5616 νη
3509 5562 3566 5615 Β.
3595 5559 3900 5628 Augustin.

2458 5568 2571 5709 (96;
2605 5637 2742 5708 Ejus
2772 5633 3032 5692 nominis
3064 5632 3350 5706 primum.

2396 5646 2399 5647 '
2457 5632 2571 5708 (96)
2605 5637 2742 5708 Ejus
2772 5632 3032 5692 nominis
3064 5632 3350 5706 primum.
