4046 6228
443 299 514 355 99
1663 290 1900 349 PHOTII
1942 287 2446 347 mammae.
2486 289 2597 348 CP.

1203 419 1351 474 LVII.

481 508 1454 582 AppianiAlexandriniHisloriw
1471 509 1747 563 Romana:
1777 505 1912 560 libri
1945 521 2101 558 xxw.

520 605 688 657 Lecta
717 604 806 654 est
831 599 1084 669 Appiani
1144 599 1410 652 Romana
1460 595 1728 658 historia,
1783 594 1864 663 (2)
1918 594 2101 646 tribus

445 691 690 762 quidem
711 687 1143 750 voluminibus,
1174 687 1303 740 libri
1339 701 1478 740 vero
1504 692 1762 756 quatuor
1792 689 1847 737 et
1875 680 2099 751 viginti.

445 779 709 846 Quorum
742 776 970 847 primus
992 777 1060 830 de
1075 781 1299 845 septem
1318 773 1590 841 Regibus,
1619 771 1891 834 Romulo,
1911 774 2102 826 Numa

444 867 730 938 Pompilio
752 867 851 937 (3),
879 870 1041 920 Anco
1075 863 1332 928 Hostilio,
1367 869 1425 919 et
1454 864 1638 918 altero
1669 864 1830 916 Anco
1864 861 2096 922 Marcio,

443 959 649 1012 Numa:
679 960 906 1026 nepote,
939 952 1279 1023 Tarquinio,
1317 953 1516 1007 Servio
1545 949 1731 1005 Tullio
1762 950 1859 1019 (4),
1893 954 1949 1004 et
2000 950 2101 1002 Lu-

443 1045 536 1101 cio
555 1043 874 1114 Tarquinio
897 1056 1098 1110 agens,
1127 1057 1333 1096 eorum
1388 1056 1588 1111 opera,
1643 1053 1859 1108 resque
1905 1041 2104 1105 gestas

443 1134 720 1189 continet.
756 1135 974 1186 Horum
1001 1145 1210 1200 regum
1245 1130 1497 1200 primus,
1529 1134 1736 1185 auctor
1763 1126 1894 1182 licet
1940 1126 2102 1180 urbis

444 1223 660 1284 Romae,
695 1236 765 1276 ac
794 1219 1067 1275 conditor
1086 1219 1280 1283 fuerit,
1301 1226 1357 1274 et
1378 1225 1626 1288 paterno
1646 1217 1842 1288 potius
1877 1215 2102 1279 animo,

442 1327 627 1383 quam
661 1310 964 1381 tyrannice
987 1308 1364 1378 imperaverit
1389 1324 1401 1370 ;
1428 1323 1617 1362 caesus
1642 1313 1843 1360 tamen
1875 1310 1982 1369 est,
2019 1302 2104 1358 vel

443 1401 531 1470 (ut
555 1398 684 1454 aliis
715 1398 927 1469 placet)
959 1397 1269 1467 disparuit.
1305 1398 1478 1458 Alter,
1514 1394 1698 1450 nihilo
1728 1393 2105 1464 praecedente

443 1482 500 1543 in
535 1486 887 1559 imperando
921 1485 1181 1548 inferior,
1223 1500 1291 1539 ac
1310 1484 1457 1540 forte
1491 1482 1884 1554 praestantior,
1919 1481 2104 1535 vitam

445 1583 654 1632 exacta
678 1580 851 1630 aetate
876 1575 1078 1628 finivit.
1104 1574 1328 1628 Tertius
1359 1573 1607 1628 fulmine
1630 1573 1780 1626 ictus
1799 1577 1899 1625 est.
1922 1572 2107 1635 Quar—

444 1672 538 1720 tus
567 1665 777 1719 morbo
797 1664 914 1718 vita
940 1662 1486 1726 decessit.Quintus
1506 1679 1540 1715 a
1567 1660 1909 1731 pastoribus
1933 1659 2107 1729 juguo

3721 293 3836 348 100

2953 414 3073 468 NZ'.

2465 506 2754 557 Ἀππίοινοῦ
2801 505 3063 576 Ῥωμαικά
3103 508 3150 556 ἑν
3183 503 3407 577 βιϐλίοις
3445 501 3558 561 κδ’.

2283 593 2613 662 Ἀνεγνωσθη
2674 595 2966 647 Ἀππιανου
3012 594 3271 666 Ῥωμαὶκη
3339 597 3562 667 ἱστορία,
3619 599 3669 647 ἐν
3735 602 3834 667 μεν

2214 686 2430 752 τεύχεσι
2458 689 2620 753 τρισὶ,
2655 682 2824 754 λόγοις
2870 681 2928 735 δὲ
2959 681 3066 736 κδ’.
3102 686 3195 735 Ὧν
3225 685 3248 735 6
3295 689 3383 752 μεν
3416 693 3619 756 πρῶτος
3670 691 3836 757 τόμος

2214 779 2312 822 τῶν
2360 771 2488 822 ἑπτα
2560 770 2837 842 βασιλέων,
2917 773 3197 845 Ῥωμύλου,
3262 777 3444 845 Νουμᾶ
3497 773 3828 846 Πυμπιλίου,

2215 858 2412 929 ’Ἄγκου
2464 860 2751 924 Ὁστιλίου,
2805 867 2891 913 καὶ
2935 860 3138 933 Ἀγκου
3179 862 3350 935 ἐτέρου
3398 869 3486 913 τοῦ
3543 869 3630 914 καὶ
3677 871 3835 938 Μαρ-

2214 953 2351 1010 κίου,
2409 948 2648 1019 ἐπιγόνου
2725 957 2930 1022 Νουμᾶ,
3010 955 3319 1023 Ταρκυνίου,
3385 951 3619 1024 Ἐρουίου
3679 953 3829 1004 Τυλ-

2213 1036 2346 1101 λίου,
2398 1044 2486 1089 καὶ
2542 1045 2831 1111 Ταρκυνίου
2891 1045 3112 1092 Λευκίου
3166 1048 3254 1092 του
3325 1046 3637 1113 Ταρκυνίου,
3703 1044 3832 1093 τούς

2223 1146 2313 1177 των
2361 1136 2459 1178 τῶν
2515 1128 2642 1179 ἑπτὰ
2689 1131 2815 1202 ἔργα
2861 1149 2913 1181 τε
2968 1134 3055 1181 καὶ
3105 1130 3316 1204 πράξεις
3361 1137 3613 1203 περιέχει.
3656 1132 3754 1182 Ὧν
3800 1132 3828 1182 6

2219 1225 2412 1286 πρῶτος
2468 1222 2690 1278 κτίστης
2765 1237 2817 1270 τε
2890 1218 3086 1289 Ῥώμης
3142 1224 3230 1271 καὶ
3283 1219 3519 1279 οἰκιστὴς
3571 1227 3824 1291 γεγονὼς,

2216 1305 2376 1377 ἄρξας
2433 1325 2485 1357 τε
2557 1314 2822 1379 πατρικῶς
2887 1308 3074 1379 μᾶλλον
3161 1309 3189 1366 ἣ
3276 1317 3610 1382 τυραννικῶς,
3686 1311 3829 1381 ὅμως

2217 1394 2444 1464 ἐσφάγη,
2475 1396 2503 1452 ἡ
2540 1398 2602 1453 ὡς
2646 1395 2790 1446 ἄλλοι
2835 1403 3011 1467 φασὶν,
3059 1398 3343 1467 ἠφανίσθη.
3377 1397 3433 1450 Ὀ
3479 1395 3536 1450 δε
3578 1394 3828 1471 δεύτερος

2217 1480 2365 1534 οὐδὲν
2396 1485 2550 1541 ἧττον
2593 1482 2977 1555 βεϐασιλευκὼς
3024 1487 3092 1547 ⁸⁵,
3145 1487 3186 1537 εἰ
3234 1491 3305 1557 μὴ
3347 1492 3435 1539 καὶ
3483 1486 3698 1558 μᾶλλον,
3736 1492 3827 1538 τόν

2218 1571 2400 1623 ἑαυτου
2451 1572 2565 1644 βίον
2618 1572 2912 1631 ἐτελεύτησε
2954 1576 3123 1635 ζήσας
3165 1577 3234 1629 ⁸⁷.
3282 1574 3339 1626 Ὀ
3386 1573 3444 1627 δὲ
3501 1580 3676 1646 τρίτος
3717 1576 3828 1627 ἐκε-

2214 1663 2453 1734 ραυνώθη
2500 1681 2512 1692 ·
2564 1668 2698 1732 νόσῳ
2755 1659 2812 1714 δε
2854 1668 2936 1713 τόν
2987 1664 3103 1734 βίον
3150 1665 3174 1714 6
3221 1668 3456 1735 τέταρτος
3497 1665 3780 1727 ὑπεξῆλθεν
3811 1683 3821 1693 ·

441 1755 596 1809 latus
624 1753 809 1824 periit.
841 1754 1052 1806 Sextus
1098 1750 1366 1805 similiter
1408 1766 1620 1813 caesus,
1677 1750 1861 1804 vitam
1916 1753 2098 1802 morte

2217 1752 2240 1800 6
2297 1747 2355 1801 δὲ
2410 1755 2638 1821 πέμπτος
2697 1752 2796 1802 ὑπὸ
2849 1757 3102 1822 ποιμένων
3158 1751 3379 1824 ἐσφάγη,
3432 1757 3518 1804 καὶ
3598 1756 3622 1803 6
3672 1755 3829 1815 ἕκτος

443 1843 850 1898 commutavit.
885 1841 1179 1911 Septimus
1223 1847 1278 1894 et
1312 1840 1455 1894 urbe
1485 1844 1543 1894 et
1568 1853 1751 1908 regno
1778 1838 1856 1892 ob
1905 1843 2105 1907 tyran-

440 1930 642 1986 nidem
675 1934 917 1985 exactus
947 1932 1052 1984 est.
1087 1928 1225 1982 Inde
1259 1928 1450 1982 soluto
1485 1942 1685 1995 regno,
1719 1925 1795 1982 ad
1827 1925 2102 1980 consules

441 2021 761 2090 imperium
797 2017 1171 2074 translatum.
1205 2020 1334 2071 Haac
1380 2017 1620 2088 quidem
1677 2016 1907 2086 primus
1954 2013 2104 2068 liber

441 2109 882 2180 complectitur:
906 2107 1405 2176 undeinscriptio,
1431 2106 1835 2161 Romanorum
1851 2103 2097 2174 Regalis.

444 2200 753 2254 Secundus
771 2197 920 2251 liber
938 2195 1135 2258 habet,
1155 2209 1290 2266 qum
1311 2197 1366 2248 iu
1388 2194 1617 2266 reliqua
1646 2192 1830 2261 Italia,
1857 2196 2100 2263 excepta

439 2303 531 2352 ea,
559 2303 694 2359 quae
725 2285 803 2341 ad
836 2301 996 2340 mare
1032 2284 1258 2338 Ionium
1279 2290 1385 2350 est,
1420 2293 1584 2350 gesta
1603 2288 1775 2336 sunt:
1811 2281 1940 2351 ejus
1972 2282 2100 2334 titu-

442 2376 535 2431 lus
565 2394 577 2432 :
608 2378 999 2431 Romanorum
1036 2372 1271 2428 Italica.
1307 2375 1574 2442 Sequens
1607 2371 1752 2426 liber
1805 2373 2098 2425 Romano-

441 2480 576 2520 rum
608 2464 764 2519 bella
793 2480 930 2517 cum
961 2461 1328 2518 Samnitibus
1348 2461 1520 2515 refert
1549 2467 1706 2532 (quae
1735 2475 1878 2529 gens
1899 2458 2099 2528 ϐορίο-

446 2569 533 2618 sa,
559 2561 1025 2624 expugnatuque
1051 2550 1328 2616 difficilis,
1366 2557 1426 2604 ut
1453 2549 1550 2603 vix
1587 2550 1760 2604 annis
1792 2547 2098 2615 octoginta

445 2643 682 2697 Romani
699 2641 850 2696 bello
867 2640 1140 2711 subigere
1157 2639 1728 2710 potuerint)qua3que
1743 2643 1952 2706 gentes
1969 2653 2093 2691 cum

445 2731 558 2785 illis
600 2730 822 2786 bellum
882 2729 1192 2796 gesserint.
1255 2727 1639 2782 Inscribitur:
1699 2728 2094 2782 Romanorum

445 2820 792 2878 Samnitica.
837 2821 1091 2884 Quartus
1123 2833 1281 2881 vero,
1313 2816 1476 2888 quod
1505 2833 1640 2871 cum
1693 2816 1866 2870 Gallis
1893 2818 2096 2870 Roma-

445 2926 656 2965 norum
711 2907 867 2963 bella
931 2906 1162 2970 referat,
1226 2905 1566 2960 inscribitur
1625 2923 1636 2959 :
1695 2905 2093 2960 Romanorum

453 2999 604 3070 16a
636 2998 868 3053 Celtica.
905 2996 996 3049 Sic
1028 3001 1083 3049 et
1106 2995 1311 3065 reliqui
1360 2995 1568 3048 ordine
1622 2993 1765 3047 libri.
1823 2994 2091 3057 Quintus,

446 3088 842 3142 Romanorum
869 3085 1153 3148 Sicula,el
1192 3083 1485 3137 Insularis
1512 3083 1858 3153 ;quodcum
1886 3081 2094 3135 Siculis

449 3182 506 3232 et
556 3174 842 3230 lnsulanis
897 3181 1059 3240 gesta
1091 3178 1531 3226 commemoret.
1557 3172 1782 3233 Sextus,
1806 3172 2094 3225 Romano-

446 3281 576 3319 rum
608 3263 860 3318 Iberica.
897 3260 1624 3333 Septimus,Romanorum
1645 3259 2048 3314 Hannibalica
2079 3278 2090 3326 ;

446 3353 610 3425 quod
642 3369 777 3408 cum
813 3350 1136 3405 Hannibale
1169 3348 1454 3403 Punicum
1489 3349 1709 3403 bellum
1732 3347 1965 3402 referat.
1993 3347 2096 3403 0c-

446 3449 642 3506 tavus,
681 3442 916 3511 Libyca,
950 3441 1184 3494 Punica
1217 3446 1266 3494 el
1285 3439 1611 3493 Numidica.
1634 3441 1853 3505 Nonus,
1886 3439 2094 3492 Roma-

448 3548 651 3587 norum
676 3529 1074 3586 Macedonica.
1127 3529 1415 3591 Decimus,
1444 3529 1836 3582 Romanorum
1896 3527 2097 3580 Graeca

447 3627 501 3677 et
531 3621 748 3676 Ionica.
786 3619 1164 3679 Undecimus,
1199 3618 1593 3671 Romanorum.
1640 3616 1841 3685 Syrica
1873 3621 1925 3670 et
1959 3615 2098 3670 Par-

446 3709 619 3765 thica.
654 3709 1069 3769 Duodecimus,
1103 3707 1507 3760 Romanorum
1561 3705 2004 3760 Mithridatica.
2037 3706 2097 3760 Et

449 3799 729 3854 hactenus
754 3796 998 3868 quidem
1031 3811 1165 3864 quae
1189 3795 1476 3848 adversus
1503 3807 1734 3848 exteras
1761 3798 1966 3863 gentes
1994 3796 2097 3848 Bo-

446 3888 640 3943 manis
671 3886 831 3942 edita
890 3884 1176 3949 facinora,
1208 3884 1483 3954 bellaque
1512 3891 1698 3952 gesta,
1733 3889 2049 3938 narrantur
2082 3900 2094 3949 ;

445 3977 779 4047 eademque
812 3975 922 4028 hoc
948 3972 1152 4027 ordine
1194 3988 1296 4043 per
1327 3972 1514 4026 libros
1567 3972 1882 4026 distributa
1935 3976 2095 4026 sunt.

447 4066 589 4132 Qua:
617 4081 755 4120 vero
785 4064 936 4118 inter
955 4078 1016 4117 se
1037 4061 1291 4117 Romani
1324 4060 1753 4117 tumultuantes
1780 4059 1936 4116 bella
1972 4075 2098 4130 ges-

446 4158 667 4217 serunt,
699 4153 975 4222 deinceps
1004 4151 1140 4204 libri
1170 4147 2097 4221 commemorant,quoruminde

446 4242 649 4297 titulus
680 4258 693 4294 :
729 4241 1010 4296 Civilium
1047 4240 1344 4294 Bellorum
1374 4240 1617 4307 primus,
1659 4241 2097 4306 secundus,ler—

449 4331 586 4396 lius,
617 4334 672 4383 et
695 4327 903 4383 ordine
930 4327 1006 4380 ad
1038 4343 1264 4381 nonum
1291 4343 1481 4397 usque
1508 4328 1742 4391 librum,
1764 4328 1865 4398 qui
1887 4329 1946 4382 in
1972 4329 2097 4384 uni-

447 4432 685 4473 versum
720 4415 947 4486 primus
973 4418 1062 4468 est
1091 4418 1148 4467 et
1174 4415 1685 4468 vicesimus.Liber
1715 4421 1915 4469 autem
1942 4416 2093 4470 vice-

2215 1841 2400 1909 ὁμοίως
2430 1847 2603 1911 σφαγῇ
2639 1840 2956 1910 κατέστρεψε
2988 1842 3034 1874 ⁸⁸
3081 1845 3165 1891 τὸν
3216 1840 3353 1913 βίον.
3385 1840 3443 1892 Ὀ
3495 1838 3552 1894 δὲ
3597 1838 3827 1913 ἕϐδομος

2213 1934 2300 1979 καὶ
2327 1936 2415 1989 τῆς
2446 1928 2632 1989 πόλεως
2664 1935 2750 1980 καὶ
2783 1938 2870 1989 τῆς
2897 1928 3171 2002 βασιλείας
3203 1940 3510 2002 παρανομῶν
3543 1930 3771 1994 ἐξηλάθη
3809 1951 3822 1963 ο

2213 2015 2264 2078 ἐξ
2317 2017 2376 2067 οὗ
2426 2025 2518 2078 τῆς
2567 2015 2838 2088 βασιλείας
2889 2018 3267 2082 καταλυθείσης
3312 2019 3379 2080 εἰς
3426 2024 3542 2079 τοὺς
3586 2021 3825 2083 ὑπάτους

2211 2109 2275 2156 τὰ
2303 2116 2393 2167 τῆς
2425 2104 2600 2179 ἀρχῆς
2630 2109 2894 2178 μετετέθη.
2939 2108 3003 2160 Ἃ
3035 2111 3124 2178 μέν
3159 2103 3244 2159 οὖν
3275 2110 3319 2143 ⁸⁹
3371 2110 3397 2160 δ
3434 2117 3630 2183 πρώτθί
3673 2109 3827 2181 λ⁶7⁰ς

2211 2199 2463 2268 περιέχει,
2513 2198 2676 2246 ταυτά
2735 2195 2849 2246 ἐστι
2907 2213 2918 2225 ⁸
2999 2197 3337 2268 ἐπιγράφεται
3401 2193 3460 2249 δὲ
3515 2197 3824 2268 Ῥωμαὶκών

2212 2281 2462 2354 βασιλικη
2503 2301 2514 2312 ·
2551 2286 2574 2334 6
2607 2280 2664 2335 δὲ
2698 2280 2936 2356 δεύτερος
2983 2289 3043 2336 τὰ
3075 2285 3145 2346 εἰς
3191 2292 3284 2342 την
3325 2285 3482 2343 α’λλην
3514 2288 3560 2320 ⁹⁰
3593 2287 3824 2339 Ἰταλίαν

2209 2378 2378 2444 χωρὶς
2421 2381 2516 2432 τῆς
2560 2375 2702 2446 παρὰ
2746 2378 2830 2424 τόν
2873 2373 3058 2424 κόλπον
3105 2377 3188 2424 τόν
3221 2377 3396 2426 Ἰόνιον
3428 2377 3470 2410 ⁹¹
3512 2391 3526 2405 ⁶
3559 2375 3672 2432 ou
3708 2377 3821 2427 ἐπι-

2207 2467 2377 2535 γραςμὴ
2426 2461 2722 2534 Ῥωμαίκὼν
2777 2461 3030 2520 Ἰταλικη.
3103 2462 3159 2515 Ὀ
3218 2460 3275 2514 δὲ
3345 2463 3518 2536 ἐφεξῆς
3581 2471 3826 2539 περιέχει

3669 2556 3824 2613 ἔθνος

2207 2643 2342 2710 μέγα
2390 2659 2440 2690 τε
2499 2646 2587 2690 καὶ
2640 2639 2868 2710 χαλεπόν
2935 2639 3177 2711 πολέμοις
3247 2646 3477 2714 γεγονός,
3556 2643 3679 2714 ὅπερ
3763 2641 3816 2692 ἐν

2209 2554 2292 2601 τὸν
2350 2554 2480 2623 πρός
2537 2554 2657 2612 τοὺς
2726 2557 2974 2612 Σαυνίτας
3033 2550 3294 2621 Ῥωμαίων
3355 2558 3591 2622 πόλεμον,

2206 2732 2369 2780 ἔτεσιν
2426 2726 2754 2799 ὀγδοήκοντα
2811 2730 3054 2800 Ῥωμαῖοι
3112 2730 3448 2801 πολεμοῦντες
3517 2731 3661 2802 μόλις
3721 2733 3824 2783 ὑπ-

2207 2820 2486 2888 ηγάγοντο,
2543 2823 2634 2870 σὺν
2691 2820 2863 2880 αὐτοῖς
2918 2817 2976 2871 δὲ
3017 2825 3100 2871 καὶ
3163 2823 3264 2872 ὅσα
3303 2821 3476 2882 αὐτοῖς
3523 2824 3824 2892 συνεμάχει

2204 2909 2320 2964 ἔῡνη
2367 2927 2377 2938 ·
2423 2905 2760 2980 ἐπιγράφεται
2811 2905 2866 2960 δε
2914 2905 3212 2980 Ῥωμαϊκῶν
3261 2909 3577 2967 ’Σαυνιτική.
3635 2910 3695 2961 Ὀ
3755 2907 3820 2962 δε

2205 3000 2465 3068 τέταρτος,
2525 2995 2631 3047 ἐπεὶ
2684 3001 2768 3047 τόν
2836 3000 2965 3069 πρὸς
3020 2997 3234 3058 Κελτοὺς
3288 3001 3334 3032 9³
3388 3003 3623 3072 περιέχει
3693 2999 3819 3051 Ῥω-

2204 3090 2370 3156 μαίων
2447 3085 2684 3156 πόλεμον,
2772 3085 3113 3160 ἐπιγράφεται
3186 3088 3483 3160 Ῥωμαῐκών
3571 3090 3659 3156 [49
3721 3089 3813 3157 8.]

2209 3173 2446 3230 Κελτική.
2496 3180 2593 3226 Καὶ
2635 3176 2682 3225 οἱ
2731 3175 2900 3226 λοιποὶ
2950 3178 3081 3227 κατά
3125 3180 3211 3227 τόν
3248 3177 3402 3228 αὐτὸν
3450 3176 3617 3247 λόγον,
3661 3179 3686 3228 6
3721 3181 3819 3249 μὲν

2205 3268 2435 3333 πέμπτος
2506 3263 2801 3335 Ῥωμαικών
2877 3265 3110 3322 Σικελικὴ
3187 3270 3275 3318 καὶ
3334 3271 3642 3329 νησιωτικη,
3704 3265 3820 3318 ἐπεὶ

2206 3355 2336 3425 πρὸς
2367 3352 2600 3414 Σικελοὺς
2631 3355 2677 3387 9³
2708 3359 2797 3404 καὶ
2842 3360 3100 3414 νησιώτας
3133 3372 3144 3382 '
3179 3356 3205 3405 6
3252 3352 3310 3407 δὲ
3346 3357 3490 3415 ἕκτος
3513 3355 3820 3426 Ῥωμαῐκῶν

2208 3439 2440 3514 Ἰϐηρική
2486 3443 2558 3492 '6
2608 3439 2664 3493 δε
2697 3439 2920 3513 ἕϐδομος
2974 3443 3270 3514 Ῥωμαῑκῶν
3318 3443 3642 3507 Ἀννιϐαικη,
3701 3445 3822 3496 ἐπεὶ

2209 3548 2294 3580 τον
2342 3533 2470 3602 πρὸς
2515 3529 2752 3583 ’Λννίϐαν
2793 3532 2839 3565 9⁴
2881 3535 2966 3582 τόν
3020 3528 3389 3603 Καρχηδόνιον
3437 3537 3674 3606 περιέχει
3717 3539 3818 3584 πό-

2208 3617 2376 3688 λεμον,
2429 3617 2672 3688 όόγδοος
2701 3619 2996 3691 Ῥωμαϊκῶν
3054 3620 3257 3679 Λιϐυκὴ
3312 3623 3380 3686 ⁸⁵,
3427 3617 3818 3695 Καρχηδονικη

2209 3713 2297 3758 καὶ
2350 3706 2625 3779 Νομαδικη
2679 3729 2691 3739 ·
2731 3711 2755 3760 6
2789 3706 2846 3761 δε
2873 3711 3039 3770 ἔνατος
3080 3710 3376 3781 Ῥωμαϊκῶν
3425 3707 3759 3767 Μακεδονική
3807 3728 3820 3740 ·

2209 3798 2234 3845 6
2291 3792 2349 3846 δὲ
2395 3794 2612 3857 δέκατος
2674 3797 2970 3868 Ῥωμαικων
3026 3799 3292 3856 Ἐλληνική
3372 3804 3456 3850 xui
3534 3798 3740 3856 Ἰωνική
3807 3817 3820 3829 ο

2209 3886 2235 3935 6
2277 3882 2334 3935 δὲ
2392 3881 2658 3945 ἑνδέκατος
2686 3885 2982 3957 Ῥωμαϊκῶν
3023 3893 3249 3961 Συριακὴ
3301 3894 3388 3940 καὶ
3435 3889 3668 3960 Παρθικὴ
3729 3907 3741 3919 ·
3794 3890 3821 3938 6

2212 3973 2269 4024 δὲ
2315 3970 2612 4034 δωδέκατος
2658 3974 2958 4046 Ῥωμαικών
3018 3973 3417 4050 Μιθριδάτειος.
3480 3982 3577 4029 Καὶ
3625 3978 3691 4028 τὰ
3727 3980 3824 4047 μὲν

2211 4067 2338 4135 πρὸς
2377 4061 2688 4134 ἀλλοφύλους
2733 4063 3005 4136 Ῥωμαίοις
3038 4062 3436 4138 ἐπιδεδειγμένα
3488 4068 3614 4138 ξογα
3641 4085 3698 4118 τε
3724 4072 3826 4118 καὶ

2210 4153 2258 4202 οἱ
2296 4150 2510 4223 πόλεμοι
2551 4154 2598 4187 οδ
2630 4153 2677 4204 ἐν
2707 4157 2904 4214 τούτοις
2952 4159 3039 4206 καὶ
3068 4156 3200 4207 οὕτω
3230 4159 3478 4227 τυγχάνει
3511 4162 3618 4216 τοίς
3642 4154 3827 4226 λόγοις

2209 4239 2426 4292 ἐνταῦθα
2475 4239 2766 4315 διῃρημένα
2802 4263 2814 4275 ·
2845 4246 2945 4295 ὅσα
2995 4240 3052 4296 δὲ
3098 4244 3244 4296 αὐτοὶ
3292 4244 3534 4316 Ῥωμαῖοι
3567 4249 3699 4318 πρὸς
3732 4243 3825 4296 ἁλ-

2207 4330 2392 4392 λήλους
2424 4330 2749 4384 ἐστασίασαν
2792 4339 2880 4385 καὶ
2930 4333 3272 4403 ἐπολέμησαν,
3322 4337 3374 4384 αἱ
3425 4333 3596 4405 ἐφεξῆς
3637 4331 3826 4404 βίϐλοι

2209 4415 2480 4487 δηλοῦσιν,
2516 4420 2803 4495 ἐπιγραφὴν
2862 4419 3140 4494 δεξάμεναι
3199 4421 3454 4494 ἐμφυλίων
3507 4427 3687 4494 πρώτη
3743 4424 3828 4491 ’7,

449 4506 636 4560 simus
661 4503 979 4567 secundus,
1009 4501 1351 4556 inscribitur
1397 4503 1819 4558 ILkatonlaelia
1860 4504 1942 4573 (id
1983 4511 2090 4569 est,

2212 4507 2463 4580 ἐμφυλίων
2523 4507 2760 4582 δευτέρα,
2840 4517 2928 4562 καὶ
3015 4511 3131 4573 ἑξῆς
3190 4516 3354 4585 μέχρι
3409 4519 3502 4570 τῆς
3560 4509 3831 4583 ἐμφυλίων

450 4609 746 4652 annorum
776 4591 1083 4661 centuria,)
1121 4593 1443 4662 Insequens
1475 4591 1639 4650 liber,
1675 4592 1914 4648 Dacica.
1939 4592 2095 4648 Vice-

452 4684 640 4739 simus
679 4689 945 4756 quartus,
975 4680 1258 4737 Arabica.
1288 4681 1474 4750 Atque
1506 4679 1620 4735 ista
1671 4679 1959 4736 universae
2010 4682 2095 4736 hi-

453 4773 648 4830 storiae
663 4773 895 4844 partitio
913 4775 1022 4827 est.
1043 4771 1333 4826 Bellorum
1351 4776 1550 4825 autem
1565 4769 1828 4824 civilium
1841 4769 2008 4826 libris
2027 4788 2096 4829 ea

450 4863 712 4936 primum
733 4860 1129 4926 continentur,
1161 4874 1297 4931 quae
1337 4858 1555 4914 Marius
1587 4866 1642 4914 et
1671 4857 1831 4929 Sylla
1852 4859 2004 4916 inter
2034 4878 2094 4916 se

2208 4600 2296 4668 μὲν
2339 4597 2536 4663 ἐνάτης,
2595 4609 2690 4661 τῆς
2737 4597 2794 4652 δε
2847 4601 2961 4659 ὅλης
3011 4603 3247 4663 ἱστορίας
3289 4600 3527 4660 εἰκοστῆς
3577 4606 3820 4674 πρώτης.

2207 4694 2264 4738 '0
2296 4684 2353 4738 δε
2409 4687 2639 4749 εἰκοστός
2681 4686 2921 4762 δεύτερος
2977 4689 3125 4761 λόγος
3171 4688 3510 4764 ἐπιγράφεται
3537 4688 3834 4744 Ἐκατοντα

2211 4778 2337 4840 ετία,
2392 4777 2416 4826 ό
2465 4773 2523 4828 δε
2555 4776 2732 4849 ἐφεξῆς
2781 4782 3002 4845 Δακικη,
3042 4783 3130 4830 καὶ
3173 4780 3197 4829 ό
3229 4779 3276 4813 93
3302 4778 3531 4838 εἰκοστός
3570 4781 3833 4851 τέταρτος

2212 4863 2455 4938 Ἀράϐιος
2487 4868 2557 4919 ³9.

1789 4985 2018 5040 VARUS
2061 4986 2468 5045 LECTIONES.

521 5114 570 5184 ⁸⁸⁷
588 5119 688 5184 τοῦ
717 5112 1005 5184 Ταρκυνίου
1038 5105 1184 5184 add.
1220 5108 1286 5160 A-

449 5183 697 5238 cbelius.
795 5173 857 5215 ’⁸⁸
884 5179 1161 5253 κατέτριψε
1192 5199 1245 5242 ς.
1351 5178 1396 5211 ⁸9
1412 5173 1506 5253 οὖν
1537 5193 1657 5232 om.
1682 5181 1745 5231 Α,

449 5257 496 5290 ⁹²
522 5254 723 5314 κελτους
742 5257 789 5309 Α
818 5273 830 5309 :
859 5257 979 5314 τοὺς
999 5249 1218 5324 κόλπουλς
1250 5271 1307 5314 ς’.
1382 5249 1430 5286 9³
1454 5253 1714 5324 πρὸςτοὺς
1737 5251 1969 5312 σικελούς
2000 5273 2054 5324 ς.

1394 5105 1440 5140 ⁸⁸
1456 5104 1859 5176 -βεϐασιλευκὼς
1891 5103 1943 5158 εὖ
1976 5108 2017 5159 εἰ
2048 5109 2446 5176 Οεςᾳυὺοῐιυε,

1835 5181 1882 5257 ⁹Α⁰
1909 5182 1972 5257 τα
1994 5179 2064 5242 εἰς
2094 5177 2408 5257 τὴν].τα.ῡτά
2436 5181 2576 5234 ἐστιν
2609 5191 2647 5237 Α
2687 5201 2697 5239 :
2730 5191 2960 5257 περιέχει
2991 5189 3054 5238 τὰ
3080 5187 3153 5248 εἰς
3182 5191 3274 5244 τὴν
3311 5208 3366 5250 ς’.

2133 5254 2182 5288 ⁹¹⁸
2205 5252 2442 5306 ἀνίϐατον
2459 5262 2580 5310 κ.Λ.

2552 5113 2594 5146 ⁸⁷
2615 5112 2801 5220 Δζήσας
2833 5113 2982 5200 deest
3013 5129 3314 5203 aimoram
3347 5129 3622 5220 numgeras
3657 5117 3842 5173 Hms-

3550 5206 3729 5238 ιωνιον
3765 5212 3830 5254 ς’,

2659 5258 2705 5291 9⁵
2731 5254 2921 5316 λυδικῆ
2960 5279 3014 5322 ς’.
3095 5260 3141 5294 ⁸⁸
3177 5257 3413 5330 πολέμιοι
3442 5259 3509 5312 Α.
3591 5259 3642 5292 9⁷
3671 5268 3835 5332 πρώ-

450 5346 512 5386 τη
553 5358 611 5367 -
644 5324 679 5398 β
710 5329 755 5379 Α
786 5342 798 5380 :
832 5333 1032 5397 πρῶτος
1070 5353 1131 5364 --
1172 5319 1407 5394 δεύτερος
1441 5319 1500 5386 ςζ
1575 5323 1622 5357 9⁸
1646 5327 1733 5374 καὶ
1765 5324 1860 5375 όΑ
1895 5340 1907 5377 :
1943 5325 1968 5374 6
2005 5320 2063 5376 δὲ
2100 5345 2156 5388 ς’.
2235 5327 2282 5360 ⁹⁹
2311 5324 2561 5400 αρῥάϐιος
2594 5348 2648 5392 ς’.

2018 5444 2244 5504 NOTAE.

518 5577 598 5647 ('2)
625 5576 704 5630 De
735 5589 858 5647 qua
886 5579 939 5628 et
971 5571 1184 5647 Suidas
1214 5589 1226 5629 :
1283 5571 1678 5647 eamdemque
1715 5569 1790 5626 ad
1848 5571 2096 5647 verbum

446 5643 598 5722 pene
622 5643 990 5722 descriptam
1041 5659 1072 5698 θ
1100 5643 1433 5722 Ρζιιιςνιιὶε
1447 5715 1456 5722 _
1474 5643 1871 5722 observarunt
1911 5644 2095 5722 docti.

518 5720 768 5804 (3)1.ege
799 5712 990 5783 Tullo,
1023 5730 1098 5771 ex
1155 5712 1335 5782 Livio,
1395 5713 1638 5789 Dionys.
1700 5713 1996 5774 Halicarn.
2043 5719 2100 5772 et

2211 5574 2574 5778 23%;?qu
2600 5663 2774 5707 serva
2797 5653 2984 5708 natus
3012 5653 3191 5717 esset.
3237 5646 3487 5722 Dionys.
3518 5637 3862 5712 Halicam.‘
