4046 6228
149 291 213 348 tot
1219 286 1712 345 BIBLlOTHECA.
1755 319 1820 330 -ο
1862 285 2024 341 COD.
2067 285 2232 344 LVII.

3309 290 3416 344 102

189 417 302 468 Οὕτω
338 421 417 485 μεν
441 421 533 476 τῆς
576 413 696 475 ὅλης
730 417 962 488 ἱστορίας
992 414 1022 470 ἠ
1071 408 1354 484 διαίρεσις.
1405 412 1651 486 Ἐμπερι-

1771 412 2177 482 belligerantes
2215 418 2542 484 patrarunt.
2586 413 2807 468 Deinde
2837 429 2966 484 qum
3013 414 3335 484 Pompeius
3367 420 3422 469 et

141 525 266 576 ιχιτκι
296 504 372 575 [23
411 501 474 576 Η]
513 499 570 555 δε
612 511 724 564 τοῖς
769 501 1037 575 ἐμφυλίοις
1077 509 1281 568 πρῶτον
1325 504 1414 572 μὶν
1440 505 1503 553 τὰ
1532 507 1650 574 περὶ

140 597 280 665 Μήδιον
323 597 402 644 καί
463 592 650 644 Σύλλαν
718 590 950 650 ἀλλήλοιν
1014 588 1508 661 ἐκπολεμησάντοιν,
1567 595 1651 643 ἕπ-

137 703 211 735 ιετει
243 682 336 732 τὲί
369 685 479 753 περὶ
521 687 797 752 Πομπηίον
839 685 930 731 καὶ
974 677 1185 731 Ἰούλιον
1244 682 1331 730 τὸν
1387 685 1648 754 Καίσαρα,

136 779 196 822 ui
223 773 386 822 τούτοιν
431 771 476 830 ες
521 769 779 830 ἀλλήλους
829 770 1237 821 στασιασάντοιν
1265 774 1356 819 καὶ
1407 768 1652 840 μεγάλαις

129 863 274 930 ,λέχεος
298 863 673 932 προραγέντοιν,
721 861 804 911 ὅτε
851 863 941 910 καὶ
992 859 1022 915 ἠ
1068 859 1212 928 τύχη
1260 857 1409 910 πλέον
1449 859 1652 928 Ἰουλίῳ

124 953 243 1022 ῥοπήν
293 957 653 1022 παρασχοῦσα
707 947 759 1010 ἔς
809 956 948 999 νῶτα
1008 952 1100 998 καὶ
1160 950 1326 1018 φυγὴν
1381 951 1652 1018 Πομπηίον

124 1037 274 1110 ὲρτᾷιν
297 1054 308 1066 ’
333 1037 503 1109 ἑφεξῆς
535 1035 600 1090 δὲ
642 1041 708 1089 τὰ
737 1042 854 1109 περὶ
896 1036 1168 1091 ’Λντώνιον
1199 1037 1220 1070 ³
1247 1040 1335 1088 καὶ
1375 1037 1652 1088 Ὀκτάυῐον

124 1134 321 1202 Καίσαρα,
369 1130 452 1178 τὸν
505 1132 600 1178 καὶ
662 1129 986 1196 Αὔγουστον,
1040 1127 1170 1196 πρὸς
1224 1128 1342 1184 τούς
1394 1121 1655 1198 ἀνδροφό-

118 1235 199 1277 νους
238 1226 317 1266 του
368 1220 620 1288 προτέρου
681 1218 963 1286 Καίσαρος,
1034 1213 1151 1265 καθ’
1211 1213 1264 1263 ὃν
1335 1216 1516 1286 καιρὸν
1563 1219 1652 1265 καὶ

117 1305 246 1357 τοὶλοὶ
276 1313 365 1356 τῶν
412 1303 691 1375 ἐπισήμων
742 1303 1005 1374 Ῥωμαίων
1051 1298 1209 1362 δίκης
1239 1301 1446 1361 ἁπάσης
1488 1307 1654 1375 χωρὶς

116 1398 179 1448 τὴν
214 1391 283 1444 ἐπὶ
326 1395 525 1463 Θανάτῳ
578 1391 906 1463 ἀπήχθησαν
941 1407 952 1419 ·
986 1389 1272 1442 τελευταῖον
1304 1385 1364 1442 δε
1392 1389 1427 1441 οὶ
1474 1389 1524 1451 ἐς
1569 1390 1654 1441 ἀλ-

114 1481 253 1541 λήλους
278 1485 538 1534 συνέπεσεν
570 1486 614 1545 ³,
665 1482 936 1534 Ἀντώνιον
987 1498 1121 1551 φημι
1146 1480 1165 1513 ⁸
1196 1484 1286 1530 καὶ
1328 1482 1650 1549 Αὔγουστον.

113 1572 145 1620 οἱ
187 1571 390 1641 πολέμοις
457 1577 734 1643 κρατεροῖς
804 1569 1052 1630 ἀλλήλους
1106 1564 1514 1639 διεπολέμησαν,
1565 1573 1654 1621 καὶ

112 1657 260 1710 πολλῶν
313 1657 684 1733 στρατοπέδων
756 1660 948 1732 φθορὰν
1011 1656 1410 1730 ἀνειργάσαντο,
1467 1657 1512 1710 εἰ
1565 1663 1655 1710 καὶ

1760 501 1948 557 Julius
1979 503 2170 557 Caesar
2200 506 2534 571 gesserunt,
2562 510 2880 573 postquam
2912 502 3089 557 etiam
3122 502 3181 556 hi
3213 501 3420 557 factio-

1761 590 1942 645 nibus
1991 591 2141 645 inter
2170 606 2232 644 se
2275 589 2657 654 contendere,
2708 590 3042 662 praeliisque
3082 591 3422 660 ingentibus

1762 677 2081 751 conﬂigere
2113 683 2422 750 cmperunt
2451 695 2463 744 ;
2497 679 2744 750 quando
2775 685 2832 733 et
2881 679 3119 734 fortuna
3145 678 3297 734 iulio
3332 678 3420 734 fa-

1762 783 1929 838 vens,
1957 774 2120 836 terga
2146 768 2290 823 dare
2317 784 2388 824 ac
2414 768 2618 837 fugere
2650 768 2999 840 Pompeium
3031 768 3251 840 adegit.
3286 769 3425 824 Post

1763 857 1840 911 ab
1869 858 2123 912 Antonio
2174 866 2228 912 et
2273 857 2516 913 Octavio
2570 857 2816 922 Caesare,
2867 858 2968 928 qui
3019 863 3074 912 et
3119 864 3424 927 Augustus

1763 945 1976 1010 dictus,
2003 950 2172 1013 gesta
2197 961 2336 1000 cum
2363 946 2626 1010 Caesaris,
2645 946 2777 1000 Julii
2805 946 3276 1016 percussoribus,
3301 962 3424 1018 qua

1763 1033 1941 1089 etiam
1990 1038 2342 1104 tempestate
2383 1034 2649 1106 plerique
2694 1037 3094 1090 Romanorum
3141 1035 3423 1090 illustres-

1764 1122 1988 1178 indicta
2017 1139 2221 1189 causa,
2245 1125 2320 1178 ad
2356 1129 2605 1179 mortem
2636 1124 3046 1195 raptabantur.
3081 1125 3340 1194 Denique
3367 1127 3426 1178 et

1763 1227 1900 1283 quas
1929 1212 2082 1266 inter
2123 1212 2286 1284 ipsos
2321 1212 2684 1278 acciderunt,
2731 1212 3049 1267 Antonium
3082 1213 3329 1284 inquam
3371 1218 3425 1266 et

1763 1306 2117 1370 Augustum,
2135 1301 2444 1357 horrendis
2473 1302 2728 1356 invicem
2745 1301 2913 1356 bellis
2936 1317 3072 1356 cum
3096 1302 3422 1357 multorum

1763 1389 2126 1446 exercituum
2175 1397 2370 1462 strage
2401 1389 2787 1458 conﬂigentes
2816 1408 2828 1444 :
2865 1397 2919 1446 et
2952 1391 2998 1445 si
3049 1391 3126 1447 ab
3154 1394 3423 1460 Augusto

1763 1479 2008 1534 tandem
2040 1480 2286 1536 victoria
2316 1481 2490 1546 stetit,
2522 1496 2645 1551 qua
2674 1481 2854 1536 etiam
2885 1497 2921 1536 a
2952 1480 3125 1536 sociis
3155 1482 3424 1536 desertus

1763 1568 2074 1631 Antonius,
2094 1568 2154 1623 in
2176 1572 2495 1640 Egyptum
2518 1568 2888 1639 proﬂigatus,
2917 1569 3015 1624 ubi
3039 1584 3287 1624 manum
3311 1568 3425 1624 sibi

1764 1655 2039 1721 atferens,
2072 1656 2252 1712 vitam
2304 1655 2560 1728 abrupit.
2610 1657 2738 1720 Quo
2787 1656 2927 1711 item
2975 1657 3258 1712 librorum
3288 1655 3426 1711 belli

111 1749 342 1818 Αὐγούστῳ
389 1749 610 1822 ὕστερον
664 1749 695 1805 ἡ
751 1752 866 1818 νίκη
919 1745 1222 1818 ἐμϐλέψασα
1272 1749 1462 1820 ἔρημον
1525 1765 1656 1818 συμ-

1771 1744 1945 1800 civilis
1981 1745 2132 1816 16b
2165 1744 2370 1800 ultimo
2403 1746 2686 1817 Egyptus
2716 1745 3085 1811 describitur,
3135 1751 3194 1800 ut
3222 1745 3281 1800 in
3315 1748 3429 1800 Ro-

111 1837 254 1906 ρέχοιν
279 1836 345 1897 εἰς
389 1839 664 1907 Αἴγυπτον
717 1832 932 1907 φυγάδα
983 1839 1070 1887 τὸν
1118 1838 1393 1887 ’Λντώνιον
1442 1834 1653 1898 ἤλασεν,

111 1925 161 1995 ἐᾷ’
203 1926 256 1986 ξς
298 1931 380 1978 καὶ
423 1926 748 1998 αὐτοχειρίᾳ
799 1929 886 1978 τὸν
929 1923 1044 1998 βίον
1087 1925 1454 1999 κατέστρεψεν.
1484 1924 1658 1997 ᾯιτινι

1765 1849 2086 1890 manorum
2128 1839 2482 1905 potestatem
2512 1833 2774 1889 venerit:
2808 1840 2990 1906 utque
3022 1850 3116 1890 res
3156 1837 3428 1891 Romana

1767 1925 1826 1979 in
1861 1925 2029 1978 unius
2059 1925 2312 1994 Augusti
2343 1923 2663 1993 imperium
2705 1923 2995 1979 reciderit.

110 2022 179 2063 τῶν
203 2013 431 2085 manus
456 2019 569 2067 ὄντι
597 2015 738 2085 λογῳ
769 2016 790 2049 ⁵
820 2014 1092 2085 τελευταίῳ
1118 2019 1207 2066 καὶ
1235 2017 1500 2085 Αἴγυπτος
1539 2010 1816 2082 δηλοῦται,
1848 2014 1915 2074 ὡς
1954 2014 2054 2065 ὑπὸ
2083 2012 2357 2084 Ῥωμαίοις
2381 2015 2402 2047 ⁸
2432 2010 2627 2084 ἐγένετο
2658 2017 2746 2064 καὶ
2773 2015 2838 2064 τᾰ
2859 2012 3122 2085 Ῥωμαίων
3153 2011 3202 2074 ἒς
3232 2030 3426 2086 μοναρ-

109 2108 202 2170 χίαν
227 2110 302 2155 καὶ
331 2107 641 2174 Αὔγουστον
668 2099 1040 2175 ἑπανίδραμεν.

158 2191 382 2262 Ἀρχεται
435 2196 526 2264 μὲν
583 2189 676 2244 οὖν
727 2201 820 2252 τῆς
873 2193 1112 2264 ἱστορίας
1161 2190 1262 2243 ἀπὸ
1316 2191 1522 2246 Αἰνείου
1562 2200 1654 2244 τοῦ

110 2281 316 2350 Ἀγχίσου
353 2290 443 2333 τού
505 2284 725 2342 Κάπυος
759 2297 770 2308 ·
804 2280 855 2340 ὃς
902 2278 950 2332 ἓν
1007 2288 1080 2350 τῷ
1121 2287 1339 2352 Τρωίκῷ
1396 2284 1602 2352 ἤκμασε
1634 2281 1653 2314 ⁷

109 2368 279 2438 πολέμου,
332 2373 461 2440 μετὰ
537 2367 602 2422 δι
651 2374 745 2428 την
811 2369 1004 2420 οἷλωσιν
1080 2378 1174 2430 τῆς
1226 2373 1430 2440 Τρωίας
1479 2373 1652 2441 ἔφυγε,

109 2465 173 2506 καί
199 2461 302 2528 μιτά
335 2461 542 2531 μακρὰν
592 2459 792 2515 πλάνην
835 2457 1085 2510 καταπλεῖ
1116 2459 1137 2491 ⁸
1170 2460 1216 2518 ἔς
1244 2477 1360 2509 τινα
1400 2465 1495 2519 τῆς
1527 2459 1655 2511 Ἰτα-

106 2544 192 2605 ita;
253 2547 495 2618 αἰγιαλὸν,
581 2552 849 2619 Λὼρεντον
923 2545 1341 2618 ἐπικαλούμενον,
1395 2548 1514 2599 ἔνθα
1564 2551 1653 2598 καὶ

109 2632 408 2704 στρατοπεδον
438 2635 609 2688 αὐτοῦ
637 2631 928 2698 δείκνυται,
955 2639 1046 2686 καὶ
1073 2639 1165 2692 τὴν
1211 2634 1373 2692 ἀκτὴν
1415 2633 1502 2686 ἀπ’
1529 2634 1652 2688 ἐκεί·

109 2740 172 2771 νου
212 2729 376 2796 Τροίαν
426 2724 706 2776 καλοῦσιν.
775 2723 946 2798 Ἦρχε
992 2728 1108 2775 τοτε
1165 2722 1501 2796 Ἀϐοριγίνων
1557 2733 1655 2775 τῶν

110 2806 204 2878 τῇδε
235 2810 422 2864 Ἰταλῶν
466 2819 668 2871 Φαῦνος
695 2813 753 2873 ὸς
781 2821 870 2863 τοῦ
909 2809 1119 2884 Ἄρεως,
1164 2810 1220 2874 ὃς
1247 2817 1337 2863 καὶ
1385 2814 1658 2882 ζεύγνυσιν

114 2899 250 2969 Αἰνείᾳ
291 2906 376 2958 τὴν
433 2904 706 2974 θυγατέρα
751 2900 912 2951 αὑτοῦ
956 2905 1256 2964 Λαουινίαν,
1298 2904 1388 2952 καὶ
1438 2908 1537 2971 γῆν
1578 2896 1660 2952 δί-

115 2980 240 3036 δωσιν
368 2987 626 3062 περιόδου
667 2987 898 3042 σταδίων
939 2994 1290 3063 τετρακοσίων
1322 2991 1366 3044 ⁸.
1397 2988 1455 3040 Ὀ
1481 2986 1539 3042 δε
1569 2995 1658 3041 πό-

114 3073 171 3122 λιν
204 3081 351 3130 ἔκτισε
405 3081 475 3144 ιο,
526 3086 624 3131 καὶ
672 3080 777 3130 οἱπό
821 3086 912 3138 τῆς
956 3081 1204 3148 γυναικὸς
1243 3082 1520 3130 Λαουίνιον
1571 3081 1660 3130 επ-

115 3169 316 3234 ωνόμασε.
352 3172 522 3241 Τρίτῳ
579 3164 642 3221 δὲ
687 3170 792 3220 ἕτει
841 3175 932 3219 τοῦ
984 3169 1184 3220 Φαύνου
1239 3166 1658 3235 τελευτήσαντος,

113 3249 336 3324 ἐκδέχεται
376 3261 468 3314 τὴν
516 3255 699 3328 ἀρχὴν
733 3257 760 3307 ὁ
807 3256 1010 3317 Αἰνείας
1056 3259 1192 3307 κατὰ
1238 3260 1297 3307 τὸ
1338 3252 1520 3320 κῆδος,
1573 3261 1662 3308 καὶ

113 3343 200 3400 τοὺς
235 3342 549 3415 ’Δϐοριγίνας
601 3344 705 3397 ἀπὸ
750 3352 842 3396 τοῦ
889 3341 1153 3402 κηδεστοῦ
1203 3348 1430 3397 Λατίνου
1462 3348 1662 3398 Φαύνου

118 3434 320 3494 Λατίνους
353 3433 680 3506 ἐπωνόμασε.
712 3437 883 3505 Τρίτῳ
922 3429 981 3486 δι
1020 3435 1124 3486 ἔτει
1164 3434 1314 3486 πάλιν
1345 3430 1440 3486 διὰ
1467 3441 1662 3487 Λαουι-

112 3524 195 3569 vin
245 3526 330 3578 τὴν
393 3531 626 3593 γυναῖκα
683 3524 784 3574 ὑπὸ
834 3521 1142 3575 Ῥουτούλων
1206 3530 1308 3575 τῶν
1362 3521 1656 3597 Τυρρἠνων,

112 3614 575 3679 προμνηστευθεῐσαν
629 3612 796 3664 αὐτῶν
850 3621 921 3683 τῷ
967 3610 1197 3684 βασιλεῖ,
1255 3611 1540 3684 ἀναιρεῖται
1572 3633 1663 3666 πο-

110 3695 228 3765 λέμου
269 3707 394 3772 νάςιῳ
439 3704 464 3754 ὁ
511 3702 744 3766 Αἰνείας,
794 3707 886 3754 καὶ
917 3706 1009 3759 τὴν
1041 3700 1216 3775 ἀρχὴν
1257 3698 1530 3763 διεδέξατο
1561 3703 1664 3755 E6-

111 3785 278 3857 ρυλίων,
340 3790 620 3852 ’Δσκάνεος
685 3792 1106 3863 μετονομασθεὶς,
1181 3791 1231 3851 ὃς
1297 3791 1540 3860 ἐγεννήθη
1590 3801 1662 3864 τῷ

112 3876 252 3948 Αἰνείᾳ
295 3878 346 3931 ἐκ
402 3885 674 3952 Κρεούσης
725 3879 821 3952 [52
871 3880 962 3950 ιι]
1002 3887 1095 3940 τῆς
1147 3882 1408 3952 Πριάμου,
1468 3888 1559 3942 τῆς
1613 3881 1662 3933 ἐν

115 3963 216 4036 Ἰλίῳ
239 3974 498 4041 γενομένης
540 3970 686 4041 αὐτῷ
730 3974 971 4041 γυναικός
1003 3987 1016 4000 ·
1059 3970 1110 4020 οἱ
1149 3965 1210 4021 δι
1249 3967 1303 4021 ix
1331 3978 1427 4030 τῆς
1471 3975 1665 4023 Λαουι-

113 4057 479 4115 νίιςἊσκάνιον
519 4059 670 4130 αὐτῷ
716 4059 1025 4130 γεννηθῆναί
1070 4076 1220 4130 φασι,
1259 4062 1349 4110 τὸν
1397 4054 1664 4130 διάδοχον

113 4149 186 4203 τες
219 4145 394 4218 ἀρχῆς.
425 4151 717 4204 Ἀσκανίου
765 4144 826 4201 δε
856 4146 1253 4207 τελευτήσαντος
1287 4149 1388 4199 ἔτει
1438 4151 1663 4220 τετάρτῳ

115 4236 214 4299 μετὰ
247 4240 331 4293 τήν
357 4237 552 4300 Ἄλϐης
591 4241 789 4290 οἰκισιν
820 4239 862 4272 ¹¹
911 4239 1021 4309 (καὶ
1051 4239 1149 4310 γὰρ
1181 4239 1271 4288 καὶ
1310 4235 1464 4297 οὗτος
1490 4239 1664 4290 ἔκτισε

117 4321 244 4383 πολιν,
287 4325 474 4385 Ἄλϐην
517 4327 764 4390 καλέσας,
810 4330 899 4379 καὶ
949 4325 1051 4378 ἀπὸ
1092 4329 1377 4386 Λαουινίας
1423 4328 1510 4377 τὸν
1540 4323 1661 4375 λαὸν

1839 2190 2108 2246 Historiae
2157 2191 2337 2246 totius
2388 2189 2625 2246 initium
2669 2191 2905 2246 ducitur
2950 2189 3021 2246 ab
3067 2192 3269 2256 Enea,
3303 2191 3428 2248 tilio

1769 2279 2064 2342 Anchisae,
2105 2277 2208 2333 ﬁlii
2237 2279 2470 2350 Capyis,
2505 2280 2608 2351 qui
2657 2280 2912 2348 Trojano
2959 2279 3113 2335 bello
3142 2279 3424 2345 interfuit,

1770 2367 1993 2439 Ilioque
2023 2374 2201 2438 captu
2231 2374 2409 2440 atque
2439 2383 2642 2422 everso
2675 2368 2842 2439 fugit,
2876 2373 2932 2423 et
2965 2368 3142 2424 variis
3165 2369 3431 2440 jactatus

1771 2456 2092 2521 erroribus,
2143 2457 2220 2512 ad
2252 2456 2428 2511 Italiae
2473 2455 2782 2527 quoddam
2814 2456 2975 2512 littus
3010 2474 3070 2512 se
3121 2457 3428 2528 applicuit,

1772 2545 1937 2617 quod
1958 2545 2318 2600 Laurentum
2344 2546 2603 2610 dictum;
2641 2547 2739 2600 ubi
2763 2550 2821 2601 et
2845 2552 3035 2602 castra
3059 2545 3212 2601 illius
3235 2553 3432 2602 osten-

1773 2633 2017 2697 duntur,
2041 2639 2098 2689 et
2125 2649 2198 2688 ex
2223 2635 2350 2705 ipso
2376 2649 2482 2688 ora
2512 2633 2610 2689 illa
2634 2635 2932 2690 maritima
2956 2635 3211 2704 Trojana
3241 2635 3434 2690 nomi-

1774 2729 1970 2777 natur.
1993 2722 2336 2793 Imperabat
2357 2727 2480 2777 tum
2502 2722 2579 2776 ibi
2603 2723 3023 2792 Aboriginibus
3044 2723 3220 2778 Italiae
3245 2739 3432 2795 popu-

1777 2810 1846 2866 lis
1890 2811 2151 2876 Faunus,
2197 2810 2390 2866 Martis
2436 2810 2631 2865 filius:
2677 2812 2780 2881 qui
2830 2817 2886 2866 et
2934 2811 3130 2866 Encas
3175 2819 3430 2882 nuptum

1774 2897 1961 2953 ﬁliam
1991 2915 2161 2954 suam
2212 2899 2512 2955 Laviniam
2545 2898 2728 2965 dedit,
2761 2899 3321 2972 quadringentaque
3352 2900 3430 2970 (5)

1774 2988 1997 3042 circum
2025 2987 2181 3044 circa
2211 2995 2376 3044 terras
2405 2989 2597 3043 stadia
2626 2988 2908 3052 attribuit,
2946 2989 3045 3043 ubi
3078 2989 3291 3044 IEneas
3322 3005 3430 3061 op-

1774 3077 1974 3148 pidum
2012 3077 2348 3144 asdiﬁcavit,
2380 3078 2544 3149 quod
2571 3077 2650 3132 ab
2693 3077 2892 3132 uxoris
2925 3077 3171 3133 Laviniae
3199 3078 3432 3133 nomine

1777 3166 2080 3221 Lavinium
2123 3167 2374 3222 vocavit.
2429 3167 2615 3222 Tertio
2661 3166 2876 3222 abhinc
2916 3182 3094 3235 anno,
3149 3166 3432 3222 exstincto

1775 3255 1995 3323 Fauno,
2012 3255 2335 3327 imperium
2354 3260 2565 3310 nactus
2587 3258 2797 3310 Encas
2821 3260 2926 3316 est,
2942 3256 3073 3325 jure
3094 3254 3426 3319 afﬁnitatis;

1772 3349 1830 3398 et
1855 3343 2219 3413 Aborigenes
2250 3344 2329 3398 ob
2379 3342 2725 3399 afﬁnitatem
2762 3343 2945 3399 Latini
2980 3345 3159 3398 Fauni
3199 3344 3434 3400 Latinos

1772 3431 2122 3488 nominavit.
2171 3433 2362 3488 Tertio
2392 3431 2606 3488 iterum
2659 3448 2819 3488 anno
2850 3449 2886 3488 a
2925 3432 3150 3488 Rutulis
3195 3433 3434 3505 populis

1770 3519 2107 3591 Tyrrhenia
2147 3525 2386 3592 prapter
2417 3520 2747 3585 Laviniam,
2799 3520 3036 3577 illorum
3069 3521 3210 3591 Regi
3258 3529 3436 3578 antea

1771 3610 2155 3680 desponsam,
2202 3609 2354 3665 bello
2409 3609 2630 3664 tollitur
2683 3607 2938 3675 rEneas;
2990 3609 3434 3682 imperiumque

1772 3698 2062 3770 Euryleon
2125 3699 2402 3770 suscepit,
2450 3700 2742 3755 Ascanius
2803 3700 3281 3768 cognominatus.
3332 3700 3434 3754 Hic

1771 3789 1966 3843 dinem
1991 3803 2062 3842 ex
2087 3785 2309 3842 Creusa
2332 3787 2549 3843 Priami
2579 3787 2719 3854 tilia,
2747 3803 2931 3859 quam
2966 3787 3025 3842 in
3055 3787 3155 3842 Ilio
3185 3804 3433 3843 uxorem

1771 3876 2083 3941 habuerat,
2113 3875 2270 3931 ﬁlius
2295 3875 2422 3938 fuit,
2451 3877 2558 3932 etsi
2613 3876 2712 3932 alii
2741 3892 2808 3932 ex
2839 3877 3086 3932 Lavinia
3119 3882 3322 3932 natum
3355 3876 3438 3931 illi

1771 3965 2095 4022 Ascanium
2125 3965 2340 4032 ferunt,
2371 3965 2537 4034 regni
2579 3980 3007 4020 successorem.
3042 3967 3266 4020 Mortuo
3298 3965 3435 4020 dein

1770 4054 2045 4120 Ascanio,
2063 4058 2278 4124 quarto
2296 4060 2434 4124 post
2449 4067 2611 4108 anno
2628 4069 2815 4124 quam
2832 4053 3045 4107 Albam
3067 4052 3432 4122 condiderat,

1770 4137 2019 4207 (etenim
2036 4147 2094 4198 et
2106 4142 2202 4197 hic
2221 4142 2515 4213 oppidum
2537 4141 2828 4208 condidit,
2844 4141 3010 4214 quod
3033 4141 3245 4197 Albam
3271 4141 3439 4197 nomi

1771 4233 1954 4295 navit,
1982 4237 2161 4302 atque
2190 4245 2261 4285 eo
2291 4244 2364 4285 ex
2397 4229 2643 4286 Lavinio
2675 4230 2971 4286 coloniam
3003 4230 3272 4304 deduxit)
3305 4231 3436 4303 Syl—

1771 4323 1898 4378 vius
1940 4320 2106 4390 regni
2152 4319 2422 4376 habenas
2472 4320 2738 4392 accepit:
2794 4321 2974 4392 hujus
3021 4320 3197 4393 Sylvii
3246 4320 3437 4377 tilium

119 4419 366 4480 μετῴκισεν)
415 4414 698 4487 ἐκδέχεται
753 4421 847 4474 τὴν
914 4414 1090 4488 ἀρχὴν
1158 4414 1382 4474 Σιλούιος
1435 4415 1502 4465 ¹².
1560 4418 1658 4466 Καὶ

1772 4412 2016 4466 IEneam
2061 4407 2330 4480 Sylvium
2361 4407 2604 4470 faciunt,
2655 4411 2850 4464 Encas
2881 4409 3018 4464 dein
3063 4408 3250 4465 tilium
3287 4411 3438 4465 Lati-

120 4500 306 4554 hisuiw
353 4503 522 4558 παῖδα
577 4505 789 4559 Αἰνείαν
843 4505 1068 4556 Σιλούιον
1122 4522 1301 4575 φασιν,
1361 4503 1566 4556 Αἰνείου
1604 4499 1663 4554 δε

123 4593 289 4640 min
318 4591 560 4656 Σιλούιον,
612 4600 708 4645 τού
756 4588 815 4644 δε
869 4594 1069 4656 Κάπυν,
1105 4593 1316 4651 Κάπυος
1342 4586 1402 4641 δε
1436 4591 1666 4642 Κάπετον

121 4679 327 4745 ῖοίσθαι,
357 4687 592 4734 Καπίτου
641 4677 700 4734 δι
723 4679 1008 4754 Τιϐερῖνον,
1056 4688 1149 4732 τού
1175 4675 1234 4731 δε
1261 4680 1562 4751 Ἀγρίππαν
1595 4680 1662 4744 υ,

122 4772 187 4815 τοῦ
210 4765 260 4819 δε
280 4768 544 4843 Ῥωμύλον.
580 4775 680 4824 Καὶ
703 4767 856 4823 τόνδε
888 4773 934 4806 ¹⁸
1082 4767 1345 4841 βληθῆναι
1373 4775 1603 4840 κεραυνῷ
1643 4783 1656 4797 ⁸

125 4852 166 4902 τε
197 4862 409 4924 γενέσθαι
458 4857 634 4913 παῖδα
676 4859 982 4926 ’Δϐεντίνον,
1032 4857 1327 4913 Ἀϐεντίνου
1369 4854 1428 4910 δε
1461 4863 1666 4928 Πρόκαν

124 4948 328 5008 ﬁatﬁat.
375 4955 471 5002 Καὶ
519 4957 658 5002 πᾶσι
698 4946 757 5002 δε
800 4952 886 5001 τὸν
935 4947 1164 5001 Σιλούιον
1211 4945 1477 5018 ἐπώνυμον
1517 4941 1663 5000 εἶναι.

125 5033 184 5094 Ti.
205 5030 254 5086 δι
279 5043 445 5112 Βρὸκᾳ
471 5035 576 5092 δύο
616 5037 886 5110 ἐγενέσθην
931 5039 1038 5090 υἱοὶ
1081 5037 1153 5104 ¹⁶,
1182 5033 1534 5111 πρεσϐύτερος
1577 5039 1666 5107 μὲν

1771 4515 1920 4555 num
1949 4496 2216 4569 Sylvium
2248 4497 2597 4553 nominant:
2632 4497 2804 4568 cujus
2832 4496 3021 4552 ﬁlium
3057 4499 3282 4569 Capyn,
3333 4504 3438 4555 Ca-

1775 4589 1908 4660 pyis
1953 4603 2092 4644 vero
2125 4589 2404 4658 Capetum
2433 4586 2620 4642 fuisse
2667 4586 2851 4650 aiunt,
2884 4593 2941 4642 et
2987 4589 3188 4658 Capeti
3218 4586 3440 4644 Tiberi-

1774 4694 1943 4746 num,
1982 4677 2161 4747 hujus
2204 4691 2442 4730 rursum
2483 4677 2827 4747 Agrippam,
2879 4675 3050 4747 cujus
3117 4675 3436 4732 Romulum

1774 4765 1962 4821 ﬁlium
1987 4765 2202 4832 ferunt,
2230 4762 2478 4818 fulmine
2512 4763 2830 4829 sublatum,
2857 4762 3061 4819 relicto
3085 4763 3208 4819 ﬁlio
3248 4766 3441 4820 Aven-

1777 4856 1919 4920 tino,
1953 4870 2025 4909 ex
2054 4869 2169 4924 quo
2199 4853 2432 4908 Procas.
2462 4852 2629 4907 Hisce
2672 4851 2952 4907 omnibus
2993 4851 3175 4922 Sylvii
3210 4869 3438 4909 memo-

1777 4942 2193 5000 rantadditum
2206 4945 2669 5011 cognomentum
2681 4983 2694 4995 .
2712 4940 2910 4996 Procae
2927 4941 3049 4995 duo
3063 4947 3229 4996 erant
3242 4939 3437 5007 liberi;

1779 5035 1925 5088 natu
1980 5031 2176 5102 major
2207 5033 2480 5086 Nemetor
2522 5029 2626 5101 (6),
2658 5028 2860 5084 minor
2904 5027 3177 5084 Amulius
3216 5026 3439 5084 dictus.

1411 5159 1649 5216 VARLE
1688 5155 2090 5213 LECTIONES.

179 5265 190 5297 ¹
215 5268 368 5321 ἒπειτα
390 5266 448 5323 δ“ε
472 5271 540 5322 τὰ
571 5290 627 5334 ς’,
704 5272 727 5306 ³
756 5271 1055 5323 Ἀντωνῖνον
1085 5272 1173 5321 καὶ
1203 5269 1284 5320 ὅτι
1313 5263 1688 5338 κατα””Αϐριον
1718 5269 1864 5338 καίσ.
1904 5285 1957 5328 ς.
2013 5265 2366 5338 ,³Ασύνέπεσον
2398 5281 2458 5325 ς’.
2525 5261 2544 5294 ⁸
2576 5262 2714 5338 ante
2745 5279 2877 5332 φημι
2908 5275 3039 5316 cum
3062 5256 3318 5338 A‘omisi
3349 5263 3428 5316 τέ.

129 5331 142 5364 ι
165 5332 292 5406 λόγων
311 5345 410 5394 ἄντι
434 5363 490 5406 ς.
582 5331 619 5377 *⁸
645 5346 930 5413 Ῥωμαίους
960 5362 1016 5405 ς·
1120 5342 1140 5376 ⁷
1171 5341 1379 5413 ἤκμαςῖ
1400 5344 1462 5413 AI

1557 5329 1586 5372 δ’
1608 5337 1845 5390 κατέπλει
1872 5342 1931 5388 A.
2009 5335 2030 5370 θ
2062 5330 2264 5386 δίδωσι
2291 5341 2391 5404 γῆν
2420 5362 2488 5373 -
2519 5329 2759 5404 σταδίων
2779 5329 2934 5402 τριῶν
2963 5353 3020 5397 ς’.
3096 5333 3146 5404 _‘°
3187 5331 3336 5383 πόλιν
3365 5350 3423 5384 τε
3469 5329 3475 5336 ’

129 5402 336 5484 ξετισεβ-
355 5402 600 5484 γυναικὸς
629 5402 893 5476 λαούίνίας
916 5402 1175 5467 λαουίνιον
1206 5402 1264 5477 ς·’.
1341 5411 1383 5446 ¹¹
1411 5411 1604 5464 οἶκισιν
1635 5407 2000 5481 Bruschqu
2027 5422 2041 5461 :
2074 5405 2206 5462 libri
2227 5402 2456 5464 οἴκησιν.
2533 5405 2579 5439 ¹²
2604 5403 2838 5465 συλούῑος
2870 5425 2928 5470 ς’.
3004 5404 3053 5440 ¹³
3085 5402 3319 5477 ἅγοόπαν
3357 5409 3424 5462 Δ.

128 5476 163 5542 ι*
184 5477 307 5535 τένδε
323 5476 408 5546 Δ’;
435 5491 522 5538 τὸν
552 5507 611 5551 ς’.
687 5487 734 5523 ¹⁵
763 5486 860 5538 υἱώ
887 5504 944 5551 ς’.

1639 5585 1864 5647 ΝΟΤΙΕ.

181 5689 248 5765 (ε)
273 5693 412 5769 uso
430 5702 800 5773 τετρακοσίων.

1856 5695 1935 5769 (6)
1965 5692 2154 5766 Vulgo
2175 5689 2480 5751 Numitor.
