4046 6228
446 288 551 343 103

1678 289 1913 345 PHOTII
1945 286 2413 345 PATRIARCHAS
2456 288 2563 344 CP.

3714 278 3827 339 104

449 416 596 470 Cum
645 414 840 482 major
867 418 1013 468 natu
1042 414 1223 484 patris
1251 419 1441 469 morte
1471 428 1724 484 regnum
1764 414 2105 470 hmreditate

2224 417 2475 488 Νεμέτωρ,
2522 417 2761 485 νεώτερος
2833 407 2891 463 δε
2946 409 3241 481 Ἀμούλιος.
3293 407 3553 469 Λαϐόντος
3606 405 3663 461 δε
3728 416 3827 462 τοῦ

448 502 831 574 suscepisset.
858 501 1060 572 junior
1090 502 1145 557 vi
1178 508 1236 558 et
1265 520 1370 575 per
1404 503 1572 558 nefas
1604 502 1682 558 illi
1714 503 1957 569 ademit,
1990 502 2109 558 fra-

449 591 669 663 trisque
695 590 883 644 ﬁlium
914 593 1192 659 Egestum
1219 591 1469 655 sustulit,
1494 591 1676 647 ﬁliam
1707 608 1847 647 vero
1880 593 2105 647 Rheam

450 678 706 749 Sylviam
734 679 1125 745 sacerdotem,
1151 695 1224 735 ne
1251 696 1375 752 qua
1398 679 1721 735 liberorum
1757 696 1897 751 spes
1927 686 2107 746 esset,

447 766 601 822 fecit.
634 770 694 823 Et
726 770 1095 822 Nemetorem
1120 768 1391 840 quidem,
1425 769 1577 838 17a
1606 768 1743 823 licet
1767 769 1944 825 frater
1978 770 2109 824 vita;

446 854 848 921 insidiaretur,
881 870 1117 910 morum
1170 855 1447 921 comitas,
1479 856 1786 929 multaque
1818 856 2113 913 modestia

446 945 710 1016 periculo
740 944 987 1000 exemit:
1015 949 1071 998 at
1098 945 1342 1014 Rheam,
1365 946 1530 1017 quod
1561 953 1766 1002 contra
1789 944 2109 1002 sacerdotii

446 1032 639 1102 legem
694 1033 1037 1104 peperisset,
1083 1033 1375 1099 Amulius,
1427 1039 1490 1089 ut
1540 1035 1794 1105 puniret,
1842 1050 2114 1106 compre-

445 1122 676 1189 hendit,
708 1121 859 1177 duos
904 1137 1045 1177 vero
1092 1121 1246 1178 ﬁlios
1294 1139 1364 1178 ex
1410 1139 1480 1179 ea
1527 1129 1699 1180 natos
1740 1123 1801 1179 in
1848 1124 2112 1181 vicinum

446 1210 719 1276 ﬂuvium,
748 1210 841 1266 cui
866 1209 1086 1267 Tiberis
1118 1226 1339 1266 nomen
1368 1218 1470 1276 est,
1507 1212 1971 1284 praecipitandos
2005 1228 2111 1284 pa-

448 1300 707 1356 storibus
735 1300 993 1356 tradidit.
1019 1300 1365 1356 Liberorum
1393 1317 1615 1357 nomen
1650 1304 1894 1367 Romus,
1918 1308 1973 1357 et
2002 1302 2113 1358 Ro-

447 1389 647 1445 mulus
689 1392 790 1457 (7),
824 1390 898 1445 ab
929 1387 1115 1444 IEnea
1152 1405 1259 1460 per
1288 1396 1537 1446 matrem
1572 1406 1762 1459 genus
1810 1391 2111 1447 trahentes

449 1482 741 1534 Incertum
790 1479 950 1533 enim
982 1483 1289 1549 parentem
1338 1480 1628 1545 detestati,
1662 1479 1862 1536 «Enen:
1919 1481 2111 1551 magis

447 1567 686 1622 nomine
714 1567 1139 1637 gloriabantur.

518 1657 878 1728 Auspicatur
897 1670 1059 1726 ergo,
1078 1656 1160 1711 uti
1177 1656 1458 1723 diximus,
1476 1657 1786 1713 historiam
1804 1657 1882 1714 ab
1899 1656 2108 1722 Enea,

2215 502 2566 577 πρεσϐυτέρου
2595 502 2736 575 παρὰ
2764 507 2856 552 τοῦ
2891 504 3077 572 πατρὸς
3108 498 3444 559 τελευτῶντος
3480 502 3574 555 τὴν
3612 497 3822 572 ἀρχὴν,

2217 595 2243 644 ὁ
2272 598 2512 663 νεώτερος
2558 589 2704 663 ὕϐρει
2745 595 2834 641 xui
2885 587 2983 661 βίᾳ
3019 593 3277 659 κατέσχεν
3328 587 3646 660 ἀφελόμενος.
3707 592 3816 639 Καὶ

2216 684 2301 732 τόν
2331 684 2420 752 μιν
2450 678 2541 752 [24
2578 677 2669 751 [1.]
2701 674 2870 729 παῖδα
2918 685 3008 729 τοῦ
3049 674 3272 748 ἀδελφοῦ
3314 675 3559 746 ⁴Ἰἰγεστον
3606 681 3825 741 κτείνει,

2219 775 2313 827 τὴν
2342 772 2602 841 θυγατέρα
2635 765 2692 819 δι
2719 766 2857 819 Ῥέαν
2898 766 3135 819 Σιλουίαν
3179 768 3226 801 ¹⁶
3278 768 3483 839 ἱέρειαν,
3530 765 3613 817 ἵνα
3655 766 3830 825 ἄπαις

2223 854 2487 930 διαμείνῃ,
2532 858 2822 914 καθίστησι
2858 857 2895 891 ¹⁷
2936 872 2948 884 ·
2991 860 3079 907 τὸν
3118 860 3290 927 μέντοι
3316 858 3584 927 Νεμέτορα
3611 862 3707 915 τῆς
3749 854 3828 913 εἰς

2220 951 2279 999 τὸ
2327 956 2479 1019 σῶμα
2508 944 2784 1007 ἐπιϐουλῆς
2815 946 2861 981 ¹⁸
2891 947 2921 1003 ἡ
2955 953 3054 997 τῶν
3086 946 3223 1002 ἠθῶν
3269 942 3455 1006 ἐξείλκε
3504 945 3549 979 ¹⁹
3582 946 3827 1014 πραότης

2221 1041 2311 1089 καὶ
2342 1039 2371 1094 ἠ
2426 1036 2583 1093 πολλὴ
2631 1034 2900 1089 ἐπιείκεια.
2950 1033 3082 1085 Ἀλλ’
3129 1036 3158 1091 ἠ
3192 1032 3402 1085 Σιλουία
3445 1035 3711 1107 ἷκυεπαρὰ
3733 1035 3828 1083 τόν

2220 1130 2393 1194 νόμον,
2426 1130 2514 1177 καὶ
2542 1128 2634 1182 τὴν
2676 1127 2766 1194 μεν
2792 1123 3061 1191 ’Λμούλιος
3091 1120 3169 1173 ἐπὶ
3202 1121 3415 1174 κολάσει
3444 1119 3826 1191 συνελάμϐανε,

2222 1211 2319 1267 δύο
2352 1210 2410 1266 δε
2450 1209 2648 1274 παῖδας
2686 1210 2741 1263 ἐκ
2784 1208 2951 1270 τῆσδε
2989 1215 3290 1283 γενομένους
3324 1214 3570 1282 ποιμέσιν
3603 1206 3823 1273 ἔδωκεν,

2221 1303 2288 1363 εἰς
2335 1306 2422 1354 τόν
2468 1302 2688 1359 πλησίον
2732 1304 2961 1371 ποταμόν
2992 1299 3224 1372 ἐμϐαλεῖν
3251 1302 3317 1351 τὰ
3367 1298 3533 1373 βρέφη
3569 1316 3581 1328 ’
3617 1296 3826 1369 Θῦϐρις

2222 1389 2282 1451 ἧν
2312 1397 2472 1459 ὄνομα
2499 1399 2570 1462 τῷ
2591 1398 2829 1463 ποταμῷ,
2860 1389 3048 1460 Ῥῶμος
3066 1385 3100 1442 δ
3104 1393 3124 1441 ε
3141 1394 3231 1441 καὶ
3248 1388 3504 1460 Ῥωμύλος
3526 1389 3574 1440 οἱ
3604 1383 3824 1454 παῖδες,

2221 1480 2273 1544 ἐξ
2305 1482 2504 1534 Αἰνείου
2553 1480 2778 1541 ἕλκοντες
2831 1481 3083 1553 μητρόθεν
3137 1484 3197 1530 τό
3246 1481 3387 1549 γένος
3420 1496 3433 1509 ο
3468 1480 3525 1529 τὸ
3573 1480 3675 1551 γὰρ
3726 1482 3825 1527 τοῦ

2221 1575 2400 1643 φύντος
2431 1572 2478 1605 ³ο
2516 1565 2712 1627 οἰδηλον
2744 1570 2812 1623 ²¹.

2293 1657 2548 1731 Ἀρχεται
2574 1661 2663 1729 μὲν
2701 1653 2809 1720 οὖν,
2848 1659 2916 1717 ὡς
2942 1660 3164 1730 εἴρηται,
3197 1657 3223 1713 ἱ)
3257 1654 3527 1729 ἰστορίαὲν
3549 1650 3823 1727 ἐπιδρομῇ

447 1744 635 1802 obiter
652 1745 729 1801 ad
746 1744 858 1801 hos
882 1761 1069 1818 usque
1098 1760 1475 1817 progressus,
1496 1746 1601 1802 sed
1619 1762 1655 1802 a
1678 1746 1929 1803 Romulo
1950 1746 2109 1803 urbis

2224 1746 2321 1800 ἀπὸ
2353 1748 2559 1801 Αἰνείου
2590 1749 2726 1820 ἄχρι
2776 1754 2875 1798 τῶν
2904 1742 3109 1798 παίδων
3161 1762 3172 1774 ·
3208 1744 3308 1797 ἀπὸ
3350 1740 3408 1796 δε
3430 1743 3696 1815 Ῥωμύλου
3729 1750 3828 1794 τοῦ

448 1836 749 1892 conditore
774 1841 1048 1891 accurate
1075 1836 1311 1906 singula
1344 1843 1710 1908 persecutus,
1739 1837 2009 1909 perducit
2034 1838 2113 1893 ad

446 1930 803 1996 Augustum,
838 1925 980 1989 imo,
1014 1925 1268 1996 sparsim
1300 1924 1534 1990 saltem,
1567 1931 1624 1981 et
1653 1926 1711 1981 in
1743 1929 2111 1993 transcursu,

449 2030 640 2086 usque
663 2014 739 2070 ad
769 2013 1117 2087 Trajanum.

518 2103 827 2174 Appianus
845 2102 941 2158 hic
959 2117 1173 2172 genere
1196 2102 1631 2160 Alexandrinus
1650 2105 1777 2172 fuit,
1793 2108 2115 2179 Romaeque

448 2191 616 2247 initio
639 2207 853 2247 causas
877 2192 1027 2260 egit:
1063 2208 1203 2247 mox
1227 2192 1447 2261 dignus
1473 2193 1713 2249 habitus
1735 2195 1837 2266 qui
1864 2195 2116 2268 impera-

449 2286 643 2337 torum
667 2281 909 2336 nomine
933 2281 1300 2352 provinciam
1325 2282 1789 2339 administraret.
1815 2285 2008 2355 Stylus
2040 2285 2117 2341 illi

448 2370 667 2435 tenuis,
691 2385 759 2425 ac
779 2368 1025 2424 minime
1044 2370 1422 2425 redundans:
1452 2370 1556 2425 sed
1580 2370 1889 2427 historiam
1913 2374 2116 2444 quoad

448 2459 579 2528 ejus
601 2458 726 2513 ﬁeri
744 2464 953 2529 potest,
987 2473 1190 2514 veram
1209 2460 1370 2527 texit,
1402 2464 1458 2514 et
1480 2460 1749 2516 militaris
1769 2461 2118 2534 disciplinae-

452 2548 504 2602 si
547 2548 676 2619 quis
716 2547 891 2612 alius,
923 2554 1230 2604 enarrator
1273 2564 1353 2603 es.
1390 2550 1667 2605 Oratione
1715 2550 1978 2621 dejectos
2011 2553 2117 2607 mi-

447 2636 619 2692 litum
640 2637 874 2693 animos
905 2636 1150 2706 erigere,
1175 2643 1231 2693 et
1259 2638 1627 2693 ardentiores
1654 2638 1951 2708 mitigare,
1973 2640 2115 2697 affe-

450 2730 702 2798 ctusque
724 2726 1076 2797 exprimere,
1099 2742 1169 2781 ac
1191 2726 1239 2781 si
1260 2726 1409 2799 quid
1432 2726 1594 2782 aliud
1616 2727 1832 2784 imitari
1858 2729 2113 2787 dicendo

448 2815 599 2880 licet,
619 2815 843 2887 optime
867 2815 1050 2870 novit.
1076 2815 1292 2872 Floruit
1312 2823 1511 2872 autem
1532 2817 1766 2887 Trajani
1790 2822 1847 2873 et
1868 2818 2106 2875 Adriani

450 2904 841 2976 temporibus.

1186 2993 1369 3048 LVIII.

666 3080 917 3136 Arriani
944 3080 1247 3143 Parthica,
1286 3081 1630 3151 Bithynica,
1662 3088 1717 3139 et
1747 3083 1896 3141 alia.

527 3169 678 3225 Lecti
709 3174 849 3223 sunt
876 3168 1108 3223 Arriani
1140 3168 1217 3239 (8)
1244 3170 1658 3226 Parthicarum
1688 3170 1825 3226 libri
1857 3176 2113 3243 septem-

451 3258 666 3314 decim.
721 3257 821 3311 Hic
867 3258 1007 3311 item
1056 3256 1324 3312 omnium
1370 3259 1590 3329 optime
1664 3275 1757 3314 res
1804 3266 2000 3329 gestas
2032 3261 2111 3334 (9)

448 3344 763 3402 Alexandri
784 3344 939 3413 regis
967 3345 1354 3400 Macedonum
1381 3346 1753 3418 conscripsit.
1782 3347 1948 3404 Aliuc
1969 3352 2110 3406 item

450 3450 604 3506 opus
625 3435 685 3488 in
717 3433 968 3502 gratiam
1002 3432 1287 3505 Bithyniae
1317 3436 1523 3507 patrias
1556 3436 1715 3505 (hinc
1742 3436 1903 3492 enim
1929 3445 2110 3495 natus

449 3525 561 3593 est)
591 3522 948 3592 composuit,
974 3523 1409 3592 Bithynicorum
1433 3522 1621 3579 titulo.
1652 3524 1925 3582 Ediderat
1957 3534 2011 3583 et
2032 3528 2109 3583 ab

447 3611 648 3667 Alanis
670 3615 837 3679 gesta
865 3626 878 3677 ;
910 3626 1092 3682 quem
1120 3611 1335 3668 librum
1360 3613 1668 3669 Alanicam
1698 3614 2015 3687 inscripsit.
2045 3618 2108 3671 In

446 3702 644 3774 primo
669 3700 769 3756 illo
801 3716 980 3771 opere
1007 3700 1165 3756 bella
1207 3718 1241 3755 a
1271 3702 1498 3758 Parthis
1524 3709 1581 3757 et
1623 3704 1904 3759 Romanis
1942 3710 2109 3775 gesta

446 3789 641 3855 refert,
674 3789 855 3845 ductu
906 3793 1086 3860 atque
1117 3790 1397 3861 auspiciis
1426 3791 1658 3861 Trajani
1708 3791 2104 3864 imperatoris.

446 3878 582 3934 Vult
612 3878 862 3934 Parthos
889 3894 925 3933 a
971 3877 1199 3949 Scythis
1232 3879 1523 3949 originem
1561 3880 1812 3937 ducere:
1846 3882 2107 3938 Macedo-

448 3982 596 4024 num
620 3974 821 4024 autem
844 3968 1162 4039 imperium
1185 3968 1536 4037 excussisse,
1561 3986 1697 4025 cum
1727 3970 1956 4041 pridem
1988 3987 2107 4026 ser-

447 4058 689 4115 vitutem
729 4056 1092 4121 serviissent,
1122 4060 1305 4114 Persis
1354 4075 1469 4114 una
1512 4058 1959 4124 rebellantibus,
1992 4061 2105 4116 hac

448 4148 828 4220 potissimum
871 4146 945 4201 de
974 4162 1177 4203 causa.
1207 4150 1456 4203 Arsaces
1497 4154 1551 4205 et
1571 4150 1866 4205 Teridates
1896 4149 2103 4205 fratres

446 4242 616 4293 erant
660 4234 976 4299 Arsacidas,
1009 4252 1080 4289 ex
1124 4235 1242 4291 ﬁlio
1288 4242 1517 4293 Arsace:
1556 4238 1855 4309 Phriapita
1899 4238 2100 4309 geniti.

450 4323 518 4378 Hi
540 4322 874 4378 Phereclem
893 4322 963 4375 ab
986 4322 1276 4377 Antiocho
1298 4339 1434 4393 rege
1458 4327 1665 4395 (quem
1690 4326 1870 4382 deum
1885 4342 2104 4397 cogno-

446 4417 649 4467 mento
662 4410 1127 4481 appellabant)ej
1139 4427 1205 4464 us
1220 4426 1339 4466 ora:
1356 4414 1672 4483 Satrapam
1688 4416 2099 4482 constitutum,

446 4499 613 4572 quod
626 4480 804 4555 altero
834 4498 1079 4553 fratrum
1109 4499 1276 4554 abuti
1294 4515 1399 4571 per
1426 4480 1550 4555 vim
1578 4500 1733 4557 foede
1765 4480 2099 4571 conaretur,
2134 4480 2180 4534 θ

449 4586 872 4645 contumeliam
921 4602 1041 4642 non
1073 4586 1346 4653 ferentes,
1395 4595 1721 4645 necarunt:
1762 4591 1913 4660 ιῚὸ
1959 4607 2100 4647 con-

451 4678 584 4733 sciis
598 4677 777 4733 etiam
795 4677 923 4732 aliis
934 4675 1223 4749 quinque.
1244 4679 1482 4733 Gentem
1496 4679 1698 4751 itaque
1711 4680 2101 4737 Macedonum

448 4766 752 4840 pallentes,
776 4767 1093 4839 imperium
1126 4766 1237 4839 ipsi
1259 4766 1671 4840 abripuerunt,
1695 4784 2102 4842 magnamque

2222 1837 2456 1889 οἰκιστοῦ
2473 1836 2790 1910 λεπτομεροῦς
2816 1834 3022 1887 ἅπαντα
3058 1831 3333 1896 διεξιοῦσα
3354 1835 3401 1867 ¹¹
3424 1833 3630 1884 κάτεισι
3654 1835 3828 1904 μέχρι

2221 1934 2313 1978 τοῦ
2346 1924 2624 1990 Σεϐαστοῦ,
2672 1920 2947 1996 σποράδην
2996 1920 3054 1976 δε
3083 1928 3175 1975 καὶ
3210 1921 3263 1985 ἐξ
3291 1917 3578 1996 ἐπιδρομῆς
3606 1925 3700 1972 καὶ
3730 1922 3828 1981 ἕως

2222 2022 2500 2087 Τραϊανοῦ.

2298 2103 2463 2165 Οὗτος
2492 2099 2524 2154 δ
2529 2106 2549 2154 ξ
2580 2103 2604 2153 ὁ
2649 2102 2929 2161 Ἀππιανός
2962 2104 3019 2152 τό
3047 2103 3136 2171 μεν
3165 2104 3308 2171 γένος
3333 2095 3393 2156 ἧν
3426 2093 3829 2170 Ἀλεξανδρεὺς,

2226 2193 2272 2244 ἐν
2303 2191 2470 2263 Ῥώμη
2507 2188 2565 2243 δε
2595 2193 2660 2242 τὰ
2696 2199 2879 2263 πρῶτα
2910 2186 3083 2249 δίκαις
3110 2194 3403 2260 συνηγόρει,
3432 2189 3609 2239 ἔπειτα
3638 2183 3703 2238 δε
3735 2190 3833 2237 καὶ

2227 2280 2484 2353 βασιλέων
2532 2278 2886 2354 ἐπιτροπεύειν
2930 2278 3153 2340 ἠξιώθη.
3195 2284 3350 2330 Ἔστι
3396 2272 3454 2328 δε
3496 2281 3589 2333 τήν
3628 2278 3831 2347 φράσιν

2228 2369 2495 2441 ἀπέριττος
2525 2375 2613 2421 καὶ
2656 2368 2825 2439 ἰχνός,
2855 2372 2949 2425 την
2976 2364 3034 2419 δε
3067 2369 3318 2439 ἱστορίαν,
3361 2367 3431 2427 ὡς
3474 2366 3581 2416 οἶόν
3610 2364 3654 2415 τ’
3686 2363 3822 2429 ἐστὶ,

2226 2458 2530 2531 φιλαλήθης,
2558 2462 2647 2509 καὶ
2680 2464 3040 2532 στρατηγικῶν
3068 2452 3163 2508 διὰ
3183 2462 3277 2516 τῆς
3302 2457 3538 2527 ἱστορίας
3559 2448 3825 2524 μεθόδων,

2226 2548 2269 2599 εἰ
2293 2553 2381 2599 καί
2412 2551 2458 2582 ³³
2491 2567 2570 2607 τις
2617 2545 2787 2611 ἀλλος,
2831 2547 3126 2617 ὑποφήτης,
3158 2543 3347 2618 έπᾶραί
3378 2563 3431 2596 τε
3473 2542 3647 2613 λόγοις
3676 2560 3830 2593 τετα-

2227 2641 2526 2708 πεινωμένον
2574 2641 2814 2711 φρόνημα
2844 2641 3072 2709 στρατοῦ
3102 2638 3191 2685 καὶ
3223 2630 3256 2685 δ
3264 2640 3545 2704 ιαπραῦναι
3567 2630 3833 2703 φλεγμαῖ-

2223 2746 2305 2778 νον
2334 2731 2423 2777 καὶ
2452 2726 2619 2785 πάθος
2662 2720 2903 2781 δηλῶσαι
2949 2728 3038 2775 xui
3069 2726 3113 2773 εἴ
3146 2741 3195 2773 τι
3244 2720 3366 2773 ἄλλο
3395 2721 3570 2791 λόγοις
3598 2718 3832 2790 ἐκμιμή-

2225 2817 2423 2869 σασθαι
2454 2816 2689 2890 ἀριστος.
2722 2812 2965 2886 Ἧκμασε
2992 2809 3051 2865 δε
3081 2813 3131 2863 ἐν
3162 2818 3271 2873 τοίς
3312 2815 3528 2883 χρόνοις
3558 2808 3831 2882 Τραῑανοῦ

2220 2910 2309 2957 xui
2339 2901 2642 2979 Ἀδριανοῦ.

2948 2990 3081 3045 ΝΗ¹.

2744 3081 3017 3155 Ἀῥριανοῦ
3044 3081 3305 3154 ΙΙαρθικά.

2292 3172 2612 3242 Ἀνεγνώσθη
2694 3169 2974 3244 Ἀρριανοῦ
3043 3170 3281 3243 Παρθικὰ
3336 3166 3386 3219 ἓν
3441 3165 3664 3239 βιϐλίοις
3724 3163 3821 3225 ιζ.

2219 3259 2365 3321 οὗτος
2432 3256 2491 3311 δὲ
2566 3260 2839 3311 συντάττει
2896 3261 3098 3311 πάντων
3150 3258 3355 3329 ἄμεινον
3416 3260 3504 3308 καὶ
3555 3259 3621 3307 τὰ
3680 3256 3825 3305 κατὰ

2220 3344 2557 3421 Ἀλέξανδρον
2601 3351 2686 3400 τὸν
2744 3343 3047 3415 Μακεδόνα,
3103 3350 3178 3399 ἔτι
3220 3344 3278 3398 δε
3320 3350 3409 3398 καὶ
3439 3344 3595 3401 ἄλλην
3644 3360 3828 3417 πραγο

2218 3442 2451 3511 ματείαν,
2506 3441 2571 3489 τὰ
2611 3440 2805 3509 πάτρια
2847 3446 2943 3498 τῆς
2996 3438 3251 3500 Βιθυνίας,
3301 3435 3356 3498 ἐξ
3403 3436 3465 3497 ἧς
3514 3438 3604 3485 καὶ
3658 3432 3827 3493 αὐτὸς

2218 3530 2324 3599 ἔφυ,
2381 3524 2671 3600 ἐπιγράψας
2723 3530 2780 3578 τό
2835 3524 3040 3598 βιϐλίον
3090 3526 3373 3578 Βιθυνιακά
3403 3543 3421 3561 ο
3456 3524 3828 3596 συγγράφεται

2220 3613 2277 3669 δε
2324 3622 2413 3668 καὶ
2452 3618 2517 3667 τὰ
2562 3618 2697 3667 κατὰ
2746 3615 3012 3681 Ἀλανοὺς,
3065 3614 3125 3673 ἢν
3179 3613 3463 3688 ἐπέγραψεν
3516 3611 3822 3668 Ἀλανικήν.

2218 3711 2487 3781 Διέρχεται
2518 3701 2577 3757 δε
2624 3704 2672 3757 ἰν
2702 3708 2864 3777 ταύτῃ
2913 3707 2961 3739 ³⁸
3011 3712 3073 3777 τῇ
3124 3708 3457 3778 πραγματεία
3502 3705 3618 3761 τοὺς
3671 3699 3824 3753 πολέ-

2215 3816 2363 3868 μους,
2432 3794 2520 3856 οὒς
2592 3792 2914 3865 ἐπολέμησαν
2988 3793 3231 3865 Ῥωμαῖοι
3289 3798 3377 3846 καὶ
3438 3793 3636 3865 Πάρθοι
3696 3789 3827 3842 Ῥω-

2215 3889 2377 3956 μαίων
2452 3884 2827 3957 αὐτοκράτορος
2908 3888 3047 3945 ὄντος
3107 3890 3388 3957 Τραῑανοῦ.
3445 3886 3581 3940 Φησὶ
3641 3876 3702 3931 δε
3758 3886 3823 3932 τό

3054 3971 3350 4031 ἀποστῆναι
3426 3968 3485 4023 δε
3561 3978 3658 4030 τῆς
3713 3976 3823 4020 τῶν

3034 4062 3147 4134 ἅμα
3227 4068 3437 4134 Περσῶν
3513 4075 3823 4131 καταστρα-

2216 3974 2432 4045 Πάρθων
2509 3977 2650 4044 γένος
2712 3975 2981 4041 Σκυθικόν,

2214 4059 2524 4115 Μακεδόνων
2601 4062 2952 4137 ἐπικρατείας,

2213 4156 2400 4223 φεντων
2442 4151 2602 4204 πάλαι
2651 4149 2929 4220 δουλωθεν,
2980 4149 3053 4203 δι’
3102 4151 3273 4203 αἰτίαν
3315 4152 3581 4206 τοιαύτην.
3618 4148 3819 4221 Ἀρσά-

2212 4259 2309 4303 κης
2363 4245 2449 4292 xui
2502 4236 2805 4314 Τηριδάτης
2859 4244 3026 4299 ἤστην
3082 4236 3285 4311 ἀδελφὼ
3338 4234 3662 4311 Ἀρσακίδαι
3720 4242 3818 4287 τοῦ

2211 4333 2329 4382 υἰοῦ
2406 4331 2671 4405 Ἀρσάκου
2749 4337 2841 4381 τοῦ
2930 4334 3215 4403 Φριαπίτου
3295 4327 3560 4399 ἀπόγονοι,
3649 4324 3822 4377 Οὗτοι

2212 4417 2456 4489 Φερεκλέα
2502 4421 2588 4470 τὸν
2643 4419 2742 4469 ὑπὸ
2789 4418 2837 4452 ³⁵
2880 4420 3160 4489 Ἀντιόχου
3205 4424 3297 4468 τοῦ
3354 4414 3612 4488 βασιλέως
3670 4415 3822 4483 (θεόν

2211 4505 2365 4557 αὐτὸν
2406 4505 2616 4564 ἐπίκλην
2660 4507 2947 4579 ὠνόμαζον)
2983 4507 3069 4577 [53
3118 4504 3210 4578 IL]
3254 4504 3359 4557 ἀλλ’
3414 4507 3464 4556 οἰ
3504 4524 3560 4575 γε
3608 4504 3824 4573 ’Δρσα-

2210 4590 2361 4646 κίδαι
2436 4598 2521 4647 τὸν
2572 4596 2671 4647 ὑπὸ
2727 4596 3005 4667 Ἀντιόχου
3059 4597 3332 4668 σατράπην
3385 4593 3551 4645 αὐτῶν
3610 4592 3657 4627 ²⁶
3719 4597 3823 4651 τῆς

2210 4688 2388 4755 χώρας
2438 4685 2769 4737 καταστάντα
2821 4683 3085 4757 Φερεκλέα,
3154 4683 3259 4735 ἐπεὶ
3348 4685 3434 4735 τόν
3492 4683 3659 4753 ἕτερον
3711 4687 3821 4731 τῶν

2214 4768 2442 4843 ἀδελφῶν
2509 4772 2747 4846 ἐπείρασε
2811 4772 3148 4847 βιασάμενος,
3206 4772 3300 4824 οὐκ
3372 4772 3655 4843 ἐνεγκόντες
3715 4773 3821 4827 τήν

1796 4893 2035 4952 νΔΒΙκΕ
2058 4895 2454 4955 LECTIONES.

519 5020 948 5095 “_a'spoui_uv_ﬂ.
1026 5019 1071 5054 ¹⁷
1103 5020 1389 5095 καθίστησι
1424 5023 1516 5095 xui
1546 5022 1630 5072 τὸν
1678 5039 1761 5095 σέ.
1784 5092 1797 5095 ᾼ
1840 5022 1887 5095 ¹Ᾱ⁸
1918 5029 2071 5094 σῶμα
2098 5030 2189 5075 τοῦ
2222 5018 2445 5095 ἀδελφοῦ
2474 5022 2749 5086 ἐπιϐουλῆς
2780 5042 2866 5079 στ.
2947 5026 2990 5060 ¹⁹
3021 5023 3174 5088 ἐξεῖλε
3199 5038 3351 5079 corr.
3383 5024 3448 5077 A.
3527 5023 3578 5095 ξο
3608 5023 3824 5093 φύσαν-

448 5110 535 5168 τος
558 5090 1379 5168 Sctheighaentiserus,sedet
1420 5091 1659 5168 infrap.
1695 5091 1896 5168 3680,
1931 5090 2150 5168 [τοὺς
2180 5090 2371 5167 φύντας
2401 5095 2468 5168 εἰς
2508 5098 2627 5157 τοὺς
2659 5102 2941 5168 φυομένους
2970 5103 3023 5151 et
3050 5114 3106 5168 p.
3150 5096 3311 5160 1052,
3340 5098 3372 5151 4
3403 5094 3540 5168 xuii;
3562 5090 3688 5168 παῖς
3720 5098 3823 5144 καὶ

449 5165 475 5215 ὁ
506 5165 626 5234 φύς.
674 5162 747 5217 cf.
781 5178 839 5233 p.
878 5162 996 5226 165,
1030 5162 1115 5216 16.
1146 5162 1268 5229 173,
1296 5160 1386 5217 53.
1412 5162 1538 5227 613,
1573 5160 1660 5218 37.
1737 5164 1779 5198 ²¹
1809 5170 1941 5235 post
1965 5162 2161 5224 ἄδηλον
2186 5160 2323 5239 quae
2350 5160 2744 5235 addebantur,

450 5242 675 5295 χῶμενοι
701 5229 855 5295 ἦσαν,
886 5248 1005 5290 om.
1040 5233 1196 5289 ACE.
1308 5236 1355 5270 ²²
1387 5230 1659 5295 διεξιοῦσα
1687 5239 1777 5287 xui
1807 5238 1925 5289 κάτ.
1953 5236 2021 5295 Α.
2134 5238 2183 5275 ’³
2210 5242 2300 5291 καί
2329 5238 2471 5295 add.
2505 5245 2559 5293 B.
2665 5241 2713 5274 "

2210 5258 2299 5291 και
2329 5254 2471 5296 add.
2505 5254 2559 5293 Β.

447 5229 675 5307 χῶμενοι
701 5229 855 5299 ἦσαν,
886 5248 1005 5290 om.
1040 5233 1196 5289 ACE.
1308 5236 1355 5270 ²²
1387 5230 1659 5299 διεξιοῦσα
1687 5239 1777 5287 xui
1807 5229 1925 5289 xu'r.
1953 5236 2021 5295 A.

448 5307 611 5367 αὐτῆς
643 5324 727 5361 στ.

2782 5163 3191 5240 βδελυττόμενον
3218 5169 3381 5238 τούτῳ
3402 5164 3589 5240 nullo?
3616 5163 3828 5240 ἐγκαυ-

2665 5241 2713 5274 ²⁴
2744 5235 2874 5311 αὖτῇ
2904 5240 2971 5293 Α.
3044 5235 3054 5240 ’
3085 5241 3132 5275 ³⁵
3163 5237 3264 5292 ἀπὸ
3297 5235 3362 5295 AL
3403 5235 3410 5238 ’
3437 5238 3485 5273 ³⁸
3513 5235 3683 5289 αὐτῶν
3718 5238 3765 5289 Α
3807 5250 3821 5287 :

2012 5431 2057 5487 Ν
2061 5432 2237 5491 ΟΤᾸΞ.

522 5558 600 5701 (7;
624 5557 812 5630 Vulgo
846 5558 1079 5615 Remus.
1260 5628 1270 5639 .
1610 5628 1620 5639 ο

522 5631 577 5701 (8
623 5628 1135 5701 Nicomediensem
1159 5628 1299 5685 facit
1325 5627 1486 5686 hunc
1508 5634 1857 5701 scriptorem
1888 5628 1987 5685 Sui

450 5699 462 5714 θ
522 5627 599 5714 (β)
623 5627 1135 5714 Nicomediensem
1159 5628 1299 5685 facit
1325 5627 1486 5686 hunc
1508 5628 1857 5703 scriptorem
1888 5628 2102 5687 Suidns

445 5699 509 5763 in
534 5699 805 5767 Arriano,
838 5715 1021 5773 quem
1049 5699 1203 5772 lege.

2290 5559 2364 5631 (9)
2416 5559 2749 5645 Libris‘vm2
2795 5560 3230 5645 quihodieque
3257 5561 3828 5645 exstant..0ctavus

2213 5632 2748 5760 it3?)endpt‘aﬂuliari
2793 5632 2959 5691 titqu
3004 5632 3218 5691 Indica
3272 5633 3633 5690 inscribitur.
3664 5633 3825 5691 Vide

2305 5740 2319 5756 .
2350 5718 2422 5760 co
2470 5743 2483 5759 .
2591 5744 2606 5761 .
3792 5738 3795 5743 -
