4046 6228
179 314 254 371 ίοῦ
1293 303 1616 363 BIBLIOTH
1627 305 1777 363 ΕΒΑ.

175 438 284 512 ὕϐριν
344 434 514 488 ἀνεῖλον
562 454 614 487 τε
666 438 756 487 τόν
810 433 1115 507 ὑϐρίσαντα,
1170 437 1260 484 καὶ
1317 434 1506 507 ἑτέροις
1556 437 1703 485 πέντε
1734 433 1776 487 Α

174 533 241 584 τήν
281 525 440 598 πρᾶξιν
494 524 962 596 ἁνακοινωσάμενοι
1013 527 1103 574 καὶ
1156 525 1212 575 τό
1276 523 1412 583 ἔθνος
1466 520 1703 576 Μακεδό-

172 617 299 667 am"
343 613 650 677 ἀπέστησαν,
683 619 776 666 καὶ
817 613 935 664 καθ’
993 611 1208 672 ἑαυτοὺς
1261 609 1445 684 ἧρξαν,
1479 617 1570 664 καὶ
1622 610 1705 664 ἐπὶ

171 711 271 780 μελίαι
312 702 560 776 δυνάμεως
605 705 832 770 ἤλασαν,
884 706 946 763 ὡς
998 708 1088 754 καὶ
1142 702 1416 773 Ῥωμαίοις
1474 700 1707 776 ἀντιρρό-

172 815 263 854 πους
301 796 463 865 μάχας
511 795 716 859 θέσθαι,
753 792 909 845 ἐνίοτε
952 788 1011 844 δὲ
1065 797 1156 844 καὶ
1204 790 1316 863 μεθ’
1371 791 1560 843 ἑαυτῶν
1613 795 1705 848 τὴν

168 890 276 942 νίκην
321 886 527 954 ἔχοντας
578 891 668 936 τοῦ
738 881 962 954 πολέμου
1022 879 1277 934 ἀπελθεῖν.
1338 882 1571 954 Πάρθους
1649 876 1708 932 δέ

168 993 285 1043 eam
320 972 391 1025 ἐπὶ
438 969 801 1044 Σεσώστριδος
847 979 939 1023 τοῦ
989 969 1288 1041 Αἰγυπτίων
1338 967 1590 1041 βασιλέως
1619 972 1708 1019 καὶ

162 1059 384 1115 Ἰτιδόσου
412 1069 501 1113 τοῦ
548 1063 758 1114 Σκυθῶν
805 1059 904 1112 ἀπὸ
939 1068 1033 1122 τῆς
1067 1067 1208 1130 σφῶν
1260 1065 1445 1132 χώρας
1481 1059 1709 1118 Σκυθίας

1822 339 1888 346 -
1927 303 2087 364 COD.
2129 309 2272 367 LIX.
3354 318 3456 376 106

1813 437 1951 489 sunt
1991 435 2316 504 potentiam
2365 441 2707 508 consecuti;
2763 445 2828 499 ut
2881 446 2938 499 et
2993 457 3130 498 cum
3178 443 3459 500 Romanis

1813 538 1988 594 aequo
2017 539 2176 595 saepe
2226 528 2400 582 Marte
2446 531 2880 598 contenderint,
2932 531 3229 588 interdum
3279 532 3461 589 etiam

1812 613 2059 668 victoria
2095 614 2250 670 bello
2285 616 2449 686 potiti
2480 619 2807 692 superiores
2845 621 3242 678 discesserint.
3283 624 3466 680 Narat

1815 701 1887 756 ad
1913 700 2035 756 haec
2058 702 2305 758 Parthos
2334 706 2680 762 SesOstridis
2712 707 3126 780 Egyptiorum
3140 710 3296 780 regis
3318 713 3465 766 tem-

1813 804 1976 861 pore,
2007 795 2062 846 et
2089 791 2338 846 Jandusi
2371 795 2747 866 Scytharum,
2775 812 2847 852 ex
2904 798 3146 871 Scythia
3190 799 3252 854 in
3302 814 3463 862 eum,

1815 893 1992 950 quem
2024 895 2185 935 nunc
2217 886 2436 952 tenent,
2463 883 2661 940 locum
2679 885 3052 955 demigrasse
3074 886 3467 960 :quibus'l‘ra-

1810 967 1994 1037 janus
2037 970 2439 1026 Romanorum
2471 973 2615 1044 imp.
2648 989 2756 1045 per
2804 975 2928 1031 vim
2974 975 3192 1041 fractis,
3245 975 3468 1032 fcedere

1816 1056 1953 1121 icto,
1988 1073 2187 1128 regem
2217 1060 2541 1118 constituit.

157 1152 208 1212 εἰς
229 1155 303 1208 τὴν
343 1159 422 1202 νῦν
449 1159 782 1221 μετοικῆσαι·
812 1149 900 1211 οὖς
929 1150 953 1200 6
981 1148 1246 1220 Ῥωμαίων
1282 1147 1618 1220 αὐτοκράτωρ
1649 1149 1903 1219 Τραϊανός
1933 1150 2069 1199 κατὰ
2097 1150 2288 1221 κράτος
2318 1157 2642 1214 ταπεινώσας
2671 1151 3038 1217 ὑποσπόνδους
3071 1153 3283 1228 ἀφῆκεν,
3315 1154 3472 1217 αὐτὸς
3523 1215 3534 1222 μ

159 1241 290 1300 αὐτοῖς
315 1243 392 1291 τόν
413 1237 640 1312 βασιλέα
669 1258 905 1296 καταστη
916 1240 1150 1309 σάμενος.

205 1330 341 1390 Οὗτος
384 1331 408 1380 6
458 1328 732 1402 Ἀῥριοτιός
782 1326 1056 1399 φιλόσοφος
1104 1325 1194 1397 [25
1240 1325 1327 1395 [1.]
1378 1327 1466 1396 μὲν
1499 1320 1559 1381 ἦν
1608 1329 1701 1381 τὴν

152 1420 412 1478 ἐπιστήμην,
461 1415 533 1480 εἷς
590 1426 689 1469 τῶν
739 1416 997 1488 ὁμιλητών
1053 1417 1393 1479 Ἐπικτήτου,
1453 1415 1588 1464 κατά
1646 1409 1704 1465 δὲ

151 1512 240 1568 τοὺς
264 1512 467 1582 χρόνους
513 1503 806 1578 Ἀδριανοῦ
837 1510 926 1556 καὶ
968 1505 1279 1558 Ἀντωνίνου
1310 1511 1402 1554 τοῦ
1455 1506 1584 1554 Πίου
1616 1506 1704 1553 καὶ

229 1565 311 1582 -,..
452 1565 463 1567 ν
628 1565 636 1578 .

151 1601 325 1668 Μάρκου
368 1604 454 1648 τοῦ
509 1597 818 1648 ’Δντωνίνου
871 1593 1198 1665 ἐγνωρίζετο⁵
1262 1591 1593 1664 ἐπωνόμαζον
1647 1565 1776 1643 δὲΒ

151 1686 270 1737 tritis
317 1688 608 1756 Ξενοφῶντα
658 1686 787 1737 νέον.
821 1685 917 1734 Διά
969 1679 1027 1734 δι
1079 1684 1136 1732 τὸ
1167 1689 1259 1741 τῆς
1302 1676 1549 1742 παιδείας
1596 1678 1704 1731 ἐπί⁸

151 1795 280 1844 στρων
326 1774 472 1836 ἄλλας
520 1793 576 1826 τε
620 1772 895 1832 πολιτικὰς
951 1769 1118 1844 ἀρχὰς
1168 1769 1470 1832 ἐπιστεύθη,
1498 1774 1587 1821 καὶ
1636 1770 1703 1828 εἰς

149 1869 190 1914 τό
231 1872 317 1914 τῶν
353 1865 558 1915 ὑπάτων
616 1859 771 1918 ἀνέϐη
822 1859 980 1921 τελος.
1013 1857 1248 1930 Ἔγραψε
1287 1855 1345 1910 δέ
1394 1856 1576 1930 βιϐλία
1615 1863 1702 1909 καὶ

147 1953 274 2022 ἕτερα,
303 1961 393 2003 τῶν
421 1954 510 2022 μὲν
560 1948 852 2022 Διατριϐῶν
879 1948 1195 2006 Ἐπικτήτου
1228 1955 1318 1999 τοῦ
1370 1943 1700 1999 διδασκάλου

145 2042 221 2092 ὅσα
265 2043 398 2111 ἱσμεν
453 2037 644 2111 βιϐλία
699 2037 853 2104 ὀκτὼ,
880 2045 975 2089 τῶν
1021 2034 1080 2089 δὲ
1121 2035 1367 2107 Ὀμιλιῶν
1396 2043 1486 2088 τοῦ
1543 2035 1702 2087 αὐτοῦ

141 2130 404 2187 Ἐπικτήτου
432 2127 619 2198 βιϐλία
647 2123 882 2182 δώδεκα.
908 2127 1122 2198 ’ἰσχνὸς
1155 2123 1214 2178 δὲ
1245 2129 1336 2183 τὴν
1369 2127 1559 2199 φράσιν
1588 2123 1702 2176 ἐστὶ

141 2223 208 2267 καὶ
243 2222 457 2288 μιμητής
505 2220 574 2279 ὡς
635 2216 836 2276 ἀληθῶς
891 2221 1224 2287 Ξενοφῶντος.
1253 2218 1389 2266 Φασὶ
1440 2211 1498 2266 δὲ
1550 2213 1702 2265 αὑτὸν

141 2314 208 2358 ui
272 2309 406 2381 ἕτερα
482 2305 717 2380 γράψαι,
772 2304 805 2356 ἆ
860 2303 1000 2356 ουπω
1055 2304 1121 2363 εἰς
1178 2305 1430 2376 ἡμετέραν
1490 2302 1703 2374 ἀφίκετο

142 2404 311 2464 γνῶσιν.
360 2396 517 2454 Δῆλον
571 2392 632 2447 δε
673 2397 738 2454 ὡς
791 2390 914 2446 οὐδὲ
962 2391 1240 2468 ῥητορικῆς
1300 2396 1482 2464 σοφίας
1522 2410 1576 2443 τε
1613 2395 1704 2443 καὶ

146 2480 369 2556 δυνάμεως
395 2483 698 2536 ἀπελείπετο
729 2484 798 2536 ³⁸.

845 2569 975 2628 ΝΘ’.

147 2659 321 2724 Σύνοδος
388 2666 416 2722 ἡ
495 2665 636 2716 κατὰ
703 2667 795 2712 τοῦ
875 2658 924 2711 ἓν
993 2659 1157 2730 ἁγίοις
1233 2660 1469 2712 Ἰωάννου

675 2738 840 2805 νόμως
871 2738 1136 2784 συστᾶσα.

1564 2677 1708 2734 παρα

201 2825 496 2895 ’Δνεγνὼσθη
561 2819 794 2875 συνόδου
848 2829 942 2882 τῆς
997 2825 1304 2895 παρανόμως
1355 2823 1490 2872 κατὰ
1528 2827 1620 2872 τοῦ
1659 2819 1706 2872 ἐν

148 2917 282 2981 αγίοις
323 2916 559 2966 Ἰωάννου
631 2917 724 2962 τοῦ
777 2915 1162 2983 Χρυσοστόμου
1235 2911 1703 2984 συγκροτηθείσης,
1747 2923 1785 2976 C

147 2997 182 3048 ἑν
219 3002 244 3067 ἦ
285 3003 518 3074 ὑπῆρχον
559 3001 923 3072 κατάρχοντες
971 2999 1215 3070 Θεόφιλος
1245 3017 1299 3050 τε
1338 2999 1364 3049 6
1395 3000 1442 3033 ²⁹
1473 2997 1735 3061 Ἀλεξαν-⁴

147 3085 307 3159 δρείας,
351 3092 598 3152 Ἀκάκιος
650 3091 675 3140 6
729 3093 938 3161 Βεροίας
983 3088 1053 3153 ³ο,
1103 3089 1378 3160 Ἀντίοχος
1430 3089 1455 3138 6
1515 3086 1706 3139 Πτολε-

143 3174 313 3246 μαίδος,
353 3185 440 3230 καὶ
499 3181 527 3230 6
588 3177 897 3253 Σεϐηριανός
948 3175 1212 3242 Γαϐάλων,
1261 3182 1352 3229 καὶ
1409 3183 1626 3250 Κυρῖνος
1682 3179 1706 3226 6

145 3265 444 3338 Καλχηδόνος
476 3271 548 3335 ³¹,
583 3271 637 3320 οἱ
680 3270 746 3318 τὰ
774 3267 1007 3338 μάλιστα
1037 3263 1304 3338 δυσμενῶς
1333 3268 1537 3337 ἔχοντες
1580 3268 1710 3339 πρὸς

143 3360 207 3406 τόν
238 3356 409 3430 ἄνδρα.
445 3360 511 3410 Οἱ
550 3357 671 3429 ἅμα
707 3358 899 3424 πάντα,
938 3361 1028 3408 καὶ
1066 3361 1244 3430 κριταὶ
1283 3361 1374 3407 καὶ
1423 3361 1710 3427 κατήγοροι

143 3451 211 3497 ut
253 3450 492 3523 μάρτυρες
552 3444 718 3504 ἦσαν.
777 3447 860 3497 Ἐν
922 3447 1267 3517 ὑπομνήμασι
1326 3441 1384 3496 δε
1442 3453 1608 3496 ταῦτα
1661 3445 1708 3478 ⁸³

143 3532 344 3606 ἐπράχθη
400 3536 462 3607 ιγ’
509 3537 580 3570 ³³·
631 3535 758 3586 ἀλλὰ
801 3539 867 3586 τὰ
923 3537 1012 3606 μὲν
1068 3530 1393 3585 δυοκαίδεκα
1438 3537 1574 3585 κατὰ
1619 3541 1709 3584 τοῦ

143 3622 282 3694 ἁγίου,
302 3629 352 3677 τό
398 3621 457 3678 δε
508 3619 950 3698 τρισκαιδέκατον
995 3627 1229 3696 περιέχει
1287 3625 1354 3674 τὰ
1396 3625 1532 3674 κατὰ
1561 3620 1712 3696 Ἠρα-

144 3710 314 3764 {uideo
366 3723 456 3766 τοῦ
497 3715 571 3776 εἰς
621 3711 839 3785 Ἔφεσον
886 3713 974 3764 ὑπ’
1026 3711 1187 3763 αὐτοῦ
1233 3713 1706 3785 χειροτονηθέντος,

145 3796 268 3874 οὗπερ
307 3801 422 3856 οὐδε
459 3810 556 3862 τὴν
586 3805 894 3874 καθαίρεσιν
923 3805 1161 3872 ἴσχυσαν
1205 3799 1495 3864 τελειῶσαι,
1530 3801 1710 3874 ἑτέρων

144 3899 261 3940 τινῶν
324 3893 694 3946 κωλυσάντων.
768 3890 828 3942 Ὀ
892 3886 949 3942 δε
1023 3893 1314 3961 κατήγορος
1370 3885 1710 3960 Ἡρακλείδου

146 3985 215 4035 τῆς
257 3986 532 4051 Μαγνήτων
586 3979 788 4041 πόλεως
829 3977 1111 4038 ἐπίσκοπος
1167 3974 1229 4035 ἦν
1269 3978 1479 4050 ὀνόματι
1530 3979 1708 4031 Μακά-

147 4069 326 4134 ριο;.’0
380 4067 436 4122 δε
483 4079 579 4122 τοῦ
630 4072 892 4142 μακαρίου
935 4067 1175 4120 Ἰωάννου
1225 4071 1489 4139 προφανὴς
1521 4065 1713 4139 ἐχθρός

145 4163 212 4206 ui
255 4168 440 4228 πρῶτος
494 4163 798 4232 κατήγορος
852 4158 1090 4217 Ἰωάννης
1159 4158 1186 4208 6
1240 4154 1480 4218 διάκονος
1552 4155 1710 4206 αὐτοῦ

147 4240 210 4302 ἓν,
262 4253 542 4322 Κατηγόρει
603 4245 663 4301 δε
713 4255 805 4299 τοῦ
877 4252 1260 4320 Χρυσοστόμου
1315 4247 1394 4297 ὅτι
1449 4263 1501 4297 τε
1556 4244 1709 4296 αὐτόν
1748 4283 1792 4337 D

148 4332 380 4402 ὲδίιησεν,
435 4338 696 4413 ἀφορίσας
743 4335 918 4401 αὐτόν,
978 4333 1118 4387 διότι
1168 4339 1253 4386 τόν
1296 4334 1485 4386 οἰκεῖον
1540 4329 1712 4386 παῖδα

147 4423 349 4480 Εὖὶὰλιον
394 4427 579 4500 ἔτυψεο
624 4423 865 4502 δεύτερον
915 4421 995 4494 δὲ,
1041 4426 1118 4476 ὃτι
1156 4425 1398 4485 Ἰωάννης
1438 4443 1518 4485 τις
1555 4442 1709 4495 μονα-

147 4517 224 4580 lis
269 4516 316 4578 ἔξ
362 4517 652 4594 ἐπιτροπῆς
708 4523 799 4568 τοῦ
863 4517 1248 4589 Χρυσοστόμου
1299 4513 1590 4589 ἐτυπτιῆθη,
1644 4516 1710 4573 ὡς

150 4620 266 4671 fusi,
293 4614 374 4659 καὶ
410 4605 575 4682 ίσύρη
631 4610 722 4658 καὶ
777 4605 908 4677 μετὰ
955 4611 1053 4655 τῶν
1103 4599 1471 4675 δαιμονῶντων
1517 4598 1709 4658 ἐσιδη-

1885 1325 1986 1379 Hic
2009 1325 2315 1394 Arrianus,
2350 1328 2715 1398 professione
2746 1332 3164 1404 philosophus,
3197 1348 3355 1389 unus
3408 1333 3470 1389 in

1814 1413 2055 1484 Epicteti
2081 1414 2496 1482 familiaribus,
2538 1419 2803 1487 Adriani,
2837 1427 2890 1477 et
2938 1422 3212 1477 Antonini
3254 1423 3356 1489 Pii,
3415 1427 3472 1478 et

1813 1504 1984 1558 Marci
2016 1504 2293 1559 Antonini
2325 1505 2756 1577 imperatorum
2811 1511 3188 1583 temporibus
3238 1511 3470 1582 viguit;

1812 1598 1868 1648 et
1887 1593 1966 1648 ob
1998 1593 2366 1663 singularem
2388 1596 2725 1653 doctrinam
2757 1600 2919 1668 (novi
2943 1601 3346 1672 Xenophontis
3372 1618 3472 1658 co-

1813 1688 2180 1752 gnomentum
2197 1683 2606 1757 adeptus)cum
2623 1687 2841 1743 aliosin
2853 1689 3158 1761 republica
3175 1691 3474 1759 magistra-

1815 1776 1904 1825 tus
1918 1774 2239 1840 gessit,tum
2257 1772 2534 1844 adipsum
2549 1791 2786 1848 quoque
2800 1777 3168 1832 consulatum
3202 1777 3472 1850 aliquan-

1813 1859 1890 1915 do
1919 1861 2450 1934 pervenit.Scripsit
2475 1870 2531 1919 et
2557 1864 2673 1920 alia
2725 1865 3025 1922 volumina
3054 1881 3067 1922 :
3116 1867 3474 1923 Dissertatio-

1812 1965 1954 2005 num
1985 1949 2238 2018 Epicteti
2259 1954 2802 2026 praeceptoris(l0),
2859 1970 3010 2027 quos
3060 1955 3355 2021 novimus,
3400 1955 3470 2011 li-

1814 2038 1951 2094 bros
1972 2043 2144 2094 octo:
2173 2039 2513 2097 Sermonum
2550 2058 2689 2098 vero
2738 2043 2928 2114 ipsius
2981 2043 3224 2114 Epicteti
3285 2043 3470 2101 libros

1812 2126 2152 2183 duodecim.
2184 2129 2356 2183 Exilis
2386 2128 2467 2184 illi
2508 2131 2746 2186 dicendi
2791 2130 3120 2196 character,
3175 2136 3232 2188 et
3271 2147 3474 2190 revera

1810 2215 2218 2287 Xenophontis
2244 2217 2507 2273 imitator
2555 2225 2664 2273 est.
2698 2219 2827 2277 Alia
2867 2219 3008 2276 item
3053 2221 3362 2293 scripsisse
3392 2221 3473 2278 fe-

1814 2308 1952 2358 runt
1978 2321 1991 2370 ;
2029 2319 2165 2376 quae
2193 2310 2396 2360 tamen
2427 2305 2503 2361 ad
2534 2322 2752 2362 manus
2776 2323 2944 2364 meas
2968 2308 3245 2364 nondum
3273 2325 3474 2381 perve-

1813 2396 2048 2448 nerunt.
2079 2396 2312 2449 Certum
2345 2411 2488 2450 sane
2513 2394 2675 2462 illud,
2721 2397 3028 2454 rhetoricas
3079 2413 3470 2472 nequaquam

1815 2480 2122 2552 sapientius
2161 2497 2232 2537 ac
2261 2481 2561 2539 facultatis
2602 2484 2943 2556 imperitum
2974 2484 3186 2543 fuisse.

2579 2573 2720 2629 LIX.

1814 2658 2082 2729 Synodus
2105 2658 2199 2731 [ad
2244 2659 2538 2734 ‘Quercum
2581 2661 2624 2731 (l
2649 2661 2718 2734 l)]
2761 2662 3091 2734 illegitima,
3132 2671 3341 2722 contra
3399 2664 3475 2723 B.

2228 2732 2510 2788 Joannem
2553 2732 3055 2803 Chrysostomum.

1887 2819 2126 2875 Lectum
2148 2824 2237 2874 est
2261 2820 2559 2890 illegitime
2589 2829 2862 2878 coactum
2884 2824 3172 2880 adversus
3195 2830 3472 2882 sanctum

1814 2907 2105 2964 Joannem
2119 2908 2613 2980 Chrysostomum
2627 2911 3096 2969 conciliabulum
3115 2927 3128 2966 :
3149 2913 3245 2969 cui
3264 2914 3472 2984 pressi-

1815 2996 1922 3051 des
1982 2996 2302 3053 adfuerunt
2343 2997 2706 3070 TheOphilus
2764 3000 3151 3067 Alexandria,
3212 3001 3472 3058 Aeacius

1816 3086 2103 3142 Berrhcees
2150 3086 2291 3158 (l2),
2327 3088 2650 3144 Antiochus
2695 3088 3076 3145 Ptolemaidis
3115 3091 3252 3163 (l3),
3307 3093 3472 3148 Seve-

1816 3175 2021 3230 rianus
2063 3176 2450 3244 Gabalorum,
2491 3184 2545 3232 et
2589 3179 2841 3250 Cyrinus
2894 3179 3286 3236 Chalcedonis
3335 3181 3470 3252 (14),

1817 3266 2078 3336 episcopi
2110 3281 2124 3320 :
2157 3266 2282 3338 qui,
2314 3266 2526 3322 infesto
2551 3266 2611 3322 in
2645 3266 2813 3323 illum
2853 3268 3058 3324 animo
3083 3285 3220 3325 cum
3248 3273 3471 3334 essent,

1819 3352 1994 3408 simul
2024 3355 2229 3409 omnia
2285 3360 2342 3410 et
2363 3354 2622 3426 judices,
2665 3361 2722 3411 et
2749 3365 3150 3423 accusatores,
3201 3362 3260 3413 et
3296 3361 3476 3414 testes

1819 3445 2006 3497 erant.
2046 3443 2350 3498 Tredecim
2390 3444 2516 3498 haec
2565 3446 2900 3500 actionibus
2932 3451 3170 3516 peracta
3198 3468 3213 3502 :
3246 3446 3476 3503 duode-

1820 3531 1936 3585 cim
1961 3530 2206 3602 quidem
2238 3537 2446 3587 contra
2496 3541 2768 3588 sanctum
2796 3534 3316 3604 Chrysostomum,
3359 3538 3478 3590 ter-

1821 3619 2140 3675 tiadecima
2173 3627 2378 3674 contra
2411 3620 2800 3688 Heraclidem,
2828 3637 3012 3693 quem
3062 3623 3331 3694 Ephesiis
3380 3621 3477 3679 ille

1819 3708 2129 3764 ordinarat
2157 3709 2508 3781 episcopum
2537 3729 2550 3768 :
2579 3710 2763 3781 hujus
2795 3717 2995 3767 tamen
3034 3698 3477 3783 depositionem

1822 3797 2086 3854 validam
2133 3798 2400 3863 reddere,
2448 3797 2582 3853 aliis
2640 3799 2943 3855 nonnullis
2996 3800 3474 3872 prohibentibus,

1822 3888 2065 3942 minime
2098 3894 2434 3957 potuerunt.
2477 3887 2798 3943 Heraclidas
2837 3895 3154 3944 accusator
3193 3889 3478 3946 Macarius

1820 3977 2064 4046 quidam
2101 3977 2341 4031 nomine
2374 3976 2498 4043 fuit,
2534 3979 2872 4046 Magnetum
2903 3978 3221 4048 episcopus
3272 3993 3285 4042 ;
3318 3975 3479 4032 beati

1819 4064 2071 4120 Joannis
2100 4080 2238 4120 vero
2286 4070 2484 4136 palam
2528 4065 2733 4130 hostis,
2781 4065 3130 4137 primusque
3163 4068 3479 4121 accusator

1819 4155 2102 4217 Joannes,
2133 4153 2183 4223 ej
2195 4170 2261 4208 us
2281 4153 2595 4208 diaconus.
2613 4159 2865 4209 Accusat
2896 4153 2992 4209 hic
3007 4157 3204 4226 primo
3223 4154 3479 4225 Chryso-

1821 4249 2087 4298 stomum
2103 4242 2335 4298 actione
2363 4241 2541 4297 illatae
2558 4241 2670 4298 sibi
2702 4241 2937 4312 injuriae
2969 4258 2984 4308 ;
3011 4243 3174 4314 quod
3200 4257 3260 4298 se
3277 4243 3483 4314 ejecis-

1821 4335 1910 4388 set
1945 4331 2100 4402 18a
2128 4332 2208 4387 ob
2245 4330 2636 4387 domesticum
2672 4347 2926 4403 puerum
2956 4331 3245 4387 Eulalium
3277 4332 3479 4404 pulsa-

1820 4425 1968 4478 tum.
2013 4423 2277 4477 Alterum
2302 4426 2429 4478 erat
2458 4421 2682 4477 crimen
2707 4421 2874 4493 quod
2913 4423 3172 4478 Joannes
3203 4423 3321 4493 (ιὸ)
3353 4421 3482 4493 qui-

1820 4509 1964 4566 dam
2004 4509 2337 4566 monachus
2379 4507 2623 4581 jubente
2663 4509 3088 4582 Chrysostomo
3133 4510 3481 4565 verberatus

1822 4603 1994 4663 esset,
2036 4603 2098 4655 ut
2139 4599 2241 4666 ait,
2288 4615 2359 4655 ac
2407 4604 2697 4671 raptatus,
2756 4599 3067 4670 ferreaque
3117 4604 3326 4654 catena
3368 4597 3483 4654 dm-

1471 4699 1704 4756 νΑΒΙΕ
1735 4699 2018 4755 LECTION
2031 4698 2129 4753 ES.

206 4801 240 4836 π
267 4805 394 4869 ἔθνος
418 4812 517 4858 τῶν
547 4798 758 4871 Μακεδ.
794 4822 850 4867 ς.
926 4800 972 4836 ³⁸
995 4799 1266 4853 ἀπελίπετο
1293 4801 1358 4856 Α.
1437 4802 1484 4836 ²⁹
1512 4801 1537 4852 ό
1568 4804 1695 4870 post
1725 4817 1775 4850 τε
1796 4797 1936 4854 add.
1966 4800 2029 4852 Α.
2092 4800 2158 4863 ,³ο
2187 4795 2434 4871 βεῤῥοίας
2464 4817 2518 4861 ς’.
2601 4797 2646 4832 ³1
2681 4793 3015 4858 Χαλκηδόνος
3052 4816 3108 4862 ς’.
3142 4797 3188 4832 ³³
3215 4800 3486 4857 ταῦταΔι

154 4873 254 4926 κᾶτὰ
277 4896 328 4942 ς.
400 4881 445 4912 ⁸³
470 4876 541 4949 ιγ’
566 4879 616 4931 A
643 4895 658 4932 :
694 4870 828 4927 δέκα
851 4876 978 4949 πρός
1009 4880 1115 4935 τοίς
1146 4876 1322 4946 κρισίν
1356 4893 1417 4939 ς.

1695 4960 1922 5016 NOTAE.

208 5065 300 5134 (l0)
335 5065 513 5121 Hodie
553 5067 818 5137 quatuor
839 5061 1136 5137 duntaxat
1159 5060 1346 5117 libros
1375 5060 1608 5117 Arriani
1648 5061 1708 5115 in

158 5130 350 5203 spicea
381 5130 742 5193 Enchi'ridio
758 5135 1034 5203 legimus.

209 5207 301 5276 (tl)
326 5211 506 5263 Locus
531 5213 666 5263 erat
691 5202 852 5276 trans
880 5220 1064 5268 mare,
1097 5203 1183 5259 sic
1208 5211 1474 5266 vocatus.
1494 5202 1709 5258 Rufﬁni

160 5275 487 5345 suburbium,
519 5279 715 5350 inquit
753 5275 983 5350 Pallad.
1023 5277 1538 5350 HelenOpolitanus
1563 5280 1714 5346 epis-

158 5359 318 5420 «ξορας,
344 5347 828 5413 coronas—rerum
848 5349 906 5401 Β.
926 5349 1334 5420 Chrysostomi
1361 5347 1712 5419 primusque

161 5417 654 5564 Ἥρὲῗὲἰωωω
682 5493 862 5564 hujus
889 5493 948 5549 in
969 5492 1281 5564 Joannem?
1300 5489 1510 5564 odium
1541 5486 1718 5544 refert

327 5567 429 5633 ius,
459 5567 634 5640 quod
660 5561 802 5623 cum
828 5564 1083 5622 venisset
1104 5561 1168 5619 in
1200 5563 1434 5630 urbem,
1463 5561 1718 5618 honesto

327 5645 349 5694 t
374 5638 662 5712 hospitio.

372 5725 606 5788 Ρηδοι..
649 5725 757 5786 Gn.
794 5725 944 5786 CIII.

1892 5058 2004 5129 (13)
2036 5056 2293 5129 Quorum
2311 5055 2591 5125 facinora
2613 5055 3247 5129 (inqruitVChrysost.Ai_n
3277 5071 3388 5112 sua
3407 5055 3487 5112 ad

1822 5126 2270 5201 pseudosynod.
2308 5131 2480 5201 epist.
2534 5133 2694 5201 apud
2723 5126 3212 5201 PalladJmculi
3245 5143 3480 5200 quoque

1823 5197 2060 5256 theatra
2085 5197 2510 5271 canunthidc
2551 5197 2768 5254 Pallad.
2810 5209 2986 5271 atque
3018 5199 3264 5269 Niceph.

1893 5273 2006 5342 (14)
2042 5271 2182 5343 Huic
2227 5289 2263 5326 a
2290 5270 2412 5326 Deo
2437 5276 2778 5343 immissam
2811 5269 3018 5342 postea
3059 5286 3328 5343 poenam,
3354 5269 3486 5343 lege

1824 5341 1993 5415 apud
2019 5342 2261 5414 Niceph.
2293 5359 2348 5415 ρ.
2386 5345 2468 5406 Ur,
2504 5345 2618 5415 sub
2649 5341 2753 5397 ﬁn.

1896 5414 2009 5486 (l5)
2056 5411 2257 5493 nefas
2281 5412 2778 5493 fortassisuunus,
2829 5414 2938 5493 qui.
2981 5414 3224 5493 _Longo_s
3260 5411 3491 5493 fratres

1825 5483 2183 5558 accusaturi,
2204 5486 2282 5542 ab
2311 5483 2634 5557 Theophilo
2661 5483 2942 5542 submissi
2977 5484 3231 5541 fuerant.
3259 5487 3336 5542 De
3360 5485 3492 5558 qui-

1826 5557 1944 5616 bus
1976 5556 2211 5615 Pallad.

3177 5717 3217 5792 ό
