4046 6228
170 333 242 388 113
1190 323 1691 386 BIBLIOTHECA.
1727 356 1796 369 --
1820 325 2032 383 CODD.
2070 325 2185 384 LX.
2218 327 2360 384 LXI.

162 477 204 510 το
225 456 494 525 ἐπιταχῦναι
520 459 580 524 τῇ
628 449 910 524 ἀποφάσει,
942 455 1032 504 καὶ
1081 458 1278 523 πρῶτος
1307 457 1412 511 τῆς
1462 446 1688 503 συνόδου

164 545 362 604 Παύλοςό
402 541 686 612 Ἡρακλείας
734 539 956 603 ἠξίωσεν
1009 539 1244 601 ἅπαντας
1295 538 1683 606 ἀποφήνασθαι.

163 640 236 687 Καὶ
258 633 541 704 ἀπεφήναντο
571 634 662 688 τὴν
705 638 798 682 τοῦ
830 630 1005 701 ἁγίου,
1047 633 1117 690 ὡς
1145 625 1329 692 ἔδοξαν
1361 629 1408 664 ⁶⁴
1457 628 1680 696 ἑαυτοῖς,

158 727 419 794 καθαίρεσιν,
467 720 752 794 ἀρξαμένου
786 717 878 791 [28
922 719 1021 790 8.]
1061 723 1354 791 Γυμνασίου
1398 717 1683 771 ἐπισκόπου

158 817 220 862 ui
261 810 622 869 τελευτήσαντος
694 808 948 881 Θεοφίλου
1007 815 1097 860 τοῦ
1160 804 1577 880 Ἀλεξανδρείας,
1637 809 1684 860 οί

156 904 286 960 πάντες
323 902 400 952 τόν
446 897 663 971 ἀριθμόν
717 899 1114 969 τεσσαράκοντα
1155 901 1320 951 πέντε.
1367 893 1494 950 Εἶτα
1533 895 1681 971 ἐγράυ

154 1010 200 1060 γη
243 997 302 1059 τῷ
353 988 515 1059 κλήρῳ
575 987 1184 1051 Κωνσταντινουπόλεως,
1240 988 1306 1046 ὡς
1360 982 1516 1044 δῆθεν
1581 984 1682 1038 ἀπὸ

152 1074 347 1141 σύνοδον,
376 1081 484 1151 περὶ
514 1086 612 1138 τῆς
652 1085 744 1130 τοῦ
790 1076 944 1148 ἁγίου
987 1078 1336 1151 καθαιρέσεως
1369 1092 1382 1105 ’
1417 1074 1680 1146 ἀνηνέχθη

148 1173 210 1218 ui
235 1173 324 1228 τοῖς
367 1164 672 1239 βασιλεῦσιν
704 1167 772 1220 ⁵⁵.
814 1163 1174 1224 Ἐπεδόθησαν
1221 1167 1296 1217 ἔτι
1338 1169 1428 1216 καὶ
1464 1163 1682 1216 λίϐελλοι

147 1261 264 1327 τρεῖς,
290 1258 417 1330 παρὰ
463 1260 756 1330 Γεροντίου,
787 1257 931 1328 παρὰ
961 1259 1270 1318 Φαυστίνου,
1315 1256 1459 1326 παρὰ
1483 1252 1681 1324 Εὔγνω-

143 1349 299 1415 μοτίου,
328 1343 368 1396 οἱ
398 1345 562 1416 ἔλεγον
589 1344 808 1406 ἑαυτούς
830 1341 1024 1405 ἀδίκως
1053 1346 1153 1396 ὑπὸ
1180 1343 1417 1397 Ἰωάννου
1443 1344 1684 1416 καθῃρῆ-

146 1436 252 1487 σθαι.
278 1435 482 1504 Ἐγένετο
507 1440 597 1487 καὶ
639 1433 929 1507 ἀντιγραφή
965 1432 1217 1506 βασιλική
1251 1437 1380 1507 πρὸς
1408 1437 1502 1491 τὴν
1535 1434 1682 1484 σύνο-

143 1520 209 1574 δον
232 1544 242 1554 ·
269 1521 312 1574 ὧι
339 1524 409 1584 οἷς
444 1529 531 1575 καὶ
555 1526 587 1581 ἡ
619 1525 670 1559 ⁸⁸
711 1520 990 1582 δωδεκάτη
1021 1522 1229 1596 πρᾶξις.
1258 1521 1318 1575 Ἡ
1351 1518 1410 1575 δι
1433 1541 1682 1595 τρισκαι-

143 1608 310 1674 inita,
341 1615 404 1672 ὡς
439 1611 636 1687 ἐρρήθη
681 1615 750 1677 ⁸⁷,
797 1615 911 1685 ἔχει
958 1615 1024 1665 τὰ
1072 1617 1188 1685 περὶ
1216 1609 1560 1682 Ἡρακλείδην
1593 1613 1678 1664 τὸν

141 1702 306 1772 Ἐφέσου
340 1701 643 1755 ἐπίσκοπον.

844 1877 895 1900 Iul

843 1900 915 1934 ἐν.

446 1965 740 2042 Ἡροδότου
773 1967 1030 2040 ἱστορικοὶ
1054 1967 1201 2039 λόγοι
1229 1964 1292 2022 θ’.

188 2056 471 2128 ’Δνεγνὼσθη
500 2054 795 2130 Ἡροδότου
818 2056 1080 2130 Ἰστοριῶν
1105 2056 1249 2128 λόγοι
1276 2055 1336 2121 θ’,
1369 2057 1504 2109 κατὰ
1535 2055 1680 2128 ἀριθ-

135 2149 201 2214 ρον
223 2151 296 2196 καὶ
321 2147 609 2219 ἐπωνυμίαν
644 2154 743 2199 τῶν
773 2148 914 2198 ἐννέα
942 2152 1184 2200 Μουσῶν.
1217 2145 1444 2205 Ἰωνικῆς
1473 2141 1508 2196 δ
1512 2147 1533 2196 ξ
1560 2141 1594 2196 δ
1601 2164 1676 2196 ta-

133 2233 265 2285 λέκτου
291 2241 444 2287 κανὼν
473 2235 536 2288 ἂν
558 2236 710 2296 οὗτος
743 2235 790 2270 ⁸⁸
821 2237 1002 2300 εἰη,ὡς
1032 2235 1277 2296 Ἀττικῆς
1312 2229 1672 2295 Θουκυδίδης.

136 2328 352 2396 Κέχρηται
382 2322 438 2377 δε
465 2325 812 2398 μυθολογίαις
836 2329 926 2375 καὶ
953 2321 1308 2398 παρεκϐάσεσι
1346 2321 1579 2390 πολλαῖς,
1605 2319 1678 2374 δι’

133 2411 179 2461 ἕνα
203 2413 318 2482 αὐτῷ
343 2416 370 2472 ἠ
397 2418 533 2467 κατᾶ
564 2413 807 2466 διάνοιαν
825 2413 1084 2484 γλυκύτης
1114 2409 1338 2486 διαρρεῖ,
1364 2411 1407 2464 εἰ
1436 2417 1524 2464 καὶ
1548 2415 1681 2483 πρὸς

131 2507 198 2558 τὴν
219 2511 298 2562 τῆς
348 2506 581 2578 ἱστορίας
628 2502 923 2573 κατάληψιν
952 2507 1038 2553 καὶ
1069 2505 1154 2553 τόν
1188 2501 1374 2553 οἰκεῖον
1405 2501 1563 2561 αὐτῆς
1588 2505 1678 2553 καὶ

131 2590 387 2649 κατάλληλον
414 2597 574 2645 τύπον
604 2593 768 2644 ἐνίοτε
787 2599 956 2644 ταῦτα
981 2590 1261 2654 ἐπισκοτεῖ,
1289 2590 1384 2642 οὐκ
1408 2589 1680 2651 ἐθελούσης

131 2687 195 2739 τῆς
215 2679 428 2742 ἀληθείας
449 2684 644 2754 μύθοις
685 2680 850 2742 αὐτῆς
874 2678 1243 2754 ἀμαυροῦσθαι
1273 2684 1365 2738 τὴν
1394 2678 1677 2752 ἀκρίϐειαν,

133 2765 222 2820 εὗδε
243 2770 373 2823 πλέον
399 2780 488 2824 τοῦ
513 2775 876 2846 προσήκοντος
903 2769 1305 2822 ἀποπλανᾶσθαι
1342 2775 1453 2829 ταῖς
1491 2788 1680 2842 παρεκ-

131 2855 298 2911 Suram
309 2906 322 2917 ,

181 2946 404 3020 ’Δρχεται
433 2946 494 3003 δε
524 2958 624 3010 τῆς
651 2951 888 3022 ἱστορίας
919 2946 1020 3000 ἀπὸ
1047 2956 1138 3008 τῆς
1181 2950 1350 3019 Κύρου
1383 2946 1676 3020 βασιλείας,

132 3044 196 3088 τεῦ
230 3045 414 3110 πρώτου
450 3047 670 3112 Περσῶν
721 3037 1154 3110 βασιλεύσαντος,
1202 3039 1313 3090 ὅθεν
1353 3057 1406 3090 τε
1457 3041 1548 3109 ἔφυ
1593 3043 1680 3090 καὶ

132 3127 228 3185 ὁπως
265 3127 442 3201 ἐτράφη
491 3148 548 3181 τε
598 3133 693 3180 καὶ
746 3127 950 3190 ηὐξήθη
1009 3132 1100 3179 καὶ
1168 3125 1472 3179 ἐϐασίλευσε
1523 3144 1534 3156 ·
1591 3130 1681 3179 καὶ

131 3217 286 3268 διέξεισι
309 3221 464 3292 μέχρι
503 3225 601 3279 τῆς
642 3217 833 3290 Ξέρξου
863 3215 1132 3288 βασιλείας
1173 3221 1263 3268 καὶ
1289 3225 1385 3278 τῆς
1417 3218 1554 3268 κατὰ
1580 3224 1680 3268 τῶν

131 3303 362 3360 Ἀθηναίων
390 3307 681 3366 ἐπελάσεως
708 3311 799 3358 καὶ
821 3314 916 3365 τῆς
944 3311 1113 3378 φυγῆς
1134 3313 1228 3366 τῆς
1253 3304 1460 3360 ἐκεῖθεν.
1493 3309 1681 3378 Τέταρ-

132 3410 192 3452 τος
217 3391 264 3446 δέ
290 3393 416 3448 ἐστιν
447 3396 550 3448 ἀπὸ
589 3399 765 3468 Κύρου
790 3394 978 3466 Ξέρξης
1009 3412 1022 3423 '
1059 3390 1297 3466 δεύτερος
1319 3396 1420 3468 γὰρ
1471 3393 1681 3466 Καμϐύ-

133 3499 200 3541 σης
232 3489 307 3536 καὶ
347 3491 510 3558 τρίτος
542 3492 784 3558 Δαρεῖος.
826 3483 887 3536 Ὀ
923 3487 1026 3558 γὰρ
1078 3483 1281 3556 μεταξύ.
1328 3479 1550 3557 Σμέρδις
1575 3483 1620 3518 ⁸9
1654 3484 1680 3534 ό

133 3574 268 3639 Μάγος
287 3573 371 3624 οὐκ
408 3573 718 3649 ἀριθμεῖται
741 3575 966 3640 τούτοις,
1010 3572 1100 3625 οἶτε
1128 3569 1195 3631 δὴ
1233 3575 1481 3644 τύραννος
1505 3576 1594 3624 καὶ
1621 3571 1679 3624 ού

129 3667 444 3728 προσήκουσαν
483 3664 639 3733 αύτῷ
671 3661 849 3734 ἀρχὴν
877 3659 1015 3732 δόλῳ
1057 3667 1148 3713 καὶ
1195 3663 1366 3734 ἀπάτῃ
1411 3660 1668 3716 ύπελθών.

132 3754 295 3819 hostes
337 3749 391 3804 δε
441 3749 720 3822 διάδοχος
749 3753 774 3803 ὁ
806 3753 919 3812 υἱὸς
949 3749 1157 3826 Ξέρξης,
1209 3751 1281 3822 ἐφ’
1325 3749 1386 3802 οὗ
1411 3751 1440 3808 ἠ
1474 3752 1681 3825 ἱστορία

131 3839 375 3910 καταλήγει,
417 3839 542 3894 οὐδὲ
582 3844 754 3912 μέχρι
791 3839 964 3900 τέλους
1009 3848 1101 3899 τῆς
1153 3839 1312 3891 αὐτοῦ
1354 3838 1680 3912 προελθοῦσα

135 3922 367 3991 βασιλείας.
395 3931 452 3983 Ὀ
498 3927 560 3983 δε
591 3925 874 4002 Ἡρόδοτος
922 3930 972 3980 ἐν
1003 3927 1181 3990 αὐτοῖς
1225 3930 1425 3988 τούτοις
1473 3930 1680 3998 ἤκμασε

133 4021 209 4076 rei;
230 4025 441 4091 χρόνοις,
474 4023 542 4082 ὡς
577 4018 730 4071 ἄλλοι
761 4037 815 4070 τε
861 4022 950 4069 καὶ
998 4019 1024 4068 ό
1073 4017 1380 4079 Σικελιώτης
1419 4012 1680 4089 Διόδωρος

136 4104 295 4177 irrepsi
321 4113 533 4179 Λέγεται
561 4105 631 4161 δε
653 4106 1134 4178 ἀναγινωσκομένης
1165 4105 1305 4176 αύτῷ
1330 4113 1420 4166 τῆς
1444 4107 1679 4180 ἱστορίας

134 4190 279 4265 κομιδῇ
307 4201 405 4249 νίον
445 4203 570 4251 ὄντα
605 4199 750 4269 παρὰ
779 4204 852 4267 τῷ
878 4202 1038 4269 πατρὶ
1078 4191 1422 4253 Θουκυδίδην
1455 4193 1679 4248 ἀκούσαι

135 4287 194 4331 ut
217 4279 456 4358 δακρῦσαι
498 4305 510 4316 ·
561 4289 657 4339 τὸν
698 4283 757 4339 δι
804 4281 1084 4357 Ἡρόδοτον
1129 4284 1500 4356 ἀποφήνασθαι
1533 4304 1562 4336 (ι
1592 4282 1678 4347 Ὠς

139 4370 374 4441 litera“,
405 4374 443 4427 ὦ
473 4375 722 4446 Ὀλουρε,
758 4376 784 4426 ό
818 4377 929 4439 σὸς,
959 4373 1200 4446 ὀργῶσαν
1231 4377 1369 4446 ἔχων
1397 4377 1490 4432 τὴν
1521 4374 1676 4445 φύσιν

139 4465 229 4524 πρὸς
250 4466 537 4534 μαθήματα.
574 4486 610 4512 ν’

815 4639 940 4696 EA’.

392 4730 662 4802 Αἰσχίνου
701 4727 846 4800 λόγοι
874 4727 943 4800 γ’,
988 4727 1259 4781 ἐπιστολαὶ
1293 4726 1353 4784 θ’.
1659 4787 1664 4792 δ

192 4812 469 4887 lar/3669a
500 4821 552 4856 ⁷ο
585 4818 848 4890 Αἰσχίνου
879 4820 925 4870 οἱ
959 4825 1097 4891 τρεῖς
1142 4816 1308 4890 λόγοι,
1341 4819 1366 4870 ὀ
1403 4819 1548 4871 Κατὰ
1587 4823 1678 4872 Τι-

3342 325 3454 386 ιίε

1797 452 2116 508 accelerari
2132 451 2748 524 postularunt.ltaque
2768 453 2812 523 1
2823 451 2919 524 9b
2932 450 3146 524 synodi
3169 451 3281 524 (40)
3303 465 3452 523 prea-

1797 558 1891 597 ses
1915 541 2132 597 Paulus
2165 541 2457 596 Heracleas
2487 543 2825 613 episcopus,
2855 557 3065 597 omnes
3095 541 3451 598 sententiam

1795 630 1990 687 dicere
2023 631 2229 698 voluit,
2264 634 2675 704 statutumque
2711 637 2770 686 ut
2801 631 2950 703 ipsis
2984 631 3450 696 visum,beatum

1792 721 1990 776 virum
2031 721 2174 776 sede
2207 719 2570 792 pellendum,
2604 721 2920 793 incipiente
2961 719 3290 791 Gymnasio
3329 720 3454 792 epi-

1793 825 1997 882 scopo,
2028 815 2084 865 et
2113 810 2352 865 ﬁnieute
2384 809 2710 881 Theophilo
2742 809 3164 874 Alexandrino,
3199 825 3452 866 numero

1792 915 2001 954 omnes
2048 899 2314 972 quinque
2362 905 2417 954 et
2464 899 2886 971 quadraginta.
2954 901 3088 954 Post
3137 899 3326 955 missa
3362 903 3452 955 est

1791 989 1866 1042 ad
1885 988 2098 1044 clerum
2114 987 2846 1060 Constantinopolitanum,
2858 991 3134 1059 tanquam
3148 1003 3179 1043 e
3193 985 3450 1060 synodo,

1791 1077 2046 1150 epistola
2070 1077 2144 1132 de
2172 1077 2581 1148 Chrysostomi
2611 1093 2642 1132 e
2671 1077 2883 1132 throno
2909 1076 3260 1148 dejectione.
3288 1075 3452 1132 Rela-

1790 1167 1872 1222 tio
1920 1182 2163 1239 quoque
2215 1165 2293 1221 ad
2341 1166 2725 1237 imperatores
2782 1165 2960 1222 facta.
3013 1165 3103 1220 Ad
3153 1165 3282 1221 haec
3333 1169 3452 1222 tres

1789 1255 1976 1312 oblati
2007 1254 2202 1324 libelli,
2248 1271 2284 1311 a
2334 1254 2617 1311 Gerontio
2668 1255 2801 1327 (41),
2863 1255 3170 1322 Faustino,
3218 1255 3453 1324 Eugno-

1792 1345 2015 1410 monio,
2048 1345 2148 1417 qui
2178 1360 2241 1399 se
2273 1344 2492 1415 injuste
2540 1360 2576 1401 a
2601 1347 2825 1400 Joanne
2859 1344 3206 1416 episcopatu
3257 1348 3452 1401 motos

1788 1434 2211 1507 querebantur.
2239 1434 2668 1506 lmperatorum
2707 1433 2971 1490 vicissim
3019 1432 3097 1488 ad
3153 1433 3453 1505 synodum

1787 1524 2037 1579 missum
2071 1527 2157 1578 est
2183 1522 2558 1594 rescriptum.
2600 1525 2789 1594 Atque
2827 1522 2889 1578 in
2927 1522 3020 1577 his
3057 1521 3178 1578 fere
3227 1521 3453 1578 duode-

1787 1612 1946 1669 cima
1998 1612 2150 1669 actio
2202 1611 2593 1668 consumitur.
2636 1615 2786 1668 Nam
2847 1612 3084 1668 decima
3138 1611 3332 1682 tertia,
3388 1615 3454 1668 ut

1785 1700 2068 1766 diximus,
2095 1716 2168 1756 ea
2210 1700 2469 1756 continet
2509 1715 2646 1773 quia
2689 1700 2768 1756 ad
2815 1699 3186 1758 Heraclidem
3234 1698 3452 1772 Ephesi

1711 1815 1757 1870 Β
1786 1789 2134 1863 episcopum
2162 1789 2560 1863 pertinebant.

1866 1967 2147 2024 Herodoti
2165 1967 2621 2025 Halicarnassei
2645 1966 3047 2025 Historiarum
3079 1965 3222 2024 libri
3249 1981 3331 2023 ix.

1864 2059 2164 2127 Leguntur
2219 2059 2626 2114 Historiarum
2690 2057 2964 2114 Herodoti
3020 2055 3154 2113 libri
3206 2069 3447 2124 novem,

1790 2161 2043 2202 numero
2073 2151 2130 2202 et
2150 2146 2395 2202 nomine
2425 2145 2678 2203 totidem
2715 2148 3036 2203 Musarum.
3091 2144 3192 2201 Hic
3231 2143 3449 2200 Ionica

1790 2235 2022 2291 dialecti
2054 2251 2268 2292 norma
2298 2251 2430 2292 esse
2459 2241 2660 2308 queat,
2699 2240 2759 2292 ut
2802 2235 2998 2291 Atticae
3045 2231 3447 2308 Thucydides.

1791 2324 2045 2381 Fabulas
2072 2324 2330 2390 adhibet,
2349 2325 2711 2397 crebrasque
2733 2323 3162 2393 digressiones,
3177 2338 3279 2394 per
3294 2336 3446 2394 quas

1791 2429 2002 2469 sensus
2032 2413 2148 2485 ipsi
2179 2419 2359 2486 atque
2405 2414 2712 2470 sententiae
2741 2412 2998 2469 dulcedo
3035 2411 3201 2467 ﬂuit:
3256 2424 3449 2482 quan-

1789 2517 1974 2573 quam
2005 2518 2114 2572 pro
2151 2501 2418 2558 historias
2467 2502 2662 2568 modo,
2711 2501 3070 2574 proprioque
3129 2498 3338 2571 ipsius,
3391 2502 3449 2554 et

1791 2591 2178 2647 conveniente
2210 2591 2573 2657 charactere,
2602 2592 2731 2647 haec
2748 2591 2879 2662 ipsa
2905 2587 3206 2645 interdum
3234 2586 3450 2643 obscu-

1791 2680 2024 2735 ritatem
2072 2681 2328 2751 pariant,
2357 2687 2666 2736 recusante
2713 2679 2954 2735 veritate
3011 2675 3231 2732 fabulis
3272 2689 3448 2731 suam

1790 2766 2088 2824 obfuscari
2113 2767 2576 2836 accurationem,
2605 2771 2708 2824 aut
2737 2767 2870 2838 plus
2923 2780 3099 2837 aequo
3130 2781 3166 2820 a
3217 2779 3280 2820 re
3318 2777 3451 2835 pro-

1788 2858 1981 2930 posita
2007 2857 2360 2927 scriptorem
2391 2856 2646 2925 digredi.

1860 2947 2215 3017 Auspicatur
2244 2945 2557 3000 historiam
2610 2960 2646 3000 a
2677 2943 2812 3015 Cyri
2864 2941 3134 3014 imperio,
3195 2941 3299 3012 qui
3337 2939 3445 3011 pri-

1791 3051 1926 3093 mus
1957 3035 2270 3090 Persarum
2289 3048 2542 3102 regnum
2575 3032 2779 3100 tenuit,
2806 3030 2967 3086 unde
2993 3035 3449 3101 natus,quomo-

1790 3124 1986 3196 doque
2011 3123 2302 3178 educatus
2329 3121 2589 3185 creverit,
2625 3127 2804 3192 atque
2861 3117 3167 3188 regnarit:
3226 3121 3284 3174 et
3323 3132 3452 3189 per-

1791 3212 1961 3283 tingit
1990 3213 2065 3268 ad
2096 3227 2288 3284 usque
2317 3211 2529 3267 Xerxis
2557 3209 2893 3282 imperium,
2939 3207 3196 3280 ejusque
3243 3210 3450 3263 contra

1788 3302 2176 3358 Athenienses
2205 3300 2642 3372 expeditionem
2668 3313 2738 3354 ac
2767 3297 2994 3368 fugam.
3025 3295 3286 3365 Quartus
3310 3310 3450 3352 vero

1790 3407 1826 3447 a
1852 3392 1998 3463 Cyro
2028 3406 2130 3445 rex
2159 3390 2266 3446 fuit
2305 3390 2528 3445 Xerxes
2558 3405 2573 3445 :
2609 3404 2751 3444 nam
2788 3386 3088 3444 secundus
3125 3384 3451 3463 Cambyses

1792 3459 1938 3544 erat,
1970 3484 2025 3534 et
2056 3479 2255 3534 tertius
2291 3479 2521 3534 Darius.
2569 3477 2678 3542 Qui
2737 3476 2898 3532 enim
2953 3475 3301 3548 interjectus
3363 3459 3453 3530 est

1793 3568 2052 3626 Smerdis
2082 3570 2301 3637 Magus,
2330 3567 2422 3623 his
2453 3580 2576 3622 non
2629 3569 3082 3630 annumeratur,
3138 3562 3306 3636 quod
3359 3565 3451 3634 ty-

1789 3674 2015 3714 rannus
2042 3658 2232 3721 fuerit,
2261 3656 2497 3728 sibique
2549 3655 2795 3711 minime
2845 3653 3118 3710 debitum
3170 3665 3450 3722 regnum,

1789 3747 1928 3803 dolo
1960 3747 2119 3802 malo
2151 3761 2220 3802 ac
2246 3744 2557 3800 fraudibus
2572 3743 2914 3815 occupavit.
2943 3741 3446 3806 Dariisuccessor,

1790 3840 2000 3892 Xerxes
2024 3835 2183 3891 ﬁlius
2231 3834 2360 3897 fuit,
2408 3834 2468 3888 in
2510 3847 2694 3905 quem
2743 3831 2993 3888 historia
3043 3828 3264 3886 desinit
3311 3827 3448 3901 (42),

1745 3912 1748 3916 ’
1788 3941 1984 3998 neque
2009 3924 2084 3979 ad
2110 3922 2278 3994 regni
2307 3923 2434 3993 ejus
2461 3922 2644 3976 ﬁnem
2673 3935 2862 3991 usque
2909 3933 3250 3991 progressa,
3309 3916 3453 3988 quia

1788 4015 1882 4070 his
1914 4012 2289 4084 temporibus
2347 4009 2678 4066 Herodotus
2733 4010 2862 4077 ipse
2910 4006 3130 4073 ﬂoruit,
3182 4009 3246 4060 ut
3299 4005 3452 4060 inter

1789 4111 2030 4159 caeteros
2059 4107 2116 4156 et
2143 4099 2435 4154 Diodorus
2466 4096 2698 4154 Siculus
2731 4099 3001 4152 testatur.
3034 4091 3452 4164 Thucydidem

1789 4191 1902 4263 (43)
1935 4190 2128 4245 ferunt
2152 4205 2290 4244 cum
2309 4187 2659 4243 adolescens
2677 4184 3012 4241 admodum
3031 4181 3197 4255 apud
3216 4187 3453 4253 patrem

1791 4285 2012 4345 astans,
2045 4278 2204 4333 hunc
2236 4292 2412 4332 suam
2436 4274 2766 4334 Historiam
2814 4273 3161 4330 recitantem
3194 4269 3448 4338 audiret,

1788 4368 2218 4440 illacrymasse,
2276 4365 2749 4436 Herodotumque
2798 4362 2873 4418 de
2915 4360 3017 4418 illo
3075 4359 3448 4433 subjecisse:

1792 4459 2036 4524 «Quam
2074 4461 2163 4512 est
2186 4459 2324 4512 tuus
2353 4453 2527 4519 ﬁlius,
2551 4452 2750 4520 Olure,
2809 4449 3041 4509 ardenti
3099 4450 3180 4508 ad
3224 4448 3453 4506 discen-

1709 4527 1754 4582 D
1788 4547 1936 4604 dum
1964 4545 2204 4618 ingenio
2233 4543 2246 4599 l
2280 4564 2310 4598 ν

2556 4632 2684 4688 LXI.
3210 4665 3216 4673 -

1952 4723 2265 4782 (Eschinis
2288 4633 2684 4778 orationetxiii
2717 4721 2770 4774 et
2801 4714 3058 4788 epistolas
3073 4730 3133 4772 1x
3151 4713 3291 4790 (44).

1868 4816 2023 4886 2οα
2072 4815 2369 4882 Leguntur
2415 4807 2712 4864 Eschinis
2756 4806 3052 4863 orationes
3078 4810 3218 4872 tres,
3240 4809 3453 4863 contra

1424 4925 1660 4982 VARIIE
1700 4921 2094 4982 LECTIONES.

193 5019 226 5051 “
249 5018 397 5088 ἱδοξεν
427 5047 480 5090 ς’.

149 5093 276 5148 ἥσθη
283 5113 364 5147 σαν
393 5118 447 5164 ς.

587 5025 638 5060 ⁸⁵
671 5021 1020 5096 βασιλεύουσι
1050 5044 1106 5090 ς’.
1184 5025 1232 5060 ⁸⁸
1260 5025 1290 5082 ἡ
1323 5028 1461 5095 post
1484 5028 1575 5077 καί
1604 5023 1745 5081 add.
1780 5023 1848 5078 Α.
1926 5021 1974 5058 ⁸⁷
2003 5017 2184 5097 ἐρρέθη
2219 5037 2274 5084 ς’.
2352 5015 2399 5052 ⁸⁸
2430 5013 2582 5079 οὗτος
2602 5014 2664 5066 ἄν
2696 5034 2753 5081 ς’.
2829 5011 2878 5050 ⁸⁸
2898 5007 3154 5089 Σμέρδης,
3228 5011 3281 5049 ⁷⁸
3310 5008 3456 5087 ἀνα-ιο

1652 5188 1880 5250 NOTAE.

201 5286 279 5364 (ξο)
308 5292 634 5364 Propterea,
654 5291 891 5364 opinor,
910 5288 1075 5362 quod
1101 5289 1454 5364 patriarcha
1477 5288 1687 5364 soleret

159 5352 205 5446 ξι)
219 5352 466 5446 Heraclea;
486 5352 982 5446 metropolitaep.
1000 5352 1217 5444 manus
1237 5361 1683 5446 impositionem

158 5431 352 5505 agapen:
373 5437 507 5505 quia
545 5431 972 5508 Byzantiumiu
1002 5433 1127 5502 ejus
1155 5431 1509 5516 episcopatu
1540 5431 1682 5487 olim

159 5493 246 5577 fuit:
269 5513 482 5577 auctore
515 5505 878 5577 CurOpalat.
897 5506 984 5560 De
1011 5505 1171 5574 ofﬁc.
1202 5504 1639 5577 Constantinop.

203 5569 382 5650 (ﬂLDe
405 5594 525 5649 quo
551 5569 791 5650 Nicepb.
823 5576 927 5650 ιιι).
960 5569 1093 5650 xui,
1114 5593 1163 5630 c.
1197 5576 1252 5650 _9,
1277 5576 1464 5630 initio.

206 5643 289 5722 ﬁt?)
301 5643 565 5722 tertiana
582 5652 652 5706 ad
673 5643 977 5722 Mycalen;
993 5655 1050 5722 es
1064 5647 1210 5722 Sesti
1222 5643 1684 5722 ,ρρριιεηὲιέἓοηθ

412 5713 593 5779 ﬁnem
612 5713 774 5789 fecit,
803 5720 1002 5795 inquit
1020 5713 1379 5778 Diod.lib'.x1-
1391 5717 1682 5777 Btblioth.

1870 5286 1984 5358 (43)
2013 5283 2176 5341 Suid.
2210 5284 2269 5340 in
2291 5281 2554 5356 Thucyd.
2573 5285 2631 5338 et
2657 5279 3026 5337 Marcellinus
3053 5279 3117 5338 in
3145 5279 3276 5339 Vita
3302 5281 3457 5354 ejus-

1839 5375 1868 5415 e

1875 5375 1954 5414 IIl.

1869 5428 1979 5500 (44)
2007 5430 2099 5484 Est
2134 5432 2193 5500 et
2215 5426 2400 5483 altera
2429 5423 2727 5500 .Eschinis
2747 5423 2878 5500 Vi_ta
2901 5421 3008 5500 inf.
3040 5422 3452 5500 cod.CCLXIV,

1793 5493 2197 5557 ex‘Pl'utarchi
2230 5497 2524 5568 opusculo
2564 5495 2761 5568 decem
2795 5493 3029 5550 Gracia
3059 5499 3379 5564 oratorum,
3403 5495 3458 5551 si

1793 5573 1916 5644 ejus
1950 5572 2130 5644 modo
2165 5565 2462 5644 est,quar_n
2494 5565 2786 5644 cumbae
2813 5581 3170 5644 componere
3195 5569 3454 5644 pretium

1796 5638 1988 5717 operae
2045 5641 2242 5697 fuerit.
2280 5638 2358 5696 De
2411 5640 2526 5717 hoc
2562 5638 2813 5717 aliisque
2863 5639 3125 5699 nominis
3180 5638 3454 5714 ejusdem

1794 5711 2006 5774 Suidas
2043 5728 2285 5790 quoque
2325 5711 2635 5788 exscripsit
2673 5711 2891 5787 aliqua.
3268 5779 3272 5783 _
3317 5751 3324 5760 .
