4046 6228
578 309 689 387 us

1820 318 2057 386 P’HOTII
2099 331 2572 387 PATRIARCHAE
2612 333 2711 387 cr.

3846 333 3956 387 116

592 458 997 525 Timarchum,
1031 474 1166 531 quas
1223 458 1494 529 princeps
1553 460 1643 511 est
1696 456 2035 513 orationum
2085 460 2214 529 ejus

2349 458 2583 533 μάρχου,
2619 460 2668 518 ὃς
2694 462 2804 511 εστι
2849 464 2937 511 καὶ
2975 468 3174 531 πρῶτος
3212 466 3311 510 τῶν
3355 456 3510 509 αὐτοῦ
3556 455 3742 527 λόγων,
3795 462 3890 508 καὶ
3929 461 3956 509 6

586 554 643 605 et
672 551 871 606 Falsa:
904 548 1230 618 legationis.
1273 546 1461 602 Tertia
1491 561 1627 600 vero
1669 554 1723 601 et
1774 547 1978 602 ultima
2033 548 2238 604 Contra

587 639 1028 707 Ctesiphontem.
1054 640 1191 694 Tres
1217 637 1377 693 enim
1417 634 1705 690 duntaxat
1762 636 2054 703 legitimas
2109 653 2238 692 esse

583 730 762 785 hasce
794 729 987 783 ferunt
1017 749 1030 784 :
1063 726 1336 799 epistolas
1363 739 1500 780 vero
1528 740 1745 780 novem
1772 726 1904 795 (45).
1940 726 2234 790 Quamob-

580 833 705 874 rem
739 817 1010 873 nonnulli
1059 818 1350 871 orationes
1400 818 1528 886 ejus
1557 816 1793 870 Gratias
1825 815 2233 882 nominarunt,

580 924 717 962 cum
750 908 828 962 ob
858 906 1145 962 orationis
1163 906 1551 975 gratiamtum
1572 922 1606 958 a
1632 919 1883 959 numero
1897 904 2198 959 Charitum
2220 921 2232 970 ;

578 996 776 1051 Musas
815 1012 950 1051 vero
990 996 1266 1067 epistolas
1313 994 1607 1056 dixerunt,
1650 1009 1685 1047 a
1724 1008 1976 1047 numero
2021 1009 2235 1049 novem

576 1088 898 1141 Musarum.
933 1084 1348 1140 Circumfertur
1378 1089 1431 1138 et
1453 1083 1582 1153 ejus
1615 1082 1731 1137 alia
1761 1082 1968 1146 oratio,
2000 1084 2231 1138 Deliaca

578 1176 676 1231 lex
710 1175 996 1246 inscripta
1025 1191 1039 1240 ;
1066 1189 1258 1245 quam
1292 1179 1491 1228 tamen
1524 1172 1752 1226 Cicilius
1794 1172 1905 1241 (46)
1934 1188 2053 1226 non
2082 1172 2230 1227 reci-

576 1263 681 1336 pit,
719 1266 823 1319 sed
856 1264 928 1319 ad
970 1263 1222 1319 alterum
1270 1263 1607 1317 {Eschinem
1640 1262 2055 1316 Atheniensem
2094 1262 2227 1331 (47),

575 1354 705 1424 ejus
738 1353 1053 1425 aequalem,
1080 1352 1234 1408 hanc
1260 1352 1613 1414 orationem,
1648 1355 1713 1405 ut
1740 1356 2000 1420 partum,
2034 1350 2227 1406 refert.

644 1442 954 1497 Eschines
994 1442 1090 1497 hic
1122 1456 1277 1495 unus
1303 1445 1389 1495 est
1416 1442 1474 1494 in
1493 1440 1700 1495 decem
1724 1439 1955 1494 Graeciaa
1986 1439 2231 1495 oratori-

571 1531 686 1588 bus
712 1549 723 1585 :
758 1531 857 1603 qui
885 1535 1200 1585 accusatus
1228 1529 1554 1601 aliquando
1585 1545 1619 1583 a
1646 1529 2035 1583 Demosthene
2075 1528 2229 1583 male

573 1619 746 1675 obitte
798 1619 1128 1691 legationis,
1184 1620 1503 1673 damnatus
1556 1617 1685 1671 ideo
1744 1633 1861 1671 non
1906 1623 2013 1681 est,
2070 1617 2226 1687 quod

570 1706 2228 1781 Eubulus,homopopularis,cuisubservierataliquando

569 1798 897 1865 lEschines,
946 1798 1406 1853 Demosthenem
1428 1812 1545 1851 una
1574 1810 1957 1867 oppugnans,
1994 1800 2225 1850 tantum

570 1886 845 1957 effecerit.
882 1891 945 1960 ut
966 1893 1287 1956 antequam
1314 1885 1544 1939 dicendi
1580 1885 1759 1939 tinem
1796 1885 2222 1938 Demosthenes

567 1974 820 2041 fecisset,
848 1976 1078 2046 judices
1102 1980 1505 2043 exsurgerent.
1532 1975 1668 2029 Post
1696 1990 1837 2028 vero
1863 1990 1997 2028 cum
2032 1990 2224 2045 repre-

565 2064 1202 2119 hendisset/Eschines
1240 2064 1538 2118 decretum
1592 2063 1728 2133 (48),
1788 2079 1857 2117 ac
1910 2063 1957 2117 si
2016 2068 2223 2118 contra

564 2150 757 2223 legem
798 2151 1086 2221 scriptum
1132 2151 1488 2222 esset,quod
1542 2166 1608 2206 ex
1660 2150 2046 2221 Ctesiphontis
2089 2168 2223 2207 sen-

566 2240 747 2295 tentia
771 2240 902 2311 (49).
934 2240 1345 2295 Demosthenis
1386 2239 1547 2295 bono
1580 2238 1867 2309 scriptum
1897 2239 2123 2307 fuerat;
2167 2246 2222 2296 et

563 2328 816 2385 multam
874 2328 1000 2399 ipse
1032 2328 1142 2384 sibi
1182 2328 1613 2400 prteﬁnivisset,
1666 2328 1723 2382 ni
1771 2334 1977 2383 contra
2026 2328 2217 2399 legem

563 2418 849 2490 scriptum
876 2434 1005 2473 esse
1033 2418 1366 2473 ostenderet
1391 2435 1401 2470 :
1432 2418 1543 2472 hoc
1576 2433 1694 2472 non
1723 2424 2059 2485 ostenso,ut
2091 2435 2219 2488 pro-

562 2507 805 2562 miserat
829 2508 1023 2578 patria
1063 2506 1255 2562 cessit.
1310 2508 1502 2571 Quare
1555 2506 1630 2560 ad
1679 2505 2077 2560 Alexandrum
2104 2509 2216 2579 (50)

561 2595 811 2667 Philippi
841 2596 1115 2651 ﬁliumin
1151 2596 1292 2650 Asia
1338 2595 1788 2663 belligerantem
1837 2595 2040 2664 fugere
2093 2598 2215 2651 ani-

561 2699 728 2739 mum
762 2685 997 2740 induxit
1029 2702 1040 2751 ;
1078 2684 1353 2739 sustinuit
1386 2688 1605 2748 tamen,
1637 2683 1839 2738 audito
1866 2684 1993 2752 ejus
2024 2684 2209 2751 obitu,

559 2778 614 2828 et
643 2774 880 2843 cognito
920 2773 1124 2845 plenos
1155 2789 1285 2828 esse
1313 2772 1624 2828 turbarum
1674 2788 2065 2830 successores.
2123 2775 2210 2829 Ad

558 2862 833 2917 Rhodum
861 2862 1039 2931 igitur
1066 2863 1470 2934 adnavigavit,
1514 2863 1569 2916 in
1621 2878 1810 2933 eaque
1850 2862 2074 2917 diutius
2096 2864 2210 2918 has-

555 2967 693 3007 rens
728 2951 1167 3023 insula,pueros
1190 2950 1765 3007 docuit.Mirantibus
1796 2967 1937 3006 vero
1979 2952 2209 3007 audito-

554 3040 741 3105 ribus,
774 3039 1277 3111 haarentibusque,
1337 3044 1536 3095 tantus
1590 3045 1789 3094 orator
1843 3056 1981 3094 cum
2032 3046 2204 3108 esset,

2351 548 2799 621 Παραπρεσϐείας,
2834 554 3008 620 τρίτος
3049 546 3107 601 δὲ
3151 553 3241 600 καὶ
3290 548 3332 582 τί
3381 546 3669 606 τελευταῖος
3722 548 3748 597 6
3803 550 3961 600 Κατὰ

2352 644 2737 708 Κτησιφῶντος,
2780 645 2925 709 Τρεῖς
2963 642 3064 709 γὰρ
3104 644 3290 708 μόνους
3343 634 3502 687 αὑτοῦ
3552 655 3680 707 φασι
3729 637 3778 670 τ²
3828 656 3957 706 γνη-

2351 733 2496 787 σίους
2528 724 2674 793 εἶναι,
2708 732 2795 779 καὶ
2837 727 2972 780 ἐννέα
3003 726 3272 786 ἐπιστολάς
3311 743 3324 755 ’
3378 722 3462 777 διὸ
3494 729 3609 785 τούς
3639 730 3728 796 μὲν
3757 725 3955 795 λόγους

2347 816 2506 868 αὐτοῦ
2545 836 2674 880 τινες
2708 820 2941 889 Χάριτας
2984 819 3257 888 ὠνόμασαν
3309 812 3401 867 διά
3431 835 3481 867 τε
3511 818 3568 866 τό
3620 819 3808 889 χαρίεν
3857 824 3951 867 τοῦ

2345 904 2498 976 λόγου
2530 911 2617 957 καί¹
2660 910 2745 957 τόν
2795 905 3012 979 ἀριθμόν
3052 915 3151 957 τῶν
3186 911 3444 979 Χαρίτων,
3495 908 3714 965 Μούσας
3746 902 3806 956 δὲ
3851 909 3951 966 τὰς

2345 994 2619 1057 ἐπιστολὰς
2652 997 2730 1067 [61
2780 998 2864 1067 8.]
2896 994 2987 1048 διὰ
3018 1000 3101 1048 τόν
3134 995 3353 1069 ἀριθμόν
3378 1003 3475 1047 τῶν
3516 994 3653 1047 ἐννέα
3676 1001 3938 1049 Μοῦσὼν.

2345 1090 2552 1159 Φέρεται
2585 1082 2643 1137 δὲ
2670 1086 2827 1137 αὐτοῦ
2875 1091 2962 1137 καὶ
3006 1085 3151 1144 ἄλλος
3190 1084 3359 1155 λόγος,
3396 1085 3421 1135 6
3454 1083 3705 1144 Δηλιακός
3735 1087 3891 1154 νόμος
3930 1100 3942 1111 ‘

2344 1174 2434 1225 οὐκ
2462 1173 2677 1246 ἐγκρίνει
2728 1172 2786 1227 δὲ
2816 1175 2970 1226 αὐτόν
3014 1177 3039 1226 6
3092 1174 3354 1233 Καικίλιος
3391 1175 3461 1235 ⁷³,
3510 1172 3614 1223 ἀλλ’
3669 1172 3946 1243 Αἰσχίνην

2342 1262 2490 1314 ἄλλον
2525 1267 2817 1338 σύγχρονον
2848 1260 3003 1316 τοῦδε
3032 1264 3305 1320 Ἀθηναῖον
3332 1265 3414 1314 τόν
3459 1266 3658 1334 πατέρα
3688 1256 3819 1313 εἶναι
3850 1270 3946 1312 τού

2340 1351 2493 1422 λόγου
2526 1358 2701 1423 φησίν.

2413 1442 2574 1501 Οὗτος
2622 1444 2647 1493 6
2682 1442 2947 1514 Αἰσχίνης
2996 1444 3065 1502 εἰς
3105 1439 3165 1500 ἧν
3203 1450 3299 1493 τῶν
3345 1438 3473 1493 δέκα
3499 1442 3751 1515 ῥητόρων.
3799 1447 3945 1493 Κατ-

2342 1533 2619 1602 ηγορηθεὶς
2677 1528 2735 1582 δὲ
2790 1530 3214 1604 παραπρεσϐείας
3260 1532 3359 1581 ὑπὸ
3425 1532 3779 1601 Δημοσθένους
3832 1530 3945 1600 οὐχ

2341 1618 2487 1683 ἑάλω,
2521 1622 2610 1671 ἅτε
2644 1617 2710 1676 δὴ
2750 1619 3006 1672 Εὐϐούλου
3038 1628 3129 1671 τοῦ
3170 1616 3514 1689 δημαγωγοῦ,
3546 1619 3583 1687 ᾧ
3617 1620 3942 1689 ὑπηρέτησε,

2342 1714 2822 1779 συναγωνισαμένου
2893 1709 3032 1777 αύτῷ
3107 1712 3239 1759 κατὰ
3292 1708 3539 1767 Δηλιακός
3596 1708 3642 1758 έν
3701 1716 3771 1776 τῷ
3842 1728 3945 1758 πα-

2337 1801 2666 1869 ρασκευάσαι
2720 1802 2834 1859 τοὺς
2886 1794 3143 1857 δικαστὰς
3183 1796 3469 1855 ἀναστῆναι
3510 1801 3576 1849 ἔτι
3628 1804 3716 1848 τού
3766 1805 3943 1866 Δημο-

2339 1888 2541 1947 σθένους
2589 1887 2842 1956 λέγοντος.
2888 1886 3129 1957 Ὕστερον
3171 1883 3229 1937 δὲ
3280 1892 3652 1959 κατηγορήσας
3693 1894 3782 1936 τοῦ
3823 1886 3941 1955 ψη-

2335 1981 2584 2047 φίσματος
2615 1979 2677 2035 ὡς
2724 1982 3045 2049 παρανόμου,
3079 1976 3104 2027 ὃ
3147 1978 3283 2026 κατά
3329 1982 3691 2046 Κτησιφῶντος
3733 1975 3936 2047 ἔγραφε

2335 2067 2684 2135 Δημοσθένης,
2720 2072 2807 2117 καὶ
2858 2068 3037 2136 ὁρίσας
3070 2070 3125 2117 τό
3158 2072 3447 2137 πρόστιμον
3495 2065 3579 2134 [29
3630 2063 3725 2136 H.]
3769 2064 3934 2126 αὐτὸς

2332 2153 2513 2223 ἐαυτῷ,
2549 2153 2630 2205 ἐὰν
2675 2160 2742 2225 μὴ
2780 2151 2923 2226 δείξῃ
2968 2157 3286 2226 παράνομον,
3329 2159 3399 2225 μὴ
3454 2150 3630 2215 δείξας
3673 2155 3721 2188 7‘
3763 2156 3829 2212 ὡς
3879 2155 3934 2187 τε

2332 2243 2591 2313 ὑπέσχετο
2620 2242 2819 2305 ἐξέπεσε
2854 2252 2947 2304 τῆς
2990 2240 3264 2317 πατρίδος.
3311 2247 3410 2295 Καὶ
3452 2246 3577 2315 πρὸς
3618 2246 3707 2313 μεν
3757 2242 3937 2304 Ἀλέξ-

2330 2328 2518 2399 ανδρον
2564 2336 2647 2384 τόν
2697 2332 2950 2384 Φιλίππου
3009 2332 3055 2383 ἐν
3124 2333 3277 2402 Ἀσίᾳ
3337 2335 3680 2403 στρατεύοντα
3726 2335 3937 2403 φεύγειν

2329 2423 2570 2493 ὁρμηθεὶς
2602 2421 2881 2493 ἐπεσχέθη.
2925 2426 3011 2473 τόν
3052 2421 3243 2474 ἐκείνου
3290 2423 3506 2473 θάνατον
3561 2423 3790 2482 ἀκούσας
3838 2428 3937 2473 καὶ

2327 2515 2549 2580 μεστούς
2594 2510 2822 2585 θορύϐων
2869 2516 2985 2572 τούς
3035 2510 3225 2563 ἐκείνου
3275 2513 3452 2580 μαθὼν
3501 2508 3819 2581 διαδόχους,
3860 2512 3939 2571 εἰς

2323 2596 2498 2652 Ῥόδον
2534 2598 2590 2653 δὲ
2639 2601 2859 2661 πλεύσας
2904 2605 3168 2670 κατέμεινε
3208 2605 3421 2671 χρόνον,
3462 2599 3509 2649 έν
3634 2603 3753 2658 τούς
3784 2604 3938 2661 νέους

2324 2686 2582 2743 ἐπαίδευε,
2642 2690 3028 2759 Θαυμαζόντων
3070 2685 3128 2741 δε
3178 2698 3275 2739 τὼν
3332 2687 3615 2758 ἀκροατῶν,
3663 2692 3747 2737 καὶ
3801 2687 3936 2738 ἁπο-

2320 2780 2543 2850 ρούντων
2598 2780 2731 2838 ὅπως
2784 2782 3045 2833 τοσαύτην
3078 2781 3213 2849 ἔχων
3272 2774 3494 2847 δύναμιν
3557 2784 3647 2827 τοι)
3706 2781 3936 2849 γράφειν

2321 2869 2418 2919 ὑπὸ
2476 2870 2827 2938 Δημοσθένους
2872 2870 3097 2930 ἡττήθη,
3157 2870 3247 2937 ἔφη
3284 2885 3295 2895 °
3344 2890 3368 2915 ι(
3424 2866 3480 2918 Εἰ
3530 2867 3791 2923 ἠκούσατε
3836 2873 3935 2917 τοῦ

2320 2958 2501 3028 θηρίου
2556 2956 2745 3008 ἐκείνου
2796 2958 2999 3027 (θηρίον
3042 2954 3210 3006 καλῶν
3249 2960 3340 3006 τὸν
3393 2957 3767 3025 Δημοσθένην),
3830 2954 3931 3004 οὐκ

2316 3044 2376 3095 ἆν
2416 3046 2535 3116 ύμῖν
2589 3054 2741 3096 τοῦτο
2785 3046 3039 3119 ἠπόρητο.
3084 3065 3111 3094 »
3162 3048 3380 3114 Λέγεται
3428 3041 3486 3095 δε
3530 3043 3674 3103 οὗτος
3713 3052 3930 3115 πρῶτος

555 3120 921 3201 quomodoa
980 3129 1371 3184 Demosthene
1418 3128 1607 3183 victus
1666 3128 1987 3183 cessisset:
2045 3152 2063 3178 ε
2127 3132 2202 3198 Si,

2329 3134 2476 3185 huic:
2531 3134 2808 3205 σχολάζων
2876 3138 2939 3185 τὰ
2997 3134 3281 3205 πλάσματα
3343 3138 3431 3184 καὶ
3488 3135 3579 3193 τὰς
3644 3131 3927 3201 λεγομένας

556 3216 1041 3290 inquit,bestiam
1071 3217 1266 3288 ipsam
1298 3217 1781 3288 (Demosthenem
1812 3217 2093 3273 nimirum
2125 3219 2201 3274 fe-

555 3322 684 3362 ram
715 3305 1052 3378 appellans)
1092 3305 1434 3370 audissetis,
1471 3322 1591 3361 non
1649 3306 1852 3377 utique
1912 3305 2204 3363 haesitare—

553 3396 626 3451 tis
655 3396 827 3467 (51).»
855 3398 1051 3451 Fertur
1103 3395 1182 3449 ibi
1236 3396 1465 3465 primus
1524 3400 1578 3450 et
1626 3394 1913 3461 ﬁctiones,
1948 3401 2002 3450 et
2050 3413 2203 3469 quas

552 3482 1349 3546 feruntdeclamationes,illo
1363 3484 1421 3538 in
1436 3484 1553 3539 otio
1567 3485 2201 3555 composuisse.Senex

551 3573 794 3629 demum
824 3588 854 3628 e
879 3574 1085 3629 Rhodo
1110 3574 1165 3627 in
1196 3574 1442 3630 Samum
1467 3575 1758 3643 migravit,
1777 3574 2032 3646 fatisque
2064 3592 2200 3631 con-

550 3662 751 3720 cessit.
796 3662 1078 3719 Obscuris
1106 3670 1281 3718 natus
1315 3670 1400 3718 est
1431 3662 1811 3734 parentibus;
1874 3670 2038 3735 patre
2075 3666 2203 3736 qui-

548 3752 686 3807 dem
719 3754 1042 3817 Atrometo,
1092 3757 1277 3807 matre
1331 3767 1469 3805 vero
1520 3751 1878 3807 Glaucothea
1928 3753 2200 3809 sacerdo-

550 3844 602 3895 te
636 3841 771 3911 (52).
811 3840 1042 3895 Fratres
1073 3841 1225 3896 duos
1264 3840 1493 3907 habuit,
1532 3841 1906 3912 Aphobetum
1933 3848 1988 3896 et
2020 3842 2200 3897 Philo-

546 3929 771 3986 charin.
806 3930 995 3997 Initio,
1027 3930 1331 3985 tertiarum
1365 3930 1478 4002 (53)
1534 3931 1793 4001 partium
1848 3931 2195 3986 histrionem

544 4020 661 4089 egit
689 4020 823 4091 (54),
861 4024 923 4075 ut
948 4024 1077 4075 erat
1106 4019 1369 4075 vocalis:
1406 4020 1623 4074 deinde
1676 4019 1918 4077 tabellio
1970 4021 2197 4076 senatui

543 4106 649 4164 fuit
676 4124 688 4175 ;
720 4113 855 4180 post
884 4124 1023 4164 vero
1056 4124 1175 4164 non
1200 4109 1298 4163 diu
1326 4109 1402 4163 ad
1437 4109 1870 4180 rempublicam
1905 4124 1964 4163 se
1997 4116 2199 4165 contu-

540 4197 606 4253 lit
658 4220 670 4252 :
729 4198 956 4269 fuitque
1003 4197 1247 4252 Athenis
1291 4197 1495 4253 Atticis
1546 4198 2011 4269 Philippicarum
2061 4216 2199 4271 par-

544 4286 691 4368 tium
723 4285 1061 4350 studiosus;
1091 4301 1214 4355 qua
1245 4286 1423 4340 etiam
1449 4286 1522 4341 de
1537 4302 1719 4341 causa
1746 4302 1779 4340 a
1804 4288 2197 4344 Demosthene

2313 3222 2519 3293 μελέτας
2567 3224 2846 3275 συνθεῖναι.
2900 3225 3141 3294 Γηράσας
3193 3219 3251 3275 δε
3291 3221 3391 3273 ἀπὸ
3452 3218 3619 3274 Ρόδου
3646 3221 3717 3281 είς
3747 3221 3925 3290 Σάμον

2312 3314 2554 3382 μετέστη,
2613 3310 2758 3363 κάκεῖ
2806 3312 3038 3381 τελευτᾷ.
3093 3311 3187 3363 Ἢν
3239 3308 3297 3363 δε
3348 3315 3543 3385 πατρὸς
3591 3313 3679 3381 μεν
3725 3312 3920 3380 Ἀτρο-

2313 3405 2502 3471 μήτου,
2556 3404 2755 3473 μητρὸς
2804 3398 2861 3452 δὲ
2917 3401 3238 3461 Γλαυκοθέας
3290 3409 3385 3460 τῆς
3445 3402 3653 3472 ἱερείας,
3702 3396 3923 3469 ἀσήμων

2310 3494 2483 3559 γένους
2517 3509 2527 3521 ο
2565 3487 2813 3560 ἀδελφούς
2847 3486 2906 3541 δὲ
2938 3488 3050 3560 εἶχε
3082 3486 3198 3551 δύο,
3234 3488 3518 3561 ’Δφόϐητον
3549 3494 3637 3539 καὶ
3677 3488 3923 3558 Φιλόχα-

2310 3597 2411 3649 ριν.
2453 3582 2521 3629 Τό
2570 3582 2658 3649 μεν
2709 3574 2794 3629 οὖν
2842 3589 3035 3651 πρώτον
3084 3578 3503 3650 ἑτριταγωνίστει
3552 3577 3924 3649 μεγαλόφωνος

2310 3667 2397 3731 ὢν,
2447 3670 2620 3719 ἔπειτα
2662 3666 3021 3739 ἐγραμμάτευε
3060 3675 3119 3739 τῇ
3183 3666 3373 3739 βουλῇ,
3434 3672 3521 3719 καὶ
3574 3668 3685 3717 κατ’
3739 3666 3923 3736 ὀλίγον

2310 3754 2392 3806 ἐπὶ
2447 3761 2503 3807 τό
2552 3752 2888 3827 δημαγωγεῖν
2929 3757 3175 3826 προῆλθε.
3221 3762 3327 3816 Τῆς
3356 3753 3415 3808 δε
3445 3766 3543 3807 τῶν
3575 3755 3923 3815 Φιλιππιζόν-

2309 3863 2406 3895 των
2464 3844 2510 3895 ἐν
2556 3844 2801 3906 Ἀθήναις
2851 3850 3032 3917 μοίρας
3075 3842 3135 3903 ἦν
3191 3864 3203 3877 ·
3261 3842 3345 3897 διὸ
3398 3850 3485 3896 καὶ
3533 3841 3922 3897 διεπολιτεύετο

2310 3936 2638 4005 Δημοσθένει.
2686 3942 2975 3986 Διακούσαι
3007 3932 3065 3986 δὲ
3112 3935 3267 3986 αὐτόν
3316 3935 3582 3995 Πλάτωνος
3633 3938 3720 3985 καὶ
3766 3935 3921 3986 Ἀντ-

2308 4020 2499 4094 αλκίδᾳ
2544 4030 2670 4095 φασὶ
2717 4026 3067 4095 μαθητεύσαι,
3120 4030 3208 4075 καὶ
3258 4022 3387 4075 εἷναί
3430 4026 3478 4059 ⁷⁸
3519 4045 3570 4076 τι
3601 4028 3688 4075 καὶ
3735 4023 3921 4076 ἐκατέ-

2306 4132 2397 4184 ρου
2432 4110 2624 4183 δείγμα
2671 4109 2764 4164 διὰ
2808 4122 2906 4164 τῶν
2952 4114 3208 4184 Αἰσχίνου
3255 4113 3422 4180 λόγων
3470 4115 3539 4175 ⁷⁷,
3588 4116 3645 4164 τό
3694 4116 3921 4183 μέγεθος

2307 4210 2405 4252 τῶν
2457 4201 2715 4273 ὀνομάτων
2753 4208 2840 4254 καὶ
2885 4208 2979 4260 τὴν
3032 4208 3321 4274 σεμνότητα
3350 4204 3398 4236 τ⁸
3434 4212 3534 4253 τῶν
3563 4202 3916 4274 πλασμάτων,

2310 4294 2573 4352 Διονύσιος
2607 4288 2665 4343 δέ
2695 4310 2816 4343 ποτε
2846 4293 2871 4343 ό
2906 4297 3160 4363 σοφιστὴς
3201 4290 3429 4363 ἐντυχὼν
3462 4301 3532 4362 τῷ
3585 4296 3717 4343 κατὰ
3771 4299 3921 4364 Τιμ-

1889 4411 2126 4467 νΑΒΙΛΕ
2168 4415 2561 4472 LECTIONES.

614 4534 656 4569 τί
738 4530 797 4587 δε
828 4534 853 4585 6
884 4538 972 4606 xui
1005 4556 1056 4598 ς’.
1136 4535 1184 4568 ⁷²
1213 4538 1343 4606 φησὶ
1365 4536 1430 4587 Α.

542 4601 602 4663 ἧν
633 4607 704 4658 ἔτι
732 4628 787 4671 ς’.
864 4608 911 4642 ⁷⁷
943 4602 1037 4659 διὰ
1066 4612 1167 4658 τῶν
1201 4601 1267 4647 4-
1296 4605 1459 4677 λόγων
1486 4610 1531 4661 Α
1563 4623 1572 4660 :
1604 4609 1689 4657 τόν
1724 4636 1763 4645 -
1815 4606 1967 4676 λόγον
2002 4628 2054 4670 ς’.

1509 4536 1557 4568 ⁷³
1590 4533 1847 4595 Κικίλλιος
1877 4537 1945 4590 Α.
1974 4537 2237 4599 Κικίλλιος
2266 4562 2317 4603 ς.

2136 4610 2182 4643 ’⁷⁸
2216 4612 2245 4667 ἡ
2281 4616 2530 4681 σεμνότης
2558 4616 2621 4667 Α.

2398 4542 2445 4575 ⁷⁴
2481 4538 2638 4603 δείξει
2672 4564 2725 4606 ς.
2801 4544 2849 4577 ⁷⁵
2884 4539 3053 4605 δείξας
3086 4539 3143 4594 δε
3174 4546 3237 4603 ὡς
3270 4565 3321 4605 ς.
3403 4545 3449 4577 ⁷⁸
3476 4544 3604 4595 εἶναί
3628 4563 3675 4596 τι
3702 4548 3794 4595 καί
3818 4549 3859 4599 Α
3905 4565 3919 4603 :

2113 4733 2338 4791 NOTAE.

611 4836 723 4905 (45)
750 4838 919 4893 Nunc
940 4838 1002 4894 12
1034 4840 1331 4905 leguntur.

611 4908 723 4981 (16)
757 4910 922 4965 Forte
946 4910 1230 4975 Caecilius,
1264 4912 1437 4981 cujus
1462 4912 1714 4965 oratoris
1742 4909 2013 4965 meminit
2044 4909 2191 4966 Plut.

537 4978 600 5054 ἱῃ
622 4978 761 5054 ,νέω
783 4978 1406 5054 Ββηιοειὴςεὲιῦίρηῄε.
1438 4984 1740 5039 Halicarn.
1760 4984 1936 5053 Epist.
1954 4982 2031 5045 ad
2050 4998 2192 5054 pop.

538 5044 1055 5124 Deliacam‘autem
1072 5044 1227 5109 hanc
1242 5044 1419 5109 etiam
1440 5044 2007 5110 Plutarch¢Eschini
2024 5044 2123 5124 abj
2137 5044 2194 5109 ἱι-
2250 5064 2255 5067 '

537 5122 698 5179 dicat
725 5124 822 5179 lib.
865 5125 951 5180 De
980 5125 1165 5181 decem
1198 5132 1351 5181 orat.

608 5195 724 5266 (47)
753 5195 1117 5253 Socraticum
1149 5201 1570 5266 cognomento,
1604 5197 1675 5251 de
1703 5213 1823 5268 quo
1856 5202 1910 5254 et
1938 5198 2033 5253 hic
2066 5216 2188 5271 seq.

535 5279 679 5336 pag.
714 5272 771 5321 et
812 5267 973 5322 Suid.

608 5337 719 5407 (i8)
765 5337 1173 5411 Befertjdem
1216 5338 1479 5411 ἀνώνυμος
1535 5340 1667 5394 vitae
1718 5340 2003 5395 r‘Eschinis
2051 5341 2193 5396 scri-

581 5406 723 5463 tor:
774 5407 893 5463 Ὀτι
932 5406 1172 5469 ἠδυνήθη
1224 5406 1438 5471 κινῆσαι
1484 5415 1576 5469 τὴν
1631 5416 1949 5486 κατηγορίαν
2000 5413 2190 5465 Εὐϐού-

553 5497 625 5555 ιου
641 5487 1170 5555 συναγωνισαμένου,
1204 5490 1311 5538 etc.

606 5549 718 5627 (49)
768 5549 1053 5627 Εωθῑιάὸ,
1109 5558 1134 5608 ὃ
1186 5558 1317 5608 κατὰ
1356 5562 1709 5627 ,Κτησιφῶντα
1769 5554 1961 5627 ἐγράφη
2020 5562 2187 5627 Δημο-

534 5622 719 5748 ἰθένει,
754 5625 849 5713 yel
879 5628 1125 5698 trajecta
1167 5642 1311 5685 voce
1341 5626 1366 5681 6
1420 5622 1553 5705 ύπέρ
1589 5622 1945 5702 Δημοσθένους
1999 5622 2188 5703 ἕλαρψε

578 5712 833 5748 τισιοων.

578 5701 833 5771 τισιγῶν.

2380 4842 2491 4913 (50)
2528 4843 2673 4899 Vide
2706 4843 2862 4900 Plut.
2904 4843 3167 4912 Opuscul.
3211 4849 3287 4913 l0,
3317 4850 3469 4901 orat.
3507 4847 3563 4901 in
3595 4845 3797 4903 Aisch.

2376 4915 2497 4984 (51)
2530 4916 2674 4971 Vide
2706 4915 2850 4969 Plin.
2894 4916 3110 4970 Hister.
3156 4915 3255 4969 lib.
3293 4933 3385 4984 \‘u,
3426 4932 3477 4971 c.
3521 4921 3587 4973 3O
3618 4941 3627 4981 ;
3662 4924 3720 4974 et
3745 4921 3913 4979 Plin.

2306 4986 2559 5040 Secuud.
2590 4987 2689 5042 hb.
2720 5002 2779 5055 ιι,
2818 4994 2980 5058 epist.
3014 4988 3067 5051 3,
3098 4990 3153 5040 et
3185 4989 3349 5041 Auct.
3374 4988 3519 5042 Vide
3548 4990 3744 5046 Esch.
3781 4992 3924 5045 ἀνώ-

2303 5075 2479 5111 νυμον.

2540 5128 2736 5203 Ἱέρεια,
2788 5127 2927 5183 alibi
2976 5128 3260 5201 τελέστρια,
3316 5130 3489 5202 quasi
3550 5132 3860 5191 initialrix
3901 5156 3914 5193 ξ

2302 5201 2457 5270 apud
2491 5201 2653 5255 Suid.

2375 5271 2487 5341 (53)
2522 5273 2635 5326 Cic.
2676 5272 2881 5349 Divina
2909 5272 2965 5325 in
3001 5271 3157 5349 Verr.
3198 5271 3287 5349 sio
3325 5272 3511 5328 reddit
3540 5278 3922 5349 resurgit-«7,..-

2300 5351 2596 5407 νιστοῡντα,
2630 5342 2731 5415 qui
2765 5344 2957 5415 rarius
2988 5341 3062 5396 ad
3097 5343 3398 5409 agendum
3435 5341 3921 5415 regrediébatur,

2299 5428 2483 5482 quam
2533 5414 3087 5486 qui'secundarum
3128 5420 3304 5469 esset.
3359 5416 3521 5472 ldem
3576 5414 3919 5478 Tertiarius

2298 5484 2761 5555 quoquc‘dictus
2787 5484 3016 5548 legitur.

2392 5554 2483 5623 54)
2512 5558 2677 5621 Quod
2710 5559 2762 5613 ei
2810 5554 3112 5612 Demosth.
3158 5555 3555 5627 exprobravit.
3607 5566 3757 5617 orat.
3820 5566 3921 5625 De

2291 5627 2454 5698 falsa
2478 5629 2648 5699 legat.
