4046 6228
598 294 702 353 119

1825 291 2070 348 PHOTII
2112 289 2266 345 PAT]

2380 288 2595 346 RCHIE
2634 289 2750 349 ΟΡ.
3824 298 3909 355 120

600 439 737 481 cum
800 422 955 493 21a
1002 419 1127 476 fero
1177 419 1342 475 leone
1394 418 1720 475 ineundam
1770 417 2123 488 composuit.
2152 415 2252 470 Ille

2378 417 2649 473 ιαθίστησι
2690 420 2775 467 τόν
2816 422 3015 469 νεανίαν
3046 437 3056 448 ·
3100 418 3125 469 ὁ
3152 414 3209 470 δὲ
3239 422 3295 471 τό
3328 420 3416 491 μεν
3465 420 3635 491 θηρίον
3678 427 3919 495 κρατήσας

599 528 743 569 vero
778 511 965 566 feram
1000 524 1321 581 superans,
1350 509 1587 574 occidit,
1619 508 2131 578 deprehensisque
2161 506 2251 560 in-

602 602 789 666 sidiis,
827 600 901 654 ad
928 604 1157 670 patrem
1187 598 1487 668 confugit:
1516 613 1638 669 quo
1672 598 1789 651 vita
1818 596 1997 651 simul
2039 600 2097 649 et
2146 596 2251 649 im-

601 689 765 763 perio
802 689 1020 751 functo,
1056 702 1309 756 regnum
1342 685 1501 740 ﬁlius
1543 686 1787 756 excepit.

673 782 753 834 Eo
787 777 1027 849 potitus,
1056 774 1251 831 Gallos
1282 781 1336 830 et
1359 777 1702 837 Germanos,
1740 778 1942 844 gentes
1968 773 2251 827 ﬁnitimas

602 884 672 924 ac
703 865 1015 933 barbaras,
1049 865 1109 919 in
1141 868 1495 935 potestatem
1530 863 1773 933 redegit.
1826 862 2074 932 Cognito
2113 862 2249 916 dein

603 957 959 1028 impotenter
989 968 1059 1009 ac
1090 952 1396 1025 tyrannica
1428 953 1680 1009 subditis
1706 953 1999 1023 imperare
2025 954 2253 1006 Maxen-

604 1045 752 1101 tium
784 1045 801 1115 (
831 1044 925 1099 hic
956 1047 1092 1115 post
1118 1042 1508 1099 Maximinum
1545 1044 1746 1098 Romae
1781 1040 2248 1110 dominabatur)

602 1132 1039 1205 expeditionem
1055 1130 1344 1186 adversus
1370 1148 1505 1185 eum
1537 1130 2035 1202 suscepit,paanas
2060 1134 2253 1200 tyran—

603 1221 763 1277 nidis
787 1221 847 1276 in
879 1220 1152 1277 subditos
1183 1224 1518 1275 exacturus.
1563 1222 1689 1275 Mox
1729 1218 1933 1290 prtelio
1962 1217 2251 1289 superior,

603 1312 663 1367 in
701 1312 909 1383 fugam
959 1313 1287 1382 tyrannum
1336 1309 1642 1364 convertit.
1674 1308 1773 1363 llle
1802 1323 1937 1362 vero
1998 1306 2253 1376 fugiens,

604 1417 785 1474 quem
815 1398 1088 1456 hostibus
1123 1413 1230 1469 per
1258 1398 1466 1453 dolum
1523 1397 1825 1453 interitum
1882 1396 2258 1453 machinatus

606 1496 715 1557 est,
748 1490 870 1563 ipse
899 1490 1131 1561 reperit,
1170 1490 1229 1543 in
1261 1487 1522 1556 foveam,
1543 1503 1725 1560 quam
1767 1487 1896 1543 aliis
1926 1491 2255 1558 paraverat,

607 1581 859 1637 delatus.
893 1579 1082 1651 Hujus
1112 1583 1294 1650 caput
1322 1578 1573 1633 Romani
1606 1593 1641 1632 a
1676 1592 1925 1648 corpore
1944 1581 2255 1640 resectum,

606 1671 914 1741 hastaeque
970 1668 1342 1740 impositum,
1371 1682 1471 1737 per
1517 1666 1728 1721 urbem
1787 1665 2142 1735 gestabant:
2204 1670 2262 1719 et

607 1758 813 1815 victori
844 1757 1235 1813 Constantino
1264 1756 1518 1812 libentes
1551 1772 1611 1811 se
1657 1771 1727 1811 ac
1764 1755 2022 1811 volentes
2079 1755 2256 1810 etiam

609 1849 787 1920 hujus
833 1848 998 1919 regni
1032 1846 1243 1904 incolae
1273 1846 1648 1902 dediderunt.

683 2037 901 2094 Audito
926 2053 1165 2092 rursum
1210 2036 1500 2092 Licinium
1546 2052 1789 2107 quoque
1846 2035 2160 2091 crudeliter
2209 2038 2265 2091 et

613 2127 932 2183 inhumane
961 2126 1081 2180 suis
1106 2126 1289 2185 abuti.
1325 2126 1419 2180 cui
1452 2141 1594 2196 pars
1627 2124 1724 2180 illa
1756 2124 2260 2196 imperiiobvene-

612 2220 723 2281 rat,
749 2230 932 2286 quam
962 2213 1314 2269 Maximinus
1345 2214 1416 2283 (is
1437 2214 1536 2285 qui
1570 2213 1959 2268 Constantino
2018 2229 2123 2284 per
2152 2214 2264 2269 leo-

616 2303 1021 2361 neminsidias
1050 2308 1365 2374 struxerat)
1394 2308 1681 2367 tenuerat,
1709 2309 2081 2374 mortemque
2107 2304 2265 2359 obie-

617 2396 746 2449 rat:
790 2408 911 2449 non
942 2391 1137 2447 ferens
1163 2392 1600 2447 intolerandam
1647 2390 1877 2446 civibus
1920 2393 2039 2447 vim
2089 2397 2267 2464 atque

617 2483 899 2553 iujuriam
941 2481 1160 2546 inferri,
1194 2483 1401 2552 copias
1432 2482 1572 2537 item
1600 2486 1801 2537 contra
1838 2482 1999 2536 hunc
2043 2482 2267 2547 eduxit,

619 2587 742 2644 quo
793 2569 1178 2642 tyrannidem
1236 2570 1500 2639 legitimo
1556 2575 1957 2626 commutaret
1995 2571 2267 2642 imperio.

622 2660 875 2717 Licinius
912 2675 1076 2725 vero,
1110 2658 1402 2714 intellecta
1432 2659 1491 2714 in
1544 2675 1605 2713 se
1657 2659 2053 2731 expeditione,
2110 2665 2273 2715 metu

619 2748 953 2822 perculsus,
1032 2747 1463 2803 immanitatem
1533 2750 1693 2817 texit,
1761 2749 2273 2821 humanitatisque

624 2838 883 2911 speciem
915 2836 1250 2909 praeferens,
1275 2837 1671 2909 jurejurando
1703 2839 1881 2893 etiam
1914 2855 1974 2892 se
2024 2838 2275 2893 obstrin-

2363 504 2542 571 ἀνεῖλε,
2578 514 2670 568 τῆς
2712 502 2770 558 δὲ
2819 505 3096 569 ἐπιϐουλῆς
3144 507 3445 579 αἰσθόμενος
3493 511 3659 580 φεύγει
3700 514 3816 582 πρός
3845 517 3916 563 τὸν

2360 601 2576 668 πατέρα,
2626 596 2702 647 Οὑ
2734 598 2818 647 τόν
2872 594 2989 667 βίον
3037 595 3270 655 λιπόντος
3314 598 3337 647 ό
3384 604 3501 656 παῖς
3544 592 3803 668 ἐκδέχεται
3838 606 3915 657 τὴν

2362 684 2655 756 βασιλείαν.

2431 776 2633 834 Ταύτης
2699 770 2758 826 δὲ
2810 772 2993 836 ἐπιϐὰς
3048 774 3265 836 Κελτούς
3317 779 3407 826 καὶ
3467 780 3762 847 Γερμανούς,
3816 780 3915 837 ἔθνη

2361 866 2621 934 πρόσοικα
2668 868 2756 915 xui
2801 862 3065 936 βάρϐαρα,
3117 863 3525 938 κατεστρέψατο.
3587 865 3824 937 Ἀσελγῶς
3870 865 3918 920 δὲ

2361 956 2450 1003 καὶ
2503 950 2701 1026 βαρέως
2754 961 2851 1003 τῶν
2910 954 3151 1011 ὑπηκόων
3199 956 3386 1026 ἄρχειν
3448 953 3717 1016 Μαξέντιον
3765 958 3917 1026 μαθὼν

2362 1040 2533 1111 (οὗτος
2586 1038 2634 1092 δ’
2690 1043 2772 1115 ἄρ’
2834 1038 2893 1099 ἦν
2952 1045 3080 1111 μετά
3138 1042 3425 1116 Μαξιμίνον
3502 1051 3598 1095 τῶν
3678 1042 3723 1095 ἐν
3772 1044 3915 1118 Ῥώμῃ

2363 1132 2631 1192 καταστὰς
2668 1131 2889 1205 κύριος),
2936 1130 3273 1206 ἐστράτευσεν
3314 1131 3391 1184 ἐπ’
3447 1132 3618 1197 αὑτὸν,
3669 1129 3810 1195 δίκας
3842 1142 3920 1195 τῆς

2365 1219 2434 1281 εἰς
2486 1224 2606 1281 τοὺς
2663 1219 2981 1294 ἀρχομένους
3052 1227 3381 1294 παρανομίας
3432 1225 3785 1295 πραττόμενος.
3836 1229 3921 1276 Καὶ

2366 1310 2518 1380 μάχη
2562 1315 2783 1371 νικήσας
2827 1313 2873 1370 ἐς
2916 1315 3083 1382 φυγὴν
3120 1310 3320 1383 ἔτρεφε.
3374 1314 3575 1382 Φεύσγων
3621 1308 3694 1382 δὲ,
3743 1311 3796 1370 ἢν
3830 1314 3919 1374 τοίς

2367 1397 2632 1468 πολεμίοις
2692 1398 2849 1458 αὑτὸς
2903 1397 3159 1460 ἀπωλείας
3214 1396 3548 1474 ἐδολορράφει
3595 1405 3818 1472 μηχανὴν
3863 1402 3919 1466 ³⁸,

2368 1489 2560 1544 ταύτην
2610 1488 2794 1560 εύρατο
2842 1496 2933 1539 τοῦ
2979 1487 3101 1560 βίου
3146 1493 3537 1563 καταστροφὴν,
3588 1497 3647 1562 τῇ
3688 1491 3799 1562 παρ’
3844 1491 3923 1541 αὖ·

2369 1583 2459 1627 τοῦ
2500 1578 2982 1649 κατασκευασθείσῃ
3038 1574 3262 1650 διώρυγι
3306 1584 3613 1651 περιπεσών.
3655 1585 3751 1635 Την
3778 1584 3922 1649 μέντοι

2369 1667 2552 1715 τούτου
2604 1665 2825 1737 κεφαλήν
2875 1685 3007 1727 τινες
3056 1675 3154 1718 τῶν
3194 1666 3459 1739 Ῥωμαίων
3498 1666 3813 1739 ἀποτεμόντες
3850 1674 3922 1720 καὶ

2371 1752 2502 1824 ξύλῳ
2530 1752 2850 1826 ἀρτήσαντες
2883 1760 2975 1813 την
3013 1756 3158 1807 πόλιν
3190 1758 3572 1828 περιεπολευον.
3600 1762 3921 1825 Κωνσταντίνῳ

2373 1842 2431 1897 δὲ
2456 1848 2544 1895 καὶ
2575 1840 2673 1901 ἣδε
2698 1846 2727 1902 ἡ
2759 1844 3005 1916 βασιλεία
3036 1847 3320 1918 προθύμως
3365 1852 3455 1899 xui
3480 1852 3741 1921 χαίρουσα
3784 1865 3923 1918 προσ-

2372 1939 2659 2006 εχώρησεν.

2443 2034 2584 2086 Ἐπεὶ
2631 2031 2689 2087 δὲ
2742 2039 2831 2087 καὶ
2871 2040 3101 2087 Λικίνιον
3152 2036 3305 2107 ὠμῶς
3348 2041 3439 2088 καὶ
3469 2035 3799 2108 ἀπανθρώπως
3835 2042 3923 2093 τοῖς

2375 2124 2623 2184 ὑπηκόοις
2678 2123 3102 2197 ἀποκεχρημένον
3174 2128 3481 2179 ἐπυνθάνετο
3538 2126 3700 2190 (οὗτος
3748 2121 3800 2176 δε
3847 2132 3923 2184 τῆς

2375 2218 2557 2286 μοίρας
2611 2212 2802 2274 ἐκείνης
2851 2213 3196 2281 ἐϐασίλευσεν,
3241 2216 3301 2275 ἧς
3352 2215 3638 2286 Μαξιμῖνος
3675 2216 3698 2266 ό
3738 2212 3925 2272 τὴνέπι-

2377 2302 2565 2359 ϐουλην
2632 2309 2997 2374 Κωνσταντίνῳ
3047 2301 3141 2356 διὰ
3219 2313 3312 2357 τοῦ
3371 2305 3565 2366 λέοντος
3619 2306 3927 2375 προσενεγκὼν

2378 2391 2663 2455 ἐπεστάτει,
2720 2392 2875 2444 αὑτοῦ
2933 2398 3018 2444 τόν
3075 2392 3190 2467 βίον
3260 2394 3544 2463 λιπόντος),
3595 2393 3683 2445 οὑκ
3752 2392 3927 2459 ἐνεγκὼν

2381 2482 2648 2554 ὁμοφύλων
2722 2482 2869 2555 ὕϐριν
2925 2482 3181 2559 ἀφόρητον
3264 2484 3563 2557 ἐστράτευεν
3633 2483 3706 2536 ἐπ’
3784 2482 3929 2543 αὐτόν,

2380 2580 2476 2632 τῆς
2514 2569 2820 2644 τυραννίδος
2866 2573 3017 2625 αὐτὸν
3059 2574 3127 2636 εἰς
3170 2577 3227 2626 τὸ
3272 2573 3561 2646 βασιλικῶς
3598 2576 3767 2644 ἄρχειν
3806 2589 3932 2642 μετα-

2386 2665 2700 2733 στησόμενος
2731 2662 2799 2715 ⁸⁷.
2844 2668 3074 2725 Λικίνιος
3104 2660 3162 2715 δὲ
3189 2668 3281 2721 τὴν
3312 2672 3408 2716 τοῦ
3451 2662 3694 2735 βασιλέως
3722 2660 3934 2732 ἐπιστρα-

2384 2755 2521 2801 τείαν
2580 2749 2810 2812 ἀκούσας
2859 2757 2948 2803 καὶ
2997 2749 3200 2816 δείσας,
3241 2756 3466 2824 ἔκρυπτέ
3508 2772 3557 2805 τε
3602 2756 3688 2810 τὴν
3726 2750 3935 2821 ὠμότητα

2385 2840 2769 2912 φιλανθρωπίας
2822 2843 2891 2876 ⁸⁷”
2940 2848 3309 2914 προσχήματι,
3364 2847 3455 2895 καὶ
3509 2844 3680 2916 ὅρκους
3722 2842 3935 2891 ὑπέτεινεν

624 2928 725 2994 xit,
756 2926 1103 2982 clementem
1123 2926 1400 2996 deinceps
1416 2926 1665 2982 subditis
1700 2927 1986 2993 futurum,
2023 2944 2266 2999 quaeque

2386 2928 2575 2999 ἀγαθόν
2625 2949 2678 2981 τε
2738 2930 2917 2982 ἑαυτὸν
2973 2938 3080 2992 τοῖς
3134 2931 3233 2983 ὑπὸ
3276 2940 3440 3003 χεῖρα
3480 2929 3827 3002 παρασχέσθαι
3864 2930 3932 2975 καὶ

624 3016 844 3072 fcedere
875 3016 987 3070 icto
1006 3014 1633 3086 promisisset,integre
1655 3019 2274 3081 servaturum.Quam-

624 3105 833 3161 obrem
860 3103 1014 3159 bello
1046 3108 1185 3158 tunc
1225 3104 1549 3174 imperator
1580 3104 1885 3161 abstinuit.
1915 3106 2271 3161 Posttamen

628 3198 714 3261 (ut
739 3192 1164 3264 conquiescere
1192 3192 1542 3265 improbitas
1592 3195 1816 3265 nequit)
1857 3195 2055 3251 violati
2101 3197 2274 3265 juris-

622 3282 869 3354 jurandi
888 3298 1078 3348 reum,
1108 3286 1286 3355 atque
1326 3283 1386 3337 in
1443 3298 1623 3338 omne
1663 3284 2025 3353 ﬂagitiorum
2085 3300 2274 3353 genus

626 3371 962 3442 delapsum,
996 3371 1339 3441 ingentibus
1365 3371 1579 3443 prmliis
1609 3374 2273 3444 oppugnans,Nicome-

627 3460 739 3516 diae
778 3459 1099 3525 inclusum,
1141 3460 1393 3516 obsedit.
1428 3462 1573 3516 Hinc
1623 3462 1912 3533 supplicis
1952 3462 2157 3517 habitu
2197 3462 2274 3518 ad

626 3549 1079 3606 Constantinum
1109 3548 1378 3617 fugienti,
1407 3548 1759 3621 ademptum
1804 3552 2120 3621 imperium
2165 3557 2273 3619 est,

628 3645 685 3696 et
710 3639 1101 3696 Constantino
1127 3641 1336 3707 Magno
1367 3640 1671 3694 traditum.
1707 3639 1818 3705 Sic,
1857 3641 2109 3711 quaesito
2155 3642 2277 3711 pri-

626 3730 764 3785 dem
792 3729 975 3800 digno
1004 3728 1383 3800 imperatore,
1418 3729 1528 3785 sibi
1562 3732 1798 3785 tandem
1838 3730 1930 3785 ille
1953 3731 2076 3801 jam
2117 3732 2276 3787 dicta

625 3818 878 3890 imperia
909 3817 1113 3873 omnia
1141 3817 1485 3874 vindicavit.
1521 3819 1780 3874 Patrium
1816 3820 1971 3875 enim
2022 3836 2275 3889 regnum

623 3897 983 3965 haereditatis
1034 3909 1165 3978 jure
1223 3909 1389 3973 adiit,
1444 3911 1780 3964 Romanum
1822 3909 2021 3974 etiam,
2072 3927 2275 3966 everso

626 3997 943 4055 Maximino
973 3998 1114 4070 (62),
1174 3997 1406 4053 Graeciae
1461 4014 1701 4071 quoque
1769 4015 1835 4054 ac
1890 3999 2274 4069 Macedoniae,

626 4089 998 4161 minorisque
1024 4087 1189 4153 Asiae,
1210 4092 1484 4155 exuto,ut
1509 4088 1794 4155 diximus,
1828 4105 2014 4159 regno
2028 4090 2270 4145 Licinio.

2383 3017 2439 3076 ἃς
2498 3020 2636 3070 ἔθετο
2698 3016 2930 3080 σπονδὰς
2972 3029 3241 3091 συντηρεῖν
3294 3019 3680 3095 ἀπαραϐάτονς.
3722 3020 3797 3070 Διὸ
3839 3020 3932 3065 τότε

2384 3110 2473 3177 μὲν
2520 3109 2544 3158 ό
2601 3106 2846 3178 βασιλεὺς
2900 3108 3099 3166 ἀπέστη
3155 3118 3245 3161 τοῦ
3293 3110 3531 3181 πολεμεῖν
3588 3127 3599 3137 ·
3644 3108 3830 3177 ὕστερον
3866 3100 3930 3165 δι,

2385 3194 2491 3247 ἐπεὶ
2536 3200 2695 3246 κακία
2735 3198 2940 3269 ἠρεμεῖν
2981 3198 3085 3269 οὐχ
3136 3200 3219 3250 οῐα
3264 3203 3318 3250 τέ
3358 3198 3494 3263 ἐστι,
3540 3203 3625 3250 καὶ
3670 3205 3758 3247 τῶν
3795 3194 3929 3265 ὅρκων

2386 3282 2709 3356 ἠφειδηκότα
2762 3290 2850 3337 καὶ
2904 3286 2953 3348 ἐς
2998 3294 3097 3339 πᾶν
3155 3293 3444 3347 κακότητος
3493 3286 3758 3345 ἐληλακότα
3802 3300 3931 3332 κατα-

2384 3373 2679 3445 πολεμήσας
2725 3378 2929 3447 μάχαις
2976 3385 3251 3449 καρτεραῖς
3303 3378 3350 3412 ⁸⁸
3402 3382 3491 3429 καὶ
3536 3376 3581 3427 ἐν
3633 3382 3687 3440 τῇ
3738 3372 3930 3440 Νικομη-

2386 3459 2502 3535 δίίᾳ
2589 3464 2898 3534 συγκλείσας
2985 3465 3290 3539 ἐπολιόρκει.
3365 3466 3607 3519 Κάκεῖθεν
3682 3463 3725 3514 ἐν
3794 3464 3930 3512 ἱκέτου

2384 3557 2510 3624 πρός
2568 3552 2792 3625 βασιλέα
2844 3562 3209 3626 καταφυγόντα
3249 3561 3495 3627 σχήματι
3546 3552 3789 3606 κατέλιπεν
3822 3550 3861 3584 ⁸⁸
3904 3549 3926 3602 ἡ

2388 3640 2651 3713 βασιλεία,
2693 3648 2781 3694 καὶ
2835 3643 3021 3702 συνέϐη
3072 3649 3159 3696 τόν
3201 3648 3377 3713 Μέγαν
3444 3650 3821 3703 Κωνσταντὶνον,
3860 3644 3931 3693 τῆς

2385 3731 2611 3803 μεγάλης
2646 3730 2821 3805 ἀρχῆς
2858 3736 2942 3784 τὸν
2992 3732 3135 3795 ἄξιον
3176 3732 3548 3798 ἐπιζητούσης,
3584 3733 3652 3793 εἰς
3680 3732 3836 3784 ἑαυτὸν
3858 3727 3932 3783 τὰς

2388 3820 2651 3893 εἰρημένας
2692 3819 2961 3893 βασιλείας
3007 3821 3407 3874 ἐπισπάσασθαι
3463 3840 3474 3851 ’
3517 3831 3609 3883 τῆς
3652 3839 3701 3872 τε
3743 3820 3829 3888 γὰρ
3856 3833 3932 3864 παο

2384 3916 2551 3981 τρῴας
2605 3909 2917 3983 κληρονόμος
2978 3910 3192 3981 ἐγένετο,
3244 3917 3332 3963 καὶ
3389 3920 3482 3972 τῆς
3524 3911 3769 3981 Ῥωμαίων
3802 3921 3931 3955 κατα-

2384 3997 2548 4059 λύσας
2578 3999 2883 4069 Μαξιμῖνον,
2914 3996 3159 4059 Ἑλλάδος
3188 4019 3239 4052 τε
3266 4004 3355 4051 καὶ
3395 3997 3717 4059 Μακεδονίας
3858 3990 3928 4058 3.]

2386 4093 2475 4139 καὶ
2505 4096 2597 4149 τῆς
2640 4090 2777 4139 κάτω
2830 4088 3006 4148 Ἀσίας
3054 4088 3356 4161 παραλύσας
3404 4098 3499 4151 τῆς
3550 4087 3718 4160 ἀρχῆς
3759 4087 3832 4136 τὸν
3858 4080 3931 4153 ῥη-

625 4179 1047 4234 Verumtamen
1094 4180 1149 4231 et
1196 4177 1435 4233 alterius
1483 4179 1690 4248 partis,
1728 4179 1821 4233 cui
1876 4179 2266 4235 Diocletianus

2390 4178 2537 4229 θέντα
2578 4181 2826 4228 Λικίνιον.
2862 4177 2936 4228 Oi}
2981 4182 3083 4248 μὴν
3132 4176 3259 4229 ἀλλά
3302 4184 3390 4229 καὶ
3442 4187 3537 4239 τῆς
3574 4176 3726 4234 ἄλλης
3762 4176 3931 4243 μοίρας,

626 4266 963 4336 praefuerat,
1007 4265 1327 4334 imperium
1383 4265 1494 4320 sibi
1543 4266 1838 4335 adjunxit.
1892 4271 2037 4323 Nam
2098 4270 2274 4324 etiam

628 4354 782 4408 hanc
815 4351 963 4422 21b
988 4351 1123 4405 belli
1146 4353 1611 4421 jureMaximino
1640 4355 1985 4425 ademptam
2018 4358 2272 4422 tenebat,

628 4440 730 4513 qui
783 4438 1146 4495 Diocletiano
1183 4446 1571 4506 successerat,
1608 4442 1883 4497 Licinius.
1929 4444 2120 4500 Victor
2174 4446 2272 4500 ita-

628 4544 766 4601 que,
792 4533 848 4585 et
878 4543 1065 4584 unum
1079 4544 1149 4582 ex
1170 4528 1454 4583 omnibus
1483 4529 1799 4599 imperium
1828 4533 2118 4599 conﬂans,
2138 4552 2276 4591 mox

628 4617 976 4688 Byzantium
1001 4617 1422 4688 cognominem
1456 4618 1562 4673 sibi
1581 4620 1877 4675 civitatem
1912 4622 2064 4675 fecit.
2085 4623 2278 4679 Refert

630 4713 827 4764 autem
870 4708 1258 4781 Praxagoras,
1286 4708 1521 4764 tametsi
1562 4709 1824 4778 gentium
1868 4715 2040 4765 sectae
2081 4712 2279 4767 adhae-

629 4813 786 4863 rens,
815 4797 978 4853 omni
1005 4798 1284 4855 virtutum
1308 4802 1484 4871 atque
1505 4798 1829 4855 honestatis
1848 4803 2277 4869 genere,omni-

629 4902 748 4960 que
779 4886 930 4943 adeo
951 4887 1241 4955 felicitate,
1257 4904 1469 4944 omnes
1484 4889 1730 4946 omnino
1744 4890 1837 4960 qui
1858 4892 2281 4949 antecesserint

631 4976 1039 5049 imperatores,
1098 4976 1269 5033 facile
1330 4978 1689 5034 obscurasse
1745 4980 2201 5036 Constantinum
2263 5000 2275 5037 :

632 5066 852 5138 quibus
879 5066 1068 5122 etduo
1084 5066 1272 5138 ipsius
1298 5068 1687 5124 Historiarum
1710 5067 1842 5124 libri
1863 5070 2275 5128 terminantur.

2386 4267 2449 4327 ἧς
2481 4262 2615 4337 ἦρχε
2642 4265 3024 4329 Διοκλητιανός,
3076 4266 3227 4326 αὐτὸς
3257 4270 3305 4301 ⁰⁰
3333 4264 3627 4325 ἀνεδήσατο
3657 4266 3727 4335 [3t
3775 4258 3862 4328 Η.]
3889 4258 3933 4305 τὸ

2386 4358 2575 4429 κράτος
2604 4372 2615 4382 ’
2651 4356 2675 4405 ό
2706 4358 2805 4427 γὰρ
2850 4360 3080 4414 Λικίνιος
3109 4361 3197 4407 καὶ
3231 4358 3424 4414 ταύτην
3463 4352 3601 4427 εἶχεν
3647 4352 3726 4424 ὑφ’
3767 4348 3932 4405 ἑαυτὸν,

2386 4444 2679 4516 Μαξιμίνου
2739 4445 2781 4478 ⁹¹
2841 4445 3059 4515 πολέμου
3111 4449 3249 4516 νόμῳ
3300 4443 3514 4517 ἀφελὼν,
3569 4445 3617 4503 ὃς
3672 4438 3937 4495 Διοελητια·

2386 4542 2473 4585 νοῦ
2520 4530 2782 4604 διάδοχος
2833 4536 3073 4604 ἐγεγόνει.
3124 4538 3517 4608 Κρατυνάμενος
3545 4536 3591 4569 ⁸³
3622 4528 3704 4584 οὖν
3731 4532 3810 4581 xui
3836 4527 3936 4596 μίαν

2389 4619 2566 4684 δείξας
2611 4627 2700 4680 την
2754 4625 3033 4693 σύμπασαν
3083 4621 3376 4694 βασιλείαν,
3419 4623 3586 4684 κτίζει
3614 4624 3670 4674 τὸ
3700 4618 3937 4680 Βυζάντιον

2389 4710 2651 4782 ἐπώνυμον
2709 4712 2895 4783 ἑαυτῷ.
2952 4718 3114 4770 Φησὶν
3174 4708 3260 4764 οὖν
3313 4715 3337 4764 ὁ
3390 4713 3744 4787 Πραξαγόρας,
3793 4707 3940 4756 καίτοι

2390 4804 2481 4857 τὴν
2515 4802 2793 4873 θρησκείαν
2822 4799 3003 4858 Ἕλλην
3039 4801 3124 4866 ὢν,
3176 4803 3255 4853 ὅτι
3293 4804 3437 4874 πάσῃ
3492 4800 3643 4877 ἀρετῇ
3692 4801 3774 4849 καὶ
3815 4790 3941 4843 καλο-

2388 4891 2617 4961 καγαθίᾳ
2656 4894 2744 4940 καὶ
2800 4896 2951 4942 παντὶ
2986 4890 3319 4962 εὐτυχήματι
3363 4894 3554 4951 πάντας
3602 4892 3712 4947 τοὺς
3740 4886 3828 4955 πρὸ
3868 4882 3941 4930 αὖ-

2389 4986 2481 5030 τοῦ
2594 4978 3032 5051 βεϐασιλευκότας
3125 4983 3150 5032 ό
3245 4980 3491 5053 βασιλεὺς
3601 4977 3942 5032 Κωνσταντίνος

2392 5068 2743 5142 ἀπεκρύψατο.
2776 5068 2856 5123 Ἐν
2904 5070 2982 5131 οἷς
3025 5069 3183 5123 αὐτοῦ
3230 5075 3319 5122 καὶ
3371 5072 3419 5121 οἱ
3466 5066 3560 5123 δύο
3606 5066 3943 5139 συμπεραιοῡν-

2392 5176 2477 5210 ται
2504 5157 2668 5229 λόγοι.

1965 5286 2054 5340 VA
2067 5285 2210 5342 RUE
2249 5284 2652 5344 LECTIONES.

705 5382 758 5459 εξ
778 5386 884 5444 τοῖς
908 5381 1023 5434 πολ.
1066 5410 1131 5459 j—
1169 5354 1536 5459 μηχανὴν
1568 5383 1723 5459 αὖτός
1753 5389 1859 5444 τοῖς
1892 5382 2155 5455 πολεμίοις
2193 5381 2523 5459 ἐδολορῥάφει
2589 5389 2972 5459 μηχανὴν-τῆς
3014 5382 3271 5459 ἀπωλείας
3300 5405 3359 5459 ς.
3437 5385 3488 5459 ⁸1
3527 5376 3950 5459 μεταστησάμξνρς

634 5453 702 5491 ⁸⁷⁸
732 5443 977 5529 ὠμότητα
1009 5456 1098 5505 καὶ
1130 5443 1515 5528 φίλαῖθρωπίας
1547 5476 1598 5519 ς’.
1680 5455 1726 5491 ⁸⁸
1753 5443 2022 5529 κρατεραῖς
2056 5478 2109 5520 ς.
2141 5443 2149 5445 -
2190 5458 2236 5492 ⁸9
2263 5443 2553 5511 κατέλείπεν
2666 5443 2707 5456 η
2721 5460 2768 5493 ⁹⁰
2800 5443 3120 5518 αὑτός-ἃάό.
3152 5457 3215 5510 Α.
3258 5443 3269 5446 ν
3296 5443 3339 5491 9-³
3371 5443 3651 5527 Μαξιμίνον
3680 5443 3947 5505 Casaubo-

635 5541 773 5584 nus.
851 5528 899 5562 ⁹²
924 5530 1294 5600 κρατυνόμενος
1332 5529 1397 5581 Α.

2199 5628 2423 5686 NOTAE.

708 5724 817 5801 (62)
850 5726 975 5784 lmo
997 5722 1196 5784 verius
1225 5719 1538 5797 Maxentio,
1571 5737 1641 5782 ex
1674 5722 1932 5784 historia
1963 5723 2105 5785 ﬁde.
