4046 6228
163 280 246 334 121

222 402 365 462 Ἐτος
395 397 458 454 δί
492 409 594 464 τῆς
626 403 843 464 ἡλικίας
865 397 961 474 ἦγε
987 399 1225 477 δεύτερον
1251 405 1342 453 καὶ
1369 400 1600 453 εἰκοστόν
1633 407 1768 475 Πρα-
1801 401 1844 454 Α

161 493 388 566 ξαγορας,
419 493 488 552 ὡς
510 491 676 554 αὐτος
705 512 890 563 φησιν,
914 494 997 544 ὅτε
1022 500 1186 544 ταῦτα
1206 495 1504 563 συνέγραφε.
1523 490 1772 562 Συνεγρά-

156 583 273 652 ψατο
309 577 370 633 δὲ
400 582 429 631 ό
463 580 631 642 αὐτὸς
679 587 772 633 καὶ
803 583 953 655 ἔτερα
984 579 1166 651 βιϐλία
1203 577 1300 632 δύο
1332 586 1456 654 Περὶ
1483 589 1580 632 τῶν
1612 579 1760 636 Ἀθή-

156 691 268 743 νησι
313 669 790 742 βασιλευσάντων,
837 673 950 732 ἔτος
981 668 1143 721 ἀνύων
1174 667 1646 722 ἐννεακαιδέκατον.
1680 676 1770 720 Συ-

157 761 318 822 νέταξε
345 756 407 812 δὲ
438 764 534 811 καὶ
571 761 723 833 ἔτερα
762 758 944 826 βιϐλία
989 759 1040 822 ἓξ
1069 759 1156 822 Εἰς
1195 762 1281 811 τόν
1327 767 1428 810 τῶν
1460 753 1770 810 Μακεδόνων

156 848 370 921 ﬁndite
395 845 664 911 Ἀλέξανδ
665 869 778 923 ρον,
804 851 1114 920 τριακοστὸν
1146 856 1349 916 πρῶτον
1369 846 1585 899 ἐλαύνων
1607 845 1771 898 ἐνιαυ-

155 945 249 991 τόν,
280 945 445 991 Ἐστι
494 933 556 989 δὲ
592 942 690 995 τὴν
733 940 926 1012 φράσιν
975 941 1140 1010 σαφὴς
1177 942 1267 989 καὶ
1312 932 1464 1002 ἡδύς,
1507 934 1680 1006 ὀλίγον
1713 931 1772 987 δὲ

152 1035 236 1079 τοῦ
282 1023 501 1087 δέοντος
541 1025 884 1101 ἀτονώτερος.
928 1029 1200 1102 Κέχρηται
1231 1022 1290 1079 δε
1320 1027 1521 1098 Ἰωνικῇ
1558 1025 1607 1060 ³³
1647 1020 1771 1077 διο.-

152 1116 304 1188 λέκτῳ
314 1158 327 1171 .

925 1203 1034 1259 ΞΓ.

394 1300 708 1368 Προκοπίου
733 1295 952 1368 ῥήτορος
984 1295 1224 1367 ἱστορικὰ
1251 1291 1434 1366 βιϐλία
1460 1291 1530 1352 η’.

220 1385 572 1456 ’Δνεγνὼσθη
622 1389 922 1456 Προκοπίου
979 1391 1070 1436 τοῦ
1121 1385 1341 1458 ῥήτορος
1387 1382 1668 1458 Ἰστορικόν
1721 1380 1770 1434 ἐν

154 1472 383 1544 βιϐλίοις
412 1473 576 1525 ὀκτώ.
609 1473 832 1546 Ἱστορεῖ
876 1470 935 1526 δὲ
983 1478 1048 1525 τὰ
1099 1471 1181 1525 ἰπὶ
1230 1471 1603 1526 ’Ῑουστινιανοῡ
1653 1491 1770 1524 συν-

154 1565 437 1634 ενεχθέντα
489 1566 618 1637 πρός
666 1581 720 1614 τε
764 1567 965 1635 Πέρσας
1012 1561 1282 1633 Ῥωμαίοις
1328 1566 1416 1612 καὶ
1469 1563 1598 1635 πρὸς
1646 1562 1770 1614 Βαν-

156 1649 350 1712 διέλους
406 1653 457 1686 ³⁸
515 1656 606 1702 καὶ
664 1653 908 1714 Γότθους,
966 1649 1000 1702 ἃ
1053 1650 1350 1723 Βελισάριος
1379 1651 1428 1685 ’⁸
1461 1659 1769 1723 στρατηγῶν

152 1738 483 1814 διεπράξατο
538 1739 774 1812 μάλιστα
840 1757 852 1768 ·

156 1836 321 1882 συνὼν
379 1835 481 1889 τὴν
530 1833 766 1903 ἱστορίαν
807 1828 860 1894 ἐξ
911 1830 977 1880 ὧν
1026 1827 1142 1900 ὄψει
1189 1827 1472 1902 παρείληφε
1525 1831 1772 1902 συνεγρά-

152 1920 311 1989 ᾧατο.

221 2011 304 2062 Ἐν
461 2004 556 2059 οὖν
587 2016 659 2077 τῷ
691 2013 882 2079 πρώτῳ
915 2005 1106 2078 βιϐλίῳ
1146 2001 1392 2070 διέξεισιν
1423 2009 1494 2068 ὡς
1522 2005 1771 2068 ἀποϐιούς

154 2093 446 2168 Ἀρκοίδιος
497 2098 523 2149 ό
570 2097 836 2166 Ῥωμαίων
886 2094 1136 2168 βασιλεὺς
1190 2092 1460 2168 Θεοδοσίῳ
1500 2105 1572 2168 τῷ
1613 2092 1770 2148 παιδὶ

152 2183 509 2260 Ὶσδιγέρδην
540 2189 630 2239 τόν
677 2187 726 2220 ⁵⁸
759 2191 970 2260 Περσῶν
1012 2183 1236 2257 βασιλέα
1265 2181 1532 2257 κηδεμόνα
1573 2186 1771 2238 κατέλι-

155 2295 242 2328 πεν
292 2275 344 2326 ἐν
392 2281 512 2334 ταῖς
560 2270 843 2334 διαθήκαις
892 2293 904 2306 '
957 2275 982 2325 ό
1037 2270 1096 2326 δὲ
1142 2277 1336 2336 ταύτας
1381 2271 1656 2346 δεξάμενος
1687 2273 1770 2326 ἒπ-

154 2371 438 2437 ετρόπευσε
483 2359 575 2416 τοῦ
603 2362 792 2424 παιδός
833 2368 1107 2437 σωφρόνως
1135 2369 1223 2415 καὶ
1252 2359 1522 2435 Θεοδοσίῳ
1553 2368 1646 2422 τὴν
1673 2363 1771 2436 βα-

157 2454 357 2505 σιλείαν
411 2449 734 2506 διεσώσατο.
767 2449 892 2506 Εἶτα
923 2453 1265 2526 Οὐαραριίνης
1309 2457 1393 2504 τόν
1435 2449 1771 2526 Ἰσδιγέρδην

156 2543 556 2601 τελευτησαντα
637 2538 1010 2614 διαδεξάμενος
1096 2540 1434 2608 ἐστράτευσεν
1500 2541 1583 2594 ἐπὶ
1654 2547 1772 2596 Ῥω-

157 2636 370 2701 μαίους·
407 2631 718 2685 Ἀνατολίου
759 2627 818 2683 δὲ
860 2639 952 2682 τοῦ
991 2638 1079 2691 τῆς
1119 2630 1275 2702 Ἐῴας
1311 2638 1611 2702 στρατηγοῦ
1667 2651 1771 2683 πα-

149 2723 220 2788 ρὰ
267 2717 578 2773 Θεοδοσίου
635 2720 702 2780 εἰς
761 2723 961 2792 Πέρσας
1039 2718 1122 2772 ἐπὶ
1199 2719 1450 2794 πρεσϐείᾳ
1504 2720 1770 2783 σταλέντος

153 2809 512 2882 Οὗαραράνης
543 2809 569 2860 ό
621 2817 831 2882 Περσῶν
874 2808 1123 2880 βασιλεὺς
1166 2813 1254 2867 τὴν
1298 2808 1570 2879 πρεσϐείαν
1619 2805 1768 2872 δεξά-

149 2917 303 2966 μενος
359 2897 660 2970 ὑπέστρεψε
721 2893 953 2959 σπονδὰς
1005 2899 1220 2969 θέμενος.
1277 2897 1403 2950 Εἶτα
1457 2901 1690 2970 Περόζης
1745 2899 1771 2951 ό

153 2994 376 3062 Περσῶν
434 2985 711 3058 βασιλεὺς,
745 2983 1082 3061 Ἰσδιγέρδην
1111 2987 1261 3038 ἄλλον
1309 2991 1396 3040 τόν
1427 2987 1769 3062 Οὖαραροίνου

151 3073 335 3129 παῖδα
384 3072 784 3147 διαδεξάμενος,
835 3075 1120 3149 ἐπολέμησε
1172 3079 1304 3148 πρὸς
1357 3080 1602 3144 Οὗννους,
1633 3079 1771 3139 ἔθνος
1803 3109 1842 3164 C

151 3167 293 3217 οὕτω
352 3165 702 3236 καλουμένους
749 3164 1076 3237 Ἐφθαλίτας,
1129 3166 1213 3226 οὖς
1260 3171 1349 3216 καὶ
1406 3170 1629 3228 Λευκοὺς
1680 3187 1767 3219 κα·

148 3256 331 3308 λοῦσι·
371 3257 551 3308 λευκοὶ
591 3257 695 3326 γάρ
751 3255 854 3307 εἱσι
905 3260 996 3307 καὶ
1045 3255 1137 3306 ούκ
1185 3257 1411 3329 ἄμορφοι
1462 3259 1552 3317 τάς
1603 3256 1767 3328 ὄψεις,

150 3343 272 3398 0-33”
322 3347 498 3416 ὅμοιοι
528 3352 638 3400 τοῖς
683 3343 860 3404 ἄλλοις
910 3345 1137 3405 Οὑννοιςο
1173 3349 1290 3398 οὔτε
1339 3349 1442 3419 γὰρ
1491 3343 1770 3418 νομαδικοί

151 3436 289 3486 ιὶτεν
341 3438 465 3486 οὔτε
517 3432 711 3506 ἄγριοι.
747 3433 875 3484 ἀλλὰ
919 3433 1150 3506 πολιτείᾳ
1193 3453 1242 3486 τε
1284 3441 1486 3507 νομίμῳ
1533 3445 1770 3507 χρῶνται

151 3530 238 3576 καὶ
290 3526 396 3576 ὑπὸ
453 3531 595 3595 σφῶν
643 3521 870 3595 βασιλέα
899 3526 1188 3577 τάττονται.
1225 3531 1605 3596 ιιροσοικοῦσιν
1637 3522 1695 3578 δὲ
1721 3527 1764 3560 ³⁷

149 3619 283 3684 πρὸς
345 3612 551 3686 βορρᾶν
607 3613 791 3682 ἄνεμον
847 3616 1087 3683 Πέρσαις
1164 3609 1249 3665 διὸ
1331 3619 1420 3666 καὶ
1492 3615 1769 3686 ὁροθεσίων

150 3704 303 3754 ἕνεκα
332 3701 422 3753 ἐπὶ
446 3707 571 3762 τοὺς
599 3700 910 3773 Ἐφθαλίτας
951 3702 1182 3774 Περόζης
1214 3701 1576 3775 ἐστράτευσεν.
1611 3703 1772 3759 Ἀλλὰ

150 3795 207 3842 τό
251 3797 348 3863 μὲν
412 3799 620 3864 πρῶτον
678 3786 1014 3862 δυσχωρίαις
1072 3796 1360 3865 περιπεσὼν
1413 3794 1467 3844 ἐκ
1524 3798 1769 3865 προνοίας

149 3889 250 3932 τῶν
311 3879 656 3950 Ἐᾷοαλιτῶῃ
712 3879 955 3951 αἰσχρῶς
1005 3885 1094 3932 καὶ
1120 3880 1267 3952 μόλις
1309 3878 1537 3942 σπονδὰς
1570 3884 1769 3954 θεμενος

153 3968 476 4040 ὑπέστρεψε*
538 3970 898 4042 προσεκύνησε
953 3971 1052 4044 γὰρ
1111 3968 1200 4021 ἁτε
1247 3973 1424 4043 κύριον
1469 3974 1554 4022 τὸν
1611 3974 1770 4044 βασι-

150 4057 239 4109 Li:
299 4067 402 4108 τῶν
455 4057 791 4128 Ἐφθαλιτῶν,
849 4063 939 4110 καὶ
995 4063 1194 4128 μήποτε
1246 4059 1632 4133 ἐπιστρατεύειν
1685 4059 1772 4115 δὶ-

153 4149 488 4219 gnoscitur“
544 4144 840 4215 ἀπηλλάγη.
902 4144 1358 4219 [ιαρασπονδήσας
1424 4145 1482 4201 δε
1554 4149 1768 4220 ὕστερον

150 4242 238 4287 καί
277 4238 328 4270 9⁸
377 4234 799 4307 ἐπιστρατεύσας
847 4234 1034 4297 ἀκλεῶς
1077 4236 1188 4308 οἶμα
1240 4245 1312 4308 τῷ
1362 4243 1516 4291 παντὶ
1560 4248 1770 4314 στρατῷ

152 4322 445 4398 διεφθάρη,
469 4326 681 4394 τάφροις
718 4330 830 4375 τισὶ
878 4329 966 4376 καὶ
1014 4321 1233 4399 διώρυξι
1257 4327 1305 4362 ⁹⁹
1344 4333 1632 4400 περιπεσὼν
1683 4325 1774 4382 δί-

155 4416 590 4485 ιςκευασμένοις,
645 4416 884 4484 τέταρτον
935 4409 994 4465 δὲ
1052 4419 1141 4466 καὶ
1185 4414 1417 4467 εἰκοστόν
1462 4424 1560 4479 τῆς
1607 4415 1771 4488 βασι-

153 4503 291 4560 λείας
349 4503 521 4554 αὐτοῦ
577 4500 800 4552 ἐλαύνων
845 4499 1098 4555 ἐνιαυτόν
1132 4501 1179 4554 ἐν
1335 4509 1422 4557 καὶ
1481 4509 1567 4558 τόν
1613 4507 1771 4560 πολυ-

157 4592 416 4663 θρύλητον
452 4593 465 4624 ¹
495 4592 789 4662 μάργαρον,
823 4591 984 4666 ὅσπερ
1030 4590 1085 4655 ἐξ
1129 4591 1254 4654 ὠτὸς
1292 4601 1382 4646 τού
1410 4591 1585 4657 δεξιοῦ
1618 4600 1773 4672 Περό-

161 4681 247 4737 ζον»
280 4683 636 4753 εἰπε-κρέμαιτο,
666 4678 852 4737 συνέϐη
886 4677 1267 4751 ἀφανισθῆναι.

353 4767 451 4842 3.]
487 4792 514 4816 ε(
567 4768 690 4822 Ὀτι
719 4771 771 4821 οἱ
812 4777 1142 4843 μαργαρῖται
1191 4775 1278 4823 καὶ
1307 4773 1571 4846 μάργαροι
1601 4772 1768 4846 λέγον⁸

159 4876 242 4908 ται
282 4864 375 4910 καὶ
427 4854 786 4932 μαργαρίδαι.
821 4859 1053 4932 Εὕρηται
1110 4862 1208 4935 γὰρ
1250 4861 1275 4912 ό
1324 4863 1590 4935 μάργαρος
1627 4868 1771 4937 παρὰ

1329 273 1817 333 BIBLIOTHECA.
1855 305 1925 318 —
1963 274 2124 333 COD.
2167 276 2365 334 LXIII.

1804 4459 1848 4514 D

3430 284 3534 340 122

1950 401 2154 458 Annos
2174 406 2350 458 natus
2367 406 2494 458 erat
2509 402 2661 459 duos
2679 403 3012 461 admodum
3031 410 3088 462 et
3107 406 3539 478 vigintiPraxa-

1879 505 2078 559 goras,
2108 494 2169 546 ut
2199 490 2272 545 de
2305 507 2367 545 se
2418 492 2538 564 ipse
2569 498 2832 560 testatur,
2875 511 3011 550 cum
3055 495 3184 551 haec
3228 513 3538 554 commen-

1881 585 2119 634 taretur.
2179 581 2498 651 Scripserat
2543 587 2600 638 et
2657 583 2822 638 libris
2871 583 3109 640 duobus
3164 588 3250 642 De
3300 587 3536 654 regibus

1879 669 1923 723 Α
1938 669 2272 733 lhenarum,
2289 686 2510 725 annum
2531 687 2714 741 agens
2731 672 3264 730 undevicesimum.
3283 679 3424 730 Com
3435 691 3535 746 po-

1881 757 1996 811 suit
2022 773 2263 828 quoque
2289 758 2668 815 Historiarum
2691 760 2874 816 libros
2897 779 2998 818 sex
3034 764 3115 817 De
3157 764 3331 819 rebus
3358 765 3536 834 gestis

1879 846 2220 901 Alexandri
2239 847 2446 918 Magni
2473 849 2628 916 regis
2652 850 3062 918 Macedonum,
3099 852 3293 924 primo
3340 858 3396 908 et
3440 853 3536 908 tri-

1880 935 2101 990 cesimo
2131 936 2321 992 astatis
2371 951 2558 994 anno.
2592 938 2791 1011 Stylus
2839 940 2920 995 illi
2952 947 3192 1013 apertus
3217 947 3308 999 est
3348 957 3418 997 ac
3441 943 3538 1014 ju-

1881 1024 2117 1078 cundus
2145 1039 2160 1089 ;
2197 1024 2461 1079 nonnihil
2495 1030 2693 1082 tamen
2737 1043 2914 1100 aequo
2942 1029 3303 1102 languidior.
3335 1031 3537 1086 Ionica

1884 1126 2020 1166 vero
2049 1118 2106 1167 et
2135 1113 2256 1185 ipse
2287 1129 2434 1169 usus
2456 1119 2546 1170 est
2564 1114 2839 1172 dialecto.

2604 1205 2789 1260 LXIII.

2056 1292 2338 1361 Procopii
2364 1292 2615 1349 rhetoris
2645 1294 3039 1353 Historiarum
3071 1297 3213 1352 libri
3237 1313 3353 1353 vui.

1951 1381 2250 1450 Leguntur
2306 1381 2574 1454 Procopii
2636 1382 2770 1456 (62')
2850 1386 3099 1441 rhetoris
3152 1387 3537 1442 Historiarum

1880 1468 2012 1524 libri
2047 1473 2203 1525 octo.
2235 1469 2444 1526 Narrat
2473 1487 2602 1542 quae
2634 1473 2747 1528 sub
2787 1472 3129 1529 Justiniano
3178 1474 3538 1546 imperatore

1883 1557 2137 1614 Romani
2153 1575 2290 1615 cum
2312 1560 2524 1625 Persis,
2549 1561 2833 1618 Vandalis
2851 1579 2922 1618 ac
2943 1563 3174 1619 Gottbis
3202 1569 3535 1634 gesserunt,

1881 1647 2064 1702 ductu
2115 1649 2498 1720 potissimum
2572 1650 2849 1715 Belisarii,
2924 1651 3064 1707 belli
3117 1652 3535 1724 imperatoris:

920 1740 959 1810 ᾧ
1017 1745 1105 1792 καὶ
1159 1741 1224 1792 τὰ
1278 1737 1444 1791 πολλά
1491 1740 1517 1790 ό
1592 1740 1767 1813 ῥήτωρ

1886 1751 2018 1792 cum
2049 1752 2170 1809 quo
2184 1741 2379 1793 rhetor
2406 1741 2514 1808 (66)
2534 1739 2627 1794 hic
2653 1738 2755 1794 diu
2786 1739 3158 1812 multumque
3175 1740 3540 1798 familiariter

1882 1830 2168 1886 versatus.
2196 1842 2331 1899 quae
2361 1828 2550 1884 oculis
2596 1834 2990 1900 spectaverat,
3033 1830 3341 1886 memoriae
3373 1845 3542 1887 man-

1880 1913 2071 1970 davit.

1953 2003 2153 2060 Primo
2201 2004 2401 2076 itaque
2448 2005 2600 2062 libro
2657 2007 2858 2063 isthmc
2912 2015 3366 2066 commemorat.
3434 2012 3540 2064 Ar-

1880 2093 2091 2149 cadius
2160 2096 2568 2150 Romanorum
2647 2096 2992 2167 imperator,
3065 2096 3186 2152 vita
3279 2097 3538 2164 functus,

1879 2182 2212 2238 Theodosio
2239 2183 2360 2239 ﬁlio
2393 2189 2648 2239 tutorem
2700 2184 3073 2254 lsdigerdam
3102 2201 3304 2254 regem
3334 2187 3535 2243 Persa-

1879 2289 2012 2328 rum
2040 2272 2377 2328 testamenti
2407 2273 2628 2328 tabulis
2652 2273 2905 2346 reliquit.
2940 2275 3165 2340 Quibus
3196 2275 3290 2330 ille
3319 2275 3540 2331 tabulis

1880 2364 2156 2435 acceptis,
2180 2377 2436 2435 puerum
2461 2362 2778 2420 liberaliter
2807 2365 3030 2431 eduxit,
3063 2380 3437 2438 regnumque
3458 2365 3540 2422 illi

1881 2459 2106 2508 sartum
2139 2459 2356 2508 tectum
2385 2453 2661 2509 servavit.
2682 2453 2819 2508 lude
2847 2455 3193 2518 Vararanes,
3235 2454 3541 2524 lsdigerda

1883 2546 2140 2607 mortuo,
2162 2541 2507 2606 succedens,
2525 2547 2728 2596 contra
2748 2545 3049 2598 Romanos
3075 2542 3298 2598 bellum
3317 2544 3537 2616 movit;

1879 2649 2088 2688 verum
2122 2632 2414 2695 Anatiolo,
2446 2633 2598 2687 duce
2630 2632 2898 2697 Orientis,
2943 2635 3017 2688 ad
3047 2633 3255 2689 Persas
3280 2633 3341 2688 in
3383 2633 3539 2704 lega-

1880 2721 2100 2777 tionem
2142 2737 2179 2777 a
2223 2720 2560 2777 Theodosio
2609 2721 2814 2790 misso,
2861 2720 3196 2777 Vararanes
3226 2722 3539 2777 Persarum

1881 2826 1997 2876 rex,
2019 2810 2316 2880 legatione
2344 2809 2570 2876 audita,
2601 2810 2854 2865 domum
2886 2809 3004 2866 icto
3036 2809 3255 2866 {cedere
3280 2811 3537 2866 revertit.

1882 2901 2019 2957 Post
2049 2901 2176 2956 haec
2203 2899 2446 2954 Perozes
2486 2897 2808 2954 Persarum
2834 2915 2956 2963 rex,
2985 2899 3353 2970 lsdigerdam
3399 2899 3543 2954 alte-

1880 3006 2038 3056 rum,
2053 2991 2368 3045 Vararante
2391 2987 2606 3052 ﬁlium,
2634 2986 2958 3060 excipiens,
2982 2987 3053 3042 iis
3070 2986 3290 3043 Hunnis
3312 2986 3539 3044 bellum

1882 3079 2094 3144 intulit,
2123 3079 2227 3150 qui
2243 3075 2592 3149 Ephthalitaa
2623 3075 2736 3148 (64)
2759 3080 2817 3132 et
2846 3075 3538 3132 Candidinominantur:

1881 3176 2020 3224 sunt
2040 3168 2197 3224 enim
2238 3167 2358 3223 albi
2379 3166 2595 3222 coloris
2627 3172 2848 3238 :utque
2869 3166 3110 3236 egregia
3143 3165 3456 3236 specie,sic
3479 3170 3536 3221 et

1880 3258 2107 3313 cteteris
2139 3257 2368 3313 Hunnis
2401 3255 2743 3311 dissimiles.
2776 3257 2975 3325 Neque
3004 3253 3395 3310 Numidarum
3419 3253 3534 3327 (65)

1878 3347 1994 3403 ritu
2008 3351 2326 3417 vagantur,
2348 3345 2441 3400 vel
2472 3350 2737 3414 agrestes
2777 3349 2914 3400 sunt
2942 3359 2958 3410 ;
2989 3343 3092 3400 sed
3129 3343 3365 3399 civilem
3385 3342 3539 3399 inter

1878 3438 2040 3508 ipsos
2071 3434 2415 3491 societatem
2448 3433 2679 3503 legibus
2712 3437 2970 3499 tuentur,
3003 3433 3369 3506 regibusque
3415 3431 3538 3487 suis

1881 3524 2301 3595 subjiciuntur.
2335 3523 2399 3578 Hi
2430 3523 2509 3578 ad
2558 3523 2806 3579 boream
2847 3521 3034 3578 Persis
3078 3523 3313 3578 ﬁnitimi
3346 3526 3484 3577 sunt
3518 3543 3530 3587 ε

1884 3615 2040 3687 22a
2092 3613 2489 3686 quamobrem
2548 3614 2725 3667 etiam
2776 3610 3536 3682 ﬁniumterminorumque

1880 3720 2063 3760 causa
2093 3702 2154 3758 in
2185 3700 2553 3774 Ephthalitas
2586 3700 2830 3756 Perozes
2847 3701 3172 3755 exercitum
3189 3699 3354 3754 duxit
3377 3717 3396 3768 ;
3431 3698 3540 3753 sed

1881 3791 2351 3866 Ephthalitarum
2374 3789 2622 3853 vatritie,
2651 3789 2728 3844 ad
2759 3789 2964 3860 iniqua
2993 3789 3250 3859 primum
3277 3787 3410 3843 loca
3438 3787 3542 3843 de-

1877 3881 2055 3947 latus,
2098 3879 2514 3952 ignominiose,
2538 3885 2592 3933 et
2623 3879 2722 3933 vix
2765 3878 3015 3932 salutem
3065 3884 3296 3948 pactus,
3345 3877 3536 3932 rediit.

1877 3971 2147 4026 Adorans
2171 3969 2354 4035 enim,
2389 3973 2679 4039 tanquam
2705 3965 3041 4035 dominum,
3067 3964 3538 4038 Ephthalitarum

1877 4075 2097 4130 regem.
2120 4065 2176 4115 et
2201 4072 2514 4129 nunquam
2533 4063 2739 4127 postea
2765 4053 2985 4109 bellum
3011 4070 3073 4108 se
3119 4053 3542 4124 moturumju-

1879 4149 2198 4220 rejurando
2247 4145 2629 4210 conﬁrmans,
2689 4144 2894 4199 evasit.
2946 4144 3139 4214 Rupto
3189 4146 3390 4198 tamen
3445 4141 3540 4197 ille

1879 4243 2090 4309 postea
2103 4236 2344 4301 foedere,
2366 4235 2680 4306 ductisque
2697 4233 2910 4289 iterum
2941 4230 3150 4303 copiis,
3180 4229 3332 4287 foede
3356 4230 3540 4286 simul

1881 4343 2020 4384 cum
2050 4326 2215 4383 omni
2246 4325 2495 4381 exercitu
2526 4324 2720 4396 periit,
2749 4323 2920 4379 fossis
2943 4320 3312 4395 quibusdam
3342 4337 3411 4377 ac
3434 4336 3542 4394 pu-

1884 4417 1989 4474 teis
2013 4416 2092 4472 ab
2123 4415 2298 4472 hoste
2319 4414 2680 4485 comparatis
2711 4413 2982 4478 haustus,
3008 4427 3148 4466 cum
3171 4416 3452 4483 quartum
3485 4411 3544 4466 et

1881 4505 2237 4563 vicesimum
2262 4508 2538 4574 regnaret
2559 4517 2821 4568 annum;
2855 4501 3100 4573 quando
3123 4505 3180 4557 et
3209 4499 3542 4556 celebratus

1881 4594 1976 4652 ille
2010 4595 2172 4661 unio,
2227 4610 2405 4667 quem
2437 4593 2683 4650 dextera
2713 4589 2979 4661 gestabat
3010 4605 3172 4653 aure.
3207 4589 3395 4661 periit.

1956 4795 1977 4824 ε
2007 4772 2338 4834 Margaritm
2369 4772 2504 4844 (66).
2565 4775 2620 4825 et
2667 4765 2947 4837 margari,
2983 4769 3040 4821 et
3070 4765 3427 4836 margaridte
3466 4766 3546 4823 di-

1879 4867 2114 4918 cuntur.
2147 4861 2449 4919 Invenitur
2477 4859 2635 4916 enim
2661 4860 2958 4928 Margatus
2989 4855 3085 4912 hic
3126 4855 3292 4928 apud
3338 4854 3545 4913 Pioco-

1527 4962 1764 5020 VARUE
1788 4963 2198 5022 LECTIONES.

234 5073 280 5106 ⁵³
315 5069 374 5124 δε
397 5078 487 5126 καὶ
512 5074 718 5143 Ἰωνικῇ
751 5092 805 5143 ς’.
920 5073 970 5107 ⁹⁴
995 5069 1274 5136 Βανδίλους
1304 5076 1368 5129 Α.

167 5143 214 5176 ’⁸
245 5149 338 5196 ιιιί
363 5159 484 5200 om.
521 5150 583 5198 A.
669 5140 717 5179 ‘9
751 5140 787 5195 δ
793 5143 1039 5218 ιωρύξεσι
1067 5146 1135 5201 Α.
1213 5146 1231 5181 ¹
1264 5144 1680 5220 πολυθρύλλητον
1710 5171 1773 5216 ς’.

1483 5077 1540 5155 ξεῖ
1563 5077 1896 5155 Βελισσάριος
1928 5101 1982 5144 ς.
2017 5083 2076 5134 et
2101 5076 2194 5133 hic
2219 5079 2276 5133 et
2305 5073 2482 5132 intra.

2601 5072 2651 5108 οε
2682 5067 2798 5145 τὸν]
2825 5076 2926 5124 τῶν
2951 5070 3016 5126 Α,
3117 5070 3166 5106 ⁹¹¹
3195 5069 3446 5145 ὁροθετῶν
3472 5069 3539 5127 Α.

1745 5269 1789 5322 Ν
1796 5266 1974 5323 ΟΤιΕ.

239 5385 373 5452 (62')
405 5385 566 5442 Suid.
598 5383 846 5440 lllustrii
899 5391 1367 5458 cognomentum
1422 5387 1504 5442 illi
1550 5389 1775 5458 tribuit,

179 5458 542 5532 patriamque
573 5459 935 5532 Caesaream
955 5457 1250 5532 Palmstin.
1286 5459 1433 5532 Lege
1457 5459 1546 5532 ibi
1580 5457 1772 5532 plura.

245 5528 360 5592 463)
385 5527 645 5585 Scribam
679 5527 872 5584 fuisse
906 5527 1141 5596 Belisar,
1185 5532 1347 5586 testis
1375 5530 1533 5586 Suid.

243 5598 363 5668 (66)
401 5599 542 5656 Vide
570 5599 679 5656 inf.
716 5598 865 5656 cod.
900 5599 1080 5656 LXIV.

247 5669 366 5740 (65)
387 5672 672 5732 Nomades
687 5671 978 5729 dicuntur
993 5670 1145 5730 Plin.
1167 5671 1271 5730 lib.
1295 5687 1352 5742 v,
1381 5688 1514 5747 cap.
1539 5677 1637 5744 3,a
1647 5688 1776 5747 per-

1887 5389 2197 5446 mutandis
2222 5387 2489 5461 pabulis.

1958 5461 2069 5536 (66)
2103 5451 2542 5536 Hoc’scbolion,
2573 5455 2770 5536 alieno
2796 5456 2930 5536 loco
2954 5455 3015 5536 in
3055 5453 3313 5536 exempl.
3337 5451 3545 5510 Gratoo

1885 5527 2101 5604 prioris
2119 5531 2395 5604 editionis
2420 5528 2806 5595 collocatum,
2828 5527 2950 5586 huc
2967 5533 3258 5601 tanquam
3281 5527 3342 5584 in
3367 5539 3545 5583 suam

1889 5601 2096 5662 sedem
2127 5601 2502 5661 retraximus.
