4046 6228
505 288 609 358 {es

1766 302 2002 359 rno'rn
2024 280 2525 358 ‘PArnmncms
2558 284 2667 359 cr;

3753 307 3870 361 124

505 427 673 499 pium
706 427 1026 497 rhetorem,
1060 430 1327 503 aliosque
1351 430 1628 486 classicos
1661 429 2157 500 scriptores.Mar-

2274 447 2319 480 τε
2376 434 2652 500 Προκοπίῳ
2701 439 2772 501 τῷ
2828 430 3013 505 ῥήτορι
3065 435 3155 483 καὶ
3201 428 3375 490 ἄλλοις
3404 432 3425 465 ²
3458 429 3766 502 ἀξιολόγοις,
3808 435 3872 484 τὸ

506 518 727 587 garidae
750 526 836 573 est
857 522 1016 590 apud
1044 521 1458 591 Praxagoram,
1498 520 1755 574 Ionicum
1783 519 2153 588 scriptorem,

504 604 659 661 libro
674 610 939 663 secundo
967 610 1370 664 Historiarum
1386 610 1457 664 de
1489 609 1609 664 vita
1642 608 2008 663 Constantini
2030 607 2154 662 Ma-

504 695 630 765 gni,
663 698 880 752 etalios
903 699 1038 751 item
1056 705 1346 753 auctores.
1368 697 1691 768 Margaritm
1720 714 1858 754 vero
1876 697 2154 768 frequens

506 790 612 849 est,
646 791 701 839 et
732 802 768 840 a
800 786 998 841 multis
1028 793 1400 857 usurpatum.
1435 809 1460 835 ι)

578 873 797 929 Dehinc
829 883 959 946 post
987 876 1237 930 Perozen
1268 876 1557 943 Cabades,
1600 876 1885 931 minimus
1912 882 2058 931 natu
2089 875 2151 929 ﬂ-

504 962 639 1032 lius,
705 979 954 1033 regnum
988 966 1243 1035 excepit.
1284 968 1335 1019 ls
1382 966 1735 1021 violatarum
1774 966 1973 1036 legum
2020 982 2154 1021 reus

506 1050 717 1119 factus,
758 1054 817 1108 in
853 1053 1209 1118 custodiam,
1252 1056 1343 1109 cui
1388 1056 1586 1110 Lethes
1628 1070 1865 1117 nomen,
1907 1054 1984 1109 ab
2012 1054 2155 1125 ipsis

506 1139 699 1194 Persis
734 1142 973 1208 missus,
1007 1142 1207 1197 uxoris
1242 1143 1485 1197 tandem
1523 1143 1730 1197 fraude
1756 1142 2049 1214 dilapsus,
2080 1140 2155 1195 ad

510 1230 829 1284 Euthalitas
855 1232 1153 1301 confugit:
1178 1247 1436 1301 quorum
1467 1248 1603 1286 cum
1635 1231 1935 1301 ingentem
1976 1230 2153 1285 colle-

507 1318 690 1388 gisset
727 1320 1068 1384 exercitum,
1097 1337 1276 1391 quem
1324 1321 1384 1375 in
1415 1320 1621 1376 Persas
1670 1322 1857 1386 duxit,
1903 1335 2156 1388 regnum

507 1408 633 1463 sine
658 1424 864 1479 pugna
895 1410 1264 1481 recuperavit
1306 1428 1318 1465 :
1352 1416 1411 1466 et
1441 1411 1654 1467 Blasen
1683 1411 1881 1467 Perozi
1916 1409 2156 1465 fratrem

501 1496 626 1566 jam
648 1502 770 1551 tum
796 1514 904 1569 pro
928 1514 988 1553 se
1006 1501 1681 1569 regnantem,desertum
1702 1517 1737 1556 a
1754 1500 1875 1554 suis
1889 1505 2156 1570 captum-

506 1601 641 1657 que,
676 1586 808 1642 oleo
831 1587 1075 1643 ferventi
1107 1589 1161 1642 in
1200 1588 1399 1643 oculos
1434 1590 1619 1645 misso
1650 1590 1756 1661 (sic
1787 1589 1944 1644 enim
1972 1588 2158 1643 Persis

506 1675 771 1729 solemne
826 1676 933 1747 est)
987 1679 1319 1733 excaecavit.
1365 1679 1506 1744 Quae
1553 1680 1800 1751 insuper
1839 1679 2155 1734 Pacurium

504 1764 657 1819 inter
704 1763 1015 1820 Persarum
1080 1782 1280 1837 regem
1330 1774 1385 1821 et
1416 1770 1675 1823 Arsacen
1733 1768 2155 1824 Armeniorum
2192 1768 2229 1821 Β

505 1854 899 1921 ‘contigerunt.
928 1854 1123 1926 deque
1137 1870 1449 1925 magorum
1474 1857 1718 1912 consilio
1748 1857 1997 1913 Pacurio
2019 1872 2154 1913 con-

504 1946 597 1997 tra
623 1948 879 1998 Arsacen
910 1944 1069 2009 dato,
1111 1944 1227 2000 nisi
1261 1945 1535 2001 fabulosa
1561 1946 1688 2001 haec
1721 1952 1875 2011 sunt,
1926 1947 2161 2018 scripsit

504 2036 725 2087 auctor.

577 2119 737 2175 Idem
768 2120 863 2175 ille
912 2121 1184 2177 Cabades
1216 2122 1526 2178 Euthalitis
1560 2123 1781 2194 ingenti
1812 2140 1921 2180 aere
1951 2124 2161 2180 obstri-

506 2213 658 2276 ctus,
692 2210 768 2263 aii
804 2211 1116 2267 Anastasio
1146 2212 1355 2284 imper.
1401 2214 1712 2284 pecuniam
1749 2220 2022 2270 mutuam
2054 2230 2160 2285 po-

508 2300 763 2356 stulavit.
796 2302 984 2364 Quam
1042 2302 1139 2357 ubi
1173 2318 1293 2357 non
1348 2303 1705 2373 impetravit,
1740 2303 1907 2359 nulla
1936 2304 2052 2359 alia
2089 2304 2162 2359 de

508 2405 689 2444 causa
708 2390 1016 2461 repentina
1032 2391 1365 2445 incursione
1380 2391 1605 2447 bonam
1625 2394 1916 2448 Armeniae
1933 2398 2162 2464 partem

506 2478 781 2541 vastavit,
803 2478 1201 2551 Amidamque
1224 2480 1636 2536 obseditDum
1669 2497 1809 2537 vero
1836 2482 1912 2537 ab
1945 2499 2032 2546 ea,
2064 2498 2166 2554 po-

513 2565 733 2620 tiundae
749 2582 852 2636 spe
875 2568 1117 2632 amissa,
1139 2569 1377 2634 recedit,
1399 2569 1622 2625 {uadum
1654 2571 2163 2627 meretricularum

511 2654 917 2725 spectaculum
948 2657 1227 2712 iteranda:
1257 2657 1589 2713 obsidionis
1616 2676 1859 2715 causam
1892 2661 2165 2732 praebuit.

510 2747 601 2799 Ira
630 2744 805 2813 igitur
848 2760 916 2799 ac
948 2744 1145 2800 furore
1179 2748 1435 2818 percitus
1467 2747 1737 2803 Cabades
1768 2750 1825 2803 in
1855 2748 2166 2805 obsidione

510 2832 868 2903 perdurans,
927 2833 1133 2889 urbem
1187 2836 1239 2890 vi
1288 2843 1611 2908 expugnat,
1645 2838 1919 2911 civesque
1964 2855 2166 2893 servos

510 2920 837 2991 essejubet.
874 2924 1083 2978 Postea
1117 2930 1317 2979 tamen
1347 2925 1663 2997 plerosque
1694 2927 1958 2999 captivos
1984 2929 2166 2997 gratis

507 3008 757 3064 domum
784 3010 1026 3073 remisit,
1058 3028 1210 3082 quos
1237 3018 1293 3068 et
1318 3014 1668 3070 Anastasius
1698 3017 1963 3071 omniest
1993 3016 2168 3072 bene-

508 3098 786 3153 volentiae
830 3114 1043 3167 genere
1083 3102 1450 3172 complexus.

580 3186 823 3256 Cognito
858 3204 998 3243 vero
1043 3190 1319 3245 Amidam
1350 3192 1625 3258 obsideri,
1660 3193 1929 3262 ingentes
1960 3194 2167 3250 admo-

510 3275 656 3333 dum
676 3275 960 3331 adversus
984 3278 1193 3334 Persas
1206 3282 1551 3335 Anastasius
1577 3282 1732 3352 22b
1762 3284 1967 3354 copias
1988 3284 2161 3350 misit,

511 3364 724 3421 creatis
755 3365 1005 3421 ducibus
1049 3367 1383 3424 Areobindo
1415 3369 1667 3425 Orientis
1695 3372 1867 3437 duce,
1896 3373 1998 3444 qui
2026 3373 2163 3445 Oly-

508 3454 644 3522 brii,
674 3456 801 3527 ejus
821 3457 921 3527 qui
951 3458 1132 3528 paulo
1160 3465 1294 3513 ante
1327 3458 1383 3513 in
1410 3460 1723 3515 Occidente
1744 3460 2160 3531 imperaverat,

510 3559 691 3613 gener
715 3552 839 3601 erat
871 3546 1101 3601 :Celere
1134 3546 1274 3602 item
1309 3548 1612 3617 magistro,
1646 3550 1892 3604 Patricio
1922 3568 2162 3623 quoque

510 3633 758 3705 Phryge,
793 3641 847 3689 et
883 3634 1133 3706 Hypatio
1170 3644 1422 3705 cognato
1458 3638 1741 3709 patruele.
1783 3639 1866 3694 Ad
1904 3648 2163 3712 quatuor

509 3730 708 3779 autem
741 3724 923 3779 hosce
974 3724 1157 3779 duces
1216 3734 1679 3783 accesseruntet
1722 3730 2005 3799 Justinus,
2057 3731 2161 3802 qui

508 3814 807 3868 Anastasii
838 3812 1157 3883 imperium
1205 3816 1452 3887 excepit,
1487 3816 1706 3888 aliique
1739 3818 1975 3889 plurimi
2005 3820 2161 3875 bello

508 3907 859 3973 praestantes
880 3901 1009 3956 viri.
1029 3904 1363 3959 Exercitum
1384 3912 1613 3961 tantum
1643 3922 1957 3979 nunquam
1983 3925 2017 3963 a
2050 3912 2159 3965 Ro-

510 3992 705 4046 manis
758 3990 815 4046 in
850 3991 1054 4048 Persas
1088 3994 1331 4049 missum
1366 3993 1585 4051 ferunt.
1641 3997 1711 4051 At
1739 3998 1885 4052 dum
1929 4015 2161 4054 moram

508 4081 849 4137 cunctando
880 4088 1137 4148 nectunt,
1172 4090 1346 4155 capta
1378 4084 1580 4141 civitas
1610 4091 1719 4150 est,
1762 4102 1955 4159 neque
1986 4088 2163 4143 simul

509 4185 719 4225 omnes
744 4187 878 4225 cum
914 4169 1175 4235 Cabade,
1205 4178 1479 4229 conserta
1504 4191 1710 4241 manu,
1730 4176 2119 4233 conﬂixerunt
2148 4194 2160 4244 ;

510 4259 613 4313 sed
646 4260 897 4312 seorsim
947 4260 1162 4327 singuli
1198 4263 1442 4331 turpiter
1498 4264 1649 4328 victi,
1684 4264 1883 4319 multis
1916 4283 2162 4321 suorum

508 4346 881 4410 desideratis,
913 4346 1297 4402 dicesserunt.
1328 4351 1592 4405 Tandem
1623 4360 1843 4415 tamen,
1868 4354 2060 4411 ductis
2089 4358 2165 4412 ad

2267 514 2325 568 δε
2365 516 2697 592 μαργαρίδαι
2750 523 2892 594 παρά
2935 540 2987 573 τε
3030 520 3340 593 Πραξαγόρᾳ
3391 519 3645 579 ῖωνίξοντι
3694 521 3743 571 έν
3799 529 3865 592 τῇ

2268 611 2389 677 Περὶ
2434 612 2519 658 τόν
2567 613 2740 678 Μέγαν
2791 616 3172 663 Κωνσταντῑνον
3222 606 3439 680 δευτέρᾳ
3486 609 3735 683 Ἱστορίᾳ,
3772 615 3869 661 καὶ

2264 698 2389 769 παρ’
2419 695 2613 759 ἄλλοις.
2640 700 2704 750 Οἱ
2750 695 2809 750 δε
2854 708 3178 775 μαργαρῖται
3231 700 3444 757 σύνηθες
3490 703 3579 750 καὶ
3627 698 3758 751 πολὺ
3815 696 3869 749 ἐν

2263 791 2322 855 τῇ
2355 790 2570 856 χρήσει.
2604 807 2633 838 ))

2336 871 2463 925 Εἶτα
2504 880 2634 947 μετά
2679 881 2912 951 Περόζην
2970 880 2995 929 ὁ
3040 884 3287 938 νεώτατος
3325 877 3412 948 [32
3450 875 3545 948 [1.]
3602 879 3713 938 υἱὸς
3755 882 3868 929 Κα-

2264 959 2433 1025 ϐάδης
2483 967 2546 1025 ὡς
2595 964 2940 1037 ἐϐασίλευσεν,
2980 970 3117 1028 ὅπως
3174 972 3271 1019 τε³
3304 974 3613 1038 παρανομῶν
3671 965 3739 1027 εἰς
3804 967 3866 1015 τὸ

2267 1062 2355 1113 τῆς
2436 1056 2613 1115 Λήθης
2684 1060 2926 1128 φρούριον
2978 1059 3063 1109 ὑπ’
3125 1058 3294 1109 αὐτῶν
3352 1062 3562 1128 Περσῶν
3633 1053 3864 1117 ένετέθη,

2265 1144 2402 1203 ὅπως
2453 1163 2505 1195 τε
2546 1144 2711 1196 λαθὼν
2756 1142 2848 1197 διὰ
2877 1154 2972 1206 τῆς
3015 1150 3258 1217 γυναικός
3289 1146 3355 1205 εἰς
3387 1148 3508 1205 τοὺς
3546 1142 3879 1216 Ἐφθαλὶτας

2264 1229 2489 1304 ἀπέδρα,
2522 1239 2611 1286 καὶ
2659 1236 2795 1297 ὅπως
2844 1234 3006 1288 ἐκεῖσε
3058 1232 3347 1298 κηδεύσας,
3384 1242 3589 1307 στρατῷ
3653 1232 3868 1306 μεγαλῳ

2266 1322 2577 1393 Ἐφθαλιτών
2627 1322 2709 1375 ἐπὶ
2756 1329 2953 1397 Πέρσας
3005 1325 3207 1387 ἑλάσας,
3243 1323 3486 1395 ἀμαχητὶ
3540 1327 3633 1380 τὴν
3685 1322 3869 1394 ἀρχὴν

2269 1408 2609 1478 ἀνεκτήσατο,
2651 1418 2739 1465 καὶ
2785 1414 2971 1467 Βλάσιν
3000 1416 3019 1449 ⁸
3050 1418 3136 1466 τόν
3194 1414 3422 1487 Περόζου
3479 1409 3697 1483 ἀδελφόν
3750 1409 3867 1461 ἀντ’

2268 1500 2426 1551 αύτού
2484 1500 2871 1573 βασιλεύσαντα
2928 1507 3114 1576 ἔρημον
3167 1501 3335 1554 λαϐὼν
3386 1510 3483 1553 τῶν
3533 1501 3871 1572 ἀμυνομένων

2268 1588 2599 1662 έξετύφλῶσε,
2635 1593 2746 1653 ζέον
2778 1592 2944 1645 ἔλαιον
2983 1601 3090 1655 τοῖς
3122 1592 3400 1664 ὀφθαλμοῖς
3431 1592 3769 1662 ἡνεῳγμένοις
3806 1588 3873 1624 ⁸*

2268 1676 2540 1749 έπεγχέας’
2572 1686 2741 1752 τρόπῳ
2784 1684 2885 1755 γάρ
2930 1679 3065 1751 τῷδε
3108 1685 3301 1753 Πέρσαι
3352 1679 3650 1751 τυφλοῦσιν.
3688 1680 3767 1730 Τά
3814 1698 3873 1731 τε

2268 1774 2383 1841 περὶ
2427 1776 2719 1843 Πακουρίου
2766 1779 2855 1823 τού
2902 1778 3107 1844 Περσῶν
3159 1769 3416 1841 βασιλέως
3464 1774 3551 1821 καὶ
3594 1770 3868 1842 Ἀρσάκου

2268 1860 2549 1932 Ἀρμενίων
2602 1869 2695 1921 τῆς
2761 1880 2813 1912 τε
2884 1870 2982 1911 τῶν
3058 1856 3314 1911 έπαοιδὼν
3398 1860 3663 1918 ὑποθήκης
3730 1861 3874 1908 κατὰ

2272 1948 2532 2021 Ἀρσάκου
2582 1957 2652 2018 τῷ
2708 1954 2981 2022 Πακουρίῳ
3035 1953 3397 2021 γεγενημένης,
3457 1947 3501 2000 εἰ
3553 1951 3624 2020 μὴ
3698 1948 3875 2018 μῦθος

2270 2044 2435 2088 ταῦτα
2463 2039 2719 2090 συνέθετο.

2340 2126 2463 2179 Ὀτι
2514 2124 2763 2188 Καϐάδης
2820 2130 2843 2179 ὁ
2896 2132 3257 2203 προειρημένος
3306 2126 3466 2199 ὅφλων
3536 2124 3877 2197 Ἐφθαλίταις

2270 2222 2529 2289 χρήματα
2559 2218 2907 2271 Ἀναστάσιον
2950 2216 3174 2289 βασιλέα
3204 2218 3375 2290 ᾐτεῖτό
3403 2219 3450 2269 οἱ
3483 2212 3742 2277 δανεῖσαι,
3777 2222 3875 2267 τοῦ

2275 2304 2333 2358 δε
2387 2312 2457 2378 μὴ
2520 2303 2697 2367 δόντος
2743 2308 2856 2359 ἰνευ
2906 2306 3064 2369 ἄλλης
3111 2306 3281 2367 αἰτίας
3325 2305 3510 2379 ἀθρόον
3559 2304 3721 2357 πολλά
3775 2313 3876 2364 τῆς

2274 2397 2547 2467 Ἀρμενίας
2599 2394 2893 2469 κατέδραμε
2961 2402 3049 2448 καὶ
3095 2393 3321 2467 Ἀμίδαν
3379 2393 3687 2465 ἐπολιόρκει,
3743 2392 3880 2444 ἀπο-

2275 2491 2443 2561 ρὴσας
2489 2482 2547 2538 δε
2596 2485 2867 2559 ἀνεχώρει,
2898 2484 3256 2561 ἀναχωροῦντι
3298 2482 3356 2537 δὲ
3395 2486 3424 2542 ἡ
3466 2493 3565 2535 τῶν
3595 2479 3881 2555 ἑταιρίδων

2275 2584 2534 2645 γυναικῶν
2582 2578 3128 2650 αισχροπραγμοσύνη
3182 2574 3328 2626 αἰτία
3374 2582 3470 2634 τῆς
3540 2574 3882 2644 ὑποστροφῆς

2276 2670 2521 2727 κατέστη,
2557 2670 2646 2717 καὶ
2703 2665 3056 2739 πολιορκήσας
3112 2666 3256 2735 θυμῷ
3306 2668 3393 2715 καὶ
3438 2662 3564 2737 ὀργῇ
3614 2658 3881 2722 Καϐάδης

2277 2760 2369 2811 τήν
2420 2774 2473 2806 τε
2501 2754 2647 2805 πολιν
2690 2756 2823 2806 κατά
2854 2757 3043 2827 κράτος
3091 2755 3220 2824 ἔσχε
3249 2757 3337 2803 καὶ
3371 2756 3489 2812 τοὺς
3520 2750 3567 2803 ἓν
3608 2750 3737 2822 αὐτῇ
3786 2752 3879 2808 iw-

2279 2840 2937 2917 δραποδίσατο.”Υστερον
2991 2840 3049 2895 δὲ
3102 2840 3320 2903 πολλοὺς
3368 2850 3466 2892 τῶν
3518 2838 3877 2911 αἰχμαλώτων

2278 2931 2439 3005 ἀφῆκε
2480 2938 2691 3005 προῖκα,
2748 2932 2831 2991 οὖς
2874 2935 2963 2983 καί
3018 2930 3367 2990 Ἀναστάσιος
3415 2927 3464 2989 ἐς
3520 2927 3585 2981 τά
3638 2926 3881 2999 μάλιστα

2276 3020 2731 3094 ἐφιλοφρονήσατο.

2206 3129 2244 3183 C
2344 3197 2461 3251 Ὀτι
2531 3197 2969 3271 πολιορκουμένην
3010 3193 3235 3269 Ἀμίδαν
3284 3197 3461 3269 μαθὼν
3518 3194 3882 3256 Ἀναστάσιος

2278 3290 2666 3359 στρατεύματος
2740 3287 2935 3348 πλῆθος
3003 3286 3115 3338 λίαν
3176 3288 3311 3338 κατὰ
3396 3292 3607 3356 Περσῶν
3654 3283 3874 3348 ἔστειλε,

2276 3381 2595 3449 στρατηγούς
2669 3376 2953 3437 ἐπιστήσας
3024 3371 3357 3448 Ἀρεόϐινδὸν
3426 3393 3479 3426 τε
3540 3377 3627 3424 τὸν
3706 3372 3873 3443 Ἐᾠας

2275 3471 2592 3538 στρατηγόν,
2622 3468 2671 3526 ὅς
2724 3463 2783 3524 ἦν
2838 3463 3115 3537 Ὀλυϐρίου
3162 3466 3182 3499 ⁸
3232 3461 3501 3523 κηδεστὴς
3552 3470 3641 3513 τοῦ
3696 3470 3876 3536 μικρῷ

2271 3558 2492 3626 πρόσθεν
2547 3565 2634 3615 τῆς
2677 3556 2927 3628 Ἐσπέρας
2980 3552 3410 3625 βασιλεύσαντος,
3447 3550 3635 3625 Κελερά
3684 3569 3735 3601 τε
3783 3553 3874 3602 τόν

2271 3646 2581 3715 μάγιστρον,
2643 3648 2919 3716 Πατρίκιόν
2976 3662 3028 3695 τε
3085 3646 3171 3694 τὸν
3231 3646 3429 3717 Φρύγα,
3489 3647 3577 3693 καὶ
3626 3641 3871 3694 ’Υπάτιον

2270 3737 2355 3785 τὸν
2384 3734 2567 3785 οἰκεῖον
2599 3729 2931 3804 ἀδελφιδοῦν.
2967 3732 3127 3785 Οὔτοι
3162 3734 3252 3804 μεν
3306 3728 3391 3783 οὖν
3426 3736 3711 3803 στρατηγοὶ
3752 3735 3875 3782 τέσ-

2274 3842 2445 3893 σαρες,
2481 3831 2638 3881 συνῆν
2698 3819 2756 3874 δε
2807 3823 2979 3881 αὐτοῖς
3022 3826 3111 3873 καὶ
3162 3821 3443 3882 Ἰουστίνος
3476 3822 3501 3870 ό
3547 3822 3679 3891 μετὰ
3714 3820 3871 3872 Ἀνα-

2274 3914 2488 3963 στάσιον
2534 3910 2856 3983 βασιλεύσας
2884 3912 2927 3976 ⁸,
2972 3909 3117 3961 ἄλλοι
3148 3929 3201 3961 τε
3245 3908 3425 3960 πολλοὶ
3454 3914 3543 3960 καὶ
3583 3907 3773 3977 ἀγαθοὶ
3807 3912 3879 3959 τα

2270 4001 2512 4073 πολέμια·
2547 4002 2844 4072 στράτευμα
2895 4002 2993 4073 γὰρ
3054 4006 3284 4050 τοιοῦτον
3349 4002 3534 4050 οὔποτε
3595 3996 3676 4049 ἐπὶ
3732 4001 3878 4069 Πέρ-

2275 4110 2366 4149 σας
2421 4089 2694 4160 Ῥωμαίοις
2741 4094 2867 4160 φασὶ
2922 4089 3194 4150 ξυστῆναί,
3226 4086 3331 4137 ἀλλ’
3385 4088 3785 4159 ὑστερησάντων
3838 4089 3870 4144 ἡ

2274 4179 2415 4239 πόλις
2467 4179 2614 4245 ἑάλω,
2674 4183 2762 4229 καὶ
2816 4177 2919 4249 οὐχ
2989 4179 3099 4248 ἅμα
3177 4173 3397 4249 Καϐάδη
3465 4175 3875 4246 πολεμήσαντες,

2277 4267 2403 4319 ἀλλὰ
2459 4273 2629 4340 χωρὶς
2674 4268 2902 4331 ἔκαστοι,
2948 4264 3137 4327 ἀκλεῶς
3195 4263 3592 4334 ἀπηλλάγησαν,
3653 4263 3882 4327 πολλούς

2275 4367 2371 4409 τῶν
2444 4357 2640 4408 οἰκείων
2714 4354 3069 4416 ἀποϐαλόντες.
3119 4354 3360 4428 Ὕστερον
3420 4351 3479 4406 δε
3536 4353 3587 4414 ἐς
3642 4348 3879 4425 Ἀμίδαν

508 4433 787 4490 Amidam
818 4434 1023 4503 copiis,
1059 4434 1263 4490 urbem
1282 4437 1608 4504 cinxerunt,
1635 4440 1856 4511 diuque
1876 4446 2160 4499 haerentes

2280 4445 2576 4517 ἀφικόμενοι
2628 4444 2955 4518 ἐπολιόρκουν
3010 4448 3103 4502 τὴν
3160 4442 3326 4495 πόλιν·
3397 4440 3880 4517 χρονοτριϐούντων

510 4523 783 4590 Romani,
819 4523 1022 4578 Persas
1050 4523 1395 4589 inclusos,et
1432 4542 1631 4581 rerum
1664 4528 1867 4599 inopia
1892 4530 2170 4587 laboran-

511 4618 614 4680 tes,
650 4613 726 4670 ad
755 4620 978 4687 septem
1013 4629 1303 4670 annorum
1330 4614 1599 4672 inducias
1623 4618 2167 4688 compulerunt,au-

509 4703 771 4760 ctoribus
802 4704 997 4762 Celere
1023 4705 1294 4761 Romano
1319 4708 1378 4760 et
1403 4707 1709 4778 Aspevede
1740 4706 1937 4763 Persa.

581 4883 808 4937 Taurus
843 4882 1083 4939 Cilicum
1116 4899 1292 4939 mons
1324 4898 1429 4955 per
1455 4884 1844 4957 Cappadocas
1860 4887 2158 4959 primum;

511 4978 567 5031 et
585 4971 894 5028 Armenios
915 4988 1043 5029 sese
1073 4974 1355 5042 extendit,
1382 4989 1452 5029 ac
1479 4980 1715 5041 terram,
1734 4992 1888 5049 quos
1921 4985 2156 5045 vocant,

511 5061 1053 5120 Persarmeniorum
1085 5079 1101 5129 ;
1134 5063 1352 5121 dehinc
1377 5079 1482 5135 per
1530 5064 1785 5122 Albanos
1816 5068 2156 5139 porrigitur,

512 5158 569 5207 et
594 5151 815 5215 Iberos,
842 5157 897 5207 et
912 5167 1302 5225 quascunque
1328 5152 1477 5209 alias
1502 5154 1593 5209 sui
1611 5154 1759 5225 juris
1783 5164 2158 5231 gentes,quaa

512 5240 704 5297 Persis
730 5240 889 5298 dicto
902 5241 1235 5310 audientes,
1260 5243 1327 5298 iis
1345 5242 1405 5298 in
1439 5242 1582 5300 locis
1602 5242 1893 5303 habitant.
1923 5247 2159 5314 Praeter-

2281 4532 2356 4591 δε,
2384 4537 2430 4585 οἱ
2470 4533 2604 4594 ἐντὸς
2637 4537 2851 4605 Πέρσαι,
2885 4529 2991 4591 ἤδη
3040 4529 3097 4584 δὲ
3127 4537 3215 4583 καὶ
3248 4534 3612 4605 ἀπορούμενοι,
3645 4528 3690 4589 ἐς
3719 4549 3883 4582 σπον-

2278 4622 2375 4683 δὰς
2421 4622 2687 4694 Ῥωμαίοις
2741 4626 2903 4674 ἔτεσιν
2957 4621 3085 4674 έπτά
3146 4619 3457 4684 συνέϐησαν,
3517 4619 3735 4695 Κέλερος

2274 4714 2399 4785 ὑπὲρ
2447 4712 2730 4783 Ῥωμαίων,
2765 4707 3083 4766 Ἀσπευέδον
3152 4707 3209 4762 δί
3265 4708 3379 4761 ἀντὶ
3445 4716 3654 4783 Περσῶν
3713 4708 3881 4771 αύτὰς

2271 4805 2653 4873 ποιησαμένων.

2340 4892 2459 4944 Ὀτι
2507 4895 2565 4943 τὸ
2618 4890 2837 4943 Κιλίκων
2866 4891 2885 4924 ⁷
2920 4893 3037 4963 ὄρος
3085 4891 3109 4940 ό
3158 4895 3355 4962 Ταῦρος
3406 4886 3603 4959 ἀμείϐει
3662 4891 3751 4959 μεν
3808 4894 3880 4941 τά

2270 4991 2452 5055 πρῶτα
2496 4977 2876 5044 Καππαδόκας,
2904 4984 2993 5031 καὶ
3038 4980 3343 5052 Ἀρμενίους
3370 4982 3459 5029 καὶ
3497 4985 3594 5028 τῶν
3636 4983 3880 5051 Περσαρ-

2270 5077 2451 5143 μενέων
2509 5076 2600 5128 τὴν
2653 5078 2771 5141 γῆν,
2834 5070 2946 5121 εἶτα
2988 5066 3289 5133 Ἀλϐανοὺς,
3343 5071 3433 5118 καὶ
3488 5065 3717 5139 Ἴϐηρας,
3782 5076 3876 5120 καὶ

2270 5164 2369 5214 ὃσα
2406 5160 2533 5212 ἄλλα
2564 5160 2821 5230 αὐτόνομα
2869 5160 2986 5215 ἔθνη
3018 5161 3107 5209 καὶ
3156 5161 3378 5228 Πέρσαις
3407 5160 3646 5212 κατήκοα
3698 5159 3875 5230 ταύτῃ

2272 5255 2515 5320 ᾤκηνται.
2574 5246 2876 5321 Ὑπερϐάντι
2931 5243 2989 5298 δε
3038 5249 3153 5305 τοὺς
3208 5242 3424 5318 Ἰϐήρων
3457 5244 3477 5278 ⁸
3518 5245 3663 5315 ὅρους
3712 5245 3880 5318 ἀτρα-

1850 5426 2103 5486 VARI/E
2132 5425 2527 5484 LECTIONES.

585 5597 607 5671 ξ
633 5597 966 5671 pastinati
997 5616 1136 5657 cum
1170 5602 1216 5655 A
1243 5600 1410 5671 omisi
1439 5620 1509 5656 τε.
1561 5642 1570 5652 .
1607 5606 1626 5637 ³
1653 5622 1707 5655 τε
1734 5604 1781 5659 A
1813 5620 1827 5660 :
1857 5600 1917 5657 δὴ
1946 5625 2000 5671 ς.

514 5665 705 5735 hic}.
780 5670 801 5706 ⁷
836 5669 1041 5736 Κίλικος
1063 5673 1132 5728 A.
1209 5674 1230 5709 ⁸
1258 5670 1503 5751 Ἰϐἠρους
1528 5673 1594 5731 Α.

2097 5606 2119 5640 ι
2147 5604 2353 5678 βλάσην
2381 5626 2436 5671 ς.

2538 5605 2577 5641 ⁴¹
2608 5602 2940 5677 ἀνεῳγμένοις
2970 5624 3024 5669 ς.
3126 5604 3149 5638 ⁸
3174 5600 3493 5677 Ὀλυμϐρίου
3528 5624 3582 5668 ς.
3658 5605 3679 5637 ⁸
3713 5601 3878 5676 βασι-
