4046 6228
518 324 623 385 127

596 452 765 518 Quod
804 453 956 507 inter
979 453 1311 523 Bosporum
1343 456 1401 508 et
1427 451 1782 508 Chersonem
1828 447 2061 502 dierum
2105 447 2185 501 vi-
2220 449 2263 501 Α

524 540 668 612 ginti
698 542 961 597 medium
994 542 1297 612 interjacet
1330 540 1616 611 spatium,
1650 537 1845 591 Hunni
1879 536 2183 594 incolunt:

524 630 627 702 qui
675 631 796 684 suis
836 630 978 684 olim
1026 630 1255 697 legibus
1296 631 1598 697 degentes.
1635 628 1692 680 in
1744 626 1953 679 Justini
1996 641 2187 695 nuper

524 726 874 790 potestatem
912 725 1221 773 venerunt:
1254 727 1315 773 ut
1344 720 1467 787 jam
1498 716 1756 772 Cherson
1805 714 2055 769 Romani
2079 726 2187 769 ter-

526 808 722 861 minus
752 807 984 878 imperii
1024 814 1195 861 esset.
1244 809 1639 861 Accesserunt
1665 810 1721 860 et
1756 804 1907 859 Iberi
1946 804 2181 859 Justino

522 896 732 967 imper.
783 913 897 951 una
941 913 1075 951 cum
1125 898 1478 965 Gurgogene
1511 898 1623 963 (70)
1668 909 1875 949 eorum
1919 891 2093 958 duce,
2144 908 2180 947 a

524 986 717 1041 Persis
745 986 901 1041 male
946 986 1196 1041 tractati.
1230 988 1361 1051 Qua
1385 985 1460 1041 de
1489 1000 1671 1041 causa
1699 984 2002 1039 Romanos
2032 983 2181 1038 inter

523 1079 580 1130 et
606 1076 814 1130 Persas
844 1074 1067 1130 bellum
1101 1075 1339 1131 exarsit.
2176 1090 2183 1094 ·

592 1165 805 1219 Vivens
831 1163 1161 1220 etiamnum
1186 1164 1449 1219 Justinus
1481 1164 1541 1217 in
1573 1162 1919 1218 societatem
1946 1160 2178 1231 imperii

525 1251 734 1308 ascivit
777 1252 1203 1319 Iustinianum,
1233 1252 1337 1324 qui
1389 1256 1625 1307 mortuo
1666 1249 1987 1313 avunculo,
2021 1248 2182 1304 solus

524 1343 776 1412 imperio
820 1344 1036 1413 potitus
1076 1346 1184 1397 est.
1224 1341 1537 1396 Belisarius
1567 1346 1624 1396 et
1659 1341 1810 1397 Sitas
1842 1338 2180 1410 praetoriani

527 1430 740 1486 milites
789 1431 1043 1495 fuerunt,
1087 1447 1208 1502 quo
1252 1436 1517 1502 tempore
1555 1429 1927 1484 Justinianus
1975 1427 2180 1498 copias

525 1521 819 1578 ducebat:
866 1513 1156 1574 aJustino
1189 1535 1330 1574 vero
1378 1519 1663 1573 militibus
1697 1519 1753 1572 in
1806 1518 1990 1573 Daras
2037 1532 2182 1587 prm-

525 1608 714 1664 fectus
746 1608 1062 1664 Belisarius
1091 1608 1266 1663 datus
1309 1614 1437 1663 est:
1471 1624 1609 1663 cum
1636 1612 1691 1663 et
1733 1605 2056 1678 Procopius
2086 1605 2181 1661 hic

528 1698 779 1769 scriptor
826 1713 859 1752 a
907 1696 1168 1751 consiliis
1214 1696 1295 1752 illi
1360 1697 1621 1752 additus.
1669 1697 2004 1767 lmperante
2045 1698 2182 1766 post

1756 321 1997 378 PHOTII
2026 320 2512 380 PATRIARCHIE
2540 321 2645 378 ΟΡ.

3783 323 3898 378 128

2364 453 2485 501 Ὅτι
2515 447 2705 520 μεταξύ
2735 449 2782 484 ³³
2815 452 3081 522 Βοσπόρου
3111 452 3198 501 καὶ
3251 455 3539 520 Χερσῶνος,
3571 446 3628 499 αἱ
3667 443 3896 518 διέχου-

2298 557 2378 590 σιν
2424 534 2654 595 ἀλλήλων
2686 534 2808 589 ὁδὸν
2840 539 3041 610 ἡμερῶν
3086 541 3251 591 εἴκοσι
3281 540 3345 589 τὰ
3392 540 3441 589 ἑν
3472 541 3615 608 μέσῳ
3662 536 3901 588 Ούννικὰ

2295 629 2409 684 ἔθνη
2483 627 2745 698 αὐτόνομα
2801 631 2923 679 ὄντα
3000 633 3245 701 πρότερον
3314 628 3575 697 Ἰουστίνῳ
3654 632 3903 683 κατήκοα

2292 720 2513 787 γέγονεν’
2545 718 2574 774 ἡ
2625 713 2683 768 δε
2724 720 2935 789 Χερσὼν
2972 716 3177 787 ἐσχάτη
3220 725 3316 776 τῆς
3352 715 3643 786 Ῥωμαῖκῆς
3676 716 3897 788 ὑτῆρχε

2290 815 2389 877 γῆς
2450 812 2875 881 Προσεχώρησαν
2934 803 2993 858 δὲ
3049 811 3134 858 καὶ
3190 804 3393 876 Ἴϐηρες
3452 806 3718 875 Ἰουστίνῳ
3779 804 3897 874 ἅμα

2291 900 2543 971 Γουργένῃ
2588 895 2637 930 ³³
2662 903 2734 964 τῷ
2786 904 2923 964 σφῶν
2974 897 3208 967 ἡγεμόνι,
3233 896 3332 945 ὑπὸ
3370 901 3577 968 Περσῶν
3622 894 3888 945 ταλαιπω-

2287 987 2547 1056 ρούμενοι.
2615 988 2709 1037 Καὶ
2770 984 2896 1057 ὑπὲρ
2948 983 3115 1035 αὐτῶν
3158 982 3430 1053 Ῥωμαίοις
3495 988 3583 1035 καὶ
3660 988 3897 1055 Πέρσαις

2287 1074 2446 1147 ᾑρέθη
2478 1076 2524 1109 ³⁸
2553 1073 2791 1145 πόλεμος.

2357 1160 2477 1214 Ὀτι
2518 1164 2592 1214 ἔτι
2641 1165 2740 1224 ζῶν
2791 1160 3070 1221 Ἰουστῖνος
3099 1162 3469 1213 Ἰουστινιανὸν
3513 1162 3754 1212 κοινωνὸν
3799 1167 3898 1219 τῆς

2291 1249 2565 1324 βασιλείας
2618 1248 2921 1314 ἐποιήσατο,
2955 1250 3350 1311 τελευτήσαντος
3408 1246 3466 1302 δι
3524 1257 3615 1301 τού
3654 1250 3792 1301 θείου
3842 1247 3896 1310 ές

2288 1346 2441 1411 μόνον
2472 1340 2840 1392 Ἰουστινιανὸν
2895 1340 2959 1389 τὰ
3006 1347 3101 1400 τῆς
3150 1338 3326 1412 ἀρχῆς
3363 1336 3719 1412 περιελήλυθε.
3751 1336 3895 1390 Βελι-

2291 1432 2470 1502 σοίριος
2517 1424 2575 1481 δι
2622 1434 2712 1481 καὶ
2756 1432 2935 1489 Σίττας
2970 1430 3016 1463 ³⁵
3050 1425 3324 1502 δορυφόρω
3370 1432 3539 1485 ἤστην
3579 1428 3893 1480 Ἰουστινιαο

2288 1525 2375 1569 νοῦ
2425 1521 2499 1569 ἔτι
2557 1525 2991 1591 στρατηγοῦντος.
3045 1516 3136 1589 [34
3197 1515 3436 1590 [1.]’Υπό
3495 1513 3554 1568 δὲ
3599 1516 3897 1568 Ἰουστίνου

2289 1615 2387 1657 τῶν
2444 1605 2491 1657 ἐν
2545 1612 2711 1677 Δαρᾶς
2742 1608 2789 1641 ³⁸
2820 1606 3124 1677 καταλόγων
3180 1606 3477 1680 Βελισάριος
3528 1607 3709 1678 ἄρχων
3758 1624 3899 1656 κατ-

2290 1694 2439 1760 έστη,
2468 1694 2561 1767 [72
2595 1696 2682 1765 8.]
2714 1697 2796 1747 ὅτε
2849 1700 2939 1747 καὶ
2986 1700 3275 1767 Προκόπιος
3317 1697 3341 1745 ὁ
3388 1699 3711 1767 συγγραφεύς
3760 1697 3901 1767 σύμο

525 1784 651 1841 solo
684 1786 839 1857 23b
869 1786 1218 1852 Iustiniano,
1252 1787 1375 1841 dux
1408 1786 1657 1842 Orientis
1707 1790 1938 1840 creatus
1970 1783 2179 1841 Belisa-

2300 1782 2467 1843 ϐουλος
2515 1783 2655 1854 αὐτῷ
2699 1786 2881 1856 ᾑρέθη.
2908 1788 3362 1859 Μοναρχήσαντος
3408 1781 3467 1836 δι
3520 1784 3898 1836 Ἰουστινιανοῦ

522 1875 646 1931 rius
671 1876 728 1930 in
753 1875 961 1931 Persas
990 1891 1229 1930 movere
1254 1876 1462 1946 jussus
1488 1879 1595 1930 est.
1631 1874 1899 1929 Cabades
1926 1874 2180 1929 Perozen

525 1977 739 2034 genere
782 1964 1045 2030 Persam,
1077 1962 1367 2033 dignitate
1399 1977 1728 2027 meranem,
1761 1960 2039 2016 exercitui
2070 1976 2182 2017 suo

523 2050 796 2124 praefecit.
820 2052 966 2107 Cum
989 2056 1188 2107 autem
1216 2056 1467 2123 uterque
1483 2051 1807 2107 exercitum
1830 2051 1985 2106 circa
2001 2050 2182 2106 Daras

524 2140 788 2205 haberet,
836 2139 1112 2196 Belisario
1175 2144 1412 2199 Perozes
1475 2140 1862 2206 denuntiavit,
1905 2145 2182 2212 paratum

526 2229 635 2285 sibi
658 2230 715 2284 in
737 2230 881 2285 urbe
908 2229 1191 2285 balneum
1222 2229 1495 2284 haberet:
1526 2229 1727 2284 lavare
1758 2230 1917 2286 enim
1944 2236 2183 2301 postero

526 2318 621 2374 die
641 2317 805 2373 velle.
840 2318 1243 2383 Quamobrem
1277 2318 1525 2373 Romani
1552 2317 1629 2373 ad
1657 2334 1923 2388 pugnam
1960 2316 2185 2372 fortiter

528 2424 589 2463 se
632 2414 1079 2478 compararunt.
1114 2411 1175 2461 In
1215 2408 1339 2463 acie
1384 2406 1521 2461 dein
1568 2407 1874 2477 utriusque
1924 2406 2183 2461 exercitu

526 2495 865 2558 constituto.
901 2496 1165 2551 Andreas
1212 2495 1456 2567 quidem
1503 2495 1832 2567 Byzantius.
1862 2495 2186 2567 gymnasti-

526 2586 610 2643 cis
649 2587 761 2656 (7t)
803 2584 1326 2640 exercitationibus
1370 2593 1548 2656 atque
1589 2583 1881 2656 palaestras
1926 2583 2185 2655 Byzantii

527 2675 832 2749 praafectus
881 2675 1007 2747 (qui
1068 2678 1124 2730 et
1164 2675 1354 2739 Buzaa,
1415 2674 1667 2729 militum
1722 2690 1859 2729 cum
1911 2673 2187 2729 Belisario

525 2764 790 2830 tribuno,
821 2764 1186 2819 domesticus
1215 2763 1494 2827 haerebat,
1532 2765 1697 2818 Buzas
1728 2779 1947 2834 corpus
1974 2763 2033 2817 in
2067 2762 2187 2818 bal-

527 2869 641 2910 neo
683 2869 892 2909 curare
933 2852 1179 2919 solitus),
1233 2868 1371 2906 cum
1417 2851 1494 2907 ad
1545 2851 1842 2921 singulare
1886 2858 2186 2907 certamen

526 2946 917 3016 provocatum
932 2940 1765 3010 esset,ignotusomnibus,bis
1778 2941 2187 3013 depugnando

527 3033 714 3088 victor
730 3032 999 3093 decessit,
1023 3038 1408 3102 captumque
1433 3030 1701 3101 prmlium
1722 3030 2021 3085 ﬁnierunt.
2045 3030 2189 3087 Post

529 3120 742 3176 iterum
775 3120 1100 3175 commisso
1132 3120 1281 3174 inter
1321 3135 1422 3174 eos
1454 3119 1680 3190 praelia,
1731 3119 1979 3175 Romani
2011 3119 2187 3189 longe

534 3209 871 3281 superiores
892 3214 1228 3273 evaserunt,
1248 3224 1385 3262 cum
1410 3208 1633 3277 ingenti
1654 3208 1966 3263 Persarum
1995 3206 2184 3263 clade.

531 3301 660 3365 Quo
692 3298 909 3353 factum
934 3302 1041 3365 est,
1069 3303 1132 3351 ut
1157 3313 1287 3351 cum
1317 3296 1597 3352 Romanis
1622 3296 2018 3367 exindejusto
2046 3312 2188 3368 prae-

527 3390 603 3445 lio
633 3389 916 3443 dimicare
947 3386 1346 3451 detrectarint,
1370 3386 1739 3441 incursiones
1766 3391 1967 3441 tamen
2010 3386 2189 3441 utrin-

530 3494 647 3550 que
675 3477 863 3532 factae.

2292 1873 2597 1943 Βελισάριος
2627 1882 2719 1933 τῆς
2745 1872 2849 1925 Ἕω
2896 1877 3191 1948 στρατηγὸς
3243 1876 3510 1933 καταστὰς
3556 1871 3639 1925 έπὶ
3685 1876 3901 1946 Πέρσας

2294 1965 2590 2037 στρατεύειν
2659 1962 2917 2017 ὶτέτακτο.
2979 1958 3231 2023 Καϐάδης
3294 1959 3352 2014 δε
3423 1962 3653 2036 Περόζην
3719 1958 3901 2035 ἄνδρα

2293 2056 2518 2123 Πέρσην,
2577 2051 2829 2127 μιρράνην
2882 2054 2922 2088 ³⁷
2985 2048 3043 2105 δὲ
3099 2055 3156 2104 τὸ
3240 2051 3464 2124 ἀξίωμα,
3536 2059 3626 2104 τοῦ
3699 2051 3898 2103 οἰκείου

2295 2149 2520 2215 στρατοῦ
2573 2144 2802 2213 ἡγεμόνα
2850 2147 3229 2200 κατεστήσατο·
3277 2146 3367 2193 καὶ
3414 2142 3569 2213 ἄμφω
3614 2143 3681 2193 τὰ
3730 2160 3903 2215 στρα-

2293 2232 2524 2301 τεύματὰ
2581 2235 2699 2301 περὶ
2752 2236 2914 2302 Δαρᾶς
2964 2225 3527 2303 ἐστρατοπεδεύσαντο.
3581 2233 3680 2282 Καὶ
3739 2234 3904 2302 Περο-

2296 2319 2387 2379 ζης
2451 2317 2731 2389 Βελισαρίῳ
2781 2315 2970 2377 ἐδήλου
3024 2318 3071 2369 ἐν
3120 2326 3425 2390 παρασκευῇ
3496 2321 3555 2370 τὸ
3626 2316 3675 2370 ἐν
3746 2317 3899 2370 πόλει

2296 2405 2567 2479 βαλανεῖον
2644 2409 2803 2478 ἔχειν’
2863 2405 3148 2479 βούλεσθαι
3214 2409 3316 2481 γὰρ
3370 2407 3526 2459 αὐτὸν
3601 2406 3905 2458 λούσασθαι

2294 2504 2353 2568 τῇ
2417 2497 2671 2570 ὑστεραίᾳ
2706 2497 2747 2530 ⁸⁸
2830 2500 2917 2549 Διὸ
2963 2492 3030 2554 δὴ
3098 2495 3342 2567 Ῥωμαῖοι
3398 2499 3461 2547 τὰ
3508 2494 3559 2557 ὶς
3613 2501 3705 2554 τὴν
3765 2514 3906 2567 συμ-

2297 2585 2452 2643 ϐολήν
2494 2587 2539 2621 ⁸9
2597 2594 2857 2657 κρατερῶς
2913 2584 3237 2659 ἐξηρτύοντο.
3302 2586 3642 2659 Παρατάξεως
3699 2582 3758 2637 δι
3816 2605 3903 2656 γε·

2295 2680 2510 2746 νομένης
2590 2675 2827 2746 ἐκατέρου
2889 2678 3298 2749 στρατεύματος,
3354 2671 3605 2747 Ἀνδρέας
3654 2693 3729 2735 τις
3798 2681 3906 2726 Βυ-

2299 2764 2505 2825 ζάντιος
2563 2760 2914 2835 παιδοτρίϐης
2968 2769 3057 2815 καὶ
3122 2763 3445 2837 παλαίστρας
3516 2762 3564 2813 έν
3632 2764 3906 2831 Βυζαντίῳ

2297 2857 2652 2925 προεστηκὼς,
2687 2854 2736 2912 ὃς
2787 2849 2853 2911 δὴ
2905 2857 2995 2904 καὶ
3048 2850 3095 2903 ἓν
3144 2861 3254 2915 τοῖς
3299 2860 3389 2905 τοῦ
3438 2852 3633 2913 Βούζου
3674 2859 3764 2903 τοῦ
3810 2870 3906 2902 συ-

2301 2949 2711 3014 στρατηγούντος
2755 2941 3035 3014 Βελισαρίῳ
3080 2942 3285 3003 οἰκείοις
3324 2941 3629 3013 ἐτύγχανεν,
3662 2940 3748 2993 ἅτε
3808 2947 3907 2993 τοῦ

2300 3031 2496 3091 Βούζου
2558 3036 2795 3102 σώματος
2842 3030 2889 3083 ἐν
2958 3029 3215 3102 βαλανείῳ
3274 3030 3683 3103 ἐπιμελούμενος,
3744 3030 3908 3091 οὗτος

2298 3119 2628 3191 προκλήσεως
2672 3122 2721 3182 ές
2769 3124 3099 3192 μονομαχίαν
3142 3125 3480 3191 γεγενημένης
3531 3118 3694 3171 λαθὼν
3737 3119 3909 3170 ἅπαν⁶

2298 3228 2409 3273 τας,
2459 3206 2694 3284 δεύτερον
2744 3216 3149 3282 μονομαχήσας,
3180 3208 3407 3273 ἐνίκησε,
3466 3214 3555 3261 καὶ
3612 3208 3906 3281 ἀρξαμένου

2298 3304 2389 3350 τοῦ
2437 3298 2665 3370 πολέμου
2712 3296 3044 3356 διελύθησαν.
3077 3298 3320 3373 Ὕστερον
3354 3295 3412 3351 δὲ
3466 3298 3617 3350 πάλιν
3668 3301 3911 3349 συστάν-

2298 3406 2389 3448 τος
2440 3387 2612 3448 αύτοῐς
2677 3389 2899 3460 πολέμου
2978 3388 3148 3457 πολλῷ
3205 3391 3578 3461 καθυπέρτεροι
3652 3386 3911 3458 Ῥωμαῖοι

2294 3475 2517 3547 έγένοντο
2570 3483 2659 3529 καὶ
2712 3484 2919 3551 Περσῶν
2976 3477 3131 3537 πολύς
3157 3478 3201 3511 ³ο
3226 3476 3378 3552 ὶῤῥύη
3435 3482 3598 3549 φόνος,
3650 3479 3739 3527 καὶ
3802 3474 3907 3527 ἀπ’

532 3566 692 3619 αὐτοῦ
746 3566 920 3618 ούκέτι
979 3563 1158 3623 ἤθελον
1207 3562 1262 3615 ἐκ
1314 3569 1404 3615 τοῦ
1464 3562 1630 3625 εύθέος
1676 3564 1861 3636 μάχην
1912 3560 2187 3635 διενεγκεῖν
2238 3563 2282 3625 ές
2337 3562 2618 3637 Ῥωμαίους
2664 3569 2730 3633 ³¹,
2790 3563 2968 3637 ἔφοδοι
3022 3563 3079 3618 δὲ
3146 3565 3199 3628 ἐξ
3244 3563 3538 3638 ἐπιδρομῆς
3593 3564 3911 3640 ἀμφοτέροις

531 3653 768 3727 ἐγίνοντο.

604 3743 868 3800 Cabades
899 3741 1149 3798 alterum
1183 3742 1243 3797 in
1286 3741 1627 3797 Armeniam
1671 3741 1953 3797 Romanis
1985 3742 2187 3797 subdi-

532 3838 651 3889 tam
690 3833 1009 3888 exercitum
1063 3832 1236 3896 misit,
1274 3830 1376 3901 qui
1408 3846 1477 3884 ex
1509 3830 1929 3896 Persarmenis,
1960 3836 2014 3886 et
2046 3832 2187 3888 Sau-

531 3922 666 3978 nitis
715 3922 816 3993 [αι.
854 3920 1147 3994 Sauritis],
1181 3924 1237 3975 et
1282 3918 1518 3974 Saberis
1547 3918 1663 3987 (79.)
1706 3918 2034 3975 constabat.
2088 3919 2185 3975 His

532 4012 884 4067 Mermeroes
940 4008 1122 4080 copiis
1153 4008 1485 4080 praefectus.
1542 4008 1872 4064 Dorotheus
1915 4025 2054 4063 vero
2084 4010 2188 4063 Ar-

533 4101 746 4156 menia
768 4099 910 4166 dux,
936 4105 991 4153 et
1023 4100 1220 4163 Sittas,
1246 4098 1346 4170 qui
1375 4103 1431 4151 et
1455 4098 1555 4153 toti
1579 4097 1710 4153 huic
1734 4097 2003 4153 Romano
2027 4113 2189 4153 exer-

534 4188 674 4245 citui
724 4187 973 4259 praefuit,
1017 4202 1202 4242 manu
1265 4202 1404 4241 cum
1466 4186 1635 4242 hoste
1681 4192 1971 4250 conserta,
2020 4186 2187 4258 pauci

534 4278 792 4348 majores
815 4276 985 4343 longe
1010 4276 1214 4345 c0pias
1239 4282 1636 4345 superarunt:
1673 4277 1831 4331 unde
1858 4284 1913 4331 et
1937 4276 2187 4333 domum

535 4367 728 4420 Persea
767 4363 1060 4431 fugerunt.
1103 4363 1221 4417 Hac
1264 4364 1585 4418 occasione
1616 4364 1867 4419 Romani
1906 4380 2044 4420 cum
2073 4366 2191 4422 alia

534 4450 775 4509 Persicas
823 4450 1077 4519 regionis
1133 4456 1505 4522 occuparunt
1546 4451 1700 4516 loca,
1750 4458 1877 4508 tum
1928 4455 2190 4510 Pharan-

537 4542 725 4615 gium.
758 4540 923 4614 quod
957 4544 1191 4605 vocant,
1220 4545 1526 4612 ceperunt,
1557 4539 1716 4596 unde
1741 4556 1954 4598 aurum
1998 4544 2190 4599 Persea

539 4629 911 4697 effodientes,
949 4629 1071 4698 regi
1120 4628 1408 4700 pendunt.
1442 4628 1582 4684 Zani
1624 4643 1785 4697 vero,
1814 4630 1996 4686 Sauni
2045 4633 2193 4688 anti-

537 4719 735 4795 quitus
790 4718 1092 4792 appellati,
1138 4718 1321 4783 liberi,
1369 4723 1426 4774 et
1491 4718 1792 4775 latronum
1841 4718 1957 4775 ritu
2000 4719 2195 4777 vicina

534 4808 893 4883 populantes
937 4807 1087 4874 loca,
1123 4809 1268 4866 Sitta
1298 4808 1450 4864 duce
1480 4808 1638 4873 victi,
1670 4808 1730 4863 in
1764 4808 1866 4879 jus
1898 4818 2190 4877 nostrum,

538 4897 945 4970 ditionemque
975 4896 1388 4959 concedentes.
1431 4896 1746 4954 Christiani
1773 4897 1912 4955 facti
1956 4906 2115 4968 sunt,
2143 4906 2199 4959 et

2364 3742 2484 3796 Ὀτι
2544 3741 2795 3806 Καϐάδης
2850 3743 2970 3796 ἄλλο
3030 3745 3331 3817 στράτευμα
3387 3742 3437 3805 ές
3485 3744 3761 3815 Ἀρμενίαν
3813 3747 3912 3800 τήν

2298 3838 2551 3903 Ρωμαίοις
2595 3838 2849 3891 κατήκοον
2904 3832 3147 3903 ἔπεμψεν,
3182 3834 3207 3885 ὅ
3256 3829 3323 3889 δὴ
3399 3834 3693 3905 στράτευμα
3735 3837 3912 3905 Περσ-

2297 3927 2547 3995 αρμενίων
2597 3928 2686 3975 καὶ
2740 3930 2994 3975 Σαυνιτῶν
3049 3926 3139 3973 καὶ
3196 3919 3424 3993 Σαϐίρων
3479 3923 3523 3956 ³³
3573 3917 3652 3978 ἦν·
3730 3924 3911 3991 τούτῳ

2298 4019 2368 4080 τῷ
2417 4022 2623 4084 στρατῷ
2680 4017 2979 4085 Μερμερόης
3034 4012 3230 4082 ἠγεῖτο.
3284 4012 3543 4085 Δωρόθεος
3591 4007 3650 4062 δε
3702 4011 3725 4060 ὁ
3778 4010 3915 4082 Ἀρ·-

2297 4105 2467 4173 μενίας
2509 4104 2820 4174 στρατηγὸς,
2871 4106 2961 4153 και
3028 4104 3229 4161 Σίττας,
3286 4100 3339 4160 ὃς
3392 4102 3582 4160 παντὸς
3634 4096 3917 4170 ἐφεστήκει

2298 4187 2452 4243 τοῦδε
2530 4197 2621 4242 τοῦ
2697 4190 2987 4261 Ῥωμαϊκοῦ
3076 4192 3483 4261 στρατεύματος,
3554 4186 3917 4260 συμϐαλόντες

2298 4288 2401 4340 τοῖς
2475 4279 2739 4351 πολεμίοις
2812 4279 2975 4350 ὀλίγοι
3054 4278 3179 4330 πολὺ
3256 4282 3499 4330 πλειόνων
3579 4276 3904 4350 ἐκράτησαν*

2300 4368 2351 4431 ἐξ
2380 4368 2439 4421 οὗ
2472 4366 2539 4426 δὴ
2586 4373 2674 4420 καὶ
2701 4368 2777 4419 ἐπ’
2810 4370 2952 4420 οἴκου
2985 4369 3032 4419 οἱ
3064 4368 3110 4401 ³³
3144 4362 3274 4438 τῇδε
3304 4370 3504 4440 Πέρσαι
3534 4364 3912 4437 ἀνεχώρησαν,

2298 4447 2436 4510 ’Τότε
2486 4463 2575 4510 καὶ
2622 4457 2751 4510 ἄλλα
2802 4461 2891 4529 μεν
2960 4458 3192 4529 Περσικά
3242 4461 3420 4529 χωρία
3473 4454 3717 4527 Ῥωμαιοί
3777 4475 3921 4507 κατ-

2301 4551 2483 4618 ἐσχον,
2515 4552 2775 4619 κατέσχον
2829 4543 2887 4599 δὲ
2938 4551 3028 4597 καὶ
3078 4548 3134 4596 τό
3205 4546 3501 4617 Φαράγγιον
3569 4546 3918 4616 καλούμενον,

2302 4635 2413 4687 ὅθεν
2446 4632 2512 4693 δή
2562 4640 2651 4687 καὶ
2698 4638 2783 4687 τὸν
2838 4638 3042 4708 χρυσὸν
3102 4637 3300 4707 Πέρσαι
3338 4633 3645 4706 ὀρύσσοντες
3700 4630 3927 4705 βασιλεῖ

2305 4728 2537 4798 φέρουσι.
2570 4729 2667 4777 Καὶ
2707 4724 2898 4784 Τζάνοι
2929 4722 3008 4789 δε,
3042 4724 3090 4775 οἱ
3119 4722 3281 4774 πάλαι
3327 4726 3477 4774 Σάνοι
3504 4724 3549 4757 ³⁴
3580 4720 3921 4794 καλούμενοι,

2307 4813 2583 4885 αὐτόνομοι
2635 4818 2771 4875 ὄντες
2836 4817 2925 4864 καὶ
2976 4812 3385 4886 λῃστρικώτερον
3435 4815 3555 4872 τοὺς
3602 4810 3925 4883 πλησιοχώ-

2308 4922 2427 4975 ρους
2500 4905 2545 4939 ³⁶
2603 4906 3032 4976 κατατρέχοντες,
3093 4903 3192 4954 ὑπὸ
3255 4906 3411 4954 Σίττα
3465 4919 3923 4974 καταστρατηγη-

1884 5023 2123 5083 VARl/E
2162 5027 2453 5086 LECTION
2462 5030 2563 5086 ES.

611 5148 660 5184 ³³
686 5148 766 5201 ὅτι
787 5148 854 5200 τὰ
873 5145 1068 5219 μεταξύ
1100 5149 1163 5203 Α.

1348 5150 1680 5222 Γουργογένει
1711 5170 1765 5214 ς.

542 5218 659 5293 fre:
764 5220 810 5257 ³⁷
842 5218 1080 5293 μυρσίνην
1112 5240 1165 5293 ς-

1878 5153 1926 5187 ²⁴
1957 5152 2114 5225 ipse»
2140 5156 2209 5227 Α,
2239 5154 2444 5210 malim
2477 5156 2638 5227 ἤρθη.

1279 5220 1327 5298 ει
1354 5220 1492 5298 pogt
1521 5221 1772 5298 ὑστεραίᾳ
1798 5237 1935 5279 cum
1966 5220 2011 5278 Ᾱ
2041 5226 2216 5298 omisi
2247 5229 2361 5298 ἔφη.

2752 5155 2798 5188 εδ
2828 5152 2972 5225 Σίλας
3001 5174 3053 5217 ς,
3151 5152 3197 5187 ³⁸
3224 5151 3388 5224 Δοίρας
3414 5152 3607 5225 A,qui
3631 5154 3717 5208 sic
3748 5158 3806 5211 et
3829 5156 3930 5212 in-

2477 5221 2525 5262 “
2558 5225 2685 5280 libri
2723 5224 3040 5295 συμϐουλήν·
3078 5221 3384 5295 ἔξηρτοῡντο
3416 5245 3470 5287 ς.
3514 5221 3535 5225 “
3571 5224 3615 5259 ⁸⁸
3643 5225 3808 5288 πολύς
3836 5232 3923 5290 Α;

547 5289 769 5370 πολλοὺς
790 5289 852 5370 ς,
920 5289 929 5293 ’
958 5291 1004 5328 ⁸¹
1037 5289 1395 5370 ἒςέΡωμα-ίους
1437 5293 1483 5347 Α
1513 5309 1525 5350 :
1559 5289 1843 5370 Ῥέμαίους
1865 5316 1928 5370 Δεξ.
2040 5298 2087 5333 ³²
2120 5289 2362 5370 Σαϐήρων
2393 5319 2446 5362 ς.
2561 5300 2607 5331 ³³
2642 5299 2689 5348 οἱ
2722 5289 2864 5351 add.
2897 5298 2963 5350 Α.
3079 5296 3125 5330 ³³
3160 5289 3308 5347 Σάνοι
3338 5298 3382 5349 Α
3419 5311 3432 5351 :
3463 5302 3645 5348 Σαῦνοι
3676 5319 3732 5360 ς.
3769 5289 3931 5355 alibi

553 5362 773 5434 legitur
794 5361 1055 5436 Ἰσαυροι.
1083 5361 1495 5421 Casaubonus.
1609 5361 1663 5401 ³⁸
1688 5372 1796 5427 τοῖς
1824 5366 2221 5445 πλησιοχώροις

2111 5492 2344 5552 NOTAE.

2319 5626 2589 5682 Trinum.

613 5620 728 5766 $70)
753 5620 1051 5750 Gurgenes
1081 5626 1169 5677 est
1199 5623 1258 5677 in
1291 5623 1573 5704 Procopio
1626 5623 2017 5681 Volaterrani.

640 5692 731 5764 71)
764 5698 868 5748 nou
910 5691 1142 5766 οτρίϐης,
1175 5700 1460 5764 magister
1481 5696 1786 5766 exercitor,
1822 5696 1987 5766 apud
2014 5700 2017 5753 Ξ

640 5692 731 5764 71)
764 5691 1142 5771 Παιδοτρίϐης,
1175 5692 1460 5764 magister
1479 5691 1786 5766 exercitor,
1822 5696 1987 5770 apud
2014 5696 2201 5759 Plaut.

2388 5697 2502 5772 (72)
2533 5698 2613 5756 Ita
2644 5711 2884 5773 quoque
2917 5693 3115 5767 Hunni
3144 5693 3338 5767 vocati
3361 5698 3545 5767 sunt."
