4046 6228
201 283 280 339 129

199 411 320 467 θέντες
338 405 400 466 εἰς
416 407 468 456 τὸ
493 407 734 476 ἡμέτερόν
753 423 805 457 τε
824 401 1228 476 μεταϐληθέντες
1255 408 1563 477 Χριστιανοὶ
1586 407 1733 475 γεγό-
1762 403 1810 459 Α

197 516 284 549 me
303 499 376 547 καὶ
399 498 637 552 κατήκοοι
665 493 964 566 Ῥωμαίοις,
992 494 1061 554 ὡς
1086 497 1177 545 καὶ
1207 491 1252 552 ἐς
1287 491 1474 564 λόγους
1505 501 1733 566 στρατοῦ

191 588 424 656 Ῥωμαϊκοῦ
448 585 892 637 κατατάττεσθαι.

246 672 339 726 Ὀτι
398 669 636 734 Καϐάδης
712 674 868 745 ἄμφω
941 679 1039 723 τῶν
1118 674 1519 744 στρατευμάτων
1573 672 1732 724 αὐτοῦ

194 766 458 822 ἡττηθέντων
502 760 550 813 έν
609 761 810 836 ἀπορίᾳ
865 757 947 826 ἦν,
1003 757 1420 832 Ἀλαμούνόαρος
1464 757 1522 812 δε
1570 763 1596 812 ὸ
1635 770 1734 812 τῶν

194 855 300 927 παρὰ
342 856 550 923 Πέρσαις
599 859 914 926 Σαρακηνῶν
965 847 1229 922 βασιλεὺς,
1289 849 1416 922 ἀνὴρ
1456 850 1524 900 ὢν
1573 847 1736 910 δεινὸς

192 945 238 992 τὰ
258 940 451 1012 πολέμια
477 945 568 992 καὶ
597 936 943 1013 δραστήριος,
972 937 1028 999 ὃς
1059 940 1108 972 ³⁸
1146 939 1196 999 ές
1225 943 1347 1010 γόνυ
1378 940 1445 990 τὰ
1472 937 1734 1010 Ῥωμαίων

191 1029 312 1080 ἔκλινε
353 1029 635 1100 πράγματα
692 1029 836 1080 ἔτεσι
891 1031 1220 1095 πεντήκοντα,
1300 1025 1445 1087 οὗτος
1523 1027 1734 1079 ὑπέθετο

191 1113 361 1189 Καϐάδη
413 1115 458 1176 ἐς
501 1115 832 1188 Ἀντιόχειαν
903 1120 1017 1169 τότε
1081 1114 1372 1187 ἀφύλακτον
1429 1112 1590 1167 οὖσαν
1645 1121 1735 1168 καὶ

267 1209 403 1277 ταύτῃ
461 1205 502 1239 ³⁷
559 1211 738 1278 χωρία
795 1204 1051 1259 ἐσϐαλεῖν.
1109 1208 1268 1266 Γνοὺς
1321 1201 1379 1256 δὲ
1435 1207 1733 1276 Βελισάριος

183 1297 286 1346 κατά
343 1297 500 1365 τάχος
568 1294 877 1359 ὑπηντίαζε,
959 1296 1259 1368 στράτευμα
1319 1294 1569 1366 Ἰσαύρων
1643 1298 1732 1346 καὶ

184 1384 353 1456 Ἁρέθαν
381 1387 463 1434 τόν
492 1383 542 1418 ³⁸
593 1391 694 1434 τῶν
737 1386 880 1457 παρὰ
921 1382 1190 1455 Ῥωμαίοις
1236 1391 1542 1458 Σαρακηνῶν
1571 1381 1736 1455 βασι-

181 1471 247 1524 ὶέα
291 1471 387 1543 ἅμα
429 1479 516 1524 τοῦ
567 1472 758 1524 οἰκείου
813 1477 1224 1544 συνεπαγόμενος
1278 1471 1404 1524 λαοῦ
1456 1475 1525 1526 ³⁸.
1586 1471 1734 1524 Ἀλα-

179 1558 420 1632 μούνδαρος
467 1558 526 1613 δε
599 1566 693 1613 καὶ
738 1561 1030 1635 Ἀξαρέθης
1083 1558 1393 1636 ὀρρωδήσας
1451 1561 1527 1612 ἐπ’
1587 1564 1731 1613 οἰκου

181 1650 399 1722 ἀπεχώρει
431 1664 447 1682 θ
477 1657 568 1702 καὶ
607 1651 908 1723 Βελισιὶριος
955 1651 1142 1718 εἵπετο,
1191 1654 1305 1702 οὔτι
1360 1653 1407 1685 ⁸ο
1457 1650 1503 1710 ές
1550 1658 1734 1725 χεῖρας

178 1739 302 1791 fieri:
346 1743 767 1814 προαιρούμενος,
805 1745 900 1798 τὴν
945 1735 1124 1802 δίωξιν
1155 1737 1213 1792 δὲ
1248 1742 1728 1812 σχηματιζόμενος.
1764 1768 1806 1822 Β

178 1829 299 1879 Ἀλλὰ
344 1847 396 1881 το
434 1848 492 1899 γι
539 1829 744 1891 πλῆθος
788 1826 1098 1901 έλοιόορεῑτο
1146 1833 1310 1900 αὐτῷ,
1344 1832 1430 1901 [35
1464 1829 1552 1903 ιι]
1595 1840 1735 1904 πρῶο

177 1937 240 1968 τον
281 1922 360 1988 μὲν
413 1919 506 1970 οὐκ
560 1919 634 1981 εἰς
691 1923 750 1970 τὸ
805 1918 1018 1990 ἐμφανές
1063 1937 1076 1950 ·
1129 1917 1236 1971 ἐπεὶ
1294 1916 1354 1970 δὲ
1404 1918 1633 1991 ἐμφανῶς
1686 1921 1730 1954 δι

176 2006 390 2071 ἐκάκιζον,
441 2010 580 2058 ἄκων
643 2015 922 2081 συγκροτεῖ
969 2012 1054 2060 τὸν
1094 2008 1333 2080 πολεμον.
1393 2014 1492 2061 Καὶ
1542 2012 1606 2060 τὰ
1643 2012 1732 2079 μεν

177 2105 321 2166 πρῶτα
362 2115 656 2148 πιπτοντων
732 2096 1038 2168 ἑκατέρωθεν
1092 2095 1412 2168 ἀγχώμαλος
1485 2099 1514 2155 ἡ
1575 2100 1730 2168 μάχη

175 2181 347 2252 ilium,
380 2188 555 2237 ἔπειτα
617 2181 678 2237 δε
721 2189 999 2259 τραπέντος
1048 2194 1138 2237 τοῦ
1188 2192 1304 2259 περὶ
1346 2185 1559 2260 Ἀρέθαν
1607 2186 1732 2238 λαου

175 2279 241 2324 uti
282 2281 368 2324 τῶν
410 2273 668 2349 Ἱσαύρων
726 2277 864 2325 κατὰ
915 2276 1106 2347 κράτος
1153 2277 1330 2326 ἐνίκων
1384 2281 1583 2348 Πέρσαι
1636 2277 1682 2310 ⁸³
1716 2294 1732 2308 ο

175 2367 241 2412 ui
286 2363 322 2412 εἰ
365 2367 434 2433 μή
487 2362 592 2415 ἀπὸ
645 2371 736 2415 τοῦ
782 2364 942 2415 ἵππου
989 2362 1217 2424 καταϐὰς
1268 2363 1568 2439 Βελισοὶριος
1625 2371 1735 2425 τοῖς

173 2450 610 2524 καταλελειμμένοις
667 2455 999 2504 συνετάττετο
1056 2458 1146 2504 καὶ
1203 2453 1446 2524 ἠμύνετο,
1511 2453 1734 2514 ἅπαντες

177 2537 220 2586 ἄν
270 2536 641 2613 διεγθαρησαν.
710 2541 1001 2615 Ἀζαρέθης
1067 2544 1114 2576 ⁸³
1181 2547 1354 2612 μέντοι
1429 2543 1454 2593 ὀ
1523 2548 1733 2614 Περσῶν

175 2634 421 2700 στρατηγός
473 2629 821 2701 ὑποστρέψας
877 2634 1003 2704 πρὸς
1056 2630 1103 2666 4⁸
1165 2628 1414 2689 Καϐάδην
1472 2631 1566 2682 οὐκ
1637 2630 1736 2684 ἁπ-

172 2723 298 2768 aturo
335 2729 421 2779 τῆς
453 2721 542 2791 [73
594 2718 686 2792 3.]
714 2725 865 2781 νίκης
899 2738 913 2753 ο
959 2719 1173 2780 πολλοὺς
1214 2723 1315 2794 γὰρ
1349 2717 1410 2778 ἦν
1457 2727 1546 2772 καὶ¹
1576 2721 1733 2782 αὐτὸς

175 2803 399 2857 ἀποϐαλὼν
453 2807 502 2859 ἐν
557 2816 621 2880 τῇ
678 2811 857 2880 μάχη,
918 2808 962 2860 εἰ
1011 2813 1097 2860 καὶ
1175 2810 1304 2861 πολὺ
1376 2810 1579 2872 πλείους
1634 2818 1732 2862 τῶν

173 2893 415 2950 ἀπιστῶ-ων
471 2895 839 2972 διεφθάρησαν
887 2915 900 2928 ⁸

176 3001 247 3038 Αει.

961 2895 1046 2950 διὸ
1101 2897 1149 2950 ἐν
1202 2906 1308 2962 τοῖς
1367 2898 1572 2972 ἀτίμοις
1626 2900 1732 2953 ἐτέ-

225 3072 325 3128 ὀτι
361 3075 664 3150 Βιλισάριον
708 3078 735 3128 ὁ
779 3075 1024 3148 βασιλεὺς
1068 3076 1118 3138 ές
1164 3078 1212 3113 ⁴⁸
1261 3081 1538 3141 Βυζάντιον
1581 3099 1735 3152 μετα-

174 3164 491 3239 καλεσάμενος,
545 3165 625 3238 ἐφ’
691 3166 732 3236 ᾧ
781 3164 865 3218 ἐπὶ
922 3163 1219 3229 Βανδάλους
1276 3169 1323 3202 ⁸⁸
1383 3171 1732 3243 στρατεύσειε,

172 3257 314 3305 lit-ras
341 3256 634 3328 φυλάξοντα
677 3256 720 3290 ⁴⁷
763 3259 857 3313 τὴν
897 3254 1057 3327 Ἐῴαν
1086 3255 1380 3309 ἀπέστειλεν
1415 3275 1426 3287 °
1470 3257 1518 3310 ἐν
1645 3265 1736 3312 καὶ

173 3345 333 3413 Πέρσαι
394 3349 531 3397 κατὰ
606 3344 870 3417 Ῥωμαίων
939 3343 1277 3410 ἐσϐάλλουσι,
1337 3351 1426 3398 καὶ¹
1485 3345 1733 3400 Καϐάδου

170 3430 526 3496 τελευτήσαντος
575 3436 604 3486 ὁ
650 3441 778 3496 παῖς
827 3439 1072 3509 Χοσροης
1115 3440 1209 3493 τήν
1258 3434 1532 3507 βασιλείαν
1586 3433 1730 3489 ἐκδέ-

169 3538 309 3588 χεται.
346 3522 609 3596 Ῥουγίνος
658 3519 718 3576 δὲ
755 3529 844 3575 καὶ
893 3521 1231 3596 Ἀλέξανδρος
1272 3531 1362 3577 καὶ
1405 3530 1590 3597 Θωμᾶς
1639 3530 1732 3578 σὺν

168 3603 412 3682 'E‘o‘aryt'ut
490 3617 641 3689 παρὰ
718 3617 958 3685 Χοσρόην
1033 3618 1407 3688 παραγίνονται
1473 3614 1558 3667 ἐπὶ
1613 3634 1734 3688 πρε-

172 3697 312 3751 σςιέαν
341 3719 354 3731 ·
384 3702 458 3763 οἷς
499 3708 598 3760 τήν
642 3702 850 3775 εἰρήνην
894 3702 1176 3777 ἀπέραντον
1207 3706 1366 3776 ἔφησε
1396 3707 1578 3757 θέσθαι
1605 3701 1735 3756 δέκα

170 3793 239 3838 καὶ
284 3789 446 3842 ἑκατόν
504 3797 882 3865 κεντηναρέοις.
941 3792 1098 3844 Ἀλλὰ
1139 3800 1254 3846 τότε
1324 3797 1414 3865 μεν
1476 3796 1734 3868 ἄπρακτοι

175 3871 468 3946 διιλύθησαν,

1771 3119 1812 3176 C

562 3880 784 3953 ὕστερον
859 3877 918 3934 δὲ
995 3887 1090 3939 τὴν
1170 3882 1448 3955 ἀπέραντον
1527 3883 1732 3956 εἰρήνην

173 3962 454 4038 initiante,
485 3972 636 4023 ἕκτον
687 3968 797 4029 ἤδη
833 3974 946 4033 ἔτος
990 3976 1082 4030 τὴν
1114 3970 1390 4045 βασιλείαν
1421 3973 1736 4026 Ἰουστινια-

172 4061 239 4105 τοῦ
278 4060 491 4129 ἔχοντος.
544 4065 650 4113 Kai
701 4059 944 4131 Ῥωμαῖοι
1129 4064 1191 4113 τά
1243 4080 1298 4115 τε
1340 4067 1597 4136 χρήματα
1644 4067 1735 4115 καὶ

173 4146 215 4193 τὸ
251 4150 522 4220 Mair/tow
596 4154 688 4201 καὶ
759 4149 923 4202 Βώλον
984 4151 1032 4185 ⁴⁸
1087 4153 1145 4202 τὸ
1205 4153 1449 4224 φρούριον
1509 4155 1733 4226 Πέρσαις

171 4232 446 4308 παρέδοσαν,
503 4243 706 4314 Πέρσαι
761 4234 820 4291 δε
893 4238 1167 4312 Ῥωμαίοις
1239 4242 1304 4292 τά
1367 4259 1422 4292 τε
1494 4244 1735 4305 Λαζικῆς

172 4321 364 4392 ignaui
390 4329 617 4402 Δάγαριν
649 4330 723 4399 ’³,
766 4325 940 4404 ἄνδρα
988 4328 1183 4400 ἀγαθὸν
1233 4330 1301 4381 τὰ
1348 4328 1591 4403 πολέμια,
1625 4329 1733 4382 ἀντ’

173 4410 296 4464 αὐτοῦ
336 4418 498 4491 ἕτερον
545 4420 914 4490 κεκομισμένοι
957 4419 1006 4453 ⁸ο
1052 4418 1148 4470 οὐκ
1193 4417 1358 4491 ἀφανῆ
1401 4416 1590 4494 ἄνδρα.
1627 4419 1732 4472 Εὐ-

177 4500 246 4562 θὺς
302 4512 464 4575 μέντοι
531 4507 756 4581 ἐκατέρῳ
821 4505 1036 4579 βασιλεῖ
1092 4505 1368 4567 ἐπιϐουλὴν
1431 4508 1726 4581 ξυνηνέχθη

175 4594 367 4656 Μσθαι
417 4603 543 4670 πρὸς
599 4605 700 4648 τῶν
756 4597 1020 4655 ὑπηκόων.
1071 4603 1171 4651 Καὶ
1219 4605 1460 4671 Χοσρόην
1512 4603 1602 4672 μὲν
1642 4599 1732 4654 ἅτε

177 4679 401 4751 θορυϐωδη
429 4693 518 4738 καὶ
549 4687 777 4740 ἄτακτον
803 4688 830 4738 ο
860 4693 1073 4762 Περσῶν
1106 4694 1346 4761 μισήσας
1370 4690 1512 4762 λεὼς,
1555 4690 1728 4744 Καϐα-

181 4762 253 4825 δτι
273 4776 346 4824 τὸν
363 4777 538 4847 Ζάμου
558 4784 650 4828 τοῦ
681 4773 905 4850 ἀδελφοῦ
927 4774 1098 4830 παῖδα
1123 4777 1350 4852 βασιλέα
1378 4784 1557 4852 σφίσιν
1589 4779 1732 4834 ἐϐου-

179 4853 377 4916 ὶύσαντο
403 4867 710 4924 στήσασθαι
741 4885 756 4899 ·
797 4865 926 4920 ἀλλὰ
957 4871 1114 4939 γνοὺς
1136 4868 1162 4919 ὀ
1199 4874 1440 4944 Χοσρόης
1470 4871 1650 4943 Ζάμην
1681 4872 1726 4909 ⁵¹

179 4960 219 4997 τι
276 4956 350 5004 τὸν
410 4951 632 5029 ἀδελφὸν
698 4960 790 5008 καὶ
867 4960 986 5018 τοὺς
1055 4958 1236 5019 ἄλλους
1294 4955 1547 5032 ἀδελφοὺς
1619 4960 1729 5034 ἅμα

1766 4482 1810 4536 D

1271 267 1772 339 BIBLIOTHECA.
1798 305 1874 322 -
1909 277 2119 334 CODD.
2163 279 2356 336 LXIII.

3396 283 3502 340 {30

1844 404 2123 461 Romanis
2162 409 2395 476 parent,
2437 409 2500 460 ut
2544 404 2726 461 etiam
2764 403 2825 460 in
2863 403 3081 460 horum
3121 407 3332 462 castris
3374 423 3497 465 una

1845 495 2102 566 permisti
2141 493 2468 550 militarint.

1916 673 2205 738 Cabades,
2256 673 2477 728 amisso
2531 677 2776 744 utroque
2820 673 3100 738 exercitu,
3134 674 3318 730 animi
3347 689 3495 747 pen-

1843 763 2042 818 debat.
2078 763 2193 817 Sed
2210 761 2652 816 Alemundarus
2677 762 3040 817 Persicorum
3057 765 3491 822 Saracenorum

1843 867 1967 915 rex,
2013 852 2099 906 vir
2127 851 2283 906 bello
2330 865 2467 905 acer
2511 866 2581 905 ac
2611 856 2908 913 strenuus,
2950 866 3044 904 res
3085 852 3492 908 Romanorum

1844 941 2018 996 valde
2073 940 2327 1009 infregit,
2396 938 2571 994 annis
2635 938 3094 1010 quinquaginta.
3132 939 3232 995 Hic
3271 940 3496 997 Cabadi

1846 1031 2162 1101 suggessit,
2219 1026 2376 1100 25a
2427 1027 2800 1083 Antiochiam
2856 1029 3131 1098 praesidio
3185 1030 3496 1094 nudatam,

1844 1119 2214 1190 ﬁnitimaque
2239 1117 2562 1171 invaderet.
2589 1116 2922 1181 Belisarius,
2943 1133 3005 1171 re
3031 1117 3292 1187 cognita,
3309 1133 3498 1189 quam

1847 1209 2190 1264 maturrime
2224 1206 2494 1269 occurrit,
2527 1205 2755 1260 eductis
2794 1205 3139 1260 Isaurorum
3189 1208 3396 1277 copiis,
3442 1213 3500 1263 et

1843 1297 2063 1352 Aretha
2109 1295 2522 1351 Romanarum
2573 1294 2830 1364 partium
2862 1296 3292 1350 Saracenorum
3337 1310 3495 1364 rege,

1842 1387 1947 1459 qui
2001 1402 2171 1441 suam
2221 1386 2348 1456 ipse
2399 1390 2636 1452 gentem
2684 1383 2990 1438 ductabat.
3049 1384 3498 1440 Alamundarus

1845 1491 2004 1541 vero,
2046 1481 2102 1530 et
2124 1474 2437 1529 Azarethes
2470 1477 2629 1527 metu
2670 1487 3012 1543 percussus,
3058 1482 3214 1528 retro
3244 1474 3498 1529 domum

1844 1581 1906 1620 se
1957 1565 2194 1634 recepit.
2247 1565 2310 1618 Et
2361 1561 2670 1618 Belisiarus
2719 1576 2874 1632 pone
2937 1561 3318 1632 sequebatur,
3377 1578 3500 1618 non

1845 1659 1965 1708 tam
2008 1669 2145 1708 cum
2176 1651 2345 1707 hoste
2393 1666 2607 1706 manus
2638 1665 2949 1704 conserere
3001 1649 3279 1720 cupidus,
3312 1667 3500 1722 quam

1848 1748 1907 1798 ut
1962 1758 2101 1797 eum
2153 1739 2390 1812 insequi
2427 1756 2488 1794 se
2529 1737 2779 1808 ﬁngeret
2813 1755 2827 1792 :
2858 1739 3050 1793 donec
3108 1738 3306 1794 multis
3340 1738 3502 1808 vulgi

1845 1832 2150 1897 conviciis,
2203 1831 2465 1901 primum
2520 1827 2766 1899 quidem
2819 1826 2997 1893 clam,
3051 1826 3267 1882 deinde
3317 1827 3500 1884 etiam

1846 1921 2049 1992 palam
2099 1918 2432 1983 lacessitus,
2482 1917 2702 1971 invitus
2751 1915 2830 1970 ad
2872 1931 3139 1986 pugnam
3171 1917 3502 1972 descendit.

1847 2009 2212 2066 Cadentibus
2239 2007 2403 2062 initio
2429 2005 2625 2060 multis
2655 2003 2952 2075 utrinque,
2979 2020 3048 2059 ac
3065 2020 3256 2070 caesis,
3276 2021 3501 2076 auceps

1846 2099 1950 2154 diu
1982 2113 2183 2170 pugna
2212 2096 2352 2162 fuit;
2372 2098 2556 2150 versis
2581 2093 2799 2148 dehinc
2822 2092 2883 2147 in
2907 2093 3110 2164 fugam
3145 2095 3375 2149 Arethaa
3400 2110 3500 2150 co-

1846 2190 1981 2261 piis,
2015 2198 2195 2258 atque
2219 2186 2450 2251 Isauris,
2483 2184 2974 2239 aPersissumma
2999 2184 3210 2238 virtute
3223 2198 3503 2256 pugnan-

1846 2278 2027 2343 tibus,
2072 2277 2317 2331 victoria
2346 2273 2502 2328 stetit
2547 2288 2560 2327 :
2598 2277 2658 2327 ut
2702 2271 2821 2326 nisi
2853 2287 2923 2326 ex
2962 2287 3119 2343 equo
3173 2273 3250 2328 ad
3315 2273 3499 2344 pedes

1849 2365 2162 2421 Belisarius
2192 2363 2530 2431 desiliisset,
2575 2377 2645 2417 ac
2678 2361 2921 2433 reliquis
2951 2377 3081 2416 sese
3112 2361 3208 2432 adj
3222 2361 3502 2431 ungendo

1846 2454 2135 2510 auxilium
2165 2453 2469 2515 attulisset,
2511 2450 2878 2506 debellatum
2905 2465 2975 2504 eo
3005 2449 3102 2503 die
3135 2455 3306 2515 esset,
3336 2449 3502 2506 cassi-

1845 2559 1962 2616 que
1992 2544 2070 2599 ad
2107 2558 2297 2598 unum
2346 2556 2557 2595 omnes
2611 2537 3008 2593 internecione
3036 2539 3308 2595 fuissent.
3340 2542 3499 2596 Atta-

1847 2647 1984 2686 men
1995 2631 2312 2686 Azarethes
2330 2629 2648 2683 Persarum
2665 2627 2810 2691 dux,
2839 2626 3091 2680 domum
3123 2627 3201 2681 ad
3221 2627 3503 2684 Cabaden

1843 2737 2140 2785 reversus,
2164 2717 2420 2774 victoria:
2449 2717 2701 2770 fructum
2731 2730 2849 2769 non
2877 2714 3022 2768 tulit.
3058 2717 3314 2768 Suorum
3338 2718 3497 2770 enim

1845 2810 2067 2865 multos
2124 2811 2183 2862 in
2217 2805 2419 2878 praelio
2473 2805 2774 2866 amiserat,
2829 2803 2964 2856 licet
3017 2803 3500 2859 adversariorum

1847 2898 2045 2971 plures
2074 2897 2444 2953 cecidissent.
2472 2893 2877 2959 Quamobrem
2909 2889 3282 2946 inhonoratis
3307 2890 3503 2946 adnu-

1848 2994 2112 3042 meratus
2161 2991 2271 3041 est.

1917 3079 2136 3132 Evocat
2151 3069 2702 3142 Constantinopolim
2716 3070 2740 3124 J
2751 3067 3000 3123 ustinian
3010 3083 3076 3121 us
3096 3066 3502 3138 imperatorem

1845 3167 2218 3230 Belisarium,
2235 3161 2516 3218 utindein
2537 3157 2831 3214 Vandalos
2847 3156 3287 3227 expeditionem
3320 3157 3505 3212 susci-

1845 3256 1964 3327 piat
1995 3271 2011 3310 :
2042 3255 2381 3324 Orientique
2413 3246 2722 3304 custodem
2746 3248 2970 3302 Settam
2993 3245 3300 3314 imposuit.
3334 3246 3503 3301 Hisce

1846 3344 2213 3414 temporibus
2240 3348 2296 3396 et
2327 3343 2513 3394 Persae
2545 3353 2682 3391 cum
2716 3335 2998 3391 Romanis
3050 3340 3500 3399 concurrerunt,

1844 3438 1920 3498 et,
1970 3430 2210 3488 Cabade
2245 3434 2501 3492 mortuo,
2524 3425 2682 3480 ﬁlius
2710 3426 3000 3480 Chosroes
3036 3421 3202 3492 regni
3233 3423 3504 3479 habenas

1844 3523 2124 3593 suscepit.
2149 3522 2303 3575 MlSSl
2320 3532 2460 3586 ergo
2477 3519 2552 3572 ad
2569 3531 2708 3571 eum
2726 3514 2928 3582 legati,
2960 3511 3224 3577 Ruﬁnus,
3252 3512 3503 3566 Alexan-

1842 3615 1969 3680 der,
1999 3611 2277 3674 Thomas,
2305 3615 2360 3662 et
2391 3607 2791 3674 Hermogenes
2828 3603 3081 3674 :quibus
3113 3617 3327 3673 pacem
3355 3600 3503 3656 velle

1844 3718 1906 3757 se
1931 3701 2125 3758 facere
2150 3699 2300 3754 dixit
2319 3702 2694 3769 perpetuam,
2714 3691 3198 3747 centenariorum
3218 3690 3503 3744 nimirum

1843 3799 2080 3848 centum
2111 3796 2166 3845 et
2193 3788 2424 3851 decem,
2461 3783 2674 3838 Verum
2707 3796 2768 3836 re
2798 3786 2926 3836 tum
2959 3780 3173 3834 infecta
3215 3777 3506 3833 discesse-

1842 3887 1981 3937 runt
2009 3898 2024 3933 :
2067 3895 2175 3935 nec
2197 3878 2311 3932 nisi
2342 3878 2552 3946 postea
2580 3871 2903 3926 constituta
2928 3879 3223 3939 pactaque
3255 3883 3373 3938 pax
3402 3867 3504 3922 illa

1843 3979 1934 4026 est
1960 3975 2258 4041 perpetua,
2315 3966 2644 4033 imperante
2688 3963 2923 4012 sextum
2953 3961 3068 4026 (73)
3114 3956 3244 4026 jam
3274 3971 3503 4010 annum

1843 4062 1868 4114 J
1878 4058 2196 4114 ustiniano.
2220 4056 2325 4108 Per
2339 4067 2475 4107 eam
2489 4048 2739 4104 Romani
2755 4045 3500 4118 pecnnias,Pharangium,

1845 4153 1901 4204 et
1930 4145 2142 4202 Bolum
2174 4157 2375 4199 arcem
2400 4136 2592 4194 Persis
2630 4134 3036 4196 reddiderunt,
3098 4132 3207 4188 etsi
3241 4133 3502 4188 vicissim

1846 4235 2128 4295 Romanis
2160 4232 2469 4288 Laziorum
2499 4226 2561 4282 in
2588 4225 2810 4281 ﬁnibus
2825 4223 3072 4294 Oppida,
3101 4229 3158 4278 et
3182 4220 3501 4293 Dagarem,

1843 4327 2038 4384 virum
2058 4323 2215 4380 bello
2246 4325 2556 4376 strenuum
2574 4314 2812 4388 (tradito
2843 4328 2951 4384 pro
2983 4329 3053 4368 eo
3075 4315 3136 4368 et
3165 4315 3352 4367 altero
3376 4326 3502 4366 non

1845 4414 2092 4486 ignobili
2137 4411 2282 4481 viro)
2320 4410 2696 4464 remiserunt.
2727 4406 2858 4460 Mox
2891 4403 3122 4474 utrique
3154 4400 3504 4473 imperatori

1843 4513 2078 4563 structae
2099 4501 2328 4558 insidias
2341 4515 2378 4555 a
2395 4494 2671 4552 subditis.
2695 4494 2996 4550 Chosroen
3012 4492 3279 4564 quidem,
3303 4498 3366 4547 ut
3387 4497 3506 4546 tur-

1841 4596 2067 4653 bulenti
2095 4587 2666 4662 intemperantisque
2696 4584 2919 4653 ingenii
2937 4585 3154 4648 virum,
3185 4579 3377 4636 Persa
3415 4579 3504 4634 in-

1841 4687 2034 4743 visum
2061 4697 2201 4738 cum
2237 4679 2481 4740 habent,
2509 4675 2784 4731 Cabaden
2813 4674 3012 4727 Zamen
3039 4670 3240 4727 fratris
3267 4673 3401 4743 ejus
3437 4668 3509 4723 ti-

1839 4776 2006 4846 lium,
2035 4786 2238 4843 regem
2268 4765 2379 4824 sibi
2409 4766 2600 4820 facere
2637 4761 3032 4817 constituunt.
3060 4759 3190 4824 Quo
3239 4758 3505 4830 cognito,

1841 4869 2132 4924 Chosroes
2156 4859 2375 4915 Zamen
2433 4851 2589 4926 240
2643 4851 2908 4915 fratrem,
2957 4847 3344 4920 reliquosque
3375 4861 3505 4918 ger-

1840 4969 2074 5018 manos,
2103 4957 2161 5006 et
2186 4947 2319 5019 conj
2331 4943 2618 5002 arationis
2648 4940 2839 4996 socios
2870 4943 3062 4995 necat.
3083 4937 3178 4992 Sic
3207 4943 3336 4993 tran
3349 4931 3509 5007 quil-

1493 5112 1725 5169 VABJAS
1760 5104 2163 5169 LECTIONES.

232 5229 268 5261 ³⁸
286 5229 334 5292 ὃς
355 5231 487 5288 add.
522 5239 587 5288 Δ.

185 5295 218 5368 ιξ
257 5304 350 5353 ait:
402 5325 453 5368 ς’.

257 5304 350 5376 αὖτε
402 5325 518 5380 ς-η-
573 5306 616 5341 ⁸⁸
663 5304 785 5380 ⁸έτιέἱ.
841 5304 1144 5380 ἀφίνῶξςή

185 5367 294 5452 δέει-ς
319 5393 367 5437 ς.
410 5365 424 5368 ⁷
547 5373 825 5456 Ιξανδέλους
853 5365 920 5437 Ᾰ.
1024 5365 1408 5454 δατ-φυλάξαντα
1437 5401 1493 5446 ς’.
1606 5365 1653 5419 δέ
1687 5381 1884 5456 βολων.

184 5457 370 5511 βασις.
482 5451 528 5487 ⁵³
559 5452 738 5523 Ζάμον
773 5469 832 5516 ς’.

700 5233 959 5319 "we
989 5237 1431 5319 eposraphem
1484 5239 1769 5319 δίθρῒιδοί
1804 5255 1817 5292 ³
1851 5237 2065 5318 “"3"”-

1261 5313 1308 5345 ⁸¹
1352 5313 1525 5362 ἐνίκων
1574 5316 1772 5378 Πέρσαι
1829 5313 2151 5378 κατακράτος
2201 5319 2256 5378 ς’.

2259 5226 2305 5260 ⁸⁸
2352 5227 2436 5275 τὸν
2485 5235 2607 5276 om.
2636 5219 2701 5272 A.
2818 5218 2863 5251 ³⁹
2901 5223 2973 5287 τῷ
2999 5213 3170 5284 οἰκείῳ
3204 5241 3272 5253 -
3294 5211 3400 5287 λαῷ
3439 5231 3498 5268 ρ,

2369 5296 2416 5330 ιδ
2462 5293 2742 5364 Ἀςαρίθης
2789 5307 2845 5364 ς.
2943 5285 3175 5364 Ἰξπρὸς
3213 5291 3253 5338 Α
3289 5301 3301 5340 ε
3337 5285 3409 5346 εἰς
3438 5303 3499 5349 ς’.

2513 5366 2561 5400 ⁵ο
2592 5359 2750 5415 αὐτοῦ
2792 5359 2851 5413 δι
2879 5364 2968 5412 καὶ
3013 5359 3181 5434 ἕτερον
3228 5375 3499 5433 κεκοσμη-

1851 5237 2042 5293 ταὺτης
2091 5251 2143 5293 ς.

2004 5373 2048 5410 '59
2073 5373 2313 5445 Δαγάρην
2346 5388 2402 5432 ς’.

1711 5569 1945 5634 ΝΟΤΕ.

241 5691 336 5768 (73)
355 5693 614 5769 Septimo
638 5696 878 5772 imperii
907 5714 1106 5772 anno,
1126 5699 1324 5774 inquit
1353 5703 1604 5776 Procop-
