4046 6228
524 264 619 322 131

1748 268 1984 326 ΡΗΟΤΙΙ
2015 272 2500 329 PATRJARCHE
2531 271 2635 330 ΟΡ.

3774 276 3869 331 13⁸2

522 392 643 449 lata
671 408 767 448 res
798 398 908 458 est,
927 393 1214 466 quiesque
1242 395 1407 451 data.
1435 396 1703 451 Cabades
1728 400 1952 461 tamen,
1975 400 2138 453 Zama

2280 407 2379 450 τῶν
2432 404 2805 471 μετασχόντων
2856 402 2903 437 ⁵³
2949 408 3039 460 τῆς
3079 399 3270 472 βουλῆς
3314 399 3496 455 ἀνελὼν
3543 405 3634 451 τὴν
3684 404 3872 453 στάσιιι

522 482 699 545 ﬁlius,
713 482 934 538 admod
947 499 1041 536 um
1065 482 1432 544 adolescens.
1462 484 1781 555 prudentia
1794 484 2169 554 Chanarangi

521 572 1053 641 Adergi-Dubantee
1088 572 1202 643 (74)
1236 573 1459 627 caedem
1516 571 1741 641 effugit,
1773 589 1895 644 quo
1926 574 2169 628 nomine

518 660 616 715 hic
666 667 868 731 p0stea
916 677 951 713 a
1006 660 1264 714 Chosroe
1326 667 1412 714 est
1437 660 1795 715 interfectus.
1834 662 2166 717 Justintano

518 764 761 821 quoque
805 748 1010 819 imper.
1059 747 1228 819 plebs
1259 751 1458 804 Romae
1490 749 1738 804 insidias
1772 749 2163 821 comparavit,

516 846 708 894 creato
766 836 1122 908 imperatore
1177 836 1427 903 (tametsi
1478 840 1863 909 repugnaret)
1911 838 2165 910 Hypatio

514 926 809 983 Anastasii
829 926 978 995 ejus.
1026 925 1131 996 qui
1166 926 1510 998 imperarat,
1538 927 1824 999 patruele,
1853 933 1992 983 nata
2015 929 2165 983 sedi-

513 1016 693 1081 tione,
721 1019 969 1081 ortoque
1001 1015 1257 1071 tumultu
1280 1032 1311 1071 e
1341 1016 1723 1072 contentione
1748 1016 2030 1073 ludorum
2052 1017 2163 1072 cir-

510 1105 774 1159 censium
809 1104 942 1175 (75).
994 1107 1194 1160 Caesar
1223 1105 1424 1173 itaque
1461 1105 1853 1171 Justinianus,
1886 1104 2161 1161 Belisario

2280 492 2492 541 ἔπαυσε.
2553 486 2801 549 Καϐάδης
2854 486 2914 541 δε
2957 491 2981 542 6
3030 491 3208 560 Ζάμου
3258 492 3325 554 ⁵³,
3368 486 3561 561 κομιδῇ
3621 495 3731 550 νέος
3778 492 3869 554 ὧν,

2276 582 2492 648 προνοίᾳ
2540 582 2884 651 Χαναράγγου
2934 587 3025 631 τοῦ
3067 576 3315 651 Ἀδέργου
3363 575 3656 632 Δουϐάνδου
3698 582 3743 615 ⁵⁴
3785 576 3873 631 δι·-

2277 668 2429 736 έφυγε
2498 671 2584 718 τὸν
2660 670 2876 719 θάνατον
2936 686 2947 697 ·
3006 674 3095 720 καὶ¹
3173 671 3197 719 6
3254 671 3600 742 Χαναράγγης
3655 670 3867 740 ὕστερον

2278 751 2370 806 διὰ
2410 763 2559 807 τοῦτο
2605 757 2652 791 ⁵⁵
2701 758 2799 808 ὑπὸ
2849 762 3083 831 Χοσρόου
3118 756 3391 831 ἀνῄρηται.
3428 758 3788 810 Ἰουστινιανὸν
3819 760 3867 793 ⁵⁸

2277 841 2336 896 δε
2382 846 2407 895 6
2452 843 2621 916 δῆμος
2661 845 3000 898 ἐπιϐουλεύων
3046 846 3283 899 Ὑπάτιον
3328 848 3537 912 οἰκοντα,
3582 851 3668 899 τὸν
3715 848 3869 901 Ἀνα-

2278 939 2497 986 στασίου
2568 943 2658 987 τοῦ
2726 934 3159 1007 βεϐασιλευκότος
3230 932 3564 1008 ἀδελφιδοῦν,
3644 934 3866 1007 βασιλέα

2276 1031 2414 1094 σφῶν
2458 1026 2811 1098 ἀνηγόρευσαν
2856 1027 2922 1091 57,
2979 1023 3256 1098 ἀρξάμενοι
3300 1035 3394 1085 τῆς
3452 1023 3723 1085 ἐπιϐουλῆς
3774 1032 3859 1077 καὶ

2273 1120 2367 1172 τῆς
2417 1116 2649 1174 στάσεως
2698 1113 2797 1166 ἀπὸ
2846 1122 2941 1174 τῆς
2990 1112 3038 1165 ἐν
3078 1122 3181 1174 τοῖς
3224 1111 3591 1189 ἱπποδρομίοις
3643 1112 3814 1186 ἔριδος
3852 1134 3865 1147 δ

2272 1199 2524 1272 βασιλεὺς
2554 1199 2611 1255 δὲ
2660 1202 3047 1269 ’1ουστινιανός,
3098 1203 3380 1278 Βελισαρίῳ
3418 1223 3470 1256 τε
3514 1209 3601 1256 καὶ
3640 1202 3865 1275 Μούνδῳ

2268 1297 2375 1350 τοίς
2424 1301 2741 1364 στρατηγοῖς
2792 1298 3080 1365 χρώμενος,
3136 1299 3221 1344 τόν
3277 1312 3327 1345 τε
3378 1293 3615 1345 ’Υπάτιον
3663 1294 3864 1346 καθεῖλε

2267 1384 2355 1430 καὶ
2411 1379 2623 1441 πολλοὺς
2679 1390 2777 1433 τῶν
2850 1389 3156 1433 στασιωτῶν
3213 1381 3421 1443 ἀνεῖλεν,
3481 1384 3616 1456 ἄχρι
3670 1388 3760 1434 καὶ
3816 1382 3862 1441 ἐς

2266 1476 2397 1539 τρεῖς
2434 1466 2697 1542 μυριάδας
2746 1477 2836 1522 τοῦ
2897 1469 3244 1543 ἀναιρεθέντος
3296 1468 3427 1520 λαοῦ
3479 1468 3856 1531 συντελοῦντος.

2265 1561 2612 1629 Συνέπραττον
2646 1554 2704 1610 δε
2733 1568 2804 1629 τῷ
2850 1557 3060 1631 βασιλεί
3090 1555 3350 1631 Βοραῖδης
3399 1558 3447 1592 ⁵⁸
3479 1562 3567 1610 καὶ
3600 1559 3856 1623 Ἰοῦστος,

2264 1648 2311 1699 οἱ
2338 1646 2497 1699 αὑτοῦ
2530 1645 2754 1718 ἀνεψιοί.

2336 1738 2418 1788 Ἐν
2476 1738 2617 1807 αὐτῷ
2674 1734 2733 1790 δι
2787 1746 2854 1808 τῷ
2902 1738 3038 1809 λόγῳ
3087 1741 3202 1809 περὶ
3258 1735 3605 1808 Τριϐωνιανοῦ
3658 1745 3748 1789 τοῦ
3803 1737 3859 1789 ἐκ

3300 1823 3564 1889 διέξεισιν.
3627 1827 3683 1888 ὃς
3760 1833 3858 1885 τὴν

508 1198 562 1247 et
592 1193 815 1248 Mundo
836 1193 1085 1249 ducibus
1114 1210 1274 1259 usus,
1309 1193 1633 1264 Hypatium
1657 1194 1893 1260 occidit,
1920 1195 2162 1251 multos-

505 1298 621 1354 que
652 1282 1078 1354 conjurationis
1131 1284 1312 1353 hujus
1351 1282 1545 1339 socios
1578 1283 1825 1349 sustulit,
1869 1284 2046 1356 plane
2098 1290 2161 1341 ut

506 1370 724 1426 civium
744 1376 882 1427 tunc
900 1372 977 1427 ad
1002 1371 1241 1441 triginta
1262 1371 1447 1427 millia
1467 1372 1876 1428 occubuerint.
1897 1374 2160 1443 Impera-

502 1458 613 1515 tori
655 1461 960 1531 suppetias
991 1460 1322 1517 aﬁerebant
1350 1461 1647 1526 Boraides,
1683 1461 1785 1516 etJ
1796 1468 1958 1518 ustus
1986 1462 2158 1519 Justi-

502 1549 664 1605 niani
690 1549 885 1605 fratris
913 1550 1092 1605 ﬁlius.

570 1742 631 1795 ln
663 1754 733 1794 eo
787 1739 920 1810 ipso
974 1740 1124 1796 libro
1178 1748 1380 1798 narrat
1433 1742 1508 1798 de
1558 1744 1940 1814 Triboniano,
1973 1746 2077 1817 qui
2121 1761 2151 1802 e
2183 1754 2226 1809 Β

495 1826 852 1901 Pamphylia
883 1844 1071 1898 genus
1103 1830 1290 1897 duxit,
1320 1837 1375 1886 et
1399 1832 1709 1903 quaestoris
1743 1849 1961 1887 munus
1982 1834 2146 1900 obiit,

494 1917 688 1990 deque
727 1917 977 1973 avaritia
1016 1919 1308 1989 ejusdem,
1363 1936 1433 1975 ac
1483 1920 2018 1993 blandiloquentia.
2073 1926 2148 1978 De

491 2006 717 2061 Joanne
739 2008 876 2061 item
901 2008 1327 2079 Cappadocum
1354 2009 1633 2080 praefecto
1659 2010 1952 2081 praetorio,
1988 2011 2149 2081 ejus-

491 2111 609 2168 que
650 2097 805 2151 vitiis
856 2098 1153 2167 plurimis.
1212 2099 1281 2153 Ut
1340 2099 1648 2154 Antonina
1692 2100 1949 2155 Belisarii
2008 2116 2147 2155 con-

486 2184 594 2255 jux
620 2200 725 2256 per
744 2185 1134 2256 Euphemiam
1155 2185 1338 2241 ﬁliam
1357 2187 1407 2257 ej
1421 2204 1487 2241 us
1514 2187 2026 2244 callideJoannem
2041 2189 2145 2244 cir-

490 2273 875 2341 cumvenerit,
918 2280 974 2329 et
1011 2274 1263 2331 insidias
1294 2276 1640 2347 imperatori
1668 2282 1893 2333 struere
1924 2276 2140 2349 patefe-

488 2363 628 2417 cerit
669 2378 681 2417 :
718 2368 898 2435 utque
929 2364 1195 2427 demum,
1229 2366 1481 2420 Eusebio
1513 2365 1705 2436 Cyzici
1751 2366 2037 2439 episcopo
2068 2382 2139 2423 ex

485 2451 718 2507 insidiis
748 2452 962 2519 occiso,
996 2453 1159 2525 impii
1185 2454 1421 2509 sceleris
1454 2471 1698 2509 consors
1717 2455 1979 2521 habitus,
2005 2472 2136 2512 cor-

486 2555 631 2611 pore
656 2541 1091 2612 quaastionibus
1112 2542 1398 2609 cruciata,
1413 2542 2053 2601 inclementertandem
2067 2560 2138 2602 ac

486 2644 690 2685 severe
724 2632 1085 2704 proscriptus
1118 2631 1210 2687 sit.

2264 1826 2568 1899 Παμφυλίας
2638 1826 2871 1888 ἕλκοντος
2949 1830 3007 1878 τὸ
3084 1832 3223 1897 γένος

2257 1921 2569 1987 κυαίστορος
2624 1917 2669 1950 ⁵9
2716 1913 2909 1968 διεῖπεν
2960 1914 3157 1990 ἀρχὴν,
3200 1921 3317 1988 περί
3365 1935 3418 1968 τε
3464 1924 3556 1976 τῆς
3597 1916 3856 1990 φιλοχρη-

2255 2011 2442 2075 ματίας
2494 2010 2583 2056 καὶ
2638 2013 2732 2067 τῆς
2787 2005 2945 2066 άλλης
2990 2004 3252 2075 αἱμυλίας,
3305 2009 3395 2056 καὶ
3450 2010 3563 2078 περὶ
3612 2005 3856 2057 Ἰωάννου

2255 2101 2344 2145 τοῦ
2372 2096 2611 2167 ἐπάρχου
2642 2102 2730 2147 τοῦ
2762 2093 2816 2145 ἐκ
2871 2090 3258 2157 Καππαδοκῶν,
3305 2102 3400 2155 τῆς
3443 2112 3496 2145 τε
3530 2100 3854 2165 πανουργίας

2253 2188 2340 2235 καὶ
2380 2182 2672 2245 ἀπληστίας
2720 2190 2809 2235 καὶ
2856 2185 3015 2255 μέθης
3064 2188 3277 2242 καὶτῆς
3307 2181 3466 2243 α”λλης
3520 2189 3847 2245 κακότητος”

2250 2274 2387 2334 ὃπως
2437 2293 2491 2326 τε
2520 2275 2797 2326 Ἀντωνῐνα
2840 2275 2869 2331 ἡ
2912 2280 3003 2324 τοῦ
3052 2272 3355 2343 Βελισαρίου
3398 2276 3528 2341 γυνὴ
3563 2268 3635 2323 δι’
3678 2272 3853 2344 Εὐφη-

2248 2366 2368 2432 μίας
2423 2370 2517 2424 τῆς
2574 2362 2732 2414 αὐτοῦ
2789 2364 3047 2435 θυγατρὸς
3105 2365 3549 2432 φρεναπατήσασα
3607 2360 3850 2419 Ἰωάννην

2248 2449 2338 2523 [36
2378 2450 2469 2524 Η.]
2495 2450 2759 2503 ἐπίϐουλον
2795 2447 2956 2513 ἔδειξε
3002 2448 3277 2521 βασιλέως,
3325 2452 3461 2511 ὃπως
3507 2468 3558 2501 τε
3606 2450 3847 2523 ὕστερον.

2245 2538 2496 2592 Εὑσεϐίου
2541 2549 2630 2592 τοῦ
2677 2540 2963 2591 ἐπισκόπου
3010 2538 3240 2598 Κυζίκου
3291 2537 3343 2599 ἐξ
3379 2536 3650 2598 ἐπιϐουλῆς
3701 2537 3851 2590 ἀναι-

2242 2630 2493 2702 ρεθέντος,
2545 2632 2788 2701 συνεργὸς
2833 2629 3137 2687 ὑπονοηθεὶς
3184 2634 3271 2679 τοῦ
3310 2629 3611 2698 μιάσματος
3640 2628 3848 2700 ᾐκίσθη

2243 2722 2301 2770 τὸ
2361 2728 2512 2790 σῶμα
2554 2724 2643 2771 xui.
2692 2717 2882 2779 ἀκλεῶς
2910 2718 2957 2753 ⁸ο
3005 2715 3178 2790 ἐξορίᾳ
3226 2722 3394 2791 πικρᾷ
3439 2720 3529 2769 καὶ
3574 2716 3847 2788 τελευταίᾳ

2241 2804 2530 2881 παρεδόθη.

2310 2896 2430 2949 ’Ὁτι
2484 2896 2532 2949 ἐν
2581 2905 2652 2967 τῷ
2699 2893 2924 2968 δευτέρῳ
2974 2894 3111 2965 λόγῳ
3162 2891 3412 2957 διέξεισιν
3460 2895 3591 2954 ὅπως
3643 2914 3695 2948 τε
3737 2901 3848 2949 Χο-

2243 2992 2400 3058 σρόην
2454 2986 2739 3058 μελέτῶντα
2776 2985 2933 3036 λῦσαι
2982 2987 3069 3043 τὰς
3113 2980 3345 3044 σπονδὰς
3392 2978 3483 3034 διὰ
3527 2988 3614 3039 τὴν
3661 2992 3762 3034 τῶν
3796 2988 3841 3021 ει

2235 3073 2501 3147 Ῥωμαίων
2557 3076 2691 3127 κατά
2745 3072 2945 3131 Λιϐύην
3006 3074 3051 3107 ⁸³
3101 3070 3431 3143 ἐπικράτειαν
3490 3072 3677 3143 (φθόνῳ
3734 3076 3841 3146 γὰρ

2240 3163 2495 3234 ἐϐάλλετο)
2545 3164 2779 3234 Ούῖτιγις
2828 3164 2876 3197 ⁸⁸
2927 3163 2952 3212 6
3011 3170 3109 3213 τῶν
3173 3163 3374 3213 Γοτθων
3434 3158 3681 3233 βασιλεὺς
3743 3158 3844 3214 διά

2238 3272 2387 3305 τινων
2433 3256 2701 3326 Λίγούρων
2748 3250 3239 3322 κοινολογησάμενος
3284 3249 3475 3322 μᾶλλον
3503 3248 3791 3319 ἐπώτρυνεν
3825 3269 3840 3281 α

2237 3340 2347 3395 εἶτα
2396 3348 2485 3394 καὶ
2533 3344 2808 3394 Βασσάκου
2849 3342 2897 3375 ⁶⁴
2932 3339 3042 3411 οἶμα
3095 3348 3193 3390 τῶν
3234 3340 3513 3411 ’Δρμενίων
3565 3335 3841 3391 ἀποστάν-

2236 3453 2333 3484 των
2386 3435 2475 3504 μεν
2525 3432 2570 3467 ⁸⁸
2612 3430 2874 3502 Ῥωμαίων
2922 3434 3011 3480 καὶ
3060 3432 3245 3481 Σίτταν
3300 3431 3385 3480 τὸν
3428 3430 3720 3499 στρατηγὸν
3787 3427 3841 3480 ἐν

2233 3525 2385 3594 μάχῃ
2475 3520 2766 3585 ἀνελόντων,
2854 3522 3078 3591 Πέρσαις
3161 3515 3219 3569 δε
3303 3516 3837 3588 προσχωρησάντων,

2233 3614 2321 3671 τὰς
2376 3610 2691 3684 ἀπεράντους
2750 3604 2979 3669 σπονδὰς
3044 3610 3091 3642 ⁸⁵
3139 3605 3452 3677 καλουμένας
3513 3604 3677 3666 λύσας
3727 3613 3841 3660 Χο-

2234 3705 2395 3771 σρόης
2424 3700 2657 3771 πολεμεῖν
2701 3701 2847 3769 ἔγνω,
2902 3698 2993 3767 [76
3027 3695 3116 3768 8.]
3151 3696 3516 3754 Ἰουστινιανὸς
3553 3691 3609 3747 δε
3647 3696 3836 3765 μαθὼν

2229 3794 2531 3863 παραίνεσιν
2576 3788 2715 3857 αὐτῷ
2763 3784 2835 3839 δι’
2881 3786 3230 3838 ’Δναστασίου
3274 3791 3510 3858 προσῆγε
3557 3787 3625 3853 μὴ
3659 3802 3832 3856 παρα⁹

2230 3875 2489 3932 σπονδείν.
2524 3879 2608 3929 Ἐν
2651 3880 2816 3947 τούτῳ
2870 3880 2957 3928 καὶ
3004 3876 3243 3946 Οὐΐτιγις
3293 3872 3629 3945 αἰχμάλωτος
3680 3876 3835 3945 παρὰ

2228 3969 2527 4041 Βελισαρίου
2599 3967 2667 4027 εἰς
2734 3967 3013 4028 Βυζάντιον
3095 3963 3410 4035 ἀνεπέμφθη.
3476 3966 3711 4035 Χοσρόος
3767 3960 3833 4014 δε

2223 4061 2287 4110 τὰ
2340 4057 2602 4128 Ῥωμαίων
2682 4056 2801 4129 ὅρια
2868 4048 3222 4127 καταδραμὼν
3293 4056 3386 4109 τὴν
3454 4053 3656 4124 Σούρων
3733 4056 3833 4102 πό-

2222 4145 2299 4199 λιν
2356 4143 2453 4199 εἷλε
2505 4150 2592 4197 καὶ
2648 4147 2905 4216 Σούρηνας
2961 4144 3004 4177 ⁶⁷
3060 4136 3515 4214 ἠνδραποδίσατο.
3574 4139 3828 4213 ’Υστερον

2219 4240 2393 4307 μέντοι
2454 4234 2525 4295 εἰς
2599 4230 2906 4303 δισχιλίους
2962 4232 3008 4266 ⁸⁸
3066 4236 3155 4282 καὶ
3215 4234 3438 4301 μυρίους
3494 4232 3642 4289 ὄντας
3697 4232 3828 4290 τοὺς

2220 4325 2584 4396 αἰχμαλώτους
2669 4319 2815 4374 δυοῖν
2877 4321 3132 4393 ὁμολογίᾳ
3208 4324 3551 4392 κεντηναρίων
3624 4315 3827 4388 ἀφῆκεν

2544 4408 2809 4465 Κανδίδον
2881 4418 2971 4462 τοῦ
3049 4407 3334 4462 ἐπισκόπου
3408 4405 3829 4481 Σεργιουπόλεως

549 2894 723 2951 Libro
776 2895 1040 2951 secundo
1092 2899 1311 2953 Rerum
1350 2899 1720 2956 Persicorum
1765 2901 1876 2956 ista
1934 2901 2127 2957 refert.

478 2982 775 3039 Chosroen
792 2985 1016 3040 invidia
1028 2987 1410 3056 stimulatum,
1435 2989 1598 3059 quod
1618 2988 1825 3044 Africa:
1845 2989 2129 3045 ditionem

476 3075 725 3130 Romani
756 3079 1036 3141 tenerent,
1091 3078 1377 3147 pacisque
1410 3082 1725 3148 propterea
1764 3078 1987 3134 fmdera
2017 3081 2125 3134 sol-
2164 3108 2203 3164 ρ

473 3177 609 3219 vere
636 3170 969 3234 parantem,
1016 3163 1254 3233 Vitiges,
1286 3164 1641 3220 Gotthorum
1675 3182 1797 3232 rex,
1823 3182 1928 3239 per
1957 3167 2126 3240 Ligu-

470 3267 565 3307 res
592 3252 894 3324 quosdam
921 3252 1325 3323 legatos,dein
1352 3260 1525 3326 etper
1556 3254 1848 3311 Basacum
1876 3256 2127 3313 collocu-

468 3344 588 3407 tus,
617 3342 807 3412 magis
827 3341 1237 3399 inﬂammavit.
1261 3344 1389 3408 Quo
1412 3360 1548 3399 cum
1571 3345 1712 3399 item
1740 3349 2005 3418 tempore
2029 3348 2128 3402 Ar—

470 3430 641 3486 menii
673 3447 707 3486 a
726 3432 1012 3487 Romanis
1037 3431 1414 3497 defecissent,
1444 3433 1588 3489 Sitta
1617 3434 1766 3489 duce
1792 3436 2126 3507 pugnando

466 3519 844 3592 interempto,
879 3521 1181 3593 Persisque
1238 3536 1300 3576 se
1370 3522 1798 3592 permisissent,
1840 3532 2126 3595 perpetua

464 3608 583 3673 illa,
633 3615 693 3664 ut
725 3615 952 3675 vocant,
994 3612 1158 3682 pacis
1198 3610 1421 3666 foedera
1470 3627 1748 3683 rumpere
1805 3610 2120 3681 Chosroes,

462 3697 803 3770 bellumque
860 3715 1063 3769 gerere
1106 3701 1375 3756 animum
1433 3700 1685 3757 induxit.
1755 3703 2121 3758 Justinianus

462 3788 806 3860 imperator,
849 3805 911 3843 re
942 3789 1200 3860 cognita,
1252 3789 1634 3846 Anastasium
1696 3790 1962 3857 legatum
2015 3794 2122 3847 mi-

463 3877 535 3932 sit
574 3878 874 3933 hortatum
922 3894 993 3933 ne
1034 3895 1238 3950 pacem
1290 3880 1563 3935 solveret.
1626 3879 1848 3936 Eadem
1896 3887 2119 3952 tempe-

461 3972 609 4023 state
644 3973 698 4023 et
750 3968 965 4038 Vitiges
1014 3984 1050 4023 a
1096 3968 1373 4024 Belisario
1404 3974 1632 4041 captus,
1692 3969 2114 4026 Constantino-

460 4059 646 4129 polim
665 4060 993 4114 estmissus.
1013 4058 1696 4115 Chosroesnihilomtnus
1714 4063 2110 4119 Romanorum

456 4146 607 4203 ﬁnes
631 4150 917 4204 invadens
932 4149 1219 4205 Surorum
1236 4149 1527 4219 oppidum
1549 4151 1722 4222 cepit,
1752 4151 2112 4223 Surinosque

456 4236 515 4291 in
544 4237 885 4291 servitutem
917 4237 1179 4291 abduxit.
1217 4238 1374 4308 25a
1405 4238 1516 4293 Sed
1558 4240 1798 4294 tandem
1833 4240 2109 4295 undecim

453 4324 823 4395 captivorum
851 4323 1033 4378 millia
1064 4325 1335 4378 ducentis
1358 4327 1553 4380 aureis
1578 4335 1944 4396 permutans,
1968 4328 2106 4383 libe-

450 4426 549 4467 ros
590 4426 799 4466 omnes
826 4410 1069 4475 dimisit,
1104 4412 1371 4466 Candido
1404 4414 1764 4485 Sergiopolis
1821 4415 2106 4489 episcopo

450 4500 766 4573 pecuniam
797 4499 1093 4573 pollicito:
1122 4500 1220 4571 qui
1245 4515 1384 4555 cum
1410 4501 1725 4572 promissis
1753 4518 1874 4558 non
1901 4479 2099 4571 staret,
2136 4529 2138 4532 ⁴

2251 4511 2417 4556 ιτῖσαι
2446 4506 2503 4554 τὸ
2543 4506 2700 4573 χρέος
2746 4503 3113 4572 ὑποσχομένου
3146 4500 3194 4534 ⁶⁹

449 4591 531 4647 ad
558 4590 782 4660 justam
829 4590 1283 4647 dissolutionem
1356 4590 1605 4647 adactus
1655 4597 1760 4646 est.
1813 4592 2102 4649 Chosroes

2251 4611 2340 4653 εως
2415 4590 2680 4661 ἀλογήσας
2758 4595 2851 4649 τὴν
2906 4585 3117 4641 δικαίαν
3172 4586 3533 4659 εἰσεπράττετο
3587 4587 3819 4638 ἔκτισιν.

449 4676 590 4735 dein
639 4678 1001 4753 Hierapolim
1044 4678 1322 4735 obsidere
1379 4683 1660 4751 coeperat,
1706 4694 1844 4735 cum
1894 4678 1973 4734 illi
2000 4681 2101 4736 Be-

2251 4686 2447 4753 .οσρόης
2477 4676 2535 4733 δι
2578 4684 2672 4739 τὴν
2710 4678 2989 4752 Ἱεράπολιν
3037 4676 3326 4749 πολιορκεῖν
3360 4673 3658 4749 ἀρξάμενος,
3693 4673 3822 4727 ἐπεὶ

443 4768 629 4826 rhmaa
658 4769 977 4843 episcOpus
998 4769 1112 4843 (cui
1135 4771 1341 4841 Magno
1373 4767 1618 4840 nomen)
1637 4768 1838 4841 pondo
1868 4769 2097 4839 argenti

2264 4774 2472 4845 Βεροίας
2498 4770 2544 4805 ⁷ο
2573 4769 2713 4840 αὐτῷ
2757 4768 3047 4828 ἐπισκοπος
3087 4764 3316 4839 ἀργύρου
3378 4765 3589 4837 σταθμὰ
3618 4759 3825 4834 δισχίο

444 4858 567 4917 duo
597 4858 783 4916 millia
801 4860 1087 4932 promisit.
1127 4858 1311 4917 Solvit
1330 4860 1531 4932 itaque
1555 4857 1937 4916 obsidionem
1964 4874 2091 4927 rex,

2255 4878 2289 4913 α
2335 4861 2497 4924 ἔθετο,
2552 4857 2751 4917 ἀπέστη
2803 4865 2892 4919 τῆς
2953 4856 3274 4929 πολιορκίας,
3334 4853 3665 4926 ὁμολογήσας
3716 4857 3822 4905 καὶ.

2218 4434 2351 4466 απαν
2359 4434 2463 4479 τας,

3231 4515 3243 4527 ·
3291 4499 3316 4550 6
3363 4494 3421 4551 δι
3460 4506 3547 4557 τῆς
3577 4498 3825 4567 ὑποσχέ-

1794 4984 2027 5079 vanu:
2054 5020 2456 5079 LECTIONES.
2544 5016 2545 5019 ‘

3524 5168 3570 5205 ⁵⁷
3600 5168 3816 5239 ἀνηγό-

2158 5176 2204 5211 ⁵⁸
2233 5170 2327 5227 διὰ
2357 5181 2505 5226 τοῦτο
2545 5172 2758 5247 ὕστερον
2788 5194 2845 5237 ς’.
2921 5173 2968 5207 ⁵⁸
3001 5172 3354 5240 Ἰουστινιανῷ
3392 5190 3445 5234 ς.
3524 5170 3570 5205 ⁵⁷
3600 5170 3714 5239 ἀνητ

2197 5250 2244 5278 Μ
2272 5246 2491 5278 ἐιιηηῖρί..
2521 5267 2555 5278 -
2684 5247 2727 5278 61
2763 5253 2863 5278 ’,λυ
2897 5244 3010 5278 911ιῖ
3080 5253 3102 5278 Α
3228 5245 3274 5278 6!
3314 5242 3515 5278 A.£.’.Mu
3552 5248 3576 5278 Δ
3691 5245 3714 5278 6

3722 5247 3816 5295 ³ό

2197 5250 2244 5282 ⁸⁸
2271 5246 2491 5306 ἀνηλεῶς
2520 5267 2573 5309 ς’.
2672 5242 2727 5280 ’θί
2763 5253 2863 5296 τῶν
2896 5244 3038 5299 add.
3073 5253 3135 5297 A.
3228 5245 3274 5278 ⁶²
3306 5242 3515 5295 Λιϐύων
3545 5248 3604 5294 Δ.

2311 5320 2357 5353 ⁸⁸
2382 5318 2697 5389 καλουμένας
2731 5312 2965 5378 σπονδὰς
2990 5337 3046 5380 ς’.
3076 5318 3118 5351 ⁸⁷
3156 5318 3310 5387 Σύρον
3345 5345 3409 5353 —-
3442 5318 3690 5386 Συρίνους
3752 5338 3812 5379 ς,

486 5235 490 5239 ι
513 5175 561 5210 ⁸³
586 5180 694 5236 τοῖς
720 5179 1051 5248 μετασχοῦσι
1077 5194 1133 5248 ς’.
1209 5174 1256 5209 ⁸³
1287 5180 1463 5248 Ζαμοῦ
1490 5180 1551 5227 Α.
1629 5173 1677 5209 ⁸⁴
1701 5174 1983 5227 Δουνάντου
2026 5196 2079 5240 ς.

477 5264 619 5297 ευσεν
652 5242 729 5308 ς’(
820 5246 865 5280 ⁵⁸
885 5242 1165 5315 ⁷ΙΞαραίὅης
1195 5267 1249 5309 ς’.
1361 5242 1408 5281 ⁸9
1435 5250 1527 5304 τὴν
1558 5254 1645 5298 τοῦ
1678 5250 2031 5319 κοιαίστωρος
2062 5268 2116 5311 ς’.

455 5323 685 5386 Υίττιγις
707 5338 763 5381 ς’.
874 5318 920 5351 ⁶⁴
954 5320 1191 5369 Βασάκου
1224 5319 1304 5369 ὅτε
1334 5317 1443 5390 οἶμα
1490 5339 1543 5381 ς.
1660 5319 1706 5391 (ἥδ
1738 5318 1852 5391 μιν]
1891 5317 1980 5390 μὲν
2011 5326 2106 5371 τῶν
2142 5339 2196 5382 ς’.

440 5389 487 5426 ⁸⁸
516 5388 726 5461 χιλίους
751 5410 804 5454 ς’.
882 5390 931 5423 ⁸9
954 5391 1352 5463 ὑποσχουμένου
1370 5388 1444 5453 Vg.
1519 5390 1567 5423 7°
1594 5388 1851 5463 Βεῤῥοίαξ

2000 5511 2233 5603 ΝΟΤΕ.

530 5628 619 5699 ’14)
657 5650 678 5678 ι
712 5626 875 5684 Adeo
901 5626 1276 5699 Quadubadi,
1312 5647 1336 5678 υ
1368 5632 1455 5684 est
1477 5627 1538 5683 in
1574 5626 1866 5699 Procopio
1893 5604 2118 5684 Latino.

530 5629 597 5685 ’14
657 5650 678 5678 ι
712 5628 875 5684 Adeo
901 5628 1276 5695 Quadubadi,
1312 5647 1336 5678 ν
1368 5632 1455 5684 est
1477 5628 1538 5683 in
1574 5628 1866 5699 Procopio
1893 5628 2118 5684 Latino.

502 5628 620 5783 2753
651 5698 908 5772 Populus
938 5698 1159 5771 ubique
1186 5698 1442 5757 factione
1472 5699 1696 5756 Veneta
1725 5706 1782 5755 et
1806 5696 2054 5759 Prasina
2090 5698 2321 5757 divisus
2344 5703 2493 5765 erat.
2520 5698 2882 5772 (Pnocorws)
2908 5738 2909 5741 η
