4046 6228
167 264 236 318 {33
1223 243 1720 346 BlBLlOTHECA.
1759 279 1826 290 —
1865 247 2025 304 COD.
2069 239 2254 304 LVlll.

3317 248 3417 304 134

161 393 280 446 πάσης
318 382 580 438 ἀποστῆναι
624 388 719 440 τῆς
770 377 950 448 Ἐῴας,
1007 379 1050 429 εἰ
1112 371 1241 428 δέκα
1281 381 1492 448 χρυσοῦ
1545 391 1689 424 κεν-η

1796 375 2069 432 iollicitus
2095 374 2303 430 adhaac
2329 373 2493 430 omni
2520 372 2672 431 adeo
2707 374 2960 431 Orientis
3007 377 3417 430 Romanorum

158 477 312 549 τςνῴια
351 469 498 525 λάϐοι.
557 469 749 529 Βούζης
808 463 868 520 δε
920 467 946 517 ό
988 474 1080 526 τῆς
1125 463 1286 534 Ἐᾡας
1341 465 1657 538 στρατηγὸς,

159 547 373 634 ἀξιόμαχον
402 560 570 611 ἑαυτὸν
610 558 702 610 ούκ
741 557 973 628 οἰόμενος
1017 562 1088 625 τῷ
1140 560 1372 626 Χοσροῃ,
1424 547 1527 602 ὧδε
1568 548 1662 602 κᾶ-

157 660 252 704 ιεὶσε
289 647 649 721 περιεπλανᾶτο.
713 651 961 717 Χοσρόης
1008 641 1067 695 δὲ
1118 644 1200 694 ἐπὶ
1250 645 1457 714 Βέροιαν
1501 658 1662 712 στρα-

159 745 286 799 tristi;
323 742 421 809 ᾔτει
587 735 750 787 πολλὰ
791 741 1067 806 χρήματα.
1114 729 1283 783 λαϐὼν
1325 727 1383 780 δὲ
1415 725 1667 800 δισχίλια

160 830 309 899 σταθμὰ
351 825 589 899 ἀργυρίου
661 823 791 875 ἄλλα
849 830 1081 874 τοσαῦτα
1143 818 1542 891 προσεπεζήτει,
1593 821 1664 888 μή

158 914 370 968 διδοὺντων
421 915 464 949 ⁷¹
518 911 577 965 δε
631 913 869 987 ἰσχυρῶς
922 909 1225 982 ἐπολιόρκει.
1275 913 1379 958 Τοῦ
1431 903 1490 958 δὲ
1531 914 1669 977 σφῶν

155 1005 371 1057 ἐπισκόπου
409 1008 822 1076 παραγενομένου
853 1001 902 1034 ’⁸³
945 1000 1138 1070 (Μέγας
1181 993 1244 1054 ἦν
1299 1000 1459 1067 ὄνομα
1508 995 1670 1065 αὐτῷ)

150 1100 209 1145 καὶ
244 1099 451 1166 Χοσρόην
491 1093 837 1166 λιπαροῦντος
884 1092 1004 1150 τοὺς
1045 1091 1136 1162 μὲν
1183 1091 1472 1161 Βεροιαίους
1501 1092 1672 1137 κακῶν

150 1183 306 1241 ἀπαθεῖς
345 1181 524 1252 ἀφῆκεν
557 1183 707 1244 ἰέναι,
740 1181 839 1236 ὅπη
889 1176 1030 1249 φίλον
1075 1175 1280 1246 ἑκάστῳ
1326 1177 1401 1231 εἰη
1457 1191 1470 1202 ⁶
1521 1175 1571 1225 οἱ
1616 1169 1674 1225 δὲ

149 1280 392 1345 στρατιῶται
445 1269 768 1323 οἱπλεῖστοι
825 1267 1017 1326 ἑκόντες
1071 1266 1275 1317 εἵποντο
1333 1267 1674 1336 στρατευόμε-

147 1380 195 1411 ni
234 1365 436 1432 Χοσρόῃ,
487 1361 568 1411 ὃτι
619 1358 811 1418 αύτούς
861 1359 887 1407 ό
933 1353 1181 1428 βασιλεὺς
1231 1360 1332 1404 τῶν
1387 1351 1674 1413 συντάξεων

144 1448 368 1520 ἀπεστέρει.
424 1451 668 1521 Χοσρόης
753 1442 832 1510 δε,
886 1443 992 1496 επεὶ
1057 1447 1313 1518 χρήματα
1382 1442 1675 1511 Ἀντιοχεῖς

145 1538 310 1597 αἰτήσας
374 1538 463 1588 ούκ
544 1534 742 1602 ἢαϐεν,
803 1532 1090 1607 ἐπολιόρκει
1158 1536 1252 1588 τὴν
1312 1529 1674 1601 ’Δντιόχειανο

145 1622 329 1698 σφοδρῶς
365 1623 420 1677 δε
447 1625 890 1699 πολιορκουμένης
920 1627 1229 1679 Θεόκτιστος
1266 1624 1356 1670 καὶ
1380 1618 1621 1677 Μελάτζη
1635 1637 1675 1680 ς,

1771 465 1991 520 ditione
2010 482 2070 520 se
2100 465 2558 532 excessurum,si
2593 464 2749 519 mille
2779 464 2908 520 auri
2934 463 3133 536 pondo
3155 467 3418 533 caperet.

1775 555 1999 610 Interea
2034 557 2229 618 Buzes,
2262 553 2384 606 dux
2406 553 2678 619 Orientis,
2736 553 2955 608 viribus
3017 555 3139 608 suis
3165 551 3420 616 difﬁsus,

1775 660 1913 698 cum
1961 643 2217 699 ChOSI‘OB
2276 657 2544 714 pugnare
2603 643 2958 708 detrectans,
3037 640 3426 698 circumcirca

1777 732 2114 787 oberrabat.
2147 734 2294 801 Ergo
2331 732 2586 786 Berbmaa
2621 732 2865 787 admoto
2911 733 3195 797 exercitu,
3238 731 3424 785 Chos-

1778 837 1910 877 roes
1937 822 2325 893 pecuniarum
2353 820 2606 876 nimium
2637 829 2929 892 quantum
2963 823 3303 893 postulavit,
3328 841 3426 881 ac-

1780 912 2083 982 ceptisque
2110 910 2307 981 pondo
2338 912 2562 980 argenti
2595 911 2857 966 millibus
2877 911 3139 976 duobus,
3173 913 3425 971 alterum

1783 1005 2008 1054 tantum
2031 1000 2256 1068 exegit:
2288 1015 2470 1070 quam
2503 998 2646 1071 quia
2663 1000 2822 1054 cives
2837 1016 3139 1056 summam
3161 1018 3277 1057 non
3293 1019 3430 1074 pen-

1783 1088 2026 1150 debant,
2064 1088 2252 1143 valide
2286 1088 2494 1143 urbem
2512 1094 2839 1161 oppugnat.
2874 1090 3092 1145 Verum
3109 1092 3431 1148 accedente

1783 1179 1996 1249 Magno
2025 1178 2226 1248 oppidi
2259 1177 2566 1249 episcopo,
2597 1184 2651 1232 et
2699 1179 3001 1234 Chosroen
3047 1180 3431 1252 deprecante,

1786 1268 2134 1325 Behceenses
2146 1267 2444 1322 immunes
2460 1266 2800 1338 liberosque
2813 1267 2973 1322 abire
2987 1269 3434 1342 permissit,quo

1783 1357 2041 1430 quisque
2075 1355 2261 1411 vellet.
2297 1356 2440 1411 Hinc
2484 1355 2751 1428 plerique
2809 1357 2987 1413 etiam
3043 1359 3297 1416 militum
3352 1359 3434 1416 ad

1784 1447 2083 1502 Chosroen
2106 1461 2215 1501 sua
2244 1451 2456 1518 sponte
2503 1444 2883 1511 transierunt,
2907 1448 3074 1519 quod
3115 1448 3430 1520 stipendiis

1787 1552 1890 1592 eos
1917 1536 2240 1608 imperator
2270 1533 2625 1591 fraudasset.
2659 1535 2750 1592 Ab
2775 1535 3150 1592 Antiochenis
3176 1536 3440 1594 similiter

1787 1624 2108 1698 pecuniam
2133 1624 2423 1679 Cbosroes
2442 1625 2771 1695 postulans,
2800 1641 2908 1680 nec
2929 1628 3440 1696 impetrans,arcte

144 1716 323 1784 ἐρετῶν
357 1716 609 1786 ἑπομένων
651 1714 831 1773 αὐτοῖς
874 1711 975 1764 ἀπὸ
1024 1718 1116 1762 τοῦ
1151 1707 1377 1762 Λιϐάνου
1420 1727 1681 1780 στρατιω-

1796 1713 2159 1770 Antiochiam
2182 1715 2380 1768 cinxit.
2413 1713 2682 1786 Cumque
2707 1730 2808 1769 rex
2857 1720 3086 1784 urgeret
3115 1715 3438 1781 obsidium,

142 1811 224 1868 τῶν,
263 1805 602 1866 ὑπεξελθόντες
655 1805 864 1874 ἔφυγον,
926 1805 1014 1852 καὶ
1069 1801 1203 1851 οὕτω
1261 1802 1501 1870 Χοσρόης
1558 1795 1680 1846 ἀτα-

137 1893 344 1965 λαιπώρως
384 1895 719 1964 Ἀντιόχειαν
759 1894 1132 1962 παρεστήσατο
1169 1891 1412 1948 καὶτοὺς
1451 1887 1501 1937 ἐν
1551 1884 1676 1956 αύτῇ

139 1979 525 2054 ἐνδραποδίσατο.
589 1980 862 2056 Πρίσϐεων
917 1976 974 2031 δι
1025 1978 1148 2051 παρ’
1224 1977 1378 2028 αὐτὸν
1452 1976 1681 2032 ἡκόντων

137 2071 315 2124 Ἰωάννου
360 2091 410 2124 τε
445 2079 541 2124 τοῦ
583 2070 859 2142 Ῥουφίνου
913 2073 1000 2120 καὶ
1050 2066 1334 2120 Ἰουλιανοῦ
1382 2071 1473 2116 τοῦ
1516 2082 1683 2135 γραμ-

135 2167 282 2228 paria;
351 2169 445 2212 τῶν
515 2158 851 2234 ἁποῤῥήτων,
919 2160 1008 2208 καὶ
1064 2155 1256 2214 πολλῆς
1327 2150 1684 2224 δικαιολογίας

137 2249 368 2320 summit)
415 2249 590 2301 αὐτῶν
637 2267 692 2300 τε
739 2252 828 2299 καὶ
875 2249 1113 2320 Χοσρὸου
1148 2246 1511 2316 γεγενημένης,
1546 2241 1685 2299 τέλος

138 2336 320 2400 ibiibi;
369 2337 666 2397 συνέϐησαν
697 2335 771 2408 ἐφ’
875 2339 1116 2409 Χοσρόην
1156 2331 1203 2384 ἐν
1256 2335 1346 2404 μεν
1375 2339 1446 2402 τῷ
1480 2349 1687 2403 παραυ-

137 2432 226 2478 tiu
271 2431 570 2500 κεντηνάρια
624 2431 944 2483 πεντήκοντα
991 2425 1131 2496 παρὰ
1177 2423 1225 2456 ⁷³
1275 2420 1539 2493 Ῥωμαίων
1594 2419 1688 2471 λα-

138 2515 268 2581 ϐόντα,
308 2521 447 2569 πέντε
502 2512 564 2567 δέ
625 2519 897 2586 φερόμενον
946 2511 1164 2564 ὶπίτειον
1212 2509 1361 2562 ἄλλον
1400 2509 1448 2543 ⁷4
1481 2505 1686 2580 δασμόν

139 2604 190 2664 εὶς
241 2611 314 2657 τόν
387 2607 560 2658 πάντα
645 2603 827 2666 αἰῶνα,
901 2597 1067 2673 μηδεν
1120 2599 1309 2661 αύτούς
1359 2596 1688 2672 ἕγράσασθαι

136 2701 368 2766 περαιτέρω
412 2713 577 2746 κακον
623 2706 637 2719 ⁸
675 2689 916 2765 πρέσϐεις
960 2708 1013 2742 τε
1056 2689 1207 2742 πάλιν
1256 2690 1397 2759 παρὰ
1432 2685 1687 2757 βασιλέως

139 2782 444 2855 στελλομένους
495 2785 596 2844 τὰς
648 2779 782 2852 ἀμφὶ
831 2787 895 2851 τῇ
950 2779 1122 2854 εἰρήνῃ
1178 2779 1224 2812 π’
1271 2774 1502 2837 σπονδὰς
1543 2775 1690 2848 ἐμϐε-

134 2871 496 2930 εαιωθοσεσθαι.
548 2869 716 2924 Ἀλλὰ
767 2883 944 2920 καιτοι
989 2876 1156 2920 ταῦτα
1201 2865 1292 2938 [37
1339 2867 1431 2936 Η.]
1486 2867 1688 2937 θέμενος

137 2966 348 3034 Χοσροης,
394 2962 479 3014 ἐπί
533 2979 594 3012 τε
645 2963 738 3016 τὴν
790 2959 1075 3027 ’Δπάμειαν
1125 2959 1205 3027 ᾔει
1245 2955 1318 3022 ⁷⁸,
1364 2960 1530 3026 Θωμᾶ
1576 2959 1691 3006 τότε

133 3048 568 3125 ἀρχιερατεσοντος,
622 3054 712 3099 καὶ
755 3053 1014 3120 χρήματα
1050 3043 1254 3118 μεγάλα
1287 3043 1646 3119 εἰσεπράττετο
1674 3059 1685 3070 ·

133 3138 239 3198 tim;
282 3143 341 3192 τά
391 3160 445 3193 τε
495 3140 618 3212 ἱερὰ
673 3141 763 3189 καὶ
819 3139 888 3187 τὰ
949 3134 1259 3207 ἀναθήματα
1304 3135 1471 3185 πάντα
1523 3132 1692 3185 λαϐὼν

132 3224 258 3278 ἀπιὼν
294 3235 479 3300 ᾤχετο,
530 3229 626 3280 Ἐν
753 3229 841 3276 καὶ
884 3229 998 3298 περὶ
1041 3232 1143 3275 τῶν
1190 3228 1373 3295 τιμίων
1427 3227 1517 3274 καὶ
1567 3223 1693 3282 ζωοο

133 3325 254 3366 ποιῶν
304 3317 454 3379 ξύλων
533 3315 1091 3386 τεθαυματούργηται.
1142 3315 1363 3384 Εἴρηται
1411 3316 1500 3363 καὶ
1562 3314 1695 3371 ὅπως

133 3409 329 3480 hspes;
394 3403 756 3479 ἱπποδρόμιον
831 3402 934 3454 ἐκεῖ
992 3403 1258 3456 εθεάσατο.
1315 3400 1452 3455 Ἀλλ’
1508 3400 1695 3453 ἐκεῖθεν

135 3500 330 3568 Χοσρόης
378 3497 458 3549 ἐπὶ
523 3490 782 3550 Χαλκίδα
827 3491 980 3544 πάλιν
1021 3493 1067 3526 ⁷⁷
1123 3491 1413 3564 ἐπορεύετο,
1459 3492 1584 3565 ὑπὲρ
1635 3491 1699 3563 ᾖς

137 3578 212 3636 δύο
253 3585 409 3638 λαϐὼν
455 3585 780 3656 κεντηνάρια
817 3581 864 3616 ⁷⁸
893 3583 1036 3655 παρὰ
1086 3589 1186 3633 τῶν
1239 3579 1513 3632 οἰκούντων
1567 3581 1700 3632 ἁπο-

135 3674 362 3748 λιδρκητον
415 3681 585 3730 εἴασε.
643 3679 743 3727 Καὶ
801 3671 884 3724 ἰπὶ
935 3669 1200 3724 Ἔδεσσαν
1233 3666 1291 3722 δε
1321 3672 1368 3705 ⁷9
1409 3671 1698 3746 πορευθεὶς,

139 3757 213 3814 3-39
235 3765 387 3818 λαϐὼν
413 3764 757 3836 κεντηνάρια,
798 3767 907 3814 τισί
946 3756 1004 3812 δι
1042 3765 1131 3812 καὶ
1179 3761 1508 3831 θεοσημείαις
1561 3757 1703 3811 ἀπει-

135 3850 289 3922 ληθείς,
344 3855 731 3928 ἀπολιόρκητον
803 3854 944 3902 εἴασε
1017 3848 1277 3906 κάκείνην.
1357 3851 1498 3906 Αὕτη
1559 3847 1704 3900 ἐστὶν

136 3938 353 4011 Ἔδεσσα,
385 3945 431 3996 ἐν
525 3945 773 4014 Αὕγαρός
803 3958 857 3991 τε
898 3943 988 3990 καὶ
1029 3941 1096 3990 τὰ
1121 3943 1237 4012 περὶ
1275 3941 1514 4013 Αῦγαρον
1543 3937 1704 3990 πάλαι

135 4039 236 4103 πρὸς
276 4042 501 4109 Χριστοῦ
562 4031 838 4105 ἐπράχθη.
911 4027 1079 4089 Οὗτος
1131 4024 1189 4079 δὲ
1242 4029 1265 4079 ὁ
1323 4029 1563 4100 Αύγαρος
1615 4031 1704 4078 καὶ

136 4120 230 4191 παρ’
282 4127 582 4194 Αὔγουστον
657 4125 744 4172 τὸν
821 4123 937 4170 τότε
1004 4115 1266 4184 Ῥωμαίων
1344 4115 1705 4190 αὐτοκράτορα

135 4218 460 4284 παραγεγονὼς
512 4211 665 4284 φίλος
739 4227 794 4260 τε
852 4206 898 4268 ἐς
952 4208 1018 4258 τὰ
1072 4205 1305 4277 μάλιστα
1351 4204 1702 4278 ἕχρημάτισε,

137 4307 204 4350 ui.
242 4306 327 4358 τήν
377 4304 426 4362 ες
471 4304 538 4353 τὰ
588 4299 757 4350 οἰκεῖα
813 4292 1061 4349 ἓπάνοδον
1118 4300 1270 4367 σοφίᾳ
1324 4294 1700 4367 κατεπράξατο.

139 4387 243 4441 Ἀλλ’
271 4392 366 4443 ὅτε
404 4411 464 4462 γε
517 4393 765 4460 Χοσρόης
808 4385 864 4449 ἐξ
893 4382 1149 4446 Ἐδέσσης
1192 4383 1394 4458 ἀπάρας
1439 4383 1703 4459 ἐπορεύετο

139 4482 238 4530 τότε
280 4487 365 4532 καὶ
421 4483 508 4552 L17
565 4479 657 4549 ἢ]
714 4479 1083 4537 Ἰουστινιανός
1141 4473 1336 4549 ἔγραψε
1413 4480 1520 4534 τοῖς
1576 4477 1706 4548 πρέ-

145 4564 304 4633 σϐεσιν,
338 4570 650 4622 ἓπιτελέσειν
694 4567 762 4618 τὰ
805 4566 1106 4618 συντεθέντα
1145 4562 1429 4637 ὁμολογῶν.
1468 4567 1709 4635 Χοσρόης

1789 1805 2154 1860 Theoctistus
2210 1808 2266 1857 et
2316 1802 2609 1865 Mulatzes,
2672 1818 2792 1858 una
2827 1819 2966 1858 cum
3020 1803 3094 1858 iis
3152 1803 3440 1858 militibus

1791 1909 1944 1965 quos
1957 1909 1990 1946 a
2007 1891 2228 1947 Libano
2243 1908 2448 1947 secum
2478 1892 2949 1955 duxerant,clam
2968 1893 3174 1948 urbem
3191 1892 3440 1963 egressi,

1791 1981 2087 2053 fugerunt.
2123 1979 2208 2035 Ita
2240 1980 2525 2035 Cbosroes
2560 1980 2688 2034 sine
2719 1980 2924 2035 labore
2962 1980 3343 2037 Antiochiam
3366 1980 3443 2036 ad

1793 2069 2158 2126 deditionem
2183 2067 2490 2140 compulit,
2522 2069 2802 2141 civesque
2817 2069 2875 2125 in
2895 2071 3240 2126 servitutem
3271 2071 3442 2126 rede-

1795 2159 1879 2228 git
1905 2159 2040 2230 (76).
2072 2157 2210 2212 Inde
2238 2157 2417 2226 legati
2442 2158 2520 2214 ad
2540 2157 2708 2212 illum
2736 2159 3207 2224 missi,Joannes
3249 2159 3445 2216 Ruﬁni

1795 2247 1971 2310 ﬁlius,
2002 2253 2058 2302 et
2099 2245 2374 2300 Julianus
2426 2251 2793 2302 secretorum
2851 2246 3084 2303 scriba:
3134 2247 3444 2320 multisque

1797 2337 1949 2392 ultro
1965 2335 2230 2406 citroque
2246 2334 2321 2390 de
2338 2333 2522 2408 aequis
2539 2335 2978 2391 conditionibus
2992 2336 3210 2394 habitis
3225 2351 3451 2393 sermo-

1797 2425 1994 2492 nibus,
2014 2423 2258 2480 tandem
2320 2425 2634 2481 convenit:
2670 2429 2733 2480 ut
2777 2423 3030 2482 Chosroe
3071 2427 3188 2496 (77)
3246 2427 3445 2482 statim

1798 2515 2042 2571 Romani
2090 2514 2357 2585 quinque
2411 2528 2732 2569 aureorum
2797 2514 2979 2569 millia
3038 2519 3445 2580 numerarent,

1797 2605 2159 2676 quingentos
2181 2617 2317 2656 vero
2349 2617 2563 2657 aureos
2584 2606 2928 2673 quotannis,
2965 2603 3165 2658 tributi
3204 2601 3450 2658 alterius

1798 2694 2063 2756 nomine,
2096 2696 2383 2762 perpetuo
2407 2689 2746 2760 penderent,
2767 2691 2910 2745 nihil
2931 2707 2994 2745 se
3023 2693 3304 2762 deinceps
3326 2706 3453 2747 mo-

1799 2781 1982 2837 lestias
2011 2780 2331 2834 allaturum
2362 2778 2722 2848 promittenti
2757 2793 2769 2834 :
2817 2786 2997 2851 utque
3038 2780 3207 2834 missi
3233 2781 3452 2836 iterum

1801 2869 1879 2926 ab
1903 2872 2256 2940 imperatore
2272 2866 2470 2936 legati,
2498 2869 2660 2937 pacis
2686 2875 2976 2923 conventa
2996 2867 3326 2924 ﬁrmarent.
3346 2867 3454 2924 Ve-

1800 2974 1934 3014 rum
1965 2958 2145 3013 etiam
2175 2956 2270 3011 his
2292 2955 2374 3011 ita
2398 2955 2768 3028 compositis,
2800 2955 3085 3012 Cbosroes
3117 2960 3452 3028 Apameam

1801 3047 2118 3120 profectus,
2151 3043 2249 3100 ubi
2279 3045 2538 3101 Thomas
2559 3045 2871 3118 episcopus
2887 3045 3262 3117 praesidebat,
3289 3061 3456 3116 mag-

1802 3153 1944 3193 nam
1966 3137 2015 3190 ei
2047 3133 2436 3206 pecuniarum
2465 3135 2584 3190 vim
2611 3134 2969 3205 impetravit,
3004 3151 3072 3191 ac
3099 3135 3342 3193 tandem
3365 3151 3458 3192 sa-

1804 3241 1904 3281 cra
1933 3240 2094 3286 vasa,
2119 3223 2477 3294 templisque
2497 3223 2774 3278 dedicata
2800 3223 3085 3280 universa
3111 3241 3317 3281 secum
3345 3241 3458 3282 au-

1805 3310 2305 3377 ferens,discessit
2336 3327 2349 3362 :
2384 3312 2532 3366 inter
2562 3326 2691 3382 quaa
2730 3311 2888 3367 circa
2921 3311 3241 3368 adorandae
3269 3329 3338 3368 ac
3371 3313 3460 3368 vi-

1807 3403 1994 3457 viticte
2015 3400 2208 3456 crucis
2233 3399 2466 3469 lignum
2504 3399 2862 3456 miraculum
2891 3401 3138 3470 contigit
3163 3401 3297 3472 (78).
3320 3404 3464 3458 Νεω-

1809 3499 1970 3547 ratur
1999 3489 2180 3546 etiam
2210 3489 2384 3544 ludos
2407 3489 2944 3560 equestresibidem
2969 3496 3294 3561 spectasse.
3318 3491 3462 3548 Inde

1811 3581 1886 3636 ad
1901 3578 2239 3636 Chalcidem
2257 3578 2465 3632 urbem
2479 3593 2826 3649 progressus
2842 3579 3071 3648 est,et2
3083 3578 3176 3650 5!)
3189 3579 3464 3636 ducentis

1813 3671 2004 3724 aureis
2033 3668 2112 3724 ab
2141 3665 2349 3723 incolis
2388 3665 2630 3736 exactis,
2667 3667 2797 3722 sine
2825 3667 3140 3724 obsidione
3195 3669 3460 3724 recessit.

1813 3758 1983 3815 Venit
2005 3758 2145 3813 hinc
2175 3756 2478 3819 Edessam,
2511 3762 2567 3810 et
2600 3757 2966 3811 tantumdem
2995 3757 3237 3813 abstulit
3262 3774 3363 3814 :ac
3393 3758 3468 3813 si-

1812 3849 1947 3920 gnis
1976 3844 2345 3919 quibusdam
2359 3844 2574 3899 divinis
2586 3844 2918 3911 deterritus,
2946 3845 3104 3902 hanc
3117 3863 3278 3918 quoq
3289 3863 3358 3902 ue
3375 3863 3466 3902 ur-

1814 3937 1950 3992 bem
1978 3950 2100 3991 non
2125 3932 2548 4004 obsedit.(H£ec
2578 3931 2800 3987 Edessa
2829 3933 2930 3989 illa
2952 3942 3040 3990 est
3068 3934 3128 3990 in
3175 3951 3295 4007 qua
3345 3937 3468 3991 Au-

1815 4041 1998 4098 garus
2029 4022 2164 4095 (79),
2197 4037 2454 4092 quaeque
2473 4021 2534 4075 in
2562 4020 2661 4076 illo
2684 4021 3012 4093 antiquitus
3039 4038 3144 4095 per
3167 4025 3461 4080 Christum

1814 4117 2051 4187 patrata
2078 4129 2094 4182 ;
2125 4112 2408 4181 idemque
2437 4109 2535 4164 hic
2552 4112 2843 4179 Augarus,
2869 4111 2970 4182 qui
2993 4112 3072 4166 ad
3097 4117 3465 4182 Augustum,

1817 4207 1952 4261 tunc
1979 4204 2375 4257 Romanorum
2396 4197 2816 4270 imperatorem
2836 4199 3156 4271 profectus,
3181 4202 3378 4258 amico
3399 4219 3467 4259 eo

1814 4293 1876 4348 in
1901 4290 2110 4364 primis
2142 4305 2310 4352 usus,
2338 4293 2402 4344 ut
2429 4288 2510 4343 illi
2527 4287 2605 4370 ad
2624 4303 2765 4343 suos
2789 4289 2980 4345 redire
3010 4291 3250 4347 nonnisi
3282 4291 3472 4349 soler-

1816 4381 1900 4439 tia
1919 4380 2191 4453 quadam
2221 4379 2292 4432 sit
2320 4376 2573 4449 datum).
2598 4379 2690 4434 Sic
2719 4376 2899 4447 igitur
2928 4379 3220 4436 Chosroes
3243 4381 3468 4438 Edessa

1783 4479 1798 4491 ί
1815 4466 2102 4527 discessit.
2130 4471 2209 4523 Ea
2224 4466 2402 4523 etiam
2430 4473 2780 4538 tempestate
2797 4467 3011 4538 legatis
3042 4471 3167 4525 suis
3191 4469 3472 4526 Iustinia-

1815 4575 1931 4616 nus
1957 4557 2282 4629 rescripsit,
2322 4561 2602 4628 paratum
2659 4571 2722 4613 se
2773 4563 2951 4629 pacta
2975 4566 3273 4617 conventa
3307 4558 3474 4631 pacis

1454 4720 1697 4778 νΑΒιΑε
1732 4719 2138 4777 LECTIONES.

199 4862 234 4898 τ’
260 4860 508 4916 διδόντων
539 4881 602 4928 ς’.
679 4861 726 4896 τί
754 4861 1172 4944 παραγεναμίνου
1203 4862 1266 4911 Δ.
1342 4857 1392 4892 ⁷³
1423 4853 1596 4982 rufa};
1617 4858 1747 4929 πρὸς
1775 4862 1837 4910 Δ.
1912 4855 1962 4890 ⁷⁸
1993 4854 2142 4908 ἄλλον
2175 4859 2219 4909 Δ
2245 4869 2259 4911 :
2287 4851 2477 4926 μᾶλλον
2511 4873 2567 4920 ς.

199 4952 204 4985 I
229 4955 276 4985 τ.
345 4937 388 4972 π
416 4936 574 4985 πόλιν
607 4953 662 4985 ε’.
738 4930 789 4966 ⁷⁸
810 4949 1121 4985 κεντηνκοια
1143 4927 1312 4983 λαϐὼν
1346 4949 1401 4985 ς.
1480 4930 1528 4984 ,⁸
1598 4932 1622 4981 ι
1644 4929 1791 4985 add.
1821 4929 1894 4984 A.

1480 4945 1528 4984 ."
1562 4945 1622 4982 σε
1644 4945 1791 4985 ααα.
1821 4945 1894 4984 Δ.

145 4933 204 4991 εἴη
229 4955 276 5000 ς.
345 4937 388 4972 π
416 4927 574 4989 πόλιν
607 4953 662 4999 ς’.
738 4930 789 4966 ⁷⁸
810 4927 1121 5004 κεντηνάρια
1143 4927 1312 4983 λαϐὼν
1346 4949 1401 4993 ς.

2672 4853 2720 4890 ’⁷⁵
2750 4855 2845 4912 τὴν
2877 4851 3084 4927 εἰρήνην
3116 4876 3172 4922 ς’.
3202 4855 3250 4892 ⁷⁸
3277 4858 3359 4915 in
3382 4860 3423 4908 A
3463 4871 3478 4912 :

1681 5071 1908 5129 ΝΟΤΑΞ.

145 5247 166 5305 Ι·
189 5229 286 5300 (76)
311 5232 488 5287 Addit
513 5229 769 5300 Procop.
804 5247 829 5279 ι
871 5225 1209 5298 Urbemque
1239 5229 1452 5298 printer
1487 5222 1711 5295 templa

145 5307 387 5358 incendit.
423 5323 452 5353 »

197 5375 293 5440 (77)
321 5375 385 5430 Ut
409 5371 781 5430 Chosroesin
817 5383 1081 5440 priesens
1111 5366 1547 5438 quinquaginta
1579 5365 1705 5421 mil-

142 5439 203 5496 lia
239 5460 550 5500 nummum
597 5439 921 5499 aureorum
972 5456 1042 5494 ac
1083 5441 1330 5494 totidem
1381 5447 1708 5510 quotannis

203 5527 394 5587 rpetuo
426 5515 706 5586 accipiat,
739 5529 932 5587 neque
961 5527 1063 5568 eos
1097 5512 1252 5567 ultra
1279 5509 1554 5566 lacessat.
1588 5509 1708 5581 (Sic

175 5601 360 5664 mppp.
398 5588 905 5664 νοιειετῃῃδιδε
969 5597 978 5607 '
1165 5658 1175 5664 _
1275 5651 1294 5664 .
1555 5650 1568 5663 _
1665 5650 1676 5662 .

191 5651 596 5730 (Ἱδῐῑωοποιῶν
642 5651 1215 5728 ξυλων.”Δρριιτοηιο
1258 5651 1519 5725 desuper
1553 5651 1711 5724 ignis

1819 5223 2114 5361 Ι-υὲὶιῖςθὺθ
2145 5307 2265 5364 quo
2295 5294 2361 5366 AD.
2392 5292 2783 5366 Baron._tox_n.
2815 5293 2853 5366 l,
2879 5294 2955 5366 ad
2979 5308 3074 5348 an.
3102 5292 3234 5349 Chr.
3269 5293 3356 5366 3i,
3397 5310 3470 5351 ex

1822 5362 2193 5420 Damasceno
2250 5364 2348 5418 lib.
2392 5378 2448 5417 iv
2502 5362 2742 5417 Orthod.
2799 5365 2960 5432 ﬁdei,
3021 5381 3148 5435 cap.
3215 5365 3302 5432 l7,
3341 5362 3470 5422 'ubi

1822 5438 2134 5506 Abagarus
2175 5435 2535 5490 nominatur.
2569 5436 2635 5488 Et
2683 5435 2785 5506 lib.
2824 5453 2835 5487 i
2899 5437 3112 5493 Uonrtii
3166 5438 3476 5495 Iconoma-

1819 5505 1980 5580 chos;
2008 5507 2219 5563 Euseb.
2247 5511 2357 5580 up.
2379 5521 2428 5560 c.
2491 5511 2572 5575 i3,
2626 5505 2937 5580 Agbarus,‘
3003 5509 3134 5566 aliis
3183 5511 3479 5570 Acbarus.

1821 5579 1970 5637 Vide
1999 5583 2057 5637 et
2087 5580 2216 5636 Sur.
2244 5577 2310 5635 l6
2331 5578 2486 5649 Aug.
