4046 6228
572 317 676 372 135

1797 313 1881 368 PH
1894 310 2031 370 OTIl
2070 304 2551 372 ΡΑΤΒῙΑΗΟΗΑΞ
2592 302 2699 370 CP.

3822 310 3931 367 136

567 440 868 513 perficere.
890 442 1178 497 Cbosroes
1196 438 1583 496 nihilominus
1598 437 2018 496 Constantiaais
2035 458 2210 514 pecu-

2334 438 2389 494 δὶ
2436 444 2509 493 ἔτι
2564 442 3016 499 Κωνσταντιαίους
3079 440 3335 509 χρήματα
3389 435 3775 507 εἰσεπράττετο,
3838 442 3931 488 καὶ

568 530 733 585 niam
784 531 1121 602 imperavit,
1155 535 1212 586 et
1240 533 1422 585 Daras
1453 528 1706 595 delatus,
1743 530 1953 585 urbem
2015 531 2218 600 cinxit,

567 636 750 691 quam
780 627 999 683 tamen,
1032 622 1271 675 Martino
1307 619 1459 673 duce
1494 618 1644 673 hanc
1675 624 2109 691 propugnante,
2153 620 2221 673 de

566 709 895 763 obsidionis
911 725 1191 763 successu
1213 707 1520 772 difﬁdens,
1545 722 1667 762 non
1706 708 2090 778 Oppugnavit,
2118 708 2222 763 sed

567 799 824 868 acceptis
858 796 1015 851 mille
1028 796 1251 866 argenti
1268 796 1486 868 pondo,
1512 797 1570 850 in
1596 797 1888 851 Persidem
1906 797 2220 853 concessit.

568 885 965 941 Antiochenos
992 901 1128 940 vero
1158 884 1217 939 in
1236 900 1438 940 recens
1457 901 1492 940 a
1519 900 1579 939 se
1607 886 1847 941 condita
1867 886 2010 941 urbe
2042 886 2099 940 in
2123 888 2225 940 As-

568 976 730 1045 syria
756 976 918 1046 (quas
948 975 1064 1029 diei
1094 974 1299 1030 itinere
1326 990 1361 1030 a
1418 974 1795 1046 Ctesiphonte
1853 974 2137 1039 distabat,
2166 978 2225 1029 et

567 1063 882 1118 Antiochia
914 1062 1187 1118 Chosroar
1213 1062 1655 1134 appellabatur)
1686 1078 1806 1119 una
1820 1079 2031 1118 omnes
2056 1062 2220 1119 habi-

567 1158 689 1206 tare
722 1152 918 1221 jussit.
970 1157 1138 1206 tanta
1188 1151 1618 1207 benevolentia:
1669 1152 2097 1220 signiﬁcatione
2155 1168 2225 1207 ac

566 1242 759 1309 gratia
789 1240 848 1293 in
876 1255 978 1293 eos
1005 1256 1159 1304 usus,
1194 1247 1254 1293 ut
1288 1239 1625 1310 principum
1678 1241 1926 1306 nemini,
1983 1246 2227 1312 praeter-

567 1346 745 1400 quam
770 1329 901 1394 sibi,
938 1344 1145 1400 parere
1188 1329 1441 1385 voluerit
1482 1329 1918 1401 hippodromus
1959 1346 2221 1402 quoque,

565 1418 816 1488 aliisque
837 1416 1239 1487 voluptatibus
1268 1417 1507 1472 illorum
1536 1418 1769 1472 animos
1788 1418 1867 1473 ibi
1891 1418 2219 1473 oblectans.

640 1507 955 1560 Belisarius
1014 1521 1081 1560 ex
1136 1505 1305 1561 Italia
1364 1504 1487 1560 dux
1546 1513 1871 1571 revocatus,
1937 1507 2223 1562 adversus

567 1594 866 1648 Chosroen
888 1602 943 1648 et
975 1594 1184 1648 Persas
1216 1596 1495 1652 ineunte:
1528 1610 1657 1649 vere
1676 1595 1909 1659 missus,
1943 1601 1999 1650 et
2030 1596 2088 1649 in
2112 1598 2221 1652 Me-

566 1682 900 1754 sopotamia
918 1698 1178 1748 versans,
1202 1683 1432 1737 nudum
1448 1683 1566 1738 fere
1580 1684 1658 1739 ab
1670 1684 1853 1739 armis
1876 1684 2220 1753 exercitum,

2330 530 2413 583 ὶπὶ
2464 532 2627 601 Δαράς
2694 527 2848 580 ἐλθὼν
2920 525 3208 600 ἐπολιόρκει
3286 530 3379 583 τὴν
3428 524 3594 588 πόλιν,
3661 531 3931 597 Μαρτίνου

2330 629 2421 673 τοῦ
2474 626 2765 694 στρατηγοῦ
2819 613 2962 669 ἔνδον
3006 620 3329 688 μαχομένου.
3384 615 3679 685 Ἀπορήσκς
3741 613 3799 667 δέ
3840 623 3935 675 τῆς

2332 710 2652 780 πολιορκίας,
2696 712 2783 759 καὶ⁵
2825 706 2978 778 χᾶια
3023 708 3233 776 σταθμὰ
3276 704 3526 779 ἀργυρίου
3572 706 3618 739 ⁸ο
3648 703 3834 768 λαϐὼν,
3884 703 3935 764 ές

2333 804 2398 851 τα
2453 805 2662 872 Περσῶν
2714 798 2815 854 ἤθη
2864 801 3071 869 ἐχώρει,
3127 799 3216 845 καὶ
3268 797 3384 852 τοὺς
3430 793 3715 864 Ἀντιοχεῖς
3769 793 3935 844 ἄπαν-

2333 909 2421 948 τας
2452 890 2521 955 εί,
2552 887 2699 938 πόλιν
2748 884 2796 936 ἐν
2842 883 3147 955 Ἀσσυρίοις
3194 883 3239 917 ⁸³
3285 879 3589 953 δειμάμενος
3633 878 3755 933 ὁδόν
3812 884 3937 953 ὁμέ-

2332 998 2423 1050 ρας
2473 976 2572 1028 ἀπὸ
2629 976 2995 1045 Κτησιφῶντος
3036 968 3349 1043 διέχουσαν,
3399 970 3724 1042 Ἀντιόχειαν
3754 990 3807 1023 τε
3836 975 3934 1028 τήν

2338 1071 2573 1141 Χοσρόου
2627 1064 2869 1125 καλέσας,
2916 1060 2964 1113 ἐν
3014 1060 3143 1133 αὐτῇ
3198 1065 3453 1112 συνώκισε
3484 1060 3551 1123 ⁸⁸,
3585 1057 3743 1131 πολλῇ
3791 1059 3937 1131 φιλο-

2336 1159 2562 1230 φροσύνῃ
2596 1159 2683 1205 καὶ
2713 1155 2899 1225 χάριτι
2932 1152 2978 1211 ἐς
3024 1149 3208 1208 αὐτοὺς
3237 1150 3592 1221 χρησάμενος,
3628 1154 3716 1200 καὶ
3755 1145 3936 1200 οὐδενὶ

2334 1246 2645 1297 ὑποκεῖσθαι
2698 1241 2887 1301 αὐτοὺς
2960 1240 3007 1273 ⁸⁸
3075 1247 3172 1291 τῶν
3246 1236 3516 1311 ἀρχόντων
3578 1236 3707 1295 πλὴν
3764 1236 3936 1306 ἐαυτῷ

2337 1336 2613 1399 θεσπίσας,
2646 1326 3018 1400 ἱπποδρομίαις
3053 1346 3106 1379 τε
3132 1332 3220 1379 καὶ
3247 1334 3357 1386 ταῖς
3386 1324 3561 1385 ἄλλαις
3587 1324 3937 1397 ἐψυχαγώγει

2332 1421 2595 1493 τέρψεσιν.

2402 1508 2520 1562 Ὀτι
2572 1509 2867 1579 Βελισάριος
2922 1505 2974 1568 ἐξ
3046 1504 3271 1565 Ἰταλίας
3335 1502 3672 1575 μετακληθεὶς
3735 1522 3936 1575 στρατ-

2334 1604 2457 1669 ηγός
2510 1599 2594 1650 ἐπὶ
2654 1602 2887 1669 Χοσρόην
2948 1600 3035 1647 καὶ
3089 1598 3286 1667 Πέρσας
3339 1592 3449 1663 ἅμα
3513 1589 3602 1665 ἦρι
3652 1591 3935 1666 ἀρχομένῳ

2333 1687 2545 1753 ἐστάλη,
2602 1692 2690 1737 καὶ
2727 1684 2774 1737 ἐν
2826 1687 3201 1755 Μεσοποταμίᾳ
3242 1688 3509 1753 γενόμενος
3551 1680 3767 1732 ἄνοπλον
3809 1686 3936 1731 ὄντα

568 1779 623 1827 et
652 1782 728 1827 ad
749 1771 1063 1826 Persarum
1088 1787 1307 1826 nomen
1339 1773 1760 1843 trepidantem,
1803 1780 2076 1828 accurate
2133 1788 2217 1827 ar-

2334 1773 2531 1847 σχεδόν
2584 1796 2635 1827 τι
2683 1778 2769 1826 τὸν
2821 1777 3042 1848 στρατόν
3090 1777 3177 1823 καὶ
3219 1776 3593 1842 κατεπτηχότα
3623 1772 3678 1821 τό
3718 1776 3934 1843 Περσῶν

568 1864 769 1925 mavit,
800 1862 1225 1931 animavitque.
1255 1861 1542 1915 Cbosroes
1576 1877 1715 1915 vero
1749 1862 1937 1933 (Lazis
1963 1878 2101 1916 eum
2134 1862 2223 1915 in-

568 1949 912 2012 vitantibus,
947 1950 1047 2019 qui
1076 1964 1215 2003 cum
1252 1965 1360 2003 suo
1382 1949 1533 2003 duce
1571 1950 1804 2005 Gunaze
1849 1950 1979 2019 jam
2030 1950 2223 2004 Persis

568 2055 697 2093 sese
729 2037 1148 2107 adjunxerant.
1176 2044 1490 2107 propterea
1539 2039 1704 2109 quod
1756 2038 2051 2093 sordidius
2108 2038 2223 2109 (80)

565 2126 829 2180 Joannes
859 2130 1314 2196 caupouaretur,
1340 2132 1518 2197 atque
1551 2126 1769 2182 tributa
1786 2128 2092 2196 exigeret),
2123 2126 2226 2182 ad-

568 2230 774 2269 versus
808 2215 1002 2269 Petras
1037 2215 1245 2268 urbem
1276 2222 1460 2269 movnt
1492 2232 1504 2270 :
1540 2232 1672 2286 quae
1726 2216 1868 2271 urbs
1928 2215 2224 2270 Colchidis

570 2303 868 2358 maritima
893 2307 1000 2366 est,
1032 2302 1113 2357 ad
1144 2302 1391 2357 Pontum
1414 2304 1704 2358 Euxinum
1736 2306 1866 2359 sita.
1894 2303 2057 2359 Hanc
2077 2304 2225 2359 dum

567 2390 819 2456 obsidet,
851 2390 1122 2463 quandiu
1151 2392 1398 2461 quidem
1426 2394 1685 2447 Joannes
1741 2401 2041 2464 superstes
2093 2393 2220 2464 fuit,

568 2480 711 2534 nihil
738 2480 1005 2551 profecit,
1038 2496 1177 2534 cum
1216 2496 1351 2534 vero
1378 2480 1582 2550 jaculo
1638 2482 1899 2536 Joannes
1942 2482 2223 2551 jugulum

568 2570 845 2639 trajectus
860 2572 1049 2640 periit,
1068 2568 1278 2624 urbem
1296 2571 1631 2641 occupavit.
1652 2570 1986 2642 Inquilinos
2024 2576 2222 2626 tamen

566 2659 887 2729 ab,injuria
918 2658 1136 2713 liberos
1166 2658 1405 2713 dimisit.
1442 2658 1773 2729 Sponsione
1812 2659 1974 2714 enim
1997 2659 2128 2714 illos
2162 2659 2222 2713 in

566 2747 931 2803 deditionem
949 2747 1262 2817 accepit,et
1287 2748 1471 2803 solius
1493 2748 1743 2803 Joannis
1769 2749 1921 2804 bona
1944 2748 2218 2820 plurima,

564 2853 701 2909 quas
728 2840 1080 2907 moquoliis
1102 2837 1197 2891 ille
1210 2836 1550 2908 quaesierat,
1576 2837 2033 2893 invasitomnia.
2071 2836 2221 2892 Beli-

568 2930 758 2983 sarius
805 2928 1043 2981 interim
1101 2926 1214 2980 sibi
1280 2928 1498 2981 frustra
1547 2932 1789 2997 tentata,
1842 2930 2220 2984 Sisaurorum

571 3017 774 3071 urbem
800 3016 912 3086 (81)
934 3014 1431 3085 obsidens,vique
1460 3031 1837 3085 oppugnaris,
1864 3015 2054 3087 pactis
2085 3031 2220 3069 con-

568 3104 895 3158 ditionibus
928 3103 1104 3170 cepit,
1139 3110 1195 3157 et
1223 3103 1612 3157 Bleschamen
1644 3104 1860 3158 ducem
1890 3104 2069 3175 26a,
2090 3104 2221 3159 Per-

569 3207 893 3262 sarumque
926 3194 1076 3245 viros
1103 3192 1489 3260 gravissimos
1517 3192 1599 3245 ibi
1632 3198 1858 3263 captos,
1891 3194 2218 3249 Constanti-

568 3279 835 3351 nopolim
860 3280 1288 3334 misit.Arethas
1314 3296 1545 3350 quoque
1572 3296 1707 3335 cum
1730 3284 1989 3336 exercitu
2012 3290 2220 3339 contra

566 3368 839 3439 Assyrios
870 3370 1105 3438 missus,
1134 3384 1269 3422 eam
1299 3384 1470 3423 oram
1498 3368 1876 3440 depraadatus
1909 3378 2032 3425 est:
2062 3372 2218 3426 unde

566 3472 794 3527 magna
823 3460 1209 3527 pecuniarum
1240 3458 1297 3512 vi
1328 3458 1406 3513 ab
1433 3458 1656 3513 Arethaa
1687 3460 1858 3514 sociis
1884 3468 2107 3530 parata,
2141 3462 2219 3516 ad

567 3547 922 3602 Belisarium
990 3549 1178 3601 redire
1225 3548 1648 3604 detrectarunt.
1703 3550 2014 3605 Belisarius
2073 3551 2214 3621 ipse,

568 3640 789 3691 tentato
818 3636 1045 3691 morbis
1076 3638 1356 3702 exercitu,
1390 3644 1447 3692 et
1472 3637 1647 3692 rebus
1684 3638 1761 3693 ab
1792 3640 2006 3694 Aretba
2038 3642 2217 3709 gestis

566 3726 839 3781 nondum
857 3729 1129 3795 cognitis,
1163 3726 1569 3796 Rheotthango
1594 3728 1838 3799 insuper
1860 3734 1916 3783 et
1960 3729 2220 3784 Theocti-

567 3822 658 3870 sto
689 3817 985 3869 discedere
1020 3817 1387 3886 parantibus,
1422 3817 1500 3872 ad
1531 3817 1875 3872 Phoenicum
1923 3834 2094 3873 oram
2122 3834 2219 3873 cu-

565 3905 1153 3976 stodiendam,quam
1176 3906 1609 3961 Alamaudarus
1626 3908 2006 3973 vastabat,sic
2035 3923 2067 3963 e
2089 3908 2221 3963 Per-

566 4009 770 4050 sarum
784 3995 1024 4064 regione
1037 3994 1287 4049 domum
1302 4010 1363 4049 re
1373 3996 1623 4061 vertit,et
1637 3998 2217 4069 Constantinopolim

562 4086 640 4142 ad
666 4086 1067 4141 Justinianum
1097 4087 1437 4155 Augustum
1470 4089 1797 4143 accersitus
1828 4096 1915 4143 est
1944 4089 2083 4160 (82).

711 4441 1065 4512 Theophanis
1092 4355 1803 4512 Βῃεαηιιίξίὶζίειονίανανη
1840 4447 1979 4503 libri
2013 4464 2069 4504 ι.

2334 1871 2492 1937 ὄνομα
2538 1864 2731 1924 ὥπλιζέ
2780 1882 2831 1914 τε
2879 1860 3131 1933 ἐπιμελῶς
3186 1866 3274 1911 καὶ
3322 1858 3644 1933 ἐπεθάρρυνε.
3692 1864 3937 1930 Χοσρόης

2334 1952 2415 2019 δι,
2476 1957 2661 2017 Λαζῶν
2716 1952 2868 2004 αὑτὸν
2924 1953 3272 2021 ἐπαγομένων,
3324 1948 3412 2000 ἅτε
3468 1946 3534 2006 δὴ
3569 1948 3615 1982 ⁸⁵
3663 1947 3831 1998 αὐτῶν
3882 1968 3939 1999 τε

2334 2051 2422 2096 καὶ
2471 2043 2737 2103 Γουϐάζου
2786 2042 2833 2076 ⁸⁸
2865 2047 2956 2092 τοῦ
3000 2047 3138 2110 σφῶν
3186 2039 3437 2109 ἡγεμόνος
3488 2041 3708 2111 Πέρσαις
3764 2056 3941 2110 προσ-

2334 2139 2708 2206 κεχωρηκότων
2777 2127 2869 2182 διά
2939 2132 3031 2185 τὴν
3086 2127 3319 2179 Ἰωάννου
3380 2125 3682 2198 φορολογίαν
3742 2145 3794 2177 τε
3841 2131 3939 2177 καὶ

2335 2223 2637 2286 καπηλείαν,
2712 2219 2794 2271 ἐπὶ
2877 2221 3067 2289 Πέτρας
3136 2220 3229 2273 την
3305 2214 3471 2281 πόλιν,
3552 2212 3937 2266 ἐπιθαλασσίαν

2334 2308 2492 2364 οὖσαν
2537 2310 2584 2362 ἐν
2636 2308 2862 2380 Κόλχοις
2896 2311 3021 2380 πρὸς
3052 2314 3122 2375 τῷ
3158 2303 3377 2375 Εὐξείνῳ
3408 2302 3703 2375 καλουμένῳ
3735 2310 3935 2373 Πόντῳ,

2333 2402 2593 2472 ἠπείγετο,
2654 2403 2742 2450 καὶ
2788 2399 2978 2453 ταύτην
3053 2394 3355 2466 πολιορκῶν,
3410 2393 3503 2454 ἕως
3549 2396 3637 2463 μὲν
3687 2394 3938 2453 Ἰωάννης

2331 2500 2532 2563 περιῆν,
2579 2484 2729 2540 οὐδὲν
2774 2490 2943 2551 ἤνυεν,
2995 2482 3102 2535 ἐπεὶ
3150 2479 3206 2533 δε
3258 2479 3397 2553 βέλει
3434 2482 3650 2555 τρωθεὶς
3684 2485 3770 2532 τόν
3804 2485 3938 2555 τρά-

2331 2579 2495 2651 χηλον
2565 2579 2881 2637 ἐτελεύτησε,
2947 2576 3041 2630 τὴν
3110 2570 3259 2623 πόλιν
3332 2576 3721 2642 παρεστήσατο.
3802 2575 3936 2630 Τοὺς

2330 2674 2503 2740 μέντοι
2540 2666 2860 2723 ἐνοικοῦντας
2897 2661 3110 2720 ἀπαθεῖς
3149 2667 3322 2711 κακῶν
3373 2658 3561 2731 ἀφῆκεν
3612 2676 3623 2688 ’
3676 2657 3936 2729 ὁμολογίᾳ

2330 2762 2430 2828 γὰρ
2480 2756 2664 2815 αὐτοὺς
2704 2750 3072 2827 προσελάϐετο,
3125 2753 3213 2799 καὶ
3268 2766 3399 2819 μονα
3443 2751 3506 2798 τά
3559 2754 3647 2798 τοῦ
3688 2747 3935 2799 Ἰωάννου

2331 2854 2605 2920 χρήματα,
2652 2846 2778 2918 ἅπερ
2824 2841 2924 2893 ἀπὸ
2970 2849 3060 2893 τοῦ
3090 2838 3407 2911 μονοπωλίου
3440 2837 3578 2908 αὐτῲ
3615 2836 3933 2903 συνείλεκτο,

2330 2936 2572 2995 ἐληίσατο
2622 2934 2751 2986 πολὺ
2808 2932 2999 2991 πλῆθος
3030 2930 3075 2963 ⁸⁷
3109 2932 3253 2984 ὄντα.
3313 2926 3610 2999 Βελισάριος
3664 2923 3721 2978 δὲ
3775 2932 3936 2979 Νισί-

2331 3023 2475 3086 ϐιδος
2522 3028 2611 3097 μεν
2661 3023 3018 3093 ἀποπειράσας
3064 3014 3212 3070 οὐδὲν
3259 3019 3477 3087 ἴσχυσε,
3525 3020 3618 3073 τὴν
3657 3019 3934 3089 Σισαύρων

2331 3113 2389 3168 δὲ
2445 3114 2589 3167 πόλιν
2653 3114 2699 3148 ⁸⁸
2753 3110 3096 3181 πολιορκήσας
3153 3111 3241 3157 καὶ
3301 3104 3619 3177 βιασάμενος
3673 3105 3936 3177 ὁμολογίᾳ

2330 3209 2718 3277 παρεστήσατο,
2774 3199 3098 3270 Βλησχάμην
3148 3214 3201 3247 τε
3253 3196 3298 3229 ³9
3363 3198 3450 3245 τὸν
3501 3200 3790 3269 στρατηγόν
3838 3200 3934 3246 καὶ

2328 3297 2447 3354 τοὺς
2489 3292 2839 3363 λογιωτάτους
2885 3294 3093 3361 Περσῶν
3134 3283 3181 3336 ἐν
3228 3283 3366 3354 αὐτῷ
3420 3282 3588 3334 λαϐὼν
3633 3283 3677 3343 ἐς
3726 3286 3783 3334 τό
3826 3290 3930 3335 Βυ-

2331 3383 2535 3443 ζάντιον
2579 3380 2791 3451 ἔπεμψε.
2840 3381 2939 3429 Καὶ
2984 3376 3197 3448 Ἀρέθαν
3248 3373 3356 3444 ἅμα
3402 3381 3607 3447 στρατῷ
3646 3371 3692 3423 ἐν
3726 3374 3933 3425 ’Δσσυ-

2327 3476 2457 3546 ρίοις
2487 3472 2535 3505 ’θ
2565 3469 2774 3539 πέμψας
2818 3470 2884 3518 τὰ
2927 3464 3087 3535 ἐκείνῃ
3123 3464 3167 3497 ⁹¹
3201 3467 3379 3535 χωρία
3427 3461 3656 3521 εληίξετο
3707 3478 3717 3489 ·
3764 3461 3817 3523 ἐξ
3868 3458 3935 3523 ἧς

2327 3568 2580 3633 χρήματα
2616 3558 2778 3610 πολλά
2821 3558 2869 3607 οἱ
2917 3560 3035 3627 περὶ
3091 3555 3303 3624 Ἀρέθαδ
3357 3550 3775 3624 περιϐαλλόμενοι
3832 3551 3937 3602 οὐκ

2328 3649 2505 3707 ἤθελον
2576 3649 2910 3717 ὑποστρέφειν
2982 3645 3065 3694 ἐπὶ
3124 3641 3448 3714 Βελισάριον.
3520 3640 3815 3713 Βελισάριος
3870 3635 3938 3691 δι

2328 3748 2417 3791 τού
2465 3756 2691 3810 σταυρου
2721 3742 2995 3791 νοσοῦντος
3039 3736 3257 3782 καὶτῶν
3296 3734 3413 3801 περὶ
3458 3730 3672 3800 Ἀρέθαν
3703 3729 3936 3798 ἀγνοου-

2328 3832 2510 3899 μένων,
2577 3832 2665 3878 καὶ
2740 3824 3072 3893 Ῥεκιθάγγου
3146 3824 3232 3870 καὶ
3272 3811 3285 3817 ’
3317 3824 3632 3870 Θεοκτίστου
3726 3816 3937 3870 ἀποπο-

2326 3919 2569 3990 ρεύεσθαι
2620 3918 2666 3949 ⁹²
2724 3913 3002 3986 μελλόντων
3052 3908 3097 3969 ἐς
3159 3907 3388 3979 φυλακην
3442 3916 3540 3958 τῶν
3589 3912 3703 3981 περὶ
3762 3913 3944 3959 Φοινί-

2326 4024 2423 4063 κην
2475 4003 2566 4077 [38
2612 4003 2701 4074 Η.]
2750 4004 2796 4036 ⁵³
2847 4004 3075 4073 χωρίων,
3122 3995 3155 4047 ἀ
3194 3998 3292 4048 ὑπὸ
3330 3992 3757 4068 Ἀλαμουνδάρου
3803 4016 3941 4049 κατ.

2327 4100 2566 4167 ετρέχετο
2598 4094 2668 4158 ⁵⁸,
2711 4088 2805 4144 διὰ
2852 4098 3015 4140 ταῦτα
3061 4086 3113 4149 ἐξ
3160 4086 3297 4143 ἠθῶν
3341 4093 3439 4136 τῶν
3488 4091 3694 4159 Περσῶν
3742 4085 3815 4146 εἰς
3869 4090 3943 4137 τά

2327 4184 2490 4235 οἰκεία
2528 4182 2755 4255 ἐπανῄει,
2798 4184 2887 4231 καὶ
2916 4177 2960 4238 ἐς
2992 4177 3275 4236 Βυζάντιον
3306 4177 3447 4247 παρά
3481 4173 3739 4246 βασιλέως
3786 4193 3942 4246 μετε-

2326 4277 2553 4345 πέμπετο
2578 4272 2650 4325 ⁸⁸.

3065 4352 3187 4407 ΞΜ.

2540 4451 2832 4522 Θεοφάνους
2861 4446 3151 4506 Βυζαντίου
3196 4443 3449 4514 ἱστορικοὶ
3478 4442 3620 4513 λόγοι
3654 4441 3707 4497 ι’,

633 4530 786 4586 Lecti
812 4507 949 4587 sunt
969 4507 1350 4602 Theophanis
1374 4531 2006 4604 Constantinopolitani
2024 4536 2215 4591 Histo-
2244 4507 2288 4562 θ

561 4620 792 4677 viarum
808 4621 943 4676 libri
958 4621 1227 4692 decem,q
1238 4635 1447 4676 uorum
1454 4622 1685 4693 primus
1702 4623 1936 4679 initium
1951 4625 2115 4680 ducit
2136 4626 2214 4681 ab

558 4710 658 4765 illo
688 4710 918 4766 Persico
955 4712 1135 4778 bello,
1169 4710 1332 4783 quod
1376 4712 1565 4783 ruptis
1592 4713 1722 4783 jam
1754 4713 2085 4769 foederibus
2143 4714 2213 4769 iis

559 4806 826 4856 exortum
854 4806 961 4865 est,
984 4817 1114 4873 quae
1143 4801 1414 4857 Justinus
1444 4802 1560 4874 (83)
1591 4788 1924 4874 imperator.
1960 4810 2015 4859 et
2058 4803 2213 4860 Cho-

1916 4950 2149 5008 VARI/E
2164 4950 2463 5010 .LECTION
2472 4954 2574 5009 ES.

632 5080 679 5114 ⁸ο
710 5077 938 5204 ἀργύρου
972 5085 1035 5135 Δ.
1066 5080 1110 5115 ³¹
1139 5080 1335 5141 πάντας
1360 5101 1416 5145 ς’.
1444 5082 1491 5115 ⁸²
1524 5081 1790 5155 Ἀσσυρίᾴ
1814 5104 1868 5147 ς’.
1899 5084 1946 5118 ⁸³
1976 5090 2217 5158 συνῴκισε

694 5152 740 5187 ⁸⁵
810 5158 897 5204 EA
927 5167 941 5204 ;
970 5149 1037 5204 δὴ
1073 5172 1127 5204 ε’.
1207 5153 1253 5185 ⁸⁸
1287 5152 1545 5204 Γουνάζου
1581 5174 1635 5204 ε’.
1714 5155 1755 5188 ⁸⁷
1791 5155 2095 5204 πολυπληθῆ
2132 5180 2185 5204 ρ.

2334 5088 2536 5144 hottus
2565 5102 2577 5140 :
2607 5084 2741 5141 libri
2776 5089 3069 5157 συνῴκησε.
3112 5084 3158 5117 ⁸⁴
3193 5082 3384 5143 αὐτοὺς
3416 5082 3549 5152 post
3594 5076 3727 5134 πλὴν
3757 5077 3946 5149 ponit

2341 5168 2477 5204 ante
2504 5158 2648 5204 πόλιν
2682 5158 2738 5204 in
2775 5164 2810 5204 Α
2839 5157 3055 5204 lacuna
3086 5163 3345 5204 quatuor
3367 5153 3713 5204 litterarum.
3798 5149 3848 5182 ⁸9
3886 5167 3946 5200 τε

559 5152 625 5207 Α,
694 5149 897 5227 ιε’δελ
927 5149 1037 5227 λδὴ
1073 5172 1127 5216 ς,
1160 5224 1169 5227 Α
1207 5153 1253 5185 ⁸⁸
1287 5152 1545 5212 Γουνάζου
1581 5174 1635 5217 ς’.
1699 5149 2095 5227 "Trahit-11265-
2132 5180 2187 5223 ς’.

2341 5168 2477 5214 ante
2504 5158 2648 5210 πόλιν
2680 5158 2741 5213 in
2773 5164 2812 5210 Α
2837 5149 3055 5211 lacuna
3086 5163 3345 5227 quatuor
3366 5149 3713 5227 lit—terarum.

560 5229 603 5305 ᾗ
635 5240 647 5275 :
684 5220 742 5275 δέ
765 5245 819 5287 ς.
932 5224 979 5257 ⁹⁰
1003 5232 1128 5295 πρὸς
1160 5224 1475 5297 Ἀσσυρίους
1506 5246 1559 5289 ς.
1670 5227 1715 5261 ⁹¹
1742 5224 1904 5279 ἐκεῖσε
1932 5249 1989 5293 ς.
2102 5220 2154 5265 ’ί
2181 5232 2632 5305 ἀποπορενσεσθαι
2668 5250 2724 5293 ς’.

558 5295 606 5331 ⁸⁵
634 5306 762 5365 post
788 5299 1135 5367 μετεπέμπετο
1160 5312 1221 5351 ιιι
1248 5306 1293 5350 Α
1324 5295 1539 5353 iacuua
1572 5300 1749 5354 trium
1775 5302 2217 5359 columnarum.

2334 5295 2363 5338 δ’
2391 5300 2449 5355 δι
2478 5303 2620 5360 add.
2651 5308 2713 5354 Α.

2127 5434 2363 5494 NOTAE.

2312 5570 2623 5642 Theophil.
2664 5565 3095 5645 Simocate_lib.
3126 5584 3205 5645 ιιι,
3312 5640 3315 5645 ι

2375 5633 2494 5714 (82}
2526 5642 2929 5699 Betesmaches
2953 5633 3269 5714 Procopio,
3301 5640 3358 5694 et
3388 5633 3815 5714 Blegchahgus:

2374 5705 2489 5789 (83)
2501 5715 2585 5772 Al.
2600 5714 2975 5772 Jastinianus
2988 5705 3455 5785 suprfProcoth
3475 5708 3552 5763 De
3567 5705 3726 5764 bello
3750 5707 3921 5764 Per:
3933 5747 3956 5768 .

2396 4541 2720 4611 Ἀνεγνώσθη
2768 4538 3059 4609 Θεοφάνους
3106 4532 3391 4592 Βυζαντίου
3439 4529 3732 4604 Ἱστορικῶν
3784 4530 3946 4601 λόγοι

2326 4626 2474 4684 δέκα.
2518 4628 2777 4703 ’Ἀρχεται
2805 4623 2863 4679 δέ
2889 4627 2936 4659 ⁹⁶
2966 4626 2991 4675 ό
3019 4630 3221 4695 πρῶτος
3263 4620 3415 4691 λόγος
3465 4618 3566 4671 ἀπὸ
3598 4626 3688 4671 τοῦ
3735 4625 3949 4693 Περσι-

2324 4726 2417 4771 κοῦ
2465 4718 2688 4790 πολέμου
2733 4724 2822 4768 τοῦ
2870 4715 3156 4769 συστάντος
3209 4712 3341 4781 μετά
3398 4714 3485 4767 τὴν
3529 4705 3773 4760 διάλυσιν
3833 4718 3945 4759 τῶν

2326 4804 2585 4874 σπονδῶν,
2618 4805 2680 4867 ἃς
2715 4805 3080 4861 Ἰουστινιανός
3114 4800 3157 4834 ³⁷
3193 4799 3218 4849 ό
3252 4796 3499 4869 βασιλεὺς
3550 4803 3639 4850 καὶ
3684 4805 3946 4870 Χοσρόης

3798 5149 3848 5182 B9
3886 5167 3951 5200 με

3897 5187 3910 5199 ι

3897 5187 3910 5199 δ

2839 5231 2884 5261 9³
2918 5224 3166 5280 Φοινίκων
3201 5234 3267 5283 Α,
3383 5224 3430 5259 ⁹⁴
3458 5224 3839 5292 κατεστρέφετο
3882 5242 3955 5285 ς’,

2792 5301 2837 5334 ⁸⁷
2870 5301 3152 5359 Ἰουστῐνος
3184 5319 3245 5363 ς’.

648 5562 718 5633 87
748 5560 1156 5636 Cognomento
1182 5562 1374 5621 Zibus.

651 5637 744 5714 82)
796 5641 927 5714 ,Τῄν
993 5636 1495 5714 Σισαύρων-Απόλιν,
1538 5637 1786 5714 Ρινοοόρτ
1846 5645 2189 5714 Σισαυρόνων.

559 5707 842 5770 Fortassis
864 5707 1024 5766 idem
1049 5707 1217 5766 locus
1248 5709 1643 5768 Sisarbanum
1700 5707 1802 5769 inf.
1856 5707 2103 5772 vocatur
2157 5730 2197 5774 ο.
