4046 6228
157 253 224 306 137

1210 231 1700 292 BIBLIOTHECA.
1737 257 1812 276 --
1847 231 2019 287 COD-
2049 230 2251 287 LXIV.

3310 237 3416 292 138

156 382 353 443 iniam
391 367 605 426 ἀλλήλοις
646 367 836 429 ἔθεντο,
867 366 1016 417 ἔλυσε
1067 361 1124 416 δὲ
1171 369 1410 438 Χοσροης
1453 379 1506 412 τέ
1552 359 1697 412 αὐ-ιέ

1809 374 1922 412 -oes
1963 359 2275 412 Persarum
2308 370 2408 410 rex
2437 355 2695 411 invicem
2725 357 3176 414 constituerant.
3210 362 3412 418 Solve-

152 471 209 524 τος
239 468 305 512 καί
350 461 597 515 Ἰονστίνος
642 451 910 525 διάδοχος
949 456 1316 506 Ἰουστινιανοῠ
1360 451 1648 509 καταστὰς,

149 552 322 620 δευτέρου
362 550 488 606 ἔτους
528 553 618 605 τῆς
665 543 844 614 ἀρχῆς
890 543 1028 613 αὐτῷ
1076 541 1174 614 [80
1210 540 1299 613 8.]
1336 542 1654 613 περαιουμέ-

149 661 209 692 νον
245 634 604 709 ’³.“Αρχόωος
658 630 718 685 δὲ
767 633 987 684 ἐντεῦθέν
1034 641 1122 691 τῆς
1177 634 1407 704 ἱστορίας
1451 631 1670 679 κάτειπ’

147 736 261 799 μέχρι
306 723 499 777 δεκάτου
551 727 690 782 ἔτους
737 723 897 773 αὐτοῦ
951 730 1038 773 τοῦ
1098 720 1347 791 πολέμου,
1389 722 1656 788 Μέμνηται

151 813 375 869 Musas
407 821 474 882 τῷ
499 818 680 883 πρώτῳ
723 819 814 862 τοῦ
861 810 1068 882 βιϐλίου
1110 815 1245 880 λόγῳ
1274 813 1364 860 καὶ
1412 810 1476 859 τα
1528 807 1663 856 κατα

147 908 432 959 Ἰονςτινιανον
477 905 780 972 ἱστορῆσαιο
817 901 875 950 οὐ
934 904 1034 970 μὴν
1068 898 1194 949 ἀλλὰ
1224 895 1383 956 δῆλος
1414 895 1552 947 ἐστιν
1601 897 1665 952 ως

146 1002 204 1044 καὶ
237 993 378 1063 ἑξεξῆς
417 1000 510 1042 τῶν
559 987 690 1041 δέκα
749 989 916 1058 λογων
971 987 1176 1060 ἑτέρους
1223 985 1484 1047 συνέταξε.
1523 982 1667 1044 Διέξ-

143 1079 279 1135 ειτιὸε
322 1083 363 1132 ἐν
388 1085 471 1150 μὲν
513 1075 649 1146 τῷδε
680 1087 752 1147 τῷ
801 1078 936 1148 λογῳ
979 1079 1121 1137 ὅπως
1153 1078 1208 1126 αἱ
1261 1072 1492 1126 σπονδαὶ
1545 1091 1668 1123 συν-

144 1174 365 1241 εχύθησαν,
417 1170 696 1220 Ἰουστίνον
759 1171 849 1237 μὲν
927 1163 1020 1218 δια
1108 1164 1445 1236 Κομεντιὸλου
1509 1169 1671 1212 Σουα-

142 1269 218 1311 vim
262 1260 382 1330 παρὰ
439 1263 669 1327 Χοσροου
731 1254 1090 1316 ἀπαιτοῦντος,
1129 1254 1286 1304 αὐτοῦ
1333 1249 1392 1304 δὲ
1438 1251 1672 1302 ὑποτιθε-

142 1355 266 1416 arma,
295 1347 344 1398 οὐ
390 1351 556 1417 μέντοι
589 1341 867 1404 διὸοῡντος
899 1346 968 1408 9’,
1003 1346 1140 1403 ὅπως
1187 1361 1239 1393 τε
1288 1344 1315 1399 ἡ
1367 1348 1671 1394 Μεσοποτα-

138 1443 207 1508 μία
229 1444 350 1488 πᾶσα
375 1434 606 1501 ἐσείσθη,
643 1439 916 1506 προοίμιον
950 1441 1047 1484 τῶν
1077 1431 1479 1502 ἑπελευσομένων
1508 1436 1674 1479 κακῶν

138 1531 348 1595 mser-un.

187 1612 281 1664 Ὀτι
324 1616 382 1664 τὰ
412 1615 426 1648 ¹
460 1618 589 1686 πρὸς
647 1608 810 1684 Εὗρον
853 1612 1034 1682 ἄνεμον
1087 1618 1178 1661 του
1225 1605 1479 1667 Τανάιδος
1516 1614 1678 1677 Τουρ-

1761 454 1896 502 rant
1919 463 1986 502 ea
2016 447 2305 502 Chosroes
2334 445 2479 516 ipse,
2513 451 2570 501 et
2613 445 2879 501 Justinus
2920 448 3055 520 (84),
3096 449 3416 506 Justiniani

1760 537 1888 607 jam
1961 551 2291 599 successor,
2357 539 2606 591 exeunte
2675 536 2859 591 altero
2938 536 3170 610 imperii
3233 555 3412 596 anno.

1770 627 1914 682 Hinc
1966 641 2109 696 ergo
2168 625 2573 681 narrationem
2649 627 3019 698 auspicatus,
3078 629 3270 702 pergit
3339 629 3419 688 ad

1771 731 1998 771 annum
2013 731 2206 786 usque
2220 714 2354 770 belli
2373 715 2697 770 decimum.
2719 716 2982 771 Meminit
3003 733 3140 773 vero
3152 717 3266 774 hoc
3287 719 3420 790 ipso

1773 805 1968 876 primo
1989 803 2310 858 voluminis
2340 803 2512 868 libro,
2542 804 2850 876 scripsisse
2885 821 3128 878 quoque
3169 823 3233 862 se
3281 823 3420 879 qua:

1775 894 1888 949 sub
1917 892 2255 947 Justiniano
2270 897 2607 962 gestasunt,
2627 894 2747 948 imo
2766 899 2822 949 et
2838 894 3036 965 plures
3053 911 3188 952 eum
3211 896 3420 954 decem

1776 983 1934 1038 hisce
1964 981 2350 1052 subjunxisse
2389 981 2593 1046 libros,
2628 983 2769 1037 satis
2801 984 3112 1040 manifeste
3152 989 3421 1057 apparet.

1779 1075 1986 1127 Narrat
2003 1076 2202 1125 autem
2223 1070 2335 1124 hoc
2355 1069 2526 1136 libro,
2549 1087 2671 1142 qua
2691 1071 2918 1127 ratione
2935 1079 3112 1143 pacta
3131 1079 3428 1130 conventa

1780 1160 1896 1215 sint
1951 1159 2262 1226 dissoluta,
2323 1173 2461 1214 cum
2518 1160 2782 1214 Justinus
2843 1176 2943 1231 per
2991 1163 3427 1218 Comentiolum

1784 1248 2068 1304 Suaniam
2101 1264 2136 1302 a
2158 1249 2414 1303 Chosroe
2441 1253 2749 1319 repeteret,
2776 1249 2900 1320 ipse
2922 1266 3062 1306 vero
3088 1251 3272 1307 verbo
3300 1252 3431 1323 qui-

1783 1338 1921 1393 dem
1977 1338 2358 1407 promitteret,
2406 1353 2523 1392 non
2568 1343 2766 1393 tamen
2791 1355 2850 1393 re
2882 1346 3207 1410 praestaret.
3242 1341 3432 1397 Refert

1785 1434 1840 1483 et
1866 1428 1926 1482 in
1957 1431 2078 1482 tota
2109 1427 2529 1498 Mesopotamia
2548 1431 2765 1482 terram
2787 1430 3062 1496 movisse,
3085 1429 3320 1486 initium
3348 1431 3434 1485 ni-

1791 1517 2006 1572 mirum
2030 1515 2458 1581 calamitatum,
2476 1532 2612 1588 quas
2635 1517 2972 1574 subsecutae
2995 1524 3146 1575 sunt.

1861 1609 1925 1660 In
1959 1606 2189 1661 Oriente
2221 1605 2295 1660 ad
2336 1605 2581 1660 Tanaim
2610 1606 2778 1660 Turci
2810 1606 3054 1677 degunt,
3091 1611 3199 1680 qui
3246 1612 3438 1666 Masa-

138 1709 441 1772 κοινέρονται,
493 1703 539 1752 οἱ
584 1702 750 1752 παλαι
797 1703 1146 1770 Μασσαγέται
1179 1702 1198 1732 ²
1239 1697 1566 1768 καλούμενοι,
1595 1695 1679 1753 οὖς

1809 1700 1940 1763 getae
1967 1693 2296 1766 antiquitus
2333 1693 2492 1759 dicti,
2525 1711 2561 1749 a
2610 1693 2799 1749 Persis
2829 1713 2939 1752 sua
2973 1697 3178 1765 lingua
3207 1697 3442 1754 Kermi-

141 1797 289 1860 Πέρσαι
317 1792 465 1860 οἰκείᾳ
515 1791 735 1861 γλώσσῃ
793 1789 1151 1862 Κερριιχὶωνοίς
1200 1806 1349 1858 φασι.
1385 1793 1484 1839 Καὶ
1521 1785 1664 1836 αὐτοὶ

140 1878 237 1932 δεέν
263 1889 323 1949 τῷ
367 1887 474 1932 τοτε
504 1877 656 1953 δῶρα
695 1883 784 1930 καὶ
825 1876 1062 1950 πρέσϐεις
1105 1880 1232 1950 πρὸς
1278 1874 1503 1948 βασιλέα
1551 1875 1682 1924 Ἰου-

142 1976 267 2019 οτῐνον
315 1969 551 2030 ἔστειλαν,
617 1965 852 2038 δεόμενοι
910 1971 980 2037 μὴ
1048 1962 1410 2028 ὑποδέξασθαι
1473 1963 1622 2014 αὐτὸν
1661 1965 1680 1995 ⁸

139 2063 223 2119 τοὺς
249 2057 496 2130 ’Δεοίρους⁹
533 2060 558 2108 ὁ
592 2054 654 2109 δι
690 2059 755 2107 τὰ
795 2053 943 2126 δῶρα
989 2054 1155 2106 λαϐὼν
1186 2061 1275 2106 καὶ
1305 2053 1675 2125 ἀντιφιλοφρο-

138 2150 360 2217 arripe»;
410 2146 662 2199 ἀπέλυσεν
719 2146 790 2206 εἰς
840 2147 904 2196 τα
957 2144 1138 2195 οἰκεῖα.
1167 2151 1282 2204 Τοῖς
1335 2140 1392 2194 δὲ
1444 2141 1685 2212 Ἀὅάροις

138 2233 301 2305 ὕστερον
337 2235 591 2296 ἐλθοῦσιν,
630 2239 719 2285 καὶ
754 2237 1028 2286 Παννονίαν
1079 2233 1294 2291 οἰκῆσαι
1346 2237 1434 2283 καὶ
1481 2232 1684 2302 εἰρήνης

136 2330 271 2391 alii»
319 2321 590 2394 δεομένοις,
633 2320 727 2375 διὰ
773 2326 859 2373 τὸν
893 2325 1019 2394 πρὸς
1069 2325 1188 2382 τοὺς
1227 2325 1490 2392 Τουρκους
1535 2321 1684 2391 λόγον

138 2421 202 2461 καί
227 2415 302 2472 τας
327 2415 584 2472 mem;
619 2412 713 2462 οὐκ
744 2410 1044 2467 ἐσπείσατο.

191 2501 284 2552 Ὀτι
326 2509 413 2559 τὴν
451 2512 551 2554 τῶν
614 2500 897 2557 σκωλήκων
943 2505 1138 2570 γένεσιν
1175 2499 1302 2573 ἀνὴρ
1346 2505 1550 2571 Πέρσης
1581 2497 1686 2570 βα-

145 2590 380 2650 curisita;
450 2593 829 2644 ἰουστινιανοῦ
901 2589 950 2640 ἐν
1055 2590 1319 2658 Βυζαντίῳ
1404 2585 1685 2653 ὑπέδειξεν,

141 2684 248 2729 οὕτω
295 2687 533 2753 πρότερον
602 2679 924 2750 ἐγνωσμένην
974 2677 1266 2748 Ῥωμαίοις.
1317 2678 1484 2737 Οὗτος
1537 2674 1595 2729 δὲ
1635 2678 1691 2727 ἐκ

143 2775 274 2838 Σηρῶν
318 2772 562 2842 ὁρμηθεὶς
618 2777 642 2820 0'
677 2775 885 2838 Πέρσης
930 2771 988 2819 τὸ
1036 2773 1240 2839 σπέρμα
1282 2776 1382 2819 των
1415 2767 1693 2824 σκωλήκων

1607 2876 1696 2907 και

143 2877 174 2906 ἢ
208 2862 401 2930 νάρθηκι
441 2859 618 2912 λαϐὼν
675 2863 841 2932 μέχρι
894 2859 1178 2917 Βυζαντίου
1236 2855 1550 2925 διεσώσατο,

142 2955 208 2996 τον
252 2952 380 3019 ἔαρος
432 2948 729 3020 ἀρξαμένου
781 2946 864 2998 ἐπὶ
895 2951 983 3004 την
1023 2952 1216 3018 τροφὴν
1264 2955 1357 2998 τῶν
1403 2950 1698 3016 συκαμίνων

1794 1784 2030 1839 Chiones
2058 1781 2450 1853 appellantur.
2471 1782 2535 1836 Hi
2554 1788 2902 1854 tempestate
2927 1784 3042 1840 hac
3061 1785 3287 1855 legatos
3302 1802 3439 1841 cum

1795 1872 2146 1927 muneribus
2175 1872 2250 1927 ad
2277 1871 2574 1926 Justinum
2603 1873 2746 1943 imp.
2776 1874 3069 1940 legarunt,
3112 1891 3186 1930 ne
3215 1876 3444 1932 Abaros

1793 1963 2080 2033 reciperet
2107 1961 2509 2016 obsecrantes.
2545 1959 2638 2014 llle
2671 1962 3442 2036 muneralibenteraccepit,

1793 2051 2080 2122 omnique
2105 2050 2256 2105 adeo
2285 2048 2704 2104 benevolentiae
2729 2056 2906 2122 atque
2929 2052 3320 2109 humanitatis
3348 2069 3449 2122 ge-

1794 2156 1932 2196 nere
1989 2139 2338 2209 complexus
2367 2137 2617 2193 domum
2663 2140 2914 2194 remisit.
2958 2143 3228 2214 Cumque
3263 2141 3446 2199 Abari

1792 2247 1936 2287 mox
1967 2229 2358 2286 accessissent
2388 2229 2514 2300 (qui
2544 2229 2921 2286 Pannoniam
2952 2231 3242 2302 habitare,
3278 2248 3452 2305 pace-

1795 2337 1912 2391 que
1944 2319 2054 2374 frui
2086 2321 2492 2373 Romanorum
2517 2319 2940 2390 precabantur)
2972 2320 3051 2376 ob
3082 2322 3286 2378 datam
3314 2324 3453 2378 Tur-

1797 2410 1879 2464 cis
1892 2408 2094 2470 ﬁdem,
2112 2412 2437 2477 pactasque
2449 2407 3153 2482 conditiones,repulsam
3175 2411 3454 2468 tulerunt.

1869 2496 2240 2567 Bombycum
2271 2495 2383 2566 (85)
2419 2495 2712 2565 originem
2737 2497 2918 2552 homo
2963 2501 3216 2570 quidam
3252 2500 3451 2565 Persa,

1798 2589 1824 2642 ,Ι
1837 2586 2130 2641 ustiniano
2144 2584 2155 2636 i
2167 2587 2757 2654 mperante,Constan
2768 2587 3014 2656 tinOpoli
3025 2589 3457 2653 ostendit,nun-

1801 2690 1985 2748 quam
2011 2679 2185 2728 antea
2213 2675 2495 2727 Romanis
2511 2674 2833 2742 cognitam.
2869 2675 2971 2730 Hic
2990 2678 3168 2732 Persa
3188 2692 3219 2731 e
3244 2676 3456 2732 Serum

1805 2766 2045 2835 regione
2064 2761 2384 2834 profectus,
2401 2763 2693 2817 vermium
2708 2779 2911 2819 semen
2930 2764 3118 2822 ferula
3136 2767 3454 2834 inclusum,

1809 2851 2380 2923 Constantinopolim
2416 2851 2647 2905 salvum
2665 2851 3006 2922 deportavit
3035 2855 3212 2926 266,
3229 2871 3300 2911 ac
3322 2871 3460 2911 vere

1809 2945 2047 2999 ineunte
2079 2943 2139 2996 in
2159 2941 2509 2996 alimentum
2537 2941 2689 2996 mori
2706 2940 2858 2995 foliis
2889 2944 3120 2999 semina
3147 2944 3458 3016 imposuit.

144 3036 296 3104 ςυλλων
335 3037 562 3110 ἐπαφῆκε
627 3040 692 3088 τα
741 3040 1030 3109 σπέρματαδ
1073 3038 1139 3086 τά
1193 3031 1251 3087 δὲ
1288 3039 1540 3108 τραφέντα
1594 3042 1697 3095 τοῖς

1810 3049 1945 3104 quae
1975 3031 2128 3086 foliis
2155 3028 2397 3096 nutrita,
2421 3035 2477 3082 et
2506 3029 2564 3083 in
2595 3029 2721 3085 alas
2749 3046 2812 3085 se
2842 3030 3186 3099 induerunt,
3220 3039 3274 3088 et
3317 3034 3463 3088 mire

145 3125 305 3191 ᾳνὶλοις
365 3127 721 3200 ἑπτεροφύησέ
783 3143 836 3176 τε
887 3129 973 3175 καὶ
1030 3118 1190 3175 τᾶλλα
1247 3124 1546 3195 εἰργάσατο.
1606 3122 1701 3174 ἐιν

142 3219 209 3268 τλὲν
235 3233 278 3266 τέ
302 3220 491 3284 γένεσιν
542 3219 639 3266 καὶ
683 3219 777 3269 την
827 3212 1074 3286 ἐργασίαν
1126 3215 1150 3263 ὁ
1200 3211 1445 3284 βασιλεὺς
1485 3213 1706 3264 Ἰὀυστί-

144 3321 202 3360 νος
245 3306 440 3376 ὖστιρον
489 3312 608 3364 τοῖς
653 3307 901 3376 Τουρκοις
963 3299 1238 3364 ὑποδείξας
1291 3303 1604 3375 ἐθάμϐησεν·
1657 3303 1704 3352 oi

145 3395 221 3463 γὰρ
262 3390 470 3468 Τοῦρκοι
523 3399 647 3446 τότε
712 3395 778 3444 τοί
834 3411 887 3444 τε
942 3399 1114 3466 Σηρῶν
1163 3391 1386 3463 ἐμπόρια
1428 3398 1516 3444 καί
1589 3395 1704 3451 τοὺς

143 3479 311 3550 habet;
364 3491 638 3554 κατεῖχον.
671 3488 849 3533 Ταῦτα
905 3478 962 3533 δὲ
1011 3486 1131 3554 πρὶν
1188 3486 1277 3552 μὲν
1333 3487 1528 3553 Πέρσαι
1579 3500 1706 3532 κατ-

149 3577 278 3640 εῖχον,
328 3574 648 3644 Ἐφθαλοὶνου
711 3567 769 3623 δέ
816 3579 907 3623 τοῦ
964 3571 1276 3643 Ἐφϐαλιτών
1331 3570 1606 3643 βασιλέως,
1660 3570 1709 3631 ἐξ

148 3655 190 3707 οὗ
214 3669 289 3712 καὶ
315 3668 368 3714 τὸ
407 3668 550 3733 γένος
591 3665 723 3731 ἔσχε
751 3666 846 3718 τὴν
879 3660 1081 3723 κλῆσιν,
1116 3661 1348 3735 Περοζην
1393 3667 1480 3712 καὶ
1514 3665 1712 3731 Πέρσας

149 3755 412 3812 νικήσαντος
444 3750 791 3824 ἀφῃρέθησαν
823 3753 912 3820 μὲν
942 3752 1135 3801 τούτων
1171 3752 1220 3801 οἱ
1255 3754 1471 3820 Πέρσαι,
1522 3747 1713 3800 δεσπο-

147 3856 212 3886 ται
230 3835 279 3890 δε
301 3845 633 3896 κατέστησαν
664 3838 848 3909 Ἐφθαλ
861 3845 984 3889 ἰται³
1010 3839 1098 3899 οὖς
1118 3846 1290 3912 μικρῷ
1317 3839 1530 3910 ὕστερον
1561 3839 1714 3909 μάχη

152 3931 412 3988 νικήσαντες
434 3934 665 4001 Τοῦρκοι
698 3925 902 3998 ἀφεῖλον
933 3925 985 3988 ἐξ
1012 3926 1178 3980 αὐτῶν
1204 3931 1292 3978 καὶ
1319 3936 1502 3982 ταῦτα.

208 4015 458 4077 ’1ουστίνος
514 4013 576 4068 δε
626 4021 916 4087 Ζήμαρχον
988 4015 1033 4076 ἐς
1101 4019 1218 4075 τοὺς
1271 4019 1534 4089 Τούρκους
1603 4019 1722 4088 πρέ-

155 4102 255 4153 σϐυν
313 4105 630 4158 ἀπέστειλεν·
715 4107 767 4166 ὃς
845 4109 934 4156 καὶ
1011 4105 1258 4176 λαμπρῶς
1343 4105 1594 4164 ἑστιάσας
1668 4123 1723 4156 τε

154 4197 251 4252 τους
294 4199 550 4268 Τουρκους
612 4199 701 4244 καί
754 4193 798 4253 ἐς
853 4196 918 4244 τὰ
964 4193 1193 4264 μάλιστα
1239 4193 1630 4268 φιλοφρονηθεὶς
1682 4193 1726 4252 ἐς

157 4298 200 4330 το
227 4284 484 4342 Βυζάντιον
517 4283 755 4353 ἐπανῄει.
791 4285 876 4334 Διὸ
925 4287 1013 4333 καὶ
1067 4283 1092 4332 ὁ
1145 4287 1382 4356 Χοσρόης
1430 4282 1506 4334 ἐπ’
1557 4283 1728 4333 Αἰθίοο

1811 3117 2384 3192 cmperuntoperari.
2402 3118 2552 3186 Ergo
2571 3118 2945 3190 bombycum
2963 3125 3181 3190 ortum,
3203 3121 3464 3178 texendi-

1811 3227 1928 3283 que
1955 3208 2270 3266 artiﬁcium
2287 3223 2425 3262 cum
2457 3209 2802 3278 postTurcis
2831 3209 3098 3265 Justinus
3129 3212 3459 3282 imperator

1812 3299 2186 3362 ostendisset,
2201 3297 2577 3351 vehementer
2597 3296 3064 3368 obstupuerunt;
3098 3315 3241 3356 nam
3255 3302 3465 3356 Serum

1813 3389 2043 3448 illitum
2087 3386 2355 3458 emporia
2385 3390 2708 3457 portusque
2750 3386 3048 3452 tenebant,
3089 3405 3226 3460 quas
3275 3390 3468 3446 Persae

1816 3479 1979 3552 prius
2010 3480 2338 3531 tenuerant.
2373 3475 2778 3546 Ephthalanus
2823 3477 2984 3530 enim
3034 3477 3467 3549 Ephtalitarum

1816 3585 1919 3623 rex
1939 3569 1993 3638 (a
2006 3581 2128 3638 quo
2145 3563 2677 3636 etappellationem
2706 3566 3054 3621 universum
3069 3581 3256 3635 genus
3272 3569 3468 3638 traxit)

1821 3658 2077 3711 Perozen
2107 3660 2162 3710 et
2194 3653 2421 3722 Persas,
2453 3669 2591 3708 cum
2625 3653 2865 3710 vicisset
2913 3655 3048 3726 (86),
3077 3657 3337 3712 submoti
3380 3657 3473 3712 his

1823 3745 1966 3801 locis
2006 3744 2220 3808 Persae,
2267 3758 2467 3798 rerum
2511 3757 2649 3797 vero
2700 3743 2870 3813 potiti
2915 3749 3052 3800 sunt
3099 3746 3470 3817 Ephthalitaa,

1826 3849 1978 3907 quos
2004 3839 2138 3904 post
2168 3831 2350 3903 paulo
2369 3831 2537 3886 Turci
2553 3832 2756 3902 praelio
2788 3838 3160 3904 superantes,
3181 3835 3272 3890 bis
3293 3835 3475 3891 etiam

1828 3923 2051 3978 ﬁnibus
2071 3921 2444 3992 pepulerunt.

1901 4012 2166 4066 Justinus
2187 4007 2577 4063 Zemarchum
2599 4009 2675 4063 ad
2705 4011 2921 4064 Turcos
2951 4010 3210 4078 legatum
3260 4011 3422 4068 misit
3464 4030 3476 4068 :

1834 4101 1935 4173 qui
1963 4105 2019 4155 et
2047 4096 2279 4169 publice
2306 4112 2408 4152 eos
2446 4095 2638 4166 epulis
2662 4097 2989 4167 excipiens,
3017 4099 3304 4171 omnique
3331 4101 3481 4156 adeo

1837 4189 2013 4246 ofﬁcii
2044 4202 2257 4258 genere
2278 4191 2571 4256 exceptus,
2603 4186 3175 4258 Constantinopolim
3200 4191 3484 4248 remissus

1839 4285 1941 4336 est.
1972 4276 2376 4344 Quamobrem
2389 4275 2564 4330 etiam
2587 4276 2876 4332 Cbosroes
2902 4279 2960 4332 in
2976 4278 3316 4350 xEtbiOpias,
3342 4282 3487 4336 auii-

159 4387 248 4431 πες,
279 4372 442 4442 ρίλονς
497 4378 650 4433 ὄντας
699 4371 986 4442 Ῥωμαίοις,
1030 4375 1150 4430 τοὺς
1179 4371 1338 4422 παλαι
1388 4375 1476 4444 μὲν
1523 4372 1697 4442 Μακρο

1840 4387 1940 4426 cos
1966 4366 2170 4441 populi
2200 4366 2453 4421 Romani
2484 4364 2650 4435 (olim
2670 4367 3017 4432 Macrobios,
3044 4385 3202 4424 nunc
3230 4371 3491 4426 Homeri-

161 4456 274 4519 ῗίους
322 4469 404 4511 νῦν
486 4458 548 4512 δε
613 4459 904 4531 Ὁμηρίτας
969 4459 1333 4530 καλουμένους,
1395 4459 1726 4532 ἐστράτευσε,

165 4554 230 4597 καὶ
259 4555 335 4599 τον
366 4569 416 4601 τι
443 4553 461 4582 ⁸
493 4548 725 4620 βασιλέα
769 4557 867 4599 τῶν
907 4547 1202 4621 Ὀμηριτὼν
1245 4552 1604 4620 Σανατούρκην
1639 4548 1731 4601 διὰ

167 4642 401 4704 ὶὶοοάνους
443 4648 536 4690 τοῦ
588 4645 801 4712 Περσῶν
868 4645 1164 4708 στρατηγοῦ
1213 4638 1502 4710 ἐζώγρησε,
1537 4644 1624 4695 την
1680 4657 1731 4690 τε

171 4727 282 4774 :sia
329 4727 495 4778 αᾶτών
546 4727 882 4799 ἐξεπόρθησε,
916 4733 1004 4778 καὶ
1052 4731 1110 4778 τὸ
1148 4728 1288 4788 ἔθνος
1334 4733 1728 4798 παρεστήσατο.

169 4815 356 4875 Διεξεισι
404 4813 463 4869 δέ
520 4821 613 4868 καὶ
657 4818 798 4877 ὅπως
851 4815 1110 4890 Ἀρμένιοι
1143 4814 1233 4888 [39
1269 4817 1351 4886 H.]
1391 4817 1490 4868 ὑπὸ
1540 4822 1733 4888 Σουρή-

171 4921 236 4952 νιυ
273 4906 291 4938 ⁵
328 4909 665 4974 κακούμενοὶ,
719 4910 808 4956 καὶ
862 4905 1092 4976 μάλιστα
1139 4910 1255 4979 περὶ
1308 4909 1401 4962 τὴν
1451 4904 1730 4973 εὐσέϐειαν,

1843 4467 1929 4515 tas
1956 4455 2310 4530 appellatos)
2359 4454 2803 4525 expeditionem
2835 4458 3113 4528 suscepit,
3164 4473 3488 4530 regemque

1845 4548 2277 4605 Homeritarum
2293 4545 2680 4610 Sanaturcen,
2696 4561 2882 4616 opera
2904 4548 3153 4601 Meranis
3175 4548 3491 4606 Persarum

1843 4637 2029 4701 ducis,
2076 4637 2272 4690 vivum
2304 4634 2480 4704 cepit,
2513 4635 2774 4704 urbeque
2803 4650 3010 4689 eorum
3041 4635 3293 4707 direpta,
3329 4638 3496 4694 inco-

1845 4728 1932 4782 las
1951 4723 2316 4795 subjugavit.
2339 4721 2599 4776 Armenii
2621 4737 2656 4776 a
2687 4720 2900 4776 Surina
2925 4725 3076 4778 male
3095 4727 3318 4796 accepti
3346 4731 3499 4791 (ma-

1845 4816 2002 4869 xime
2056 4813 2116 4867 in
2167 4812 2400 4884 pietatis
2431 4811 2852 4883 religionisque
2901 4815 3161 4882 negotio)
3195 4816 3494 4880 Surinam,

1848 4904 2249 4974 conjuratione
2292 4900 2446 4956 facta
2487 4915 2592 4970 per
2621 4900 2962 4957 Vardanum
3002 4902 3199 4973 (cujus
3256 4903 3497 4960 fratrem

1476 5011 1709 5066 VARIAi
1753 5009 2161 5068 LECTIONES.

231 5117 444 5170 καύτοῦ
508 5126 576 5174 Δ.
655 5119 704 5152 θ’
751 5113 996 5179 διδόντος
1044 5139 1100 5182 ς.

1179 5119 1197 5154 ¹
1248 5115 1335 5190 τὰ]
1367 5117 1504 5174 libri
1559 5137 1630 5171 ετ.

173 5193 286 5254 ,πίον
310 5196 362 5246 et
399 5197 650 5266 Σουρῐναν
683 5209 735 5254 ς’.

1711 5125 1729 5154 ²
1778 5120 2073 5192 μασαγέται
2114 5136 2168 5178 ς’.

2246 5112 2459 5165 ἀὐτῶν
2504 5127 2593 5184 pr.
2641 5113 2707 5167 Α.
2785 5114 2806 5147 ⁴
2860 5133 2914 5166 τε
2959 5114 3101 5171 add.
3155 5119 3221 5170 Α.
3300 5116 3320 5150 ⁸
3368 5121 3507 5168 Ζου-

1715 5298 1944 5355 NOTAE.

233 5403 328 5472 (Si)
356 5405 635 5462 Justinus
651 5404 879 5474 junior.

183 5541 190 5557 τ
233 5458 331 5557 (85')
358 5458 715 5557 Ῥοδίον-ἔξ
741 5458 1071 5557 Τίιθορζλχί.
1114 5476 1440 5557 Simocates
1504 5473 1607 5530 lib.
1655 5458 1750 5541 vix,

179 5541 264 5598 inf.
293 5541 566 5603 eod.sec.
593 5553 647 5602 et
682 5541 922 5618 Procopi
951 5541 1057 5603 lib.
1097 5563 1197 5613 iv;
1233 5546 1474 5619 Niceph.
1510 5562 1755 5619 quoque

366 5656 614 5711 ΡΑτιιιοι.
644 5653 748 5712 Gn.
790 5655 932 5712 CIII.

1862 5402 1965 5459 lib.
1999 5417 2128 5467 xvu,
2157 5415 2290 5470 cap.
2320 5398 2407 5452 32.

1938 5475 2053 5544 (86)
2089 5469 2417 5544 Vide’supr.
2444 5469 2689 5542 Procop.
2716 5469 2906 5543 princ.
2938 5469 3071 5526 cod.
3109 5474 3197 5526 63.

3212 5654 3248 5720 '5
