4046 6228
623 272 728 328 139
1858 272 2095 329 PHOTII
2125 272 2246 330 PA']

2366 270 2611 328 lRCH/E
2639 272 2749 328 (ΖΡ.
3864 284 3958 338 HO

618 398 949 456 Manuelem
982 398 1078 456 ille
1091 398 1761 469 interfecerat)etalium
1779 398 2109 470 quemdam
2136 399 2245 454 Ver

2378 402 2463 450 τόν
2504 418 2558 450 τε
2607 405 2865 473 Σουρήναν
2916 401 3366 473 ὁμοφρονήσαντες
3410 398 3504 454 διὰ
3554 401 3871 477 Οὐαρδάνου,
3904 410 3960 461 οὗ

617 486 764 543 dum
794 487 1142 545 occiderunt
1168 506 1182 557 ;
1207 493 1264 545 et
1284 505 1319 545 a
1346 488 1537 544 Persis
1568 487 1911 543 deticientes
1938 486 2014 542 ad
2050 489 2246 542 Roma

2378 491 2462 539 τὸν
2517 484 2734 559 ἀδελφὸν
2780 489 3026 547 Μανουὴλ
3077 493 3359 562 ἐτύγχανεν
3413 489 3619 559 ἀνελὼν,
3653 499 3740 545 καὶ
3770 491 3835 546 δι’
3862 497 3963 549 ίτέ-

614 590 728 633 nos
761 577 1064 645 transiere,
1099 577 1424 650 relictoque
1450 576 1677 648 oppido
1710 575 1875 648 quod
1902 575 2264 639 incolebant,

618 664 791 721 Dubii
807 667 1072 733 nomine,
1092 666 1152 721 in
1174 670 1580 723 Romanorum
1592 665 1896 736 regionem
1914 664 2267 734 commigra—

613 758 771 811 runt.
814 757 1003 828 Atque
1054 756 1183 813 hac
1211 757 1344 828 ipsa
1397 755 1777 828 potissimum
1835 770 2019 809 causa
2072 753 2267 809 Persis

611 843 720 900 fuit
744 844 1068 917 rumpendi
1096 845 1356 914 foederis,
1378 844 1881 915 induciarumque
1903 859 2041 897 cum
2065 845 2265 898 Roma-

611 933 723 989 nis.
756 934 1141 991 Desciverunt
1178 940 1313 1007 post
1351 934 1462 991 hos
1495 934 1695 991 statim
1748 931 1929 990 etiam
1965 932 2180 1000 lheres,
2212 937 2269 987 et

612 1024 879 1094 Gorgene
906 1024 1070 1097 ipsos
1108 1026 1378 1090 ducente,
1422 1024 1499 1081 ad
1549 1026 1849 1080 Romanos
1880 1022 2261 1078 transierunt.

610 1113 945 1186 Metropolis
977 1120 1179 1172 autem
1224 1114 1533 1171 Iberorum
1562 1112 1807 1185 Tiphilis
1845 1116 1985 1168 tunc
2010 1114 2152 1167 erat.

2376 596 2469 649 ρου
2522 581 2657 638 τινὸς
2711 574 2958 652 Οὑάρδου
3013 577 3226 645 ἀνεῖλον,
3259 585 3347 632 καὶ
3408 587 3615 654 Περσῶν
3659 584 3962 645 ἀποστάντες

2372 656 2646 737 Ῥωμαίοις
2700 673 3139 739 προσεχώρησαν,
3216 673 3273 720 τὸ
3337 669 3543 730 Δούϐιος
3594 675 3649 723 τὸ
3724 674 3959 746 πόλισμα,

2378 754 2425 806 ἐν
2571 762 2853 825 κατῴκουν,
2895 755 3230 819 ἀπολιπόντες
3281 764 3368 810 καὶ
3431 763 3554 831 πρὸς
3596 763 3663 812 τὰ
3712 761 3959 834 Ῥωμαίων

2378 844 2477 901 ἢθη
2529 850 2808 915 γενόμενοι·
2860 849 2949 896 καὶ
3023 854 3174 898 τοῦτο
3226 847 3456 918 μάλιστα
3504 852 3681 919 γέγονε
3727 860 3815 913 τῆς
3867 863 3961 904 τῶν

2379 939 2587 1007 Περσῶν
2632 936 2757 1005 πρὸς
2785 932 3084 1006 ιῬωμαίους
3134 933 3373 987 σπονδῶν
3418 936 3748 1001 καταλύσεως
3780 945 3959 994 αἴτιον.

2375 1024 2707 1079 Ἀπέστησαν
2758 1019 2816 1074 δὲ
2860 1028 3161 1096 παραυτίκα
3207 1030 3295 1076 καὶ
3325 1023 3549 1097 Ἴϐηρες,
3583 1031 3671 1078 καὶ
3702 1037 3963 1100 προσεχώ-

2370 1128 2540 1183 ρησαν
2587 1110 2887 1181 Ῥωμαίοις,
2958 1117 3236 1184 Γοργένους
3321 1113 3489 1165 αὐτῶν
3557 1117 3960 1186 ἡγεμονεύοντος·

2374 1195 2434 1256 ἦν
2465 1195 2525 1251 δε
2554 1207 2652 1251 τῶν
2683 1198 2899 1272 Ἰϐήρων
2932 1204 3048 1253 τότε
3078 1203 3107 1259 ἠ
3144 1201 3345 1273 Τίφιλις
3378 1204 3399 1237 ⁵
3420 1203 3757 1275 μητρόπολις.

2441 1288 2562 1339 Ὀτι
2605 1292 2899 1353 Μαρκιανὸς
2926 1289 2951 1341 ὃ
3002 1298 3091 1342 τοῦ
3146 1290 3425 1343 Ἰουστίνου
3475 1300 3566 1344 τοῦ
3600 1291 3850 1364 βασιλέως
3886 1294 3961 1357 ἐξ.

2373 1374 2611 1449 ἁδελφος,
2669 1386 2763 1438 τῆς
2809 1378 2909 1431 Ἐω
2952 1382 3336 1451 χειροτονηθεὶς
3393 1385 3705 1455 στρατηγὸς,
3760 1384 3823 1443 εἰς
3876 1388 3964 1435 τὸν

2371 1471 2497 1539 πρὸς
2574 1473 2813 1541 Χοσρὸην
2882 1466 3101 1539 πόλεμον
3152 1467 3324 1540 ὀγδόῳ
3377 1473 3481 1522 ἔτει
3541 1479 3633 1532 τῆς
3687 1473 3963 1525 Ἰουστίνου

2371 1554 2645 1629 βασιλείας
2691 1556 3131 1618 ἐξαποστέλλεται.
3170 1557 3251 1631 [81
3295 1558 3404 1631 R'.]
3449 1561 3688 1622 Ἰωάννης
3715 1558 3772 1613 δὲ
3810 1564 3834 1612 ὸ
3864 1570 3963 1623 τῆς

2369 1641 2636 1719 Ἀρμενίας
2685 1649 2976 1720 στρατηγὸς
3024 1653 3112 1699 καὶ
3159 1654 3391 1721 Μιρανης
3436 1650 3455 1683 7
3515 1651 3540 1700 ὸ
3589 1658 3687 1701 τῶν
3733 1657 3958 1723 Περσῶν,

679 1293 1008 1351 Marcianus
1037 1292 1255 1350 Justini
1303 1293 1449 1365 imp.
1496 1290 1803 1365 patruelis,
1846 1289 2097 1347 Orientis
2139 1287 2262 1343 dux

603 1382 716 1453 jam
732 1381 1171 1448 renuntiatus,in
1186 1381 1609 1452 expeditionem
1641 1380 1924 1436 adversus
1940 1377 2259 1442 Chosroen,

606 1478 815 1529 octavo
875 1473 1022 1543 imp.
1092 1470 1307 1527 Justini
1363 1486 1504 1527 ann.
1566 1469 1787 1526 missus
1841 1473 1944 1525 est.
2003 1468 2259 1522 Joannes

603 1577 746 1618 vero
794 1562 1090 1617 Armeniae
1122 1562 1244 1617 dux
1296 1565 1350 1616 et
1402 1563 1663 1617 Meranes
1702 1559 2040 1627 Persarum,
2072 1556 2175 1628 qui
2206 1560 2261 1611 et

603 1649 1016 1717 Baramaanes,
1073 1650 1390 1706 exercitum
1467 1649 1847 1719 colligebant.
1923 1648 1985 1703 Et
2056 1652 2259 1701 Arme-

601 1740 715 1795 niis
780 1740 1028 1812 quidem
1105 1740 1299 1796 socios
1374 1756 1437 1795 se
1501 1742 1961 1809 conjunxerunt,
2030 1734 2246 1799 Colchi,

2368 1737 2393 1787 6
2441 1740 2530 1786 καὶ
2589 1738 2946 1808 Βαραμαάνης,
2978 1740 3069 1793 τὴν
3122 1742 3395 1810 στρατείαν
3448 1740 3804 1809 συνήθροιζον.
3861 1746 3962 1792 Καὶ

600 1830 844 1900 Abasgi,
871 1834 927 1885 et
956 1830 1171 1887 Saroes
1228 1845 1330 1885 rex
1370 1828 1695 1884 Alanorum
1732 1843 1744 1881 :
1811 1828 2062 1881 Meranaa
2116 1839 2246 1879 verc

2371 1830 2478 1885 τοῖς
2524 1827 2612 1895 μεν
2674 1825 2959 1898 Ἀρμενίοις
3027 1828 3358 1897 συνεμάχουν
3428 1827 3642 1897 Κόλχοι,
3710 1826 3963 1898 Ἀϐασγοὶ

602 1919 791 1975 Sabiri
815 1920 949 1992 (87),
979 1924 1035 1975 et
1084 1922 1353 1989 Daganes
1387 1923 1444 1973 et
1487 1917 1783 1972 Dilmaina
1828 1931 1993 1985 gens.
2025 1914 2246 1970 Marcia

2370 1919 2460 1965 xui
2518 1919 2729 1987 Σαρωης
2767 1915 2787 1948 ⁸
2847 1915 2871 1965 ὁ
2932 1913 3149 1965 Ἀλανῶν
3210 1913 3477 1986 βασιλεὺς,
3525 1924 3596 1985 τῷ
3647 1914 3705 1969 δι
3758 1920 3961 1991 Μιράνῃ

598 2022 715 2062 nus
748 2007 826 2063 ad
850 2008 1273 2063 Nisibenorum
1304 2006 1539 2071 urbem,
1570 2004 1759 2073 signis
1795 2003 2047 2069 collatis,
2083 2004 2238 2057 Mera

2371 2002 2583 2077 Σάϐιροι
2616 2008 2705 2054 καὶ
2754 2006 2974 2074 Δαγάνες
3003 2006 3135 2055 θκαι
3184 2007 3242 2054 τὸ
3291 2004 3563 2075 Διλμαῑνὸν
3620 2008 3777 2067 ἔθνος.
3811 2007 3962 2059 ΙΙολε-

598 2109 733 2150 nem
766 2098 826 2151 in
880 2096 1088 2166 fugam
1138 2095 1470 2151 convertit:
1527 2108 1717 2166 eoque
1751 2092 1953 2163 praelio
2000 2090 2158 2146 mille
2208 2097 2264 2145 et

598 2184 889 2241 ducentos
944 2185 1176 2251 cecidit,
1235 2185 1392 2255 27a
1447 2184 1611 2239 vivos
1667 2183 1823 2254 cepit
1862 2182 2260 2258 septuaginta,

597 2274 882 2331 Romanis
914 2280 1141 2346 septem
1169 2276 1462 2330 duntaxat
1490 2271 1862 2329 desideratis.
1898 2272 2026 2326 Mox
2042 2269 2265 2325 Nisibe-

596 2379 809 2420 norum
828 2363 1051 2419 moenia
1066 2362 1381 2420 obsidione
1399 2362 1603 2418 cinxit.
1626 2360 2004 2425 Chosroes,re
2028 2364 2259 2414 mature

596 2453 850 2523 cognita,
878 2453 1279 2525 quadraginta
1304 2453 1570 2524 equitum
1590 2450 1792 2519 millia,
1819 2450 2088 2521 peditum
2115 2464 2256 2503 vero
2369 2449 2439 2509 ζ’

2372 2098 2549 2164 μήσας
2580 2093 2626 2127 ¹⁰
2658 2088 2716 2144 δὲ
2742 2094 2766 2143 ὁ
2794 2095 3092 2167 Μαρκιανὸς
3122 2096 3204 2144 τὸν
3248 2098 3483 2167 Μιράνην
3514 2100 3630 2167 περὶ
3673 2100 3762 2153 τὴν
3810 2102 3965 2148 Νισι-

2372 2180 2537 2239 ϐηνῶν
2570 2183 2611 2217 ¹¹
2669 2181 2814 2233 πόλιν
2868 2181 3021 2233 αὑτὸν
3078 2185 3166 2253 μὲν
3229 2181 3278 2242 ἐς
3332 2188 3499 2255 φυγὴν
3540 2184 3758 2257 ἔτρεψεν,
3802 2184 3965 2237 ἀνεῖλε

2374 2267 2431 2322 δὲ
2479 2270 2525 2321 ἐν
2558 2279 2617 2343 τῇ
2669 2274 2820 2343 μάχῃ
2870 2271 3079 2342 χιλίους
3122 2276 3211 2323 καὶ
3267 2270 3594 2338 διακοσίους,
3652 2278 3733 2325 καὶ
3781 2278 3965 2336 ζῶντες

2370 2359 2666 2431 ἐλήφθησαν
2736 2360 2798 2412 o’.
2858 2360 3127 2431 Ῥωμαίων
3175 2357 3234 2412 δὲ
3291 2358 3472 2433 ἄνδρες
3521 2364 3567 2397 ¹²
3638 2362 3965 2436 ἀνῃρέθησαν

2498 2448 2782 2524 ἐπολιόρκει
2820 2468 2871 2501 τε
2924 2446 3031 2506 ἤδη
3077 2455 3166 2501 καὶ
3216 2453 3272 2501 τὸ
3325 2459 3422 2501 τῶν
3473 2450 3837 2509 Νισιϐηνὼν¹³
3864 2460 3969 2505 τείο

594 2542 854 2614 amplius
880 2549 1119 2597 centum
1138 2542 1503 2607 conducens,
1533 2539 1826 2596 auxilium
1848 2538 2018 2603 ferre,
2049 2543 2246 2592 etcum

2366 2557 2484 2608 χος.
2548 2543 2789 2611 Χοσρὸης
2854 2534 2913 2588 δὲ
2977 2546 3144 2589 ταυτα
3196 2540 3372 2609 μαθὼν
3425 2542 3815 2611 τεσσαράκοντα
3868 2546 3964 2613 μὲν

594 2632 877 2688 Romanis
909 2630 1231 2702 conﬂigere
1284 2631 1651 2703 properavit.
1686 2629 1917 2684 Interea
1946 2627 2058 2683 loci
2092 2627 2247 2697 apud

591 2719 1015 2793 imperatorem
1028 2721 1357 2777 Marcianus
1374 2719 1629 2776 affectati
1657 2718 1887 2789 imperii
1911 2723 2244 2782 accusatur,

593 2814 649 2866 et
671 2809 988 2866 calumnias
1005 2810 1186 2866 ﬁdem
1203 2809 1492 2865 adhibens
1505 2810 1532 2862 ,Ι
1544 2808 2090 2871 ustinus,exercitus
2109 2821 2246 2861 eum

592 2899 844 2970 imperio
869 2900 1193 2971 submovit,
1218 2899 1714 2969 Theodorumque
1732 2897 2047 2952 Justiniani
2067 2895 2243 2950 lilium

592 2988 795 3047 Tziron
826 2995 1245 3061 cognomento,
1280 2989 1533 3044 suffecit.
1577 2989 1718 3042 Hinc
1754 2987 2003 3041 turbatis
2041 2985 2244 3050 rebus,

594 3078 847 3134 Romani
866 3094 1099 3151 quoque
1116 3076 1495 3133 obsidionem
1519 3076 1843 3142 solverunt,
1874 3081 1929 3130 et
1956 3075 2246 3130 Chosroes
2282 3114 2323 3172 C

594 3168 780 3224 Daras
811 3171 1228 3238 oppugnatam
1254 3166 1462 3222 urbem
1491 3164 1549 3221 vi
1573 3164 1747 3236 cepit.

1348 3395 1500 3453 LXV.

672 3518 1099 3592 Theophylacti
1125 3519 1447 3576 Simocatle
1468 3519 1858 3577 Historiarum
1894 3518 2033 3575 libri
2053 3522 2173 3576 Vlil.

665 3678 819 3737 Lecti
871 3683 1011 3736 sunt
1060 3678 1485 3751 Theophylacti
1515 3678 1869 3751 exprmfecti,
1923 3684 1979 3734 et
2032 3680 2242 3736 Scribae

591 3775 726 3827 octo
747 3769 881 3825 libri
896 3770 1319 3827 Historiarum.
1336 3772 1430 3825 Est
1450 3770 1544 3825 hic
1564 3768 2039 3841 Theopbylactus
2060 3770 2242 3827 domo

589 3857 924 3932 Egyptius.
966 3860 1147 3915 Dictio
1186 3858 1341 3915 illius
1374 3859 1617 3916 Veneris
1641 3858 1867 3931 aliquid
1898 3859 2096 3925 habet,
2130 3861 2242 3915 nisi

587 3950 746 4023 quod
762 3949 1025 4021 ﬁguratis
1046 3948 1309 4015 vocibus,
1329 3954 1383 4005 et
1400 3949 1731 4018 allegoricis
1754 3950 2024 4005 sensibus
2042 3950 2240 4021 putide

587 4039 764 4095 nimis
782 4055 851 4095 ac
880 4038 1219 4111 frequenter
1256 4038 1334 4094 ad
1383 4040 1709 4095 satietatem
1760 4055 1923 4104 usus,
1974 4038 2033 4093 in
2077 4037 2237 4107 frigi-

586 4128 831 4184 ditatem
859 4128 1189 4199 quamdam
1220 4144 1289 4184 ac
1311 4128 1604 4199 juveniles
1628 4128 1881 4199 ineptias
1911 4127 2233 4184 dilabatur.

585 4216 1008 4273 Verumtamen
1038 4222 1091 4271 et
1115 4219 1535 4273 sententiarum
1572 4218 1668 4273 illa
1698 4218 2020 4287 interjectio
2036 4218 2236 4273 minus

585 4310 940 4375 opportuna,
960 4304 1318 4374 diligentiam
1338 4308 1534 4377 arguit
1551 4313 1606 4361 et
1626 4306 2013 4370 curiosam,et
2035 4323 2235 4378 super-

584 4406 933 4448 vacaneam.
965 4393 1186 4447 Caetera
1213 4393 1430 4459 bonus,
1455 4394 1516 4447 in
1546 4395 2061 4464 reprehensionem
2110 4411 2228 4450 non

2361 2622 2617 2698 χιλιάδας
2666 2630 2857 2678 ἱππέων
2885 2628 2952 2694 Ν,
2986 2628 3152 2687 πεζῶν
3193 2625 3251 2679 δε
3293 2629 3418 2699 ὑπὲρ
3474 2632 3563 2690 τας
3609 2629 3785 2681 ἑκατὸν
3840 2650 3964 2681 συν·

2361 2720 2570 2789 αγείρας
2615 2716 2851 2786 ἠπείγετο
2898 2714 3109 2787 βοηθεῖν
3153 2720 3236 2768 xui
3263 2717 3498 2789 πολεμεῖν
3553 2717 3841 2789 Ῥωμαίους
3890 2722 3962 2774 ³³,

2359 2806 2442 2857 Ἐν
2472 2808 2634 2875 τούτῳ
2666 2801 2724 2856 δι
2774 2801 3109 2856 διαϐάλλεται
3158 2807 3183 2856 ὸ
3215 2811 3515 2877 Μαρκιανὸς
3545 2815 3615 2876 τῷ
3649 2806 3861 2878 βασιλέί
3894 2812 3962 2868 ὡς

2358 2892 2482 2967 ἐρῶν
2539 2889 2863 2966 τυραννίδος,
2912 2898 2999 2944 καὶ
3050 2895 3074 2944 ὁ
3125 2892 3372 2965 βασιλεὺς
3422 2897 3467 2930 ³⁸
3516 2898 3749 2955 πεισθεὶς
3802 2897 3967 2949 αὐτὸν

2356 2987 2446 3053 μὲν
2496 2982 2751 3056 παρελυσε
2797 2990 2886 3041 τῆς
2936 2980 3131 3057 ἀρχῆς,
3169 2979 3440 3055 Θεόδωρον
3492 2983 3965 3048 ἀντικαταστήσας

2356 3074 2441 3121 τὸν
2492 3078 2581 3122 τοῦ
2633 3070 3000 3123 Ἰουστινιανοῡ
3051 3067 3241 3140 παῖδα,
3282 3072 3470 3145 Τζίρον
3521 3074 3749 3130 ἐπίκλην.
3807 3072 3969 3126 ’Δται

2360 3158 2473 3223 ξίας
2521 3157 2579 3211 δὲ
2628 3156 2721 3212 διὰ
2751 3169 2917 3212 ταυτα
2968 3159 3243 3232 συμϐάσης
3289 3168 3380 3222 τῆς
3407 3181 3459 3214 τε
3506 3161 3810 3235 πολιορκίας
3841 3162 3969 3216 Ῥω-

2358 3255 2505 3320 μαῖοι
2548 3247 2864 3321 ἀπέσχοντο,
2898 3253 2986 3301 καὶ
3018 3254 3257 3323 Χοσρὸης
3286 3254 3341 3303 τό
3388 3254 3550 3323 Δαρὰς
3600 3250 3970 3323 πολιορκήσας

2357 3342 2722 3410 παρεστήσατο
2755 3338 2797 3374 ¹⁷
2809 3376 2822 3389 .

3102 3426 3213 3481 ΞΕ.

3024 3516 3269 3591 ἐπάρχων
3376 3524 3465 3573 καὶ

2993 3588 3137 3661 λόγοι
3157 3588 3311 3644 ὀκτώ.

2423 3680 2749 3751 Ἀνεγνὼσθη
2811 3678 3173 3751 Θεοφυλάκτου
3226 3678 3326 3732 ἀπὸ
3378 3678 3622 3755 ἐπάρχων
3667 3686 3755 3733 καὶ
3818 3680 3970 3735 ἀντι-

2351 3772 2586 3841 γραφέως
2631 3769 2870 3841 ἱστοριῶν
2920 3767 3069 3839 λὸγοι
3116 3767 3274 3825 ὀκτώ,
3318 3768 3472 3822 Ἐστι
3507 3766 3565 3822 δὲ
3595 3770 3746 3831 οὗτος
3778 3772 3804 3821 ὁ
3835 3776 3971 3824 Θεο-

2357 3515 2709 3590 Θεοφυλάκτου
2816 3516 2916 3570 ἀπὸ
2993 3516 3269 3594 Δἐπάρχων
3376 3524 3465 3573 καὶ
3576 3518 3969 3594 ἀντιγραφέως,

2352 3857 2605 3929 φύλακτος
2660 3866 2731 3926 τῷ
2784 3861 2918 3928 γένει
2994 3858 3300 3929 Αἰγύπτιος.
3379 3858 3436 3910 Ἠ
3510 3863 3683 3930 μέντοι
3761 3864 3973 3935 φράσις

2352 3948 2489 4016 αὐτῷ
2543 3950 2655 4019 ἔχει
2705 3951 2794 4017 μέν
2842 3966 2893 3999 τι
2938 3950 3183 4020 χάριτος,
3226 3948 3359 4006 πλην
3390 3968 3448 4019 γε
3481 3945 3548 4007 δὴ
3601 3951 3629 4007 ἡ
3683 3958 3785 4001 τῶν
3839 3970 3974 4025 τρο-

2348 4045 2511 4087 πικῶν
2588 4036 2764 4098 λέξεων
2821 4041 2909 4089 καὶ
2967 4045 3058 4097 τῆς
3118 4037 3462 4111 ἁλληγορικῆς
3520 4040 3711 4100 ἑννοίας
3786 4059 3970 4092 κατα-

2347 4134 2506 4198 κορῆς
2562 4134 2765 4200 χρῆσις
2848 4126 2915 4186 εἰς
2979 4125 3344 4199 ψυχρολογίαν
3400 4130 3515 4180 τινὰ
3570 4132 3659 4180 καὶ
3708 4135 3969 4187 νεανικὴν

2347 4213 2711 4287 ἀπειροκαλίαν
2776 4215 3108 4286 ἀποτελευτᾷ.
3168 4217 3242 4267 Οὐ
3290 4222 3394 4289 μὴν
3454 4216 3581 4269 ἀλλὰ
3628 4221 3712 4269 καὶ
3770 4220 3803 4275 ἠ
3868 4227 3971 4279 τῆς

2343 4304 2694 4376 γνωμολογίας
2768 4304 2861 4356 οὐκ
2938 4304 2985 4355 ἐν
3066 4314 3231 4377 καιρῷ
3290 4308 3587 4380 παρενθήκη
3649 4306 3975 4379 φιλοτιμίας

2344 4394 2454 4446 ἐστὶ
2508 4400 2778 4467 περιέργου
2846 4399 2933 4445 καὶ
2983 4403 3250 4468 περιττῆς,
3291 4398 3367 4448 Τὰ
3417 4393 3466 4448 δ’
3515 4396 3646 4448 ἄλλα
3698 4400 3761 4447 οὔ
3823 4417 3883 4449 τι
3924 4399 3975 4459 ἐς

584 4480 845 4536 incurrit.
870 4479 1229 4551 Auspicatur
1250 4497 1282 4537 a
1314 4481 1577 4537 Mauricii
1621 4483 1893 4553 imperio,
1922 4483 2231 4554 pergitque

2366 4492 2517 4554 ιῶμον
2550 4486 2662 4542 ἣκει
2695 4483 2760 4537 η.
2794 4482 3053 4555 ”Αρχεται
3085 4479 3143 4535 δὲ
3184 4482 3285 4535 ἀπὸ
3337 4492 3426 4545 τῆς
3457 4486 3628 4559 ἀρχῆς
3674 4494 3770 4536 τοῦ
3800 4493 3976 4539 Μαυ-

581 4562 728 4626 dum
758 4570 989 4626 Phocas
1018 4574 1250 4626 creatus
1279 4571 1604 4642 imperator
1636 4575 1743 4627 est.

650 4745 823 4803 Libro
853 4747 1047 4819 primo
1074 4748 1202 4804 haec
1228 4752 1430 4804 narrat
1461 4748 1572 4819 (88)
1614 4764 1627 4803 :
1660 4748 1976 4805 Mauricius
2007 4765 2040 4803 a
2061 4748 2224 4807 Tibe-

576 4835 667 4893 rio
689 4840 825 4893 tunc
862 4837 1191 4909 imperante
1216 4838 1587 4895 renuntiatus
1624 4838 1950 4911 imperator
1973 4845 2061 4895 est
2083 4841 2218 4914 (89),

2337 4578 2530 4646 ρικίου,
2613 4578 2700 4625 καὶ
2773 4574 2976 4625 κάτεισι
3045 4576 3209 4645 μέχρι
3280 4582 3374 4635 τῆς
3481 4581 3633 4627 Φωκᾱ
3707 4574 3969 4649 ἀναῤῥη-

2340 4681 2464 4723 σεως
2477 4707 2490 4720 ,

2408 4753 2487 4805 Ἐν
2516 4754 2606 4824 μεν
2636 4747 2723 4803 οὖν
2754 4759 2825 4821 τῷ
2854 4756 3043 4826 πρώτῳ
3070 4751 3204 4823 λόγῳ
3236 4749 3483 4816 διέξεισιν
3533 4754 3666 4814 ὅπως
3715 4754 3743 4804 ὁ
3798 4761 3973 4808 Mur»

2333 4846 2499 4916 ρίκιος
2574 4843 2673 4893 ὑπὸ
2752 4840 2989 4915 Τιϐερίου
3059 4849 3148 4894 τοῦ
3231 4840 3490 4915 βασιλέως
3570 4842 3970 4919 ἀναγορεύεται

1926 4966 2153 5020 VARI/E
2195 4967 2590 5023 LECTIONES.

642 5092 664 5162 9
693 5088 861 5160 τιφλὶς
894 5109 947 5152 ς.
1062 5090 1083 5124 ⁷
1109 5090 1435 5162 Μηράνλης-ς.
1496 5160 1501 5162 Α
1550 5089 1569 5123 ⁸
1598 5093 1790 5162 Σαρὸης
1822 5111 1875 5153 ς.

574 5161 780 5213 σιϐινών
819 5167 860 5214 Α
872 5199 883 5211 .
1002 5161 1044 5194 ¹²

570 5234 617 5269 ³⁵
646 5232 917 5304 Ῥωμαίοις
946 5252 1000 5294 ς’.

567 5304 1023 5375 quatuordecim
1046 5304 1238 5360 vacui.
1310 5304 1315 5305 “
1354 5305 1401 5341 ¹⁸
1433 5307 1551 5362 ἥκοι
1584 5325 1640 5368 ς’.

1990 5093 2009 5124 9
2031 5092 2255 5164 Auﬁdus;
2283 5098 2372 5147 xui
2401 5094 2458 5145 τὸ
2477 5091 2776 5164 Διλιμνιτῶν
2812 5090 3102 5149 Labbeus.

1094 5158 1228 5236 post
1276 5158 1461 5236 ἄνδρες
1492 5160 1551 5215 in
1599 5158 1891 5216 Alacuna
1940 5162 2204 5236 quinque
2258 5166 2347 5221 vel
2388 5181 2487 5236 sex
2519 5158 2866 5219 litterarum.

1116 5233 1161 5266 ²⁶
1191 5237 1279 5309 καὶ
1308 5231 1557 5309 βασιλεὺς
1583 5236 1811 5295 πεισθεὶς
1854 5239 1915 5298 Α,
1948 5231 2036 5286 καὶ
2089 5231 2318 5299 πεισθεὶς
2362 5237 2387 5287 ὸ
2419 5234 2670 5309 βασιλεὺς
2721 5257 2773 5299 ς.

3217 5092 3263 5126 ¹⁰
3285 5090 3566 5164 πολεμίσας
3594 5112 3647 5156 ς.
3773 5093 3819 5128 ¹¹
3860 5101 3974 5148 Νι-

2982 5165 3027 5199 “
3060 5161 3340 5215 Νισιϐινῶν
3373 5161 3442 5220 Α.
3558 5164 3603 5198 ¹⁴
3639 5165 3837 5225 ἱππέας
3900 5174 3977 5222 Δ.

2890 5236 2931 5269 ¹⁷
2981 5244 3111 5307 post
3142 5242 3511 5309 παρεστήσατο
3546 5235 3609 5291 in
3641 5238 3687 5290 Α
3726 5252 3979 5296 versus

2138 5432 2364 5492 ΝΟΤιΕ.

635 5554 743 5625 (87)
769 5553 946 5607 Iidem
977 5552 1268 5625 forte,qui
1303 5570 1439 5625 sup.
1471 5555 1671 5611 Saberi
1696 5570 1731 5610 a
1763 5558 2005 5625 Procop.
2038 5555 2200 5611 dicti.

634 5624 746 5695 (88)
776 5624 1086 5695 Nicephor.
1143 5624 1416 5681 Callistus
1447 5626 1657 5683 eadem
1707 5633 1909 5683 narrat
1938 5624 2041 5681 lib.
2071 5643 2204 5683 xvm

562 5698 761 5754 εει-ιω.
783 5696 1085 5762 Historiae,
1114 5712 1166 5751 c.
1196 5700 1284 5753 45.

2388 5560 2498 5626 (89)
2512 5558 2914 5637 Ejusnominis
2945 5560 3028 5624 IV,
3045 5575 3224 5631 quem
3246 5560 3325 5637 J_ej
3340 5563 3554 5617 unator
3568 5575 3669 5617 em
3709 5566 3973 5637 appel-

2315 5628 2529 5687 larunt.
2558 5628 2643 5687 De
2669 5648 2786 5704 quo
2816 5648 2948 5704 sup.
2983 5628 3226 5704 quoque
3256 5628 3367 5689 lib.
