4046 6228
645 322 746 375 143

1863 314 2097 369 ΡΗΟΤΙΙ
2141 315 2455 371 PATBIAR
2469 316 2626 371 CHAS
2660 315 2771 369 ΟΡ.

3905 326 4021 380 tu

639 444 795 501 libro
824 444 1135 499 Persarum
1151 445 1677 513 Romanorumque
1704 454 1907 511 pugna
1921 456 2282 496 commemo-

2403 444 2601 513 θανάτῳ
2651 441 2996 514 ἀπήχθησαν,
3054 444 3187 516 ξίφει
3243 450 3328 497 τὸν
3390 444 3503 517 βίον
3557 449 4017 521 καταστρεψάμε-

635 538 817 595 ratur,
832 538 1010 604 utque
1027 531 1274 587 Joannis
1297 530 1453 586 filius
1472 531 1872 585 Barbarorum
1892 535 2029 584 astu
2053 546 2289 601 oppres-

638 638 736 676 sus
762 621 936 676 fuerit
967 620 1103 692 (93).
1138 622 1389 689 Magnus
1412 619 1552 674 item
1578 618 1670 673 ille
1706 624 1872 673 terra:
1932 624 2147 685 motus,
2185 619 2289 690 qui

636 712 749 765 sub
782 709 1017 765 initium
1040 726 1282 781 quoque
1313 709 1683 781 principatus
1714 707 1973 762 Mauricii
2014 707 2228 762 accidit
2270 724 2282 763 :

632 799 828 871 deque
868 798 1139 869 ejusdem
1199 797 1517 853 consulatu
1571 800 1706 867 (94).
1772 798 1837 851 Ut
1896 795 2284 868 Philippicus,

634 888 879 944 Ctesaris
917 888 1096 943 ducta
1142 886 1266 942 ﬁlia
1307 887 1463 956 28a
1514 885 1731 941 Gordia
1774 900 1971 955 gener,
2040 885 2287 940 Orientis

632 978 865 1049 imperii
892 978 1012 1032 dux
1043 977 1418 1031 renuntiatus
1449 993 1461 1029 :
1496 990 1713 1047 resque
1743 974 2024 1046 praeclare
2046 990 2111 1029 ac
2132 974 2285 1030 forti-

634 1071 719 1121 ter
756 1066 1038 1135 gesserit:
1082 1066 1273 1135 deque
1329 1080 1572 1136 egressu
1622 1063 1872 1119 Romani
1903 1062 2195 1117 exercitus
2255 1080 2285 1118 e

630 1154 835 1220 Media,
865 1160 1045 1227 utque
1085 1170 1258 1226 aqua:
1314 1154 1565 1225 penuria
1604 1153 1981 1207 vehementer
2033 1153 2285 1208 Romani

626 1242 979 1299 laborarint.
992 1244 1207 1299 Utitem
1222 1242 1554 1298 Arzaninen
1568 1242 1879 1311 regionem,
1894 1243 2280 1295 Romanorum

628 1332 752 1388 dux
780 1334 837 1387 in
865 1333 1131 1405 praedam
1163 1333 1285 1387 suis
1317 1331 1756 1402 dederit,deque
1787 1331 2037 1385 Romani
2069 1332 2277 1385 exerci-

630 1427 723 1478 tus
754 1422 1093 1477 fortitudine
1124 1438 1135 1476 :
1167 1432 1223 1477 et
1250 1422 1330 1477 uti
1360 1422 1682 1476 Persarum
1708 1420 1830 1474 dux
1859 1419 2157 1491 quidquid
2204 1420 2281 1476 ad

628 1511 1065 1582 Martyropolim
1096 1525 1379 1580 agrorum
1408 1514 1494 1564 est
1523 1510 1791 1564 vastavit.
1821 1508 2064 1578 Legatio
2100 1509 2279 1564 etiam

628 1600 943 1656 Persarum
974 1616 1116 1663 una,
1148 1604 1204 1655 et
1230 1599 1371 1655 item
1396 1600 1583 1654 altera
1609 1597 1688 1654 ad
1708 1600 2029 1653 Romanos.
2065 1599 2131 1651 Et
2155 1597 2278 1651 haec

627 1688 871 1761 quidem
906 1688 1061 1743 libro
1087 1704 1126 1745 ι.

2398 550 2475 581 νοι
2520 533 2584 583 ³².
2628 530 2741 582 ’Ἐτι
2798 550 2850 582 τε
2900 538 3014 604 περὶ
3064 541 3160 583 τῶν
3206 534 3474 605 Ἀφουμων
3525 540 3611 586 καὶ
3657 535 3854 598 Ἀκϐοἱς
3907 548 4019 590 τῶν

2400 624 2653 693 φρουρίων
2689 636 2698 647 ⁸
2735 618 3099 692 ἐμπεριέχεται
3148 618 3203 673 δὲ
3254 630 3324 691 τῷ
3369 622 3502 693 λόγῳ
3546 626 3697 695 μάχη
3732 623 4019 697 Ῥωμαίων

2397 712 2485 757 καὶ
2542 714 2769 780 Περσῶν,
2839 713 2927 759 και
2996 712 3134 771 ὅπως
3178 712 3202 760 6
3261 710 3499 773 Ἰωάννης
3559 713 3602 745 ³³
3660 733 4016 789 καταστρατ-

2398 804 2598 865 ηγείται
2654 797 2751 847 ὑπὸ
2806 804 2901 847 τῶν
2953 796 3252 872 βαρϐάρων.
3312 798 3421 851 "Eri
3481 797 3539 853 δε
3619 807 3705 854 καὶ
3757 806 3783 854 6
3840 810 4017 876 μέγας

2399 888 2609 955 σεισμὸς
2658 886 2703 917 ³⁸
2752 886 2776 935 6
2824 890 3089 957 γενόμενος
3137 890 3272 939 κατά
3320 893 3412 946 τὴν
3460 888 3631 961 ἀρχὴν
3673 901 3766 953 τῆς
3812 892 4020 965 ἀναγο-

2395 973 2612 1041 ρεύσεως
2664 978 2979 1044 Μαυρικίου,
3037 979 3123 1026 καὶ
3179 980 3297 1049 περὶ
3345 984 3440 1037 τῆς
3499 979 3747 1041 ὑπατείας
3810 982 4014 1034 αὐτοῦ.

2393 1059 2568 1121 ’Ὁπως
2613 1079 2665 1111 τε
2697 1062 2741 1095 ³⁵
2775 1061 3098 1129 Φιλιππικὸς,
3146 1065 3171 1114 6
3226 1062 3304 1115 ἐπ’
3355 1062 3547 1138 ἀδελφῇ
3596 1075 3685 1119 τοῦ
3733 1068 4019 1140 βασιλέως

2396 1146 2589 1220 Γορδίᾳ
2632 1149 2887 1221 γαμϐρὸς,
2943 1160 3038 1213 τῆς
3085 1152 3213 1223 ἑῴας
3262 1151 3528 1225 δυνάμεως
3591 1161 4017 1231 προχειρίζεται

2396 1243 2708 1313 στρατηγὸς,
2759 1245 2849 1291 καὶ
2883 1238 3237 1315 ἀνδραγαθίαι
3267 1244 3314 1277 ³⁸
3341 1243 3523 1309 αὑτοῦ,
3572 1244 3923 1320 ἀναχώρησίς
3959 1270 4019 1301 τε

2392 1326 2446 1377 ἔκ
2497 1336 2586 1387 τῆς
2630 1325 2877 1390 Μηδικῆς
2939 1339 3035 1381 τῶν
3092 1331 3379 1401 Ῥωμαίων,
3430 1338 3518 1384 καὶ
3575 1336 3712 1396 ὅπως
3769 1336 4018 1409 ἀνυδρίᾳ

3735 1426 4019 1497 Ἀρξανη-

2389 1511 2479 1563 νην
2532 1512 2715 1578 χώραν
2746 1508 2770 1557 6
2810 1512 3072 1578 Ῥωμαίων
3119 1514 3417 1580 στρατηγὸς
3473 1521 3700 1584 προνομῇ
3759 1514 4018 1588 παραδε-

2391 1590 2575 1659 δωκεν,
2632 1594 2871 1669 ἀριστεία
2946 1616 2998 1648 τε
3055 1604 3144 1657 τῆς
3202 1598 3459 1669 Ῥωμαίων
3528 1597 3822 1672 δυνάμεως,

2391 1420 2447 1468 τὸ
2510 1417 2792 1487 Ῥωμαϊκὸν
2852 1415 3223 1483 ἐκινδύνευσεν,
3275 1422 3407 1481 ὅπως
3465 1442 3515 1474 τε
3570 1428 3662 1480 τὴν

3913 1625 4017 1656 και

2389 1686 2525 1745 ὅπως
2582 1686 2646 1735 τά
2702 1688 2837 1736 κατά
2883 1690 2974 1743 τὴν
3020 1687 3416 1759 Μαρτυρὸπολιν
3467 1690 3491 1739 6
3544 1696 3751 1765 Περσῶν
3803 1712 4016 1764 στρατ-

627 1781 756 1849 ηγὸς
806 1778 1185 1852 κατεπόρθησε,
1243 1776 1492 1851 πρεσϐεία
1570 1795 1623 1828 τε
1697 1782 1905 1851 Περσῶν
1968 1778 2092 1847 πρὸς
2156 1774 2441 1846 Ῥωμαίους
2508 1779 2683 1846 πρώτη
2755 1779 2843 1825 καὶ
2909 1771 3147 1847 δευτέρα.
3210 1782 3389 1828 Ταῦτα
3436 1780 3526 1849 μεν
3571 1778 3617 1829 ἐν
3674 1789 3744 1851 τῷ
3802 1790 4015 1855 πρώτῳ

625 1867 778 1939 λόγῳ.

696 1955 867 2013 Libro
896 1956 1183 2020 secundo,
1212 1956 1285 2011 de
1318 1961 1521 2010 monte
1577 1954 1729 2009 Izala
1756 1953 1914 2025 agit:
1947 1954 2142 2025 deque
2198 1952 2276 2007 ln-
2314 1954 2356 2008 B

627 2045 943 2101 sultatione
988 2050 1168 2117 atque
1208 2045 1495 2115 jactantia
1553 2047 1865 2099 Persarum
1922 2042 2278 2111 Cardarigee,

626 2135 941 2201 exercitus,
964 2136 1122 2205 apud
1138 2149 1238 2188 eos
1252 2134 1448 2189 ducis.
1465 2133 1543 2187 De
1560 2147 1764 2203 pugna
1778 2132 1918 2186 item
1944 2130 2279 2202 Philippici,

626 2229 681 2279 et
714 2226 1120 2279 Romanorum
1150 2238 1286 2276 cum
1320 2222 1665 2290 Cardariga,
1695 2226 1749 2275 et
1775 2220 1965 2275 Persis
2006 2220 2082 2274 ad
2102 2224 2281 2273 Arza-

627 2327 849 2367 monem
864 2315 1132 2382 pugnata
1148 2317 1349 2382 :utque
1368 2310 1727 2381 Philippicus
1740 2325 1861 2365 non
1880 2307 2279 2363 manufactum

624 2400 951 2469 imaginem
973 2405 1213 2470 gestans
1242 2399 1479 2462 obierit,
1519 2397 1902 2469 lustraritque
1932 2397 2278 2459 exercitum,

625 2506 696 2547 ac
721 2488 966 2545 victoria
990 2488 1337 2559 perillustris
1373 2503 1559 2560 penes
1590 2490 1893 2543 Romanos
1948 2486 2123 2542 fuerit
2156 2501 2167 2541 :
2224 2492 2280 2541 et

626 2578 707 2634 uti
740 2578 941 2651 imago
972 2577 1074 2633 illa
1100 2592 1219 2633 non
1233 2576 1680 2642 manufacta,ad
1696 2576 2033 2631 Simeonem
2050 2574 2277 2629 Amidae

625 2667 975 2739 episcopum
990 2682 1125 2721 cum
1144 2666 1519 2721 veneratione
1538 2665 1729 2719 missa
1748 2665 1822 2719 sit
1844 2682 1853 2717 :
1880 2663 2276 2718 Barbarorum

625 2769 836 2826 agrum
853 2753 1610 2825 Romanidepraadatisunt,
1633 2752 1899 2823 fugitque
1923 2752 2277 2823 Cardagiras

626 2843 703 2901 ad
744 2844 953 2898 urbem
991 2843 1196 2897 Daras.
1242 2842 1452 2895 Dareni
1492 2841 1570 2896 ab
1625 2841 1769 2895 urbe
1819 2841 2017 2911 ipsum
2077 2839 2275 2911 proﬂi—

627 2939 865 3003 garunt,
905 2934 1130 2987 viribus
1153 2930 1415 2986 hostium
1442 2932 1569 3001 jam
1597 2928 1868 2983 fractum.
1893 2933 1967 2984 De
1993 2930 2276 2984 Romanis

628 3022 915 3079 militibus
944 3038 973 3076 e
1002 3023 1224 3085 Quarto
1256 3019 1891 3087 Partheorumlegioue
1917 3017 2235 3072 vulneratis
2260 3031 2273 3072 :

627 3112 711 3166 ita
734 3116 950 3165 vocant
976 3110 1208 3179 eos,qui
1235 3108 1516 3162 Berrbmaa
1544 3106 1688 3160 urbe
1720 3107 1923 3177 Syriae,
1944 3122 2279 3161 commora-

629 3200 863 3255 bantur.
897 3200 1301 3251 Romanorum
1316 3194 1613 3266 expeditio
1637 3197 1694 3248 in
1725 3196 2076 3249 Arzaninem
2093 3197 2279 3264 regio-

2464 1951 2544 2003 Ἐν
2603 1949 2661 2003 δὲ
2712 1960 2782 2021 τῷ
2837 1948 3060 2027 δευτέρῳ
3124 1950 3466 2025 διαλαμϐάνει
3520 1962 3636 2029 περὶ
3695 1967 3785 2010 τοῦ
3839 1963 4015 2032 ᾁοους

2391 2050 2482 2093 τοῦ
2539 2041 2714 2100 Ἰζαλά
2744 2042 2811 2106 ³⁷,
2846 2047 2959 2113 περί
3004 2062 3053 2093 τε
3100 2052 3195 2104 τῆς
3242 2047 3375 2095 κατά
3425 2048 3508 2097 τὸν
3555 2044 3921 2120 Καρδαρηγάν
3958 2054 4011 2087 ³⁸

2390 2134 2477 2180 τὸν
2544 2138 2642 2181 τῶν
2724 2137 2933 2202 Περσων
2996 2137 3288 2205 στρατηγὸν
3358 2133 3673 2199 ἀλαζονείας,
3735 2139 3883 2197 ὅπως
3950 2158 4013 2189 τε

2391 2218 2701 2271 Φιλιππικου
2750 2239 2801 2270 τε
2854 2225 2941 2271 καὶ
2987 2220 3071 2292 [41
3130 2222 3215 2291 Η.]
3264 2220 3524 2293 Ῥωμαίων
3566 2230 3686 2296 πρὸς
3727 2230 3814 2277 τὸν
3850 2233 4009 2299 Καρ-

2391 2304 2630 2379 δαρηγάν
2682 2312 2727 2342 ³9
2760 2313 2848 2359 καὶ
2901 2314 3102 2382 Πέρσας
3154 2313 3308 2381 μάχη
3356 2317 3473 2383 περὶ
3527 2317 3582 2363 τὸ
3628 2314 3913 2387 Ἀρξάμων
3958 2320 4012 2351 ⁸ο

2393 2402 2636 2462 συνέστη,
2680 2402 2767 2449 καὶ
2812 2400 2945 2458 ὅπως
2991 2400 3015 2449 6
3059 2398 3368 2460 Φιλιππικός
3430 2406 3523 2457 τὴν
3581 2401 4011 2475 ἀχειροποίητον

2388 2486 2559 2537 εἰκόνα
2598 2491 2757 2558 φέρων
2806 2491 3007 2560 περιῄἐι
3055 2489 3391 2559 καθαγιάζων
3423 2493 3479 2541 τὸ
3538 2494 3858 2564 στράτευμα9
3909 2502 4014 2547 καὶ

2388 2578 2456 2635 ὡς
2546 2579 2659 2633 νίκη
2752 2574 3127 2646 ἐπιφανεστάτη
3225 2582 3337 2629 τότε
3418 2578 3677 2651 Ῥωμαίων
3764 2581 4009 2653 ἐγένετο,

2388 2665 2520 2724 ὅπως
2571 2684 2621 2715 τε
2675 2667 2703 2721 η
2761 2664 3161 2737 ἀχειροποίητος
3220 2672 3343 2739 πρὸς
3408 2674 3670 2739 Συμεὼνην
3732 2674 3821 2722 τὸν
3878 2673 4009 2725 ἐπί-

2390 2772 2579 2804 σκοπον
2629 2751 2858 2824 Ἀμίδης
2886 2756 2928 2788 “
2959 2759 3088 2824 μετά
3134 2755 3545 2827 σεϐασμιὸτητος
3594 2757 4006 2817 ἀποστέλλεται.

2387 2842 2689 2893 Σκυλεύεται
2732 2839 2790 2893 δε
2838 2844 2936 2893 ὑπὸ
2980 2843 3241 2915 Ῥωμαίων
3296 2849 3351 2896 τὸ
3403 2844 3689 2921 βάρϐαρον,
3739 2860 3831 2901 καί
3874 2860 4008 2922 φεύ.

2385 2950 2467 3001 γει
2510 2933 2533 2981 6
2586 2927 2939 3005 Καρδαρηγάν
2971 2934 3016 2966 ⁸³
3048 2932 3131 2985 ἐπὶ
3180 2939 3235 2983 το
3287 2937 3449 3007 Δαράς
3491 2938 3534 2969 ⁸³
3571 2956 3582 2967 ·
3616 2943 3703 2988 καὶ
3752 2940 3903 3001 ὅπως
3956 2961 4011 2993 οι

2388 3026 2605 3092 Δαρηνοι
2659 3022 2756 3070 ἀπὸ
2800 3028 2889 3072 τοᾶ
2928 3022 3113 3083 άστεος
3160 3022 3313 3074 αὐτὸν
3368 3023 3757 3095 ἀποπέμπονται
3806 3024 3908 3079 διὰ
3944 3036 4009 3080 τὸ

3264 3112 3436 3172 Ὀπως

2387 3112 2521 3160 κατά
2605 3112 2793 3180 κράτος
2876 3112 3183 3169 ἡττηθῆναι.
3264 3112 3436 3172 Ὀπως
3509 3133 3560 3165 τε
3637 3117 3661 3165 6
3720 3115 4009 3187 Ῥωμαίων

2390 3204 2708 3272 στρατιώτης
2759 3202 2814 3249 τό
2876 3208 3027 3269 σωμα
3078 3206 3423 3273 κατετίτρωτο
3459 3220 3469 3231 ο
3507 3198 3565 3259 ἦν
3625 3200 3682 3254 δὲ
3735 3213 3836 3267 τῆς
3900 3217 4012 3258 τῶν

629 3286 1087 3354 nem,Maruthas
1114 3291 1169 3339 et
1188 3284 1384 3339 Jovius
1408 3284 1537 3354 ejus
1561 3299 1679 3338 oras
1705 3284 1883 3339 duces
1914 3283 1985 3339 ad
2009 3284 2280 3355 Philippi-

2394 3289 2839 3360 Κουαρτοπαρθων
2910 3288 3117 3353 τάξεως,
3199 3290 3332 3341 οὕτω
3408 3290 3728 3363 καλουμένων
3792 3304 3896 3345 των
3958 3299 4017 3346 ἐν

631 3379 855 3439 cum,et
872 3376 1169 3428 Romanos
1184 3372 1544 3426 defecerunt.
1565 3371 1831 3427 Privatas
1848 3374 2049 3443 cOpias
2070 3372 2281 3426 Carda-

630 3464 810 3533 rigas,
843 3462 1064 3534 quibus
1088 3464 1378 3516 Romanos
1400 3476 1471 3514 ex
1503 3460 1731 3514 insidiis
1757 3460 2281 3525 adoriretur,colle-

632 3551 1039 3625 git.Heraclius
1072 3552 1240 3621 (ejus
1264 3549 1641 3621 Heraclii,qui
1658 3554 1793 3621 post
1814 3549 2135 3620 imperator
2153 3550 2277 3615 fuit,

630 3648 798 3714 pater
826 3643 903 3713 )a
930 3639 1257 3711 Philippico
1282 3638 1357 3693 ad
1382 3639 1615 3693 hostem
1630 3638 2001 3709 speculatum
2026 3637 2281 3692 emissus

634 3732 881 3788 miritice
916 3736 1187 3784 servatus
1216 3733 1320 3783 est.
1351 3731 1425 3783 De
1451 3728 1697 3783 Zaberta
1726 3728 1970 3783 homine
1990 3731 2161 3783 Persa
2191 3729 2283 3783 hic

634 3818 1983 3891 agitur,utqueaChlomarorumoppugnatione
1998 3817 2283 3872 cessariut

634 3912 905 3966 Romani.
940 3910 1145 3964 Adhuc
1176 3911 1247 3963 de
1274 3908 1463 3963 etfusa
1485 3909 1763 3979 turpique
1792 3907 2101 3978 Philippici
2124 3908 2279 3977 fuga,

633 4002 991 4072 turbatoque
1009 4000 1214 4055 ordine
1234 3997 1483 4053 Romani
1507 3997 1901 4053 exercitus.De
1922 3998 2131 4051 morbo
2162 4014 2282 4068 quo

631 4092 990 4163 Philippicas
1020 4094 1325 4160 correptus
1358 4095 1466 4151 est,
1512 4094 1567 4142 et
1597 4088 1669 4142 de
1705 4088 1982 4150 Heraclio,
2036 4086 2284 4141 Ileraclii

632 4190 766 4253 post
793 4179 1172 4250 imperatoris
1194 4185 1380 4248 patre,
1410 4179 1466 4231 in
1492 4177 1784 4231 exercitus
1837 4192 2045 4231 curam
2104 4175 2280 4230 advo-

632 4274 789 4332 cato,
812 4275 991 4337 utque
1011 4270 1069 4319 in
1089 4267 1451 4321 meridianos
1478 4267 1672 4320 Medos
1699 4268 2101 4319 Romanorum
2124 4280 2286 4319 exer-

631 4357 816 4411 citum
851 4355 1287 4425 subimperator
1314 4353 1407 4407 ille
1447 4353 1702 4421 duxerit,
1736 4360 1790 4407 et
1832 4369 1965 4409 vere
2019 4354 2279 4418 ineunte,

635 4444 789 4513 286
820 4444 878 4497 in
907 4442 1221 4497 Persarum
1253 4456 1429 4511 agros
1462 4441 1711 4495 Romani
1748 4442 2082 4511 irruperint.
2116 4444 2283 4497 Com-

629 4533 897 4604 plectitur
927 4538 981 4587 et
1011 4530 1101 4585 hic
1128 4530 1297 4597 liber,
1325 4535 1387 4583 ut
1417 4535 1619 4585 contra
1664 4529 1894 4584 Abaros
1951 4531 2283 4586 Comeutio-

631 4621 723 4677 lus
754 4622 1193 4695 expeditionem
1215 4618 1560 4690 susceperit,
1623 4617 2128 4688 subimperatores
2176 4635 2283 4675 na-

630 4718 758 4766 ctus
784 4712 1101 4767 Maximum
1124 4716 1178 4765 et
1208 4711 1473 4773 Castum,
1511 4713 1689 4779 utque
1719 4706 1898 4763 rebus
1930 4707 2007 4763 ab
2040 4709 2109 4762 iis
2130 4724 2283 4779 prae-

629 4800 785 4855 clare
818 4800 1101 4855 adversus
1128 4800 1355 4853 Abaros
1378 4798 1582 4867 gestis,
1618 4797 1783 4851 vivus
1809 4795 2048 4851 tandem
2078 4798 2281 4852 Castus

626 4890 688 4945 in
727 4888 986 4945 hostium
1028 4888 1251 4943 venerit
1289 4891 1643 4958 potestatem
1688 4903 1699 4941 :
1747 4891 1923 4957 utque
1964 4886 2278 4941 Ansimuth

2392 3382 2572 3448 Βεροίᾳ
2622 3376 2763 3428 πόλει
2805 3384 2897 3437 τῆς
2940 3383 3129 3449 Συρίας
3177 3382 3270 3439 τας
3324 3376 3601 3451 διατριϐὰς
3649 3389 4013 3454 ποιουμένων.

2394 3472 2516 3537 Περί
2587 3484 2639 3517 τε
2708 3474 2798 3526 τῆς
2866 3465 3224 3541 ἐπιστρατείας
3289 3468 3551 3540 Ῥωμαίων
3606 3472 3651 3504 ⁸⁵
3705 3476 3847 3524 κατὰ
3911 3483 4018 3536 τῆς

2394 3556 2733 3627 Ἀρζανηνῆς,
2813 3560 2900 3607 καὶ
2981 3557 3115 3617 ὅπως
3184 3560 3465 3631 Μαρουθᾱς
3541 3564 3629 3611 καὶ
3700 3560 3912 3623 Ίώϐιος
3966 3566 4018 3615 οὶ

2392 3645 2634 3715 ἡγεμόνες
2687 3644 2851 3704 αὐτῆς
2927 3644 3277 3716 αὐτομολοῦσι
3348 3653 3473 3721 πρὸς
3543 3648 3855 3702 Φιλιππικὸν
3918 3660 4015 3705 καὶ

2387 3738 2688 3801 Ῥωμαίους.
2754 3738 2852 3783 Καὶ
2911 3739 3026 3804 περὶ
3102 3743 3193 3794 τῆς
3248 3731 3517 3796 ἰδιωτικῆς
3574 3734 3849 3809 δυνάμεως
3916 3750 4016 3805 τῆς

2395 3823 2864 3893 συναθροισθείσης
2913 3823 3010 3873 ὑπὸ
3061 3832 3149 3874 τοῦ
3208 3822 3561 3897 Καρδαρηγάν
3609 3828 3654 3861 ⁸⁵
3688 3828 3763 3888 εἰς
3818 3833 3877 3880 τὸ
3938 3830 4016 3893 ἐξ-

2394 3918 2661 3961 απατῆσαι
2712 3909 3016 3982 Ῥωμαίους.
3080 3913 3166 3982 [85
3214 3914 3299 3983 3.]
3358 3921 3456 3966 Καὶ
3506 3917 3642 3976 ὅπως
3699 3915 4014 3988 Ἠράκλεοιι

2394 4002 2418 4050 6
2474 3998 2772 4072 Ἡρακλείου
2848 4008 2939 4051 τοῦ
3008 4000 3393 4075 αὐτοκράτορος
3469 4009 3643 4077 πατὴρ
3719 4006 3823 4057 ύπό
3921 4020 4014 4062 του

2394 4089 2705 4140 Φιλιππικου
2756 4088 2839 4140 ἐπὶ
2883 4098 3194 4161 κατασκοπῇ
3242 4100 3340 4141 τῶν
3390 4091 3641 4164 πολεμίων
3690 4093 4014 4157 ἀποσταλεὶς

2393 4173 2706 4247 παραδοξως
2756 4174 3100 4239 διασώζεται.
3153 4183 3251 4230 Καὶ
3301 4186 3418 4252 περὶ
3462 4180 3693 4252 Ζαϐέρτα
3735 4192 3830 4234 τοῦ
3878 4192 4012 4261 Πέρ-

2397 4285 2511 4330 σου,
2556 4271 2643 4316 καὶ
2691 4268 2827 4327 ὅπως
2878 4274 2971 4327 τῆς
3018 4276 3112 4317 τῶν
3160 4267 3441 4341 Χλομαρὼν
3474 4271 3520 4305 ⁸⁸
3552 4271 3861 4342 πολιορκίας
3892 4273 4011 4326 Ῥω

2394 4364 2541 4427 μαὶοι
2580 4354 2897 4425 ἀπέσχοντο.
2932 4362 3043 4407 Ἔτι
3082 4352 3139 4407 δὲ
3171 4363 3287 4429 περὶ
3320 4367 3409 4418 τῆς
3454 4358 3645 4433 ἀθρόας
3690 4365 3781 4412 καὶ
3815 4360 4012 4435 ἀλογοε

2398 4452 2567 4515 φυγῆς
2615 4444 2947 4509 ψιλιππικοῡ,
2981 4453 3069 4496 καὶ
3114 4453 3207 4507 τῆς
3248 4453 3522 4518 γενομένης
3572 4448 3787 4512 ἀταξίας
3819 4460 3941 4512 τοῖς
3977 4455 4009 4489 ⁴”

2392 4539 2696 4605 Ῥωμαικοίς
2749 4532 3188 4606 ἐκστρατευμασι,
3251 4542 3372 4608 [ιερί
3426 4557 3478 4589 τε
3544 4546 3638 4599 τῆς
3694 4540 4009 4610 ἑνεχθείση

2393 4632 2465 4693 τῷ
2547 4623 2840 4693 Φιλιππικῴ
2906 4630 3083 4689 νοσου,
3156 4629 3244 4676 καὶ
3297 4628 3374 4677 ὅτι
3426 4626 3715 4701 Ἡράκλειος
3768 4628 3795 4677 ό
3856 4630 4010 4707 Ἦρα

2393 4711 2561 4762 κλείου
2619 4719 2709 4763 τοῦ
2778 4711 3157 4785 αὐτοκράτορος
3205 4719 3374 4788 πατὴρ
3431 4718 3524 4776 τὰς
3576 4713 3865 4789 φροντίδας
3934 4732 4007 4785 τῆ

2394 4802 2668 4872 ἡγεμονίας
2720 4797 3037 4871 ἀναδέχεται
3088 4802 3157 4858 ⁸⁸.
3204 4800 3378 4864 Ὀπως
3408 4822 3460 4855 τε
3491 4812 3597 4865 τοὶς
3624 4804 4007 4879 μεσημϐρινοί

2391 4896 2483 4949 τῆς
2536 4885 2780 4949 Μηδικῆς
2837 4888 3151 4962 προσϐάλλει
3202 4892 3226 4942 ὁ
3272 4898 3366 4952 τῆς
3413 4891 3677 4965 Ῥωμαίων
3728 4890 4007 4971 δυνάμεω

1966 5037 2202 5093 VARI/13‘.
2246 5039 2653 5096 LECTIONES.

698 5180 743 5213 ”
767 5188 965 5233 nonne
988 5171 1470 5245 νκαταστρεψόμενρι
1501 5171 1527 5224 τ
1632 5173 1677 5206 ³³
1705 5172 1941 5223 Ἰωάννου
1972 5191 2025 5235 ς,

626 5269 680 5313 ς’.
793 5248 835 5282 ⁸⁷
872 5244 1129 5316 Ἱξαλαλς.
1199 5242 1208 5245 “
1244 5247 1289 5279 ³⁸
1322 5242 1624 5316 Καδαρίγαν
1658 5264 1707 5306 ς’.

620 5338 781 5393 ριγας-
796 5339 850 5393 ς’.

624 5385 695 5445 λζ
765 5390 812 5424 ⁸⁸
842 5385 1125 5461 ἀνεδέχετο
1154 5409 1208 5453 ς’.

2124 5173 2228 5245 ⁸⁸Δό
2263 5177 2394 5243 post
2423 5178 2642 5245 σεισμὸς
2674 5174 2814 5229 add.
2847 5177 2916 5228 Α.

1826 5245 1871 5277 ⁸⁸
1904 5249 1991 5294 καὶ
2018 5247 2156 5297 ante
2184 5242 2408 5299 ῬέοιΙι.
2440 5251 2503 5300 Α.

966 5318 1013 5352 ⁸³
1045 5313 1211 5391 δάρας
1236 5322 1296 5371 Δ.
1373 5317 1420 5350 ⁸⁸
1450 5313 1711 5387 Ῥωμαίων
1736 5318 1825 5366 καὶ
1854 5318 1987 5366 κατὰ
2015 5322 2103 5373 τῆς
2135 5315 2409 5387 ἀζαρνίνης
2437 5338 2490 5381 ς’.

3024 5178 3069 5211 ³⁵
3105 5194 3158 5228 τε
3184 5177 3208 5227 6
3236 5176 3347 5231 Φιλ.
3378 5196 3432 5240 ς.
3470 5230 3473 5231 ,

2620 5248 2665 5279 ⁸ο
2699 5247 2973 5318 Ἀρζαμὼν
3003 5267 3056 5311 ς.

2569 5318 2614 5353 ⁸⁵
2644 5315 2958 5391 Καρδαρίγα
2985 5338 3039 5382 ς’.

3282 5180 3347 5261 ιλ.
3470 5230 3473 5231 ,
3550 5180 3595 5214 ³⁵
3625 5182 3715 5231 καὶ
3748 5182 3806 5234 αἱ
3839 5181 4003 5263 ἀνδρ

3191 5250 3245 5328 δι.
3271 5247 3484 5328 ἀμῄδης
3515 5269 3568 5314 ς..
3643 5254 3736 5328 ut!
3774 5247 4000 5328 καί)δᾶ

3119 5320 3164 5354 ⁸⁸
3186 5318 3467 5394 χλομάρων
3502 5342 3557 5386 ς.
3636 5323 3681 5357 ⁸⁷
3711 5333 3823 5389 τοίς

2181 5520 2421 5579 ΝΟΤΛΕ.

730 5676 841 5753 (93)
874 5673 1115 5746 Ncieph.
1156 5672 1258 5729 lib.
1291 5688 1449 5741 xvm,
1492 5688 1621 5745 cap.
1647 5673 1736 5731 (3.

2498 5673 2614 5749 (ει)
2646 5674 2803 5735 Ibid.
2839 5677 2934 5734 ιο.
