4046 6228
157 315 227 370 illi
1253 311 1748 369 BIBLIOTHECA.
1775 342 1846 355 —
1873 311 2034 370 COD.
2067 312 2232 369 LXV.

853 440 1002 511 ἔαρος
1080 441 1190 512 ὥρᾳ
1270 437 1652 511 προσϐάλλουσι

1770 439 2133 511 pedestrium
2161 439 2467 512 copiarum
2502 442 2907 499 Romanarum
2922 442 3228 507 tributum,
3245 443 3424 502 Abari

154 438 483 508 ὑποστράτηγος·
544 439 628 488 καὶ
704 440 773 498 ὡς

151 530 327 597 Ρωμαῖοι
371 527 491 576 κατὰ
544 534 632 586 τῆς
690 533 905 600 Περσῶν
957 527 1230 588 πολιτείας⁸
1321 525 1662 599 διαλαμϐάνει

150 636 184 666 τε
218 618 270 674 ὡς
316 614 620 684 Κομεντίολος
665 621 804 668 κατὰ
869 626 967 668 τῶν
1019 616 1253 690 Ἀϐάρων
1311 617 1658 690 ἐκστρατεύει,

149 707 243 773 ἔχων
285 705 685 776 ὑποστρατήγους
746 713 974 780 Μαρῖνον
1028 711 1117 758 καὶ
1172 709 1396 772 Κάστον,
1455 711 1544 758 καὶ
1593 710 1663 768 ὡς

151 791 438 860 ι-ᾇέοκιμούσιν
490 794 631 845 οὗτοι
681 799 820 846 κατὰ
868 804 964 846 τῶν
1022 796 1276 870 ’Δϐάρων,
1328 797 1541 869 ὕστερον
1603 793 1663 848 δὲ

149 885 351 956 iur/prim:
418 883 507 933 6"
584 885 806 945 Κάστος.
894 891 991 937 Καὶ
1061 887 1141 938 ὅτι
1208 886 1497 957 Ἀνσιμούθ
1576 888 1660 936 τόν

147 971 308 1041 ἔξαρχον
351 979 437 1032 τῆς
486 973 709 1034 πεζικῆς
750 973 1012 1046 Ῥωμαίων
1061 972 1324 1047 δυνάμεως
1363 976 1411 1026 οἱ
1439 972 1662 1048 ’Ἄϐαροι

144 1064 309 1132 ζωγρίαν
345 1059 525 1122 ἔλαϐον,
556 1066 648 1113 καὶ
691 1060 1020 1136 κατέδραμον
1073 1067 1138 1116 τὰ
1175 1063 1272 1116 ἀνὰ
1318 1068 1412 1122 τὴν
1455 1065 1660 1136 Θράκην

141 1152 176 1199 εί
208 1145 410 1219 δυνάμεις
454 1151 644 1204 αὐτῶν.
711 1157 813 1205 Καὶ
867 1153 1206 1225 Κομεντιόλου
1257 1150 1539 1223 διάσκεψις
1620 1154 1662 1205 εἰ

136 1243 210 1307 χρὴ
275 1237 576 1290 ἐπιτίθεσθαι
631 1248 741 1302 τοῖς
791 1243 840 1276 ⁵ο
893 1241 1149 1317 Ἀϐάροις,
1198 1247 1286 1294 καὶ
1357 1239 1662 1315 δημηγορία

134 1326 189 1377 ἐπὶ
221 1331 265 1378 τό
311 1324 408 1378 δεῖν
459 1331 805 1391 ἐπιτίθεσθαι,
865 1336 953 1383 καὶ
1009 1329 1452 1406 ἁντιδημηγορία.
1483 1330 1662 1393 Ὀπως

133 1420 228 1484 φωνὴ
256 1416 533 1486 ἐμπεσοῦσα
589 1427 663 1488 τῷ
705 1429 909 1492 στρατῷ
956 1429 1054 1472 τὼν
1111 1420 1345 1492 ’Λϐάρων
1395 1423 1658 1494 ἄπρακτον

131 1524 189 1561 τιςν
221 1515 294 1556 τού
340 1508 378 1542 ⁵¹
414 1508 756 1576 Κομεντιόλου
811 1511 1036 1562 ἐπίθεσιν
1077 1514 1169 1568 τὴν
1227 1513 1361 1562 κατά
1408 1518 1498 1562 τού
1551 1519 1658 1563 Χα-

128 1597 240 1660 μένου
280 1595 562 1665 εἰργάσατο.
631 1598 736 1651 Καὶ
789 1603 906 1670 περὶ
944 1605 1118 1651 Βουσᾶ
1161 1607 1251 1651 τοῦ
1311 1605 1654 1673 στρατιώτου,

127 1681 224 1741 ὁπως
261 1702 305 1734 τε
353 1683 394 1718 ⁸³
443 1695 685 1756 κυνηγῶν
757 1687 886 1739 ἑάλω
939 1691 1037 1739 ύπό
1093 1696 1192 1739 τῶν
1247 1686 1501 1760 Ἀϐάρων,
1571 1692 1658 1739 καὶ

3328 317 3426 375 HG

1769 528 1970 584 vivum
2003 529 2289 600 ceperint,
2331 529 2469 584 etin
2500 532 3229 588 Thraciamincursionem
3263 549 3424 589 exer-

1769 617 1919 672 citus
1969 633 2171 674 eorum
2229 618 2444 684 fecerit,
2501 621 2870 677 Comentiolo
2904 621 3142 676 interim
3201 621 3425 678 delibe-

1767 712 1954 773 rante,
1987 723 2064 763 an
2094 707 2303 763 Abaris
2329 714 2658 765 occurreret
2691 729 2703 766 :
2737 711 3065 782 habitaque
3093 715 3181 766 est
3209 710 3271 766 in
3289 727 3425 767 eam

1768 797 2115 852 sententiam
2170 797 2400 862 concio,
2432 802 2487 852 et
2531 798 2716 855 altera
2761 800 2903 855 item
2957 805 3184 863 contra,
3234 815 3308 855 ne
3363 816 3424 856 se

1766 885 1922 940 hosti
1953 886 2255 955 objiceret.
2291 887 2606 952 Quomodo
2661 893 2826 943 ortus
2866 889 2928 943 in
2961 889 3170 945 castris
3201 889 3426 945 Abaro-

1766 990 1899 1029 rum
1938 991 2160 1040 rumor,
2195 976 2543 1031 Comentioli
2572 976 2862 1032 adversus
2896 978 3246 1046 Chaganum
3277 978 3426 1033 irru-

1765 1063 2032 1134 ptionem
2068 1063 2292 1118 irritam
2335 1064 2552 1120 fecerit.
2591 1069 2665 1120 De
2693 1068 2846 1122 Busa
2877 1067 3079 1131 milite,
3105 1066 3206 1137 qui
3236 1067 3294 1122 in
3329 1083 3427 1122 ve—

1767 1153 2006 1208 natione
2037 1153 2114 1208 ab
2146 1153 2354 1208 Abaris
2385 1158 2619 1224 captus,
2653 1163 2708 1209 et
2737 1171 2772 1210 a
2804 1156 2927 1210 suis
2957 1155 3261 1224 neglectus
3287 1171 3424 1210 con-

1767 1247 2166 1314 temptusque,
2197 1241 2491 1298 Barbaros
2523 1259 2656 1298 eam
2691 1243 2769 1298 ob
2797 1260 3041 1300 causam
3070 1259 3420 1315 Oppugnan-

1765 1331 1980 1386 darum
2012 1331 2246 1386 urbium
2279 1332 2590 1387 machinas
2618 1332 2910 1388 fabricare
2935 1333 3166 1404 primus
3197 1333 3418 1388 docuit.

1769 1421 1852 1476 Uti
1880 1418 2200 1487 Choganus
2235 1422 2459 1476 Beroen
2490 1421 2806 1490 obsederit,
2840 1421 2942 1475 sed
2975 1421 3122 1476 nihil
3158 1421 3422 1492 profece-

1763 1509 1855 1564 rit.
1885 1508 2166 1563 Similiter
2212 1513 2266 1564 et
2309 1508 2659 1565 Diocletiani
2688 1510 2898 1565 urbem
2923 1509 3308 1582 oppugnarit,
3343 1525 3418 1565 ne

1763 1613 1879 1669 que
1907 1597 2126 1668 ceperit
2167 1603 2388 1653 tamen.
2419 1599 2765 1655 Mauricium
2820 1599 3240 1670 imperatorem
3269 1601 3421 1655 Con-

1765 1687 2148 1757 stantinopoli
2167 1687 2243 1742 ab
2266 1687 2571 1743 incondita
2599 1687 3006 1759 Byzantiorum
3029 1687 3202 1757 plebe
3225 1687 3425 1742 convi-

127 1769 222 1829 ὁπως
274 1771 361 1822 ὑπὸ
425 1783 522 1824 τῶν
577 1775 852 1847 ὁμοφύλων
909 1777 1206 1848 ὑπεροφθεὶς
1279 1785 1483 1848 πρῶτος
1563 1773 1652 1827 διὰ

1764 1775 1866 1830 ciis
1890 1776 2406 1846 exceptum,quod
2438 1776 2514 1830 ob
2537 1793 2628 1831 res
2654 1775 2960 1831 infeliciter
2980 1792 3118 1830 cum
3151 1774 3423 1831 Barbaris

126 1866 231 1909 τούτο
275 1865 374 1922 τούς
427 1862 689 1936 Ἀϐάρους
739 1864 1109 1938 πολιορκητικὰ
1184 1869 1378 1940 ὄργανα
1445 1859 1657 1924 ἐδίδαξε

125 1952 566 2011 κατασκευάζεσθαι.
625 1953 804 2015 Ὀπως
864 1973 917 2006 τε
968 1955 1067 2006 ύπό
1126 1962 1217 2006 τοῦ
1269 1955 1513 2025 Χαγάνου
1566 1971 1653 2003 που

126 2037 340 2104 ὶιορκιίται
393 2046 571 2116 Βερόη,
625 2047 718 2094 καὶ
775 2045 905 2103 ὅπως
961 2044 1318 2115 ἀποτυγχάνει
1349 2050 1436 2095 τοῦ
1482 2041 1657 2112 ἐγχει-

122 2133 314 2193 ρήματος.
388 2128 562 2192 Ὀπως
634 2151 688 2184 τε
745 2132 1110 2190 Διοκλητιανού
1189 2132 1334 2184 πόλιν
1411 2133 1436 2183 ό
1503 2131 1658 2191 αὐτὸς

124 2215 408 2288 τελιορκὲσας
461 2218 741 2292 ἀπρακτεῖ.
804 2227 902 2275 Καὶ
949 2225 1082 2283 ὅπως
1126 2224 1151 2273 ό
1207 2221 1457 2294 βασιλεὺς
1509 2227 1659 2273 Μαυ-

120 2311 244 2370 ,είιιος
295 2310 386 2359 ὑπὸ
442 2317 535 2360 τοῦ
602 2310 842 2380 ἀγελαίου
900 2311 1130 2372 πλήθους
1200 2320 1296 2363 τῶν
1369 2310 1656 2370 Βυζαντίων

120 2391 364 2466 ιλοιδορείτο
401 2395 495 2450 διὰ
545 2403 617 2450 τὰ
669 2400 770 2452 ἀπὸ
817 2409 913 2452 τῶν
965 2399 1243 2475 βαρϐάρων
1291 2398 1660 2471 συμϐεϐηκότα

117 2488 198 2551 περὶ
239 2490 318 2541 τήν
369 2487 626 2561 Εύρωπην
677 2485 1089 2561 δυστυχήματα,
1123 2491 1262 2550 ὃπως
1307 2507 1359 2540 τε
1411 2487 1658 2558 ἐκπέμπει

117 2578 346 2642 ficitur/63
389 2581 473 2628 τὸν
498 2579 767 2642 Ἰωάννην,
814 2579 867 2629 ὃν
901 2578 1174 2630 ἐπεκάλουν
1225 2578 1557 2631 Μυστάκωνα
1587 2576 1655 2642 ⁵³,

117 2659 448 2736 ὑποστράτηγον
524 2666 674 2736 αὐτῴ
731 2670 1192 2740 καταστησάμενος
1247 2672 1538 2739 Αρδκτωνα’
1599 2667 1655 2726 ὃς

1764 1868 1986 1933 gestas,
2020 1866 2252 1934 Europa
2288 1862 2505 1920 afﬂicta
2534 1868 2706 1920 esset.
2758 1865 2985 1920 Misisse
3017 1864 3218 1937 itaque
3247 1866 3423 1919 Joan-

1765 1958 2331 2022 nem,cognomento
2345 1954 2698 2024 Mystacona,
2728 1953 3106 2020 belliducem,
3134 1955 3423 2010 Droctone

1767 2042 1875 2113 ipsi
1919 2041 2393 2112 subimperatore
2442 2041 2724 2097 attributo
2784 2060 2796 2097 :
2854 2043 2958 2114 qui
2989 2041 3312 2098 obsessam
3345 2042 3422 2097 ab

1767 2130 1972 2185 Abaris
1993 2129 2468 2202 Adrianopolim,
2497 2146 2699 2202 pugna
2728 2147 2866 2186 cum
2896 2131 3062 2186 hoste
3094 2130 3424 2186 commissa

1767 2234 2028 2291 praesens
2056 2220 2326 2274 servavit.
2362 2220 2781 2292 Complectitur
2806 2220 2987 2276 etiam
3034 2219 3130 2274 hic
3163 2219 3329 2284 liber,
3361 2223 3426 2274 ut

1765 2324 1959 2363 arcem
1987 2309 2297 2364 Persarum
2329 2309 2658 2381 quemdam
2691 2309 2743 2364 vi
2775 2324 2984 2381 capere
3014 2307 3311 2364 Heraclius
3347 2307 3422 2363 sit

1767 2411 2090 2467 aggressus
2125 2401 2214 2464 ;et
2236 2400 2309 2451 de
2324 2397 2633 2470 Bejudaes,
2664 2398 2745 2452 sic
2772 2398 2929 2453 dicto
2950 2397 3212 2461 castello,
3239 2399 3422 2468 utque

1759 2485 2098 2541 incredibili
2134 2486 2368 2557 Saperis
2401 2486 2600 2543 militis
2624 2484 2983 2549 fortitudine,
3003 2485 3253 2540 Romani
3279 2500 3425 2556 pras-

1767 2575 1985 2631 sidium
2012 2577 2380 2645 occuparint.
2413 2575 2673 2646 Denique
2695 2579 2758 2630 ut
2779 2574 3143 2647 Philippicas
3164 2575 3225 2628 in
3255 2573 3422 2643 regia

1765 2663 1910 2719 urbe
1944 2663 2458 2735 Constantinopoli
2491 2663 2864 2719 remanserit.

114 2754 171 2797 ui
201 2751 607 2826 πολιορκουμένης
635 2757 734 2807 ύπό
763 2765 860 2807 τῶν
885 2755 1114 2829 Ἀϐάρων
1145 2764 1240 2816 τῆς
1272 2752 1808 2826 Ἀδριανουπόλεωςθδ
1834 2752 2099 2823 συμμίξας
2128 2759 2234 2812 τοῖς
2263 2751 2528 2824 πολεμίοις
2549 2756 2642 2810 τὴν
2673 2752 2820 2803 πόλιν
2849 2749 2942 2823 [42
2975 2749 3063 2823 [1.]
3096 2747 3418 2804 διεσώσατο.

114 2837 387 2908 nauseam
430 2842 489 2896 δε
520 2851 614 2897 καὶ
664 2848 800 2906 ὅπως
836 2847 861 2896 ό
889 2845 1186 2918 Ἡράκλειος
1212 2847 1452 2917 φρούριον
1485 2845 1737 2917 Περσικόν
1783 2841 2029 2913 ἐνεχείρει
2058 2848 2167 2902 τοῖς
2197 2840 2369 2900 ὅπλοις
2399 2840 2546 2909 slsis,
2572 2844 2661 2892 καὶ
2692 2845 2810 2914 περὶ
2841 2847 2933 2892 τοῦ
2962 2836 3235 2899 Βεῖουδοίες
3267 2858 3422 2912 φρου-

113 2931 207 2992 ρίου,
237 2934 312 2981 καὶ
355 2935 484 2993 ὅπως
514 2931 808 3007 παραδόξῳ
840 2932 1076 3005 ἀριστείᾳ
1109 2935 1347 3008 Σάπηρος
1377 2939 1468 2985 τοῦ
1519 2937 1843 3006 στρατιώτου
1875 2931 2008 2984 εἶλον
2055 2934 2110 2983 τὸ
2162 2932 2403 3003 φρούριον
2451 2929 2714 3000 Ῥωμαῖοι.
2769 2932 2868 2981 Καὶ
2916 2932 3009 2986 τὴν
3058 2925 3310 3000 ἐνδημίαν
3360 2925 3420 2980 δε

116 3014 361 3071 θιλιππικού
389 3029 506 3092 περὶ
537 3027 599 3075 τὸ
623 3021 887 3095 βασίλειον
928 3024 1084 3076 ἄστυ.

161 3103 204 3154 Ὀ
246 3103 296 3159 δε
348 3116 512 3184 τρίτος
568 3113 720 3182 λόγος
786 3109 1029 3174 διέξεισιν
1088 3112 1226 3173 ὅπως
1280 3105 1652 3185 χειροτονεῖται

1831 3109 2021 3165 Tertio
2050 3108 2216 3164 libro.
2252 3107 2318 3163 In
2349 3106 2658 3179 Philippici
2683 3105 2885 3162 locum
2916 3104 3231 3162 Orientalis
3265 3104 3418 3160 mili-

114 3211 193 3242 τιτι
242 3197 534 3252 φιλιππικού
603 3203 974 3275 στρατηγόςό
1060 3206 1290 3273 Πρίσκος
1372 3209 1462 3261 τῆς
1530 3200 1655 3271 ἑῴας

113 3277 343 3352 δυνάμεως,
449 3292 597 3351 ὅπως
685 3310 737 3342 τε
837 3290 1144 3351 Φιλιππικός
1222 3287 1655 3361 διαφθονούμενος

115 3375 277 3443 Πρίσκῳ
334 3384 453 3450 πρὸς
549 3379 849 3452 Ἡράκλειον
933 3378 1152 3452 ἔγραψεν
1231 3382 1510 3450 ἐμφανίσαι
1585 3386 1653 3448 τῷ

112 3473 268 3531 θηραταί»
309 3475 399 3516 τῶν
455 3475 722 3526 σιτήσεων
777 3469 942 3520 αὐτῶν
994 3473 1087 3526 τὴν
1144 3473 1378 3538 μείωσιν,
1430 3472 1518 3519 καὶ
1575 3469 1655 3519 ὄτι

115 3552 286 3615 Πρίσκος
352 3556 734 3626 προσπελάζων
783 3565 851 3626 τῷ
928 3555 1264 3630 στρατοπέδῳ
1318 3557 1412 3609 οὐκ
1488 3555 1651 3614 ἀπέϐη

109 3644 170 3686 τῡύ
217 3642 356 3694 ῐππου
406 3650 542 3696 κατὰ
593 3649 652 3697 τό
701 3645 920 3697 παλαιόν
976 3648 1084 3706 ἔθος
1131 3651 1219 3698 καὶ
1273 3646 1437 3707 οὕτως
1484 3647 1654 3703 ἠσπά-

110 3742 200 3776 σατο
261 3733 311 3782 τό
383 3740 782 3805 στρατιωτικόν
875 3732 959 3786 διὸ
1040 3739 1098 3786 τό
1151 3737 1199 3770 ⁵⁵
1257 3738 1650 3808 στρατιωτικὸν,

107 3831 160 3864 at:
194 3837 235 3870 τε
281 3823 326 3871 αὶ
382 3829 623 3884 σιτήσεις
677 3826 1014 3885 ὑπετέμνοντο
1073 3828 1162 3876 καὶ
1204 3826 1285 3876 ὅτι
1351 3825 1650 3895 ﬁfty-09V”:

109 3903 376 3970 ιπασίαζον.
425 3919 523 3965 Καὶ
573 3917 804 3985 Πρίσκος
839 3910 1081 3985 ἐλιφρέδα
1119 3916 1166 3949 ⁵⁸
1198 3911 1323 3975 δούς
1363 3919 1454 3971 τὴν
1502 3913 1651 3985 ἀχει-

111 4002 328 4056 Trinitas
380 3998 450 4052 δι’
483 4002 653 4063 αὐτῆς
708 4001 996 4077 ἐκλιπαρεῖν
1039 4007 1094 4054 τὸ
1127 4002 1320 4063 πλῆθος
1353 4000 1645 4073 ἐτέχναζεν

112 4100 142 4128 ει
167 4081 211 4135 σ”ι
238 4095 312 4139 καὶ
342 4095 533 4148 ταύτην
563 4091 733 4151 λίθοις
762 4090 957 4146 ἔϐαλον,
987 4095 1074 4143 Διὸ
1107 4094 1280 4162 φεύγει
1311 4095 1400 4162 μὲν
1427 4091 1474 4142 ἐν
1509 4099 1652 4144 Κων-

114 4179 297 4247 ττσνὶνῃ
345 4185 589 4250 Πρίσκος,
616 4185 706 4231 καὶ
759 4183 979 4250 αἱρεῖται
1031 4183 1129 4231 ὑπὸ
1180 4189 1273 4240 τῆς
1320 4187 1570 4252 στρατιᾶς
1600 4183 1646 4216 ⁵⁷

113 4262 304 4330 Γιβμκιὸς
357 4269 532 4329 α’ύτοίς
587 4273 911 4342 ,στρατηγός
970 4268 1237 4330 ἀκούσιος·
1292 4274 1381 4320 καὶ
1455 4273 1648 4330 ταύτης

112 4356 171 4406 τᾶς
229 4355 511 4425 τυραννίδος
592 4361 889 4430 κρατούσης
955 4358 1140 4410 πολλαὶ
1204 4362 1348 4431 παρὰ
1434 4367 1643 4432 Περσῶν

1766 3199 1858 3255 tim
1907 3199 2031 3254 dux
2081 3196 2367 3253 suffectus
2401 3196 2630 3252 Priscus
2669 3211 2684 3251 :
2729 3195 2825 3250 cui
2855 3195 3216 3267 Philippicus
3268 3195 3417 3250 invi-

1764 3289 1914 3343 dens
1948 3287 2215 3342 Heraclio
2233 3284 2486 3358 scripsit,
2504 3288 2909 3340 commeatum
2936 3282 3236 3349 exercitui,
3262 3282 3420 3340 ciba-

1762 3377 1967 3448 riaque
2006 3377 2312 3431 minueret.
2347 3374 2582 3429 Priscus
2613 3389 2851 3445 quoque
2894 3373 2954 3428 in
2985 3377 3182 3428 castra
3229 3371 3420 3443 profe-

1765 3470 2039 3533 ctus,non
2056 3467 2193 3536 (94')
2208 3464 2284 3520 ad
2299 3464 2482 3536 pedes
2499 3463 2680 3519 veteri
2701 3478 2952 3530 more,ex
2967 3478 3124 3534 equo
3141 3461 3418 3517 desiliens

1765 3555 1980 3611 milites
2010 3554 2300 3610 salutavit.
2335 3554 2542 3624 Itaque
2598 3553 2909 3616 exercitus,
2945 3558 3066 3607 tum
3097 3551 3262 3624 quod
3309 3566 3419 3606 an-

1764 3660 1924 3700 nona
1963 3645 2158 3699 accisa
2205 3647 2356 3698 esset
2386 3645 2562 3713 atque
2611 3645 2867 3710 augusta
2910 3642 3046 3710 (95),
3095 3644 3221 3695 tum
3251 3638 3418 3712 quod

1765 3735 1892 3789 sine
1925 3735 2151 3788 honore
2181 3736 2336 3788 esset
2365 3731 2444 3786 ab
2471 3729 2570 3784 illo
2585 3730 2846 3794 habitus,
2871 3729 3107 3784 militari
3129 3727 3416 3783 seditione

1764 3823 2157 3879 tumultuatus
2187 3825 2292 3876 est.
2328 3820 2562 3874 Priscus
2582 3819 2693 3890 (96)
2722 3817 3066 3889 eliphrepha
3082 3831 3204 3872 non
3228 3831 3416 3872 manu

1763 3913 1916 3968 facta
1941 3911 2039 3966 illa
2067 3911 2329 3978 imagine
2382 3908 2525 3978 ipsis
2557 3907 2790 3971 tradita,
2825 3906 3061 3978 placare
3111 3921 3217 3976 per
3273 3920 3409 3960 eam

1761 3999 2099 4071 gregarium
2131 3997 2374 4052 militem
2407 3996 2650 4050 tentavit
2680 4011 2692 4048 :
2728 3993 2833 4048 sed
2866 3993 3026 4048 illam
3056 3994 3230 4047 etiam
3264 3992 3413 4064 lapi-

1759 4090 1934 4146 dibus
1965 4087 2277 4159 petierunt.
2311 4084 2492 4153 Igitur
2546 4083 2704 4154 29a
2751 4081 3200 4137 Constantinam
3241 4079 3408 4150 fugit.

1759 4179 1978 4234 Invitus
2010 4174 2245 4231 interim
2273 4172 2349 4228 ab
2375 4173 2635 4228 exercitu
2651 4171 2774 4225 dux
2794 4168 3407 4240 elegiturGermanus.

1759 4269 1911 4324 Dum
1939 4267 2064 4321 haec
2095 4278 2200 4336 per
2223 4263 2345 4317 vim
2370 4277 2406 4316 a
2433 4276 2550 4333 que
2578 4259 2898 4315 tumultum
2925 4263 3229 4328 geruntur,
3260 4257 3411 4313 mul-

1757 4357 1827 4413 tis
1857 4355 2091 4411 interim
2125 4349 2373 4407 Romani
2404 4366 2440 4405 a
2487 4348 2682 4403 Persis
2710 4347 3153 4404 calamitatibus
3184 4346 3406 4403 afﬂicti.

112 4451 311 4512 τεμνοραὶ
364 4455 471 4508 τοῖς
500 4447 776 4519 Ῥωμαίοις
826 4446 1232 4501 ἔναπετίκτοντο.
1270 4452 1356 4500 Διό
1397 4454 1483 4500 καὶ
1537 4447 1634 4521 βα-

1762 4449 1942 4512 Quare
1966 4442 2164 4499 Prisco
2184 4441 2511 4511 imperator
2527 4437 2879 4507 dignitatem
2903 4436 3133 4501 adimit,
3155 4437 3407 4508 ejusque

113 4526 226 4587 711:);
259 4537 397 4586 παύει
449 4541 541 4607 μὲν
589 4541 839 4609 Πρίσκον,
891 4535 1283 4588 ἀνταποστίλλει
1318 4533 1376 4588 δὲ
1415 4537 1508 4610 [88
1537 4539 1636 4609 3.]

112 4615 349 4673 tum-.1162
414 4626 567 4676 πάλιν
649 4631 960 4698 στρατηγόν.
1034 4625 1092 4679 Ἠ
1160 4621 1219 4677 δὲ
1277 4629 1500 4698 στρατιὰ
1553 4633 1640 4680 καὶ

111 4717 201 4768 ἶκς
239 4709 374 4762 αὗτόν
429 4713 736 4774 ἐστασίαζε.
794 4719 895 4766 Καὶ
952 4713 1307 4788 πολιορκεῖται
1354 4720 1444 4786 μεν
1500 4723 1639 4770 Κων-

115 4803 298 4850 factum
331 4802 426 4853 ὑπὸ
486 4809 721 4876 Περσῶν,
751 4803 931 4876 ῥύεται
977 4801 1035 4855 δέ
1093 4813 1190 4856 τῶν
1235 4803 1488 4857 κινδύνων
1535 4805 1641 4858 ἐπι-

115 4887 272 4948 ττπἀΐεις
311 4891 431 4963 σώτῇ
491 4898 773 4966 Γερμανοῡ.
841 4898 939 4946 Καὶ
988 4894 1208 4966 πόλεμος
1264 4899 1488 4969 Πέρσαις
1553 4901 1642 4948 καὶ

1749 4541 1808 4595 in
1831 4535 2028 4590 locum
2061 4528 2448 4600 Philippicum
2491 4527 2705 4583 iterum
2736 4526 2951 4582 ducem
2987 4525 3180 4581 mittit.
3218 4525 3330 4580 Sed
3351 4529 3408 4578 et

1749 4625 1842 4681 his
1878 4637 2134 4684 rursum,
2169 4619 2407 4674 turbato
2438 4615 2718 4681 exercitu,
2759 4615 3204 4670 tumultuatum.
3257 4613 3406 4668 Con-

1751 4713 2008 4770 stantina
2024 4711 2109 4781 (97
2122 4713 2135 4776 )
2147 4723 2182 4763 a
2200 4706 2385 4762 Persis
2399 4706 2649 4761 obsessa
2665 4702 3089 4775 periculisque,
3111 4703 3404 4758 Germano

1753 4799 2060 4874 suppetias
2082 4794 2637 4861 ferente,eximitur.
2671 4791 2945 4847 Praelium
2979 4793 3281 4847 Romanos
3311 4789 3402 4845 in-

1750 4897 1838 4948 ter
1854 4895 1910 4947 et
1925 4891 2132 4944 Persas
2157 4885 2236 4942 ad
2255 4881 2697 4955 Martyropolim
2717 4880 3126 4938 commissum.
3149 4878 3403 4937 Victoria

1382 5047 1627 5104 VARI/1*}
1656 5041 2064 5106 LECTIONES.

163 5197 376 5258 "éadd.
407 5207 479 5259 Α.
598 5205 648 5239 ⁵ο
672 5211 778 5266 τοῖς
801 5211 840 5259 Δ
875 5222 888 5260 :
922 5208 1038 5257 τότε
1072 5226 1124 5269 ς’.

114 5282 252 5334 κως.
351 5276 394 5311 ⁸⁸
421 5271 456 5327 δ
461 5278 508 5328 ιὸ
531 5280 619 5328 καὶ
644 5279 702 5328 τό
737 5299 790 5341 ς’.

905 5278 952 5312 ⁵⁸
983 5275 1226 5351 ὶλιφρέφα
1253 5298 1310 5341 ς’.

1241 5205 1282 5242 ⁸⁵¹
1317 5212 1407 5258 τοῦ
1434 5206 1572 5262 add.
1609 5211 1674 5262 A.

1422 5279 1467 5314 ³⁷
1501 5284 1750 5355 στρατιᾶς
1780 5290 1884 5346 mg
1919 5274 1935 5330 Ξ
1963 5274 2232 5346 στρατείας
2264 5289 2318 5333 ς’·

2411 5194 2754 5270 μουστάκωνα
2778 5216 2840 5270 Δτ,-.
2867 5264 2879 5270 _
2953 5194 3001 5230 ⁸⁸
3032 5190 3410 5267 ’Δνδρῖανουπὸ

1790 5205 1833 5241 ⁵²
1861 5201 1940 5276 τε]
1961 5219 2015 5254 τε
2041 5203 2131 5251 καὶ
2163 5219 2218 5276 ς’.
2332 5198 2380 5233 ⁵³

2433 5267 2480 5304 ⁵⁸
2510 5264 2944 5340 Μαρτυρούπολιν
2980 5273 3041 5321 Α.

1592 5394 1826 5453 ΝΟΤΕ.

155 5506 518 5590 βίλνὶάεοι.
560 5518 624 5572 V.
653 5517 801 5572 Justi
825 5517 998 5588 Lipsii
1021 5517 1254 5590 epistol.
1291 5517 1350 5572 in
1378 5519 1531 5574 notis
1551 5519 1624 5575 ad

105 5582 366 5649 exemplar.
404 5589 667 5644 Graecum
683 5633 694 5643 .

109 5651 483 5732 :A‘95lNiceph.
509 5659 609 5732 lib.
635 5675 672 5723 ι,
700 5676 835 5732 cap.
874 5660 956 5720 ll.
985 5658 1167 5717 aliam
1208 5661 1497 5716 tumultus
1522 5661 1628 5716 hu-

101 5730 172 5781 ἕω
192 5735 405 5784 causam
427 5730 632 5787 reddit.

1807 5514 1918 5589 (96)
1950 5514 2030 5589 De
2061 5525 2244 5589 aurea
2280 5505 3220 5589 imagineaccipiendamovocem
3255 5507 3390 5589 bar-

1736 5573 1952 5646 baram
1983 5585 2202 5658 ἐλφριφα
2222 5597 2328 5658 seu
2358 5573 2618 5652 ἐλῖφρίδα,
2657 5573 2906 5658 quidam
2946 5578 3041 5633 hic
3086 5583 3390 5637 notarunt.

1809 5659 1924 5732 (97)
1957 5653 2196 5727 Niceph.
2223 5653 2325 5709 lib.
2360 5667 2513 5716 xvm,
2547 5666 2683 5723 cap.
2718 5653 2804 5708 14.
