4046 6228
529 298 624 352 m
1535 275 1539 282 “
1769 295 2009 352 PBOTll
2049 295 2520 352 PATRIARCHAS
2545 296 2652 353 cp.

3793 296 3902 350 148

533 421 750 478 illustri
779 437 850 478 eo
884 421 980 477 die
1007 436 1190 494 penes
1219 424 1524 478 Romanos
1568 421 1696 488 fuit,
1729 424 1960 477 Maruza
1983 421 2187 477 Persa-

2322 429 2571 494 Ρωμαίοις
2646 426 2782 475 κατὰ
2835 429 2920 482 τήν
2975 424 3370 496 Μαρτυρόπολιν
3417 425 3464 458 ⁵⁸
3514 427 3732 494 γίνεται,
3807 428 3909 472 καὶ

534 528 670 568 rum
697 511 870 579 duce,
891 527 1027 567 cum
1055 511 1242 566 tribus
1259 527 1505 566 suorum
1529 511 1810 575 millibus,
1839 513 1915 566 ad
1935 512 2186 566 interne-

539 602 775 658 cionem
843 616 1020 666 caeso,
1077 601 1265 672 captis
1324 616 1464 655 vero
1526 601 1704 656 mille.
1771 600 2183 664 Reconciliato,

535 690 852 748 Aristobuli
905 705 1106 761 opera,
1169 705 1307 744 cum
1371 689 1730 762 imperatore
1783 690 2062 754 exercitu,
2111 689 2188 744 ad

533 795 731 837 arcem
750 779 1181 849 Giligerdorum
1204 780 1387 834 virtus
1400 780 1775 850 captivorum
1800 779 2052 834 militum
2069 778 2182 834 eni-

534 869 643 925 tuit
673 886 685 925 :
719 873 776 924 et
822 869 1140 940 Gregorius
1169 869 1280 937 (98)
1330 867 1654 923 Antiochiae
1697 869 2034 939 episcOpus,
2067 883 2192 921 sus-

535 964 708 1031 cepta
783 958 1100 1027 legatione,
1159 957 1550 1029 Pbilippicum
1607 955 1853 1011 restituit
1890 956 2189 1011 exercitui.

542 1046 970 1119 Martyropolis,
1003 1046 1158 1102 Sittae
1209 1046 1520 1101 fraudibus
1545 1062 1580 1102 a
1620 1047 1804 1100 Persis
1835 1055 2011 1116 capta
2059 1045 2194 1115 (99).

541 1137 906 1209 Philippicus
936 1135 1131 1191 ofﬁcio
1157 1135 1451 1206 dejicitur,
1475 1135 1877 1206 suﬂ‘ectusque
1901 1134 1978 1190 ab
2006 1136 2196 1206 impe-

537 1230 732 1282 ratore
772 1225 1051 1281 Mauricio
1108 1225 1166 1279 in
1199 1225 1328 1294 ejus
1356 1224 1553 1279 locum
1616 1224 2039 1288 Comentiolus,
2103 1225 2198 1278 cui

551 1314 901 1371 mandatum
931 1314 1421 1385 commissumque
1434 1313 1656 1369 bellum
1669 1319 1758 1368 est
1777 1315 2200 1369 Persicum.Ge-

543 1408 614 1460 tae
632 1404 754 1459 sive
783 1403 998 1471 Sclavi,
1032 1418 1103 1457 ea
1134 1406 1507 1474 tempestate,
1528 1403 1720 1459 vicina
1737 1402 1992 1458 Thrasiee
2013 1417 2203 1474 popu-

547 1494 824 1549 labantur
844 1509 855 1546 :
875 1494 1065 1548 Roma
1085 1491 1372 1547 adversus
1392 1492 1801 1562 Longibardos
1819 1491 2204 1547 armaindue—

549 1581 654 1638 bat
685 1598 696 1636 :
733 1581 926 1636 Africa
975 1595 1220 1652 quoque
1249 1579 1576 1636 Maurusios
1605 1581 1903 1652 superavit
1959 1581 2057 1651 (1).
2095 1579 2200 1634 Co-

546 1671 834 1727 mentiolo
866 1671 1029 1734 duce,
1081 1673 1418 1742 pugnatum
1466 1670 1637 1740 juxta
1685 1670 2069 1726 Sisarbanum
2102 1671 2200 1742 ('2),

2295 523 2477 566 νικῶσι
2530 514 2771 586 Ῥωμαῖοι
2821 515 3087 588 λαμπρῶς,
3150 515 3238 566 οἵτε
3288 523 3377 566 τοῦ
3439 521 3648 586 Περσῶν
3707 532 3908 586 στρατ-

2297 611 2430 674 ηγοῦ
2483 605 2739 676 Μαρούζα
2785 610 2873 655 καὶ
2926 604 3237 676 τρισχιλίων
3280 609 3554 668 πεσόντων,
3584 602 3776 674 χιλίων
3841 599 3909 652 δὲ

2301 696 2681 765 ζωγρηθέντων.
2745 700 2842 747 Καὶ
2893 691 3269 746 διαλλάσσεται
3319 697 3448 768 πρὸς
3494 697 3578 744 τὸν
3631 693 3907 764 αὐτοκρά-

2298 802 2427 855 τορα
2471 781 2541 834 δι’
2598 783 2995 857 Ἀριστοϐούλου
3045 788 3102 835 τὸ
3158 780 3529 856 στρατοπεδον
3585 785 3785 852 γίνεταί
3847 799 3910 830 τι

2299 875 2434 923 κατὰ
2474 876 2529 924 τὸ
2576 876 2814 946 φρούριον
2872 870 3194 944 Γιληγερδών
3224 875 3270 907 59
3303 881 3400 923 τῶν
3438 868 3719 943 δεσμωτῶν
3777 871 3911 922 Ῥω-

2301 967 2466 1032 μαίων
2527 960 2782 1034 ἀριστεία.
2843 968 2939 1015 Καὶ
2987 969 3267 1034 Γρηγόριος
3300 964 3325 1012 ὁ
3357 961 3678 1031 Ἀντιοχείας
3708 959 3915 1034 ἀρχιε-

2303 1055 2418 1122 ρεὺς
2490 1051 2793 1104 Φιλιππικον
2871 1049 2964 1104 διὰ
3027 1051 3302 1122 πρεσϐείας
3378 1051 3774 1106 ἀποκαθίστησι
3834 1057 3913 1118 τῷ

2309 1145 2674 1214 στρατεύματι,
2732 1141 3032 1195 Ἀλίσκέται
3082 1139 3140 1193 δε
3198 1143 3294 1192 ὑπὸ
3349 1147 3556 1212 Περσῶν
3609 1141 3639 1196 ἡ
3687 1145 3918 1209 Μαρτυ-

2305 1231 2515 1303 ροπολις
2547 1227 2640 1282 διὰ
2665 1235 2819 1282 Σίττα
2872 1227 3027 1300 δολῳ,
3059 1235 3146 1282 καὶ
3196 1230 3672 1300 ἁποχειροτονείται
3719 1227 3921 1280 Φιλιπ-

2308 1325 2474 1381 πικὸς,
2533 1326 2622 1371 καὶ
2708 1319 3042 1392 Κομεντίολος
3103 1318 3209 1370 ἀντ’
3265 1319 3423 1370 αὐτοῦ
3487 1320 3573 1369 τὸν
3647 1318 3921 1388 Περσικὸν

2311 1412 2408 1460 ὑπὸ
2456 1417 2544 1461 τοῦ
2615 1409 2997 1481 αὖτοκράτορρς
3055 1411 3356 1459 πιστεύεται
3414 1407 3653 1477 πόλεμον.
3705 1407 3773 1456 Οἱ
3855 1401 3921 1455 δὲ

2313 1504 2462 1552 Γέται
2511 1504 2628 1556 ἤτοι
2678 1497 2892 1550 Σκλάϐοι
2924 1501 2988 1549 τὰ
3016 1503 3131 1568 περὶ
3163 1503 3254 1554 τὴν
3303 1499 3515 1568 Θράκην
3547 1495 3922 1566 ἐλυμαίνοντο,

2313 1592 2342 1646 η
2383 1589 2548 1658 Ῥώμη
2582 1585 2640 1638 δὲ
2670 1591 2798 1659 πρὸς
2846 1591 2960 1646 τοὺς
3013 1583 3411 1659 Λογγιϐάρδους
3449 1587 3496 1619 ⁶⁰
3529 1584 3921 1642 ἁνθωπλίζετο,

2312 1685 2401 1729 καὶ
2453 1677 2616 1734 Λιϐύη
2664 1686 2761 1727 τῶν
2820 1679 3164 1748 Μαυρουσίων
3216 1680 3546 1747 περιεγίνετο.
3635 1679 3925 1742 Κομεντιο-

547 1776 736 1834 prope
767 1759 1020 1823 Nisibin,
1049 1774 1086 1814 a
1123 1759 1500 1831 Persisatque
1523 1760 1816 1815 Romanis.
1840 1761 2098 1817 Romani
2123 1761 2201 1831 (3)

2322 1771 2400 1819 λου
2464 1763 2520 1818 δὲ
2575 1775 2984 1839 στρατηγοῦντος
3038 1765 3416 1834 συμπλέκονται
3460 1767 3573 1835 περὶ
3617 1765 3673 1838 τρ
3723 1763 3929 1829 Σισάρ-

549 1849 790 1907 militari
814 1849 1024 1904 virtute
1051 1849 1385 1920 superiores
1407 1864 1665 1913 evasere,
1687 1849 1953 1904 Heraclio
1975 1849 2202 1904 hastam

549 1940 774 1996 fortiter
802 1943 927 1993 tum
958 1936 1250 1992 vibrante.
1304 1935 1525 1992 Cecidit
1569 1953 1638 1993 eo
1687 1938 1891 2008 praelio
1924 1939 2205 1994 Phraates

554 2029 680 2100 ipse
711 2026 1080 2081 Persicarum
1109 2024 1419 2096 copiarum
1443 2025 1585 2090 dux,
1611 2027 1939 2097 castrisque
1959 2026 2204 2098 direptis

558 2117 764 2188 opima
803 2114 994 2186 spolia
1041 2114 1214 2170 lecta.
1275 2115 1484 2169 Baram
1543 2114 1646 2184 (4),
1699 2115 1896 2170 Turcis
1941 2115 2205 2182 devictis,

569 2220 824 2274 magnas
851 2221 923 2259 ex
950 2203 1033 2259 eis
1065 2219 1208 2275 opes
1241 2203 1566 2258 llormisdaa
1584 2206 1705 2275 regi
1728 2203 2211 2276 suppeditavit,et

555 2293 788 2349 strictos
815 2292 1015 2363 gladio
1047 2293 1278 2348 Suaniae
1298 2291 1563 2346 minatus
1580 2298 1692 2350 est.
1721 2293 2208 2360 Romaniautem,

555 2383 838 2439 ductante
870 2384 1140 2437 Romano
1159 2381 1426 2453 quodam
1443 2383 1707 2446 nomine,
1729 2387 2004 2438 conserta
2026 2397 2213 2438 manu

558 2488 695 2528 cum
717 2471 978 2527 exercitu
996 2469 1258 2535 Barami,
1279 2470 1629 2541 collatisque
1652 2469 1800 2526 inter
1825 2487 1885 2526 se
1903 2472 2112 2541 signis,
2131 2472 2215 2528 vi.

555 2563 724 2617 ribus
752 2560 1047 2626 fortiores,
1089 2559 1376 2614 illustrem
1410 2559 1659 2615 retulere
1700 2559 2030 2617 victoriam.
2077 2565 2212 2618 Hor-

557 2650 788 2707 misdas
818 2650 896 2706 ob
924 2648 1162 2704 cladem
1178 2651 1513 2720 acceptam.
1533 2664 1639 2721 per
1659 2649 2045 2721 opprobrium
2079 2667 2216 2707 con-

558 2739 1009 2811 tumeliamque,
1028 2739 1278 2794 Baramo
1292 2743 1519 2794 vestem
1536 2739 1696 2794 misit
1721 2739 2092 2797 muliebrem.
2114 2742 2212 2796 Hic

560 2829 984 2887 contumeliam
1006 2827 1269 2884 vicissim
1295 2835 1351 2884 et
1381 2829 1662 2899 injuriam
1689 2830 1934 2894 ulturus,
1961 2831 2115 2886 datis
2138 2833 2214 2885 ad

561 2937 698 2977 eum
731 2920 932 2976 litteris
955 2918 1058 2990 (5),
1093 2919 1389 2990 inscripsit
1425 2936 1436 2974 :
1472 2919 1790 2975 Chrosroes
1822 2919 2116 2988 ﬁlia=(non
2150 2920 2216 2974 ti-

562 3010 660 3079 lio)
692 3008 1040 3064 Hormisdae.
1063 3008 1182 3062 Hoc
1212 3008 1365 3062 bello
1397 3014 1453 3062 et
1483 3009 1762 3070 Armenii.
1802 3009 2056 3064 Sabbatii
2092 3025 2218 3080 per-

563 3099 845 3156 suasione
871 3097 1125 3160 adducti,
1155 3098 1442 3151 Joannem
1477 3097 1554 3164 (6)
1587 3096 1802 3151 ducem
1830 3114 2006 3152 suum
2029 3103 2220 3153 sustu-

563 3188 779 3252 lerunt,
813 3192 869 3241 et
893 3186 968 3241 ad
985 3187 1192 3240 Persas
1209 3184 1461 3240 deﬁcere
1478 3186 1791 3255 parabant.
1817 3187 1954 3241 Com
1965 3187 2217 3242 entiolus

564 3276 800 3333 interim
834 3274 905 3330 ab
938 3273 1295 3344 imperatore
1327 3275 1566 3338 missus,
1615 3279 1670 3330 et
1697 3275 2010 3330 militarem
2053 3276 2220 3332 sedat

568 3364 898 3429 tumultum,
915 3368 970 3420 et
985 3363 1326 3420 Sabbatium
1342 3364 1912 3436 ConstantinOpolim
1929 3364 2219 3437 ducit,qui

569 3455 647 3513 ad
667 3454 886 3511 bestias
907 3453 1349 3522 ibidamnatus,
1389 3454 1633 3508 Caesaris
1675 3460 1875 3508 tamen
1908 3454 2222 3510 clementia

569 3545 746 3602 morti
777 3543 1034 3615 eripitur.
1058 3543 1406 3598 Hormisdas
1429 3543 1714 3598 Saramen
1742 3543 2030 3598 adversus
2049 3547 2221 3599 Bara-

571 3651 738 3692 mum
771 3631 974 3688 mittit:
1012 3632 1568 3704 pugnaquevictum
1587 3633 1742 3704 29b
1761 3634 2043 3688 Saramen
2059 3635 2223 3689 Bara-

571 3721 1047 3793 muselephantis
1065 3721 1478 3777 devorandum
1502 3721 1738 3790 objecit,
1771 3728 1827 3777 et
1856 3721 2054 3793 palam
2086 3738 2224 3777 con-

571 3819 661 3871 tra
675 3812 1048 3870 Hormisdam
1080 3827 1250 3867 arma
1280 3810 1426 3866 tulit.
1459 3810 1552 3865 His
1584 3813 1870 3866 Baramus
1887 3827 1957 3866 eo
1977 3810 2223 3867 honoris

575 3909 710 3962 ante
750 3901 1138 3959 defectionem
1168 3901 1362 3957 fuerat
1407 3904 1663 3971 evectus,
1716 3906 1777 3956 ut
1808 3901 1858 3956 ei
1909 3917 1946 3956 a
1976 3917 2109 3972 rege
2138 3917 2223 3956 se-

575 3993 774 4051 cundo
813 3992 1277 4048 nemoomnium
1293 3990 2016 4060 dignitateantecelluerit.
2046 3994 2229 4047 Curo-

571 4084 786 4157 palata)
817 4084 973 4139 enim
1007 4082 1105 4155 (7),
1138 4086 1200 4137 ut
1251 4080 1533 4138 Romanis
1558 4079 1789 4146 dicitur,
1821 4096 2062 4135 summo
2095 4096 2228 4135 ma-

577 4175 826 4246 gistratu
857 4173 1092 4229 functus
1117 4175 1222 4227 est.
1253 4174 1652 4226 Recensentur
1676 4170 1790 4225 hoc
1811 4185 2053 4242 quoque
2080 4169 2230 4224 libro

581 4265 790 4328 obiter,
833 4279 968 4334 qum
995 4261 1365 4332 temporibus
1395 4261 1571 4329 longe
1605 4260 2038 4331 antiquioribus
2069 4263 2234 4329 gesta

2314 1856 2462 1907 ϐανον
2515 1855 2736 1912 πλησίον
2790 1852 3010 1914 Νίσιϐος
3085 1858 3279 1924 Πέρσαι
3347 1858 3434 1902 καὶ
3499 1851 3767 1920 Ῥωμαῖοι,
3831 1852 3932 1899 καὶ

2312 1953 2498 1996 νικῶσι
2554 1948 2687 1995 κατὰ
2740 1947 2921 2017 κράτος
2989 1949 3251 2013 ἰ’ωμαῖοι,
3330 1940 3627 2014 Ἡρακλείου
3696 1957 3933 2011 περιιέναι

2314 2043 2411 2096 ν’ὂς
2447 2030 2897 2104 ἑνευὸοκιμοῡντος
2945 2040 3015 2101 τῷ
3073 2028 3276 2103 δορατι-
3337 2035 3512 2081 πίπτει
3561 2031 3659 2100 γὰρ
3693 2033 3789 2079 καὶ
3832 2026 3932 2078 αὖ-

2318 2129 2399 2184 τός
2449 2126 2473 2176 ὁ
2521 2132 2618 2174 τῶν
2670 2130 2877 2195 Περσῶν
2911 2124 3206 2192 στρατηγὸς
3257 2121 3516 2191 Φραάτης,
3547 2125 3633 2169 καὶ
3667 2117 3936 2169 σκυλεύει

2319 2232 2403 2263 ται
2457 2215 2513 2263 τὸ
2542 2212 2799 2283 πολέμιον.
2840 2217 2951 2264 Ἔτι
2999 2211 3055 2262 die
3089 2207 3428 2281 διαλαμϐάνει
3475 2211 3610 2268 ὅπως
3661 2209 3685 2257 ὁ
3736 2209 3939 2278 Βαρὰμ

2319 2304 2582 2372 Ἰόὐρκους
2652 2299 3101 2371 καταπολεμήσας,
3167 2302 3255 2348 καὶ
3304 2297 3460 2348 πολὺν
3522 2296 3743 2347 πλοῦτον
3803 2295 3940 2368 Ὀρο

2321 2388 2491 2466 μίσδᾳ
2533 2398 2604 2442 τῶ
2660 2389 2872 2461 βασιλεῖ
2916 2389 3100 2440 ἐκεῖθεν
3165 2393 3490 2460 χορηγήσας,
3541 2382 3632 2456 ἦρε
3673 2388 3772 2440 την
3831 2387 3916 2453 μά

2325 2501 2519 2554 χαιραν
2572 2487 2661 2531 καὶ
2713 2482 2844 2530 κατά
2896 2483 3165 2536 Σουανίας·
3226 2476 3468 2546 Ῥωμαῖοι
3523 2472 3581 2526 ὃε
3653 2473 3946 2544 Ῥωμανοῦ

2327 2578 2744 2645 στρατηγοῦντος
2817 2567 3198 2639 συμπλέκονται
3288 2567 3463 2636 Βαραμ
3525 2568 3610 2614 καὶ
3685 2571 3762 2632 τῷ
3845 2563 3947 2612 ὑπ’

2325 2661 2539 2730 αὐτῴδί
2592 2668 2816 2730 στρατῷ,
2875 2662 2958 2709 καὶ
3015 2659 3149 2707 κατὰ
3190 2659 3374 2726 κράτος
3430 2661 3634 2705 νικῶσι.
3690 2656 3796 2703 Καὶ
3871 2654 3948 2711 ως

2327 2747 2418 2802 διὰ
2448 2755 2539 2806 τὴν
2583 2751 2734 2806 ἧτταν
2764 2744 3059 2819 Ὀρμίσόας
3103 2752 3173 2813 τῲ
3231 2747 3409 2818 Βαρὰμ
3455 2738 3793 2800 ἐπονιιόίζων
3844 2763 3950 2808 γυ-

2325 2844 2550 2890 ναικείαν
2609 2837 2823 2890 ἔστειλεν
2876 2836 3090 2893 ἐσθῆτά
3143 2837 3166 2884 ὁ
3212 2831 3270 2885 δε
3314 2831 3608 2903 ἀνθύϐριζε,
3660 2832 3952 2902 θυγατέρα

2327 2933 2585 3001 Χοσρόου,
2623 2926 2724 2977 ἀλλ’
2781 2927 2884 2995 οὐχ
2939 2927 3048 2975 υἱὸν
3101 2919 3394 2996 Ὀρμίσδαν
3444 2929 3549 2981 τοῖς
3610 2923 3951 2989 γράμμασιν

2329 3018 2750 3091 ἐπιγραφόμενος.
2787 3016 2867 3067 Ἰ-ῖν
3005 3019 3092 3064 καὶ
3138 3013 3397 3083 Ἀρμένιοι
3444 3011 3741 3068 ὑποθήκαις
3805 3006 3952 3058 Σαϐ-

2262 3107 2509 3184 ρϐατίου
2566 3112 2651 3157 τὸν
2703 3108 2747 3139 ⁶²
2785 3111 2874 3176 μεν
2936 3112 3072 3174 σφῶν
3128 3105 3422 3174 στρατηγὸν
3480 3099 3721 3152 Ἰωάννην
3779 3096 3954 3146 ἀναι-

2329 3205 2504 3270 ροῦσι,
2542 3197 2628 3266 [43
2675 3194 2763 3266 Η.]
2813 3199 3143 3266 προσχωρεῖν
3199 3188 3257 3242 δὲ
3309 3197 3533 3261 Περσαις
3594 3185 3951 3257 ἐγχειροῦσι.

2333 3285 2668 3357 Κομεντίολος
2727 3281 2782 3336 δε
2843 3282 3044 3341 σταλεὶς
3103 3282 3200 3332 ὑπὸ
3255 3287 3344 3330 τοῦ
3405 3276 3660 3350 βασιλέως
3722 3281 3823 3332 τήν
3897 3295 3957 3326 τε

2333 3378 2518 3427 στάσιν
2576 3375 2874 3434 κατευνάζει
2941 3391 3028 3421 και
3097 3367 3377 3421 Σαϐϐάτιον
3437 3370 3481 3400 ⁸³
3543 3369 3585 3424 ἐς
3647 3365 3956 3423 Βυζάντιον

2331 3467 2463 3536 αἴγει’
2489 3467 2513 3515 ὁ
2557 3461 2612 3515 δὲ
2659 3466 2859 3535 θηρίοις
2904 3459 3038 3533 βορὰ
3080 3459 3318 3528 γενέσθαι
3358 3452 3794 3514 καταδικάζεται,
3833 3453 3957 3523 φιλ-

2334 3557 2601 3625 ανθρωπία
2653 3549 2710 3603 δε
2771 3550 3019 3621 βασιλικῇ
3067 3556 3155 3599 του
3215 3548 3433 3597 θανάτου
3481 3544 3786 3594 ἀπολύεται.
3822 3542 3956 3613 Ὀρο

2334 3641 2534 3716 μίσὸας
2584 3640 2642 3693 δὲ
2691 3644 2931 3714 Σαράμην
2976 3641 3109 3689 κατα
3155 3640 3331 3708 Βαραμ
3379 3633 3702 3685 ἀποστέλλει’
3755 3636 3956 3704 ῐιαρίιμ

2337 3732 2393 3785 δε
2447 3736 2596 3803 μάχη
2652 3737 2867 3787 νικήσας
2918 3729 3158 3798 Σαράμην
3214 3725 3486 3795 ἐλεφάντων
3535 3720 3700 3794 βορὰν
3755 3721 3962 3776 ἐποιη-

2338 3843 2464 3875 σατο
2513 3828 2601 3873 καὶ
2664 3815 2954 3890 ἀναφανδὸν
3009 3819 3144 3866 κατὰ
3187 3809 3456 3886 Ὀρμίσδα
3512 3814 3956 3881 παρατάσσεται.

2333 3920 2390 3963 'O
2447 3907 2503 3962 δὲ
2549 3912 2728 3982 Βαραμ
2769 3907 2850 3958 ἐπὶ
2912 3913 3131 3957 τοσοῦτο
3185 3905 3232 3938 6³
3291 3899 3448 3963 δοξης
3511 3897 3568 3957 ἦν
3615 3906 3967 3969 κεχωρηκώς

2339 4007 2456 4074 πρὶν
2485 4001 2530 4034 ⁸⁵
2561 4004 2589 4056 ἦ
2635 3998 2911 4069 μελιτῆσαι
2961 3997 3024 4046 τὰ
3068 4003 3160 4054 τῆς
3209 3991 3532 4047 ἀποστασίας
3585 3991 3654 4049 ὡς
3699 3991 3845 4058 μετά
3903 4008 3970 4056 γι

2343 4089 2564 4162 βασιλέα
2607 4083 2806 4158 μηδένα
2846 4094 2942 4135 τῶν
2974 4085 3174 4133 πάντων
3205 4082 3417 4151 μείζονα
3463 4078 3620 4140 δοξαν
3668 4080 3821 4146 ἔχειν
3863 4078 3968 4127 αὐ-

2341 4188 2449 4231 τοῦ.
2494 4181 2517 4229 δ
2564 4181 2665 4248 γὰρ
2719 4173 3110 4244 κουροπαλάτην
3138 4173 3184 4204 ⁸⁸
3231 4169 3474 4239 Ῥωμαῖοι
3523 4165 3768 4226 καλονσι,
3828 4170 3972 4216 ταύ-

2343 4288 2436 4329 της
2477 4266 2702 4323 ἀπηλαυε
2741 4272 2828 4322 τῆς
2881 4270 3054 4332 τιμῆς.
3109 4259 3502 4329 ⁹ἥρω-περιέχεται
3550 4251 3607 4306 δὲ
3665 4264 3741 4323 τῷ
3819 4255 3978 4325 λόγῳ

581 4352 820 4408 fuerunt
850 4366 862 4404 :
906 4350 1278 4420 breviterque
1308 4355 1628 4404 narrantur
1657 4365 1746 4417 ea,
1783 4365 1916 4420 quin
1971 4349 2084 4404 sub
2137 4350 2207 4403 Ju

2344 4364 2429 4409 καὶ
2480 4351 2747 4425 ἀναδρομή
2814 4361 2908 4402 τῶν
2980 4349 3424 4419 συγκυρησάντων
3477 4349 3592 4417 περὶ
3647 4347 3772 4402 τοὺς
3840 4364 3982 4415 πρε-

585 4441 742 4496 stino
760 4444 816 4496 et
831 4439 1061 4494 Tiberio
1081 4437 1350 4507 angustis
1380 4445 1718 4492 evenerunt.
1745 4438 2073 4494 Hormisdaa
2087 4453 2232 4510 quo-

583 4545 701 4604 que
733 4529 1041 4586 Persarum
1076 4527 1232 4598 regis
1274 4525 1593 4582 crudelitas
1637 4527 1965 4597 exponitur,
2009 4532 2065 4582 et.
2100 4527 2233 4581 Per-

585 4636 786 4678 sarum
809 4635 1019 4690 regum
1049 4617 1230 4674 series
1252 4634 1288 4675 a
1317 4616 1512 4688 capite
1540 4615 1872 4671 arcessitur.
1895 4617 2082 4688 Atque
2109 4615 2235 4670 haac

586 4709 824 4781 quidem
835 4707 983 4766 libro
1008 4707 1193 4765 tertio.

2349 4447 2622 4520 σϐυτέρους
2661 4449 2904 4513 χρονους,
2938 4444 3027 4489 καὶ
3088 4441 3341 4506 σύντομος
3399 4433 3665 4505 ἀφήγησις
3716 4441 3828 4484 τῶν
3891 4453 3982 4485 κε-

2345 4541 2625 4606 κινημένων
2674 4532 2755 4583 ἐπὶ
2800 4539 2887 4588 τῆς
2939 4526 3210 4598 βασιλείας
3242 4525 3527 4575 Ἰονστίνου
3571 4527 3659 4572 καὶ
3701 4521 3980 4595 Τιϐερίου

2345 4647 2441 4678 των
2497 4625 2909 4693 αὐτοκρατόρων,
2961 4621 3048 4667 καὶ
3110 4620 3225 4683 περὶ
3282 4621 3375 4674 τῆς
3435 4611 3705 4682 ὠμότητος
3763 4609 3984 4683 ”()ρμί.

2349 4712 2479 4768 σδου
2535 4720 2622 4764 τοῦ
2676 4716 2884 4782 Περσῶν
2933 4703 3203 4777 βασιλέως,
3255 4707 3341 4753 καὶ
3399 4708 3492 4760 τῆς
3548 4707 3821 4770 Περσικῆς
3887 4721 3986 4771 γε-

2343 4810 2594 4880 νεαρχίας
2621 4801 2904 4873 ἀφήγησις.
2935 4803 3113 4848 Ταῦτα
3142 4797 3230 4864 μὶν
3261 4793 3394 4843 καὶὸ
3416 4791 3486 4862 γ’.

1936 4917 2164 4974 VARI/E
2206 4913 2601 4975 LECTIONES.

653 5021 700 5056 ⁵⁸
733 5014 1042 5093 φιλιγέρ-ᾃων
1093 5039 1148 5082 ς’.

587 5113 694 5148 τιον
725 5087 830 5162 mg
852 5087 873 5146 ἐ
903 5087 1038 5148 libri
1070 5087 1374 5162 σνμϐάτιον.
1455 5088 1500 5123 ⁸⁴
1526 5087 1756 5159 τοσούτῳ
1789 5093 1849 5153 Α,
1878 5095 2123 5141 τοσοῦτον
2148 5111 2200 5153 ς’.

1262 5016 1310 5052 ⁸ο
1356 5009 1749 5088 λαγγιϐάρδους
1793 5013 2015 5071 habere
2044 5016 2278 5073 videtur
2308 5018 2382 5074 A.

2281 5089 2326 5123 ⁸⁵
2359 5085 2494 5159 πρὶν]
2525 5085 2581 5134 τὸ
2600 5085 2720 5152 πρὶν
2748 5081 2807 5132 Α.

2503 5014 2546 5048 ⁶¹
2583 5010 2668 5060 ὑπ’
2705 5006 2858 5058 αὐτὸν
2886 5026 2937 5068 ς’.
3056 5003 3097 5036 ⁶³
3128 4999 3238 5071 τὸν]
3275 5003 3361 5050 καὶ
3392 5000 3476 5048 τὸν
3511 5019 3564 5060 ς’.
3681 4999 3730 5032 ⁸³
3761 5000 3997 5052 Σαϐϐά-

2889 5077 2935 5109 ⁶⁶
2971 5078 3029 5132 ἣν
3059 5075 3158 5147 γὰρ
3192 5069 3582 5141 κουροπαλάτου
3615 5090 3668 5132 ς’.

2149 5185 2380 5242 ΝΟΤᾸΕ.

661 5291 774 5363 (98)
801 5286 1000 5347 Oratio
1049 5285 1309 5359 Gregorii
1349 5290 1438 5342 est
1481 5283 1644 5357 apud
1676 5284 1916 5357 Niceph.
1950 5285 2050 5340 lib.
2087 5300 2238 5351 xvm,

591 5364 1055 5572 Οᾶῇθῖῗὲιεέῗίο
1080 5446 1221 5487 vero
1252 5428 1566 5496 transfuga
1617 5443 1748 5498 cap.
1795 5432 1882 5492 17,
1913 5432 1966 5482 et
1990 5426 2084 5481 hic
2135 5426 2236 5481 in'f.

696 5506 744 5572 l)
779 5504 888 5568 Qui
915 5521 950 5558 a
973 5503 1186 5559 Grtrcis
1201 5501 1476 5558 Maurusii
1493 5500 2008 5572 appellantur.eos
2027 5500 2236 5554 lloma-

696 5506 744 5576 l)
779 5504 888 5576 Qui
915 5521 950 5558 a
973 5503 1186 5559 Grtrcis
1201 5501 1476 5558 Maurusii
1493 5500 2008 5576 appellantur_._eos
2027 5500 2240 5554 lloma-

591 5575 652 5632 ni
675 5571 734 5632 et
766 5575 1057 5643 indigenae
1086 5580 1316 5630 Mauros
1347 5571 1595 5629 vocantf
1621 5571 1834 5629 Strabo
1869 5571 1968 5624 lib.
1989 5586 2128 5643 _xvu.

589 5641 1149 5788 1ib(2)Sis.z(sju{orum
1193 5645 1402 5702 urbem
1454 5660 1586 5715 sup.
1647 5645 1955 5700 nominare
1988 5641 2236 5714 Procop.

683 5762 695 5778 .
727 5735 768 5776 ll
812 5733 869 5773 vi
919 5733 949 5774 e
981 5733 1068 5773 ur.

683 5762 695 5778 ο
727 5735 768 5776 ιι
812 5733 1068 5774 vraetur.

2425 5282 2501 5351 (3)
2537 5276 2777 5347 Niceph.
2812 5273 2911 5351 li_b_.
2946 5271 3279 5351 ιινιᾼιίῙ-ρειι)ζ
3313 5266 3394 5351 lii.

2424 5338 2937 5420 Varamushic
2967 5347 3055 5398 est
3086 5339 3322 5411 Niceph.
3358 5338 3457 5392 lil).
3491 5352 3647 5405 xvni,
3684 5353 3834 5411 cap.
3881 5344 3993 5400 19,

2423 5417 2495 5496 (5)
2526 5419 2767 5496 Niceph.
2809 5417 2953 5471 ibid.
3143 5483 3174 5496 ﬂ
3246 5482 3279 5496 ν

2419 5481 2495 5564 (ὃ)
2531 5481 2710 5562 Οιι]ιιέ
2741 5498 2795 5545 et
2829 5505 2962 5558 sup.
3000 5483 3218 5564 mentio
3246 5481 3354 5564 lib;
3384 5497 3418 5534 ι.

2423 5552 2498 5636 (7)
2529 5552 2632 5636 Qui
2667 5567 2859 5636 antea,
2897 5552 3170 5636 (Eastorio
3216 5552 3539 5636 praefectus.
3596 5553 4012 5636 Latine_dic.

2353 5623 2460 5694 tus.
2485 5623 2583 5691 “1'1;
2616 5635 2742 5704 lege
2770 5623 3084 5688 Pet.'Fabri
3130 5623 3382 5684 Semost.
3416 5623 3514 5678 lib.
3553 5639 3589 5689 ι,
3626 5640 3774 5696 cap.
3825 5632 3888 5694 ι,
3952 5641 4014 5687 et

2349 5711 2470 5767 duo
2503 5723 2676 5779 seqq.
