4046 6228
220 249 294 304 149
1326 244 1819 303 BIBLIOTHELA.
1847 276 1913 288 —
1945 246 2108 304 COD.
2143 247 2302 304 LXV.

3389 257 3489 312 150

263 375 305 422 ’0
348 367 397 422 δὲ
443 371 670 443 τέταρτος
718 366 1083 443 διαλαμϐάνει,
1141 374 1274 434 ὅπως
1319 392 1370 426 τε
1428 376 1651 446 Πέρσαις
1701 391 1710 422 ι

1908 374 2164 438 Quartus
2191 373 2335 429 liber
2359 373 2470 430 ista
2499 373 2930 447 complectitur.
2967 375 3050 432 Uti
3083 377 3246 448 apud
3276 377 3489 437 Persas

210 461 390 531 ἀξιῗλλιος
456 459 746 532 ἐκρατύνετο
819 460 1056 532 πόὶεμος,
1147 467 1235 514 καὶ
1310 464 1412 514 ὅσα
1513 462 1728 513 συνεκύ-

206 551 351 620 ρεσεπ
381 551 499 599 κατὰ
544 554 635 606 τὴν
687 547 974 622 τυραννίδα
1028 553 1207 624 Βαράμ
1262 552 1486 626 τρόπαια
1536 569 1587 602 τε
1637 555 1724 602 καὶ

203 640 492 710 εὶτνχήματαο
525 643 613 690 καὶ
653 640 683 695 ἡ
737 647 828 690 τοῦ
878 643 1199 712 Φερεχάνους
1253 639 1516 714 ἀναίρεσις
1561 644 1648 692 καὶ
1691 641 1719 698 ἡ

203 725 415 796 Ζεδέσπρα
440 733 817 801 προσχώρησις
845 731 912 764 ⁸⁸·
957 731 1092 791 ὅπως
1119 748 1172 781 τε
1213 731 1312 781 ὑπὸ
1347 726 1562 782 Βινδόου
1594 730 1725 781 καθ-

201 824 364 887 neptim
405 824 492 876 τῆς
562 815 839 888 βασιλείας
895 815 1208 892 Ὀρμίσδας·
1268 819 1405 878 ὅπως
1449 836 1505 870 τε
1559 819 1723 890 ᾔτησε

198 903 357 975 issam;
397 910 459 956 ὧν
513 904 917 977 δημηγορῆσαι,
968 913 1056 959 καὶ
1096 911 1164 968 ὡς
1212 904 1524 982 δημηγορεί’
1587 909 1722 969 ὅπως

195 1013 229 1044 τε
266 991 451 1056 Βινὸόης
507 990 824 1068 δημηγορεῖ,
881 1001 971 1048 καὶ
1049 999 1442 1068 κατασφάζεται
1512 993 1721 1046 ἐνώπιον

189 1081 392 1153 Ὀρμίσδα
429 1084 452 1134 ό
501 1082 593 1156 [89
648 1083 742 1156 8.]
774 1092 898 1146 παῖς
927 1089 1012 1136 καὶ
1043 1086 1390 1157 τεμαχίζεται
1420 1087 1449 1144 ἡ
1487 1083 1718 1156 βασιλὶς,

186 1178 246 1223 ui
287 1171 542 1243 τνῖλοῦται
594 1180 684 1225 καὶ
725 1174 877 1235 αὐτὸς
924 1171 1237 1248 Ὀρμίσδας·
1282 1177 1420 1236 ὅπως
1469 1193 1520 1226 τε
1570 1174 1717 1226 ύστε-

182 1282 242 1334 ρετ
279 1265 364 1313 ὑπὸ
407 1270 493 1314 τοῦ
545 1260 741 1326 παιδὸς
794 1270 1055 1338 Χοσρόον,
1088 1266 1141 1316 ὃν
1189 1263 1478 1322 ἐστήσαντο
1525 1267 1720 1337 Πέρσαι

180 1349 371 1420 βασιλέα,
426 1351 673 1424 ῥοπάλοις
745 1351 1050 1425 ἀναιρεῖται.
1109 1353 1436 1424 Ἐπικροίτειά
1493 1371 1545 1404 τε
1630 1361 1720 1412 τῆς

179 1436 425 1512 τυρῇνίιῖος
483 1443 686 1511 Βαράμ,
739 1447 828 1492 καὶ
876 1447 1011 1513 φυγὴ
1080 1447 1318 1515 Χοσρόου
1372 1448 1461 1493 τοῦ
1511 1448 1718 1512 Περσῶν

176 1525 399 1596 βασιλέως,
431 1530 566 1590 ὅπως
623 1549 678 1582 τε
735 1529 816 1582 ἐπὶ
874 1535 931 1582 τὸ
984 1536 1296 1605 Κιρκήνσιον
1328 1532 1353 1582 6
1386 1537 1592 1604 Περσῶν
1624 1529 1718 1603 βα-

176 1615 301 1677 ms;
343 1623 701 1690 παραγίνεται,
737 1625 1128 1692 προσχωρήσας
1185 1625 1462 1692 Μαυρικίῳ
1504 1628 1572 1690 τῷ
1627 1620 1718 1672 αύ-

1835 461 2058 518 bellum
2100 462 2410 518 invaluerit
2453 463 2817 528 intestinum,
2852 479 3108 536 quaeque
3139 466 3199 520 in
3231 466 3488 524 Barami-
3558 527 3564 530 _

1835 551 2150 624 tyrannide
2170 552 2492 608 acciderint
2523 552 2802 617 victoriae,
2827 569 2897 610 ac
2922 569 3014 610 res
3045 555 3344 612 secundm.
3369 557 3489 614 Cm-

1833 639 1968 695 dem
2011 639 2152 695 item
2197 641 2580 707 Pherechani,
2632 657 3102 715 successumque
3145 644 3483 717 Zadesprae.

1833 728 2150 794 Quomodo
2181 743 2217 784 a
2246 728 2469 785 Bindoe
2501 732 2579 799 (8)
2611 746 2793 801 regno
2820 736 3033 786 exutus
3065 733 3426 801 Hormisdas,
3455 750 3487 791 e

1835 817 2082 872 vinculis
2112 834 2355 873 causam
2387 818 2581 874 dicere
2612 819 2940 892 postularit,
2976 836 3279 894 causaque
3305 823 3484 891 dicta,

1833 907 2222 962 concionatus
2250 907 2319 962 sit
2347 911 2401 963 et
2435 908 2705 964 Bindoes.
2734 911 2796 964 In
2829 909 3155 965 Hormisdaa
3183 911 3485 984 oculisju-

1832 995 2071 1065 gulatus
2096 995 2264 1061 ﬁlius,
2297 996 2502 1064 regina
2524 996 2599 1067 (9)
2626 1013 2869 1070 quoque
2896 998 2956 1053 in
2980 1003 3178 1070 partes
3200 1000 3482 1057 dissecta:

1816 1086 1958 1164 jpse
1989 1090 2319 1140 excaacatus
2340 1085 2718 1141 Hormisdas:
2754 1091 2888 1157 post
2919 1087 3099 1144 etiam
3123 1103 3158 1144 a
3186 1087 3482 1146 Choesroe

1830 1174 1950 1230 ﬁlio
1995 1191 2128 1239 suo,
2171 1190 2350 1246 quem
2392 1174 2582 1230 Persae
2626 1191 2828 1247 regem
2873 1177 2982 1231 sibi
3034 1178 3482 1244 constituerant,

1829 1264 2087 1319 fustibus
2119 1268 2364 1320 necatus
2407 1268 2513 1318 est.
2544 1264 2893 1336 Tyrannidis
2924 1266 3156 1320 Barami
3199 1270 3484 1336 potentia,

1828 1358 1882 1408 et
1926 1351 2182 1408 Chosroe
2227 1351 2539 1407 Persarum
2570 1350 2727 1421 regis
2760 1350 2923 1421 fuga,
2955 1357 3139 1424 utque
3171 1353 3248 1409 ad
3296 1355 3485 1412 Circe-

1829 1440 1982 1496 sium
2007 1440 2258 1506 delatus,
2283 1441 2360 1496 ad
2391 1440 2741 1496 Mauricium
2764 1440 3184 1514 imperatorem
3212 1443 3480 1512 tendens,

1826 1530 2184 1599 legationem
2225 1529 2301 1584 ad
2333 1545 2469 1584 eum
2501 1529 2742 1585 miserit.
2791 1531 3051 1586 Rursum
3096 1529 3170 1587 de
3212 1533 3482 1600 Baramo,

1829 1619 1908 1674 uti
1937 1619 2082 1674 dum
2112 1623 2247 1673 astu
2278 1623 2500 1687 ageret,
2531 1623 2594 1673 ut
2633 1634 2731 1674 rex
2765 1618 2843 1674 ab
2874 1618 2986 1674 illis
3019 1624 3338 1687 crearetur,
3370 1637 3485 1678 nec

171 1708 404 1777 τιεράτορι,
437 1709 573 1767 ὅπως
627 1727 682 1760 τε
722 1705 1154 1782 διαπρεσϐεύεται
1201 1713 1327 1781 πρὸς
1385 1709 1556 1761 αὐτόν.
1592 1715 1710 1784 Περὶ

1822 1708 1949 1768 :voti
1992 1707 2152 1762 fieret
2208 1722 2479 1779 compos,
2525 1722 2727 1777 regem
2787 1724 2850 1762 se
2891 1707 3019 1779 ipse
3064 1710 3481 1780 pronuntiarit.

170 1796 303 1866 Βαρὰμ
339 1791 391 1847 δε
425 1795 599 1858 πάλιν,
649 1799 784 1857 ὅπως
814 1798 1190 1869 τεχναζόμενος
1221 1799 1307 1849 ὑπ’
1357 1798 1524 1850 αύτὼν
1565 1797 1720 1872 ἀναρ-

165 1884 340 1952 ῥεθῆναι
389 1883 637 1950 βασιλεὺς
694 1890 785 1938 καὶ
833 1891 903 1957 μὴ
959 1892 1136 1957 τυχὼν
1182 1885 1360 1939 ἑαυτὸν
1407 1888 1720 1961 ἀνηγόρευσε

165 1969 357 2040 ﬁssura.
391 1980 570 2035 Ὅπως
617 1976 645 2026 6
695 1973 942 2047 βασιλεὺς
999 1980 1242 2048 Χοσρόην
1296 1975 1378 2028 ἐπὶ
1437 1980 1530 2034 τὴν
1580 1979 1719 2050 ἱερὰν

162 2060 270 2112 εοὶιν
314 2066 539 2134 μετάγει,
601 2062 872 2136 βασίλειον
921 2064 1059 2135 αὐτῷ
1117 2066 1386 2138 θεραπείαν
1445 2069 1720 2124 συστησά-

159 2168 281 2218 μειος.
340 2159 432 2204 Καὶ
518 2160 647 2228 περὶ
726 2162 825 2206 τῶν
906 2155 1348 2228 συγκυρησάντων
1402 2158 1581 2229 Βαρὰμ
1632 2162 1718 2207 καὶ

161 2245 321 2311 Bestia
364 2261 462 2314 προ
518 2251 612 2302 τῆς
657 2242 951 2314 Ῥωμαϊκῆς
1005 2247 1336 2313 συμμαχίας,
1366 2248 1454 2295 καὶ
1493 2245 1562 2303 ὡς
1603 2240 1719 2296 δια-

158 2328 552 2402 πρεσϐευσάμενος
604 2334 785 2406 Βαράμ
847 2335 971 2404 πρός
1028 2337 1113 2384 τὸν
1160 2331 1518 2404 αὐτοκράτορα
1574 2338 1718 2384 Μαυ-

155 2421 282 2485 ρὰιον
307 2417 689 2491 ἀποπέμπεται,
727 2417 1157 2494 διαπρεσϐεύεται
1188 2417 1247 2472 δὲ
1276 2419 1428 2471 πάλιν
1474 2424 1718 2492 Χοσρόης

159 2511 224 2556 xxi
253 2512 508 2578 τυγχάνει.
549 2508 731 2571 ⁴Ὸπως
763 2511 789 2561 6
829 2508 1078 2581 βασιλεὺς
1114 2512 1201 2560 τὸν
1239 2518 1332 2571 τῆς
1361 2508 1640 2569 Μελιτηνῆς
1667 2511 1712 2544 ⁶⁹

153 2598 255 2667 ἱερέα
296 2597 396 2668 ἅμα
451 2599 502 2632 ⁷ο
563 2604 839 2671 Γρηγορίῳ
916 2607 988 2668 τῷ
1060 2598 1394 2669 Ἀντιοχείας
1473 2597 1715 2672 ἀρχιερεῖ

153 2689 244 2750 πρὸς
285 2693 515 2758 Χοσρόην
569 2687 844 2759 ἐξέπεμψε.
907 2692 1030 2760 Περὶ
1085 2696 1176 2749 τῆς
1235 2684 1538 2759 δολοφονίας
1618 2695 1711 2739 Βα-

149 2776 244 2842 ράμ,
271 2777 322 2833 ἦν
352 2773 635 2851 Ζαμέρδης
673 2782 761 2830 καὶ
809 2775 1120 2848 Ζοανοὲμϐης
1152 2779 1194 2812 ’²¹
1233 2779 1704 2842 συνεσκευάσαντο,

149 2869 212 2912 ui
248 2871 348 2937 περὶ
395 2875 487 2918 τοῦ
545 2872 705 2938 φόνου
745 2875 842 2918 τῶν
901 2866 971 2927 εἰς
1029 2875 1180 2918 τοῦτο
1240 2864 1722 2940 συμπραξαμένων.’

149 2956 240 3022 Περὶ
288 2950 493 3006 Βινδόου
541 2963 640 3007 τοῦ
686 2959 909 3029 Πέρσου,
959 2960 1049 3007 καὶ
1081 2959 1220 3018 ὅπως
1251 2951 1549 3029 δραπετεύει
1583 2962 1708 3028 Περ-

1829 1795 2147 1863 Quomodo
2179 1796 2373 1851 Caesar
2403 1795 2761 1867 Hierapolim
2810 1795 3124 1852 deduxerit
3157 1798 3480 1867 Chosroen,

1829 1885 2033 1941 addita
2062 1884 2240 1940 etiam
2289 1883 2515 1940 familia
2545 1900 2680 1952 rege
2723 1884 2904 1958 digna
2935 1885 3065 1956 (10).
3119 1888 3198 1941 De
3231 1886 3322 1954 iis,
3353 1903 3485 1960 quae

1827 1979 1993 2046 gesta
2025 1973 2323 2028 Chosroen
2357 1973 2506 2028 inter
2532 1977 2587 2028 et
2619 1976 2960 2037 Baramum,
2989 1978 3318 2046 antequam
3345 1991 3482 2033 cum

1829 2063 2108 2119 Romanis
2154 2061 2346 2117 foedus
2376 2061 2572 2117 ﬁeret:
2611 2067 2792 2134 utque
2836 2062 2916 2118 ad
2945 2063 3284 2120 Mauricium
3334 2065 3481 2138 imp.

1827 2151 2121 2220 legatione
2171 2151 2374 2216 missa,
2414 2153 2688 2206 Baramus
2726 2150 3032 2222 repulsam
3066 2150 3280 2217 tulerit,
3339 2153 3488 2210 Cho-

1828 2256 1990 2296 sroes
2012 2243 2219 2296 contra
2239 2238 2588 2310 impetrarit.
2610 2241 2691 2294 De
2716 2238 3006 2309 legatione
3033 2240 3350 2296 Domitiani
3367 2242 3484 2314 (11)

1825 2329 2104 2386 Meletinm
2146 2328 2424 2400 episcopi,
2454 2333 2510 2384 et
2539 2327 2803 2399 Gregorii
2832 2328 3104 2400 praasulis
3133 2329 3483 2400 Antiochia,

1825 2418 1902 2474 ab
1945 2419 2306 2490 imperatore
2356 2417 2434 2472 ad
2473 2416 2773 2472 Chosroen
2823 2417 3028 2473 missa.
3065 2419 3141 2474 De
3188 2433 3333 2474 nece
3378 2421 3483 2476 Ba-

1823 2524 1992 2565 ramo
2016 2522 2120 2578 per
2143 2506 2418 2562 fraudem
2443 2521 2478 2562 a
2499 2505 2787 2562 Zamerda
2808 2510 2864 2560 et
2883 2506 3228 2562 Zoanamba
3248 2512 3480 2578 parata,

1823 2611 2148 2668 eorumque
2177 2596 2358 2660 caede,
2381 2594 2485 2666 qui
2507 2595 2586 2650 rei
2615 2594 2841 2650 conscii
2866 2593 3100 2650 fuisent.
3126 2597 3204 2650 De
3237 2594 3476 2659 Bindoe,

1820 2686 2064 2742 homine
2098 2685 2292 2750 Persa,
2327 2687 2510 2754 utque
2541 2699 2571 2738 e
2617 2682 2848 2738 Perside
2875 2682 3110 2754 fugerit,
3153 2683 3314 2755 quod
3348 2699 3484 2756 per-

1821 2789 2136 2830 cussorum
2189 2772 2420 2827 Barami
2451 2770 2648 2826 socius
2697 2774 2890 2836 esset;
2925 2771 2994 2826 de
3024 2771 3400 2842 Martyropoli
3446 2787 3483 2828 a

1821 2863 2079 2919 Chosroe
2123 2859 2406 2916 Romanis
2448 2858 2682 2914 reddita
2732 2859 2904 2930 30a,
2940 2857 3137 2932 deque
3185 2858 3333 2915 Sitta
3365 2854 3481 2930 (12)

1818 2951 2080 3009 ﬂammis
2127 2954 2351 3006 exusto.
2386 2949 2585 3005 Oratio
2635 2948 2774 3003 item
2805 2947 3094 3005 solemnis
3134 2947 3373 3020 publice
3404 2949 3478 3004 de

147 3038 368 3105 etiam};
419 3047 556 3096 κατά
613 3047 795 3118 Βαράμ
842 3043 1112 3105 ἐπιϐουλῆς
1159 3047 1398 3106 κοινωνὸς
1447 3049 1694 3114 γεγονὼς.

1822 3045 2055 3112 recepta
2105 3037 2250 3094 urbe
2297 3037 2500 3093 habita
2551 3052 2587 3092 a
2636 3035 2974 3092 Domitiano
3022 3035 3476 3094 Melitinensium

161 3134 349 3192 Οπωςὲ
404 3132 820 3206 Μαρτυρόπολις
889 3135 987 3185 ὑπὸ
1059 3137 1297 3206 Χοσρόου
1382 3129 1704 3185 ἀποδίδοται

1821 3129 2091 3204 praesule.
2123 3129 2189 3183 Et
2216 3127 2290 3183 de
2316 3126 2407 3181 his
2437 3130 2695 3200 quatuor
2729 3124 2896 3181 liber.

153 3225 383 3288 Ρωμαίοις,
412 3224 504 3274 καὶ
532 3227 658 3296 περὶ
694 3231 788 3284 τῆς
811 3223 860 3257 ⁷³
893 3227 1045 3274 Σίττα
1067 3219 1160 3275 διὰ
1181 3226 1339 3297 πυρός
1365 3221 1693 3296 ἀναιρέσεως,
1721 3227 1812 3275 καὶ
1843 3220 2153 3294 ἐορταστικὴ
2187 3235 2272 3268 τον
2305 3216 2592 3268 ἐπισκόπου
2623 3214 2916 3276 Μελιτηνῆς
2947 3215 3276 3288 (Δομετιανὸς
3300 3219 3461 3289 ὄνομα

143 3308 268 3376 αὐτῷ)
297 3311 370 3362 ἐπὶ
397 3320 457 3383 τῇ
496 3311 758 3382 ἀναλήψει
796 3320 881 3364 τοῦ
912 3314 1113 3373 ἄστεος.
1144 3313 1223 3365 Ἐν
1256 3314 1332 3374 οἷς
1362 3317 1450 3364 καὶ
1481 3314 1506 3363 6
1537 3316 1776 3387 τέταρτος
1803 3311 1976 3381 λόγος.

203 3405 238 3448 0
280 3397 333 3451 δε
378 3405 617 3473 πέμπτος
669 3398 938 3466 διέξεισιν,
973 3404 1109 3462 ὅπως
1140 3406 1383 3474 Χοσρόης
1418 3403 1442 3452 ό
1495 3408 1703 3472 Περσῶν

144 3483 343 3550 βατιλεύς
395 3489 597 3564 ἀπορίᾳ
645 3496 741 3548 τὴν
807 3492 992 3562 ψυχὴν
1036 3495 1494 3563 κατατρυχόμενος
1561 3490 1700 3546 ἐποί-

141 3575 257 3630 σει-δε
282 3584 360 3631 τόν
390 3580 438 3633 ἐν
471 3584 716 3655 μάρτυσι
748 3586 974 3654 Σέργιον,
1005 3583 1058 3633 ὃν
1088 3587 1177 3633 καὶ
1206 3583 1271 3632 τά
1299 3580 1455 3632 λοιπὰ
1488 3579 1580 3652 [44
1614 3580 1703 3652 Ηο]

139 3662 340 3740 βάρϐαρα
397 3670 787 3743 πρεσϐεύουσιν
836 3673 977 3733 ἔθνη,
1005 3671 1152 3722 λύσιν
1197 3679 1294 3722 τῶν
1349 3666 1704 3740 δυστυχημά-

138 3771 211 3805 των
254 3759 420 3830 εὑρεῖν
453 3767 547 3812 καὶ
605 3763 679 3820 ὡς
728 3769 937 3832 σταυρῷ
975 3769 1166 3832 χρυσῷ
1207 3759 1548 3830 λιθοκολλήτῳ
1607 3758 1703 3811 ἐτί-

135 3863 283 3910 μησεν·
335 3849 562 3902 ὶντεῦῦέν
618 3869 676 3901 τε
724 3845 1030 3921 Ζαδίσπρας
1079 3845 1171 3901 διὰ
1208 3849 1361 3900 Ῥοσᾱ
1409 3845 1702 3919 δολοφονεῖ-

136 3950 200 3984 ται
247 3937 584 4009 Βλησχάνους
640 3939 950 4001 ὑποθήκαις,
995 3942 1084 3990 καὶ
1135 3932 1295 3988 τᾶλλα
1344 3939 1551 4010 θυμὴρη
1599 3945 1696 3990 Χο-

137 4031 236 4094 m;
299 4034 541 4098 συναντᾷ.
627 4032 754 4101 Περὶ
828 4034 919 4079 τοῦ
990 4023 1404 4086 ἐκδανεισθίντος
1466 4031 1698 4101 χρυσίου

137 4115 307 4185 Χοσρόῃ
355 4124 424 4185 τῷ
476 4124 694 4188 Περσῶν
741 4114 952 4186 βασιλεῖ
986 4117 1085 4168 ύπὸ
1132 4120 1428 4189 Μαυρικίου
1468 4124 1557 4168 τοῦ
1606 4116 1697 4166 αύ-

140 4206 433 4275 τοιράτορος,
491 4211 585 4257 καὶ
647 4207 716 4266 ὡς
765 4211 1107 4279 χειρογραφεῖ
1170 4209 1414 4275 Χοσρόης
1490 4208 1547 4255 τό
1605 4200 1697 4256 δοξ-

1887 3399 2140 3464 Quintus
2163 3395 2336 3451 Liber
2361 3395 2643 3461 continet,
2665 3398 2731 3450 ut
2751 3393 2937 3450 animi
2966 3391 3212 3460 dubius,
3237 3397 3290 3450 et
3315 3409 3472 3465 aeger

1817 3484 2451 3551 Chosroes,Persarum
2468 3482 2837 3548 rex,beatum
2859 3483 3131 3552 Sergium
3150 3488 3477 3555 martyrem

1814 3581 2126 3632 veneratus
2165 3573 2256 3638 sit,
2289 3587 2470 3645 quem
2515 3575 2572 3628 et
2601 3571 2873 3626 Barbarie
2920 3572 3196 3627 nationes
3249 3571 3475 3628 honore

1815 3664 2049 3721 afﬁcere
2085 3660 2555 3729 consuevissent,
2581 3676 2704 3733 quo
2735 3659 3029 3715 malorum
3060 3658 3473 3717 liberationem

1813 3755 2124 3826 reperiant.
2159 3753 2347 3822 thue
2387 3764 2561 3805 cruce
2595 3765 2772 3804 aurea
2801 3747 2936 3819 (13),
2970 3748 3310 3818 margaritis
3352 3747 3472 3804 dis-

1811 3845 2016 3907 tincta,
2045 3856 2180 3896 eum
2208 3838 2517 3894 honorarit
2544 3855 2555 3892 :
2593 3837 2851 3907 indeque
2881 3836 3197 3907 Zadesprm
3230 3835 3472 3893 fraudu-

1809 3932 1970 3988 lenta
1997 3947 2102 4002 per
2132 3929 2392 3984 RhOsam
2424 3924 2640 3992 caedes,
2665 3925 2914 3980 consilio
2937 3924 3303 3989 Bleschanis,
3330 3925 3469 3982 alia.-

1808 4037 1947 4094 que,
1980 4035 2115 4092 quin
2141 4033 2207 4073 ex
2226 4015 2410 4072 animi
2428 4015 2718 4070 sententia
2748 4012 3064 4068 Choesroaa
3095 4011 3466 4070 obvenerint.

1810 4113 1888 4166 De
1917 4109 2047 4166 auri
2081 4105 2335 4180 pecunia
2366 4107 2576 4160 mutua
2605 4102 2886 4158 Chosroen
2933 4101 3243 4155 Persarum
3276 4101 3398 4171 regi
3430 4117 3468 4159 a

1808 4197 2083 4257 Mauricio
2095 4197 2304 4267 imper.
2319 4193 2480 4255 data,
2496 4192 2887 4263 ejusdemque
2899 4190 3054 4261 regis
3065 4189 3463 4264 chirographo

134 4307 300 4360 τεισμα.
331 4294 590 4367 Πρεσϐεία
637 4313 689 4345 τε
749 4300 987 4367 Χοσρόου
1040 4293 1112 4365 ἔφ’
1168 4294 1207 4364 ᾧ
1267 4292 1555 4351 ἀποστῆναι
1602 4298 1697 4344 Κο-

1822 4293 2061 4360 accepta;
2086 4283 2375 4358 pecuniae.
2401 4281 2630 4353 Legatio
2655 4281 2794 4336 item
2825 4279 3103 4337 Chosroaa
3128 4283 3192 4336 ut
3211 4279 3460 4338 Comen-

131 4382 348 4442 fmtioim
393 4393 488 4445 τῆς
532 4387 840 4453 ἡγεμονίας,
871 4387 960 4434 καὶ
1003 4387 1306 4454 χειροτονία
1335 4389 1548 4455 Ναρσοῡ
1581 4379 1694 4438 ἀντὶ

131 4471 447 4539 “abueios,
477 4478 571 4524 καὶ
625 4476 915 4543 συμμαχία
966 4471 1230 4542 Ῥωμαίων
1283 4474 1416 4524 κατά
1459 4478 1550 4523 τοῦ
1600 4491 1695 4522 τυ-

130 4559 271 4610 carm-4
309 4565 507 4634 Βαράμ.
544 4566 648 4614 Καὶ
704 4565 820 4633 περὶ
869 4569 967 4613 τῶν
1028 4561 1313 4612 Βασιλικών
1354 4557 1535 4631 δώρων
1593 4569 1690 4611 τῶν

129 4646 366 4700 τταὶεντων
425 4656 644 4723 Χοσρόῃ
678 4651 775 4702 όπὸ
834 4658 925 4701 τοῦ
968 4649 1365 4724 αὐτοκράτορος·
1419 4653 1508 4700 καὶ
1557 4651 1690 4709 ὅπως

126 4735 194 4795 τὰς
235 4736 357 4801 ὑεῖς
413 4747 507 4792 τοῦ
558 4741 727 4812 Δαρὰς
774 4740 801 4790 6
853 4743 1091 4812 Χοσρόης
1137 4735 1230 4790 διὰ
1285 4745 1377 4790 τοῦ
1424 4736 1687 4812 πρέσϐεως

1807 4377 1944 4435 tiolo
1975 4375 2263 4432 exercitus
2293 4371 2646 4445 prmfectura
2675 4369 3054 4426 adimeretur.
3087 4372 3316 4426 Narsen
3346 4372 3458 4444 (14)

1803 4482 1946 4538 ergo
1959 4462 2360 4523 Comentiolus
2380 4476 2782 4518 successorem
2802 4459 3047 4525 habuit;
3073 4459 3456 4517 foederatum-

1799 4572 1918 4628 que
1932 4557 2336 4612 Romanorum
2354 4550 2642 4607 adversus
2662 4551 2862 4605 Baram
2880 4553 3199 4620 tyrannum
3214 4547 3455 4604 bellum.

1801 4648 1878 4702 De
1898 4644 2078 4715 regiis
2101 4643 2376 4699 Chosroaa
2398 4639 2846 4711 abimperatore
2868 4636 3063 4692 missis
3082 4636 3452 4709 muneribus,

1800 4741 1975 4806 utque
2006 4736 2200 4789 claves
2231 4730 2395 4786 urbis
2428 4731 2608 4785 Daras
2638 4727 2731 4783 ille
2771 4740 2878 4798 per
2907 4724 3158 4782 Dolbam
3188 4725 3452 4798 legatum

1438 4870 1667 4926 νΑΒιΑε
1705 4865 2108 4925 LECTIONES.

177 4993 212 5073 _"
243 5000 562 5073 συνεκύρωσε
614 5018 667 5062 ς.
773 4995 822 5032 ⁸⁸
852 5001 1194 5071 προχὼρησις
1226 5017 1281 5060 ς’.

123 5070 191 5112 τοῦ
218 5083 290 5120 et.

1375 4995 1421 5030 "
1465 4994 1706 5052 Μελιτινῆ
1717 5013 1741 5056 ς
1771 5014 1826 5057 ς’.

1930 4992 1978 5028 ’10
2008 4989 2120 5062 ἀομά
2157 4994 2229 5060 τῷ
2273 4993 2414 5062 Γρηγ
2447 5006 2502 5052 ς’,
2606 4985 2651 5022 τί
2684 4980 3006 5056 Ζωανάμϐης
3036 5004 3091 5050 ς’.
3127 4985 3172 5020 ⁷³
3203 4983 3318 5058 τῆς]
3349 4991 3446 5048 τῆς

1647 5135 1872 5220 Nom.

173 5285 239 5363 (8)
265 5289 500 5363 δίωριι.
532 5289 634 5346 lib.
668 5304 996 5363 xvm,cap.
1031 5294 1116 5363 19.

175 5355 329 5442 tam
352 5355 416 5417 ef
433 5364 671 5442 Boxane
699 5361 860 5434 apud
893 5355 1146 5442 gtesiam
1175 5359 1237 5442 in
1261 5358 1672 5442 Persicisjnfr.

175 5427 270 5494 110)
289 5435 435 5503 Cum
461 5433 666 5488 multis
688 5427 1042 5488 muneribus
1067 5431 1266 5502 regiis,
1291 5431 1484 5503 inquit
1514 5430 1677 5486 Nice-

119 5495 258 5575 phor.
285 5502 381 5575 lib.
414 5520 578 5570 xvm,
604 5519 741 5575 cap.
765 5508 852 5558 20.

173 5579 185 5620 ί
195 5576 210 5646 1
226 5574 268 5646 1)
291 5574 557 5646 Mauricii
584 5573 824 5645 cognati
854 5574 1092 5646 Niceph.
1117 5573 1362 5646 ibidem.

175 5641 270 5713 με)
292 5645 354 5702 In
378 5661 614 5705 crucem
644 5641 851 5706 actum
883 5641 1067 5704 Sitam
1098 5645 1273 5703 refert
1297 5642 1541 5716 Niceph.
1569 5641 1671 5699 lib.

1786 5301 1939 5364 igni,
1973 5299 2104 5364 cap.
2152 5286 2241 5349 20,
2275 5285 2327 5337 et
2371 5279 2543 5364 prius
2591 5276 2761 5335 etiam
2808 5275 3112 5351 lapidibus
3157 5276 3439 5335 obrutum

1788 5360 1998 5430 Evam.
2028 5352 2128 5430 lib-
2163 5369 2240 5430 γη
2272 5367 2406 5430 sep-
2446 5352 2526 5406 ιε·
2772 5423 2826 5430 -.
2926 5423 2936 5430 .
2970 5421 3002 5430 ..

1855 5419 1968 5499 (f3)
2000 5424 2242 5496 Niceph.
2275 5419 2379 5478 lib.
2417 5437 2568 5485 xvm,
2602 5435 2736 5494 cap.
2768 5423 2827 5476 21
2855 5423 2944 5486 ;et
2970 5419 3069 5476 lib.
3103 5435 3265 5487 xvm,
3298 5437 3434 5494 cap.

1788 5503 1964 5641 uilli)
1995 5566 2145 5626 Ibid.
2173 5579 2306 5639 cap.
2335 5567 2425 5620 ‘20.
