4046 6228
543 312 639 366 itii
1763 315 2004 371 PHOTII
2046 315 2531 372 PATRIARCH/E
2569 314 2674 371 ΟΡ.

3802 315 3905 372 152

545 435 762 493 (lassari
805 439 1115 497 remiserit.
1151 441 1352 497 Oratio
1395 440 1708 497 Domitiani
1755 441 2028 497 Melitinae
2071 443 2197 514 epi-

2311 441 2510 502 Δόλϐζα
2539 443 2586 477 ⁷³
2627 437 2971 515 παραδέδωκε
3023 450 3094 512 τῷ
3154 438 3382 513 βασιλεῖ.
3433 443 3742 510 Δημηγορία
3811 447 3907 491 τοῦ

543 527 729 596 scopi,
757 543 877 599 qua
928 529 1197 586 hortatur
1227 532 1548 595 Romanos,
1581 535 1642 585 ut
1671 530 1806 586 belli
1855 531 2195 587 societatem

547 613 860 687 foedusque
882 617 1083 674 ineant
1107 636 1243 674 cum
1273 620 1534 675 Chosroe
1566 625 1771 676 contra
1796 623 2032 686 Baram,
2062 637 2196 692 qua:

543 704 682 758 item
697 710 831 760 ante
849 723 1232 776 congressum
1257 725 1326 764 ac
1345 709 1608 779 praelium
1627 710 2034 765 Romanorum
2059 726 2195 766 cum

545 792 735 847 Persis
762 793 951 852 felicia
977 797 1225 852 Chosroi
1250 799 1634 869 secundaque
1663 800 1986 865 evenerint,
2015 807 2196 870 utque

545 881 854 939 thesauros
889 887 1084 955 regios
1115 903 1251 942 cum
1282 888 1448 956 regia
1493 888 1625 959 ipsa
1657 889 1880 944 Persica
1909 889 2195 944 Chosroes

545 973 831 1043 receperit
857 990 962 1045 per
979 975 1264 1032 Bindoen.
1293 977 1646 1048 Conjunctio
1669 980 2075 1033 Romanorum
2103 994 2197 1033 co-

544 1061 780 1130 piarum
813 1079 951 1118 cum
982 1080 1053 1119 ex
1098 1067 1397 1133 Armenia,
1431 1072 1558 1122 tum
1590 1083 1661 1122 ex
1693 1068 1940 1122 Oriente.
1995 1070 2198 1138 Pugna

544 1164 680 1204 cum
704 1152 973 1218 Baramo,
997 1155 1358 1227 victoriaque
1380 1157 1549 1211 valde
1573 1157 1966 1212 memoranda
1990 1159 2203 1217 Roma.

545 1254 781 1295 norum.
809 1244 933 1307 Quo
956 1243 1015 1297 in
1048 1244 1272 1314 prmlio,
1297 1245 1491 1300 Narsis
1516 1246 1716 1307 ductu,
1745 1247 1900 1315 capti
1936 1251 1989 1299 et
2009 1247 2197 1308 Turci,

546 1329 648 1399 qui
663 1335 786 1384 tum
806 1331 865 1385 in
886 1332 1076 1388 fronte
1094 1335 1284 1388 crucis
1301 1334 1540 1404 signum
1561 1334 1933 1404 gestabant(t
1948 1336 2020 1405 5),
2036 1335 2199 1406 quod

550 1418 662 1473 sibi
683 1419 1126 1492 impresserant,
1148 1429 1211 1478 ut
1226 1424 1463 1494 ipsimet
1483 1424 1809 1480 narrabant
1829 1423 2200 1495 depellenda:

549 1506 633 1562 sic
656 1509 794 1564 olim
826 1511 940 1565 luis
968 1513 1296 1582 pestilentis
1321 1529 1528 1569 causa.
1553 1516 1691 1578 Quae
1714 1513 1851 1568 item
1877 1513 1936 1567 in
1969 1513 2200 1566 Perside

549 1613 582 1650 a
604 1597 930 1654 Golinduch
957 1607 1106 1666 acta,
1131 1618 1436 1674 quamque
1460 1603 1557 1658 illa
1590 1604 1768 1658 vitam
1804 1601 2199 1657 monasticam

548 1687 727 1755 egerit
766 1694 998 1744 austere
1044 1692 1176 1762 (16).
1211 1692 1482 1747 Οὶιοετοιθ
1528 1693 1586 1747 in
1619 1693 1928 1764 pristinam
1971 1691 2199 1759 regiam

537 1776 888 1845 'postliminii
935 1779 1178 1844 reditus,
1213 1797 1466 1853 quaeque
1513 1782 1672 1836 dona
1705 1781 1904 1850 Sergio
1953 1764 2204 1850 martyri

545 1864 780 1920 miserit.
799 1867 883 1922 Ad
899 1868 1178 1923 eumdem
1195 1875 1465 1925 sanctum
1479 1871 1662 1925 virum
1680 1871 1893 1935 legatio
1907 1868 2198 1939 ejusdem,

545 1959 606 2007 ut
629 1969 697 2009 ex
723 1955 974 2020 Hierem,
998 1974 1128 2028 quae
1150 1959 1432 2028 religione
1459 1960 1791 2014 Christiana
1817 1964 1960 2022 erat,
1985 1956 2200 2012 liberos

545 2045 864 2114 suscipere,
890 2050 944 2100 et
965 2047 1274 2117 quomodo
1301 2049 1418 2103 voti
1444 2064 1696 2120 compos
1725 2048 2011 2110 redditus,
2037 2045 2199 2099 dona

544 2132 755 2186 iterum
809 2136 1047 2204 egregia
1108 2136 1330 2207 templo
1373 2137 1502 2207 ejus
1564 2137 1839 2206 martyris
1887 2134 2194 2189 dedicarit.

546 2219 837 2276 Chosroes
860 2225 1194 2294 tyrannidis
1212 2231 1532 2289 consortes,
1557 2231 1733 2296 atque
1756 2225 1906 2279 adeo
1931 2223 2196 2278 Bindoen

543 2309 760 2379 ipsum,
795 2316 857 2365 ut
888 2313 989 2382 qui
1025 2312 1083 2367 in
1126 2330 1327 2384 regem
1377 2331 1626 2370 manum
1675 2320 1957 2378 armarat,
1991 2312 2197 2367 mortis

541 2413 723 2469 poena
754 2399 1095 2456 vindicavit.
1131 2405 1208 2458 De
1241 2403 1309 2458 iis
1341 2419 1476 2475 quas
1509 2403 1920 2474 przenuntiavit
1951 2401 2196 2456 Chosro-

545 2503 625 2553 es,
661 2489 796 2559 (ιϐ’)
830 2490 973 2556 fore,
1011 2492 1167 2562 30b
1195 2498 1256 2548 ut
1276 2494 1525 2548 Romani
1555 2492 1868 2563 tyrannide
1897 2491 2084 2563 pressi
2112 2496 2196 2544 tu-

543 2578 997 2634 multuarentur.
1033 2581 1269 2649 Legatio
1299 2583 1471 2638 Probi
1509 2581 2014 2638 Chalcedonensis
2045 2595 2197 2651 prte-

544 2665 717 2723 fecti:
752 2673 808 2723 et
837 2667 910 2723 de
941 2670 1203 2740 imagine
1238 2673 1504 2744 Deiparte
1536 2672 1810 2742 Virginis.
1847 2685 2102 2742 quaeque
2135 2672 2193 2725 in

543 2769 613 2809 ea
637 2755 932 2827 legatione
958 2759 1300 2816 acciderint.
1331 2760 1706 2832 Imperatoris
1739 2761 1815 2815 ad
1842 2759 2195 2814 Anchialum

544 2845 788 2918 Europae
832 2847 1045 2904 urbem
1088 2850 1374 2921 profectio
1421 2851 1556 2921 (17),
1591 2856 1646 2905 et
1676 2848 1840 2922 quod
1885 2849 1934 2903 ei
1986 2848 2046 2903 in
2093 2865 2196 2903 sue

542 2933 809 2991 oblatum
842 2942 1185 3008 portentum
1230 2941 1384 3010 (18);
1418 2945 1600 3011 utque
1631 2940 1880 2994 domum
1915 2937 1992 2992 ad
2035 2937 2199 3008 pala-

544 3021 688 3078 tium
721 3027 977 3091 revertit,
1007 3044 1142 3082 cum
1189 3029 1412 3084 Persica
1465 3029 1704 3097 legatio,
1732 3028 1821 3081 cui
1871 3026 2193 3115 Zalamban
2234 3064 2272 3115 Ο

542 3118 814 3181 praeerat,
845 3115 970 3184 jam
1013 3117 1374 3172 advenisset.
1408 3121 1470 3171 Et
1498 3118 1556 3171 in
1602 3116 1693 3171 his
1735 3115 1881 3169 liber
1929 3114 2190 3186 quintus.

2309 539 2617 603 Δομετιανοῦ
2685 531 2994 595 Μελιτηνῆς,
3062 534 3432 603 προτρέπουσαι
3487 532 3543 579 τὸ
3616 528 3908 599 Ῥωμαῖκόν

2310 628 2609 693 συμμαχεῖν
2679 626 2887 693 Χοσρόῃ
2964 623 3099 672 κατὰ
3175 620 3370 691 Βαράμ·
3431 623 3518 668 καὶ
3599 623 3715 683 περὶ
3805 627 3909 669 τῶν

2307 712 2743 785 συγκυρησάντων
2792 713 2838 746 ⁷⁸
2872 711 3252 782 εὐτυχημάτων
3302 711 3400 779 πρὸ
3441 717 3534 768 τῆς
3565 708 3609 741 ’⁷⁸
3671 707 3914 777 συμπλο-

2304 810 2399 862 κῆς
2452 801 2713 870 Ῥωμαίων
2762 820 2815 852 τε
2862 805 2950 852 καὶ
3003 808 3211 874 Περσῶν
3257 803 3489 872 Χοσρόη,
3539 801 3628 848 καὶ
3664 798 3804 858 ὅπως
3861 799 3914 848 οἱ

2307 888 2577 962 βασιλικοὶ
2619 892 2875 962 θησαυροὶ
2906 892 2970 941 τά
3014 909 3066 942 τε
3117 889 3345 960 Περσικὰ
3394 885 3640 958 βασίλεια
3674 884 3915 937 ἀποκαθ-

2308 984 2518 1030 ίσταται
2567 984 2775 1051 Χοσρόη
2835 975 2928 1030 διὰ
2991 975 3228 1031 Βινδόου.
3270 977 3490 1034 Ἐνωσις
3540 983 3638 1026 τῶν
3687 974 3916 1045 Ῥωμαῖ-

2305 1077 2406 1117 κών
2441 1063 2704 1137 δυνάμεων
2736 1067 3010 1138 Ἀρμενίας
3040 1086 3091 1119 τε
3121 1071 3210 1117 καὶ
3258 1073 3352 1126 τῆς
3397 1063 3578 1133 Ἥῴας,
3626 1069 3712 1113 καὶ
3749 1066 3911 1135 μάχη

2308 1160 2442 1208 κατὰ
2497 1160 2692 1230 Βαραμ,
2751 1176 2838 1208 και
2895 1162 3012 1213 νίκη
3067 1156 3328 1227 Ῥωμαίων
3378 1156 3821 1224 πεφιφανεστάτη·
3862 1153 3915 1203 ἓν

2312 1245 2338 1318 ᾖ
2385 1249 2560 1317 μάχη,
2613 1252 2824 1317 Ναρσου
2887 1253 3322 1319 στρατηγοῦντος,
3380 1248 3469 1293 καὶ
3518 1249 3742 1314 Τοῡρκοι
3789 1261 3920 1293 συν-

2311 1336 2624 1407 ελήφθησαν,
2680 1337 2730 1386 οἱ
2783 1338 2866 1386 ἐπὶ
2914 1344 3012 1386 τών
3065 1340 3311 1406 μετώπων
3371 1335 3457 1383 τὸν
3516 1333 3674 1382 τύπον
3729 1333 3916 1402 ἔφερον

2310 1434 2399 1478 τοῦ
2460 1432 2706 1497 σταυροῦ,
2748 1426 2772 1475 ὀ
2827 1424 3075 1484 ἐπέθεντο,
3131 1426 3200 1484 ὡς
3255 1422 3434 1474 ἐκεῖνοι
3499 1417 3802 1490 διηγοῦντο,
3841 1420 3917 1480 εἰς

2312 1514 2614 1584 ἀπαλλαγὴν
2671 1515 2717 1548 τ⁶
2794 1522 2883 1572 τῆς
2933 1515 2978 1546 ⁷⁷
3027 1512 3186 1564 πάλαι
3251 1513 3655 1584 προσπεσούσης
3727 1509 3922 1570 αὐτοῖς

2309 1603 2545 1674 λοιμικῆς
2582 1608 2758 1655 νόσου.
2813 1605 2889 1652 Τὰ
2935 1605 3070 1653 κατά
3113 1606 3204 1659 τὴν
3255 1597 3541 1669 Γολινδοὺχ
3585 1598 3632 1650 ἐν
3685 1593 3921 1669 Περσίδι

2310 1697 2577 1762 γεγονότα,
2619 1696 2706 1742 καὶ
2755 1688 2859 1742 οἷον
2904 1689 3069 1747 ἐκείνη
3125 1689 3239 1761 βίον
3272 1688 3556 1745 ἀσκητικὸν
3588 1688 3916 1758 ἠγωνίσατο.

2311 1780 2681 1842 Ἐπανάζευξίς
2726 1799 2776 1831 τε
2818 1786 3056 1847 Χοσρόου
3088 1778 3160 1838 εἰς
3209 1781 3272 1829 τὰ
3298 1778 3464 1829 οἰκεῖα
3506 1775 3773 1847 βασίλεια.
3811 1780 3921 1827 Καὶ

2310 1875 2426 1944 περὶ
2482 1878 2579 1921 τῶν
2641 1869 2921 1920 σταλέντων
2986 1865 3166 1939 δώρων
3223 1870 3363 1937 παρὰ
3417 1871 3651 1938 Χοσρόου
3712 1870 3919 1936 Σεργίῳ

2309 1966 2378 2026 τῷ
2427 1961 2674 2029 μάρτυρι.
2712 1957 2965 2030 Πρεσϐεία
2995 1977 3047 2009 τε
3099 1964 3188 2008 τοῦ
3239 1955 3398 2007 αὐτοῦ
3450 1959 3573 2028 πρός
3617 1959 3703 2005 τὸν
3753 1955 3921 2004 αὑτὸν

2308 2046 2474 2116 ἅγιον,
2505 2049 2638 2098 ὥστε
2696 2045 2748 2097 ἐκ
2805 2055 2893 2105 τῆς
2928 2051 3105 2118 Σειρεμ
3149 2047 3196 2080 ⁷⁸
3232 2043 3747 2101 παιδοποιήσασθαι·
3782 2049 3921 2113 Χρι-

2311 2140 2489 2192 στιανη
2554 2132 2612 2187 δε
2669 2134 2947 2206 ἐτύγχανεν
2993 2136 3146 2192 αὕτη.
3185 2135 3272 2204 [9⁵3
3315 2135 3398 2204 3.]
3437 2140 3534 2185 Καὶ
3572 2133 3620 2166 ⁷9
3653 2131 3923 2202 ἕπιτυχία

2306 2243 2355 2274 τε
2412 2232 2502 2283 τῆς
2555 2224 2831 2287 αἰτήσεως,
2891 2231 2978 2275 καὶ
3049 2221 3228 2295 δώρων
3278 2222 3566 2274 πολυτελῶν
3641 2220 3918 2278 ἀποστολὴ

2307 2313 2426 2384 παρ’
2488 2317 2645 2364 αὐτοῦ
2706 2314 2775 2372 εἰς
2826 2317 2910 2364 τὸν
2978 2317 3098 2364 νεὼν
3156 2320 3247 2364 τοῦ
3295 2315 3570 2385 μάρτυρος.
3620 2317 3802 2371 Ὅπως
3867 2329 3924 2362 τε

2307 2407 2547 2475 Χοσρόης
2594 2406 2710 2462 τοὺς
2760 2407 3196 2460 κεκοινωνηκότας
3230 2409 3289 2471 τῇ
3334 2397 3602 2473 τυραννίδι
3653 2405 3744 2450 καὶ
3801 2405 3919 2451 Βινο

2308 2488 2435 2548 δόην
2468 2492 2642 2554 αὐτόν,
2676 2494 2738 2552 ὡς
2787 2496 2920 2544 κατὰ
2950 2491 3207 2562 βασιλέως
3236 2499 3419 2562 χεῖρας
3451 2492 3665 2564 ἄραντα,
3703 2491 3923 2560 θανάτῳ

2308 2577 2539 2632 διώλεσε.
2613 2585 2734 2655 Περὶ
2791 2591 2891 2632 τῶν
2941 2583 3420 2654 προαγορευθέντων
3479 2581 3577 2630 ὑπὸ
3634 2585 3918 2651 Χοσροου.

2306 2673 2394 2720 καὶ
2443 2672 2506 2728 ὡς
2559 2671 2838 2721 στασιάσει
2899 2673 2964 2720 τὰ
3019 2669 3283 2739 Ῥωμαίων
3319 2671 3598 2741 πράγματα
3643 2670 3924 2737 τυράννοις

2308 2754 2636 2812 δουλεύοντα.
2678 2757 2931 2832 Πρεσϐεία
2982 2778 3036 2810 τε
3090 2756 3292 2830 Πρόϐου
3345 2765 3436 2808 του
3488 2753 3833 2827 Καλχηδόνος
3873 2757 3924 2790 ⁸ο

2306 2843 2585 2921 προέδρου,
2639 2853 2727 2898 καὶ
2787 2853 2902 2920 περὶ
2955 2857 3046 2908 τῆς
3082 2848 3272 2908 εἰκόνος
3317 2855 3406 2906 τῆς
3434 2852 3785 2917 Θεομὴτορος,
3822 2851 3922 2896 καὶ

2308 2938 2408 2987 ὅσα
2463 2939 2595 2987 κατά
2639 2941 2730 2994 τὴν
2783 2936 3052 3008 πρεσϐείαν
3114 2935 3400 2993 ἀπήντησε.
3457 2931 3722 3005 Ἐκδημία
3768 2936 3812 2970 ¹¹
3868 2953 3923 2985 τε

2307 3033 2396 3076 τοῦ
2442 3025 2813 3099 αὐτοκράτορος
2867 3025 2949 3077 ἐπὶ
3010 3030 3101 3083 την
3153 3033 3244 3086 τῆς
3294 3025 3542 3095 Εὐρώπης
3594 3021 3921 3094 Ἀγχίαλον,

2307 3118 2394 3164 καὶ
2450 3120 2566 3185 περὶ
2615 3123 2703 3166 τοῦ
2756 3120 3174 3174 συναντήσαντος
3223 3113 3360 3182 αὐτῷ
3405 3116 3452 3164 ἓν
3505 3115 3559 3165 ὑί
3606 3116 3917 3183 φάσματος.

537 3206 718 3262 ¹Οπως
745 3221 797 3253 τε
827 3203 1143 3276 ὑπέστρεψεν
1173 3205 1244 3266 εἰς
1271 3209 1335 3256 τὰ
1367 3203 1612 3276 βασίλεια
1641 3207 1665 3256 ό
1706 3204 2060 3276 αὐτοκράτωρ,
2095 3203 2367 3276 πρεσϐείας
2401 3210 2655 3274 Περσικῆς
2687 3204 2976 3262 ἐπιστάσης
3013 3201 3104 3255 διά
3144 3202 3415 3258 Ζαλαϐζάν
3448 3205 3512 3256 ⁸³.
3545 3202 3626 3254 Ἐν
3666 3203 3741 3261 οἷς
3768 3207 3865 3253 καὶ
3900 3204 3925 3252 ό

543 3292 772 3360 πέμπτος
800 3290 966 3362 λόγος.

615 3378 786 3434 Libro
831 3385 997 3436 sexto
1035 3382 1161 3436 haec
1191 3382 1420 3438 insunt:
1456 3383 1537 3438 uti
1577 3388 1891 3438 exeuntem
1935 3397 2005 3438 ex
2053 3382 2199 3437 urbe

545 3468 897 3536 Augustum,
933 3470 1169 3526 marina
1199 3477 1521 3542 tempestas
1548 3471 1870 3543 exceperit:
1907 3478 2088 3541 utque
2122 3469 2197 3526 ad

547 3555 887 3612 Heracleam
920 3559 1052 3630 (19),
1082 3560 1225 3614 dum
1260 3561 1341 3615 ibi
1372 3567 1796 3625 commoratur,
1833 3565 2200 3615 monstrosus

544 3651 749 3715 partus
786 3652 996 3707 natus:
1042 3649 1240 3704 infans
1290 3650 1591 3717 manibus,
1629 3655 1684 3705 et
1730 3650 1920 3705 oculis
1965 3665 2195 3715 carens,

545 3734 752 3790 adhasc
779 3740 837 3790 et
880 3737 1211 3809 superciliis
1243 3755 1311 3794 ac
1339 3740 1666 3812 palpebris,
1696 3739 1772 3795 ad
1811 3741 2001 3794 femur
2028 3738 2199 3810 piscis

546 3825 739 3879 cauda
752 3827 1128 3898 appendente
1147 3844 1158 3884 :
1177 3834 1232 3884 et
1253 3830 1561 3900 quomodo
1580 3829 1882 3884 sublatum
1904 3829 2016 3883 hoc
2033 3843 2199 3882 mon-

547 3919 760 3969 strum.
792 3916 872 3970 De
904 3916 1092 3972 tribus
1125 3918 1238 3974 illis
1268 3919 1513 3982 Sclavis,
1547 3919 1798 3974 citharas
1833 3918 2201 3990 importanti-

546 4002 678 4074 bus,
714 4005 814 4076 qui
865 4021 934 4060 ex
969 4007 1184 4062 Oceani
1227 4007 1496 4080 partibus
1523 4009 1599 4064 ad
1638 4008 1986 4077 Chaganum
2037 4007 2199 4062 missi

544 4091 902 4159 ferebantur,
928 4101 983 4149 et
1014 4111 1048 4150 a
1074 4097 1346 4151 Mauricio
1376 4098 1730 4169 imperatore
1763 4095 2005 4167 spectati
2039 4099 2197 4148 sunt.

545 4179 784 4250 Legatio
808 4183 944 4237 item
965 4185 1320 4239 Francorum
1341 4185 1410 4240 ad
1430 4188 1741 4251 Caesarem,
1763 4201 1885 4255 qua
1905 4181 2200 4254 stipendio

547 4285 608 4322 se
648 4269 725 4322 illi
766 4270 1122 4325 militaturos
1155 4273 1416 4343 polliciti,
1437 4275 1738 4346 repulsam
1764 4273 2030 4328 tulerunt.
2060 4272 2201 4326 Bos-

547 4371 669 4417 sus,
693 4360 747 4410 et
767 4356 970 4410 Bettus
992 4357 1350 4428 legationem
1378 4361 1531 4416 hanc
1551 4379 1586 4416 a
1607 4360 2014 4416 Theodoricho
2035 4360 2198 4414 missi

547 4443 816 4500 obibant.
839 4445 918 4501 De
937 4459 1114 4516 grege
1138 4461 1445 4503 cervorum
1469 4465 1482 4511 ;
1509 4456 1684 4521 utque
1713 4450 1920 4515 ingens
1949 4449 2199 4522 quidam

547 4531 660 4588 telo
688 4533 837 4589 ictus
880 4533 940 4589 in
973 4534 1180 4590 silvam
1213 4551 1274 4591 se
1297 4537 1646 4593 contulerit:
1678 4540 2031 4610 insequente
2062 4553 2199 4592 vero

545 4621 842 4690 hastifero,
874 4627 932 4680 ct
961 4623 1146 4681 altero
1187 4623 1328 4682 item
1361 4625 1617 4699 Gepaedo
1647 4627 1785 4699 (20),
1816 4633 1876 4682 ut
1904 4626 1999 4682 hic
2033 4625 2197 4680 illum

2379 3381 2436 3432 Ὀ
2491 3378 2548 3433 δε
2593 3383 2736 3442 ἕκτος
2784 3381 2935 3451 λόγος
2978 3385 3231 3454 περιέχει,
3262 3383 3394 3441 ὅπως
3442 3379 3544 3431 ἀπὸ
3585 3388 3680 3439 τῆς
3725 3379 3928 3437 πόλεως

2309 3470 2493 3533 ἐξιόντι
2538 3479 2608 3540 τῷ
2657 3469 2865 3542 βασιλεῖ
2891 3470 3140 3541 ἐνέσκηψε
3170 3467 3373 3522 κλύδων
3403 3467 3697 3528 θαλάττιος,
3731 3469 3925 3529 Ὀπως

2309 3579 2360 3611 τε
2407 3566 2523 3632 περὶ
2579 3559 2900 3629 Ἡράκλειαν,
2937 3559 3098 3610 ἐκεῖσε
3152 3567 3242 3610 τοῦ
3300 3558 3556 3630 βασιλέως
3612 3555 3924 3630 διατρίϐον-

2309 3667 2414 3713 τος,
2478 3653 2626 3718 τέρας
2676 3647 2916 3718 ἐγεννήθη
2971 3648 3039 3711 ⁸³,
3092 3644 3305 3698 παιδίον
3359 3653 3487 3718 μήτε
3540 3654 3723 3719 χεῖρας
3783 3652 3924 3716 μήτε

2310 3742 2518 3808 ὄμματα
2563 3740 2683 3806 ἔχον
2728 3741 2858 3807 μήτε
2903 3736 3062 3808 ὀφρῦς
3107 3742 3236 3807 μήτε
3282 3734 3534 3808 βλέφαρα,
3564 3738 3691 3806 πρὸς
3740 3732 3799 3786 δε
3843 3744 3922 3804 τῷ

2311 3827 2476 3896 ἰσχίῳ
2534 3825 2719 3896 ἰχθύος
2772 3825 2901 3898 οὐρὰ
2949 3824 3290 3898 ἀπεκρέματο·
3326 3829 3413 3876 καὶ
3471 3827 3603 3883 ὅπως
3657 3829 3717 3875 τό
3763 3829 3920 3897 τέρας

2311 3915 2558 3987 ἁνηρητο.
2625 3920 2745 3987 Περὶ
2800 3923 2895 3966 τών
2955 3924 3106 3986 τριῶν
3165 3913 3465 3970 Σκλαϐηνών
3515 3923 3614 3964 τῶν
3693 3916 3926 3985 κιθάρας

2309 4004 2697 4074 ἐπιφερομένων,
2759 4003 2808 4053 οῖ
2886 4001 2939 4054 ἐκ
2983 4012 3082 4053 τών
3136 4011 3300 4076 μερῶν
3360 4011 3454 4054 τοῦ
3509 4004 3758 4054 Ὠκεανού
3813 4002 3926 4053 ἑλέ-

2309 4111 2458 4160 γοντο
2506 4094 2628 4161 πρὸς
2672 4093 2756 4141 τόν
2813 4092 3046 4160 Χαγάνον
3094 4089 3435 4142 ἀπεστάλθαι⁸
3472 4092 3521 4140 οἱ
3563 4096 3654 4140 και
3689 4091 3777 4159 [45
3813 4091 3915 4163 Η.]

2311 4179 2714 4250 ἐνεφανίσθησαν
2783 4184 3056 4250 Μαυρικίῳ
3111 4188 3181 4247 τῷ
3242 4177 3470 4250 βασιλεῖ,
3531 4179 3790 4252 Πρεσϐείά
3866 4199 3924 4232 τε

2311 4272 2558 4342 ψράγκων
2586 4269 2630 4302 ⁸⁸
2677 4272 2804 4338 πρός
2849 4273 2932 4318 τὸν
2999 4266 3221 4338 βασιλέα
3272 4268 3344 4338 ἐφ’
3490 4277 3796 4338 συμμαχεῖν
3833 4267 3927 4320 ἐπὶ

2233 4350 2274 4402 D
2312 4355 2520 4429 δώροις,
2583 4363 2670 4407 καὶ
2721 4357 3029 4430 ἀποστροφὴ
3086 4366 3181 4416 τῆς
3231 4358 3505 4418 αἰτήσεως
3569 4364 3770 4416 Βοσσος
3827 4363 3923 4408 καὶ

2312 4450 2495 4506 Βέττος
2523 4449 2569 4497 οἱ
2613 4445 2874 4517 πρέσϐεις,
2918 4447 2942 4496 ό
2984 4443 3041 4497 δε
3084 4445 3392 4507 ἀποστείλας
3441 4447 3657 4516 ὀνόματι
3706 4443 3930 4498 Θεοδώ-

2309 4556 2480 4606 ριχος.
2519 4541 2640 4608 Περὶ
2677 4543 2767 4596 τῆς
2815 4535 3002 4604 ἀγέλης
3041 4543 3137 4585 τὼν
3170 4534 3384 4605 ἐλάφων,
3420 4540 3504 4585 καὶ
3552 4536 3692 4591 ὅπως
3723 4536 3753 4590 ἠ
3797 4539 3928 4604 μείς

2311 4625 2410 4683 ζων
2463 4623 2707 4695 βάλλεται
2759 4627 2846 4674 καὶ
2898 4629 2965 4682 εἰς
3012 4622 3220 4694 λόχμην
3279 4625 3394 4674 τινὰ
3455 4625 3648 4692 φεύγει,
3702 4629 3794 4674 καὶ
3857 4627 3931 4683 ὡς

1897 4752 2129 4807 νΑΒιιΕ
2170 4749 2568 4806 LECTIONES.

614 4876 663 4913 ⁷³
696 4871 860 4930 δόλϐα
891 4897 945 4942 ς.

547 4946 688 5004 add.
729 4953 790 5002 Δ.

543 5038 650 5091 γων
673 5025 738 5076 Δ.

1022 4878 1071 4913 ⁷⁸
1098 4879 1546 4952 συγκυρωσάντων
1574 4900 1629 4952 ς,
1683 4877 1754 4952 _"
1783 4883 1877 4938 τῆς
1903 4876 2043 4932 add.
2075 4881 2139 4930 A.

905 4949 952 4985 '°
980 4947 1320 5014 Χαλκηδόνος
1352 4973 1407 5016 ς’.

2216 4876 2264 4908 7⁸
2293 4873 2422 4927 libri
2453 4871 2765 4941 ἐπαλλαγὴν.

1524 4952 1565 4987 εί
1612 4947 1842 5021 ἔκδημία
1863 4969 1915 5001 τε
1947 4955 2019 5002 A:
2049 4953 2139 4999 καὶ
2171 4943 2427 5016 ἐκδημίαν
2462 4967 2511 5008 ς’.

2845 4873 2899 4944 777
2919 4880 3013 4933 τῆς
3043 4871 3184 4928 add.
3345 4873 3391 4906 ⁷⁸
3425 4873 3586 4944 Ὶερὶμ
3621 4893 3674 4936 ς.
3758 4873 3802 4906 τ’
3831 4879 3933 4924 καὶ

2626 4947 2667 4979 ⁸⁸
2691 4943 2966 5014 Ζαλαμϐᾶν
2997 4965 3052 5007 ς’.
3167 4945 3213 4978 ⁸³
3247 4943 3460 5013 ἐγενηθη
3663 4945 3708 4978 ⁸⁸
3746 4947 3936 5016 Φράγ-

2117 5144 2345 5200 ΝΟΤΕ.

639 5271 727 5344 15)
760 5272 967 5344 Narrat
996 5273 1207 5344 eadem
1240 5273 1484 5343 Niceph.
1517 5272 1618 5330 lib.
1651 5289 1812 5338 xvm,
1848 5287 1979 5344 cap.
2013 5251 2137 5326 20.‘

640 5343 732 5408 16)
757 5343 907 5412 Lege
937 5343 1132 5400 Vitam
1165 5345 1322 5415 apud
1357 5345 1603 5416 Niceph.
1641 5346 1740 5400 lib.
1770 5343 1936 5408 xvm,
1963 5358 2104 5416 cap.
2134 5346 2200 5416 25

2313 5263 2504 5334 legas.

2386 5355 2495 5422 (19)
2529 5351 2766 5424 Niceph.
2807 5351 2908 5424 lib_.
2943 5367 3104 5424 xvni,
3139 5367 3272 5423 cap.
3303 5353 3388 5407 35.

2385 5421 2498 5495 (20)
2544 5421 2961 5484 Ὑπὸ-Γέπαιδος
2987 5423 3139 5478 intra
3176 5421 3444 5494 Gepades
3468 5424 3677 5495 populi
3711 5427 3936 5482 nomi-

2310 5492 2549 5559 nantur,
2583 5497 2660 5550 ab
2691 5496 2804 5550 hoc
2828 5502 3065 5550 auctore
3091 5502 3146 5548 ut
3171 5501 3226 5550 et
3257 5492 3417 5551 Suid.
3455 5492 3743 5561 Γὴπαιδες,
3780 5499 3936 5553 scri-

2311 5567 2395 5638 bit
2425 5568 2666 5637 etymol.
2703 5570 2750 5618 οἱ
2789 5567 3047 5638 λεγόμενοι
3095 5564 3457 5638 Λογγίὸαρδοι
3492 5569 3643 5619 οἱονεὶ
3677 5573 3938 5621 Γετίπαι-

2311 5635 2416 5700 ὃες,
2447 5635 2494 5711 εἱ
2517 5635 2892 5711 Γετῶννπαίδες
2911 5635 2976 5693 et
3024 5635 3314 5711 recentior
3339 5635 3586 5711 quidam
3619 5639 3869 5697 Graecus
3915 5661 3926 5696 :

2308 5713 2372 5762 Οί
2399 5707 2630 5783 Οὖγγοοι
2661 5710 2886 5783 ίλεγοντο
2917 5712 2974 5763 τὸ
3001 5709 3220 5764 παλαιὸν
3252 5707 3529 5770 Fuit—cuiu.

643 5487 753 5560 16f)
787 5486 1027 5560 Niceph.
1063 5485 1164 5560 lib.
1199 5504 1354 5556 xvnr,
1389 5505 1519 5560 cap.
1551 5493 1638 5543 27.

642 5557 730 5631 η)
763 5557 1176 5631 Niceph._ibi_d.
1211 5576 1338 5631 cap.
1374 5565 1459 5615 '28.

618 5627 733 5703 (18)
767 5627 972 5703 Georg.
1009 5629 1256 5684 Cedren.
1282 5627 1478 5703 canini
1513 5631 1608 5686 hic
1641 5636 1843 5703 partus
1877 5629 2197 5703 monstrosi

542 5699 830 5759 meminit.
900 5704 988 5758 An
1054 5715 1195 5773 ergo
1244 5705 1359 5754 κυνὶ
1426 5702 1572 5761 forte
1633 5699 1706 5761 an
1769 5703 1901 5762 loco
1966 5716 2077 5774 pro
2142 5701 2196 5754 ὑΐ

540 5430 577 5471 a
654 5429 729 5469 uo
761 5420 958 5471 tamen
989 5416 1260 5473 nonnihil
1294 5415 1516 5472 recedit
1545 5420 1636 5471 Gr.
1670 5417 1952 5483 Menolog.
1999 5415 2052 5468 11
2083 5415 2194 5469 Jul.

606 5428 753 5623 (gl?)
787 5485 1164 5569 Nicephnlib.
1199 5504 1354 5556 xvnr,
1389 5505 1519 5560 cap.
1551 5493 1638 5543 27.

642 5557 730 5623 17)
763 5560 1002 5623 Niceph.
1038 5559 1176 5613 ιδιά.
1211 5576 1338 5623 cap.
1374 5565 1459 5615 '28.
