4046 6228
200 340 280 398 ιω
1317 341 1646 398 memora
1659 343 1810 402 ECA.

199 463 478 519 ἐπιδιιιίκεται
525 465 617 514 ὑπὸ
660 483 797 524 τινος
833 473 934 516 τῶν
992 462 1292 538 δορυφόρων
1343 468 1388 502 ⁸⁵
1433 473 1522 520 καὶ
1570 467 1740 540 ἑτέρου

198 561 302 615 τινος
332 549 574 612 Γήπαιδος
605 555 672 619 ⁸⁸,
719 556 854 613 ὅπως
899 573 952 605 τε
997 556 1021 604 ὁ
1067 551 1352 629 δορυφόρος
1400 554 1493 608 διὰ
1530 561 1593 609 τά
1625 563 1740 629 περὶ

199 645 317 695 αὐτὸν
359 646 574 714 χρύσεια
626 639 1003 713 δολοφονεῖται,
1063 650 1150 694 καὶ
1207 647 1275 704 ως
1324 651 1500 719 χρόνῳ
1557 654 1740 719 μακρῷ

196 737 365 802 ὕστερον
407 733 429 780 ὁ
471 736 660 790 Γηπαις
711 728 1063 803 δολοφονῆσαι
1111 737 1362 804 φωραθεὶς
1411 741 1535 809 πυρὶ
1574 755 1739 809 παροι-

198 818 384 872 διδοται.
441 827 686 893 Στρατεία
735 820 969 894 Ἀϐάρων
1023 824 1157 873 κατά
1198 822 1462 894 Ῥωμαίων
1507 830 1596 876 καὶ
1644 844 1739 876 πο-

194 912 354 980 ὶιορκία
378 906 674 979 Σιγγιδόνος
719 919 815 971 τῆς
847 910 1052 977 πόλεως,
1098 919 1395 984 χειροτονία
1423 933 1474 964 τε
1506 919 1738 985 Πρίσκου

189 1010 256 1049 τον
285 1007 584 1069 στρατηγοῦ,
632 1004 721 1050 καὶ
753 1001 894 1060 ὅπως
930 1007 1019 1050 τοῦ
1068 1004 1203 1051 κατὰ
1247 1008 1337 1058 τὴν
1373 1003 1622 1076 Εὐρώπην
1650 1024 1740 1055 πο-

187 1089 307 1158 λέμου
350 1095 523 1139 τοῦτον
573 1096 959 1160 προεστήσατο,
999 1095 1096 1142 Καὶ
1141 1092 1278 1151 ὅπως
1323 1093 1346 1142 ὁ
1391 1094 1630 1162 Χαγάνος
1675 1093 1740 1152 εἰς

184 1180 427 1249 Δριζίπερα
478 1184 749 1248 γενόμενος
802 1182 890 1229 τὸν
928 1183 1046 1229 νεὼν
1088 1177 1428 1251 Ἀλεξάνδρου
1475 1190 1564 1232 τοῦ
1611 1183 1741 1252 μάρ-

182 1284 303 1335 τυρος
347 1266 671 1338 ἓπνρπόλησε
718 1268 782 1332 ³⁷,
818 1273 909 1319 καὶ
953 1268 1088 1328 ὅπως
1137 1267 1185 1319 ἐν
1229 1269 1564 1341 Τζουρουλὼν
1598 1271 1644 1305 ⁸⁸
1676 1278 1735 1342 τῇ

179 1355 294 1406 πόλει
351 1356 592 1424 Ῥωμαῖοι
673 1357 1088 1426 συγκλεισθέντες
1168 1359 1268 1409 ὑπό
1339 1367 1428 1410 τοῦ
1494 1363 1739 1429 Χαγάνου

177 1445 551 1516 πολιορκοῦνται,
617 1447 751 1505 ὅπως
799 1464 851 1496 τε
911 1441 1044 1516 δόλῳ
1094 1451 1353 1516 φενακίζει
1400 1452 1484 1499 τὸν
1532 1447 1738 1522 βάρϐα-

175 1553 241 1604 ρον
285 1537 306 1584 ό
355 1539 646 1605 Μαυρίκιος
692 1541 781 1586 καὶ
853 1542 941 1594 τῆς
999 1535 1298 1609 πολιορκίας
1343 1535 1552 1608 ἀπάγει.
1618 1545 1741 1611 Πρε-

175 1621 294 1672 datu
339 1623 382 1656 ⁸³
430 1642 482 1674 τε
535 1622 776 1697 ’Λϐάρων
826 1628 956 1696 πρὸς
1007 1623 1314 1696 Ῥωμαίους,
1369 1631 1458 1678 καὶ
1511 1629 1611 1678 ὅσα
1667 1635 1738 1696 τῷ

173 1709 486 1783 Ἀρδαγάστῳ
545 1712 606 1764 ἐκ
669 1722 766 1774 τῆς
820 1714 1082 1785 Ῥωμαίων
1139 1713 1407 1772 ἀπήντησε
1450 1713 1735 1786 δυνάμεως,

173 1803 227 1850 ἔτι
256 1797 307 1852 δε
349 1807 434 1852 καὶ
473 1806 538 1853 τά
587 1805 725 1854 κατά
770 1806 856 1853 τὸν
901 1808 1122 1876 Τατίμερ
1171 1805 1238 1858 οο.
1283 1801 1640 1877 Ἀνδραγαϐία
1687 1825 1739 1857 τε
1771 1836 1815 1890 B

171 1896 241 1939 τοῦ
302 1889 558 1960 Ῥωμαίων
637 1890 930 1961 ταξιάρχου
1014 1889 1384 1966 Ἀλεξάνδρου,
1440 1899 1528 1945 καὶ
1587 1890 1738 1966 ἀνδρ·

170 1979 332 2044 αγαθία
371 1979 664 2049 Ῥωμαίων,
724 1985 815 2030 καὶ
866 1978 1165 2038 Σκλαϐηνῶν
1220 1979 1498 2054 ἀναίρεσις,
1555 1979 1739 2054 ἔφοδος

168 2085 208 2117 τε
255 2067 543 2126 Σκλαϐηνῶν
606 2072 743 2120 κατὰ
797 2069 1075 2140 Ῥωμαίων.
1136 2076 1255 2142 Περὶ
1310 2080 1410 2122 τῶν
1453 2074 1739 2141 τεχθέντων

173 2160 361 2224 τεράτων
391 2162 490 2227 πρό
523 2165 625 2209 τοὺ
662 2159 857 2217 ἄστεως
902 2160 945 2193 ⁹¹
993 2166 1086 2219 τῆς
1128 2157 1426 2230 βασιλίδος,
1475 2164 1541 2220 ὡς
1584 2163 1633 2195 ⁹²
1684 2163 1740 2212 τὸ

166 2247 237 2311 μιν
306 2241 361 2301 ἦν
408 2248 454 2279 ’³
517 2249 811 2318 τετράπουν
870 2243 1104 2313 παιδίον,
1178 2251 1236 2298 τό
1314 2245 1373 2300 δὲ
1436 2245 1738 2322 δικόρυφον.

165 2331 307 2393 Ὀπως

164 2425 350 2492 Χαγάνω
400 2422 503 2474 ἀπὸ
557 2431 658 2484 τῆς
705 2433 804 2474 τῶν
859 2423 1158 2480 Σκλαϐηνῶν
1207 2426 1253 2459 9⁵
1297 2425 1452 2486 λείας,
1510 2431 1598 2477 καὶ
1647 2428 1742 2476 Πέ-

377 2341 620 2405 Πρίσκος
686 2336 1166 2408 ἀποχειροτονεῖται
1220 2346 1290 2407 τῷ
1348 2335 1529 2390 δοῦναι
1575 2341 1622 2372 ⁸⁸
1670 2346 1741 2408 τῷ

161 2528 250 2579 τρος
294 2509 789 2584 ἀντιχειροτονείται
867 2516 1161 2583 στρατηγὸς

1237 2521 1327 2573 τῆς
1400 2517 1534 2565 κατά
1604 2518 1696 2571 τὴν
1767 2512 2017 2586 Εὐρώπην
2090 2513 2276 2583 μάχης
2330 2530 2340 2540 ·

1843 374 1911 387 -
1943 343 2102 399 COD.
2138 341 2298 398 LXV.
3399 334 3498 394 154

1850 469 1929 525 ob
1972 485 2155 524 aurea
2195 471 2546 523 ornamenta
2603 482 2674 522 ex
2734 464 2968 520 insidiis
3017 461 3393 526 interfecerit,
3444 469 3500 520 et

1851 559 2030 631 longo
2051 559 2504 630 postintervallo
2527 557 2705 613 caedis
2724 574 2860 611 reus
2889 555 3314 626 deprehensus.
3331 554 3498 610 ﬂam-

1853 645 1962 698 mis
1993 643 2599 699 traditus.Abarorum
2630 648 2836 696 contra
2852 643 3151 694 Romanos
3179 638 3495 709 expeditio,

1853 733 2136 803 urbisque
2171 733 2509 803 Singidonis
2566 731 2889 786 obsidium.
2953 728 3037 784 Uti
3083 729 3310 782 Priscus
3365 730 3497 799 (2'1),

1849 822 1988 876 belli
2007 822 2124 876 dux
2154 821 2435 883 delectus,
2469 827 2523 874 et
2558 819 2782 876 militia:
2841 821 3142 889 Europtete
3186 817 3498 888 praefectus

1852 911 1941 964 sit.
1965 912 2034 965 Ut
2057 912 2372 978 Chaganus
2397 909 2748 980 llriziperam
2783 907 3015 961 delatus
3050 906 3205 960 beati
3247 905 3499 961 Alexan-

1851 998 1942 1052 dri
2005 1000 2280 1069 martyris
2327 1000 2613 1068 templum
2669 996 2966 1051 obsederit
3013 1011 3025 1049 :
3077 1003 3130 1049 et
3189 995 3497 1066 quomodo

1850 1088 2097 1142 Tzurulo
2115 1087 2340 1158 oppido
2366 1087 2625 1141 inclusos
2646 1088 2948 1140 Romanos
2968 1085 3284 1154 Chaganus
3303 1085 3499 1138 cinxe-

1851 1179 1956 1231 rit:
1993 1182 2170 1247 utque
2195 1176 2513 1230 Mauricius
2537 1181 2670 1230 astu
2707 1174 3025 1244 deceptum
3058 1173 3387 1228 Barbarum
3423 1172 3499 1228 ab

1851 1265 2164 1320 obsidione
2190 1265 2481 1320 averterit.
2514 1265 2682 1319 Missa
2713 1263 2791 1318 ab
2832 1263 3040 1317 Abaris
3070 1261 3147 1316 ad
3199 1263 3500 1316 Romanos

1849 1354 2087 1425 legatio,
2122 1361 2341 1424 etquae
2369 1353 2729 1424 Ardagastus
2785 1352 2862 1407 ab
2911 1352 3169 1406 exercitu
3231 1352 3498 1405 Romano

1851 1444 2141 1515 acceperit
2162 1443 2568 1505 incommoda,
2594 1445 2875 1513 prteterea
2902 1456 3036 1512 quae
3064 1439 3176 1494 sub
3206 1440 3500 1495 Tatimero

1852 1538 2000 1587 acta.
2034 1532 2349 1587 Alexandri
2381 1531 2620 1586 Tribuni
2655 1530 2906 1584 militum
2940 1528 3249 1593 fortitudo,
3284 1527 3500 1583 Roma—

1851 1637 2186 1692 norumque
2219 1637 2310 1674 res
2335 1620 2564 1675 fortiter
2593 1623 2795 1689 gestae,
2839 1625 2893 1672 et
2925 1617 3273 1672 Selavorum
3307 1616 3499 1671 interi-

1851 1716 1974 1777 tus,
2005 1711 2341 1781 horumque
2374 1709 2634 1764 vicissim
2664 1709 2721 1764 in
2782 1711 3076 1762 Romanos
3107 1709 3385 1777 impetus.
3421 1710 3498 1762 De

1853 1801 2134 1855 monstris
2157 1800 2230 1854 ad
2256 1799 2483 1869 regiam
2506 1799 2712 1853 urbem
2733 1796 2887 1851 natis
2907 1798 3041 1866 (22),
3058 1796 3500 1859 iufantes,unus

1850 1890 2073 1960 biceps,
2099 1889 2243 1943 alter
2267 1887 2736 1960 quadrupes.Uti
2757 1887 2954 1940 Prisco
2977 1885 3297 1956 imperium
3326 1885 3499 1941 fuerit

1849 1979 2204 2048 abrogatum
2239 1979 2372 2047 ('23),
2433 1977 2595 2049 quod
2655 1980 2884 2048 partem
2934 1977 3151 2046 praedas
3209 1990 3239 2028 e
3277 1973 3500 2028 Sclavis

1851 2068 2127 2123 abductae
2157 2066 2313 2136 31a
2342 2065 2622 2134 Chagano
2652 2065 2956 2126 donasset,
3014 2063 3215 2134 utique
3266 2078 3374 2133 pro
3421 2061 3498 2118 illi

1853 2158 2055 2211 Petrus
2070 2157 2358 2226 EurOpaao
2387 2153 2542 2209 bello
2573 2151 3176 2225 duxpresﬁciaturDe
3192 2151 3499 2207 Theodoro

1850 2245 1988 2301 item
2021 2245 2214 2316 legato
2240 2245 2316 2300 ad
2359 2244 2709 2314 Chaganum
2735 2259 2770 2298 a
2801 2243 2994 2297 Prisco
3025 2242 3106 2296 ire
3133 2241 3323 2312 jusso,
3349 2241 3498 2296 etde

1852 2337 1981 2406 ejus
2013 2335 2306 2399 doctrina,
2335 2342 2513 2406 atque
2570 2351 2766 2389 rerum
2815 2332 3205 2402 gerendarum
3249 2330 3499 2385 dexteri-

1852 2429 1990 2478 tate.
2025 2426 2086 2478 Et
2115 2427 2171 2478 in
2202 2423 2290 2477 his
2324 2424 2474 2479 liber
2504 2430 2722 2477 sextus.

2398 2516 2486 2563 καὶ
2536 2515 2652 2581 περὶ
2731 2506 3009 2581 Θεοδώρου
3068 2516 3159 2561 τοῦ
3219 2505 3494 2582 πρέσϐεως,

162 2598 392 2660 σταλέντος
421 2603 468 2635 ⁹⁶
494 2605 634 2674 πρὸς
661 2604 748 2652 τὸν
776 2603 1013 2672 Χαγάνον
1043 2602 1142 2654 υπὸ
1174 2610 1264 2654 τοῦ
1298 2607 1550 2676 Πρίσκου,
1592 2611 1678 2662 τῆς
1727 2620 1780 2655 τε
1824 2606 1940 2675 περὶ
1987 2601 2142 2652 αὐτὸν
2175 2598 2421 2660 παιδείας
2463 2606 2552 2652 καὶ
2597 2597 2915 2663 δεξιότητος.
2950 2603 3030 2651 Ἐν
3057 2599 3132 2659 οἷς
3160 2601 3247 2648 καὶ
3281 2597 3306 2647 ὁ
3347 2597 3497 2658 ἕκτος

158 2685 297 2756 λογος.

213 2777 261 2827 Ὀ
301 2775 354 2830 δε
391 2775 622 2851 ἕϐδομος
676 2779 830 2849 λόγος
879 2775 1219 2852 διαλαμϐάνει
1244 2786 1356 2854 περὶ
1402 2789 1496 2842 τῆς
1523 2800 1731 2852 γεγενη-

159 2871 283 2934 μένης
311 2865 523 2930 ἀταξίας
555 2876 679 2929 ταῖς
722 2869 984 2940 Ῥωμαίων
1033 2867 1334 2941 δυνάμεσιν,
1388 2869 1652 2942 ἀριστείαν
1679 2889 1732 2922 τε

156 2953 379 3024 Ῥωμαίων
422 2961 565 3008 κατά
615 2956 918 3014 Σκλαϐηνὼν
967 2963 1080 3015 ἦτοι
1141 2964 1301 3010 Γετῶν
1359 2973 1375 2988 ⁸
1438 2963 1586 3010 Γέται
1628 2961 1728 3032 γὰρ

156 3047 199 3094 τὸ
225 3044 424 3097 παλαιὸν
456 3045 762 3102 ἐκαλοῦντο.
814 3052 912 3099 Καὶ
946 3052 1061 3120 περὶ
1113 3055 1212 3098 τῶν
1244 3047 1292 3098 ἐν
1336 3047 1538 3121 Ἀσίμῳ
1569 3049 1616 3083 ⁸⁷
1665 3055 1726 3120 τῇ

156 3138 347 3204 Θρᾳκῳα
388 3135 530 3187 πόλει
577 3138 754 3206 Πέτρῳ
795 3154 849 3188 τε
892 3141 978 3187 καὶ
1025 3143 1132 3198 τοῖς
1183 3136 1419 3196 πολίταις
1469 3135 1730 3208 συμϐεϐηο

152 3239 303 3277 κοτων.
359 3231 455 3276 Καὶ
510 3228 591 3284 ὡς
647 3227 983 3296 Πιράγοιστος
1039 3227 1064 3276 ὁ
1120 3233 1213 3286 τῆς
1269 3234 1369 3276 τῶν
1429 3223 1727 3283 Σκλαϐηνών
1760 3211 1800 3266 C

155 3305 381 3381 ’ἶννλμεως
434 3313 714 3386 φύλαρχος
773 3313 1029 3385 ἀνῄρηται
1060 3331 1071 3342 ⁶
1105 3315 1189 3384 [93
1226 3313 1314 3386 8.]
1347 3320 1437 3366 καὶ
1467 3311 1722 3388 ἀνδραγα-

155 3399 224 3448 θία
260 3400 532 3471 Ῥωμαίων.
599 3408 721 3476 Περὶ
767 3412 862 3464 τῆς
911 3400 1152 3474 ἀνυδρίας
1196 3413 1292 3465 τῆς
1334 3405 1728 3478 παρακολουθη-

156 3491 294 3550 πάσης
338 3499 450 3551 ταῖς
487 3491 764 3562 Ῥωμαίων
817 3489 1092 3563 δυνάμεσι.
1151 3498 1249 3544 Καὶ
1297 3495 1434 3555 ὅπως
1487 3501 1578 3545 τοῦ
1633 3498 1726 3546 Πέ-

151 3593 249 3641 τρον
296 3582 817 3651 καταπολεμηθέντος
872 3582 971 3631 ὑπὸ
1029 3580 1328 3639 Σκλαϐηνῶν
1384 3583 1432 3617 ⁸⁸
1501 3588 1727 3653 Πρίσκος

151 3659 269 3725 αὗθις
304 3674 500 3736 γίνεται
565 3674 874 3742 στρατηγός.
923 3671 1156 3730 Θάνατος
1208 3671 1443 3723 Ἰωάννου
1493 3680 1583 3723 τοῦ
1619 3679 1728 3730 Νη-

153 3764 332 3805 ττευτοῦ
383 3757 1002 3818 Κωνσταντινουπόλεως,
1074 3765 1161 3810 καὶ
1229 3766 1345 3832 περὶ
1416 3769 1513 3812 τῶν
1567 3757 1726 3813 ἐριδα-

150 3846 408 3897 νεισθὲντων
470 3849 517 3882 ’θ
573 3847 718 3916 αὐτῷ
771 3851 1063 3918 χρημάτων
1111 3850 1209 3899 ὑπὸ
1266 3855 1579 3920 Μαυρικίου,
1634 3856 1722 3903 καὶ

151 3949 239 4001 τερι
289 3942 374 3985 τοῦ
420 3935 468 3986 ἐν
501 3945 563 4008 τῇ
611 3938 864 4007 ὁμολογίᾳ
903 3944 1416 4010 χειρογραφὴματος,
1467 3945 1554 3990 και
1590 3940 1722 4000 ὅπως

153 4014 222 4071 διὰ
246 4033 389 4094 τιμῆς
427 4025 553 4095 ἦγεν
604 4028 632 4075 ὁ
680 4024 981 4096 φιλενσεϐὴς
1025 4029 1087 4086 ὡς
1132 4025 1333 4087 ἀληθῶς
1382 4028 1718 4102 αὐτοκράτωρ

151 4111 199 4156 τὰ
230 4113 480 4182 εὑρεθέντα
511 4123 584 4183 τῷ
637 4113 879 4188 ἀρχιερεῖ
925 4118 1055 4186 μετὰ
1104 4117 1316 4167 θάνατον
1358 4117 1535 4190 ῥάκια.
1596 4124 1718 4192 Περὶ

147 4205 221 4248 τῶν
264 4203 602 4274 Μαυρουσίων
656 4212 755 4254 τῶν
806 4208 1202 4276 συστραφέντων
1256 4209 1386 4256 κατά
1433 4204 1693 4280 Καρχηδό

146 4305 208 4346 νος
249 4297 332 4350 τῆς
359 4291 574 4355 πολεως,
623 4298 710 4343 καὶ
763 4294 901 4352 ὅπως
944 4300 1006 4364 τῇ
1057 4300 1148 4344 τοῦ
1192 4290 1464 4345 Γενναδίου
1495 4294 1653 4366 τόλμῃ
1691 4297 1716 4346 ὁ

147 4376 326 4446 “Ltus;
378 4380 597 4433 ἱσϐεστο
631 4383 672 4435 ¹.
708 4387 806 4434 Καὶ
855 4389 971 4452 περὶ
1018 4390 1106 4434 τοῦ
1151 4387 1382 4454 κομὴτου
1414 4391 1502 4435 τοῦ
1535 4390 1715 4454 φανέν-

149 4482 213 4522 τες
239 4467 310 4519 ἐπὶ
339 4471 533 4540 ἡμέρας
573 4471 784 4530 πολλάς.
837 4476 959 4541 Περὶ
1007 4479 1099 4521 τοῦ
1149 4469 1395 4542 ἐμφυλίου
1436 4471 1659 4542 πολέμου
1695 4475 1714 4506 ²

153 4563 220 4603 η’)
258 4565 522 4628 γενομένου
565 4568 675 4620 τοῖς
717 4564 990 4632 Τούρκοις,
1035 4566 1123 4612 καὶ
1173 4560 1220 4612 ἓν
1269 4562 1466 4614 ἐκθέσει
1506 4565 1569 4613 τά
1598 4566 1714 4633 περὶ
1748 4579 1791 4633 D

154 4651 220 4702 τίς
244 4656 330 4697 τῶν
359 4653 604 4723 Τούρκων
639 4649 915 4710 πολιτείας.
966 4655 1068 4702 Καὶ
1099 4652 1167 4709 ὡς
1206 4653 1291 4701 τὸν
1323 4649 1585 4723 ἕθνάρχην
1615 4659 1714 4702 τῶν

1918 2778 2088 2835 Libro
2120 2779 2376 2849 septimo
2408 2778 2602 2846 agitur
2649 2777 2722 2832 de
2781 2776 3031 2830 turbatis
3091 2777 3496 2829 Romanorum

1842 2866 2653 2938 oriIinibus,eorumdemque
2670 2866 2848 2920 rebus
2863 2864 3084 2919 fortiter
3098 2863 3276 2932 gestis
3289 2867 3498 2917 contra

1843 2957 2103 3019 Sclavos,
2136 2956 2260 3010 sive
2293 2955 2468 3009 Getas
2501 2973 2513 3012 :
2556 2955 2670 3009 hoc
2701 2953 2860 3008 enim
2895 2953 3136 3006 nomine
3165 2951 3495 3021 antiquitus

1841 3046 2122 3118 appellati
2147 3047 2391 3100 sunt.De
2418 3043 2487 3098 iis
2509 3059 2644 3113 quae
2677 3041 2737 3098 in
2770 3041 3010 3112 ignobili
3031 3040 3300 3112 quodam
3319 3039 3497 3094 Thra-

1841 3136 1939 3190 ciae
1970 3133 2198 3206 oppido
2231 3135 2395 3188 Petro
2410 3138 2464 3188 et
2492 3132 2698 3187 incolis
2729 3131 3071 3186 acciderunt
3095 3147 3107 3184 :
3136 3135 3316 3201 utque
3336 3127 3495 3184 Scla-

1839 3240 2046 3280 vorum
2102 3223 2414 3296 praefectus
2465 3221 2798 3290 Piragastus
2852 3222 2928 3276 sit
2989 3219 3347 3275 interfectus.
3415 3220 3493 3274 De

1843 3313 2094 3369 militum
2119 3313 2532 3368 Romanorum
2560 3311 2790 3375 virtute,
2809 3310 2939 3364 licet
2957 3325 3252 3381 aquarum
3269 3308 3492 3376 ingenti

1837 3402 2087 3474 penuria
2109 3407 2539 3474 premerentur.
2564 3399 2732 3454 Petro
2763 3416 2798 3454 a
2836 3399 3057 3454 Sclavis
3086 3414 3289 3468 pugna
3317 3413 3494 3468 supe-

1837 3497 1982 3556 rato,
2019 3491 2251 3545 Priscus
2281 3491 2493 3544 iterum
2529 3488 2658 3543 belli
2687 3489 3013 3560 imperator
3071 3487 3338 3542 delectus
3385 3489 3489 3542 est.

1837 3580 2044 3634 Obitus
2069 3579 2314 3634 Joannis
2336 3581 2738 3644 cognomento
2765 3576 3273 3647 Jejunatoris(24),
3307 3575 3491 3645 patri-

1835 3670 2030 3724 archa:
2059 3667 2692 3738 Constantinopolitani
2727 3682 2739 3731 ;
2772 3667 2968 3737 deque
3005 3672 3210 3719 nmtuo
3259 3681 3293 3718 a
3335 3665 3490 3719 Mau-

1834 3761 1975 3814 I‘ICIO
2003 3761 2353 3829 imperatore
2403 3761 2646 3828 accepta
2705 3755 2978 3825 pecunia,
3042 3754 3303 3824 datoque
3355 3751 3490 3806 teris

1833 3849 2058 3918 accepti
2089 3847 2463 3916 confessique
2517 3844 2918 3913 chirographo
2970 3865 2980 3906 ;
3027 3847 3374 3912 quantoque
3429 3839 3490 3895 in

1833 3938 2015 4006 pretio
2043 3953 2173 3990 vere
2196 3936 2323 4005 pius
2358 3938 2650 4004 augustus
2701 3931 2794 3985 ille
2853 3930 3087 3984 relictas
3145 3945 3179 3982 a
3234 3927 3490 3998 pressule

1831 4031 1965 4096 post
2017 4030 2268 4078 mortem
2322 4037 2624 4091 pannosas
2674 4025 2863 4074 vestes
2923 4019 3036 4088 (25)
3085 4017 3374 4071 habuerit.
3411 4019 3488 4072 De

1830 4115 2254 4169 Maurusiorum
2287 4109 2574 4164 adversus
2597 4107 3058 4176 Charthaginem
3083 4105 3486 4175 expeditione,

1830 4208 2009 4273 utque
2037 4199 2324 4255 Genuadii
2352 4197 2690 4252 fortitudine
2717 4195 2939 4250 bellum
2967 4194 3109 4250 illud
3137 4193 3484 4249 exstinctum

1829 4291 1919 4346 sit.
1960 4293 2034 4345 De
2067 4294 2321 4353 cometa,
2357 4287 2459 4358 qui
2492 4286 2614 4340 dies
2647 4285 2987 4354 complures
3046 4284 3214 4339 visus
3253 4290 3356 4339 est.
3409 4286 3487 4339 De

1826 4380 2106 4436 intestino
2145 4378 2309 4448 apud
2349 4379 2588 4441 Turcos,
2621 4380 2678 4430 et
2706 4373 2861 4430 civili
2890 4372 3047 4428 bello
3081 4391 3094 4426 :
3137 4373 3389 4428 accessit
3414 4373 3489 4429 de

1826 4469 2178 4526 eorumdem
2222 4466 2528 4538 republica
2557 4463 2840 4529 narratio,
2873 4469 2936 4518 ut
2965 4463 3287 4517 Turcorum
3342 4462 3488 4518 Cha-

1827 4575 2021 4630 ganus
2051 4558 2184 4627 (26),
2214 4555 2691 4628 Ephthalitarum
2720 4553 2988 4624 principe
3036 4551 3366 4615 interfecto,
3401 4558 3484 4609 to-

1826 4655 1948 4706 tam
1981 4663 2116 4703 eam
2138 4651 2373 4717 gentem
2399 4643 2703 4712 subegerit
2729 4663 2741 4695 :
2772 4649 2832 4697 ut
2853 4648 3255 4710 Agarenorum
3276 4640 3486 4696 adhaec

1465 4782 1698 4838 VARI/8
1731 4781 2135 4838 LECTIONES.

208 4896 355 4976 :‘Téw
379 4896 685 4976 δορυφόρων
801 4924 812 4954 :
847 4898 1139 4976 δορυφόρου
1183 4925 1236 4976 ς’,
1353 4906 1399 4939 ⁸⁵
1432 4902 1659 4966 Γὴπεδος
1690 4913 1748 4976 A.

210 4966 471 5048 Τατίμερον
643 4976 684 5009 ⁹¹
713 4966 998 5048 inruas-7..
1046 4966 1111 5010 ’⁸³
1265 4980 1354 5027 καὶ
1382 4991 1468 5046 pr.
1507 4983 1565 5029 A.

156 5038 459 5121 ξξιανηνών
493 5053 532 5096 Δ
568 5045 650 5099 sic
687 5051 744 5100 et
770 5045 937 5121 intra.
1017 5047 1065 5081 ⁹⁶
1099 5038 1398 5121 fraxini}.
1432 5047 1581 5099 σταλ.
1620 5053 1686 5104 Α.

158 5108 615 5168 ”ὸδα”διισθέντων
649 5136 704 5179 ς.
785 5118 802 5152 ¹
827 5115 1005 5169 ἓσϐετο
1039 5139 1093 5182 ς’.
1173 5121 1194 5154 ²
1223 5108 1447 5192 πόλεμον
1470 5135 1594 5175 om.
1629 5125 1691 5174 Α.

1659 4979 1705 5010 ⁸³
1736 4973 1797 5034 ἦν
1823 4992 1942 5030 om.
1980 4990 2070 5044 pr.
2101 4973 2160 5026 Α.

1772 5048 1816 5082 ’⁷
1852 5046 2042 5118 ἀσήμῳ
2075 5064 2156 5098 στ.

1863 4904 1906 4936 ⁸⁷
1947 4901 2286 4974 ἐπολιόρκησε
2318 4922 2371 4965 ς’.
2427 4967 2445 4974 _
2487 4899 2532 4935 ⁸⁸
2559 4895 2869 4974 Τζουρουλῷ
2903 4917 2957 4961 ς’.
3073 4897 3120 4933 ⁸⁸
3147 4896 3391 4974 πρίσᾷεις
3419 4904 3482 4953 Α.

2240 4973 2286 5008 9‘
2316 4981 2386 5041 τῷ
2415 4967 2598 5023 δοῦναι
2635 4967 3214 5041 -ἀντιχειροτονεῖται
3247 4969 3387 5041 add.
3419 4977 3480 5026 Δ.

2235 5046 2282 5078 ⁸⁸
2315 5039 2416 5096 ὐπό
2448 5047 2720 5101 Σκαυήνων
2749 5048 2810 5109 Δ,
2839 5039 2938 5094 ὐπὸ
2967 5051 3066 5094 τῶν
3093 5039 3396 5098 Σκλαϐήνων
3425 5061 3480 5105 ς,

1698 5243 1922 5301 ΝΟΤΕ.

209 5371 564 5448 (ξιὶδὶοορὴ.
589 5373 960 5448 ὶιεεοηθεόθω
990 5373 1090 5430 lib.
1121 5391 1285 5442 xvm,
1319 5391 1452 5448 cap.
1485 5375 1576 5431 28.

208 5441 302 5504 I22)
328 5441 476 5498 Ibid:
511 5462 640 5514 cap.
679 5447 768 5502 35.

210 5515 306 5576 ('23;
337 5515 479 5569 Ibid.
513 5533 644 5576 cap.
675 5521 766 5571 ‘25.

213 5533 306 5576 lZJ)
337 5533 479 5569 IDIO.
513 5533 582 5570 ca
634 5559 644 5569 .
675 5533 766 5571 25.

213 5584 309 5648 tm
339 5588 539 5662 Quarti
585 5533 769 5662 Eujus
803 5589 1098 5662 nominis,
1142 5592 1211 5644 de
1263 5605 1387 5662 quo
1434 5590 1722 5660 legendus

159 5652 332 5709 Baron.
365 5659 526 5713 card.
561 5652 704 5714 toni.
747 5659 845 5712 Vll
879 5666 934 5714 et
965 5652 1098 5715 VIII.

212 5727 308 5796 (25)
332 5731 567 5802 Niceph.
591 5730 693 5788 lib.
724 5731 856 5799 XIX,
885 5747 1022 5804 cap.
1053 5732 1139 5804 34,
1168 5731 1449 5791 lectulum
1475 5731 1724 5790 additli-

1834 5374 2186 5444 gneum.Hic
2199 5389 2320 5429 non
2350 5376 2506 5428 recte
2532 5371 2946 5444 aquibusdem
2967 5386 3102 5427 cum
3125 5372 3350 5427 Joanne
3364 5373 3485 5430 Ele-

1832 5442 2204 5517 emosynario
2234 5442 2634 5517 Alexandrino
2659 5442 3060 5517 confunditur.
3089 5443 3273 5499 Minus
3303 5444 3481 5501 etiam

1833 5525 1986 5574 recte
2001 5514 2121 5588 ’pro
2152 5524 2358 5588 sancto
2390 5514 2628 5588 habitus
2655 5531 2700 5588 a_
2721 5515 2883 5588 suis,
2947 5519 3092 5571 teste
3151 5517 3237 5588 D._
3268 5518 3477 5572 Baron.

1834 5596 1872 5644 t.
1900 5585 2252 5671 VIll'annaI.
2285 5587 2382 5642 ad.
2417 5602 2514 5641 an.
2548 5585 2652 5640 Ch.
2676 5585 2802 5649 395,
2833 5603 2902 5642 ex
2929 5586 3262 5658 B.Gregorii
3291 5589 3481 5658 Μειςηὶ

1834 5667 2204 5717 auctoritate.

1903 5733 2016 5805 (26)
2042 5729 2286 5803 Niceph.
2307 5729 2410 5787 lib.
2441 5742 2604 5798 xvm,
2623 5743 2757 5801 cap.
2785 5728 2876 5784 30.
