4046 6228
480 290 579 343 155

480 418 536 471 et
567 415 961 471 Cholcborum
995 422 1231 485 gentem
1254 420 1648 472 trecentarum
1664 414 1913 469 millium
1930 418 2127 483 strage

481 503 779 569 ceciderit,
823 511 1003 576 utque
1042 507 1448 575 insurgentem
1492 504 1774 559 adversus
1805 519 1865 557 se
1904 506 2127 558 Turum

478 593 852 659 interfecerit,
887 611 1008 666 quo
1041 598 1281 649 nomine
1322 593 1577 649 victoriae
1610 593 1880 647 nuntiam
1912 592 2127 663 episto-

481 681 595 737 lam
625 681 902 737 Mauricio
934 684 1077 753 imp.
1111 684 1429 754 scripserit.
1462 682 1622 736 Idem
1641 680 1866 736 Abaros
1888 697 2128 753 quoque

484 772 597 826 sub
620 772 832 840 jugum
866 772 1052 827 victos
1078 772 1252 827 misit.
1290 773 1480 827 Refert
1503 777 1557 826 et
1590 772 1663 825 de
1691 771 2129 841 gentibus,qum

482 858 1024 928 Taugasincolunt,
1057 867 1112 915 et
1137 861 1211 915 de
1242 862 1438 923 Nucri,
1458 861 1515 916 in
1545 875 1698 932 quas
1720 860 1931 915 devicti
1954 860 2131 915 Abari

484 948 744 1020 dispersi
787 953 927 1003 sunt
948 950 1081 1020 (27).
1114 950 1255 1005 Item
1280 949 1355 1005 de
1390 949 1521 1016 Var,
1549 955 1609 1004 et
1638 948 1846 1015 Chuni,
1872 965 2132 1020 quorum

484 1054 625 1109 pars
661 1039 1025 1108 magnajam
1058 1038 1196 1093 inde
1237 1054 1273 1094 a
1301 1039 1616 1094 Iustiniani
1650 1037 2042 1109 temporibus,
2074 1038 2132 1092 in

486 1130 725 1198 Europa
752 1128 923 1181 sedes
938 1127 1187 1192 habent,
1206 1128 1557 1200 Abarosque
1577 1144 1704 1181 sese
1726 1127 2132 1181 nominarunt.

485 1219 804 1272 Turcorum
842 1218 1141 1284 regionem
1172 1222 1341 1272 terra:
1386 1217 1590 1281 motui,
1625 1232 1693 1271 ac
1721 1214 1869 1287 pesti
1894 1214 2135 1270 minime

487 1306 832 1361 obnoxiam.
871 1308 949 1360 De
982 1312 1183 1361 monte
1210 1306 1311 1377 qui
1352 1312 1578 1361 Aureus
1619 1306 1692 1359 sit
1722 1306 1931 1370 dictus,
1966 1321 2034 1360 ac
2063 1304 2138 1360 de

485 1394 620 1465 ipsa
660 1395 825 1459 urbe,
863 1396 1123 1465 Taugas.
1161 1398 1239 1450 De
1261 1395 1665 1467 bombycibus
1693 1394 1823 1465 (28),
1866 1395 1967 1465 qui
1985 1409 2057 1449 ex
2077 1408 2138 1447 se

486 1488 684 1538 vestes
714 1484 967 1552 gignunt
997 1485 1233 1549 sericas,
1264 1491 1321 1539 et
1360 1484 1525 1556 quod
1563 1483 1732 1538 serici
1788 1486 1902 1553 (29)
1930 1483 2139 1551 ingens

489 1572 767 1643 gignatur
782 1573 859 1628 ad
875 1572 1190 1628 Chubdam
1207 1573 1415 1629 urbem
1428 1574 1501 1643 ,3
1518 1574 1561 1642 1
1575 1573 1605 1627 ὁ
1622 1588 1799 1642 quam
1813 1570 2137 1641 appellant,

494 1661 689 1732 copia,
724 1677 980 1733 quaeque
1006 1662 1063 1717 in
1093 1662 1204 1717 illis
1235 1662 1539 1717 vermibus
1579 1660 1986 1730 glomerandis
2016 1658 2138 1713 ﬁeri

488 1751 679 1806 solita.
716 1754 791 1806 De
826 1751 1000 1817 Indis,
1042 1753 1147 1823 qui
1188 1751 1445 1807 candido
1474 1756 1614 1806 sunt
1638 1765 1906 1820 corpore.
1944 1749 2139 1804 Disce-

487 1839 671 1911 ptatio
691 1839 953 1909 Chagani
988 1857 1122 1894 cum
1155 1840 1376 1906 Prisco,
1412 1840 1486 1895 de
1516 1838 2049 1911 Singidonensibus
2078 1836 2138 1892 in

490 1928 821 1983 servitutem
837 1928 945 1984 abd
957 1928 1514 2004 ucendis,l_’riscique
1529 1928 1828 1982 contraria
1843 1926 2139 1991 sententia,

488 2023 671 2088 utque
694 2034 827 2071 eam
867 2020 1077 2072 urbem
1110 2018 1347 2072 Priscus
1381 2016 1649 2071 servarit.
1684 2017 1823 2080 Quae
1853 2030 1957 2086 per
2008 2014 2140 2069 Dal-

492 2107 737 2161 matiam
763 2106 1003 2161 Barbari
1021 2107 1311 2175 gesserint
1327 2121 1597 2177 quasque
1611 2105 1789 2159 urbes
1809 2104 2139 2159 everterint.

492 2196 804 2259 Quomodo
840 2194 1115 2250 Gundoes
1148 2210 1184 2249 a
1218 2194 1419 2249 Prisco
1444 2194 1735 2249 adversus
1759 2192 2052 2248 Barbaros
2082 2192 2140 2248 in

499 2283 849 2339 Dalmatiam
884 2285 1129 2349 missus,
1155 2300 1248 2339 res
1271 2283 1496 2339 fortiter
1527 2283 1792 2353 gesserit.

566 2555 1018 2612 Undevicesimo
1048 2556 1278 2629 imperii
1325 2556 1581 2613 Mauricii
1622 2572 1781 2613 anno
1823 2556 2141 2613 Monachus

493 2644 739 2715 quidam
775 2652 1027 2699 mortem
1069 2644 1168 2709 illi,
1199 2645 1518 2717 liberisque
1547 2646 1674 2716 ejus
1698 2646 1809 2716 (30)
1842 2644 2136 2717 praedixit.

494 2733 700 2789 Stricto
722 2734 881 2788 enim
906 2733 1127 2803 gladio,
1158 2750 1193 2789 a
1223 2733 1349 2789 foro
1395 2734 1471 2789 ad
1525 2735 1723 2806 palatii
1788 2734 2139 2790 vestibulum

491 2836 870 2893 procurrens,
904 2823 1245 2880 Mauricium
1272 2840 1391 2879 una
1408 2840 1543 2879 cum
1565 2824 1765 2879 liberis
1798 2824 1949 2879 ferro
1980 2824 2138 2878 occi-

492 2928 615 2966 sum
639 2912 706 2967 iri
723 2912 1053 2968 denuntiat.
1080 2913 1228 2977 Quin
1248 2919 1301 2969 et
1322 2914 1684 2969 Herodianus
1696 2914 1937 2986 quidam
1956 2913 2141 2985 impe-

490 3003 670 3056 ratori
702 3008 983 3056 eventura
1022 3004 1442 3073 praenuntiavit
1498 3003 1610 3073 (3t)
1637 3019 1648 3055 :
1674 3003 1893 3057 famem
1929 3002 2142 3057 scilicet

492 3088 676 3155 illam,
707 3107 841 3161 quae
862 3092 1061 3161 postin
1093 3090 1301 3144 castris
1326 3097 1473 3145 orta.
1492 3090 2140 3161 UtincredibiliChaga-

1704 287 1943 343 PHOTII
1983 290 2138 344 PATl

2252 289 2461 345 HCH/E
2501 289 2605 345 (ΖΡ.
3707 296 3789 350 156

2235 414 2548 487 Ἐφθαλιτῶν
2596 418 2615 448 ³
2665 415 2690 465 ό
2748 421 2985 484 Χαγανος
3032 423 3128 466 τῶν
3184 418 3424 489 Τούρκων
3482 415 3653 469 ἀνελὼν
3716 424 3793 471 καὶ

2239 503 2506 565 δουλώσας
2533 507 2588 556 τό
2616 505 2755 564 ἔθνος
2791 505 2833 571 ⁴,
2866 504 2939 555 ἔτι
2970 500 3028 556 δὲ
3057 511 3144 557 καὶ
3174 510 3287 566 τοὺς
3317 506 3492 579 Ὀγωρ
3524 508 3543 541 ⁵
3570 512 3623 558 τό
3651 510 3793 569 ἔθνος,

2240 599 2327 645 καὶ
2372 591 2439 651 δὴ
2488 597 2575 644 καὶ
2624 596 2745 655 τοὺς
2789 592 3026 664 Κόλχους
3072 596 3206 668 ἄχρι
3244 598 3516 669 τριάκοντα
3552 594 3794 670 μυριάδων

2242 681 2543 757 διέφθειρεν.
2595 682 2750 734 Ἀλλὰ
2796 686 2885 733 καὶ
2916 686 3000 735 τόν
3032 682 3385 737 ἐπαναστάντα
3425 684 3513 756 [46
3544 684 3642 757 Η.]
3674 686 3796 755 αὐτῷ

2240 776 2480 845 Τουροὺμ
2544 770 2727 822 ἀνελὼν
2800 770 3041 823 ἐπινίκιον
3106 770 3382 830 ἐπιστολήν
3436 777 3696 847 Μαυρικίῳ
3739 782 3799 844 τῷ

2244 861 2585 934 αὐτοκράτορι
2623 860 2840 912 ἔστειλεν
2873 877 2885 889 ·
2921 857 3250 913 ἐδουλώσατο
3309 858 3368 914 δε
3418 867 3503 913 καὶ
3554 861 3797 936 Ἀϐάρους.

2246 950 2463 1011 Διέξεισι
2516 946 2575 1002 δὲ
2621 954 2708 1001 καὶ
2760 954 2877 1022 περὶ
2924 958 3021 1001 τῶν
3076 954 3211 1002 κατὰ
3259 955 3351 1008 τὴν
3392 953 3592 1021 Ταυγάς
3620 954 3639 986 ⁸
3669 950 3800 1004 ἐθνῶν

2246 1044 2333 1091 καὶ
2379 1043 2496 1111 περὶ
2541 1046 2632 1090 τοῦ
2662 1044 2866 1112 Μουκρὶ
2902 1041 2947 1104 ’⁷,
2993 1038 3040 1090 ἐν
3069 1041 3146 1101 οἶς
3196 1042 3244 1091 οὶ
3289 1038 3507 1113 Ἀϐαροι
3532 1042 3803 1101 ἡττηθέντες

2248 1125 2633 1200 διεσπάρησαν.
2687 1132 2787 1181 Καὶ
2834 1134 2951 1202 περὶ
3008 1136 3091 1180 τοῦ
3136 1129 3279 1203 Οὐὰρ
3333 1135 3422 1181 καὶ
3470 1134 3624 1183 Χουνὶ
3669 1132 3688 1164 ⁸
3718 1137 3803 1180 τῶν

2248 1218 2420 1281 ἐθνῶν,
2473 1216 2525 1280 ἐξ
2563 1218 2628 1268 ὧν
2668 1217 2748 1270 ἐπὶ
2799 1218 3174 1271 Ἰουστινιανοῦ
3221 1217 3485 1289 ἀπόμοιρα
3532 1215 3682 1271 τῶνδε
3720 1227 3803 1270 τῶν

2249 1306 2400 1360 ἐθνῶν
2448 1304 2661 1379 ἔνδημεί
2698 1316 2759 1379 τῇ
2805 1307 3050 1381 Εὐρώπῃ,
3097 1308 3145 1360 οὶ
3189 1314 3279 1360 καὶ
3320 1307 3567 1381 Ἀϐάρους
3619 1308 3805 1369 ἔαυτοὺς

2250 1396 2591 1469 ἐπεφήμισαν.
2655 1401 2755 1448 Καὶ
2804 1398 2871 1458 ὡς
2910 1398 2939 1454 ἡ
2990 1399 3231 1470 Τούρκων
3280 1401 3433 1472 χώρα
3485 1404 3689 1468 σεισμοῦ
3732 1401 3805 1448 καὶ

2248 1487 2430 1556 λοιμοῦ
2485 1484 2760 1557 ἀπείρατος
2798 1488 2840 1539 θ.
2891 1491 3017 1559 Περί
3062 1506 3114 1538 τε
3166 1494 3259 1538 τοῦ
3312 1494 3519 1559 χρυσοῦ
3569 1485 3804 1557 λεγομένου

2252 1581 2420 1649 ὄρους,
2471 1580 2559 1627 καὶ
2606 1580 2722 1647 περὶ
2761 1583 2854 1637 τῆς
2894 1578 3122 1646 Ταυγὰς,
3165 1580 3285 1648 περί
3323 1594 3376 1627 τε
3424 1584 3519 1627 τῶν
3562 1574 3806 1632 σκωλήκων

2251 1674 2346 1717 τῶν
2372 1668 2647 1715 τικτόντων
2678 1668 2769 1722 τὴν
2818 1663 3016 1723 ἐσθῆτα
3055 1668 3147 1723 τὴν
3182 1668 3426 1739 σηρικήν,
3454 1669 3541 1716 καὶ
3569 1667 3631 1725 ὡς
3670 1663 3806 1720 πολλή

2252 1754 2363 1807 ἐστι
2411 1758 2527 1826 περὶ
2569 1758 2660 1811 τήν
2704 1754 2980 1825 λεγομένην
3024 1750 3273 1808 Χουϐδαν
3327 1756 3355 1812 ἠ
3388 1761 3484 1815 τῆς
3512 1752 3808 1825 μετάξεως¹⁹

2250 1848 2470 1915 γένεσις,
2511 1849 2600 1893 καὶ
2640 1846 2703 1895 τὰ
2746 1848 2862 1916 περὶ
2907 1846 3069 1901 αὐτὴν
3118 1847 3337 1915 νόμιμα.
3387 1847 3486 1896 Καὶ
3528 1847 3638 1915 περὶ
3666 1844 3702 1877 ¹¹
3727 1849 3810 1893 τῶν

2251 1930 2428 1985 Ἰνδῶν
2470 1942 2567 1983 τῶν
2607 1932 2796 1983 λευκῶν
2841 1936 2899 1983 τὸ
2946 1940 3118 2004 σῶμα.
3167 1932 3399 1994 Διάλεξις
3440 1935 3563 2004 πρὸς
3598 1934 3674 1982 τὸν
3705 1933 3812 2004 Πρί-

2255 2041 2375 2073 σκον
2410 2023 2652 2091 Χαγάνου
2683 2025 2799 2092 περὶ
2831 2017 3272 2093 ἀνδραποδισμοῦ
3303 2029 3399 2082 τῆς
3439 2022 3483 2056 ¹²
3530 2015 3809 2090 Σιγγιδόνος,

2250 2115 2340 2162 καὶ
2372 2109 2639 2180 ἀντιλογία
2671 2115 2904 2183 Πρίσκου
2950 2113 3080 2184 πρὸς
3121 2110 3298 2175 αὐτὸν,
3349 2115 3439 2162 καὶ
3485 2109 3667 2169 ὅπωςὸ
3705 2111 3812 2178 Πρί-

2254 2220 2379 2262 σκος
2409 2196 2693 2271 Σιγγιδόνα
2720 2200 2877 2259 σώζει
2906 2204 2999 2258 τὴν
3031 2199 3200 2254 πόλιν.
3232 2199 3375 2252 Ὀσα
3400 2219 3453 2252 τε
3482 2200 3612 2251 κατὰ
3634 2196 3813 2268 Δαλμα-

2253 2295 2369 2342 τίαν
2401 2293 2449 2341 oi
2479 2288 2741 2362 βάρϐαροι
2792 2284 3137 2361 διεπράξαντο
3183 2294 3275 2341 καὶ
3321 2288 3495 2350 πόλεις
3530 2286 3810 2360 ἐπόρθησαν,

2252 2381 2386 2439 ὅπως
2411 2398 2463 2430 τε
2494 2380 2518 2429 6
2551 2374 2827 2438 Γουνδουῖς
2855 2378 2901 2413 ¹³
2928 2382 3070 2453 παρὰ
3101 2382 3342 2453 Πρίσκου
3368 2376 3565 2438 σταλεὶς
3592 2377 3714 2428 κατὰ
3733 2380 3813 2427 τῶν

2252 2468 2298 2519 ἐν
2332 2468 2599 2539 Δαλματίᾳ
2630 2466 2907 2542 βαρϐάρων
2947 2468 3283 2541 ἠρίστευσεν.

2318 2556 2438 2609 Ὀτι
2484 2566 2555 2628 τῷ
2598 2552 3037 2627 ἐννεακαιδεκάτῳ
3095 2559 3194 2608 ἔτει
3250 2565 3342 2616 τῆς
3392 2554 3653 2628 βασιλείας
3687 2559 3818 2607 Μαυ-

2248 2650 2419 2720 ρικίου
2473 2648 2813 2720 προαγορεύει
2871 2650 3107 2717 μοναχός
3156 2664 3235 2705 τις
3287 2647 3373 2696 τόν
3420 2644 3574 2696 αὐτοῦ
3625 2644 3816 2694 θάνατον

2250 2741 2337 2787 καὶ
2384 2744 2482 2787 τῶν
2527 2740 2715 2787 τέκνων
2746 2734 2929 2804 ’ξίφος
2972 2736 3072 2807 γὰρ
3111 2738 3414 2805 γυμνώσας,
3460 2732 3557 2785 ἀπὸ
3606 2738 3689 2783 τοῦ
3734 2733 3816 2801 φό-

2248 2844 2340 2897 ρου
2373 2829 2535 2897 μέχρι
2566 2832 2662 2875 τῶν
2702 2822 2996 2897 προαυλίων
3045 2832 3143 2874 τῶν
3203 2821 3499 2897 ἀνακτόρων
3544 2816 3817 2891 διαδραμὼν

2249 2913 2403 2965 αὐτόν
2435 2932 2487 2965 τε
2518 2918 2805 2987 Μαυρίκιον
2850 2918 2937 2964 καὶ
2994 2914 3061 2964 τὰ
3090 2916 3241 2965 τέκνα
3292 2912 3422 2985 ξίφει
3470 2911 3691 2963 τεθνάναι
3715 2924 3815 2977 προι

2250 3008 2547 3075 ηγόρευσεν.
2595 3002 2750 3054 Ἀλλὰ
2797 3007 2885 3053 καὶ
2930 2997 3251 3073 Ἡρωδιανὸς
3297 3021 3380 3063 τις
3430 3000 3636 3071 ὀνόματι
3677 2998 3715 3031 ¹⁸
3758 3002 3817 3063 τῷ

2252 3091 2461 3164 βασιλεῖ
2492 3089 2657 3144 διεῖπε
2704 3094 2769 3142 τὰ
2818 3090 3211 3163 συμϐησόμενα.
3253 3096 3384 3165 Περὶ
3432 3097 3520 3142 τοῦ
3566 3085 3819 3159 συμϐάντος

492 3200 607 3239 nus
620 3180 974 3236 humanitate
988 3178 1553 3233 esurientiexercitui
1568 3179 1815 3250 quinque
1829 3180 2138 3235 dierumin-

2249 3182 2402 3252 λιμοῦ
2432 3183 2475 3215 ¹⁸
2505 3188 2609 3241 τοῖς
2658 3183 3038 3253 στρατεύμασι,
3090 3185 3180 3232 καὶ
3220 3182 3288 3241 ὡς
3338 3182 3364 3230 ό
3412 3178 3639 3250 Χαγάνος
3674 3192 3819 3247 παρα-

492 3269 701 3325 ducias
715 3266 1306 3339 concesserit,quibus
1323 3267 1553 3339 absque
1570 3274 1724 3321 metu
1742 3271 1813 3322 Ba
1824 3268 2137 3323 rbarorum

494 3362 865 3414 commeatus
883 3371 1246 3427 annonaque
1265 3355 1510 3412 ferretur
1528 3358 1825 3421 Romanis,
1862 3363 2039 3430 utque
2062 3359 2139 3412 vi-

495 3448 693 3504 cissim
713 3463 748 3500 a
778 3446 976 3499 Prisco
1008 3444 1181 3500 donis
1197 3445 1549 3510 honoratus,
1573 3446 1631 3499 in
1652 3446 1921 3517 proxima
1944 3448 2137 3519 Mysiae

492 3538 624 3593 loca
644 3536 1067 3591 discesserit.ln
1083 3535 1266 3607 Mysia
1280 3533 1523 3603 Chagan
1534 3550 1602 3588 us
1618 3550 1755 3589 cum
1770 3534 2138 3591 Comentiolo

498 3625 686 3696 signis
713 3625 939 3681 collatis
973 3623 1253 3694 conﬂixit,
1281 3623 1652 3696 perfidiaque
1671 3624 2015 3680 Comentioli
2035 3629 2140 3681 Ro-

494 3731 804 3772 manorum
821 3714 1130 3779 exercitus,
1150 3713 1317 3768 clade
1334 3721 1598 3785 accepta,
1615 3730 1807 3769 caesus
1822 3731 1858 3770 a
1871 3715 2141 3770 Barbaris

498 3812 602 3871 est,
634 3805 775 3873 fuga
802 3803 1033 3858 interim
1050 3802 1285 3873 dilapso
1305 3801 1672 3859 Comentiolo
1694 3820 1706 3858 :
1726 3819 1906 3875 quem
1934 3803 2006 3859 ad
2024 3806 2144 3858 Dri-

497 3894 756 3967 ziperam
792 3892 1000 3947 urbem
1029 3892 1139 3963 (32)
1168 3892 1428 3946 deletum
1469 3894 1651 3955 cives,
1678 3901 1737 3947 ut
1775 3892 2142 3961 transfugam

495 3984 817 4056 repellunt:
839 3997 1025 4054 quare
1040 3982 1174 4036 inde
1200 3981 1277 4036 ad
1295 3984 1488 4038 Muros
1510 3983 1733 4051 longos,
1749 3998 1901 4054 quos
1916 3987 2142 4047 vocant,

496 4074 588 4130 ille
621 4090 684 4129 se
713 4072 952 4144 recepit.
992 4071 1230 4126 Barbari
1266 4086 1445 4141 porro
1480 4071 2027 4142 poneinsequentes
2048 4071 2142 4125 Dri

496 4164 752 4235 ziperam
787 4163 1049 4232 capiunt,
1084 4166 1137 4215 et
1168 4160 1485 4215 Alexandri
1525 4162 1802 4233 martyris
1825 4162 2041 4231 templo
2065 4162 2147 4215 in-

499 4267 917 4320 censo,corpus
931 4265 1110 4319 capsa
1123 4250 1492 4305 extrahentes
1506 4250 1869 4305 contumeliis
1884 4249 2149 4305 afﬁciunt

499 4340 865 4409 (33).Verum
893 4337 1096 4391 divina
1126 4352 1265 4391 mox
1299 4337 1441 4393 ultio
1470 4338 1747 4409 martyris
1783 4343 1870 4393 est
1907 4338 2148 4395 violato-

499 4443 591 4485 res
622 4428 960 4480 consecuta.
993 4426 1226 4494 Septem
1260 4425 1418 4479 enim
1444 4426 1705 4495 Chagani
1736 4426 1838 4481 ﬁlii
1867 4444 1986 4483 una
2028 4429 2142 4493 die,

2251 3266 2385 3341 δόξω
2426 3270 2781 3345 φιλανθρωπίᾳ
2825 3272 3169 3341 πωθημέρους
3222 3266 3461 3331 σπονδὰς
3507 3274 3610 3327 τοῖς
3642 3264 3810 3334 λιμώτ-

2246 3380 2422 3413 τουσιν
2454 3362 2612 3425 ἔθετο,
2659 3362 2726 3420 ὡς
2757 3358 2815 3410 ἂν
2860 3361 2884 3411 6
2916 3361 3246 3430 ἐπισιτισμός
3290 3357 3395 3411 ἀπὸ
3441 3366 3537 3410 τῶν
3564 3352 3809 3429 βαρϐάρων

2245 3457 2347 3511 τοῖς
2375 3450 2643 3521 Ῥωμαίοις
2675 3446 2834 3511 ἀδεὴς
2864 3452 3033 3501 ἔσοιτο
3067 3466 3077 3477 ·
3113 3452 3200 3499 καὶ
3251 3451 3319 3509 ὡς
3366 3447 3626 3521 ἀρώμασιν
3656 3444 3695 3478 ¹⁶
3722 3441 3805 3492 ὑπὸ

2249 3544 2483 3613 Πρίσκου
2532 3539 2881 3611 φιλοτιμηθεὶς
2924 3537 3002 3589 ἐπὶ
3033 3539 3100 3589 τὰ
3126 3539 3263 3589 κατὰ
3290 3541 3503 3590 Μυσίαν
3553 3534 3805 3607 ἐχώρησεν.

2246 3627 2333 3691 Ὠς
2378 3628 2603 3699 συνῆψεν
2648 3630 2672 3678 ὁ
2722 3629 2956 3698 Χαγάνος
3000 3632 3114 3699 περὶ
3158 3631 3251 3684 τὴν
3297 3630 3509 3679 Μυσίαν
3564 3626 3679 3695 πρὸς
3724 3626 3811 3672 Ko-

2251 3718 2510 3791 μεντίολον
2542 3719 2742 3788 μάχην,
2791 3715 3031 3788 ἐπιϐουλῇ
3068 3712 3125 3768 δι
3171 3715 3515 3787 Κομεντιόλου
3555 3709 3811 3783 διαφθείρε-

2251 3828 2332 3860 ται
2395 3809 2494 3858 ὑπό
2552 3815 2650 3857 τῶν
2711 3804 2990 3879 βαρϐάρων
3044 3807 3101 3856 τὸ
3155 3803 3467 3875 Ῥωμαϊκόν.
3520 3807 3615 3856 Καὶ
3667 3801 3814 3870 φεύγει

2255 3895 2605 3969 Κομεντίολος,
2654 3898 2742 3946 καὶ
2790 3898 2918 3968 πρὸς
2971 3894 3255 3965 Δριζίπερα
3286 3894 3327 3928 ¹⁷
3366 3899 3460 3951 τὴν
3508 3890 3646 3945 πόλιν
3679 3904 3820 3957 παρα-

2252 3990 2472 4057 γίνεται,
2522 3990 2605 4035 καὶ
2650 3982 3011 4054 ἀποπέμπεται
3053 3991 3143 4043 τῆς
3186 3982 3381 4043 πόλεως
3424 3985 3492 4043 ὡς
3524 3980 3697 4053 φυγὰς,
3744 3976 3820 4026 καὶ

2254 4078 2383 4147 πρὸς
2428 4078 2493 4125 τὰ
2526 4075 2701 4145 μακρὰ
2742 4076 3080 4146 παραγίνεται
3132 4076 3309 4142 τείχη.
3364 4072 3432 4123 Οἱ
3481 4067 3538 4122 δε
3592 4064 3819 4141 βάρϐαροι

2255 4168 2471 4214 κατόπιν
2529 4162 2680 4221 ἰόντες
2736 4169 2937 4234 πρῶτον
3016 4162 3083 4212 τὰ
3142 4160 3428 4234 Δριζίπερα
3479 4161 3697 4232 αἱροῦσι,
3749 4154 3821 4202 καὶ

2256 4255 2340 4303 τὸν
2370 4247 2713 4323 Ἀλεξάνδρου
2750 4258 2839 4302 τοῦ
2880 4252 3138 4323 μάρτυρος
3188 4248 3548 4321 ἐμπρήσαντες
3592 4250 3719 4306 νεὼν,
3746 4241 3822 4291 καὶ

2256 4344 2313 4392 τὸ
2371 4349 2523 4411 σῶμα
2582 4348 2677 4401 τῆς
2736 4341 2899 4401 θήκης
2947 4338 3256 4414 ἔκσύραντες
3311 4336 3555 4410 ὕϐρισαν.
3614 4336 3731 4387 Θεία
3775 4324 3823 4414 δε

2258 4426 2379 4487 δίκη
2420 4428 2637 4500 μετῆλθε
2678 4430 2792 4487 τοὺς
2831 4413 3085 4499 ὑϐριστὰς
3126 4434 3216 4478 τοῦ
3271 4428 3536 4499 μάρτυρος
3570 4442 3581 4453 ·
3625 4423 3704 4494 [96
3744 4413 3820 4487 Ησ]

499 4515 813 4585 inguinum
835 4514 1047 4569 morbo
1061 4513 2069 4585 correpti,perierunt.Comentiolus
2084 4517 2138 4573 in

2259 4519 2384 4572 ἑπτὰ
2415 4521 2515 4593 γὰρ
2547 4513 2728 4577 παῖδες
2767 4524 2856 4569 τοῦ
2888 4518 3131 4586 Χαγάνον
3178 4518 3225 4567 ἔν
3275 4517 3448 4587 ἡμέρᾳ
3479 4519 3576 4586 μιᾷ
3614 4505 3822 4584 βουϐῶσι

500 4606 590 4661 his
613 4607 801 4661 turbis
829 4604 1336 4676 Constantinopoli
1368 4604 1566 4659 haeret.
1604 4604 1872 4660 Barbaris
1912 4605 2143 4661 interim

502 4694 577 4749 ad
591 4695 790 4751 Muros
807 4696 1008 4764 longos
1026 4693 1274 4765 propius
1297 4692 1736 4748 accedentibus.
1770 4693 1931 4749 Unde
1948 4698 2146 4750 tantus

2260 4608 2646 4681 περιληφθέντες
2694 4605 3050 4663 ἐτελεύτησαν.
3096 4603 3436 4673 Κομεντίολος
3482 4600 3540 4655 δε
3590 4601 3711 4673 μετὰ
3736 4602 3820 4647 τῶν

2261 4696 2485 4768 θορύϐων
2530 4692 2742 4767 ἐνδημεί
2788 4703 2849 4765 τῇ
2910 4692 3467 4756 Κωνσταντινουπό).ει,
3512 4693 3560 4743 οἱ
3607 4685 3662 4741 δε
3711 4683 3823 4756 βάρ-

1868 4811 2100 4865 VARUE
2143 4812 2537 4869 LECTIONES.

508 4923 513 4927 ’
576 4920 594 4951 ⁸
622 4922 720 4967 τῶν
762 4914 1079 4985 Ἐφθαλιτῶν
1124 4922 1221 4966 τῶν
1254 4910 1481 4966 ἆϐδελῶν
1508 4917 1625 4985 ἤτοι
1651 4922 1748 4965 τῶν
1782 4915 2090 4985 Ἐφταλιτῶν
2123 4924 2183 4971 Α.

503 4991 524 5025 ⁸
555 4987 733 5059 ’Ὁγωρ
768 4992 806 5039 Α
834 4984 850 5040 7:
886 4987 1129 5061 Ἀγὰρῄς,
1164 4985 1437 5061 Labbeus
1467 4984 1741 5061 Ἀϐοισγών
1768 4984 1861 5041 vel
1892 4987 2147 5061 Ἀϐάρων.

504 5064 523 5098 ³
558 5057 867 5134 ἀπείραστός
894 5079 949 5122 ς.
1022 5057 1098 5134 βο
1126 5057 1347 5128 μετάξης
1380 5078 1471 5134 ς’..Δ
1515 5058 1581 5134 _“
1612 5062 1699 5109 καὶ
1744 5060 1805 5109 τὰ
1836 5057 2051 5134 περὶ-λ.

504 5134 550 5168 ¹⁶
575 5125 728 5204 λιμοῦ
754 5146 905 5187 corr.
938 5134 977 5180 Α
1006 5150 1017 5181 :
1046 5125 1251 5199 λοιμοῦς
1283 5150 1343 5192 ς’.
1428 5129 1474 5163 ¹⁶
1504 5125 1808 5202 δωρήμασιν
1835 5125 2113 5203 scaliger.

2162 5062 2207 5096 ¹²
2240 5068 2333 5121 τῆς
2376 5066 2410 5111 Α
2447 5075 2458 5113 :
2492 5066 2580 5111 τοῦ
2616 5080 2668 5123 ς.

2196 5133 2238 5166 ¹⁷
2268 5132 2546 5205 Δριξίπερα
2574 5152 2627 5195 ς.
2659 5130 2741 5185 sic
2774 5134 2830 5184 et
2856 5128 3030 5185 infra.

2292 4919 2311 4951 ⁸
2342 4921 2431 4968 καὶ
2468 4914 2736 4975 δουλώσας
2775 4918 2833 4966 τὸ
2874 4916 3015 4976 ἔθνος
3058 4915 3101 4968 Α
3136 4930 3149 4966 :
3183 4916 3241 4964 τὸ
3272 4913 3413 4974 ἔθνος
3442 4908 3754 4964 ἐδουλώσατο
3778 4923 3826 4966 ς.

2299 4992 2504 5028 'I‘m’mnr
2628 4992 2644 5021 7
2676 4991 2869 5028 anm‘:
2907 5005 2967 5028 rn-
3088 4985 3107 5019 ε
3150 4988 3308 5028 Υηυνὶ
3339 4983 3464 5028 τῶνἸ
3501 4986 3742 5028 νουνιτῶν
3770 4980 3826 5028 Α.

2390 4992 2504 5025 ἰσυηρ
2628 4992 2644 5021 7
2676 4991 2869 5025 \Imwn‘:
2907 5005 2967 5025 n1-
3088 4986 3107 5019 ε
3150 4988 3305 5025 Υηυνῖ
3339 4986 3463 5025 τῆ»νῖ
3501 4986 3742 5025 νῆυνιτῶν
3770 4986 3827 5025 Α.

2255 4991 2274 5023 ⁸
2299 4992 2523 5059 Ταύγας.
2628 4992 2644 5021 ⁷
2676 4991 2873 5061 Νουκρὶ
2907 5005 2986 5040 στ.
3088 4985 3107 5019 ⁸
3150 4988 3309 5039 Χουνὶ
3339 4983 3465 5056 τῶν]
3498 4986 3742 5054 χουνιτῶν
3770 4983 3825 5028 Α.

2255 5068 2333 5121 τῆς
2376 5066 2410 5111 Α
2447 5075 2458 5113 :
2492 5066 2580 5111 τοῦ
2616 5080 2668 5123 ς.
2770 5061 2814 5093 ¹³
2846 5053 3136 5117 Γουνδούης
3164 5078 3218 5120 ς.
3326 5057 3371 5091 ¹⁴
3405 5054 3615 5123 ὀνόματι
3639 5048 3747 5107 add
3777 5051 3825 5098 Δ.

2084 5241 2309 5296 ΝΟΤιΕ.

575 5342 1151 5471 (27)ΝῘΟΘΕΠΟΓ..ῙῘῘ).
1178 5359 1329 5406 xvm.
1369 5357 1499 5424 cap.
1530 5346 1615 5400 30.

575 5417 691 5471 (28)
731 5417 809 5471 De
893 5433 939 5470 lS
961 5419 1142 5471 etiam
1161 5431 1343 5471 stmra
1370 5430 1429 5469 1n
1469 5416 1615 5469 Theo

574 5414 691 5489 (28‘)
731 5417 809 5471 De
848 5414 939 5489 bis
961 5415 1142 5471 etiam
1161 5431 1343 5489 supra
1370 5415 1429 5489 in
1469 5414 1825 5489 Theophane
1851 5416 2147 5486 Byzantio,

504 5495 562 5547 et.
588 5487 844 5559 'Procop.
876 5487 972 5543 lib.
1005 5487 1574 5559 1v,etiNicephor.l.
1610 5502 1761 5551 xvm,
1798 5502 1928 5556 cap.
1954 5491 2038 5559 3t».

575 5562 686 5633 (29)
718 5557 824 5633 T13];
854 5558 1095 5631 μετάξης.
1129 5557 1370 5633 Μέτοιξαν
1410 5558 1663 5633 sericum
1692 5573 1849 5633 esse
1899 5558 2150 5613 crudum

502 5628 772 5690 nondum
794 5628 1002 5696 lotum,
1021 5644 1206 5699 neque
1231 5631 1490 5693 tinctum,
1509 5628 1615 5683 sed
1642 5629 1921 5700 αὐτοφυὶςε
1948 5644 2014 5683 ex
2036 5644 2151 5700 qua

505 5706 858 5763 vestimenta
876 5702 1067 5759 serica
1084 5700 1472 5759 conficiantur
1488 5700 1704 5759 docent
1724 5700 2146 5773 lexicographi.

2257 5343 2399 5399 Vide
2433 5343 2675 5400 Suidam
2711 5356 2850 5397 voce
2878 5346 3029 5413 Σῆρες
3054 5344 3111 5395 et
3138 5343 3355 5413 Συρική.

2354 5419 2438 5495 g9}
2472 5415 2713 5495 l‘ficepb.
2750 5412 2850 5467 lib.
2884 5411 3045 5475 xvm,
3072 5427 3203 5482 cap.
3245 5411 3324 5465 l5.

2474 5486 2623 5612 lVbildie.
2652 5571 2785 5628 qua:
2806 5553 3138 5610 notavimus
3166 5567 3346 5624 supra
3365 5552 3439 5609 ad
3468 5548 3682 5619 ﬁbujus
3706 5554 3828 5597 auc-

2258 5632 2440 5771 tolle?)
2465 5698 2713 5772 Niceph.
2746 5697 2848 5756 lib.
2878 5712 3036 5763 xvni,
3066 5709 3199 5768 cap.
3232 5694 3322 5750 28.
