4046 6228
382 307 480 359 159

1612 304 1847 359 ΡΗΟἿῚΙ
1906 302 2392 358 PATRIARCH/E
2425 305 2525 361 CP.

3630 307 3728 360 160

380 428 560 484 modo
614 431 811 482 Petrus
842 430 1051 483 iterum
1084 428 1220 483 belli
1258 429 1381 483 dux
1442 428 1618 484 totius
1648 432 1918 500 Europae,
1953 426 2030 481 ab

2147 427 2525 501 αὐτοκράτορος
2575 432 2991 502 προχειρίζεται.
3028 431 3153 500 Περί
3197 446 3248 478 τε
3276 434 3367 479 τοῦ
3413 430 3580 499 γάμου
3614 427 3732 499 [τοῦ

378 518 740 589 imperatore
772 527 1004 573 creatus
1035 519 1123 572 sit.
1156 518 1311 588 32b
1349 520 1425 571 De
1456 517 1676 589 nuptiis
1715 516 2030 573 Theodosii

382 607 483 661 ﬁlii
514 608 769 661 Mauricii
803 608 942 677 (39),
975 614 1024 661 et
1055 607 1188 661 tiliae
1218 607 1516 661 Germani.
1564 608 1777 663 Urbem
1804 607 2030 675 regiam

383 698 540 751 i'ame
567 712 632 751 ea
650 696 1667 768 tempestatelaborasse;precesque
1693 701 1750 751 in
1776 695 2033 751 Ecclesia

382 784 664 840 fundente
696 786 991 850 Mauricio,
1027 786 1259 856 plebem
1284 801 1411 839 esse
1443 786 1867 841 tumultuatam
1897 785 2028 855 (40).

386 878 461 930 De
476 875 599 945 ejus
616 874 1053 930 mansuetudine
1068 891 1135 930 ac
1149 874 1781 946 lenitate,militumque
1795 873 2034 941 ablega-

381 966 537 1019 tione
564 978 583 1032 ;
603 972 778 1035 utque
794 963 1004 1019 eodem
1022 962 1138 1018 sint
1159 964 1253 1019 die
1278 965 1551 1020 revocati.
1574 968 1805 1019 Petrum
1830 964 1906 1019 ab
1922 964 2032 1017 Au-

384 1060 559 1124 gusto
591 1053 862 1115 missum,
899 1059 957 1108 ut
985 1054 1149 1109 omni
1171 1070 1280 1125 ope
1308 1059 1486 1125 atque
1509 1070 1686 1124 opere
1717 1052 2032 1108 Thracicas

382 1144 585 1213 copias
632 1143 707 1197 ad
740 1144 1075 1214 Oppositam
1136 1144 1263 1198 Istri
1316 1144 1508 1215 ripam
1541 1142 1845 1198 distineret
1874 1142 1987 1213 (4t)
2019 1159 2032 1209 ;

382 1232 574 1303 deque
605 1232 881 1287 divinitus
913 1235 1141 1287 Petrum
1193 1232 1529 1304 appellante
1580 1248 1744 1287 voce.
1795 1231 2031 1286 Tumul-

385 1325 646 1376 tuantem
679 1338 919 1376 rursum
952 1323 1010 1376 in
1043 1321 1251 1376 castris
1286 1322 1715 1387 Romanorum,
1744 1326 1801 1375 et
1829 1327 2035 1376 contra

384 1410 729 1465 Mauricium
759 1410 933 1465 factio
958 1410 1241 1475 instituta,
1261 1410 1443 1465 electo
1461 1410 1539 1465 ab
1558 1410 1859 1465 incondita
1889 1408 2034 1463 mul-

383 1499 636 1553 titudine
669 1499 866 1553 Phoca
921 1500 1055 1568 (42).
1112 1503 1308 1553 Petrus
1343 1499 1482 1569 fuga
1512 1499 1745 1553 interim
1779 1498 2033 1553 salutem

385 1589 619 1658 quaerit,
637 1594 693 1642 et
708 1587 1013 1642 seditionis
1027 1588 1515 1659 adimperatorem
1535 1604 1740 1642 rumor
1752 1587 2029 1642 defertur.

386 1677 551 1731 Plebs
582 1682 779 1731 autem
812 1694 847 1731 a
888 1678 1089 1745 Sergio
1117 1684 1291 1749 atque
1318 1678 1532 1731 Cosma
1563 1677 1818 1731 tribunis
1852 1676 2034 1747 plebis

2144 513 2359 588 παιδός]
2408 514 2698 569 Θεοδοσίου
2732 525 2821 569 τού
2868 514 3060 578 παιδὸς
3093 521 3384 588 Μαυρικίου
3416 516 3497 567 ἐπὶ
3540 525 3600 588 τῇ
3642 519 3735 568 θυ-

2141 612 2297 677 γατρὶ
2338 611 2616 679 Γερμανοῦ.
2655 612 2753 659 Καὶ
2797 611 2914 680 περὶ
2955 615 3048 665 τῆς
3098 601 3361 667 σιτοδείας
3404 614 3492 665 τῆς
3529 608 3739 676 γενομέ-

2142 714 2232 755 νης
2280 702 2339 767 τῇ
2394 692 2641 767 βασιλίδι
2674 704 2770 747 τῶν
2805 695 3017 763 πόλεων,
3050 700 3138 746 καὶ
3169 703 3265 755 τῆς
3311 692 3584 765 συμϐάσης
3617 693 3737 746 ἀταο

2144 783 2253 844 ξίας
2286 791 2383 833 τῶν
2418 780 2598 855 δήμων
2628 784 2974 845 λιτανεύοντος
3013 791 3103 835 τοῦ
3159 782 3433 855 βασιλέως,
3480 788 3569 834 καὶ
3617 786 3735 854 περὶ

2141 881 2232 933 τῆς
2286 876 2645 946 μακροθυμίας
2690 874 2869 939 αὐτοῦ,
2902 878 2989 925 καὶ
3038 871 3235 947 ἐξορίας
3276 881 3374 925 τῶν
3409 880 3737 940 στρατιωτῶν

2144 966 2231 1013 καὶ
2281 966 2601 1035 μονοημέρου
2647 960 2921 1016 ἐπανόδου.
2954 962 3130 1021 Ὀπως
3170 966 3458 1034 Μαυρίκιος
3506 959 3739 1013 ἐπέστελο

2143 1052 2194 1103 λε
2224 1052 2271 1086 ²⁸
2305 1057 2489 1125 Πέτρον
2521 1058 2673 1103 παντὶ
2699 1058 2870 1125 τρόπῳ
2901 1054 2989 1112 τὰς
3024 1058 3275 1126 Θρακῲας
3322 1050 3411 1122 [97
3449 1050 3540 1123 11.]
3578 1047 3743 1101 δυνά·-

2144 1161 2256 1212 μεις
2303 1141 2373 1203 εἰς
2416 1144 2474 1192 τὸ
2529 1141 2803 1215 ἀντιπέρας
2848 1149 2937 1193 τοῦ
2988 1140 3197 1213 Ἴστρου
3251 1137 3563 1212 διατρίϐειν,
3606 1141 3741 1199 ὅπως

2146 1250 2197 1282 τε
2247 1232 2355 1283 θεία
2404 1236 2716 1303 προσέπεσεν
2767 1231 2903 1302 ὀμφὴ
2953 1238 3021 1299 τῷ
3067 1234 3265 1304 Πέτρῳ.
3310 1234 3407 1282 Καὶ
3449 1231 3584 1288 ὅπως
3618 1229 3743 1280 στά-

2148 1338 2226 1379 σις
2282 1326 2396 1379 ταῖς
2445 1320 2757 1391 Ῥωμαῐκαίς
2796 1319 3081 1394 εἰσήρρησε
3102 1320 3150 1354 ²⁹
3200 1316 3477 1390 δυνάμεσι,
3512 1323 3604 1370 καὶ
3653 1337 3741 1369 τυ-

2143 1413 2312 1482 ραννὶς
2374 1414 2596 1467 συνέστη
2647 1412 2783 1460 κατά
2834 1416 2924 1460 τοῦ
3000 1409 3391 1481 αὐτοκράτορος,
3446 1413 3600 1460 Φωκᾶ
3653 1414 3742 1458 τοῦ

2145 1500 2392 1571 τυράννου
2436 1500 2534 1549 ὑπό
2580 1506 2671 1550 τοῦ
2716 1497 2941 1558 πλήθους
2992 1497 3381 1571 ἀναρρηθέντος·
3413 1496 3594 1556 Ὀπως
3621 1516 3674 1548 τε
3695 1500 3743 1533 ³ο

2147 1590 2318 1659 φεύγει
2350 1591 2558 1661 Πέτρος,
2588 1592 2675 1638 καὶ
2708 1589 2845 1649 ὅπως
2870 1589 2899 1644 ἠ
2931 1588 3118 1648 στάσις
3148 1584 3513 1657 διαγγέλλεται
3539 1595 3612 1655 τῷ
3644 1583 3743 1657 βαι

2149 1677 2295 1729 σιλεῖ.
2336 1682 2431 1729 Καὶ
2463 1679 2599 1737 ὅπως
2627 1681 2690 1728 τὰ
2716 1686 2896 1749 πρῶτα
2937 1672 3029 1729 die
3068 1685 3165 1727 τῶν
3198 1673 3493 1747 δημάρχων
3528 1680 3743 1749 Σεργίου

382 1766 645 1837 primum
676 1765 936 1831 incitata,
971 1768 1137 1821 novis
1169 1766 1402 1821 studere
1445 1767 1620 1821 rebus
1648 1767 1852 1837 incipit
1905 1787 1915 1830 ;
1952 1781 2035 1820 re-

2147 1772 2234 1818 καὶ
2277 1773 2463 1837 Κοσμᾶ
2494 1766 2916 1838 πολυπραγμονεῖ
2954 1770 3006 1817 τὸ
3049 1765 3244 1827 πλῆθος
3280 1774 3375 1816 τῶν
3417 1762 3627 1836 δήμων,
3658 1770 3747 1816 καὶ

386 1856 651 1925 pertique
701 1855 1076 1909 Prasinoruin
1128 1857 1283 1910 M.D.
1335 1858 1687 1910 Venetorum
1740 1871 1878 1909 vero
1930 1861 2036 1908 tre—

387 1943 538 1997 centi
582 1944 889 1998 duntaxat.
921 1945 1064 1999 Hinc
1119 1944 1359 2014 plebeiis
1413 1945 1689 1999 donativa
1729 1943 2037 1999 Mauricius

387 2032 658 2102 praebuit.
684 2034 1045 2103 Sequiturad
1072 2032 1495 2087 tumultuantes
1529 2034 1741 2087 milites
1768 2031 2035 2102 ejusdem

387 2121 623 2189 legatio,
655 2128 709 2175 et
732 2121 1044 2189 legationis
1067 2122 1305 2193 repulsa
1332 2126 1542 2193 ;utque
1573 2124 1796 2190 regiam
1828 2120 2035 2175 urbem

388 2210 664 2281 praesidio
696 2212 992 2266 munierit.
1024 2211 1320 2267 Exercitus
1344 2212 1421 2265 ad
1450 2211 1846 2266 Theodosium
1879 2210 2036 2265 Mau-

392 2300 515 2355 ricii
572 2301 629 2354 F.
664 2300 896 2372 legatio,
933 2301 1154 2371 ipsum,
1198 2307 1299 2356 aut
1326 2317 1597 2355 socerum
1624 2298 2034 2370 illius‘germa-

391 2405 535 2444 num
567 2388 698 2443 dari
769 2389 883 2445 sibi
924 2391 1348 2461 imperatorem
1393 2389 1720 2461 postulans.
1775 2389 1912 2459 Ejus
1957 2388 2038 2443 rei

389 2480 634 2534 nuntius
666 2480 737 2534 ad
789 2479 1043 2535 Mauricii
1077 2496 1251 2534 aures
1281 2480 1514 2545 accidit,
1547 2479 1803 2550 indeque
1836 2495 2039 2549 suspe—

388 2568 502 2623 ctio
531 2569 585 2622 in
611 2568 998 2632 Germanum,
1045 2574 1105 2623 ut
1139 2567 1471 2640 tyrannidis
1502 2574 1826 2623 auctorem.
1852 2569 2035 2631 Minae,

386 2657 811 2729 minarumque
840 2658 1088 2727 Augusti
1139 2659 1200 2712 in
1229 2656 1594 2712 Germanum
1629 2673 1731 2729 per
1769 2657 2039 2712 Theodo-

387 2746 541 2801 sium
600 2762 885 2815 generum
926 2747 1141 2802 delatio
1193 2751 1295 2801 :et
1342 2747 1613 2802 Germani
1668 2746 1726 2801 in
1777 2748 2037 2818 Deiparaa

388 2836 697 2907 templum,
734 2843 794 2891 ut
843 2837 900 2891 in
948 2835 1185 2908 asylum
1220 2836 1363 2907 fuga
1408 2838 1544 2909 (43).
1584 2838 1723 2891 Hinc
1757 2839 1961 2909 Cyros,
1986 2843 2039 2890 et

388 2925 723 2995 Stephanus
770 2925 1083 2980 eunuchus
1116 2926 1240 2996 (qui
1274 2926 1516 2981 Caesaris
1549 2926 1747 2979 liberis
1798 2941 2035 2979 morum

386 3014 695 3083 praefectus
738 3013 948 3085 fuerat)
980 3014 1055 3068 ad
1099 3015 1461 3069 Germanum
1498 3014 1681 3077 missi,
1728 3019 1789 3066 ut
1813 3013 2035 3083 templo

2146 1858 2440 1930 εὑρίσκεται
2495 1860 2764 1929 Πρασίνων
2817 1859 2905 1927 μὲν
2966 1853 3066 1927 αφ’,
3142 1858 3355 1907 Βενέτων
3411 1851 3469 1907 δὲ
3525 1854 3741 1905 ἐννακο-

2147 1950 2271 1998 σίων
2302 1948 2369 2009 ²¹,
2402 1950 2488 1996 καὶ
2534 1946 2665 2005 ὅπως
2714 1953 2817 2005 τοῖς
2869 1941 3179 2015 δημοτικοῖς
3209 1944 3256 1979 ³³
3288 1944 3582 2016 φιλοτιμίας
3620 1963 3747 2017 παρ-

2147 2039 2352 2104 έσχετο.
2390 2032 2645 2108 Πρεσϐεία
2670 2053 2722 2085 τε
2752 2040 2842 2085 τοῦ
2894 2033 3275 2105 αὐτοκράτορος
3320 2034 3450 2105 πρὸς
3497 2036 3592 2093 τὰς
3630 2049 3748 2083 στα-

2517 2120 2781 2193 δυνάμεις,
2843 2127 2931 2173 καὶ
2990 2120 3081 2194 [48
3135 2121 3226 2194 IL]
3293 2120 3597 2192 ἀποστροφή
3659 2129 3749 2180 τῆς

2146 2211 2443 2284 πρεσϐείας
2503 2214 2635 2272 ὅπως
2693 2231 2745 2263 τε
2795 2219 3126 2285 περιφρουρεῖ
3179 2216 3271 2268 τὴν
3331 2207 3599 2282 βασιλίδα
3652 2218 3748 2260 τῶν

2149 2124 2336 2183 σιειζού
2346 2143 2435 2182 σας

2149 2301 2364 2356 πόλεων.
2425 2300 2679 2372 Πρεσϐεία
2730 2320 2781 2352 τε
2838 2310 2937 2352 τῶν
2990 2302 3393 2373 στρατεσμάτων
3434 2303 3561 2373 πρὸς
3627 2306 3747 2351 Θεό·

2151 2386 2329 2442 δόσιον
2378 2394 2464 2442 τόν
2524 2394 2817 2462 Μαυρικίου
2872 2392 3003 2452 υἱόν,
3038 2388 3257 2451 ἀξιοῦσα
3296 2393 3326 2447 ἦ
3372 2388 3525 2440 αὐτὸν
3582 2392 3619 2446 ἧ
3669 2391 3749 2439 τόν

2148 2482 2385 2553 πενθερὸν
2430 2484 2685 2553 Γερμανόν
2732 2478 2955 2551 βασιλέα
3011 2488 3149 2551 σφῶν
3208 2478 3582 2552 ἀναρρηθῆναι.
3626 2485 3752 2530 Γνῶο

2152 2577 2229 2630 σίς
2272 2588 2325 2621 τε
2366 2572 2558 2620 τούτων
2615 2569 2683 2629 εἰς
2728 2574 3015 2639 Μαυρίκιον
3070 2566 3349 2639 ἀφιγμένη,
3389 2572 3477 2618 καὶ
3528 2568 3754 2619 ὑπόνοια

2150 2661 2220 2720 εἰς
2276 2662 2530 2731 Γερμανόν
2578 2659 2642 2718 ὡς
2695 2660 2857 2708 αἴτιον
2905 2666 3000 2718 τῆς
3040 2654 3367 2730 τυραννίδος,
3400 2662 3489 2707 καὶ
3538 2654 3750 2719 ἀπειλὴ,

2150 2753 2236 2799 καὶ
2269 2752 2493 2819 μήνυσις
2526 2756 2618 2808 τῆς
2666 2745 2948 2818 βασιλικῆς
2989 2744 3203 2806 ἀπειλῆς
3252 2742 3347 2798 διὰ
3377 2753 3465 2797 τοῦ
3502 2745 3747 2817 γαμϐρού

2150 2833 2459 2899 Θεοδοσίου,
2512 2840 2600 2887 καὶ
2654 2840 2927 2905 καταφυγὴ
2987 2840 3247 2907 Γερμανοϋ
3310 2838 3441 2906 πρὸς
3494 2838 3582 2885 τον
3634 2838 3753 2885 νεὼν

2146 2934 2235 2985 τῆς
2290 2930 2638 2995 Θεομητορος.
2685 2931 2796 2975 Τῶν
2830 2926 3000 2998 Κύρου
3030 2929 3119 2975 καὶ
3151 2925 3401 2995 Στεφάνου
3449 2930 3538 2974 τοῦ
3583 2923 3754 2974 εὐνού-

2145 3035 2248 3085 χου
2283 3016 2348 3075 ³³,
2394 3016 2442 3074 ὃς
2491 3012 2765 3085 ἐπίτροπος
2818 3012 3054 3064 ἐτέτακτο
3106 3020 3215 3074 τοίς
3279 3011 3533 3084 βασιλέως
3573 3015 3750 3077 παισὶ,

386 3101 791 3169 digrederetur
823 3120 835 3165 ;
870 3103 972 3155 sed
993 3102 1156 3155 irrita
1174 3102 1383 3171 legatio
1406 3101 1535 3156 fuit.
1560 3101 1832 3156 Fastibus
1847 3118 2035 3155 caesus

2148 3107 2271 3178 πρὸς
2318 3106 2571 3174 Γερμανὸν
2623 3102 2886 3160 ἀποστολὴ
2944 3102 3009 3162 εἰς
3062 3106 3120 3153 τὸ
3179 3101 3391 3164 ἕξελθείν
3446 3100 3605 3152 αὐτὸν
3661 3107 3752 3152 τοῦ

385 3189 754 3243 Theodosius
782 3205 818 3243 o
849 3194 1093 3260 parente
1126 3189 1426 3258 Mauricio,
1455 3189 1620 3260 quod
1654 3205 1861 3244 socero
1890 3205 2033 3244 suas

387 3277 580 3330 minas
612 3276 953 3332 indicasset.
989 3279 1261 3332 Germani
1296 3277 1567 3350 etemplo
1598 3279 1655 3331 Β.
1688 3278 1935 3346 Virginis
1960 3281 2035 3333 ad

386 3365 623 3420 Sanctia
658 3365 894 3436 Sophiaa
927 3367 1229 3434 transitus,
1257 3372 1315 3420 et
1342 3368 1568 3431 iterata,
1592 3374 1652 3421 ut
1682 3368 1817 3422 inde
1849 3368 2035 3435 digre-

386 3453 605 3519 diatur,
626 3454 914 3520 hortatio;
940 3456 1044 3509 sed
1063 3472 1184 3527 qua
1202 3455 1347 3509 nihil
1368 3456 1781 3527 persuadetur,
1805 3456 2039 3511 Andrea

385 3542 653 3612 quodam
681 3558 991 3611 egressum
1014 3544 1416 3607 dissuadente,
1435 3545 1579 3599 dum
1608 3546 1885 3617 precandi
1910 3563 2041 3616 gra-

386 3631 466 3686 tia
499 3632 785 3704 templum
828 3632 1165 3704 frequentat
1192 3634 1324 3705 (44).
1349 3635 1555 3688 Turbae
1580 3638 1810 3699 iterum,
1845 3635 2041 3689 incen-

386 3719 675 3792 diumque
736 3722 988 3777 Urbanus
1050 3721 1270 3777 domus
1324 3723 1712 3788 Constantini,
1789 3726 2039 3795 patricii,

385 3825 567 3881 quem
601 3811 836 3881 Lardyn
866 3811 1044 3879 vulgo
1078 3810 1597 3879 cognominabant
1627 3813 1761 3883 (45).
1786 3815 2044 3870 Mauricii

386 3900 658 3955 aestuatio
692 3917 761 3955 ac
787 3900 930 3970 fuga
956 3906 1137 3972 utque
1169 3907 1373 3957 exorta
1398 3902 1576 3957 maris
1602 3910 1923 3974 tempestas
1945 3905 2030 3959 fu-

386 4004 524 4059 gam
540 3990 656 4062 ipsi
673 3992 1029 4046 interciderit
1045 3991 1181 4062 (46).
1203 3990 1511 4047 Theodosii
1532 3992 1720 4048 ﬁliiad
1743 3994 2039 4048 ChOsroen

384 4080 612 4147 missio,
646 4080 1035 4152 reductioque
1068 4081 1262 4136 Nicaea
1292 4097 1363 4135 ex
1388 4081 1608 4137 indicio
1640 4083 1839 4137 annuli
1863 4084 2040 4155 33a,

386 4184 567 4240 quem
598 4170 720 4224 tilio
756 4186 975 4241 parens
1011 4169 1324 4224 Mauricius
1356 4170 1505 4241 signi
1527 4178 1881 4242 tesserasque
1911 4174 2042 4228 loco

388 4258 730 4311 tradiderat.
766 4258 1136 4312 Urbanorum
1167 4258 1242 4313 ad
1278 4265 1620 4329 tyrannum,
1656 4260 1713 4314 in
1738 4262 1958 4331 quibus
1985 4269 2043 4318 et

389 4344 774 4398 Hebdomites
802 4349 943 4410 erat,
978 4361 1324 4399 concursus.
1350 4347 1674 4415 Imperium
1716 4352 2041 4407 Germanus

2144 3189 2267 3244 ναοῦ
2297 3212 2385 3244 και
2436 3190 2683 3263 ἀπραξία·
2715 3197 2803 3242 καὶ
2833 3193 2862 3249 ἡ
2895 3187 2987 3243 διὰ
3021 3188 3231 3265 ῥάϐδων
3260 3194 3599 3262 μαστίγωσις
3632 3198 3755 3243 Θεο-

2148 3279 2330 3334 δοσίου
2363 3290 2452 3332 του
2484 3280 2677 3341 παιδὸς
2703 3283 2803 3332 ὑπὸ
2841 3288 2931 3332 τοῦ
2964 3284 3160 3354 πατρὸς
3191 3282 3334 3332 ἕνεκα
3364 3288 3455 3340 τῆς
3494 3282 3625 3352 πρὸς
3668 3281 3752 3330 τὸν

2147 3375 2381 3445 πενθερὸν
2454 3372 2875 3440 καταμηνύσεως.
2951 3374 3050 3422 Καὶ
3115 3373 3499 3441 μεταφοίτησις
3557 3374 3755 3439 Γερμα-

2146 3471 2233 3512 νου
2288 3460 2386 3511 ἀπὸ
2429 3468 2518 3511 τοῦ
2562 3465 2653 3510 νεώ
2692 3468 2787 3520 τῆς
2836 3462 3161 3531 Θεομήτορος
3191 3457 3273 3509 ἐπὶ
3319 3462 3410 3515 τὴν
3464 3457 3623 3527 ἁγίαν
3669 3464 3754 3509 Σο·

2150 3556 2287 3623 φίαν,
2350 3554 2434 3601 καὶ
2485 3548 2638 3599 πάλιν
2710 3547 3038 3619 πρόσκλησις
3104 3546 3186 3598 ἐπὶ
3258 3549 3314 3597 τό
3368 3545 3606 3613 ἐξελθεῖν,
3667 3551 3751 3597 καὶ

2151 3638 2403 3701 ἀπείθεια,
2457 3633 2677 3710 Ἀνδρέα
2728 3639 2773 3671 ³⁸
2831 3640 2964 3696 τινὸς
3012 3645 3249 3706 συνεχῶς
3302 3644 3579 3707 φοιτῶντος
3641 3642 3752 3696 ταῖς

2149 3727 2425 3789 λιτανείαις
2475 3731 2565 3783 τὴν
2617 3723 2793 3788 ἐξοδον
2843 3725 3210 3785 κεκωλυκότος.
3269 3724 3499 3797 Θόρυϐοί
3551 3743 3608 3776 τε
3664 3729 3750 3776 καὶ

2153 3816 2461 3889 ἐμπρησμὸς
2503 3824 2596 3876 τῆς
2652 3817 2785 3866 κατά
2837 3818 2931 3871 τήν
2977 3814 3121 3866 πόλιν
3154 3813 3322 3874 οἰκίας
3357 3818 3749 3866 Κωνσταντίνου

2154 3914 2242 3957 τοῦ
2288 3910 2583 3977 πατρικὶου,
2618 3905 2669 3954 ὃν
2723 3899 2935 3976 Λαρδῦν
2967 3905 3013 3938 ³⁵
3040 3901 3269 3954 ἐπεκάλει
3321 3904 3386 3952 τά
3434 3901 3631 3959 πλῆθεν
3666 3906 3753 3953 καὶ

2152 3994 2345 4066 ἀπορία
2409 3998 2698 4066 Μαυρικίου
2751 3996 2840 4042 καὶ
2895 3988 3210 4066 ἀποδρασις.
3265 3990 3437 4051 Ὀπως
3490 3988 3752 4050 κλύδωνος

2151 4089 2415 4154 γεγονότος
2470 4085 2691 4152 ἐγκοπὴν
2750 4083 2877 4153 πρὸς
2938 4085 3029 4137 την
3091 4077 3386 4154 ἀπόδρασιν
3474 4079 3749 4151 λαμϐάνει.

2153 4174 2253 4226 Καὶ
2299 4171 2558 4229 ἀποστολὴ
2618 4167 2908 4223 Θεοδοσίου
2948 4178 3037 4221 τοῦ
3074 4166 3263 4231 παιδὸς
3303 4174 3433 4242 πρὸς
3482 4176 3748 4242 Χοσρόην,

2152 4268 2238 4314 καὶ
2286 4264 2585 4332 ὑποστροφὴ
2649 4260 2798 4311 πάλιν
2850 4258 2949 4310 ἀπὸ
2998 4264 3222 4319 Νικαίας
3261 4266 3322 4330 τῇ
3362 4255 3614 4319 ἐπιδείξει
3662 4267 3751 4311 τοῦ

2152 4350 2453 4412 δακτυλίου,
2487 4352 2511 4401 ὃ
2546 4346 2604 4406 ἧν
2636 4348 2701 4408 εἰς
2750 4350 2991 4420 σύνθημα
3037 4356 3107 4417 τῷ
3141 4344 3295 4399 παιδὶ
3332 4350 3471 4422 παρὰ
3516 4357 3610 4399 τοῦ
3658 4368 3753 4399 πα-

392 4431 687 4486 ιιῘΪθοῐεωει
738 4437 875 4487 voto
904 4432 1139 4496 excidit,
1174 4434 1430 4488 Prasinis
1459 4451 1518 4488 se
1571 4452 1707 4490 eum
1737 4446 2035 4495 creaturos

2150 4444 2264 4511 τρὸς
2318 4440 2550 4496 ποιηθέν.
2600 4443 2781 4498 ⁸Ὀπως
2824 4456 2878 4488 τε
2934 4439 3056 4507 πρὸς
3114 4439 3199 4487 τὸν
3254 4439 3496 4507 τυραννον
3552 4437 3603 4487 οἱ
3664 4444 3752 4488 τοῦ

390 4520 811 4592 imperatorem
829 4520 1209 4589 negantibus,
1226 4523 1409 4593 quod,
1431 4530 1491 4577 ut
1507 4524 1617 4594 ipsi
1635 4525 2035 4593 afﬁrmabant,

386 4608 731 4667 factionibus
752 4612 1257 4667 essetVenetorum
1273 4612 1405 4682 (47).
1424 4615 1573 4683 Ergo
1588 4613 1816 4670 Phocas
1830 4616 2038 4672 deinde

386 4698 445 4754 in
463 4701 686 4774 templo
706 4701 1051 4766 B.Joannis,
1077 4701 1242 4773 quod
1266 4707 1352 4757 est
1378 4701 1437 4757 in
1462 4702 1744 4774 Septimo,
1782 4704 2039 4778 impera-

2679 4523 2701 4541 ν

2149 4532 2341 4588 ἄστεως
2373 4531 2439 4589 ³⁸,
2470 4525 2517 4577 ἐν
2568 4526 2643 4587 οἷς
2674 4523 2733 4583 ἦν
2766 4527 2811 4560 ³⁷
2839 4530 2927 4576 καὶ
2958 4526 2982 4576 ὁ
3034 4521 3316 4595 Ἐδομίτης
3367 4525 3434 4589 ³⁸,
3466 4532 3754 4598 προσεχώ-

2148 4617 2534 4693 ρησαν.Ὃπως
2579 4634 2629 4667 τε
2681 4619 2937 4689 Γερμανὸς
2985 4614 3390 4674 κατασκευάζων
3441 4614 3608 4684 ἐαυτῷ
3660 4620 3753 4673 τὴν

2152 4707 2421 4781 βασιλείαν
2497 4704 2875 4777 ἀποτυγχάνει,
2923 4712 3021 4755 τῶν
3076 4708 3348 4777 ΙῙρασίνων
3428 4703 3752 4756 ἀπειπόντων

1725 4838 1955 4894 VARLE
1996 4838 2392 4896 LECTIONES.

1372 4959 1418 4993 ³ο
1446 4978 1499 5011 τι
1530 4960 1670 5015 add.
1706 4968 1765 5017 Δ.

1384 5030 1698 5103 ³⁴ξᾼυδρέου
1732 5056 1785 5098 ς,

869 5101 914 5136 sa
943 5099 1217 5171 Ἐδὸμίτης
1245 5105 1284 5153 Α
1319 5118 1331 5155 :
1363 5099 1678 5175 Ἑϐδομῆτης
1712 5126 1763 5169 ς’.

450 4953 491 4993 ³⁸
520 4954 719 5027 ,ἔστελλε
748 4977 801 5019 ς.
879 4958 919 4991 ’θ
946 4956 1206 5027 εἰσείρησε
1238 4978 1293 5021 ς.

466 5026 803 5101 ,εὐνούχουΑ
830 5046 842 5083 :
877 5026 1181 5101 ἡμιάρῥενος
1215 5049 1268 5091 ς.

386 5096 431 5131 ³⁷
454 5099 516 5156 ἦν
548 5096 689 5156 add.
723 5100 787 5153 A.

1844 4964 1887 5000 ³¹
1918 4962 2248 5036 ἐννακοσίων]
2280 4963 2323 5015 τ’
2351 4986 2402 5028 ς.

1900 5036 1946 5070 ³⁵
1995 5031 2295 5110 Λάρδυνξν.
2331 5034 2463 5089 vide
2496 5033 2715 5091 Anced.
2750 5031 2954 5090 nostra
3001 5049 3065 5105 p.
3111 5032 3265 5089 “95.

2485 4965 2525 4997 ³⁸
2554 4968 2661 5023 τοῖς
2688 4959 2994 5033 δημοτικοῖς
3022 4967 3060 5013 Α
3097 4980 3109 5016 :
3138 4969 3232 5022 τῆς
3263 4958 3659 5035 δημιουργικῆς
3692 4984 3751 5026 ς.

2503 5033 2691 5069 Anima
2750 5040 2947 5069 “nam
3001 5049 3040 5069 τι
3111 5032 3245 5069 uo:
3382 5036 3429 5069 ει
3460 5035 3651 5069 5......
3684 5056 3720 5069 .-

3382 5036 3429 5069 3“
3460 5035 3651 5096 ἄστεος
3684 5056 3743 5097 ς.

1947 5230 2168 5287 ΝΟΤΕ.

481 5425 572 5493 40)
598 5424 741 5479 Ibid.
787 5439 915 5495 cap.
951 5427 1037 5478 38.

480 5496 566 5565 41)
608 5493 1175 5576 Ιῖξοθρῂξοὶπὶειυη]
1208 5498 1405 5576 ipsum
1473 5497 1530 5553 in
1572 5498 1797 5576 somnis
1848 5513 2034 5569 appa-

384 5566 601 5640 ruisse,
629 5567 1092 5640 Mauriciuinque
1125 5566 1460 5640 appellasse
1502 5574 1715 5625 narrat.

455 5635 571 5784 £42)
603 5638 845 5720 Niceph.
868 5638 981 5720 lib.
1002 5635 1179 5707 κνιίιξ
1206 5635 1340 5713 oap.
1380 5643 1467 5697 39.

478 5711 545 5766 t3
594 5709 836 5783 Niceph.
863 5707 1007 5767 ibid.

456 5350 568 5561 339)
607 5351 850 5423 Niceph.
877 5349 981 5408 lib.
1014 5368 1170 5420 xvni,
1204 5371 1333 5426 cap.
1372 5359 1459 5412 37.

481 5425 572 5493 40)
598 5424 741 5479 Ibid.
787 5439 915 5495 cap.
951 5427 1037 5478 38.

480 5496 566 5561 41)
608 5496 847 5561 Niceph.
883 5493 1175 5551 Christum
1208 5498 1405 5561 ipsum

478 5707 569 5783 ιε)
594 5707 836 5783 Niceph.
863 5707 1007 5767 ibid.

2243 5355 2334 5423 44)
2366 5354 2511 5410 Ibid.

2242 5427 2333 5496 ιε)
2366 5426 2511 5480 Ibid.
2543 5440 2669 5496 cap.
2694 5428 2782 5481 ιο.

2242 5498 2332 5561 46)
2349 5495 2869 5570 Podagraquoque
2882 5495 3117 5552 dolores
3130 5495 3522 5566 Nicephorad
3528 5497 3635 5568 jun
3645 5498 3750 5570 git.

2223 5570 2334 5639 (In)
2368 5569 2599 5640 Niceph.
2628 5568 2773 5625 ibid.
