4046 6228
63 49 199 119 ιιι-τ

195 293 269 349 161

1299 285 1788 345 BIBLIOTHECA.
1830 319 1898 330 —
1939 289 2101 344 COD.
2145 289 2306 346 LXV.

3377 290 3478 344 162

193 423 262 475 τὴν
299 413 552 488 ἀνάρρησιν
600 409 693 465 διὰ
745 416 804 464 τὸ
858 419 952 472 τῆς
1005 414 1249 486 αἱρέσεως
1298 413 1452 463 αύτόν
1485 410 1630 477 εἶναι,
1660 416 1728 474 ὡς

1854 429 1928 468 .or
1946 413 2589 484 renuntiatur,Cyriaco
2605 412 2779 481 regias
2800 412 2962 467 urbis
2985 413 3323 484 patriarcha
3343 414 3476 484 (48),

192 508 330 560 ἐκεῖνοι
377 508 607 575 ἔφασκον,
660 511 758 554 τῶν
810 507 1048 554 Βενέτων.
1106 504 1228 554 Εἶτα
1285 501 1621 575 ἀναγόρευσις
1677 502 1726 553 ἐν

190 606 242 665 τῷ
261 603 344 663 ναῷ
381 600 466 644 τοῦ
495 591 646 660 ἁγίου
679 594 919 644 Ἰωάννου
965 591 1013 642 ἐν
1063 600 1131 661 τῷ
1158 587 1395 662 Ἑϐδόμῳ
1429 599 1516 642 τού
1543 597 1720 644 Φωκᾶ’

192 687 397 756 lactus;
440 679 496 733 δε
541 691 836 738 τηνικαύτα
882 685 1003 742 τούς
1040 688 1129 740 τῆς
1169 676 1452 751 βασιλίδος
1483 679 1727 753 ἀρχιερα-

187 778 320 832 τικούς
367 770 715 844 ἐγκεχείριστο
770 774 976 840 νόμους.
1028 765 1251 830 Εἶσοδός
1305 787 1358 819 τε
1409 774 1564 821 Φωκᾶ
1603 772 1733 842 πρὸς

188 866 233 911 τὰ
265 859 505 932 βασίλεια,
560 864 651 911 καὶ
708 857 1000 932 ἀνάῤῥησις
1050 862 1292 917 Λεοντίας
1343 865 1433 917 τῆς
1487 861 1733 928 γυναικὸς

185 957 319 1004 Maii.
349 955 437 1002 Καὶ
482 952 600 1019 περὶ
653 953 747 1006 τὴν
778 949 825 982 ³⁸
856 947 1024 1000 τόπων
1070 949 1258 998 στάσιν
1306 953 1403 998 τῶν
1435 942 1733 1019 δημάρχων

185 1041 279 1110 ἔρις,
307 1042 383 1088 καὶ
427 1037 660 1107 ὠθισμὸς
716 1043 906 1108 Κοσμᾶ
950 1043 1038 1088 τοῦ
1070 1031 1359 1107 δημάρχου
1392 1044 1489 1086 τῶν
1522 1040 1733 1086 Βενέτων

181 1129 255 1178 ὑπὸ
295 1121 649 1198 Ἀλεξάνδρου,
683 1131 772 1177 καὶ
829 1124 980 1199 ὕϐρις
1029 1125 1100 1186 εἰς
1151 1120 1492 1196 Ἀλέξανδρον
1524 1127 1592 1177 ⁸ο.
1637 1129 1735 1176 Καὶ

178 1221 315 1286 μνήμη
343 1219 652 1286 Μαυρικίου,
682 1217 752 1274 ὡς
794 1214 890 1266 ούκ
935 1215 1174 1277 ἀπέθανε,
1206 1218 1296 1264 καὶ
1337 1210 1430 1264 διὰ
1465 1219 1616 1264 τούτο
1645 1221 1736 1264 τοῦ

175 1307 379 1374 τυράννου
405 1307 528 1376 πρὸς
556 1307 647 1354 τὸν
680 1310 833 1375 φόνον
868 1310 969 1354 τοῦ
998 1301 1251 1374 βασιλέως
1281 1300 1474 1372 μᾶλλον
1500 1303 1542 1336 ⁴¹
1577 1303 1734 1374 όρμὴ.

173 1394 415 1464 Ἀναιρεσίς
445 1411 496 1445 τε
533 1401 637 1444 τῶν
685 1401 778 1444 τοῦ
850 1390 1108 1460 βασιλέως
1156 1387 1361 1442 παίδων
1400 1389 1611 1442 ἐνωπιον
1649 1398 1738 1442 τοῦ

174 1486 324 1554 πατρὸς
363 1481 408 1532 έν
460 1489 568 1541 τοῖς
624 1481 935 1554 Εύτροπίου,
973 1485 1066 1532 καὶ
1123 1479 1402 1552 φιλοσοφία
1446 1485 1534 1532 καὶ
1580 1481 1741 1552 εὐχα-

171 1576 315 1641 ριστία
357 1578 440 1622 τοῦ
489 1568 774 1642 βασιλέως,
816 1575 906 1622 καὶ
964 1569 1124 1622 αὐτοῦ
1171 1568 1362 1622 ἐκείνου
1417 1565 1511 1622 διὰ
1553 1568 1736 1621 Λιλίου

183 1658 419 1731 ἀναίρεσις.
475 1663 576 1711 Καὶ
621 1663 740 1730 περὶ
798 1665 893 1718 τῆς
944 1658 1028 1710 ἰπὶ
1079 1656 1383 1730 Ἡρακλείου
1441 1665 1534 1709 τοῦ
1580 1656 1739 1730 βασι-

1838 503 2038 557 Phocae
2071 502 2130 556 in
2163 502 2388 571 regiam
2420 503 2739 570 ingressus.
2773 508 2827 556 et
2857 502 3114 558 Leontina
3161 505 3289 571 ejus
3338 518 3480 558 uxo-

1838 593 1936 658 ris,
1958 598 2020 646 ut
2065 596 2336 660 augusta:
2381 591 2796 646 consalutatio.
2843 591 3241 646 Tribunorum
3291 591 3480 661 plebis

1839 681 2048 750 ingens
2080 687 2204 736 tum
2239 681 2311 734 de
2365 680 2634 736 locorum
2675 680 2927 735 statione
2961 683 3257 736 contentio
3301 687 3481 752 atque

1839 769 2160 824 altercatio.
2195 772 2422 825 Cosmaa
2451 770 2628 839 partis
2647 770 2883 824 Venetas
2913 769 3132 824 tribuni
3163 769 3354 841 plebis
3403 769 3482 824 ab

1839 857 2173 914 Alexandro
2198 859 2582 930 propulsatio.
2614 864 2670 913 et
2693 858 2910 928 injecta
2939 859 3177 924 mentio,
3212 859 3483 914 nondum

1840 947 2030 1003 obiise
2052 947 2418 1004 Mauricium.
2447 949 2575 1012 Quo
2598 946 2846 1012 factum,
2872 952 2930 1002 ut
2957 947 3183 1019 impetu
3215 947 3485 1019 quodam

1841 1035 1916 1091 ad
1937 1036 2309 1108 imperatoris
2325 1035 2551 1090 caadem
2573 1036 2841 1107 tyrannis
2859 1052 2919 1091 se
2936 1036 3309 1108 proripuerit.
3333 1037 3486 1094 Hinc

1843 1127 2032 1180 caedes
2063 1124 2379 1180 liberorum
2412 1125 2658 1193 Augusti
2683 1123 2739 1178 in
2772 1125 3033 1195 parentis
3059 1125 3242 1180 oculis
3270 1125 3347 1179 ad
3379 1127 3489 1180 Eu-

1843 1213 2018 1286 tropii
2078 1215 2210 1286 (49).
2271 1212 2465 1268 Animi
2519 1213 2813 1284 sapientia
2865 1213 3134 1278 Caesaris,
3185 1213 3328 1268 actis
3373 1217 3490 1269 Deo

1846 1304 2050 1374 gratiis
2083 1321 2103 1368 ;
2133 1310 2311 1374 utque
2339 1320 2370 1356 a
2396 1302 2535 1357 Lilio
2558 1319 2880 1373 percussus
2907 1303 3129 1357 obierit.
3163 1303 3398 1372 Legitur
3436 1310 3492 1359 et

1848 1397 2258 1450 testamentum
2272 1390 2534 1446 Mauricii
2550 1390 2814 1446 Heraclio
2826 1393 3149 1460 imperante
3163 1392 3491 1448 inventum.

1847 1481 2158 1548 Quomodo
2188 1481 2351 1550 regia
2375 1495 2629 1551 corpora
2669 1481 2914 1535 marinis
2946 1481 3267 1537 commissa
3304 1479 3494 1536 ﬂucti-

1847 1571 1954 1627 bus
1988 1587 2002 1637 ;
2034 1577 2091 1626 et
2120 1588 2148 1624 e
2171 1569 2504 1626 funebrisin
2528 1569 2869 1624 Mauricium
2905 1569 3382 1642 laudatio,utque
3407 1569 3495 1624 di-

1845 1661 1996 1716 vinas
2043 1660 2264 1730 judicio
2317 1657 2698 1730 providentiae
2764 1658 2898 1729 (50),
2961 1659 3212 1714 Romani
3255 1659 3491 1722 milites,

181 1749 277 1810 λέως
313 1749 605 1816 εὑρεθείσης
650 1745 910 1808 διαθήκης
938 1752 1230 1820 Μαυρικίου
1285 1755 1376 1799 τοῦ
1427 1747 1733 1820 αὐτοκράτο-

1854 1765 2217 1820 eorumque:
2243 1748 2301 1802 in
2335 1746 2679 1803 Mauricium
2697 1745 2989 1818 ﬂagitiose
3018 1754 3348 1819 patrarunt,
3371 1764 3495 1818 pte-

184 1856 252 1906 ρος
275 1839 333 1890 ⁸³.
362 1836 536 1899 Ὀπως
562 1855 622 1889 τε
651 1841 717 1889 τὰ
747 1844 968 1908 σώματα
993 1844 1090 1888 τῶν
1121 1834 1380 1908 βασιλέων
1423 1845 1492 1906 τῷ
1547 1835 1738 1888 θαλατ-

177 1931 250 1996 τίῳ
292 1928 437 2000 ῥοθίῳ
478 1923 880 1998 παρεδόθησαν.
937 1927 1235 1997 Ἐπιτάφιος
1287 1944 1340 1977 τε
1401 1925 1473 1986 εἰς
1529 1931 1737 2000 Μαυρί-

177 2033 280 2065 κιον·
314 2021 396 2068 καὶ
442 2017 585 2077 ὅπως
631 2020 720 2076 τὰς
781 2013 1071 2075 ἀντιδόσεις
1117 2023 1216 2066 τῶν
1270 2017 1734 2088 παρανομηθέντων

169 2105 314 2166 dmi;
364 2105 429 2167 εἰς
482 2110 782 2178 Μαυρίκιον
844 2107 898 2157 αἱ
948 2104 1232 2176 Ῥώμαίκαὶ
1277 2100 1526 2174 δυνάμεις
1564 2108 1736 2174 κρίσει

171 2200 370 2265 προνοίας
419 2196 559 2256 θείας
607 2193 915 2265 ἐλάμϐανον,
940 2196 1012 2254 ὡς
1047 2192 1094 2244 έν
1145 2192 1299 2264 ὀλίγῳ
1328 2200 1505 2267 χρόνῳ
1535 2190 1737 2264 μηδένα

167 2290 240 2333 τῶν
264 2285 675 2341 κοινωνησάντων
716 2293 813 2345 τῆς
863 2278 1166 2354 τυραννίδος
1205 2280 1260 2334 έκ
1313 2284 1566 2333 τοσούτου
1609 2281 1737 2339 πλή-

171 2373 264 2430 θους
307 2373 698 2442 ὑπολειφθῆναι,
758 2371 884 2442 [100
913 2370 1000 2442 Β.]
1059 2369 1164 2421 ἀλλ’
1213 2371 1262 2421 οἱ
1307 2373 1397 2441 μὲν
1455 2369 1636 2441 λοιμῷ,
1689 2373 1738 2422 οἱ

171 2454 213 2509 δε
244 2463 352 2530 πυρὶ
393 2460 636 2530 οὐρανίῳ,
672 2461 721 2512 οἱ
772 2457 831 2512 δε
879 2464 969 2511 καὶ
1003 2465 1224 2530 στόματι
1258 2455 1617 2532 διεφθάρησαν
1641 2477 1739 2530 μα-

168 2555 344 2619 χαίρας,
375 2552 506 2601 ὥστε
557 2551 719 2606 ἡνίκα
772 2547 1072 2621 Ἡράκλειος
1105 2552 1135 2599 ὃ
1168 2546 1416 2620 βασιλεὺς
1462 2551 1592 2620 πρὸς
1632 2546 1743 2598 Ῥαο

173 2639 302 2694 ζάτην
342 2641 426 2689 τόν
479 2642 690 2711 Πέρσην
739 2637 977 2709 πολεμεῖν
1028 2639 1176 2708 ἔγνω,
1227 2635 1430 2698 ἔκταξιν
1460 2643 1554 2697 τῆς
1585 2655 1741 2709 στραο

173 2731 282 2787 τείας
323 2729 678 2799 ποιησάμενος
725 2723 823 2779 δύο
867 2731 1055 2798 μόνους
1101 2725 1242 2798 εὗρεν
1292 2725 1745 2798 ὑπολελειμμένους

176 2811 245 2884 [49
288 2815 372 2889 Η.]
405 2824 495 2876 τῆς
546 2817 918 2890 φιλοτυράννου
955 2815 1206 2880 πληθύος,
1262 2819 1350 2867 καὶ
1389 2820 1504 2867 τότε
1551 2814 1745 2890 ἤρξατο

179 2905 513 2976 τὸῬωμαῖκόν
555 2907 692 2956 κατὰ
735 2911 946 2976 Περσῶν
999 2903 1288 2976 ένισχύειν’
1327 2908 1491 2977 μέχρι
1537 2907 1638 2978 γὰρ
1685 2906 1746 2955 ἄν

184 2991 336 3044 ἁκεῖνοι
405 3003 688 3066 περιῆσαν,
734 2996 765 3052 ἠ
825 2999 943 3052 νίκη
995 3001 1102 3056 τοῖς
1157 2997 1383 3068 Πέρσαις
1435 2993 1745 3054 ένηυλίζετο.

177 3085 423 3152 ’Δναίρεσις
474 3084 576 3134 ὑπὸ
613 3091 708 3135 τοῦ
759 3084 1005 3154 τυράννου
1054 3078 1124 3134 δι’
1152 3082 1201 3116 ⁴⁸
1240 3079 1581 3154 Ἀλεξάνδρου
1623 3090 1752 3136 Θεο-

184 3163 334 3221 δοσίου
388 3180 479 3222 τοῦ
524 3169 792 3244 βασιλέως
827 3179 918 3222 τού
974 3170 1351 3246 αὐτοκράτορος
1408 3168 1620 3237 παιδὸς,
1663 3183 1749 3229 καὶ

191 3260 351 3332 Πέτρου
403 3265 493 3312 καὶ
551 3259 896 3332 Κομεντιὸλου
939 3266 1026 3311 καὶ
1057 3266 1447 3313 Κωνσταντίνου
1481 3269 1568 3312 τοῦ
1617 3268 1754 3332 Λαρ-

180 3342 248 3395 δῦ·
277 3348 425 3406 πλάνη
474 3369 529 3402 τε
568 3355 693 3424 περὶ
736 3345 1049 3415 Θεοδοσίου,
1080 3352 1150 3409 ὡς
1197 3349 1256 3401 ού
1296 3355 1614 3420 πεφόνευται·
1651 3351 1754 3404 Καὶ

180 3434 288 3498 ὁπως
321 3442 449 3490 κατά
490 3443 587 3498 τήν
615 3440 665 3473 ⁸⁸
696 3436 1091 3510 Ἀλεξάνδρειαν
1138 3441 1203 3492 τὰ
1229 3437 1503 3511 ἀγάλματα
1537 3447 1627 3499 τῆς
1680 3439 1754 3490 οἰ-

180 3528 288 3584 κείας
329 3523 474 3600 ίδρας
525 3525 898 3599 ἀποφοιτῶντα
933 3532 1285 3600 προηγόρευον
1325 3528 1370 3561 ⁸⁵
1403 3530 1468 3578 τὰ
1508 3531 1757 3599 γεγονότα

183 3611 472 3688 καλλιγράφῳ
518 3622 646 3680 τινὶ,
679 3619 811 3668 κατὰ
865 3621 924 3667 τὸ
971 3623 1206 3688 Τυχαῖον
1251 3616 1386 3668 οὕτω
1423 3617 1753 3690 καλούμενον,

183 3698 260 3752 ἀπὸ
286 3700 489 3757 δείπνου
546 3709 684 3780 πρὸς
734 3708 800 3757 τὰ
831 3707 963 3757 οἶκοι
994 3702 1318 3778 διερχομένῳ
1341 3707 1409 3759 ⁸⁸.
1434 3713 1611 3768 Ὅπως
1648 3726 1701 3759 τε
1731 3709 1756 3759 ό

184 3795 428 3865 Ηαυρίκιος
475 3795 684 3866 λέγεται
741 3799 916 3867 τρίτην
962 3802 1147 3867 μοῖραν
1190 3803 1289 3848 τῶν
1343 3801 1508 3870 φόρων
1544 3815 1758 3868 συγχω-

182 3886 315 3949 ρῆσαι
346 3883 389 3916 ⁸⁷
423 3891 532 3945 τοῖς
562 3886 844 3947 ὑπηκόοις,
869 3887 957 3935 καὶ
1003 3886 1283 3957 τριάκοντα
1323 3881 1356 3936 δ
1361 3893 1504 3936 ούναι
1535 3885 1760 3938 τάλαντα

186 3976 266 4028 τθῖς
314 3974 607 4034 Βυζαντίοις
641 3974 716 4034 εἰς
767 3978 1035 4045 νεουργίαν
1089 3982 1180 4024 τοῦ
1211 3982 1310 4025 τῶν
1349 3970 1556 4026 ύδατων
1582 3974 1754 4026 ὁλκοῦ.

200 4063 279 4109 Καὶ
329 4063 455 4124 ὅπως
503 4062 850 4135 ἐφιλοτιμεῖτο
904 4063 1151 4136 λαμπρῶς
1207 4066 1325 4124 τούς
1369 4072 1466 4115 τῶν
1517 4067 1760 4136 μαθημά-

190 4161 265 4195 των
311 4146 541 4222 ίραστάς.
593 4157 697 4204 Καὶ
769 4156 886 4226 περὶ
940 4160 1038 4202 τῶν
1094 4156 1375 4222 γεγονότων
1449 4149 1759 4225 παραδόξων

191 4241 264 4297 τες
308 4247 398 4289 τῶν
444 4243 683 4312 αἱμάτων
733 4242 934 4316 ῥύσεως
1000 4241 1271 4312 Εύφημίας
1326 4249 1420 4301 τῆς
1475 4244 1755 4314 μάρτυρος,

192 4329 261 4374 ui.
303 4328 366 4388 ὡς
407 4335 702 4401 Μαυρίκιος
733 4332 983 4402 πειράσας
1013 4329 1202 4402 μᾶλλον
1234 4333 1290 4381 τὸ
1325 4332 1500 4402 θαῦμα
1539 4328 1614 4382 δι’
1644 4332 1762 4383 απι-

195 4421 310 4474 πίας
355 4416 633 4471 ἑπίστωσε.
696 4424 795 4472 Καὶ
847 4421 980 4479 ὅπως
1033 4421 1059 4470 ό
1118 4422 1362 4494 τύραννος
1441 4426 1758 4473 Κωνσταντῖ-

193 4520 260 4552 ναι
285 4506 327 4538 ⁴⁸
355 4511 440 4563 τήν
486 4517 574 4560 τοῦ
629 4506 887 4580 βασιλέως
930 4513 1225 4583 Μαυρικίου
1250 4516 1474 4579 γυναῖκα
1512 4510 1624 4580 ἅμα
1648 4519 1761 4572 ταῖς

198 4590 477 4668 θυγατράσιν
549 4597 598 4648 ἐν
679 4593 921 4670 ἰδιωτικῇ
985 4597 1127 4670 οἰκίᾳ
1184 4596 1453 4652 ίνέκλεισε.
1507 4599 1763 4672 Πρεσϐεία

197 4689 264 4730 τοῦ
308 4688 543 4757 τυράννου
603 4690 728 4760 πρὸς
792 4692 1034 4760 Χοσρόην
1090 4690 1176 4738 τὸν
1225 4693 1434 4760 Περσῶν
1511 4685 1757 4760 βασιλέα,

1789 3124 1827 3177 C

1846 1855 1954 1894 nas
1982 1837 2274 1900 dederint,
2302 1836 2466 1908 quod
2495 1841 2632 1908 post
2658 1852 2776 1890 non
2822 1837 2944 1904 diu,
2979 1837 3182 1901 caedis,
3235 1837 3496 1908 tyranni-

1844 1927 2055 1999 disque
2087 1928 2379 1982 sociorum
2414 1925 2679 1989 nemo,in
2707 1928 2875 1980 tanta
2893 1924 3496 1997 multitudine,super-

1847 2016 2065 2071 fuerit:
2125 2021 2284 2086 peste
2342 2013 2498 2069 enim
2535 2012 2654 2078 alii,
2704 2015 2802 2068 alii
2855 2014 3073 2069 cmlesti
3118 2015 3276 2082 igne,
3340 2014 3494 2069 ferro

1845 2107 2035 2160 caeteri
2081 2104 2158 2160 ad
2219 2119 2403 2158 unum
2461 2119 2672 2158 omnes
2726 2104 3062 2174 perierunt:
3124 2109 3304 2174 atque
3345 2103 3498 2158 adeo

1846 2194 2138 2251 Heraclius
2170 2201 2299 2266 post
2329 2192 2510 2265 paulo
2537 2208 2737 2248 rerum
2787 2192 3037 2264 potitus,
3094 2208 3230 2246 cum
3287 2194 3500 2247 Rasate

1848 2284 2028 2340 Persa
2053 2282 2275 2338 bellum
2298 2286 2595 2350 gesturus,
2616 2281 2850 2338 delectu
2879 2280 3102 2344 habito,
3135 2283 3232 2335 vix
3253 2279 3406 2335 duos
3430 2296 3502 2334 ex

1843 2373 1958 2442 illis
1974 2373 2233 2446 partium
2252 2370 2536 2427 studiosis
2548 2370 2779 2426 relictos
2792 2371 3113 2444 reperit.Ac
3128 2375 3252 2426 tum
3272 2371 3500 2426 demum

1848 2461 2101 2520 Romani
2125 2460 2316 2516 Persis
2345 2460 2676 2532 superiores
2697 2475 2826 2515 esse
2852 2465 3181 2532 cmperunt,
3207 2460 3332 2531 qui,
3357 2460 3503 2514 dum

1849 2553 1931 2609 illi
1961 2549 2171 2608 nefarii
2203 2551 2542 2620 superstites
2562 2554 2786 2613 essent,
2809 2565 2844 2603 a
2867 2548 3056 2604 Persis
3085 2548 3216 2602 victi
3268 2563 3507 2618 semper

1851 2643 2265 2696 discesserant.
2299 2637 2500 2692 Caedes
2530 2654 2566 2692 a
2608 2643 2870 2708 tyranno
2920 2651 3024 2708 per
3077 2635 3503 2704 Alexandrum,

1854 2729 2142 2784 intentata
2172 2725 2524 2790 Theodosio,
2551 2726 2796 2795 Augusti
2840 2724 2959 2778 tilio
2994 2740 3008 2790 ;
3053 2724 3222 2779 Petro
3262 2723 3398 2779 item
3451 2729 3506 2778 et

1857 2816 2219 2874 Comenliolo
2269 2831 2284 2879 ;
2341 2822 2518 2886 atque
2557 2814 2964 2880 Constantino,
3027 2812 3220 2884 Lardy
3279 2827 3507 2881 cogno-

1858 2912 2059 2962 mento
2089 2905 2227 2974 (5t).
2253 2902 2456 2958 Falsus
2477 2903 2655 2958 etiam
2680 2918 2884 2957 rumor
2903 2901 2977 2956 de
2990 2901 3324 2956 Theodosio
3339 2918 3508 2956 exor-

1859 3003 1951 3051 tus
1980 3000 2086 3060 est,
2118 2994 2292 3066 quasi
2337 2994 2384 3047 is
2414 2998 2539 3046 tum
2570 3008 2692 3046 non
2724 2991 2925 3045 fuisset
2966 2991 3321 3046 interfectus.
3355 2992 3507 3056 Quo-

1858 3085 2043 3141 modo
2075 3082 2441 3139 Alexandriaa
2461 3087 2669 3136 statuae
2685 3081 2806 3136 suis
2827 3079 3067 3135 sedibus
3082 3085 3288 3151 sponte
3308 3086 3506 3144 motae,

1859 3190 1994 3246 qum
2050 3171 2314 3245 Byzantii
2362 3171 2717 3226 accidissent
2765 3170 3092 3226 nuntiarint
3141 3168 3508 3241 calligrapho

1863 3262 2097 3318 cuidam
2114 3260 2525 3333 perTychseurn
2541 3259 2871 3314 transeunti
2889 3274 3020 3312 cum
3037 3275 3069 3312 a
3083 3273 3256 3314 coena
3267 3257 3513 3312 domum

1862 3356 2251 3408 reverteretur
2277 3350 2413 3422 (52).
2445 3350 2508 3404 Ut
2533 3348 2840 3404 Mauricius
2872 3347 3102 3403 tertiam
3125 3346 3510 3416 vectigalium

1864 3442 2196 3513 portionem
2258 3437 2510 3494 subditis
2565 3438 2869 3493 remisisse
2929 3436 3154 3493 feratur
3209 3455 3221 3492 :
3271 3436 3516 3506 triginta

1865 3546 2106 3604 quoque
2165 3527 2505 3601 Byzantinis
2568 3527 2830 3582 donasse
2888 3526 3130 3591 talenta,
3179 3525 3515 3581 reﬁciendis

1866 3619 2321 3692 aquaaductibus
2354 3616 2528 3688 33b.
2561 3619 2689 3682 Quo
2723 3616 2950 3671 honore
3004 3615 3374 3687 priemioque
3429 3613 3513 3668 di-

1866 3708 2249 3781 sciplinarum
2277 3708 2575 3762 studiosos
2595 3705 2830 3776 publice
2857 3703 3117 3759 affecerit
3136 3704 3274 3774 (53).
3299 3701 3516 3768 Quaein

1867 3798 2031 3854 ﬂuxu
2053 3796 2363 3866 sanguinis
2389 3795 2732 3866 Euphemiaa
2751 3795 3028 3864 martyris
3053 3792 3414 3846 admiranda
3427 3807 3520 3846 ac-

1867 3886 2111 3943 ciderint
2136 3903 2148 3942 :
2193 3892 2373 3956 utque
2395 3885 2730 3947 Mauricius,
2761 3885 2841 3937 rei
2866 3881 3126 3953 periculo
3148 3880 3323 3947 facto,
3351 3878 3518 3952 quod

1869 3978 2030 4032 initio
2061 3991 2183 4030 non
2208 3973 2574 4037 credidisset,
2593 3971 2949 4026 miraculum
2977 3968 3169 4039 magis
3199 3971 3521 4024 contirma-

1868 4068 1939 4121 rit
1969 4063 2208 4132 (54).Uti
2241 4062 2461 4116 Phocas
2491 4067 2780 4131 tyrannus
2814 4055 3519 4122 Constantiam,Mauricii

1869 4153 2105 4224 augusti
2131 4151 2469 4222 conjugem,
2496 4165 2631 4204 cum
2657 4148 2917 4215 ﬁliabus,
2943 4146 3188 4219 privatae
3211 4146 3416 4201 domui
3435 4145 3520 4201 in-

1869 4243 2128 4300 cluserit.
2144 4241 2353 4296 Phocas
2366 4239 2440 4295 ad
2451 4239 2751 4294 Chosrocn
2770 4238 3096 4295 Persarum
3113 4252 3313 4306 regem
3335 4237 3520 4292 missa

1868 4331 2086 4402 legatio
2117 4353 2129 4386 :
2162 4329 2269 4386 sed
2295 4329 2475 4384 irrita.
2494 4331 2699 4400 Ruptae
2727 4327 2886 4383 enim
2915 4326 3170 4382 inducias
3195 4332 3352 4392 sunt,
3375 4325 3521 4382 Cho-

1870 4439 2002 4478 sroe
2033 4424 2404 4494 praetexente,
2430 4417 2593 4491 quod
2643 4417 2990 4474 Mauricium
3044 4416 3197 4487 juste
3255 4415 3522 4472 vindica-

1869 4517 1957 4569 ret
2019 4511 2154 4582 (55).
2211 4509 2301 4564 Sic
2353 4507 2548 4572 Lilius,
2598 4507 2701 4580 qui
2741 4507 2976 4577 legatus
3023 4512 3171 4575 erat,
3196 4521 3257 4561 re
3309 4504 3524 4560 infecta

1870 4601 2121 4656 domum
2190 4604 2344 4653 retro
2414 4596 2667 4652 revertit.
2708 4595 2914 4651 Caedes
2956 4592 3274 4650 Alexandri
3323 4608 3525 4647 rerum

1874 4704 2169 4746 novarum
2241 4685 2448 4742 Phocie
2525 4684 2690 4752 socii,
2767 4699 2837 4739 eo
2911 4684 3156 4738 nomine
3243 4680 3520 4752 suspecti,

1495 4814 1730 4870 VARIIE
1771 4814 2170 4872 LECTIONES.

256 4930 294 4964 ³⁸
319 4933 423 5003 την]
453 4938 548 4992 τὴν
575 4941 763 5003 τῶννς.

207 5016 283 5060 τις.
310 5005 431 5067 ὅπως
453 5026 505 5070 ς.

205 5076 341 5130 rabo.
407 5079 452 5112 “
483 5082 571 5136 τὴν
597 5078 738 5134 add.
771 5081 836 5133 Α.
915 5079 962 5113 ⁸⁵
989 5085 1308 5152 προηγόρευε
1337 5099 1396 5146 ς’.

850 4934 896 4969 ⁶⁰
925 4938 1016 5008 καί
1062 4933 1244 5008 ὕϐρισε
1277 4935 1343 4996 εἰς
1375 4931 1714 5008 Ἀλέξανδρον
1746 4937 1891 4992 add.
1934 4943 1993 4990 Α.
2075 4937 2116 4970 ⁸¹
2150 4934 2447 5008 μᾶλλονᾉε
2480 4932 2630 4985 πάλιν

589 5005 636 5040 ⁸³
661 4991 756 5058 δὶὰ
784 5025 841 5070 ς’.
917 5006 1023 5061 sed
1040 4991 1341 5076 ejusmodi
1361 4991 1642 5062 minutias
1673 5018 1731 5063 ut
1755 4991 2066 5081 nunquam
2094 4991 2220 5060 sine
2250 5005 2453 5060 codice
2481 4991 2710 5069 mutavi,
2746 5005 2822 5058 ita
2857 5021 2974 5058 nou
3004 4991 3258 5073 amplius
3291 4991 3523 5058 memo-

597 5078 738 5132 add.
771 5081 836 5132 Α.
915 5079 962 5113 ⁸⁵
989 5085 1308 5132 προηγόρευε
1337 5099 1396 5132 ς’.
1483 5081 1530 5115 ⁸⁸
1552 5075 1897 5132 διεογοιιένου
1928 5087 1989 5132 Α.
2068 5079 2115 5114 ⁴τ
2150 5084 2447 5132 συνγωρείν
2480 5097 2540 5132 ς’.
2624 5076 2673 5112 ⁴⁸
2706 5081 3070 5129 Κωνσταντίαν
3104 5095 3161 5132 ς.

1592 5085 1897 5156 ιερχομένου
1928 5087 1989 5132 Α.
2068 5084 2115 5114 ⁴τ
2150 5084 2447 5150 συγχωρεῖν
2480 5097 2540 5142 ς’.

2665 4954 2718 4996 ς’.
2797 4933 2840 4974 ⁴²
2866 4931 3244 5004 αύτοκράτορος
3277 4926 3524 5000 ἀναγνω-

2624 5076 2673 5112 ⁴⁸
2706 5081 3070 5129 Κωνσταντίαν
3104 5095 3161 5139 ς’.

1735 5238 1962 5299 ΝΟΤιΒ.

269 5385 358 5456 (48)
383 5388 534 5448 Ibid.

383 5391 690 5520 ISbiigaudio
714 5462 979 5528 Portum,
1007 5462 1112 5535 qui
1140 5465 1266 5520 erat
1295 5461 1668 5520 Chalcedone
1697 5476 1770 5518 ex

218 5527 386 5586 Zonar.
412 5534 526 5590 init.
554 5534 787 5591 Phoca.

271 5599 366 5746 (5οἶ
387 5604 614 5688 Niceph.
651 5604 691 5660 l.
723 5621 883 5671 xvni,
917 5621 1050 5679 cap.
1082 5607 1176 5663 H.

271 5673 341 5736 (αἱ
393 5675 543 5736 Ibid.
578 5693 713 5746 cap.
747 5678 840 5734 ﬂ.

271 5673 366 5746 (Il)
393 5673 543 5736 Ibid'.
578 5693 713 5751 cap.
747 5678 840 5734 ﬂ.

1975 5392 2062 5462 52)
2091 5388 2168 5444 Ex
2213 5387 2504 5462 matutina
2530 5385 2748 5456 vigilia,
2779 5384 2974 5462 inquit
3001 5385 3163 5443 Diac.

1973 5459 2066 5532 53)
2090 5459 2331 5532 Niceph.
2355 5459 2394 5513 l.
2420 5473 2580 5532 xviii,
2610 5473 2744 5530 cap.
2787 5459 2884 5514 42.

1975 5531 2066 5601 64)
2094 5531 2245 5588 Ibid.
2276 5545 2410 5601 cap.
2444 5531 2534 5586 41.

1978 5602 2066 5674 55)
2087 5602 2236 5661 Ibid.
2261 5617 2398 5674 cap.
2437 5603 2502 5657 43
2517 5643 2532 5658 .

1949 5391 1977 5680 ξ
