  <div class='ocr_page' id='page_1' title='image "/cluster/home/n/w/nwhite01/storage/ocr_20150623/103/hvd.32044054112495/093.png"; bbox 0 0 4046 6228; ppageno 0'>
   <div class='ocr_carea' id='block_1_1' title="bbox 340 304 1981 377">
    <p class='ocr_par' dir='ltr' id='par_1_1' title="bbox 340 304 1981 371">
     <span class='ocr_line' id='line_1_1' title="bbox 340 304 1981 371; baseline -0.007 -2"><span class='ocrx_word' id='word_1_1' title='bbox 340 315 438 371; x_wconf 78' lang='grc'><strong>163</strong></span> <span class='ocrx_word' id='word_1_2' title='bbox 1556 305 1794 360; x_wconf 84' lang='lat' dir='ltr'><strong>PHOTII</strong></span> <span class='ocrx_word' id='word_1_3' title='bbox 1847 304 1981 358; x_wconf 85' lang='lat' dir='ltr'>PA&#39;l‘</span> 
     </span>
    </p>
   </div>
   <div class='ocr_carea' id='block_1_2' title="bbox 2103 304 3702 377">
    <p class='ocr_par' dir='ltr' id='par_1_2' title="bbox 2103 304 3702 377">
     <span class='ocr_line' id='line_1_2' title="bbox 2103 304 3702 377; baseline -0.004 -17"><span class='ocrx_word' id='word_1_4' title='bbox 2103 304 2332 362; x_wconf 52' lang='lat' dir='ltr'>aonie</span> <span class='ocrx_word' id='word_1_5' title='bbox 2374 307 2480 361; x_wconf 70' lang='grc' dir='ltr'>(ΖΡ.</span> <span class='ocrx_word' id='word_1_6' title='bbox 3607 318 3702 377; x_wconf 59' lang='grc' dir='ltr'>ιθ,</span> 
     </span>
    </p>
   </div>
   <div class='ocr_carea' id='block_1_3' title="bbox 335 428 1981 515">
    <p class='ocr_par' dir='ltr' id='par_1_3' title="bbox 335 428 1981 511">
     <span class='ocr_line' id='line_1_3' title="bbox 335 428 1981 511; baseline -0.007 -17"><span class='ocrx_word' id='word_1_7' title='bbox 335 437 507 511; x_wconf 91' lang='lat' dir='ltr'>quasi</span> <span class='ocrx_word' id='word_1_8' title='bbox 537 434 958 497; x_wconf 86' lang='lat' dir='ltr'>Theodosium,</span> <span class='ocrx_word' id='word_1_9' title='bbox 993 432 1247 488; x_wconf 83' lang='lat' dir='ltr'>Mauricii</span> <span class='ocrx_word' id='word_1_10' title='bbox 1281 432 1490 492; x_wconf 81' lang='lat' dir='ltr'>tilium,</span> <span class='ocrx_word' id='word_1_11' title='bbox 1528 446 1706 502; x_wconf 88' lang='lat' dir='ltr'>quem</span> <span class='ocrx_word' id='word_1_12' title='bbox 1743 428 1981 499; x_wconf 77' lang='lat' dir='ltr'>occidit,</span> 
     </span>
    </p>
   </div>
   <div class='ocr_carea' id='block_1_4' title="bbox 2103 428 3703 515">
    <p class='ocr_par' dir='ltr' id='par_1_4' title="bbox 2103 432 3703 515">
     <span class='ocr_line' id='line_1_4' title="bbox 2103 432 3703 515; baseline 0.009 -34"><span class='ocrx_word' id='word_1_13' title='bbox 2103 438 2186 482; x_wconf 76' lang='grc' dir='ltr'>καὶ</span> <span class='ocrx_word' id='word_1_14' title='bbox 2238 432 2528 504; x_wconf 86' lang='grc' dir='ltr'>ἀποτυχία,</span> <span class='ocrx_word' id='word_1_15' title='bbox 2563 436 2847 498; x_wconf 82' lang='grc' dir='ltr'>κατάλυσίς</span> <span class='ocrx_word' id='word_1_16' title='bbox 2904 459 2956 491; x_wconf 84' lang='grc' dir='ltr'>τε</span> <span class='ocrx_word' id='word_1_17' title='bbox 2997 449 3096 491; x_wconf 79' lang='grc' dir='ltr'>τῶν</span> <span class='ocrx_word' id='word_1_18' title='bbox 3150 438 3386 493; x_wconf 81' lang='grc' dir='ltr'>σπονδῶν</span> <span class='ocrx_word' id='word_1_19' title='bbox 3445 462 3703 515; x_wconf 63' lang='grc' dir='ltr'>πρόφασις</span> 
     </span>
    </p>
   </div>
   <div class='ocr_carea' id='block_1_5' title="bbox 338 518 1928 594">
    <p class='ocr_par' dir='ltr' id='par_1_5' title="bbox 338 518 1928 594">
     <span class='ocr_line' id='line_1_5' title="bbox 338 518 1928 594; baseline -0.007 -12"><span class='ocrx_word' id='word_1_20' title='bbox 338 531 652 582; x_wconf 83' lang='lat' dir='ltr'>servasset.</span> <span class='ocrx_word' id='word_1_21' title='bbox 686 529 866 594; x_wconf 83' lang='lat' dir='ltr'>Atque</span> <span class='ocrx_word' id='word_1_22' title='bbox 897 522 990 576; x_wconf 86' lang='lat' dir='ltr'>hic</span> <span class='ocrx_word' id='word_1_23' title='bbox 1023 521 1311 576; x_wconf 55' lang='lat' dir='ltr'>universae</span> <span class='ocrx_word' id='word_1_24' title='bbox 1343 520 1477 574; x_wconf 89' lang='lat' dir='ltr'>ﬁnis</span> <span class='ocrx_word' id='word_1_25' title='bbox 1511 519 1762 573; x_wconf 64' lang='lat' dir='ltr'>historiae</span> <span class='ocrx_word' id='word_1_26' title='bbox 1795 518 1928 590; x_wconf 81' lang='grc'>(56).</span> 
     </span>
    </p>
   </div>
   <div class='ocr_carea' id='block_1_6' title="bbox 335 605 3708 692">
    <p class='ocr_par' dir='ltr' id='par_1_6' title="bbox 335 605 3708 692">
     <span class='ocr_line' id='line_1_6' title="bbox 335 605 3708 692; baseline 0.001 -23"><span class='ocrx_word' id='word_1_27' title='bbox 335 622 424 670; x_wconf 85' lang='grc' dir='ltr'>καὶ</span> <span class='ocrx_word' id='word_1_28' title='bbox 455 616 619 674; x_wconf 80' lang='grc' dir='ltr'>οὕτως</span> <span class='ocrx_word' id='word_1_29' title='bbox 648 615 672 664; x_wconf 85' lang='grc' dir='ltr'><strong>ὁ</strong></span> <span class='ocrx_word' id='word_1_30' title='bbox 706 611 886 672; x_wconf 89' lang='grc' dir='ltr'>Λίλιος</span> <span class='ocrx_word' id='word_1_31' title='bbox 917 610 1088 681; x_wconf 78' lang='grc' dir='ltr'>(οὗτος</span> <span class='ocrx_word' id='word_1_32' title='bbox 1116 612 1216 680; x_wconf 83' lang='grc' dir='ltr'>γὰρ</span> <span class='ocrx_word' id='word_1_33' title='bbox 1245 611 1270 660; x_wconf 90' lang='grc' dir='ltr'>ό</span> <span class='ocrx_word' id='word_1_34' title='bbox 1298 609 1592 684; x_wconf 73' lang='grc' dir='ltr'>πρεσϐεύων</span> <span class='ocrx_word' id='word_1_35' title='bbox 1617 605 1700 676; x_wconf 75' lang='grc' dir='ltr'>ἧν)</span> <span class='ocrx_word' id='word_1_36' title='bbox 1729 607 2060 678; x_wconf 77' lang='grc' dir='ltr'>ἀνεχώρησεν</span> <span class='ocrx_word' id='word_1_37' title='bbox 2083 608 2360 682; x_wconf 75' lang='grc' dir='ltr'>ἄπρακτος.</span> <span class='ocrx_word' id='word_1_38' title='bbox 2394 613 2682 683; x_wconf 83' lang='grc' dir='ltr'>Ἀναίρεσις</span> <span class='ocrx_word' id='word_1_39' title='bbox 2715 615 3056 690; x_wconf 79' lang='grc' dir='ltr'>Ἀλεξάνδρου</span> <span class='ocrx_word' id='word_1_40' title='bbox 3088 627 3178 669; x_wconf 69' lang='grc' dir='ltr'>τοῦ</span> <span class='ocrx_word' id='word_1_41' title='bbox 3213 625 3708 692; x_wconf 73' lang='grc' dir='ltr'>συννεωτερίσαντος</span> 
     </span>
    </p>
   </div>
   <div class='ocr_carea' id='block_1_7' title="bbox 335 693 3703 782">
    <p class='ocr_par' dir='ltr' id='par_1_7' title="bbox 335 693 3703 782">
     <span class='ocr_line' id='line_1_7' title="bbox 335 693 3703 782; baseline 0.004 -33"><span class='ocrx_word' id='word_1_42' title='bbox 335 715 407 777; x_wconf 76' lang='grc' dir='ltr'><strong><em>τῷ</em></strong></span> <span class='ocrx_word' id='word_1_43' title='bbox 437 710 608 775; x_wconf 74' lang='grc' dir='ltr'>ψωκᾲ,</span> <span class='ocrx_word' id='word_1_44' title='bbox 644 699 714 754; x_wconf 78' lang='grc' dir='ltr'>δι’</span> <span class='ocrx_word' id='word_1_45' title='bbox 749 703 990 753; x_wconf 80' lang='grc' dir='ltr'>ὑπόνοιαν</span> <span class='ocrx_word' id='word_1_46' title='bbox 1025 701 1101 751; x_wconf 85' lang='grc' dir='ltr'>ὅτι</span> <span class='ocrx_word' id='word_1_47' title='bbox 1132 695 1416 752; x_wconf 79' lang='grc' dir='ltr'>Θεοδόσιον</span> <span class='ocrx_word' id='word_1_48' title='bbox 1443 702 1527 750; x_wconf 83' lang='grc' dir='ltr'>τὸν</span> <span class='ocrx_word' id='word_1_49' title='bbox 1554 702 1850 768; x_wconf 87' lang='grc' dir='ltr'>Μαυρικίου</span> <span class='ocrx_word' id='word_1_50' title='bbox 1877 693 2066 761; x_wconf 80' lang='grc' dir='ltr'>παῖδα,</span> <span class='ocrx_word' id='word_1_51' title='bbox 2097 697 2149 748; x_wconf 88' lang='grc' dir='ltr'>ὃν</span> <span class='ocrx_word' id='word_1_52' title='bbox 2192 699 2368 763; x_wconf 86' lang='grc' dir='ltr'>ἀνεῖλε,</span> <span class='ocrx_word' id='word_1_53' title='bbox 2411 710 2833 775; x_wconf 80' lang='grc' dir='ltr'>περιεποιήσατο.</span> <span class='ocrx_word' id='word_1_54' title='bbox 2874 706 2951 758; x_wconf 83' lang='grc' dir='ltr'>Ἐν</span> <span class='ocrx_word' id='word_1_55' title='bbox 2981 708 3052 766; x_wconf 85' lang='grc' dir='ltr'>οἷς</span> <span class='ocrx_word' id='word_1_56' title='bbox 3083 710 3165 758; x_wconf 77' lang='grc' dir='ltr'>καὶ</span> <span class='ocrx_word' id='word_1_57' title='bbox 3197 716 3286 768; x_wconf 78' lang='grc' dir='ltr'>τῆς</span> <span class='ocrx_word' id='word_1_58' title='bbox 3317 708 3433 768; x_wconf 85' lang='grc' dir='ltr'>ὅλης</span> <span class='ocrx_word' id='word_1_59' title='bbox 3464 711 3703 782; x_wconf 82' lang='grc' dir='ltr'>ἱστορίας</span> 
     </span>
    </p>
   </div>
   <div class='ocr_carea' id='block_1_8' title="bbox 2102 521 3702 604">
    <p class='ocr_par' dir='ltr' id='par_1_8' title="bbox 2102 521 3702 604">
     <span class='ocr_line' id='line_1_8' title="bbox 2102 521 3702 604; baseline 0.008 -33"><span class='ocrx_word' id='word_1_60' title='bbox 2102 521 2316 591; x_wconf 77' lang='grc' dir='ltr'>ζομένου</span> <span class='ocrx_word' id='word_1_61' title='bbox 2373 529 2610 596; x_wconf 82' lang='grc' dir='ltr'>Χοσρόου</span> <span class='ocrx_word' id='word_1_62' title='bbox 2669 531 2760 582; x_wconf 67' lang='grc' dir='ltr'>τήν</span> <span class='ocrx_word' id='word_1_63' title='bbox 2822 527 2969 578; x_wconf 85' lang='grc' dir='ltr'>ὁσίαν</span> <span class='ocrx_word' id='word_1_64' title='bbox 3026 526 3310 581; x_wconf 78' lang='grc' dir='ltr'>ὁιεκδικεῐν</span> <span class='ocrx_word' id='word_1_65' title='bbox 3382 537 3702 604; x_wconf 75' lang='grc' dir='ltr'>Μαυρικίου·</span> 
     </span>
    </p>
   </div>
   <div class='ocr_carea' id='block_1_9' title="bbox 335 798 597 866">
    <p class='ocr_par' dir='ltr' id='par_1_9' title="bbox 335 798 597 866">
     <span class='ocr_line' id='line_1_9' title="bbox 335 798 597 866; baseline -0.011 -18"><span class='ocrx_word' id='word_1_66' title='bbox 335 800 390 848; x_wconf 86' lang='grc' dir='ltr'>τὸ</span> <span class='ocrx_word' id='word_1_67' title='bbox 417 798 597 866; x_wconf 83' lang='grc' dir='ltr'>πέρας.</span> 
     </span>
    </p>
   </div>
   <div class='ocr_carea' id='block_1_10' title="bbox 1071 932 1981 1019">
    <p class='ocr_par' dir='ltr' id='par_1_10' title="bbox 1071 932 1255 986">
     <span class='ocr_line' id='line_1_10' title="bbox 1071 932 1255 986; baseline -0.005 0"><span class='ocrx_word' id='word_1_68' title='bbox 1071 932 1255 986; x_wconf 84' lang='lat' dir='ltr'><strong>LXVI.</strong></span> 
     </span>
    </p>
   </div>
   <div class='ocr_carea' id='block_1_11' title="bbox 2103 932 2960 1019">
    <p class='ocr_par' dir='ltr' id='par_1_11' title="bbox 2821 937 2960 1019">
     <span class='ocr_line' id='line_1_11' title="bbox 2821 937 2960 1019; baseline 0 -31"><span class='ocrx_word' id='word_1_69' title='bbox 2821 937 2960 1019; x_wconf 59' lang='lat' dir='ltr'>Eg’.</span> 
     </span>
    </p>
   </div>
   <div class='ocr_carea' id='block_1_12' title="bbox 477 1039 1981 1126">
    <p class='ocr_par' dir='ltr' id='par_1_12' title="bbox 477 1051 1843 1126">
     <span class='ocr_line' id='line_1_12' title="bbox 477 1051 1843 1126; baseline -0.007 -13"><span class='ocrx_word' id='word_1_70' title='bbox 477 1059 530 1113; x_wconf 92' lang='lat' dir='ltr'>S.</span> <span class='ocrx_word' id='word_1_71' title='bbox 562 1055 884 1126; x_wconf 84' lang='lat' dir='ltr'>Nicephori</span> <span class='ocrx_word' id='word_1_72' title='bbox 909 1053 1163 1122; x_wconf 76' lang='lat' dir='ltr'>patriar.</span> <span class='ocrx_word' id='word_1_73' title='bbox 1192 1051 1843 1126; x_wconf 61' lang='lat' dir='ltr'>goizstantinopolitani</span> 
     </span>
    </p>
   </div>
   <div class='ocr_carea' id='block_1_13' title="bbox 2103 1039 3701 1126">
    <p class='ocr_par' dir='ltr' id='par_1_13' title="bbox 2103 1039 3701 1126">
     <span class='ocr_line' id='line_1_13' title="bbox 2103 1039 3701 1126; baseline 0.005 -36"><span class='ocrx_word' id='word_1_74' title='bbox 2103 1043 2390 1112; x_wconf 70' lang='grc' dir='ltr'>Νικηφόρον</span> <span class='ocrx_word' id='word_1_75' title='bbox 2419 1047 2509 1092; x_wconf 80' lang='grc' dir='ltr'>τοῦ</span> <span class='ocrx_word' id='word_1_76' title='bbox 2541 1039 2588 1126; x_wconf 66' lang='grc' dir='ltr'>ἐν</span> <span class='ocrx_word' id='word_1_77' title='bbox 2631 1041 2797 1125; x_wconf 73' lang='grc' dir='ltr'>ἁγίοις</span> <span class='ocrx_word' id='word_1_78' title='bbox 2827 1043 3248 1115; x_wconf 70' lang='grc' dir='ltr'>ἀρχιςπισιιόπου</span> <span class='ocrx_word' id='word_1_79' title='bbox 3283 1052 3701 1099; x_wconf 85' lang='grc' dir='ltr'>Κωνσταντινου-</span> 
     </span>
    </p>
   </div>
   <div class='ocr_carea' id='block_1_14' title="bbox 873 1112 1981 1193">
    <p class='ocr_par' dir='ltr' id='par_1_14' title="bbox 873 1112 1602 1193">
     <span class='ocr_line' id='line_1_14' title="bbox 873 1112 1602 1193; baseline -0.004 -12"><span class='ocrx_word' id='word_1_80' title='bbox 873 1112 1161 1184; x_wconf 70' lang='lat' dir='ltr'>historica</span> <span class='ocrx_word' id='word_1_81' title='bbox 1179 1123 1444 1193; x_wconf 82' lang='lat' dir='ltr'>Epitome</span> <span class='ocrx_word' id='word_1_82' title='bbox 1591 1112 1602 1120; x_wconf 92' lang='lat'><strong>&#39;</strong></span> 
     </span>
    </p>
   </div>
   <div class='ocr_carea' id='block_1_15' title="bbox 2103 1112 3288 1193">
    <p class='ocr_par' dir='ltr' id='par_1_15' title="bbox 2497 1112 3288 1189">
     <span class='ocr_line' id='line_1_15' title="bbox 2497 1112 3288 1189; baseline 0.003 -25"><span class='ocrx_word' id='word_1_83' title='bbox 2497 1112 2686 1174; x_wconf 78' lang='grc' dir='ltr'>πόλεως</span> <span class='ocrx_word' id='word_1_84' title='bbox 2709 1112 2991 1188; x_wconf 78' lang='grc' dir='ltr'>Ἰστορικόν</span> <span class='ocrx_word' id='word_1_85' title='bbox 3017 1119 3288 1189; x_wconf 81' lang='grc' dir='ltr'>σύντομον.</span> 
     </span>
    </p>
   </div>
   <div class='ocr_carea' id='block_1_16' title="bbox 405 1211 1984 1288">
    <p class='ocr_par' dir='ltr' id='par_1_16' title="bbox 405 1211 1984 1288">
     <span class='ocr_line' id='line_1_16' title="bbox 405 1211 1984 1288; baseline -0.006 -13"><span class='ocrx_word' id='word_1_86' title='bbox 405 1222 578 1275; x_wconf 87' lang='lat' dir='ltr'>Lecta</span> <span class='ocrx_word' id='word_1_87' title='bbox 605 1217 874 1288; x_wconf 85' lang='lat' dir='ltr'>Epitome</span> <span class='ocrx_word' id='word_1_88' title='bbox 905 1213 1188 1270; x_wconf 79' lang='lat' dir='ltr'>historica</span> <span class='ocrx_word' id='word_1_89' title='bbox 1221 1214 1330 1279; x_wconf 83' lang='lat'>(57)</span> <span class='ocrx_word' id='word_1_90' title='bbox 1353 1211 1668 1283; x_wconf 86' lang='lat' dir='ltr'>Nicephori</span> <span class='ocrx_word' id='word_1_91' title='bbox 1695 1213 1984 1267; x_wconf 85' lang='lat' dir='ltr'>Constan-</span> 
     </span>
    </p>
   </div>
   <div class='ocr_carea' id='block_1_17' title="bbox 334 1300 1984 1380">
    <p class='ocr_par' dir='ltr' id='par_1_17' title="bbox 334 1300 1984 1380">
     <span class='ocr_line' id='line_1_17' title="bbox 334 1300 1984 1380; baseline -0.005 -15"><span class='ocrx_word' id='word_1_92' title='bbox 334 1309 743 1380; x_wconf 77' lang='lat' dir='ltr'>tinopolitanae</span> <span class='ocrx_word' id='word_1_93' title='bbox 775 1305 933 1360; x_wconf 87' lang='lat' dir='ltr'>sedis</span> <span class='ocrx_word' id='word_1_94' title='bbox 960 1302 1252 1359; x_wconf 78' lang='lat' dir='ltr'>antistitis.</span> <span class='ocrx_word' id='word_1_95' title='bbox 1285 1302 1328 1354; x_wconf 90' lang='lat' dir='ltr'><strong>A</strong></span> <span class='ocrx_word' id='word_1_96' title='bbox 1352 1301 1609 1357; x_wconf 79' lang='lat' dir='ltr'>Mauricii</span> <span class='ocrx_word' id='word_1_97' title='bbox 1631 1301 1776 1372; x_wconf 88' lang='lat' dir='ltr'>imp.</span> <span class='ocrx_word' id='word_1_98' title='bbox 1811 1300 1984 1356; x_wconf 87' lang='lat' dir='ltr'>inter—</span> 
     </span>
    </p>
   </div>
   <div class='ocr_carea' id='block_1_18' title="bbox 333 1391 1985 1462">
    <p class='ocr_par' dir='ltr' id='par_1_18' title="bbox 333 1391 1985 1462">
     <span class='ocr_line' id='line_1_18' title="bbox 333 1391 1985 1462; baseline -0.007 -6"><span class='ocrx_word' id='word_1_99' title='bbox 333 1400 419 1456; x_wconf 88' lang='lat' dir='ltr'>itu</span> <span class='ocrx_word' id='word_1_100' title='bbox 447 1393 1223 1462; x_wconf 87' lang='lat' dir='ltr'>ducitinitium,tenditque</span> <span class='ocrx_word' id='word_1_101' title='bbox 1279 1391 1355 1445; x_wconf 91' lang='lat' dir='ltr'>ad</span> <span class='ocrx_word' id='word_1_102' title='bbox 1405 1391 1613 1446; x_wconf 87' lang='lat' dir='ltr'>Leonis</span> <span class='ocrx_word' id='word_1_103' title='bbox 1672 1396 1725 1445; x_wconf 91' lang='lat' dir='ltr'>et</span> <span class='ocrx_word' id='word_1_104' title='bbox 1787 1396 1985 1445; x_wconf 89' lang='lat' dir='ltr'>lrenes</span> 
     </span>
    </p>
   </div>
   <div class='ocr_carea' id='block_1_19' title="bbox 335 1480 1988 1559">
    <p class='ocr_par' dir='ltr' id='par_1_19' title="bbox 335 1480 1988 1559">
     <span class='ocr_line' id='line_1_19' title="bbox 335 1480 1988 1559; baseline -0.008 -14"><span class='ocrx_word' id='word_1_105' title='bbox 335 1489 705 1559; x_wconf 81' lang='lat' dir='ltr'>conjugium.</span> <span class='ocrx_word' id='word_1_106' title='bbox 736 1483 883 1540; x_wconf 87' lang='lat' dir='ltr'>Nihil</span> <span class='ocrx_word' id='word_1_107' title='bbox 915 1482 1101 1554; x_wconf 85' lang='lat' dir='ltr'>stylus</span> <span class='ocrx_word' id='word_1_108' title='bbox 1123 1480 1306 1535; x_wconf 86' lang='lat' dir='ltr'><strong>habet</strong></span> <span class='ocrx_word' id='word_1_109' title='bbox 1335 1495 1850 1551; x_wconf 89' lang='lat' dir='ltr'>supervacaneum</span> <span class='ocrx_word' id='word_1_110' title='bbox 1886 1483 1988 1533; x_wconf 87' lang='lat' dir='ltr'>aut</span> 
     </span>
    </p>
   </div>
   <div class='ocr_carea' id='block_1_20' title="bbox 333 1567 1988 1639">
    <p class='ocr_par' dir='ltr' id='par_1_20' title="bbox 333 1567 1988 1639">
     <span class='ocr_line' id='line_1_20' title="bbox 333 1567 1988 1639; baseline -0.008 -3"><span class='ocrx_word' id='word_1_111' title='bbox 333 1579 653 1636; x_wconf 89' lang='lat' dir='ltr'>obscurum</span> <span class='ocrx_word' id='word_1_112' title='bbox 678 1595 690 1634; x_wconf 93' lang='lat'>:</span> <span class='ocrx_word' id='word_1_113' title='bbox 727 1573 1045 1629; x_wconf 84' lang='lat' dir='ltr'>verborum</span> <span class='ocrx_word' id='word_1_114' title='bbox 1065 1569 1316 1634; x_wconf 90' lang='lat' dir='ltr'>delectu,</span> <span class='ocrx_word' id='word_1_115' title='bbox 1335 1567 1735 1639; x_wconf 82' lang='lat' dir='ltr'>orationisque</span> <span class='ocrx_word' id='word_1_116' title='bbox 1749 1583 1988 1638; x_wconf 31' lang='lat' dir='ltr'>compos</span> 
     </span>
    </p>
   </div>
   <div class='ocr_carea' id='block_1_21' title="bbox 334 1656 1988 1736">
    <p class='ocr_par' dir='ltr' id='par_1_21' title="bbox 334 1656 1988 1736">
     <span class='ocr_line' id='line_1_21' title="bbox 334 1656 1988 1736; baseline -0.008 -13"><span class='ocrx_word' id='word_1_117' title='bbox 334 1669 545 1724; x_wconf 88' lang='lat' dir='ltr'>sitione</span> <span class='ocrx_word' id='word_1_118' title='bbox 575 1679 770 1736; x_wconf 90' lang='lat' dir='ltr'>neque</span> <span class='ocrx_word' id='word_1_119' title='bbox 801 1661 977 1716; x_wconf 87' lang='lat' dir='ltr'>nimis</span> <span class='ocrx_word' id='word_1_120' title='bbox 1005 1658 1317 1722; x_wconf 87' lang='lat' dir='ltr'>dissoluta,</span> <span class='ocrx_word' id='word_1_121' title='bbox 1347 1673 1540 1729; x_wconf 90' lang='lat' dir='ltr'>neque</span> <span class='ocrx_word' id='word_1_122' title='bbox 1572 1663 1778 1713; x_wconf 87' lang='lat' dir='ltr'>contra</span> <span class='ocrx_word' id='word_1_123' title='bbox 1809 1656 1988 1711; x_wconf 90' lang='lat' dir='ltr'>nimis</span> 
     </span>
    </p>
   </div>
   <div class='ocr_carea' id='block_1_22' title="bbox 2163 1201 3705 1280">
    <p class='ocr_par' dir='ltr' id='par_1_22' title="bbox 2163 1201 3705 1280">
     <span class='ocr_line' id='line_1_22' title="bbox 2163 1201 3705 1280; baseline 0.005 -28"><span class='ocrx_word' id='word_1_124' title='bbox 2163 1201 2486 1271; x_wconf 81' lang='grc' dir='ltr'>Ἀνεγνώσθη</span> <span class='ocrx_word' id='word_1_125' title='bbox 2559 1201 2842 1273; x_wconf 71' lang='grc' dir='ltr'>’ἱστορικὸν</span> <span class='ocrx_word' id='word_1_126' title='bbox 2912 1208 3164 1276; x_wconf 77' lang='grc' dir='ltr'>Σύντομον</span> <span class='ocrx_word' id='word_1_127' title='bbox 3243 1211 3546 1280; x_wconf 73' lang='grc' dir='ltr'>Νικηφόρον</span> <span class='ocrx_word' id='word_1_128' title='bbox 3607 1215 3705 1259; x_wconf 82' lang='grc' dir='ltr'>τοῦ</span> 
     </span>
    </p>
   </div>
   <div class='ocr_carea' id='block_1_23' title="bbox 2093 1290 3707 1370">
    <p class='ocr_par' dir='ltr' id='par_1_23' title="bbox 2093 1290 3707 1370">
     <span class='ocr_line' id='line_1_23' title="bbox 2093 1290 3707 1370; baseline 0.006 -31"><span class='ocrx_word' id='word_1_129' title='bbox 2093 1290 2143 1340; x_wconf 74' lang='grc' dir='ltr'>ἐν</span> <span class='ocrx_word' id='word_1_130' title='bbox 2198 1290 2368 1360; x_wconf 81' lang='grc' dir='ltr'>ἀγίοις</span> <span class='ocrx_word' id='word_1_131' title='bbox 2432 1293 3010 1352; x_wconf 84' lang='grc' dir='ltr'>Κωνσταντινουπολεως</span> <span class='ocrx_word' id='word_1_132' title='bbox 3076 1294 3379 1367; x_wconf 78' lang='grc' dir='ltr'>ἀρχιερέως.</span> <span class='ocrx_word' id='word_1_133' title='bbox 3442 1295 3707 1370; x_wconf 79' lang='grc' dir='ltr'>Ἀρχεται</span> 
     </span>
    </p>
   </div>
   <div class='ocr_carea' id='block_1_24' title="bbox 2096 1376 3708 1457">
    <p class='ocr_par' dir='ltr' id='par_1_24' title="bbox 2096 1376 3708 1457">
     <span class='ocr_line' id='line_1_24' title="bbox 2096 1376 3708 1457; baseline 0.005 -28"><span class='ocrx_word' id='word_1_134' title='bbox 2096 1376 2195 1430; x_wconf 87' lang='grc' dir='ltr'>ἀπὸ</span> <span class='ocrx_word' id='word_1_135' title='bbox 2247 1387 2340 1440; x_wconf 84' lang='grc' dir='ltr'>τῆς</span> <span class='ocrx_word' id='word_1_136' title='bbox 2393 1378 2701 1452; x_wconf 76' lang='grc' dir='ltr'>ἀναιρέσεως</span> <span class='ocrx_word' id='word_1_137' title='bbox 2760 1388 3077 1456; x_wconf 84' lang='grc' dir='ltr'>Μαυρικίου,</span> <span class='ocrx_word' id='word_1_138' title='bbox 3133 1389 3222 1435; x_wconf 88' lang='grc' dir='ltr'>καὶ</span> <span class='ocrx_word' id='word_1_139' title='bbox 3283 1387 3488 1436; x_wconf 76' lang='grc' dir='ltr'>κάτεισι</span> <span class='ocrx_word' id='word_1_140' title='bbox 3536 1391 3708 1457; x_wconf 84' lang='grc' dir='ltr'>μέχρι</span> 
     </span>
    </p>
   </div>
   <div class='ocr_carea' id='block_1_25' title="bbox 2095 1468 3711 1545">
    <p class='ocr_par' dir='ltr' id='par_1_25' title="bbox 2095 1468 3711 1545">
     <span class='ocr_line' id='line_1_25' title="bbox 2095 1468 3711 1545; baseline 0.005 -26"><span class='ocrx_word' id='word_1_141' title='bbox 2095 1476 2188 1527; x_wconf 83' lang='grc' dir='ltr'>τῆς</span> <span class='ocrx_word' id='word_1_142' title='bbox 2238 1468 2307 1529; x_wconf 78' lang='grc' dir='ltr'>εἰς</span> <span class='ocrx_word' id='word_1_143' title='bbox 2349 1471 2516 1540; x_wconf 86' lang='grc' dir='ltr'>γάμον</span> <span class='ocrx_word' id='word_1_144' title='bbox 2559 1475 2826 1532; x_wconf 79' lang='grc' dir='ltr'>κοινωνίας</span> <span class='ocrx_word' id='word_1_145' title='bbox 2885 1477 3102 1532; x_wconf 82' lang='grc' dir='ltr'>Λέοντος</span> <span class='ocrx_word' id='word_1_146' title='bbox 3147 1478 3232 1524; x_wconf 83' lang='grc' dir='ltr'>καὶ</span> <span class='ocrx_word' id='word_1_147' title='bbox 3278 1474 3510 1545; x_wconf 74' lang='grc' dir='ltr'>Εἰρήνης.</span> <span class='ocrx_word' id='word_1_148' title='bbox 3547 1475 3711 1527; x_wconf 79' lang='grc' dir='ltr'>’Ἐστι</span> 
     </span>
    </p>
   </div>
   <div class='ocr_carea' id='block_1_26' title="bbox 2098 1554 3712 1636">
    <p class='ocr_par' dir='ltr' id='par_1_26' title="bbox 2098 1554 3712 1636">
     <span class='ocr_line' id='line_1_26' title="bbox 2098 1554 3712 1636; baseline 0.003 -26"><span class='ocrx_word' id='word_1_149' title='bbox 2098 1554 2155 1610; x_wconf 63' lang='grc' dir='ltr'>δὲ</span> <span class='ocrx_word' id='word_1_150' title='bbox 2211 1562 2302 1615; x_wconf 77' lang='grc' dir='ltr'>τὴν</span> <span class='ocrx_word' id='word_1_151' title='bbox 2363 1560 2552 1632; x_wconf 83' lang='grc' dir='ltr'>φράσιν</span> <span class='ocrx_word' id='word_1_152' title='bbox 2603 1558 2873 1631; x_wconf 79' lang='grc' dir='ltr'>ἀπέριττός</span> <span class='ocrx_word' id='word_1_153' title='bbox 2923 1581 2974 1613; x_wconf 86' lang='grc' dir='ltr'>τε</span> <span class='ocrx_word' id='word_1_154' title='bbox 3028 1567 3117 1614; x_wconf 81' lang='grc' dir='ltr'>καὶ</span> <span class='ocrx_word' id='word_1_155' title='bbox 3165 1568 3356 1634; x_wconf 82' lang='grc' dir='ltr'>σαφὴς,</span> <span class='ocrx_word' id='word_1_156' title='bbox 3408 1563 3712 1636; x_wconf 76' lang='grc' dir='ltr'>καλλιλεξίᾳ</span> 
     </span>
    </p>
   </div>
   <div class='ocr_carea' id='block_1_27' title="bbox 2096 1649 3710 1723">
    <p class='ocr_par' dir='ltr' id='par_1_27' title="bbox 2096 1649 3710 1723">
     <span class='ocr_line' id='line_1_27' title="bbox 2096 1649 3710 1723; baseline 0.002 -25"><span class='ocrx_word' id='word_1_157' title='bbox 2096 1665 2149 1698; x_wconf 80' lang='grc' dir='ltr'>τε</span> <span class='ocrx_word' id='word_1_158' title='bbox 2191 1651 2277 1697; x_wconf 82' lang='grc' dir='ltr'>καὶ</span> <span class='ocrx_word' id='word_1_159' title='bbox 2322 1650 2554 1719; x_wconf 74' lang='grc' dir='ltr'>συνθήκη</span> <span class='ocrx_word' id='word_1_160' title='bbox 2606 1649 2758 1718; x_wconf 85' lang='grc' dir='ltr'>λόγου</span> <span class='ocrx_word' id='word_1_161' title='bbox 2807 1654 2922 1702; x_wconf 74' lang='grc' dir='ltr'>οὔτε</span> <span class='ocrx_word' id='word_1_162' title='bbox 2960 1650 3200 1723; x_wconf 67' lang='grc' dir='ltr'>λελυμένῃ</span> <span class='ocrx_word' id='word_1_163' title='bbox 3260 1655 3374 1702; x_wconf 71' lang='grc' dir='ltr'>οὔτε</span> <span class='ocrx_word' id='word_1_164' title='bbox 3423 1649 3488 1702; x_wconf 79' lang='grc' dir='ltr'>αὖ</span> <span class='ocrx_word' id='word_1_165' title='bbox 3548 1654 3710 1704; x_wconf 85' lang='grc' dir='ltr'>πάλιν</span> 
     </span>
    </p>
   </div>
   <div class='ocr_carea' id='block_1_28' title="bbox 333 1733 1981 1819">
    <p class='ocr_par' dir='ltr' id='par_1_28' title="bbox 333 1733 1981 1819">
     <span class='ocr_line' id='line_1_28' title="bbox 333 1733 1981 1819; baseline -0.009 -6"><span class='ocrx_word' id='word_1_166' title='bbox 333 1757 591 1818; x_wconf 87' lang='lat' dir='ltr'>astricta,</span> <span class='ocrx_word' id='word_1_167' title='bbox 620 1733 794 1809; x_wconf 82' lang='lat' dir='ltr'>anxie</span> <span class='ocrx_word' id='word_1_168' title='bbox 825 1755 910 1804; x_wconf 91' lang='lat' dir='ltr'>est</span> <span class='ocrx_word' id='word_1_169' title='bbox 940 1764 1082 1803; x_wconf 83' lang='lat' dir='ltr'>usus</span> <span class='ocrx_word' id='word_1_170' title='bbox 1108 1766 1120 1813; x_wconf 83' lang='lat'>;</span> <span class='ocrx_word' id='word_1_171' title='bbox 1153 1747 1254 1802; x_wconf 91' lang='lat' dir='ltr'>sed</span> <span class='ocrx_word' id='word_1_172' title='bbox 1274 1747 1474 1819; x_wconf 83' lang='lat' dir='ltr'>qualia</span> <span class='ocrx_word' id='word_1_173' title='bbox 1491 1745 1778 1801; x_wconf 89' lang='lat' dir='ltr'>adhibere</span> <span class='ocrx_word' id='word_1_174' title='bbox 1795 1745 1981 1816; x_wconf 82' lang='lat' dir='ltr'>possit</span> 
     </span>
    </p>
   </div>
   <div class='ocr_carea' id='block_1_29' title="bbox 2103 1733 3709 1819">
    <p class='ocr_par' dir='ltr' id='par_1_29' title="bbox 2103 1740 3709 1813">
     <span class='ocr_line' id='line_1_29' title="bbox 2103 1740 3709 1813; baseline 0.003 -25"><span class='ocrx_word' id='word_1_175' title='bbox 2103 1742 2518 1809; x_wconf 73' lang='grc' dir='ltr'>συμπεπιεσμένη</span> <span class='ocrx_word' id='word_1_176' title='bbox 2580 1741 2863 1809; x_wconf 70' lang='grc' dir='ltr'>περιέργως</span> <span class='ocrx_word' id='word_1_177' title='bbox 2927 1745 3270 1813; x_wconf 77' lang='grc' dir='ltr'>κεχρημένος,</span> <span class='ocrx_word' id='word_1_178' title='bbox 3330 1740 3437 1791; x_wconf 81' lang='grc' dir='ltr'>ἀλλ’</span> <span class='ocrx_word' id='word_1_179' title='bbox 3511 1744 3598 1813; x_wconf 76' lang='grc' dir='ltr'>οἶα</span> <span class='ocrx_word' id='word_1_180' title='bbox 3645 1744 3709 1793; x_wconf 75' lang='grc' dir='ltr'>ἄν</span> 
     </span>
    </p>
   </div>
   <div class='ocr_carea' id='block_1_30' title="bbox 332 1835 1988 1914">
    <p class='ocr_par' dir='ltr' id='par_1_30' title="bbox 332 1835 1988 1914">
     <span class='ocr_line' id='line_1_30' title="bbox 332 1835 1988 1914; baseline -0.008 -11"><span class='ocrx_word' id='word_1_181' title='bbox 332 1847 532 1903; x_wconf 87' lang='lat' dir='ltr'>rhetor</span> <span class='ocrx_word' id='word_1_182' title='bbox 579 1842 794 1914; x_wconf 87' lang='lat' dir='ltr'>quivis,</span> <span class='ocrx_word' id='word_1_183' title='bbox 827 1837 914 1894; x_wconf 93' lang='lat' dir='ltr'>vel</span> <span class='ocrx_word' id='word_1_184' title='bbox 961 1838 1256 1909; x_wconf 82' lang='lat' dir='ltr'>perfectus</span> <span class='ocrx_word' id='word_1_185' title='bbox 1314 1851 1524 1891; x_wconf 89' lang='lat' dir='ltr'><strong>revera</strong></span> <span class='ocrx_word' id='word_1_186' title='bbox 1563 1840 1782 1889; x_wconf 88' lang='lat' dir='ltr'>orator.</span> <span class='ocrx_word' id='word_1_187' title='bbox 1831 1835 1988 1890; x_wconf 88' lang='lat' dir='ltr'>Vitat</span> 
     </span>
    </p>
   </div>
   <div class='ocr_carea' id='block_1_31' title="bbox 333 1925 1988 1999">
    <p class='ocr_par' dir='ltr' id='par_1_31' title="bbox 333 1925 1988 1999">
     <span class='ocr_line' id='line_1_31' title="bbox 333 1925 1988 1999; baseline -0.008 -7"><span class='ocrx_word' id='word_1_188' title='bbox 333 1936 493 1992; x_wconf 90' lang='lat' dir='ltr'>enim</span> <span class='ocrx_word' id='word_1_189' title='bbox 535 1948 688 1988; x_wconf 90' lang='lat' dir='ltr'>nove</span> <span class='ocrx_word' id='word_1_190' title='bbox 736 1931 892 1999; x_wconf 81' lang='lat' dir='ltr'>ﬁcta,</span> <span class='ocrx_word' id='word_1_191' title='bbox 935 1942 1128 1998; x_wconf 88' lang='lat' dir='ltr'>neque</span> <span class='ocrx_word' id='word_1_192' title='bbox 1184 1925 1533 1996; x_wconf 83' lang='lat' dir='ltr'>antiquitate</span> <span class='ocrx_word' id='word_1_193' title='bbox 1576 1940 1808 1995; x_wconf 87' lang='lat' dir='ltr'>usuque</span> <span class='ocrx_word' id='word_1_194' title='bbox 1851 1939 1988 1994; x_wconf 89' lang='lat' dir='ltr'>pro-</span> 
     </span>
    </p>
   </div>
   <div class='ocr_carea' id='block_1_32' title="bbox 333 2013 1987 2096">
    <p class='ocr_par' dir='ltr' id='par_1_32' title="bbox 333 2013 1987 2096">
     <span class='ocr_line' id='line_1_32' title="bbox 333 2013 1987 2096; baseline -0.008 -14"><span class='ocrx_word' id='word_1_195' title='bbox 333 2027 476 2083; x_wconf 90' lang='lat' dir='ltr'>bata</span> <span class='ocrx_word' id='word_1_196' title='bbox 502 2021 779 2096; x_wconf 71' lang='lat' dir='ltr'>prteterit.</span> <span class='ocrx_word' id='word_1_197' title='bbox 799 2019 823 2073; x_wconf 89' lang='lat' dir='ltr'>J</span> <span class='ocrx_word' id='word_1_198' title='bbox 840 2017 1155 2073; x_wconf 88' lang='lat' dir='ltr'>ucunditas</span> <span class='ocrx_word' id='word_1_199' title='bbox 1190 2015 1398 2069; x_wconf 70' lang='lat' dir='ltr'>adhasc</span> <span class='ocrx_word' id='word_1_200' title='bbox 1421 2013 1498 2068; x_wconf 84' lang='lat' dir='ltr'>illi</span> <span class='ocrx_word' id='word_1_201' title='bbox 1518 2013 1774 2084; x_wconf 82' lang='lat' dir='ltr'>gratiam</span> <span class='ocrx_word' id='word_1_202' title='bbox 1793 2015 1987 2068; x_wconf 88' lang='lat' dir='ltr'>conci-</span> 
     </span>
    </p>
   </div>
   <div class='ocr_carea' id='block_1_33' title="bbox 333 2101 1986 2175">
    <p class='ocr_par' dir='ltr' id='par_1_33' title="bbox 333 2101 1986 2175">
     <span class='ocr_line' id='line_1_33' title="bbox 333 2101 1986 2175; baseline -0.01 -3"><span class='ocrx_word' id='word_1_203' title='bbox 333 2115 433 2173; x_wconf 88' lang='lat' dir='ltr'>liat</span> <span class='ocrx_word' id='word_1_204' title='bbox 463 2114 521 2170; x_wconf 91' lang='lat' dir='ltr'>in</span> <span class='ocrx_word' id='word_1_205' title='bbox 548 2109 825 2167; x_wconf 88' lang='lat' dir='ltr'>dicendo.</span> <span class='ocrx_word' id='word_1_206' title='bbox 857 2105 1143 2175; x_wconf 86' lang='lat' dir='ltr'>Denique,</span> <span class='ocrx_word' id='word_1_207' title='bbox 1182 2109 1246 2158; x_wconf 83' lang='lat' dir='ltr'>ut;</span> <span class='ocrx_word' id='word_1_208' title='bbox 1277 2102 1456 2158; x_wconf 86' lang='lat' dir='ltr'>verbo</span> <span class='ocrx_word' id='word_1_209' title='bbox 1487 2103 1828 2173; x_wconf 83' lang='lat' dir='ltr'>expediam,</span> <span class='ocrx_word' id='word_1_210' title='bbox 1863 2101 1986 2173; x_wconf 88' lang='lat' dir='ltr'>ple-</span> 
     </span>
    </p>
   </div>
   <div class='ocr_carea' id='block_1_34' title="bbox 333 2189 1988 2274">
    <p class='ocr_par' dir='ltr' id='par_1_34' title="bbox 333 2189 1988 2274">
     <span class='ocr_line' id='line_1_34' title="bbox 333 2189 1988 2274; baseline -0.009 -15"><span class='ocrx_word' id='word_1_211' title='bbox 333 2217 576 2274; x_wconf 88' lang='lat' dir='ltr'>rosque,</span> <span class='ocrx_word' id='word_1_212' title='bbox 635 2197 736 2270; x_wconf 89' lang='lat' dir='ltr'>qui</span> <span class='ocrx_word' id='word_1_213' title='bbox 808 2195 1278 2258; x_wconf 90' lang='lat' dir='ltr'>antecesserunt,</span> <span class='ocrx_word' id='word_1_214' title='bbox 1351 2190 1629 2244; x_wconf 88' lang='lat' dir='ltr'>historica</span> <span class='ocrx_word' id='word_1_215' title='bbox 1671 2189 1988 2260; x_wconf 87' lang='lat' dir='ltr'>scriptione</span> 
     </span>
    </p>
   </div>
   <div class='ocr_carea' id='block_1_35' title="bbox 333 2277 1987 2351">
    <p class='ocr_par' dir='ltr' id='par_1_35' title="bbox 333 2277 1987 2351">
     <span class='ocr_line' id='line_1_35' title="bbox 333 2277 1987 2351; baseline -0.01 -3"><span class='ocrx_word' id='word_1_216' title='bbox 333 2288 700 2349; x_wconf 87' lang='lat' dir='ltr'>transeundo</span> <span class='ocrx_word' id='word_1_217' title='bbox 721 2286 1021 2346; x_wconf 89' lang='lat' dir='ltr'>obscurat,</span> <span class='ocrx_word' id='word_1_218' title='bbox 1047 2280 1333 2351; x_wconf 86' lang='lat' dir='ltr'>nisiquod</span> <span class='ocrx_word' id='word_1_219' title='bbox 1351 2279 1538 2334; x_wconf 91' lang='lat' dir='ltr'>nimia</span> <span class='ocrx_word' id='word_1_220' title='bbox 1561 2277 1844 2333; x_wconf 86' lang='lat' dir='ltr'>brevitate</span> <span class='ocrx_word' id='word_1_221' title='bbox 1868 2294 1987 2334; x_wconf 91' lang='lat' dir='ltr'>non</span> 
     </span>
    </p>
   </div>
   <div class='ocr_carea' id='block_1_36' title="bbox 331 2366 1808 2439">
    <p class='ocr_par' dir='ltr' id='par_1_36' title="bbox 331 2366 1808 2439">
     <span class='ocr_line' id='line_1_36' title="bbox 331 2366 1808 2439; baseline -0.011 -2"><span class='ocrx_word' id='word_1_222' title='bbox 331 2380 601 2437; x_wconf 87' lang='lat' dir='ltr'>videatur</span> <span class='ocrx_word' id='word_1_223' title='bbox 625 2389 838 2433; x_wconf 92' lang='lat' dir='ltr'>omnes</span> <span class='ocrx_word' id='word_1_224' title='bbox 867 2368 1196 2428; x_wconf 85' lang='lat' dir='ltr'>venustatis</span> <span class='ocrx_word' id='word_1_225' title='bbox 1236 2374 1435 2439; x_wconf 91' lang='lat' dir='ltr'>partes</span> <span class='ocrx_word' id='word_1_226' title='bbox 1461 2366 1808 2439; x_wconf 79' lang='lat' dir='ltr'>explevisse.</span> 
     </span>
    </p>
   </div>
   <div class='ocr_carea' id='block_1_37' title="bbox 1107 2545 1263 2601">
    <p class='ocr_par' dir='ltr' id='par_1_37' title="bbox 1107 2545 1263 2601">
     <span class='ocr_line' id='line_1_37' title="bbox 1107 2545 1263 2601; baseline -0.006 0"><span class='ocrx_word' id='word_1_227' title='bbox 1107 2545 1263 2601; x_wconf 83' lang='lat' dir='ltr'><strong>XVII.</strong></span> 
     </span>
    </p>
   </div>
   <div class='ocr_carea' id='block_1_38' title="bbox 727 2549 1597 2712">
    <p class='ocr_par' dir='ltr' id='par_1_38' title="bbox 727 2549 1597 2712">
     <span class='ocr_line' id='line_1_38' title="bbox 1064 2549 1263 2602; baseline -0.015 0"><span class='ocrx_word' id='word_1_228' title='bbox 1064 2549 1263 2602; x_wconf 85' lang='lat' dir='ltr'><strong>LXVII.</strong></span> 
     </span>
     <span class='ocr_line' id='line_1_39' title="bbox 727 2635 1597 2712; baseline -0.014 -15"><span class='ocrx_word' id='word_1_229' title='bbox 727 2639 908 2712; x_wconf 81' lang='lat' dir='ltr'>Sergii</span> <span class='ocrx_word' id='word_1_230' title='bbox 935 2635 1291 2708; x_wconf 78' lang='lat' dir='ltr'>Confessoris</span> <span class='ocrx_word' id='word_1_231' title='bbox 1316 2635 1597 2692; x_wconf 79' lang='lat' dir='ltr'>Historia.</span> 
     </span>
    </p>
   </div>
   <div class='ocr_carea' id='block_1_39' title="bbox 410 2794 1985 2870">
    <p class='ocr_par' dir='ltr' id='par_1_39' title="bbox 410 2794 1985 2870">
     <span class='ocr_line' id='line_1_40' title="bbox 410 2794 1985 2870; baseline -0.008 -7"><span class='ocrx_word' id='word_1_232' title='bbox 410 2809 584 2863; x_wconf 81' lang='lat' dir='ltr'>Lecta</span> <span class='ocrx_word' id='word_1_233' title='bbox 613 2807 702 2857; x_wconf 86' lang='lat' dir='ltr'>est</span> <span class='ocrx_word' id='word_1_234' title='bbox 725 2799 908 2870; x_wconf 78' lang='lat' dir='ltr'>Sergii</span> <span class='ocrx_word' id='word_1_235' title='bbox 940 2800 1051 2868; x_wconf 73' lang='grc'>(58)</span> <span class='ocrx_word' id='word_1_236' title='bbox 1083 2795 1452 2855; x_wconf 84' lang='lat' dir='ltr'>Confessoris</span> <span class='ocrx_word' id='word_1_237' title='bbox 1479 2794 1761 2850; x_wconf 78' lang='lat' dir='ltr'>Historia.</span> <span class='ocrx_word' id='word_1_238' title='bbox 1780 2794 1985 2866; x_wconf 89' lang='lat' dir='ltr'>Incipit</span> 
     </span>
    </p>
   </div>
   <div class='ocr_carea' id='block_1_40' title="bbox 335 2882 1983 2959">
    <p class='ocr_par' dir='ltr' id='par_1_40' title="bbox 335 2882 1983 2959">
     <span class='ocr_line' id='line_1_41' title="bbox 335 2882 1983 2959; baseline -0.01 -6"><span class='ocrx_word' id='word_1_239' title='bbox 335 2913 372 2953; x_wconf 86' lang='lat' dir='ltr'>a</span> <span class='ocrx_word' id='word_1_240' title='bbox 398 2891 690 2953; x_wconf 86' lang='lat' dir='ltr'>Michaelis</span> <span class='ocrx_word' id='word_1_241' title='bbox 721 2887 1050 2959; x_wconf 88' lang='lat' dir='ltr'>imp.rebus</span> <span class='ocrx_word' id='word_1_242' title='bbox 1078 2888 1279 2953; x_wconf 82' lang='lat' dir='ltr'>gestis,</span> <span class='ocrx_word' id='word_1_243' title='bbox 1309 2886 1671 2955; x_wconf 83' lang='lat' dir='ltr'>recurritque</span> <span class='ocrx_word' id='word_1_244' title='bbox 1692 2882 1768 2937; x_wconf 89' lang='lat' dir='ltr'>ad</span> <span class='ocrx_word' id='word_1_245' title='bbox 1798 2882 1983 2954; x_wconf 85' lang='lat' dir='ltr'>impia</span> 
     </span>
    </p>
   </div>
   <div class='ocr_carea' id='block_1_41' title="bbox 335 2971 1983 3051">
    <p class='ocr_par' dir='ltr' id='par_1_41' title="bbox 335 2971 1983 3051">
     <span class='ocr_line' id='line_1_42' title="bbox 335 2971 1983 3051; baseline -0.011 -10"><span class='ocrx_word' id='word_1_246' title='bbox 335 2990 391 3040; x_wconf 88' lang='lat' dir='ltr'>et</span> <span class='ocrx_word' id='word_1_247' title='bbox 406 2984 635 3039; x_wconf 82' lang='lat' dir='ltr'>nefaria</span> <span class='ocrx_word' id='word_1_248' title='bbox 649 2977 1011 3051; x_wconf 83' lang='lat' dir='ltr'>Copronymi</span> <span class='ocrx_word' id='word_1_249' title='bbox 1035 2974 1330 3030; x_wconf 88' lang='lat' dir='ltr'>facinora:</span> <span class='ocrx_word' id='word_1_250' title='bbox 1351 2989 1385 3026; x_wconf 92' lang='lat' dir='ltr'>a</span> <span class='ocrx_word' id='word_1_251' title='bbox 1399 2971 1622 3042; x_wconf 88' lang='lat' dir='ltr'>quibus</span> <span class='ocrx_word' id='word_1_252' title='bbox 1642 2986 1820 3041; x_wconf 90' lang='lat' dir='ltr'>porro</span> <span class='ocrx_word' id='word_1_253' title='bbox 1853 2985 1983 3024; x_wconf 86' lang='lat' dir='ltr'>nar-</span> 
     </span>
    </p>
   </div>
   <div class='ocr_carea' id='block_1_42' title="bbox 2097 1827 3702 1903">
    <p class='ocr_par' dir='ltr' id='par_1_42' title="bbox 2097 1827 3702 1903">
     <span class='ocr_line' id='line_1_43' title="bbox 2097 1827 3702 1903; baseline 0.003 -27"><span class='ocrx_word' id='word_1_254' title='bbox 2097 1832 2366 1898; x_wconf 78' lang='grc' dir='ltr'>χρήσαιτο</span> <span class='ocrx_word' id='word_1_255' title='bbox 2415 1828 2439 1877; x_wconf 87' lang='grc' dir='ltr'><strong><em>ὁ</em></strong></span> <span class='ocrx_word' id='word_1_256' title='bbox 2489 1827 2765 1900; x_wconf 78' lang='grc' dir='ltr'>ῥητορικὸς</span> <span class='ocrx_word' id='word_1_257' title='bbox 2822 1831 2885 1887; x_wconf 85' lang='grc' dir='ltr'>ὡς</span> <span class='ocrx_word' id='word_1_258' title='bbox 2944 1827 3144 1888; x_wconf 81' lang='grc' dir='ltr'>ἀληθῶς</span> <span class='ocrx_word' id='word_1_259' title='bbox 3197 1835 3281 1880; x_wconf 77' lang='grc' dir='ltr'>καὶ</span> <span class='ocrx_word' id='word_1_260' title='bbox 3334 1831 3517 1889; x_wconf 80' lang='grc' dir='ltr'>τέλειος</span> <span class='ocrx_word' id='word_1_261' title='bbox 3547 1829 3702 1903; x_wconf 70' lang='grc' dir='ltr'>ἀνὴρ·</span> 
     </span>
    </p>
   </div>
   <div class='ocr_carea' id='block_1_43' title="bbox 2096 1916 3707 1990">
    <p class='ocr_par' dir='ltr' id='par_1_43' title="bbox 2096 1916 3707 1990">
     <span class='ocr_line' id='line_1_44' title="bbox 2096 1916 3707 1990; baseline 0.002 -24"><span class='ocrx_word' id='word_1_262' title='bbox 2096 1921 2153 1966; x_wconf 91' lang='grc' dir='ltr'>τό</span> <span class='ocrx_word' id='word_1_263' title='bbox 2207 1935 2260 1966; x_wconf 78' lang='grc' dir='ltr'>τε</span> <span class='ocrx_word' id='word_1_264' title='bbox 2307 1919 2408 1988; x_wconf 87' lang='grc' dir='ltr'>γάρ</span> <span class='ocrx_word' id='word_1_265' title='bbox 2461 1923 2823 1987; x_wconf 81' lang='grc' dir='ltr'>νεωτεροποιόν</span> <span class='ocrx_word' id='word_1_266' title='bbox 2877 1916 3114 1983; x_wconf 75' lang='grc' dir='ltr'>ἐκκλίνει,</span> <span class='ocrx_word' id='word_1_267' title='bbox 3148 1923 3236 1969; x_wconf 82' lang='grc' dir='ltr'>καὶ</span> <span class='ocrx_word' id='word_1_268' title='bbox 3284 1921 3338 1969; x_wconf 88' lang='grc' dir='ltr'>τὸ</span> <span class='ocrx_word' id='word_1_269' title='bbox 3385 1918 3707 1990; x_wconf 84' lang='grc' dir='ltr'>ἀρχαίοτρο-</span> 
     </span>
    </p>
   </div>
   <div class='ocr_carea' id='block_1_44' title="bbox 2097 2003 3704 2080">
    <p class='ocr_par' dir='ltr' id='par_1_44' title="bbox 2097 2003 3704 2080">
     <span class='ocr_line' id='line_1_45' title="bbox 2097 2003 3704 2080; baseline 0.002 -24"><span class='ocrx_word' id='word_1_270' title='bbox 2097 2025 2190 2056; x_wconf 86' lang='grc' dir='ltr'>πον</span> <span class='ocrx_word' id='word_1_271' title='bbox 2248 2009 2336 2056; x_wconf 84' lang='grc' dir='ltr'>καὶ</span> <span class='ocrx_word' id='word_1_272' title='bbox 2392 2003 2739 2077; x_wconf 70' lang='grc' dir='ltr'>ἐξησκημένον</span> <span class='ocrx_word' id='word_1_273' title='bbox 2794 2006 2851 2056; x_wconf 79' lang='grc' dir='ltr'>οὐ</span> <span class='ocrx_word' id='word_1_274' title='bbox 2910 2013 3251 2080; x_wconf 78' lang='grc' dir='ltr'>παρατρίχει·</span> <span class='ocrx_word' id='word_1_275' title='bbox 3309 2007 3422 2058; x_wconf 82' lang='grc' dir='ltr'>Ἔτι</span> <span class='ocrx_word' id='word_1_276' title='bbox 3477 2004 3536 2059; x_wconf 62' lang='grc' dir='ltr'>δὲ</span> <span class='ocrx_word' id='word_1_277' title='bbox 3607 2013 3704 2059; x_wconf 80' lang='grc' dir='ltr'>καὶ</span> 
     </span>
    </p>
   </div>
   <div class='ocr_carea' id='block_1_45' title="bbox 2099 2090 3708 2168">
    <p class='ocr_par' dir='ltr' id='par_1_45' title="bbox 2099 2090 3708 2168">
     <span class='ocr_line' id='line_1_46' title="bbox 2099 2090 3708 2168; baseline 0.001 -23"><span class='ocrx_word' id='word_1_278' title='bbox 2099 2090 2261 2151; x_wconf 74' lang='grc' dir='ltr'>ἡδονὴ</span> <span class='ocrx_word' id='word_1_279' title='bbox 2311 2099 2558 2168; x_wconf 82' lang='grc' dir='ltr'>κέκραται</span> <span class='ocrx_word' id='word_1_280' title='bbox 2610 2095 2768 2146; x_wconf 74' lang='grc' dir='ltr'>αὐτοῦ</span> <span class='ocrx_word' id='word_1_281' title='bbox 2819 2099 2911 2147; x_wconf 82' lang='grc' dir='ltr'>σὺν</span> <span class='ocrx_word' id='word_1_282' title='bbox 2957 2098 3143 2168; x_wconf 83' lang='grc' dir='ltr'>χάριτι</span> <span class='ocrx_word' id='word_1_283' title='bbox 3201 2104 3308 2156; x_wconf 86' lang='grc' dir='ltr'>τοῖς</span> <span class='ocrx_word' id='word_1_284' title='bbox 3350 2097 3541 2168; x_wconf 78' lang='grc' dir='ltr'>λόγοις.</span> <span class='ocrx_word' id='word_1_285' title='bbox 3600 2101 3708 2149; x_wconf 79' lang='grc' dir='ltr'>Καὶ</span> 
     </span>
    </p>
   </div>
   <div class='ocr_carea' id='block_1_46' title="bbox 2099 2182 3709 2258">
    <p class='ocr_par' dir='ltr' id='par_1_46' title="bbox 2099 2182 3709 2258">
     <span class='ocr_line' id='line_1_47' title="bbox 2099 2182 3709 2258; baseline 0.002 -24"><span class='ocrx_word' id='word_1_286' title='bbox 2099 2183 2220 2243; x_wconf 87' lang='grc' dir='ltr'>ὃλως</span> <span class='ocrx_word' id='word_1_287' title='bbox 2274 2183 2488 2243; x_wconf 83' lang='grc' dir='ltr'>πολλούς</span> <span class='ocrx_word' id='word_1_288' title='bbox 2555 2182 2666 2235; x_wconf 74' lang='grc' dir='ltr'>ἐστι</span> <span class='ocrx_word' id='word_1_289' title='bbox 2717 2193 2813 2236; x_wconf 85' lang='grc' dir='ltr'>τῶν</span> <span class='ocrx_word' id='word_1_290' title='bbox 2874 2188 2971 2255; x_wconf 87' lang='grc' dir='ltr'>πρό</span> <span class='ocrx_word' id='word_1_291' title='bbox 3027 2185 3186 2237; x_wconf 67' lang='grc' dir='ltr'>αὐτοῦ</span> <span class='ocrx_word' id='word_1_292' title='bbox 3246 2185 3709 2258; x_wconf 73' lang='grc' dir='ltr'>ἀποκρυπτόμενος</span> 
     </span>
    </p>
   </div>
   <div class='ocr_carea' id='block_1_47' title="bbox 2096 2269 3712 2346">
    <p class='ocr_par' dir='ltr' id='par_1_47' title="bbox 2096 2269 3712 2346">
     <span class='ocr_line' id='line_1_48' title="bbox 2096 2269 3712 2346; baseline 0 -22"><span class='ocrx_word' id='word_1_293' title='bbox 2096 2269 2225 2345; x_wconf 76' lang='grc' dir='ltr'>τῇδε</span> <span class='ocrx_word' id='word_1_294' title='bbox 2272 2281 2361 2332; x_wconf 80' lang='grc' dir='ltr'>τῆς</span> <span class='ocrx_word' id='word_1_295' title='bbox 2404 2276 2633 2346; x_wconf 84' lang='grc' dir='ltr'>ἱστορίας</span> <span class='ocrx_word' id='word_1_296' title='bbox 2678 2281 2737 2345; x_wconf 76' lang='grc' dir='ltr'>τῇ</span> <span class='ocrx_word' id='word_1_297' title='bbox 2783 2282 3084 2346; x_wconf 73' lang='grc' dir='ltr'>συγγραφῇ,</span> <span class='ocrx_word' id='word_1_298' title='bbox 3143 2274 3184 2325; x_wconf 84' lang='grc' dir='ltr'>εἰ</span> <span class='ocrx_word' id='word_1_299' title='bbox 3238 2279 3309 2346; x_wconf 78' lang='grc' dir='ltr'>μή</span> <span class='ocrx_word' id='word_1_300' title='bbox 3361 2295 3432 2346; x_wconf 77' lang='grc' dir='ltr'>τῳ</span> <span class='ocrx_word' id='word_1_301' title='bbox 3476 2277 3534 2326; x_wconf 84' lang='grc' dir='ltr'>τὸ</span> <span class='ocrx_word' id='word_1_302' title='bbox 3584 2274 3712 2326; x_wconf 81' lang='grc' dir='ltr'>λίαν</span> 
     </span>
    </p>
   </div>
   <div class='ocr_carea' id='block_1_48' title="bbox 2102 2360 3712 2437">
    <p class='ocr_par' dir='ltr' id='par_1_48' title="bbox 2102 2360 3712 2437">
     <span class='ocr_line' id='line_1_49' title="bbox 2102 2360 3712 2437; baseline 0 -23"><span class='ocrx_word' id='word_1_303' title='bbox 2102 2367 2509 2434; x_wconf 82' lang='grc' dir='ltr'>συντετμημένον</span> <span class='ocrx_word' id='word_1_304' title='bbox 2565 2362 2670 2433; x_wconf 71' lang='grc' dir='ltr'>οὐχ</span> <span class='ocrx_word' id='word_1_305' title='bbox 2714 2361 2990 2436; x_wconf 83' lang='grc' dir='ltr'>ὁλόκληρον</span> <span class='ocrx_word' id='word_1_306' title='bbox 3040 2360 3182 2424; x_wconf 76' lang='grc' dir='ltr'>δόξει</span> <span class='ocrx_word' id='word_1_307' title='bbox 3230 2360 3577 2437; x_wconf 73' lang='grc' dir='ltr'>διαπεραίνειν</span> <span class='ocrx_word' id='word_1_308' title='bbox 3611 2369 3712 2422; x_wconf 75' lang='grc' dir='ltr'>τὴν</span> 
     </span>
    </p>
   </div>
   <div class='ocr_carea' id='block_1_49' title="bbox 2098 2453 2280 2524">
    <p class='ocr_par' dir='ltr' id='par_1_49' title="bbox 2098 2453 2280 2524">
     <span class='ocr_line' id='line_1_50' title="bbox 2098 2453 2280 2524; baseline 0 -22"><span class='ocrx_word' id='word_1_309' title='bbox 2098 2453 2280 2524; x_wconf 84' lang='grc' dir='ltr'>χάριν.</span> 
     </span>
    </p>
   </div>
   <div class='ocr_carea' id='block_1_50' title="bbox 2845 2541 2962 2597">
    <p class='ocr_par' dir='ltr' id='par_1_50' title="bbox 2845 2541 2962 2597">
     <span class='ocr_line' id='line_1_51' title="bbox 2845 2541 2962 2597; baseline 0.043 -6"><span class='ocrx_word' id='word_1_310' title='bbox 2845 2541 2962 2597; x_wconf 85' lang='grc' dir='ltr'>ΞΖ¹.</span> 
     </span>
    </p>
   </div>
   <div class='ocr_carea' id='block_1_51' title="bbox 2171 2626 3634 2703">
    <p class='ocr_par' dir='ltr' id='par_1_51' title="bbox 2171 2626 3634 2703">
     <span class='ocr_line' id='line_1_52' title="bbox 2171 2626 3634 2703; baseline 0 -23"><span class='ocrx_word' id='word_1_311' title='bbox 2171 2634 2380 2703; x_wconf 83' lang='grc' dir='ltr'>Σεργίου</span> <span class='ocrx_word' id='word_1_312' title='bbox 2451 2636 2542 2680; x_wconf 80' lang='grc' dir='ltr'>τοῦ</span> <span class='ocrx_word' id='word_1_313' title='bbox 2617 2626 2974 2703; x_wconf 80' lang='grc' dir='ltr'>Ὁμολογητοῦ</span> <span class='ocrx_word' id='word_1_314' title='bbox 3057 2628 3447 2686; x_wconf 78' lang='grc' dir='ltr'>στηλιτευτικὸν</span> <span class='ocrx_word' id='word_1_315' title='bbox 3527 2638 3634 2681; x_wconf 83' lang='grc' dir='ltr'>τῶν</span> 
     </span>
    </p>
   </div>
   <div class='ocr_carea' id='block_1_52' title="bbox 2716 2699 3091 2771">
    <p class='ocr_par' dir='ltr' id='par_1_52' title="bbox 2716 2699 3091 2771">
     <span class='ocr_line' id='line_1_53' title="bbox 2716 2699 3091 2771; baseline 0.005 -21"><span class='ocrx_word' id='word_1_316' title='bbox 2716 2699 3091 2771; x_wconf 81' lang='grc' dir='ltr'>εἰκονομάχων.</span> 
     </span>
    </p>
   </div>
   <div class='ocr_carea' id='block_1_53' title="bbox 2167 2789 3713 2862">
    <p class='ocr_par' dir='ltr' id='par_1_53' title="bbox 2167 2789 3713 2862">
     <span class='ocr_line' id='line_1_54' title="bbox 2167 2789 3713 2862; baseline 0 -21"><span class='ocrx_word' id='word_1_317' title='bbox 2167 2789 2489 2860; x_wconf 81' lang='grc' dir='ltr'>Ἀνεγνὼσθη</span> <span class='ocrx_word' id='word_1_318' title='bbox 2560 2794 2772 2862; x_wconf 81' lang='grc' dir='ltr'>Σεργίου</span> <span class='ocrx_word' id='word_1_319' title='bbox 2831 2798 2920 2840; x_wconf 75' lang='grc' dir='ltr'>τοῦ</span> <span class='ocrx_word' id='word_1_320' title='bbox 2995 2789 3368 2859; x_wconf 79' lang='grc' dir='ltr'>Ὀμολογητοῦ.</span> <span class='ocrx_word' id='word_1_321' title='bbox 3435 2789 3713 2860; x_wconf 80' lang='grc' dir='ltr'>Ἀρχετοιι</span> 
     </span>
    </p>
   </div>
   <div class='ocr_carea' id='block_1_54' title="bbox 2095 2877 3712 2951">
    <p class='ocr_par' dir='ltr' id='par_1_54' title="bbox 2095 2877 3712 2951">
     <span class='ocr_line' id='line_1_55' title="bbox 2095 2877 3712 2951; baseline 0.001 -21"><span class='ocrx_word' id='word_1_322' title='bbox 2095 2879 2194 2930; x_wconf 83' lang='grc' dir='ltr'>ἀπὸ</span> <span class='ocrx_word' id='word_1_323' title='bbox 2239 2888 2335 2930; x_wconf 79' lang='grc' dir='ltr'>τῶν</span> <span class='ocrx_word' id='word_1_324' title='bbox 2383 2886 2474 2930; x_wconf 76' lang='grc' dir='ltr'>τοῦ</span> <span class='ocrx_word' id='word_1_325' title='bbox 2529 2877 2750 2949; x_wconf 71' lang='grc' dir='ltr'>Μιχαὴλ</span> <span class='ocrx_word' id='word_1_326' title='bbox 2778 2878 3027 2950; x_wconf 79' lang='grc' dir='ltr'>πράξεων,</span> <span class='ocrx_word' id='word_1_327' title='bbox 3069 2877 3188 2949; x_wconf 79' lang='grc'>[101</span> <span class='ocrx_word' id='word_1_328' title='bbox 3229 2878 3320 2951; x_wconf 79' lang='lat' dir='ltr'>R.]</span> <span class='ocrx_word' id='word_1_329' title='bbox 3354 2884 3442 2930; x_wconf 83' lang='grc' dir='ltr'>καὶ</span> <span class='ocrx_word' id='word_1_330' title='bbox 3488 2880 3712 2951; x_wconf 81' lang='grc' dir='ltr'>ἀνατρέ-</span> 
     </span>
    </p>
   </div>
   <div class='ocr_carea' id='block_1_55' title="bbox 2093 2965 3711 3040">
    <p class='ocr_par' dir='ltr' id='par_1_55' title="bbox 2093 2965 3711 3040">
     <span class='ocr_line' id='line_1_56' title="bbox 2093 2965 3711 3040; baseline 0 -21"><span class='ocrx_word' id='word_1_331' title='bbox 2093 2989 2182 3038; x_wconf 82' lang='grc' dir='ltr'>χει</span> <span class='ocrx_word' id='word_1_332' title='bbox 2223 2968 2304 3020; x_wconf 86' lang='grc' dir='ltr'>ἐπὶ</span> <span class='ocrx_word' id='word_1_333' title='bbox 2343 2971 2410 3018; x_wconf 79' lang='grc' dir='ltr'>τὰ</span> <span class='ocrx_word' id='word_1_334' title='bbox 2453 2976 2542 3018; x_wconf 77' lang='grc' dir='ltr'>του</span> <span class='ocrx_word' id='word_1_335' title='bbox 2601 2971 2950 3040; x_wconf 79' lang='grc' dir='ltr'>Κοπρωνύμου</span> <span class='ocrx_word' id='word_1_336' title='bbox 2994 2966 3216 3039; x_wconf 72' lang='grc' dir='ltr'>ἀθέμιτα</span> <span class='ocrx_word' id='word_1_337' title='bbox 3249 2973 3336 3018; x_wconf 86' lang='grc' dir='ltr'>καὶ</span> <span class='ocrx_word' id='word_1_338' title='bbox 3391 2965 3711 3038; x_wconf 73' lang='grc' dir='ltr'>ἐϐδελυγμέ-</span> 
     </span>
    </p>
   </div>
   <div class='ocr_carea' id='block_1_56' title="bbox 333 3053 1981 3141">
    <p class='ocr_par' dir='ltr' id='par_1_56' title="bbox 333 3057 1978 3136">
     <span class='ocr_line' id='line_1_57' title="bbox 333 3057 1978 3136; baseline -0.012 -7"><span class='ocrx_word' id='word_1_339' title='bbox 333 3089 466 3128; x_wconf 87' lang='lat' dir='ltr'>rare</span> <span class='ocrx_word' id='word_1_340' title='bbox 496 3087 566 3126; x_wconf 83' lang='lat' dir='ltr'>ex</span> <span class='ocrx_word' id='word_1_341' title='bbox 592 3067 795 3124; x_wconf 89' lang='lat' dir='ltr'>ordine</span> <span class='ocrx_word' id='word_1_342' title='bbox 828 3065 1018 3136; x_wconf 82' lang='lat' dir='ltr'>pergit</span> <span class='ocrx_word' id='word_1_343' title='bbox 1049 3063 1125 3116; x_wconf 85' lang='lat' dir='ltr'>ad</span> <span class='ocrx_word' id='word_1_344' title='bbox 1151 3066 1429 3116; x_wconf 87' lang='lat' dir='ltr'>octavum</span> <span class='ocrx_word' id='word_1_345' title='bbox 1460 3075 1645 3130; x_wconf 89' lang='lat' dir='ltr'>usque</span> <span class='ocrx_word' id='word_1_346' title='bbox 1686 3057 1978 3113; x_wconf 86' lang='lat' dir='ltr'>Michaelis</span> 
     </span>
    </p>
   </div>
   <div class='ocr_carea' id='block_1_57' title="bbox 2103 3053 3708 3141">
    <p class='ocr_par' dir='ltr' id='par_1_57' title="bbox 2103 3053 3708 3130">
     <span class='ocr_line' id='line_1_58' title="bbox 2103 3053 3708 3130; baseline 0.021 -32"><span class='ocrx_word' id='word_1_347' title='bbox 2103 3078 2153 3108; x_wconf 68' lang='grc' dir='ltr'>ια</span> <span class='ocrx_word' id='word_1_348' title='bbox 2195 3060 2341 3128; x_wconf 80' lang='grc' dir='ltr'>ἔργα,</span> <span class='ocrx_word' id='word_1_349' title='bbox 2392 3061 2480 3107; x_wconf 82' lang='grc' dir='ltr'>καὶ</span> <span class='ocrx_word' id='word_1_350' title='bbox 2529 3057 2756 3106; x_wconf 83' lang='grc' dir='ltr'>κάτεισιν</span> <span class='ocrx_word' id='word_1_351' title='bbox 2817 3054 3002 3107; x_wconf 79' lang='grc' dir='ltr'>ἐκεῖθεν</span> <span class='ocrx_word' id='word_1_352' title='bbox 3034 3055 3209 3127; x_wconf 66' lang='grc' dir='ltr'>ἐφεξῆς</span> <span class='ocrx_word' id='word_1_353' title='bbox 3269 3053 3476 3118; x_wconf 70' lang='grc' dir='ltr'>διεξιὼν</span> <span class='ocrx_word' id='word_1_354' title='bbox 3529 3062 3708 3130; x_wconf 74' lang='grc' dir='ltr'>μέχρι</span> 
     </span>
    </p>
   </div>
   <div class='ocr_carea' id='block_1_58' title="bbox 336 3146 1980 3223">
    <p class='ocr_par' dir='ltr' id='par_1_58' title="bbox 336 3146 1980 3223">
     <span class='ocr_line' id='line_1_59' title="bbox 336 3146 1980 3223; baseline -0.01 -5"><span class='ocrx_word' id='word_1_355' title='bbox 336 3177 586 3223; x_wconf 88' lang='lat' dir='ltr'>annum,</span> <span class='ocrx_word' id='word_1_356' title='bbox 620 3173 714 3212; x_wconf 90' lang='lat' dir='ltr'>res</span> <span class='ocrx_word' id='word_1_357' title='bbox 748 3155 825 3210; x_wconf 92' lang='lat' dir='ltr'>ab</span> <span class='ocrx_word' id='word_1_358' title='bbox 857 3169 926 3209; x_wconf 90' lang='lat' dir='ltr'>eo</span> <span class='ocrx_word' id='word_1_359' title='bbox 963 3151 1176 3222; x_wconf 83' lang='lat' dir='ltr'>partim</span> <span class='ocrx_word' id='word_1_360' title='bbox 1207 3151 1266 3204; x_wconf 92' lang='lat' dir='ltr'>in</span> <span class='ocrx_word' id='word_1_361' title='bbox 1305 3146 1638 3218; x_wconf 89' lang='lat' dir='ltr'>republica,</span> <span class='ocrx_word' id='word_1_362' title='bbox 1680 3148 1890 3218; x_wconf 88' lang='lat' dir='ltr'>partim</span> <span class='ocrx_word' id='word_1_363' title='bbox 1922 3147 1980 3202; x_wconf 87' lang='lat' dir='ltr'>in</span> 
     </span>
    </p>
   </div>
   <div class='ocr_carea' id='block_1_59' title="bbox 334 3235 1980 3315">
    <p class='ocr_par' dir='ltr' id='par_1_59' title="bbox 334 3235 1980 3315">
     <span class='ocr_line' id='line_1_60' title="bbox 334 3235 1980 3315; baseline -0.009 -8"><span class='ocrx_word' id='word_1_364' title='bbox 334 3248 593 3308; x_wconf 88' lang='lat' dir='ltr'>Ecclesia</span> <span class='ocrx_word' id='word_1_365' title='bbox 613 3249 832 3315; x_wconf 80' lang='lat' dir='ltr'>gestas.</span> <span class='ocrx_word' id='word_1_366' title='bbox 853 3241 1004 3308; x_wconf 87' lang='lat' dir='ltr'>Quin</span> <span class='ocrx_word' id='word_1_367' title='bbox 1026 3244 1236 3310; x_wconf 79' lang='lat' dir='ltr'>etquae</span> <span class='ocrx_word' id='word_1_368' title='bbox 1255 3236 1474 3292; x_wconf 75' lang='lat' dir='ltr'>militiae</span> <span class='ocrx_word' id='word_1_369' title='bbox 1495 3236 1690 3307; x_wconf 81' lang='lat' dir='ltr'>gessit,</span> <span class='ocrx_word' id='word_1_370' title='bbox 1715 3235 1980 3308; x_wconf 90' lang='lat' dir='ltr'>quidque</span> 
     </span>
    </p>
   </div>
   <div class='ocr_carea' id='block_1_60' title="bbox 333 3328 1781 3397">
    <p class='ocr_par' dir='ltr' id='par_1_60' title="bbox 333 3328 1781 3397">
     <span class='ocr_line' id='line_1_61' title="bbox 333 3328 1781 3397; baseline -0.012 0"><span class='ocrx_word' id='word_1_371' title='bbox 333 3340 407 3397; x_wconf 89' lang='lat' dir='ltr'>de</span> <span class='ocrx_word' id='word_1_372' title='bbox 436 3337 616 3394; x_wconf 88' lang='lat' dir='ltr'>rebus</span> <span class='ocrx_word' id='word_1_373' title='bbox 637 3333 855 3391; x_wconf 89' lang='lat' dir='ltr'>divinis</span> <span class='ocrx_word' id='word_1_374' title='bbox 890 3328 1156 3393; x_wconf 87' lang='lat' dir='ltr'>senserit,</span> <span class='ocrx_word' id='word_1_375' title='bbox 1191 3331 1466 3383; x_wconf 87' lang='lat' dir='ltr'>accurate</span> <span class='ocrx_word' id='word_1_376' title='bbox 1497 3331 1781 3382; x_wconf 89' lang='lat' dir='ltr'>recenset.</span> 
     </span>
    </p>
   </div>
   <div class='ocr_carea' id='block_1_61' title="bbox 405 3592 1980 3674">
    <p class='ocr_par' dir='ltr' id='par_1_61' title="bbox 405 3592 1980 3674">
     <span class='ocr_line' id='line_1_62' title="bbox 405 3592 1980 3674; baseline -0.01 -10"><span class='ocrx_word' id='word_1_377' title='bbox 405 3605 586 3663; x_wconf 91' lang='lat' dir='ltr'>Dictio</span> <span class='ocrx_word' id='word_1_378' title='bbox 617 3601 745 3674; x_wconf 87' lang='lat' dir='ltr'>ejus</span> <span class='ocrx_word' id='word_1_379' title='bbox 773 3594 1072 3670; x_wconf 89' lang='lat' dir='ltr'>imprimis</span> <span class='ocrx_word' id='word_1_380' title='bbox 1102 3592 1438 3666; x_wconf 84' lang='lat' dir='ltr'>perspicua,</span> <span class='ocrx_word' id='word_1_381' title='bbox 1474 3596 1531 3648; x_wconf 92' lang='lat' dir='ltr'>et</span> <span class='ocrx_word' id='word_1_382' title='bbox 1559 3608 1678 3648; x_wconf 90' lang='lat' dir='ltr'>non</span> <span class='ocrx_word' id='word_1_383' title='bbox 1712 3592 1980 3649; x_wconf 72' lang='lat' dir='ltr'>affectate</span> 
     </span>
    </p>
   </div>
   <div class='ocr_carea' id='block_1_62' title="bbox 330 3683 1981 3758">
    <p class='ocr_par' dir='ltr' id='par_1_62' title="bbox 330 3683 1981 3758">
     <span class='ocr_line' id='line_1_63' title="bbox 330 3683 1981 3758; baseline -0.011 0"><span class='ocrx_word' id='word_1_384' title='bbox 330 3700 634 3758; x_wconf 84' lang='lat' dir='ltr'>exornata,</span> <span class='ocrx_word' id='word_1_385' title='bbox 667 3706 803 3747; x_wconf 88' lang='lat' dir='ltr'>cum</span> <span class='ocrx_word' id='word_1_386' title='bbox 832 3685 1152 3742; x_wconf 86' lang='lat' dir='ltr'>verborum</span> <span class='ocrx_word' id='word_1_387' title='bbox 1180 3683 1517 3752; x_wconf 82' lang='lat' dir='ltr'>signiﬁcatu</span> <span class='ocrx_word' id='word_1_388' title='bbox 1547 3687 1724 3755; x_wconf 90' lang='lat' dir='ltr'>atque</span> <span class='ocrx_word' id='word_1_389' title='bbox 1739 3700 1981 3756; x_wconf 88' lang='lat' dir='ltr'>compo-</span> 
     </span>
    </p>
   </div>
   <div class='ocr_carea' id='block_1_63' title="bbox 329 3771 1979 3850">
    <p class='ocr_par' dir='ltr' id='par_1_63' title="bbox 329 3771 1979 3850">
     <span class='ocr_line' id='line_1_64' title="bbox 329 3771 1979 3850; baseline -0.012 -3"><span class='ocrx_word' id='word_1_390' title='bbox 329 3789 560 3850; x_wconf 90' lang='lat' dir='ltr'>sitione,</span> <span class='ocrx_word' id='word_1_391' title='bbox 590 3790 716 3839; x_wconf 92' lang='lat' dir='ltr'>tum</span> <span class='ocrx_word' id='word_1_392' title='bbox 745 3783 960 3834; x_wconf 72' lang='lat' dir='ltr'>caetera</span> <span class='ocrx_word' id='word_1_393' title='bbox 1009 3773 1294 3829; x_wconf 89' lang='lat' dir='ltr'>orationis</span> <span class='ocrx_word' id='word_1_394' title='bbox 1349 3771 1761 3844; x_wconf 88' lang='lat' dir='ltr'>dispositione,</span> <span class='ocrx_word' id='word_1_395' title='bbox 1794 3779 1858 3828; x_wconf 90' lang='lat' dir='ltr'>ut</span> <span class='ocrx_word' id='word_1_396' title='bbox 1915 3791 1979 3828; x_wconf 80' lang='lat' dir='ltr'>ex</span> 
     </span>
    </p>
   </div>
   <div class='ocr_carea' id='block_1_64' title="bbox 330 3861 1974 3949">
    <p class='ocr_par' dir='ltr' id='par_1_64' title="bbox 330 3861 1974 3949">
     <span class='ocr_line' id='line_1_65' title="bbox 330 3861 1974 3949; baseline -0.013 -12"><span class='ocrx_word' id='word_1_397' title='bbox 330 3888 598 3949; x_wconf 91' lang='lat' dir='ltr'>tempore</span> <span class='ocrx_word' id='word_1_398' title='bbox 639 3872 804 3928; x_wconf 80' lang='lat' dir='ltr'>fusus</span> <span class='ocrx_word' id='word_1_399' title='bbox 827 3866 909 3921; x_wconf 91' lang='lat' dir='ltr'>illi</span> <span class='ocrx_word' id='word_1_400' title='bbox 941 3879 1139 3918; x_wconf 87' lang='lat' dir='ltr'>sermo</span> <span class='ocrx_word' id='word_1_401' title='bbox 1181 3861 1638 3934; x_wconf 86' lang='lat' dir='ltr'>quodammodo</span> <span class='ocrx_word' id='word_1_402' title='bbox 1684 3863 1974 3918; x_wconf 86' lang='lat' dir='ltr'>videatur.</span> 
     </span>
    </p>
   </div>
   <div class='ocr_carea' id='block_1_65' title="bbox 331 3951 1978 4027">
    <p class='ocr_par' dir='ltr' id='par_1_65' title="bbox 331 3951 1978 4027">
     <span class='ocr_line' id='line_1_66' title="bbox 331 3951 1978 4027; baseline -0.012 -1"><span class='ocrx_word' id='word_1_403' title='bbox 331 3968 528 4027; x_wconf 87' lang='lat' dir='ltr'>Oratio</span> <span class='ocrx_word' id='word_1_404' title='bbox 559 3963 717 4019; x_wconf 91' lang='lat' dir='ltr'>enim</span> <span class='ocrx_word' id='word_1_405' title='bbox 748 3958 950 4014; x_wconf 85' lang='lat' dir='ltr'>nativa</span> <span class='ocrx_word' id='word_1_406' title='bbox 963 3958 1270 4008; x_wconf 86' lang='lat' dir='ltr'>venustate</span> <span class='ocrx_word' id='word_1_407' title='bbox 1290 3951 1501 4006; x_wconf 89' lang='lat' dir='ltr'>ﬂorida</span> <span class='ocrx_word' id='word_1_408' title='bbox 1522 3951 1746 4006; x_wconf 89' lang='lat' dir='ltr'>nullam</span> <span class='ocrx_word' id='word_1_409' title='bbox 1773 3953 1978 4008; x_wconf 73' lang='lat' dir='ltr'>formae</span> 
     </span>
    </p>
   </div>
   <div class='ocr_carea' id='block_1_66' title="bbox 333 4041 1980 4131">
    <p class='ocr_par' dir='ltr' id='par_1_66' title="bbox 333 4041 1980 4131">
     <span class='ocr_line' id='line_1_67' title="bbox 333 4041 1980 4131; baseline -0.009 -21"><span class='ocrx_word' id='word_1_410' title='bbox 333 4057 490 4131; x_wconf 52' lang='lat' dir='ltr'>aﬁa</span> <span class='ocrx_word' id='word_1_411' title='bbox 524 4051 911 4109; x_wconf 84' lang='lat' dir='ltr'>mutationem</span> <span class='ocrx_word' id='word_1_412' title='bbox 945 4060 1016 4098; x_wconf 83' lang='lat' dir='ltr'>ex</span> <span class='ocrx_word' id='word_1_413' title='bbox 1048 4043 1227 4098; x_wconf 84' lang='lat' dir='ltr'>anxia</span> <span class='ocrx_word' id='word_1_414' title='bbox 1257 4041 1433 4095; x_wconf 90' lang='lat' dir='ltr'>nimis</span> <span class='ocrx_word' id='word_1_415' title='bbox 1467 4042 1842 4097; x_wconf 88' lang='lat' dir='ltr'>accuratione</span> <span class='ocrx_word' id='word_1_416' title='bbox 1878 4042 1980 4096; x_wconf 89' lang='lat' dir='ltr'>ad-</span> 
     </span>
    </p>
   </div>
   <div class='ocr_carea' id='block_1_67' title="bbox 331 4130 1978 4209">
    <p class='ocr_par' dir='ltr' id='par_1_67' title="bbox 331 4130 1978 4209">
     <span class='ocr_line' id='line_1_68' title="bbox 331 4130 1978 4209; baseline -0.01 -6"><span class='ocrx_word' id='word_1_417' title='bbox 331 4130 511 4207; x_wconf 80' lang='lat' dir='ltr'>misit.</span> <span class='ocrx_word' id='word_1_418' title='bbox 537 4140 741 4209; x_wconf 85' lang='lat' dir='ltr'>Qualis</span> <span class='ocrx_word' id='word_1_419' title='bbox 758 4137 1023 4194; x_wconf 83' lang='lat' dir='ltr'>maxime</span> <span class='ocrx_word' id='word_1_420' title='bbox 1055 4130 1438 4203; x_wconf 83' lang='lat' dir='ltr'>dictio,quod</span> <span class='ocrx_word' id='word_1_421' title='bbox 1468 4132 1731 4188; x_wconf 86' lang='lat' dir='ltr'>etstudio</span> <span class='ocrx_word' id='word_1_422' title='bbox 1752 4131 1832 4187; x_wconf 90' lang='lat' dir='ltr'>illi</span> <span class='ocrx_word' id='word_1_423' title='bbox 1850 4131 1978 4199; x_wconf 85' lang='lat' dir='ltr'>fuit,</span> 
     </span>
    </p>
   </div>
   <div class='ocr_carea' id='block_1_68' title="bbox 330 4221 1347 4296">
    <p class='ocr_par' dir='ltr' id='par_1_68' title="bbox 330 4221 1347 4296">
     <span class='ocr_line' id='line_1_69' title="bbox 330 4221 1347 4296; baseline -0.021 0"><span class='ocrx_word' id='word_1_424' title='bbox 330 4231 792 4296; x_wconf 87' lang='lat' dir='ltr'>ecclesiasticam</span> <span class='ocrx_word' id='word_1_425' title='bbox 818 4222 1128 4280; x_wconf 87' lang='lat' dir='ltr'>historiam</span> <span class='ocrx_word' id='word_1_426' title='bbox 1159 4221 1347 4276; x_wconf 88' lang='lat' dir='ltr'>decet.</span> 
     </span>
    </p>
   </div>
   <div class='ocr_carea' id='block_1_69' title="bbox 1029 4309 1273 4364">
    <p class='ocr_par' dir='ltr' id='par_1_69' title="bbox 1029 4309 1273 4364">
     <span class='ocr_line' id='line_1_70' title="bbox 1029 4309 1273 4364; baseline -0.012 0"><span class='ocrx_word' id='word_1_427' title='bbox 1029 4309 1273 4364; x_wconf 81' lang='lat' dir='ltr'><strong>LXVIII.</strong></span> 
     </span>
    </p>
   </div>
   <div class='ocr_carea' id='block_1_70' title="bbox 333 4397 2060 4497">
    <p class='ocr_par' dir='ltr' id='par_1_70' title="bbox 333 4397 2060 4497">
     <span class='ocr_line' id='line_1_71' title="bbox 333 4397 2060 4497; baseline -0.008 -28"><span class='ocrx_word' id='word_1_428' title='bbox 333 4405 740 4485; x_wconf 70' lang='lat' dir='ltr'>Cephalwonis</span> <span class='ocrx_word' id='word_1_429' title='bbox 762 4398 1085 4496; x_wconf 48' lang='lat' dir='ltr'>Musasiue</span> <span class='ocrx_word' id='word_1_430' title='bbox 1098 4397 1402 4497; x_wconf 62' lang='lat' dir='ltr'>Ii&#39;i5107&#39;icw</span> <span class='ocrx_word' id='word_1_431' title='bbox 1424 4399 1719 4497; x_wconf 54' lang='lat' dir='ltr'>Epitomes</span> <span class='ocrx_word' id='word_1_432' title='bbox 1734 4401 1877 4456; x_wconf 81' lang='lat' dir='ltr'>libri</span> <span class='ocrx_word' id='word_1_433' title='bbox 1900 4417 1978 4457; x_wconf 83' lang='lat' dir='ltr'>1x.</span> <span class='ocrx_word' id='word_1_434' title='bbox 2016 4441 2060 4497; x_wconf 71' lang='grc' dir='ltr'><strong>Β</strong></span> 
     </span>
    </p>
   </div>
   <div class='ocr_carea' id='block_1_71' title="bbox 404 4487 1981 4565">
    <p class='ocr_par' dir='ltr' id='par_1_71' title="bbox 404 4487 1981 4565">
     <span class='ocr_line' id='line_1_72' title="bbox 404 4487 1981 4565; baseline -0.018 -3"><span class='ocrx_word' id='word_1_435' title='bbox 404 4506 576 4561; x_wconf 87' lang='lat' dir='ltr'>Lecta</span> <span class='ocrx_word' id='word_1_436' title='bbox 603 4502 659 4554; x_wconf 90' lang='lat' dir='ltr'>et</span> <span class='ocrx_word' id='word_1_437' title='bbox 687 4487 1095 4565; x_wconf 67' lang='lat' dir='ltr'>Cephalaaonis</span> <span class='ocrx_word' id='word_1_438' title='bbox 1123 4487 1689 4558; x_wconf 78' lang='lat' dir='ltr'>historicaEpitome</span> <span class='ocrx_word' id='word_1_439' title='bbox 1709 4493 1855 4559; x_wconf 77' lang='lat'>(59):</span> <span class='ocrx_word' id='word_1_440' title='bbox 1883 4509 1981 4548; x_wconf 75' lang='lat' dir='ltr'>cu-</span> 
     </span>
    </p>
   </div>
   <div class='ocr_carea' id='block_1_72' title="bbox 2092 3144 3704 3217">
    <p class='ocr_par' dir='ltr' id='par_1_72' title="bbox 2092 3144 3704 3217">
     <span class='ocr_line' id='line_1_73' title="bbox 2092 3144 3704 3217; baseline -0.001 -19"><span class='ocrx_word' id='word_1_441' title='bbox 2092 3155 2181 3198; x_wconf 75' lang='grc' dir='ltr'>τοῦ</span> <span class='ocrx_word' id='word_1_442' title='bbox 2226 3144 2418 3217; x_wconf 76' lang='grc' dir='ltr'>ὀγδόου</span> <span class='ocrx_word' id='word_1_443' title='bbox 2464 3149 2602 3204; x_wconf 83' lang='grc' dir='ltr'>ἔτους</span> <span class='ocrx_word' id='word_1_444' title='bbox 2651 3144 2808 3196; x_wconf 70' lang='grc' dir='ltr'>αὐτοῦ</span> <span class='ocrx_word' id='word_1_445' title='bbox 2859 3144 3098 3214; x_wconf 74' lang='grc' dir='ltr'>Μιχαὴλ,</span> <span class='ocrx_word' id='word_1_446' title='bbox 3131 3148 3224 3206; x_wconf 78' lang='grc' dir='ltr'>τὰς</span> <span class='ocrx_word' id='word_1_447' title='bbox 3264 3147 3311 3180; x_wconf 76' lang='grc'><strong>⁴⁹</strong></span> <span class='ocrx_word' id='word_1_448' title='bbox 3344 3165 3396 3197; x_wconf 79' lang='grc' dir='ltr'>τε</span> <span class='ocrx_word' id='word_1_449' title='bbox 3434 3148 3567 3197; x_wconf 87' lang='grc' dir='ltr'>κατά</span> <span class='ocrx_word' id='word_1_450' title='bbox 3599 3151 3704 3203; x_wconf 73' lang='grc' dir='ltr'>τὴν</span> 
     </span>
    </p>
   </div>
   <div class='ocr_carea' id='block_1_73' title="bbox 2090 3233 3705 3310">
    <p class='ocr_par' dir='ltr' id='par_1_73' title="bbox 2090 3233 3705 3310">
     <span class='ocr_line' id='line_1_74' title="bbox 2090 3233 3705 3310; baseline 0 -23"><span class='ocrx_word' id='word_1_451' title='bbox 2090 3235 2348 3287; x_wconf 77' lang='grc' dir='ltr'>πολιτείαν</span> <span class='ocrx_word' id='word_1_452' title='bbox 2379 3240 2467 3286; x_wconf 84' lang='grc' dir='ltr'>καὶ</span> <span class='ocrx_word' id='word_1_453' title='bbox 2512 3239 2598 3294; x_wconf 75' lang='grc' dir='ltr'>τὰς</span> <span class='ocrx_word' id='word_1_454' title='bbox 2628 3236 2764 3285; x_wconf 84' lang='grc' dir='ltr'>κατά</span> <span class='ocrx_word' id='word_1_455' title='bbox 2788 3237 2881 3292; x_wconf 79' lang='grc' dir='ltr'>τὴν</span> <span class='ocrx_word' id='word_1_456' title='bbox 2931 3234 3240 3292; x_wconf 74' lang='grc' dir='ltr'>Ἐκκλησίαν</span> <span class='ocrx_word' id='word_1_457' title='bbox 3276 3233 3705 3310; x_wconf 74' lang='grc' dir='ltr'>ἀναγραφόμενος</span> 
     </span>
    </p>
   </div>
   <div class='ocr_carea' id='block_1_74' title="bbox 2091 3322 3703 3396">
    <p class='ocr_par' dir='ltr' id='par_1_74' title="bbox 2091 3322 3703 3396">
     <span class='ocr_line' id='line_1_75' title="bbox 2091 3322 3703 3396; baseline -0.001 -18"><span class='ocrx_word' id='word_1_458' title='bbox 2091 3326 2249 3378; x_wconf 76' lang='grc' dir='ltr'>αὐτοῦ</span> <span class='ocrx_word' id='word_1_459' title='bbox 2295 3324 2527 3396; x_wconf 84' lang='grc' dir='ltr'>πράξεις,</span> <span class='ocrx_word' id='word_1_460' title='bbox 2560 3324 2618 3374; x_wconf 73' lang='grc' dir='ltr'>οὐ</span> <span class='ocrx_word' id='word_1_461' title='bbox 2650 3328 2752 3394; x_wconf 81' lang='grc' dir='ltr'>μὴν</span> <span class='ocrx_word' id='word_1_462' title='bbox 2797 3322 2924 3374; x_wconf 87' lang='grc' dir='ltr'>ἀλλά</span> <span class='ocrx_word' id='word_1_463' title='bbox 2954 3329 3042 3375; x_wconf 86' lang='grc' dir='ltr'>καὶ</span> <span class='ocrx_word' id='word_1_464' title='bbox 3081 3323 3116 3375; x_wconf 88' lang='grc' dir='ltr'>οἷ</span> <span class='ocrx_word' id='word_1_465' title='bbox 3145 3326 3277 3376; x_wconf 81' lang='grc' dir='ltr'>κατά</span> <span class='ocrx_word' id='word_1_466' title='bbox 3307 3324 3523 3396; x_wconf 84' lang='grc' dir='ltr'>πόλεμον</span> <span class='ocrx_word' id='word_1_467' title='bbox 3549 3325 3703 3394; x_wconf 71' lang='grc' dir='ltr'>αὐτῷ</span> 
     </span>
    </p>
   </div>
   <div class='ocr_carea' id='block_1_75' title="bbox 2091 3410 3704 3485">
    <p class='ocr_par' dir='ltr' id='par_1_75' title="bbox 2091 3410 3704 3485">
     <span class='ocr_line' id='line_1_76' title="bbox 2091 3410 3704 3485; baseline -0.001 -19"><span class='ocrx_word' id='word_1_468' title='bbox 2091 3415 2404 3485; x_wconf 77' lang='grc' dir='ltr'>ξυνηνέχθη,</span> <span class='ocrx_word' id='word_1_469' title='bbox 2461 3417 2549 3464; x_wconf 86' lang='grc' dir='ltr'>καὶ</span> <span class='ocrx_word' id='word_1_470' title='bbox 2599 3410 2704 3472; x_wconf 83' lang='grc' dir='ltr'>οἶος</span> <span class='ocrx_word' id='word_1_471' title='bbox 2761 3412 3016 3483; x_wconf 81' lang='grc' dir='ltr'>ἐτύγχανε</span> <span class='ocrx_word' id='word_1_472' title='bbox 3065 3417 3158 3470; x_wconf 78' lang='grc' dir='ltr'>τὴν</span> <span class='ocrx_word' id='word_1_473' title='bbox 3214 3411 3370 3475; x_wconf 82' lang='grc' dir='ltr'>δόξαν</span> <span class='ocrx_word' id='word_1_474' title='bbox 3426 3418 3540 3484; x_wconf 77' lang='grc' dir='ltr'>περὶ</span> <span class='ocrx_word' id='word_1_475' title='bbox 3600 3433 3704 3465; x_wconf 77' lang='grc' dir='ltr'>του</span> 
     </span>
    </p>
   </div>
   <div class='ocr_carea' id='block_1_76' title="bbox 2091 3499 3057 3574">
    <p class='ocr_par' dir='ltr' id='par_1_76' title="bbox 2091 3499 3057 3574">
     <span class='ocr_line' id='line_1_77' title="bbox 2091 3499 3057 3574; baseline -0.003 -17"><span class='ocrx_word' id='word_1_476' title='bbox 2091 3509 2264 3569; x_wconf 82' lang='grc' dir='ltr'>Θείου,</span> <span class='ocrx_word' id='word_1_477' title='bbox 2289 3506 2456 3555; x_wconf 83' lang='grc' dir='ltr'>πάντα</span> <span class='ocrx_word' id='word_1_478' title='bbox 2481 3501 2797 3574; x_wconf 82' lang='grc' dir='ltr'>λεπτομερώς</span> <span class='ocrx_word' id='word_1_479' title='bbox 2831 3499 3057 3563; x_wconf 81' lang='grc' dir='ltr'>διεξιών.</span> 
     </span>
    </p>
   </div>
   <div class='ocr_carea' id='block_1_77' title="bbox 2159 3590 3703 3665">
    <p class='ocr_par' dir='ltr' id='par_1_77' title="bbox 2159 3590 3703 3665">
     <span class='ocr_line' id='line_1_78' title="bbox 2159 3590 3703 3665; baseline -0.001 -19"><span class='ocrx_word' id='word_1_480' title='bbox 2159 3593 2311 3646; x_wconf 82' lang='grc' dir='ltr'>Ἔστι</span> <span class='ocrx_word' id='word_1_481' title='bbox 2361 3590 2420 3645; x_wconf 72' lang='grc' dir='ltr'>δὲ</span> <span class='ocrx_word' id='word_1_482' title='bbox 2469 3598 2561 3649; x_wconf 78' lang='grc' dir='ltr'>τὴν</span> <span class='ocrx_word' id='word_1_483' title='bbox 2601 3594 2812 3665; x_wconf 88' lang='grc' dir='ltr'>φράσιν,</span> <span class='ocrx_word' id='word_1_484' title='bbox 2861 3595 2998 3664; x_wconf 82' lang='grc' dir='ltr'>εἴπερ</span> <span class='ocrx_word' id='word_1_485' title='bbox 3048 3612 3142 3658; x_wconf 86' lang='grc' dir='ltr'>τις,</span> <span class='ocrx_word' id='word_1_486' title='bbox 3205 3597 3456 3663; x_wconf 79' lang='grc' dir='ltr'>σαφηνείᾳ</span> <span class='ocrx_word' id='word_1_487' title='bbox 3500 3597 3703 3663; x_wconf 78' lang='grc' dir='ltr'>καὶτῷ</span> 
     </span>
    </p>
   </div>
   <div class='ocr_carea' id='block_1_78' title="bbox 2090 3681 3699 3758">
    <p class='ocr_par' dir='ltr' id='par_1_78' title="bbox 2090 3681 3699 3758">
     <span class='ocr_line' id='line_1_79' title="bbox 2090 3681 3699 3758; baseline -0.001 -23"><span class='ocrx_word' id='word_1_488' title='bbox 2090 3683 2376 3758; x_wconf 81' lang='grc' dir='ltr'>ἀπεριέργῳ</span> <span class='ocrx_word' id='word_1_489' title='bbox 2443 3685 2791 3753; x_wconf 81' lang='grc' dir='ltr'>κοσμούμενος</span> <span class='ocrx_word' id='word_1_490' title='bbox 2852 3683 2900 3732; x_wconf 80' lang='grc' dir='ltr'>ἔν</span> <span class='ocrx_word' id='word_1_491' title='bbox 2970 3700 3020 3732; x_wconf 89' lang='grc' dir='ltr'>τε</span> <span class='ocrx_word' id='word_1_492' title='bbox 3067 3690 3136 3752; x_wconf 83' lang='grc' dir='ltr'>τῷ</span> <span class='ocrx_word' id='word_1_493' title='bbox 3195 3681 3406 3752; x_wconf 69' lang='grc' dir='ltr'>εὐσήμῳ</span> <span class='ocrx_word' id='word_1_494' title='bbox 3459 3690 3557 3732; x_wconf 82' lang='grc' dir='ltr'>τῶν</span> <span class='ocrx_word' id='word_1_495' title='bbox 3614 3681 3699 3734; x_wconf 75' lang='grc' dir='ltr'>λέ-</span> 
     </span>
    </p>
   </div>
   <div class='ocr_carea' id='block_1_79' title="bbox 2090 3770 3701 3844">
    <p class='ocr_par' dir='ltr' id='par_1_79' title="bbox 2090 3770 3701 3844">
     <span class='ocr_line' id='line_1_80' title="bbox 2090 3770 3701 3844; baseline -0.001 -19"><span class='ocrx_word' id='word_1_496' title='bbox 2090 3775 2209 3836; x_wconf 85' lang='grc' dir='ltr'>ξεων</span> <span class='ocrx_word' id='word_1_497' title='bbox 2240 3779 2328 3825; x_wconf 84' lang='grc' dir='ltr'>καὶ</span> <span class='ocrx_word' id='word_1_498' title='bbox 2363 3780 2424 3844; x_wconf 74' lang='grc' dir='ltr'>τῇ</span> <span class='ocrx_word' id='word_1_499' title='bbox 2471 3774 2703 3843; x_wconf 75' lang='grc' dir='ltr'>συνθήκῃ</span> <span class='ocrx_word' id='word_1_500' title='bbox 2738 3775 2827 3822; x_wconf 84' lang='grc' dir='ltr'>καὶ</span> <span class='ocrx_word' id='word_1_501' title='bbox 2875 3779 2935 3842; x_wconf 76' lang='grc' dir='ltr'>τῇ</span> <span class='ocrx_word' id='word_1_502' title='bbox 2990 3770 3114 3842; x_wconf 75' lang='grc' dir='ltr'>ἄλλῃ</span> <span class='ocrx_word' id='word_1_503' title='bbox 3163 3778 3252 3823; x_wconf 78' lang='grc' dir='ltr'>τοῦ</span> <span class='ocrx_word' id='word_1_504' title='bbox 3293 3771 3445 3841; x_wconf 80' lang='grc' dir='ltr'>λόγου</span> <span class='ocrx_word' id='word_1_505' title='bbox 3498 3771 3701 3824; x_wconf 82' lang='grc' dir='ltr'>οἰκονο-</span> 
     </span>
    </p>
   </div>
   <div class='ocr_carea' id='block_1_80' title="bbox 2089 3856 3702 3936">
    <p class='ocr_par' dir='ltr' id='par_1_80' title="bbox 2089 3856 3702 3936">
     <span class='ocr_line' id='line_1_81' title="bbox 2089 3856 3702 3936; baseline -0.002 -21"><span class='ocrx_word' id='word_1_506' title='bbox 2089 3869 2204 3936; x_wconf 82' lang='grc' dir='ltr'>μίᾳ,</span> <span class='ocrx_word' id='word_1_507' title='bbox 2237 3865 2367 3914; x_wconf 78' lang='grc' dir='ltr'>ὥστε</span> <span class='ocrx_word' id='word_1_508' title='bbox 2417 3858 2586 3912; x_wconf 82' lang='grc' dir='ltr'>δοκεῖν</span> <span class='ocrx_word' id='word_1_509' title='bbox 2613 3865 2701 3912; x_wconf 81' lang='grc' dir='ltr'>καὶ</span> <span class='ocrx_word' id='word_1_510' title='bbox 2737 3856 3066 3930; x_wconf 74' lang='grc' dir='ltr'>αὑτοσχεὸίᾳ</span> <span class='ocrx_word' id='word_1_511' title='bbox 3091 3880 3198 3922; x_wconf 85' lang='grc' dir='ltr'>πως</span> <span class='ocrx_word' id='word_1_512' title='bbox 3226 3860 3365 3928; x_wconf 73' lang='grc' dir='ltr'>αὐτῴ</span> <span class='ocrx_word' id='word_1_513' title='bbox 3403 3863 3702 3932; x_wconf 76' lang='grc' dir='ltr'>συγγεγρὼ-</span> 
     </span>
    </p>
   </div>
   <div class='ocr_carea' id='block_1_81' title="bbox 2089 3948 3700 4025">
    <p class='ocr_par' dir='ltr' id='par_1_81' title="bbox 2089 3948 3700 4025">
     <span class='ocr_line' id='line_1_82' title="bbox 2089 3948 3700 4025; baseline -0.002 -21"><span class='ocrx_word' id='word_1_514' title='bbox 2089 3955 2231 4025; x_wconf 81' lang='grc' dir='ltr'>φθαι·</span> <span class='ocrx_word' id='word_1_515' title='bbox 2297 3952 2504 4023; x_wconf 77' lang='grc' dir='ltr'>ἐμφύτῳ</span> <span class='ocrx_word' id='word_1_516' title='bbox 2555 3954 2654 4022; x_wconf 77' lang='grc' dir='ltr'>γὰρ</span> <span class='ocrx_word' id='word_1_517' title='bbox 2732 3951 2756 4000; x_wconf 91' lang='grc' dir='ltr'>ό</span> <span class='ocrx_word' id='word_1_518' title='bbox 2821 3949 2966 4019; x_wconf 82' lang='grc' dir='ltr'>λογος</span> <span class='ocrx_word' id='word_1_519' title='bbox 3031 3948 3189 4000; x_wconf 81' lang='grc' dir='ltr'>ἀνθῶν</span> <span class='ocrx_word' id='word_1_520' title='bbox 3247 3952 3435 4020; x_wconf 83' lang='grc' dir='ltr'>χάριτι</span> <span class='ocrx_word' id='word_1_521' title='bbox 3485 3954 3577 4006; x_wconf 77' lang='grc' dir='ltr'>τὴν</span> <span class='ocrx_word' id='word_1_522' title='bbox 3637 3951 3700 4002; x_wconf 82' lang='grc' dir='ltr'>ἐκ</span> 
     </span>
    </p>
   </div>
   <div class='ocr_carea' id='block_1_82' title="bbox 2089 4042 3696 4116">
    <p class='ocr_par' dir='ltr' id='par_1_82' title="bbox 2089 4042 3696 4116">
     <span class='ocr_line' id='line_1_83' title="bbox 2089 4042 3696 4116; baseline -0.002 -22"><span class='ocrx_word' id='word_1_523' title='bbox 2089 4046 2380 4116; x_wconf 86' lang='grc' dir='ltr'>περιεργίας</span> <span class='ocrx_word' id='word_1_524' title='bbox 2432 4043 2490 4091; x_wconf 69' lang='grc' dir='ltr'>οὔ</span> <span class='ocrx_word' id='word_1_525' title='bbox 2539 4059 2589 4091; x_wconf 88' lang='grc' dir='ltr'>τι</span> <span class='ocrx_word' id='word_1_526' title='bbox 2619 4043 2921 4111; x_wconf 78' lang='grc' dir='ltr'>προσήκατο</span> <span class='ocrx_word' id='word_1_527' title='bbox 2969 4045 3257 4111; x_wconf 76' lang='grc' dir='ltr'>μόρφωσιν.</span> <span class='ocrx_word' id='word_1_528' title='bbox 3289 4042 3373 4090; x_wconf 89' lang='grc' dir='ltr'>Διὸ</span> <span class='ocrx_word' id='word_1_529' title='bbox 3425 4044 3512 4089; x_wconf 73' lang='grc' dir='ltr'>καὶ</span> <span class='ocrx_word' id='word_1_530' title='bbox 3565 4045 3696 4110; x_wconf 84' lang='grc' dir='ltr'>πρέ-</span> 
     </span>
    </p>
   </div>
   <div class='ocr_carea' id='block_1_83' title="bbox 2089 4127 3698 4202">
    <p class='ocr_par' dir='ltr' id='par_1_83' title="bbox 2089 4127 3698 4202">
     <span class='ocr_line' id='line_1_84' title="bbox 2089 4127 3698 4202; baseline -0.001 -19"><span class='ocrx_word' id='word_1_531' title='bbox 2089 4152 2196 4184; x_wconf 88' lang='grc' dir='ltr'>πων</span> <span class='ocrx_word' id='word_1_532' title='bbox 2241 4133 2266 4182; x_wconf 88' lang='grc' dir='ltr'>ό</span> <span class='ocrx_word' id='word_1_533' title='bbox 2315 4131 2466 4202; x_wconf 84' lang='grc' dir='ltr'>λόγος</span> <span class='ocrx_word' id='word_1_534' title='bbox 2515 4127 2921 4200; x_wconf 73' lang='grc' dir='ltr'>ἐκκλησιαστικῇ</span> <span class='ocrx_word' id='word_1_535' title='bbox 2970 4128 3202 4199; x_wconf 79' lang='grc' dir='ltr'>μάλιστα</span> <span class='ocrx_word' id='word_1_536' title='bbox 3246 4129 3476 4200; x_wconf 79' lang='grc' dir='ltr'>ἱστορίᾳ.</span> <span class='ocrx_word' id='word_1_537' title='bbox 3521 4129 3546 4180; x_wconf 87' lang='grc' dir='ltr'>ό</span> <span class='ocrx_word' id='word_1_538' title='bbox 3599 4134 3698 4181; x_wconf 83' lang='grc' dir='ltr'>καὶ</span> 
     </span>
    </p>
   </div>
   <div class='ocr_carea' id='block_1_84' title="bbox 2092 4219 2350 4294">
    <p class='ocr_par' dir='ltr' id='par_1_84' title="bbox 2092 4219 2350 4294">
     <span class='ocr_line' id='line_1_85' title="bbox 2092 4219 2350 4294; baseline 0.008 -22"><span class='ocrx_word' id='word_1_539' title='bbox 2092 4219 2350 4294; x_wconf 82' lang='grc' dir='ltr'>βούλεται.</span> 
     </span>
    </p>
   </div>
   <div class='ocr_carea' id='block_1_85' title="bbox 2825 4306 2946 4360">
    <p class='ocr_par' dir='ltr' id='par_1_85' title="bbox 2825 4306 2946 4360">
     <span class='ocr_line' id='line_1_86' title="bbox 2825 4306 2946 4360; baseline 0 0"><span class='ocrx_word' id='word_1_540' title='bbox 2825 4306 2946 4360; x_wconf 84' lang='grc' dir='ltr'>ΞΗ’.</span> 
     </span>
    </p>
   </div>
   <div class='ocr_carea' id='block_1_86' title="bbox 2423 4396 3350 4470">
    <p class='ocr_par' dir='ltr' id='par_1_86' title="bbox 2423 4396 3350 4470">
     <span class='ocr_line' id='line_1_87' title="bbox 2423 4396 3350 4470; baseline 0.002 -21"><span class='ocrx_word' id='word_1_541' title='bbox 2423 4397 2740 4470; x_wconf 83' lang='grc' dir='ltr'>Κεφαλίωνος</span> <span class='ocrx_word' id='word_1_542' title='bbox 2769 4400 3020 4468; x_wconf 83' lang='grc' dir='ltr'>Σύντομον</span> <span class='ocrx_word' id='word_1_543' title='bbox 3049 4396 3350 4470; x_wconf 88' lang='grc' dir='ltr'>Ίστορικόν.</span> 
     </span>
    </p>
   </div>
   <div class='ocr_carea' id='block_1_87' title="bbox 2161 4485 3702 4563">
    <p class='ocr_par' dir='ltr' id='par_1_87' title="bbox 2161 4485 3702 4563">
     <span class='ocr_line' id='line_1_88' title="bbox 2161 4485 3702 4563; baseline -0.005 -17"><span class='ocrx_word' id='word_1_544' title='bbox 2161 4491 2252 4563; x_wconf 79' lang='grc'>[50</span> <span class='ocrx_word' id='word_1_545' title='bbox 2305 4488 2393 4558; x_wconf 88' lang='grc' dir='ltr'>Η.]</span> <span class='ocrx_word' id='word_1_546' title='bbox 2437 4487 2762 4557; x_wconf 79' lang='grc' dir='ltr'>Ἀνεγνώσθη</span> <span class='ocrx_word' id='word_1_547' title='bbox 2817 4485 3130 4557; x_wconf 80' lang='grc' dir='ltr'>Κεφαλίωνος</span> <span class='ocrx_word' id='word_1_548' title='bbox 3157 4487 3204 4521; x_wconf 76' lang='grc' dir='ltr'>⁸ο</span> <span class='ocrx_word' id='word_1_549' title='bbox 3235 4489 3491 4558; x_wconf 79' lang='grc' dir='ltr'>Σύντομον</span> <span class='ocrx_word' id='word_1_550' title='bbox 3532 4486 3702 4539; x_wconf 83' lang='grc' dir='ltr'>Ἰστο-</span> 
     </span>
    </p>
   </div>
   <div class='ocr_carea' id='block_1_88' title="bbox 1679 4587 2334 4647">
    <p class='ocr_par' dir='ltr' id='par_1_88' title="bbox 1679 4587 2334 4647">
     <span class='ocr_line' id='line_1_89' title="bbox 1679 4587 2334 4647; baseline -0.002 -5"><span class='ocrx_word' id='word_1_551' title='bbox 1679 4587 1913 4643; x_wconf 73' lang='lat' dir='ltr'>VARI/E</span> <span class='ocrx_word' id='word_1_552' title='bbox 1936 4590 2334 4647; x_wconf 77' lang='lat' dir='ltr'>LECTIONES.</span> 
     </span>
    </p>
   </div>
   <div class='ocr_carea' id='block_1_89' title="bbox 401 4682 1810 4757">
    <p class='ocr_par' dir='ltr' id='par_1_89' title="bbox 401 4682 1810 4757">
     <span class='ocr_line' id='line_1_90' title="bbox 401 4682 1810 4757; baseline -0.014 -4"><span class='ocrx_word' id='word_1_553' title='bbox 401 4703 448 4738; x_wconf 66' lang='grc'>⁸9</span> <span class='ocrx_word' id='word_1_554' title='bbox 478 4703 567 4751; x_wconf 82' lang='grc' dir='ltr'>καὶ</span> <span class='ocrx_word' id='word_1_555' title='bbox 597 4697 691 4757; x_wconf 80' lang='grc' dir='ltr'>τὰς</span> <span class='ocrx_word' id='word_1_556' title='bbox 717 4693 761 4748; x_wconf 83' lang='grc' dir='ltr'><strong>Α</strong></span> <span class='ocrx_word' id='word_1_557' title='bbox 797 4709 808 4750; x_wconf 91' lang='lat'>:</span> <span class='ocrx_word' id='word_1_558' title='bbox 833 4691 927 4750; x_wconf 88' lang='grc' dir='ltr'>τάς</span> <span class='ocrx_word' id='word_1_559' title='bbox 963 4695 1014 4740; x_wconf 74' lang='grc' dir='ltr'>τε</span> <span class='ocrx_word' id='word_1_560' title='bbox 1047 4707 1100 4751; x_wconf 79' lang='grc' dir='ltr'>ς.</span> <span class='ocrx_word' id='word_1_561' title='bbox 1125 4756 1133 4757; x_wconf 17' lang='lat'><em>7</em></span> <span class='ocrx_word' id='word_1_562' title='bbox 1179 4685 1226 4719; x_wconf 79' lang='grc' dir='ltr'>⁵ο</span> <span class='ocrx_word' id='word_1_563' title='bbox 1256 4682 1606 4756; x_wconf 83' lang='grc' dir='ltr'>Κεφαλαίωνος</span> <span class='ocrx_word' id='word_1_564' title='bbox 1635 4707 1695 4748; x_wconf 84' lang='grc' dir='ltr'>ς’,</span> <span class='ocrx_word' id='word_1_565' title='bbox 1736 4685 1810 4740; x_wconf 85' lang='lat' dir='ltr'>cf.</span> 
     </span>
    </p>
   </div>
   <div class='ocr_carea' id='block_1_90' title="bbox 1847 4681 3694 4757">
    <p class='ocr_par' dir='ltr' id='par_1_90' title="bbox 1847 4681 3694 4757">
     <span class='ocr_line' id='line_1_91' title="bbox 1847 4681 3694 4757; baseline -0.002 -17"><span class='ocrx_word' id='word_1_566' title='bbox 1847 4703 1904 4757; x_wconf 88' lang='lat' dir='ltr'>p.</span> <span class='ocrx_word' id='word_1_567' title='bbox 1942 4692 2004 4744; x_wconf 76' lang='grc' dir='ltr'>Β.</span> <span class='ocrx_word' id='word_1_568' title='bbox 2038 4688 2158 4754; x_wconf 67' lang='grc'>104,</span> <span class='ocrx_word' id='word_1_569' title='bbox 2186 4687 2254 4742; x_wconf 77' lang='grc'>43</span> <span class='ocrx_word' id='word_1_570' title='bbox 2285 4689 2339 4757; x_wconf 89' lang='lat' dir='ltr'>et</span> <span class='ocrx_word' id='word_1_571' title='bbox 2364 4684 2488 4747; x_wconf 79' lang='grc'>341,</span> <span class='ocrx_word' id='word_1_572' title='bbox 2521 4685 2608 4738; x_wconf 76' lang='grc'>34.</span> <span class='ocrx_word' id='word_1_573' title='bbox 2645 4681 2798 4757; x_wconf 78' lang='lat' dir='ltr'>adde</span> <span class='ocrx_word' id='word_1_574' title='bbox 2830 4681 3104 4757; x_wconf 76' lang='lat' dir='ltr'>Allatium</span> <span class='ocrx_word' id='word_1_575' title='bbox 3130 4683 3201 4738; x_wconf 91' lang='lat' dir='ltr'>de</span> <span class='ocrx_word' id='word_1_576' title='bbox 3220 4683 3414 4754; x_wconf 88' lang='lat' dir='ltr'>patria</span> <span class='ocrx_word' id='word_1_577' title='bbox 3443 4682 3694 4738; x_wconf 84' lang='lat' dir='ltr'>Homeri</span> 
     </span>
    </p>
   </div>
   <div class='ocr_carea' id='block_1_91' title="bbox 329 4753 3023 4842">
    <p class='ocr_par' dir='ltr' id='par_1_91' title="bbox 329 4753 3023 4842">
     <span class='ocr_line' id='line_1_92' title="bbox 329 4753 3023 4842; baseline -0.01 -10"><span class='ocrx_word' id='word_1_578' title='bbox 329 4791 380 4832; x_wconf 92' lang='lat' dir='ltr'>c.</span> <span class='ocrx_word' id='word_1_579' title='bbox 413 4791 449 4842; x_wconf 81' lang='grc' dir='ltr'>ι,</span> <span class='ocrx_word' id='word_1_580' title='bbox 479 4776 537 4827; x_wconf 89' lang='lat' dir='ltr'>et</span> <span class='ocrx_word' id='word_1_581' title='bbox 562 4753 836 4825; x_wconf 82' lang='lat' dir='ltr'>Niebuhr.</span> <span class='ocrx_word' id='word_1_582' title='bbox 865 4762 938 4817; x_wconf 88' lang='lat' dir='ltr'>de</span> <span class='ocrx_word' id='word_1_583' title='bbox 970 4756 1220 4814; x_wconf 87' lang='lat' dir='ltr'>Eusebio</span> <span class='ocrx_word' id='word_1_584' title='bbox 1250 4753 1490 4812; x_wconf 75' lang='lat' dir='ltr'>Arinen.</span> <span class='ocrx_word' id='word_1_585' title='bbox 1526 4756 1607 4828; x_wconf 89' lang='lat' dir='ltr'>(in</span> <span class='ocrx_word' id='word_1_586' title='bbox 1656 4758 1812 4813; x_wconf 80' lang='lat' dir='ltr'>Actis</span> <span class='ocrx_word' id='word_1_587' title='bbox 1846 4753 2119 4816; x_wconf 75' lang='lat' dir='ltr'>academ.</span> <span class='ocrx_word' id='word_1_588' title='bbox 2158 4756 2404 4815; x_wconf 90' lang='lat' dir='ltr'>Berolin.</span> <span class='ocrx_word' id='word_1_589' title='bbox 2449 4772 2501 4812; x_wconf 87' lang='lat' dir='ltr'>a.</span> <span class='ocrx_word' id='word_1_590' title='bbox 2540 4753 2807 4824; x_wconf 75' lang='lat'>1820-21),</span> <span class='ocrx_word' id='word_1_591' title='bbox 2844 4771 2902 4825; x_wconf 88' lang='lat' dir='ltr'>p.</span> <span class='ocrx_word' id='word_1_592' title='bbox 2935 4754 3023 4807; x_wconf 75' lang='grc'>43.</span> 
     </span>
    </p>
   </div>
   <div class='ocr_carea' id='block_1_92' title="bbox 1890 4895 2116 4952">
    <p class='ocr_par' dir='ltr' id='par_1_92' title="bbox 1890 4895 2116 4952">
     <span class='ocr_line' id='line_1_93' title="bbox 1890 4895 2116 4952; baseline 0.018 -4"><span class='ocrx_word' id='word_1_593' title='bbox 1890 4895 2116 4952; x_wconf 67' lang='lat' dir='ltr'>NOTAE.</span> 
     </span>
    </p>
   </div>
   <div class='ocr_carea' id='block_1_93' title="bbox 401 4988 1973 5077">
    <p class='ocr_par' dir='ltr' id='par_1_93' title="bbox 401 4988 1973 5077">
     <span class='ocr_line' id='line_1_94' title="bbox 401 4988 1973 5077; baseline -0.008 -16"><span class='ocrx_word' id='word_1_594' title='bbox 401 5007 510 5077; x_wconf 79' lang='lat'>(56)</span> <span class='ocrx_word' id='word_1_595' title='bbox 544 4999 812 5077; x_wconf 42' lang='lat' dir='ltr'>Esstanth</span> <span class='ocrx_word' id='word_1_596' title='bbox 831 4993 894 5049; x_wconf 89' lang='lat' dir='ltr'>hi</span> <span class='ocrx_word' id='word_1_597' title='bbox 939 4988 1356 5077; x_wconf 77' lang='lat' dir='ltr'>Theophylacti</span> <span class='ocrx_word' id='word_1_598' title='bbox 1387 4988 1523 5077; x_wconf 76' lang='lat' dir='ltr'>libri</span> <span class='ocrx_word' id='word_1_599' title='bbox 1561 5003 1665 5046; x_wconf 86' lang='lat' dir='ltr'>vm</span> <span class='ocrx_word' id='word_1_600' title='bbox 1718 4992 1799 5073; x_wconf 81' lang='lat' dir='ltr'>l_)e</span> <span class='ocrx_word' id='word_1_601' title='bbox 1849 4995 1973 5077; x_wconf 68' lang='lat' dir='ltr'>vita</span> 
     </span>
    </p>
   </div>
   <div class='ocr_carea' id='block_1_94' title="bbox 329 5062 1974 5138">
    <p class='ocr_par' dir='ltr' id='par_1_94' title="bbox 329 5062 1974 5138">
     <span class='ocr_line' id='line_1_95' title="bbox 329 5062 1974 5138; baseline -0.01 -3"><span class='ocrx_word' id='word_1_602' title='bbox 329 5062 759 5138; x_wconf 63' lang='lat' dir='ltr'>Mauriciiimp.</span> <span class='ocrx_word' id='word_1_603' title='bbox 777 5069 973 5123; x_wconf 71' lang='lat' dir='ltr'>Graece</span> <span class='ocrx_word' id='word_1_604' title='bbox 987 5062 1297 5138; x_wconf 63' lang='lat' dir='ltr'>compositi</span> <span class='ocrx_word' id='word_1_605' title='bbox 1321 5077 1332 5115; x_wconf 93' lang='lat'>:</span> <span class='ocrx_word' id='word_1_606' title='bbox 1353 5063 1857 5138; x_wconf 62' lang='lat' dir='ltr'>quotnuperrime</span> <span class='ocrx_word' id='word_1_607' title='bbox 1875 5066 1974 5120; x_wconf 87' lang='lat' dir='ltr'>La-</span> 
     </span>
    </p>
   </div>
   <div class='ocr_carea' id='block_1_95' title="bbox 329 5132 1973 5207">
    <p class='ocr_par' dir='ltr' id='par_1_95' title="bbox 329 5132 1973 5207">
     <span class='ocr_line' id='line_1_96' title="bbox 329 5132 1973 5207; baseline -0.009 -1"><span class='ocrx_word' id='word_1_608' title='bbox 329 5132 484 5207; x_wconf 60' lang='lat' dir='ltr'>iinos</span> <span class='ocrx_word' id='word_1_609' title='bbox 511 5147 642 5202; x_wconf 88' lang='lat' dir='ltr'>fecit</span> <span class='ocrx_word' id='word_1_610' title='bbox 668 5132 948 5207; x_wconf 67' lang='lat' dir='ltr'>Augustae</span> <span class='ocrx_word' id='word_1_611' title='bbox 989 5132 1221 5207; x_wconf 10' lang='lat' dir='ltr'>iV&#39;indel.</span> <span class='ocrx_word' id='word_1_612' title='bbox 1257 5133 1312 5185; x_wconf 90' lang='lat' dir='ltr'>P.</span> <span class='ocrx_word' id='word_1_613' title='bbox 1363 5132 1619 5207; x_wconf 84' lang='lat' dir='ltr'>Jacobus</span> <span class='ocrx_word' id='word_1_614' title='bbox 1671 5135 1973 5207; x_wconf 88' lang='lat' dir='ltr'>Pontanus</span> 
     </span>
    </p>
   </div>
   <div class='ocr_carea' id='block_1_96' title="bbox 327 5205 1970 5284">
    <p class='ocr_par' dir='ltr' id='par_1_96' title="bbox 327 5205 1970 5284">
     <span class='ocr_line' id='line_1_97' title="bbox 327 5205 1970 5284; baseline -0.01 -6"><span class='ocrx_word' id='word_1_615' title='bbox 327 5205 545 5284; x_wconf 84' lang='lat' dir='ltr'>noster,</span> <span class='ocrx_word' id='word_1_616' title='bbox 580 5217 652 5270; x_wconf 89' lang='lat' dir='ltr'>de</span> <span class='ocrx_word' id='word_1_617' title='bbox 685 5230 742 5267; x_wconf 87' lang='lat' dir='ltr'>re</span> <span class='ocrx_word' id='word_1_618' title='bbox 759 5205 1048 5284; x_wconf 75' lang='lat' dir='ltr'>litteraria</span> <span class='ocrx_word' id='word_1_619' title='bbox 1065 5205 1291 5284; x_wconf 74' lang='lat' dir='ltr'>pridem</span> <span class='ocrx_word' id='word_1_620' title='bbox 1326 5205 1970 5284; x_wconf 75' lang='lat' dir='ltr'>optimemeritus.C_ir-</span> 
     </span>
    </p>
   </div>
   <div class='ocr_carea' id='block_1_97' title="bbox 328 5275 1970 5349">
    <p class='ocr_par' dir='ltr' id='par_1_97' title="bbox 328 5275 1970 5349">
     <span class='ocr_line' id='line_1_98' title="bbox 328 5275 1970 5349; baseline -0.01 0"><span class='ocrx_word' id='word_1_621' title='bbox 328 5275 735 5349; x_wconf 63' lang='lat' dir='ltr'>cumferuntur</span> <span class='ocrx_word' id='word_1_622' title='bbox 763 5288 818 5336; x_wconf 88' lang='lat' dir='ltr'>et</span> <span class='ocrx_word' id='word_1_623' title='bbox 844 5281 968 5335; x_wconf 67' lang='lat' dir='ltr'>hrec</span> <span class='ocrx_word' id='word_1_624' title='bbox 1001 5275 1272 5347; x_wconf 83' lang='lat' dir='ltr'>ejusdem</span> <span class='ocrx_word' id='word_1_625' title='bbox 1307 5276 1679 5349; x_wconf 63' lang='grc' dir='ltr'>βιωοριλὶίεε,</span> <span class='ocrx_word' id='word_1_626' title='bbox 1735 5293 1770 5331; x_wconf 89' lang='lat' dir='ltr'>a</span> <span class='ocrx_word' id='word_1_627' title='bbox 1803 5280 1970 5332; x_wconf 90' lang='lat' dir='ltr'>nobis</span> 
     </span>
    </p>
   </div>
   <div class='ocr_carea' id='block_1_98' title="bbox 325 5347 1973 5435">
    <p class='ocr_par' dir='ltr' id='par_1_98' title="bbox 325 5347 1973 5435">
     <span class='ocr_line' id='line_1_99' title="bbox 325 5347 1973 5435; baseline -0.025 -15"><span class='ocrx_word' id='word_1_628' title='bbox 325 5347 575 5435; x_wconf 74' lang='lat' dir='ltr'>reperta.</span> <span class='ocrx_word' id='word_1_629' title='bbox 596 5354 858 5435; x_wconf 32' lang='lat' dir='ltr'>lilii/sica.</span> <span class='ocrx_word' id='word_1_630' title='bbox 877 5350 1271 5435; x_wconf 60' lang='lat' dir='ltr'>problemata,</span> <span class='ocrx_word' id='word_1_631' title='bbox 1289 5347 1662 5435; x_wconf 54' lang='grc' dir='ltr'>ῥρρμιςρητηη</span> <span class='ocrx_word' id='word_1_632' title='bbox 1693 5357 1973 5435; x_wconf 38' lang='lat' dir='ltr'><em>aegr“?</em></span> 
     </span>
    </p>
   </div>
   <div class='ocr_carea' id='block_1_99' title="bbox 329 5417 1970 5492">
    <p class='ocr_par' dir='ltr' id='par_1_99' title="bbox 329 5417 1970 5492">
     <span class='ocr_line' id='line_1_100' title="bbox 329 5417 1970 5492; baseline -0.01 0"><span class='ocrx_word' id='word_1_633' title='bbox 329 5417 588 5492; x_wconf 49' lang='lat' dir='ltr'>earlibris</span> <span class='ocrx_word' id='word_1_634' title='bbox 612 5417 721 5485; x_wconf 73' lang='lat' dir='ltr'>illis</span> <span class='ocrx_word' id='word_1_635' title='bbox 746 5417 1129 5492; x_wconf 81' lang='lat' dir='ltr'>historiarum</span> <span class='ocrx_word' id='word_1_636' title='bbox 1165 5419 1346 5492; x_wconf 78' lang='lat' dir='ltr'>:item_</span> <span class='ocrx_word' id='word_1_637' title='bbox 1363 5417 1643 5478; x_wconf 55' lang='lat' dir='ltr'>Epistolas</span> <span class='ocrx_word' id='word_1_638' title='bbox 1673 5417 1970 5492; x_wconf 50' lang='lat' dir='ltr'>initiumab</span> 
     </span>
    </p>
   </div>
   <div class='ocr_carea' id='block_1_100' title="bbox 327 5488 1969 5571">
    <p class='ocr_par' dir='ltr' id='par_1_100' title="bbox 327 5488 1969 5571">
     <span class='ocr_line' id='line_1_101' title="bbox 327 5488 1969 5571; baseline -0.01 -7"><span class='ocrx_word' id='word_1_639' title='bbox 327 5488 477 5564; x_wconf 69' lang='grc' dir='ltr'>ᾹῙάὸ</span> <span class='ocrx_word' id='word_1_640' title='bbox 489 5488 494 5489; x_wconf 16' lang='grc' dir='ltr'>ί</span> <span class='ocrx_word' id='word_1_641' title='bbox 506 5501 734 5571; x_wconf 89' lang='lat' dir='ltr'>majore</span> <span class='ocrx_word' id='word_1_642' title='bbox 750 5490 1293 5571; x_wconf 83' lang='lat' dir='ltr'>olim_ep_istolaru_m</span> <span class='ocrx_word' id='word_1_643' title='bbox 1308 5488 1649 5571; x_wconf 46' lang='lat' dir='ltr'>(Etruscarum</span> <span class='ocrx_word' id='word_1_644' title='bbox 1678 5491 1773 5547; x_wconf 88' lang='lat' dir='ltr'>vol</span> <span class='ocrx_word' id='word_1_645' title='bbox 1772 5493 1969 5571; x_wconf 61' lang='lat' dir='ltr'>nmini</span> 
     </span>
    </p>
   </div>
   <div class='ocr_carea' id='block_1_101' title="bbox 328 5560 1970 5636">
    <p class='ocr_par' dir='ltr' id='par_1_101' title="bbox 328 5560 1970 5636">
     <span class='ocr_line' id='line_1_102' title="bbox 328 5560 1970 5636; baseline -0.011 -1"><span class='ocrx_word' id='word_1_646' title='bbox 328 5560 583 5636; x_wconf 67' lang='lat' dir='ltr'>insertae.</span> <span class='ocrx_word' id='word_1_647' title='bbox 606 5560 864 5628; x_wconf 77' lang='lat' dir='ltr'>Meminit</span> <span class='ocrx_word' id='word_1_648' title='bbox 892 5560 1072 5633; x_wconf 80' lang='lat' dir='ltr'>hujus</span> <span class='ocrx_word' id='word_1_649' title='bbox 1105 5560 1380 5636; x_wconf 76' lang='lat' dir='ltr'>sophistae</span> <span class='ocrx_word' id='word_1_650' title='bbox 1413 5561 1621 5636; x_wconf 81' lang='lat' dir='ltr'>Suidas</span> <span class='ocrx_word' id='word_1_651' title='bbox 1656 5578 1724 5617; x_wconf 92' lang='lat' dir='ltr'>ac</span> <span class='ocrx_word' id='word_1_652' title='bbox 1765 5563 1970 5618; x_wconf 89' lang='lat' dir='ltr'>Cedre-</span> 
     </span>
    </p>
   </div>
   <div class='ocr_carea' id='block_1_102' title="bbox 329 5632 1967 5708">
    <p class='ocr_par' dir='ltr' id='par_1_102' title="bbox 329 5632 1967 5708">
     <span class='ocr_line' id='line_1_103' title="bbox 329 5632 1967 5708; baseline -0.016 1"><span class='ocrx_word' id='word_1_653' title='bbox 329 5632 444 5708; x_wconf 57' lang='lat' dir='ltr'>nus</span> <span class='ocrx_word' id='word_1_654' title='bbox 469 5664 480 5701; x_wconf 91' lang='lat'><strong>:</strong></span> <span class='ocrx_word' id='word_1_655' title='bbox 505 5651 561 5702; x_wconf 91' lang='lat' dir='ltr'>et</span> <span class='ocrx_word' id='word_1_656' title='bbox 588 5643 727 5699; x_wconf 91' lang='lat' dir='ltr'>hinc</span> <span class='ocrx_word' id='word_1_657' title='bbox 745 5632 1142 5708; x_wconf 76' lang='lat' dir='ltr'>Nicephorum</span> <span class='ocrx_word' id='word_1_658' title='bbox 1174 5632 1474 5708; x_wconf 80' lang='lat' dir='ltr'>Callistum</span> <span class='ocrx_word' id='word_1_659' title='bbox 1520 5633 1804 5704; x_wconf 86' lang='lat' dir='ltr'>pleraque</span> <span class='ocrx_word' id='word_1_660' title='bbox 1836 5635 1967 5708; x_wconf 61' lang='lat' dir='ltr'>vita:</span> 
     </span>
    </p>
   </div>
   <div class='ocr_carea' id='block_1_103' title="bbox 326 5703 1896 5783">
    <p class='ocr_par' dir='ltr' id='par_1_103' title="bbox 326 5703 1896 5783">
     <span class='ocr_line' id='line_1_104' title="bbox 326 5703 1896 5783; baseline -0.011 -3"><span class='ocrx_word' id='word_1_661' title='bbox 326 5703 583 5783; x_wconf 69' lang='lat' dir='ltr'>Mauricii</span> <span class='ocrx_word' id='word_1_662' title='bbox 604 5703 930 5782; x_wconf 75' lang='lat' dir='ltr'>sublegisse</span> <span class='ocrx_word' id='word_1_663' title='bbox 956 5703 1339 5763; x_wconf 88' lang='lat' dir='ltr'>observando</span> <span class='ocrx_word' id='word_1_664' title='bbox 1370 5704 1446 5759; x_wconf 89' lang='lat' dir='ltr'>ad</span> <span class='ocrx_word' id='word_1_665' title='bbox 1477 5719 1644 5760; x_wconf 88' lang='lat' dir='ltr'>oram</span> <span class='ocrx_word' id='word_1_666' title='bbox 1674 5703 1896 5763; x_wconf 87' lang='lat' dir='ltr'>notavi.</span> 
     </span>
    </p>
   </div>
   <div class='ocr_carea' id='block_1_104' title="bbox 2155 4987 3700 5062">
    <p class='ocr_par' dir='ltr' id='par_1_104' title="bbox 2155 4987 3700 5062">
     <span class='ocr_line' id='line_1_105' title="bbox 2155 4987 3700 5062; baseline 0.001 -15"><span class='ocrx_word' id='word_1_667' title='bbox 2155 4993 2272 5062; x_wconf 77' lang='lat'>(57)</span> <span class='ocrx_word' id='word_1_668' title='bbox 2318 4990 2506 5062; x_wconf 90' lang='lat' dir='ltr'>Hujus</span> <span class='ocrx_word' id='word_1_669' title='bbox 2553 4989 2949 5062; x_wconf 77' lang='lat' dir='ltr'>Chronologia</span> <span class='ocrx_word' id='word_1_670' title='bbox 2977 4987 3191 5062; x_wconf 81' lang='lat' dir='ltr'>Latine</span> <span class='ocrx_word' id='word_1_671' title='bbox 3221 5004 3458 5056; x_wconf 84' lang='lat' dir='ltr'>excusa,</span> <span class='ocrx_word' id='word_1_672' title='bbox 3494 4996 3700 5048; x_wconf 81' lang='lat' dir='ltr'>exstat</span> 
     </span>
    </p>
   </div>
   <div class='ocr_carea' id='block_1_105' title="bbox 2083 5061 3144 5122">
    <p class='ocr_par' dir='ltr' id='par_1_105' title="bbox 2083 5061 3144 5122">
     <span class='ocr_line' id='line_1_106' title="bbox 2083 5061 3144 5122; baseline -0.004 -1"><span class='ocrx_word' id='word_1_673' title='bbox 2083 5061 2274 5122; x_wconf 69' lang='lat' dir='ltr'>Graece</span> <span class='ocrx_word' id='word_1_674' title='bbox 2304 5064 2362 5117; x_wconf 89' lang='lat' dir='ltr'>in</span> <span class='ocrx_word' id='word_1_675' title='bbox 2393 5064 2740 5122; x_wconf 71' lang='lat' dir='ltr'>Augustana</span> <span class='ocrx_word' id='word_1_676' title='bbox 2772 5061 3144 5117; x_wconf 89' lang='lat' dir='ltr'>bibliotheca.</span> 
     </span>
    </p>
   </div>
   <div class='ocr_carea' id='block_1_106' title="bbox 2154 5133 3694 5207">
    <p class='ocr_par' dir='ltr' id='par_1_106' title="bbox 2154 5133 3694 5207">
     <span class='ocr_line' id='line_1_107' title="bbox 2154 5133 3694 5207; baseline -0.001 -18"><span class='ocrx_word' id='word_1_677' title='bbox 2154 5137 2267 5207; x_wconf 79' lang='lat'>(58)</span> <span class='ocrx_word' id='word_1_678' title='bbox 2298 5135 2385 5191; x_wconf 90' lang='lat' dir='ltr'>Ob</span> <span class='ocrx_word' id='word_1_679' title='bbox 2416 5133 2727 5207; x_wconf 83' lang='lat' dir='ltr'>defensum</span> <span class='ocrx_word' id='word_1_680' title='bbox 2754 5133 2914 5207; x_wconf 75' lang='lat' dir='ltr'>enim</span> <span class='ocrx_word' id='word_1_681' title='bbox 2942 5134 3163 5207; x_wconf 82' lang='lat' dir='ltr'>cultum</span> <span class='ocrx_word' id='word_1_682' title='bbox 3197 5148 3509 5207; x_wconf 86' lang='lat' dir='ltr'>sacrarum</span> <span class='ocrx_word' id='word_1_683' title='bbox 3539 5134 3694 5188; x_wconf 63' lang='lat' dir='ltr'>ima«</span> 
     </span>
    </p>
   </div>
   <div class='ocr_carea' id='block_1_107' title="bbox 2083 5203 3696 5276">
    <p class='ocr_par' dir='ltr' id='par_1_107' title="bbox 2083 5203 3696 5276">
     <span class='ocr_line' id='line_1_108' title="bbox 2083 5203 3696 5276; baseline -0.002 -14"><span class='ocrx_word' id='word_1_684' title='bbox 2083 5203 2286 5276; x_wconf 74' lang='lat' dir='ltr'>gilium</span> <span class='ocrx_word' id='word_1_685' title='bbox 2315 5203 2710 5276; x_wconf 83' lang='lat' dir='ltr'>excruciatus,</span> <span class='ocrx_word' id='word_1_686' title='bbox 2745 5203 2994 5259; x_wconf 89' lang='lat' dir='ltr'>fortunis</span> <span class='ocrx_word' id='word_1_687' title='bbox 3023 5211 3256 5276; x_wconf 82' lang='lat' dir='ltr'>exutus,</span> <span class='ocrx_word' id='word_1_688' title='bbox 3289 5211 3468 5276; x_wconf 81' lang='lat' dir='ltr'>atque</span> <span class='ocrx_word' id='word_1_689' title='bbox 3499 5205 3557 5257; x_wconf 92' lang='lat' dir='ltr'>in</span> <span class='ocrx_word' id='word_1_690' title='bbox 3593 5222 3696 5259; x_wconf 79' lang='lat' dir='ltr'>ex-</span> 
     </span>
    </p>
   </div>
   <div class='ocr_carea' id='block_1_108' title="bbox 2083 5275 3694 5340">
    <p class='ocr_par' dir='ltr' id='par_1_108' title="bbox 2083 5275 3694 5340">
     <span class='ocr_line' id='line_1_109' title="bbox 2083 5275 3694 5340; baseline -0.001 -8"><span class='ocrx_word' id='word_1_691' title='bbox 2083 5275 2194 5333; x_wconf 82' lang='lat' dir='ltr'>silii</span> <span class='ocrx_word' id='word_1_692' title='bbox 2244 5275 2523 5333; x_wconf 62' lang='lat' dir='ltr'>aerumnis</span> <span class='ocrx_word' id='word_1_693' title='bbox 2575 5281 2842 5330; x_wconf 89' lang='lat' dir='ltr'>mortuus</span> <span class='ocrx_word' id='word_1_694' title='bbox 2891 5281 3000 5340; x_wconf 90' lang='lat' dir='ltr'>est,</span> <span class='ocrx_word' id='word_1_695' title='bbox 3031 5282 3090 5329; x_wconf 90' lang='lat' dir='ltr'>ut</span> <span class='ocrx_word' id='word_1_696' title='bbox 3137 5275 3305 5330; x_wconf 90' lang='lat' dir='ltr'>docet</span> <span class='ocrx_word' id='word_1_697' title='bbox 3334 5275 3694 5331; x_wconf 71' lang='lat' dir='ltr'>Graecorum</span> 
     </span>
    </p>
   </div>
   <div class='ocr_carea' id='block_1_109' title="bbox 2079 5346 3696 5419">
    <p class='ocr_par' dir='ltr' id='par_1_109' title="bbox 2079 5346 3696 5419">
     <span class='ocr_line' id='line_1_110' title="bbox 2079 5346 3696 5419; baseline -0.002 -13"><span class='ocrx_word' id='word_1_698' title='bbox 2079 5351 2480 5419; x_wconf 80' lang='lat' dir='ltr'>Menologi-um</span> <span class='ocrx_word' id='word_1_699' title='bbox 2511 5347 2584 5401; x_wconf 81' lang='lat' dir='ltr'>ad</span> <span class='ocrx_word' id='word_1_700' title='bbox 2623 5348 2682 5402; x_wconf 88' lang='grc'>13</span> <span class='ocrx_word' id='word_1_701' title='bbox 2716 5346 2865 5411; x_wconf 87' lang='lat' dir='ltr'>Maii,</span> <span class='ocrx_word' id='word_1_702' title='bbox 2900 5347 3080 5419; x_wconf 88' lang='lat' dir='ltr'>idque</span> <span class='ocrx_word' id='word_1_703' title='bbox 3111 5347 3222 5401; x_wconf 91' lang='lat' dir='ltr'>sub</span> <span class='ocrx_word' id='word_1_704' title='bbox 3273 5347 3488 5403; x_wconf 89' lang='lat' dir='ltr'>Leonis</span> <span class='ocrx_word' id='word_1_705' title='bbox 3523 5349 3696 5404; x_wconf 88' lang='lat' dir='ltr'>Isau-</span> 
     </span>
    </p>
   </div>
   <div class='ocr_carea' id='block_1_110' title="bbox 2079 5418 2550 5493">
    <p class='ocr_par' dir='ltr' id='par_1_110' title="bbox 2079 5418 2550 5493">
     <span class='ocr_line' id='line_1_111' title="bbox 2079 5418 2550 5493; baseline -0.008 -17"><span class='ocrx_word' id='word_1_706' title='bbox 2079 5422 2182 5476; x_wconf 90' lang='lat' dir='ltr'>rici</span> <span class='ocrx_word' id='word_1_707' title='bbox 2212 5418 2550 5493; x_wconf 66' lang='lat' dir='ltr'>tyrannide.</span> 
     </span>
    </p>
   </div>
   <div class='ocr_carea' id='block_1_111' title="bbox 2152 5487 3698 5561">
    <p class='ocr_par' dir='ltr' id='par_1_111' title="bbox 2152 5487 3698 5561">
     <span class='ocr_line' id='line_1_112' title="bbox 2152 5487 3698 5561; baseline -0.001 -14"><span class='ocrx_word' id='word_1_708' title='bbox 2152 5487 2264 5561; x_wconf 69' lang='grc'>(59⁷)</span> <span class='ocrx_word' id='word_1_709' title='bbox 2313 5492 2398 5546; x_wconf 88' lang='lat' dir='ltr'>Al.</span> <span class='ocrx_word' id='word_1_710' title='bbox 2427 5487 2823 5561; x_wconf 86' lang='lat' dir='ltr'>Cephalionis,</span> <span class='ocrx_word' id='word_1_711' title='bbox 2855 5493 2915 5543; x_wconf 92' lang='lat' dir='ltr'>ut</span> <span class='ocrx_word' id='word_1_712' title='bbox 2946 5487 3080 5543; x_wconf 88' lang='lat' dir='ltr'>infr.</span> <span class='ocrx_word' id='word_1_713' title='bbox 3124 5488 3258 5545; x_wconf 88' lang='lat' dir='ltr'>cod.</span> <span class='ocrx_word' id='word_1_714' title='bbox 3289 5489 3356 5543; x_wconf 80' lang='lat'>&#39;70</span> <span class='ocrx_word' id='word_1_715' title='bbox 3387 5494 3443 5543; x_wconf 91' lang='lat' dir='ltr'>et</span> <span class='ocrx_word' id='word_1_716' title='bbox 3475 5489 3603 5551; x_wconf 75' lang='grc'>161.</span> <span class='ocrx_word' id='word_1_717' title='bbox 3635 5496 3698 5546; x_wconf 87' lang='lat' dir='ltr'>et</span> 
     </span>
    </p>
   </div>
   <div class='ocr_carea' id='block_1_112' title="bbox 2080 5559 3695 5646">
    <p class='ocr_par' dir='ltr' id='par_1_112' title="bbox 2080 5559 3695 5646">
     <span class='ocr_line' id='line_1_113' title="bbox 2080 5559 3695 5646; baseline -0.001 -28"><span class='ocrx_word' id='word_1_718' title='bbox 2080 5559 2262 5646; x_wconf 70' lang='lat' dir='ltr'>apud.</span> <span class='ocrx_word' id='word_1_719' title='bbox 2288 5559 2591 5646; x_wconf 49' lang='lat' dir='ltr'>$uid.,qii‘i</span> <span class='ocrx_word' id='word_1_720' title='bbox 2619 5559 3014 5646; x_wconf 77' lang='lat' dir='ltr'>Cephalonem</span> <span class='ocrx_word' id='word_1_721' title='bbox 3043 5576 3283 5646; x_wconf 65' lang='lat' dir='ltr'>quoque</span> <span class='ocrx_word' id='word_1_722' title='bbox 3302 5561 3527 5646; x_wconf 60' lang='lat' dir='ltr'>dictum</span> <span class='ocrx_word' id='word_1_723' title='bbox 3548 5563 3695 5618; x_wconf 87' lang='lat' dir='ltr'>scri-</span> 
     </span>
    </p>
   </div>
   <div class='ocr_carea' id='block_1_113' title="bbox 2077 5631 3690 5714">
    <p class='ocr_par' dir='ltr' id='par_1_113' title="bbox 2077 5631 3690 5714">
     <span class='ocr_line' id='line_1_114' title="bbox 2077 5631 3690 5714; baseline -0.002 -23"><span class='ocrx_word' id='word_1_724' title='bbox 2077 5631 2259 5701; x_wconf 86' lang='lat' dir='ltr'>bit,ac</span> <span class='ocrx_word' id='word_1_725' title='bbox 2277 5635 2350 5690; x_wconf 89' lang='lat' dir='ltr'>de</span> <span class='ocrx_word' id='word_1_726' title='bbox 2368 5631 2698 5705; x_wconf 75' lang='lat' dir='ltr'>Ceplialone</span> <span class='ocrx_word' id='word_1_727' title='bbox 2716 5631 2892 5687; x_wconf 87' lang='lat' dir='ltr'>etiam</span> <span class='ocrx_word' id='word_1_728' title='bbox 2906 5631 3246 5714; x_wconf 61' lang='lat' dir='ltr'>consentit&#39;S</span> <span class='ocrx_word' id='word_1_729' title='bbox 3257 5632 3446 5695; x_wconf 86' lang='lat' dir='ltr'>traho,</span> <span class='ocrx_word' id='word_1_730' title='bbox 3468 5632 3690 5690; x_wconf 78' lang='lat' dir='ltr'>lib.xu.</span> 
     </span>
    </p>
   </div>
  </div>
