4046 6228
169 313 247 368 165

1130 299 1619 356 BIBLIOTHECA.
1663 328 1733 340 —
1769 297 1978 353 CODD.
2014 299 2402 357 LXVI-LXIX.

3348 309 3452 362 166

166 441 288 512 ριιόν.
329 435 566 506 Ἀρχεται
611 435 715 485 απὸ
759 439 850 491 τῆς
903 427 1177 502 βασιλείας
1224 432 1383 480 Νίνου
1427 432 1516 479 καὶ
1546 433 1690 498 Σεμι-

1814 426 1892 487 ius
1911 426 2160 480 arcessit
2183 426 2415 482 initium
2447 442 2483 483 a
2510 426 2682 493 Nino,
2715 432 2772 483 et
2795 428 3202 495 Semiramide,
3235 434 3452 504 pergit-

164 531 332 600 ρὰμιως,
375 528 455 575 καὶ
504 525 708 575 κάτεισι
757 526 922 592 μέχρι
966 526 1064 571 τῶν
1108 525 1199 570 τοῦ
1250 515 1505 589 βασιλέως
1549 515 1689 568 Ἀλε-

166 612 337 686 ξαίνδρου
376 617 586 686 χρόνων.
638 614 1048 683 Συμπεραίνεται
1098 603 1156 658 δὲ
1206 605 1361 658 αὑτοῦ
1405 607 1429 662 ἡ
1489 608 1694 676 ἱστορία

164 703 354 772 irier/ai;
382 699 422 752 θ’
461 701 571 752 κατ’
613 697 910 770 ἔπωνυμίαν
952 705 1051 748 τῶν
1094 693 1137 747 θ’
1181 701 1425 760 Μουσῶν,
1461 693 1690 756 Κλειοῡς,

165 792 344 857 Θαλείας,
405 789 691 860 Πολυμνίας
766 788 838 854 ⁸¹,
904 784 1260 856 Μελπομένης,
1332 781 1692 855 Τερψιχόρης,

164 881 388 952 Εὐτέρπης,
468 877 784 940 Καλλιόπης,
876 875 1136 949 Ἐρατοῦς,
1210 871 1472 946 Οὐρανίης
1547 885 1561 900 ⁸
1647 869 1693 921 ἐν

159 968 180 1039 ᾖ
223 972 295 1020 ui
340 969 400 1018 τὰ
447 967 582 1018 κατὰ
629 960 971 1037 Ἀλέξανδρον
1023 965 1109 1014 τόν
1173 957 1451 1016 Μακεδόνα
1513 955 1697 1020 διέξει-

160 1075 235 1109 σιν.

207 1145 332 1197 Ἐστι
377 1141 430 1197 δί
470 1148 563 1202 την
589 1145 783 1218 γροὶσιν
810 1141 1068 1205 ’Ῑωνίζωη
1103 1143 1192 1192 καὶ
1223 1146 1313 1191 τοῦ
1343 1142 1695 1213 προσήκοντος

156 1234 267 1286 πλέον
306 1241 360 1305 τῇ
416 1237 672 1304 συντομία
732 1230 1130 1303 ἀποχρώμενος,
1185 1224 1300 1280 οὐδ’
1358 1227 1479 1280 ἄλλο
1545 1223 1694 1281 οὐδὲν

153 1324 262 1386 ὶξιον
295 1325 547 1394 Θαυμάσαι
592 1325 682 1373 καὶ
729 1321 965 1382 ζηλῶσαι
1013 1316 1396 1389 ὶνδεικνύμενος
1441 1316 1574 1374 πλὴν
1604 1325 1697 1376 τῆς

150 1415 250 1464 ιατὰ
296 1417 379 1470 τὴν
434 1414 669 1485 ἱστορίαν
726 1412 1023 1482 μαθήσεως.
1081 1407 1242 1468 Οὗτος
1299 1409 1355 1458 τό
1413 1410 1502 1477 μὲν
1551 1411 1694 1476 ’γένος

151 1500 276 1553 αὗτού
308 1506 389 1553 καὶ
425 1497 681 1572 πατρίδα,
735 1502 799 1559 ὡς
844 1499 995 1558 αὐτὸς
1051 1496 1235 1557 ἐκεῖνός
1285 1514 1465 1567 φησιν,
1519 1496 1692 1569 ὥσπερ

148 1587 353 1660 Ὄμηρος,
394 1588 694 1659 ἁποσιωπᾷ,
748 1590 827 1640 ὃτι
872 1584 929 1639 δε
960 1584 1242 1660 διατρίϐων
1277 1584 1324 1636 έν
1370 1583 1573 1655 Σικελία
1603 1604 1691 1656 φυ·

148 1684 224 1747 γῆς
265 1678 395 1730 ἕνεκα
447 1681 540 1734 τήν
592 1679 828 1749 ἱστορίαν
885 1675 1172 1740 συνέταξεν,
1221 1673 1576 1745 ἀποφαίνεται,
1637 1675 1694 1722 τὸ

148 1785 214 1831 μιν
248 1766 529 1836 ἀναγκαῖον,
584 1761 824 1838 πατρίδα
862 1764 1017 1816 εἰπεῖν
1064 1768 1154 1815 καὶ
1197 1768 1361 1833 γένος,
1406 1768 1604 1834 παρείς,
1637 1764 1695 1812 τὸ
1731 1745 1776 1800 Β

148 1849 192 1904 δι
224 1860 299 1905 καί
333 1855 699 1926 μικροψυχίαν
753 1853 995 1926 ἐμφαῖνον
1049 1855 1098 1904 ἓν
1145 1857 1320 1924 μνήμη
1377 1855 1692 1910 πεποιηκώς.

148 1947 224 1995 lui
247 1948 296 1996 τὸ
325 1946 375 1994 ix
399 1949 568 1996 τόσων
603 1940 661 1996 δε
704 1947 796 1994 καὶ
841 1949 1008 1994 τόσων
1060 1941 1391 2012 συνειλέχθαι
1433 1940 1573 2010 αὐτῷ
1604 1944 1697 1997 τὴν

149 2033 333 2106 ἱστορίαν
371 2034 715 2105 σεμνύνεσθαι
754 2032 813 2083 οὐ
863 2033 996 2083 πάνυ
1047 2030 1235 2102 ψυχῆς
1282 2034 1338 2082 τό
1385 2030 1698 2102 μικρολόγον

145 2139 185 2172 τι
214 2127 289 2173 καὶ
327 2126 414 2180 τὴν
461 2117 810 2194 παιδαριώδη
871 2119 1162 2192 φιλοτιμίαν
1220 2117 1594 2190 ἀποσειομένης
1651 2120 1698 2154 ⁸³

144 2207 382 2272 ἆποδιιεις.
411 2215 546 2268 Φησὶ
582 2207 632 2262 δ’
681 2213 814 2282 ὅμως
840 2214 926 2262 τὸν
957 2219 1158 2284 πρῶτον
1198 2208 1337 2278 αὐτῷ
1368 2210 1414 2243 ⁸³
1442 2216 1532 2269 τῆς
1561 2211 1701 2260 ἱστο-

140 2304 228 2370 ρίας
254 2299 578 2371 συνειλέχθαι
624 2299 682 2351 ix
728 2299 891 2370 λόγων
944 2302 1032 2370 μὲν
1059 2299 1106 2332 ⁵⁴
1147 2296 1247 2370 ου’,
1291 2298 1358 2348 ὧν
1404 2302 1628 2372 πατέρας
1655 2297 1698 2348 λ’

141 2393 208 2440 ιιι
231 2389 268 2439 α’
291 2389 697 2462 ἀπομνημονεύει
730 2405 742 2416 ·
780 2391 866 2439 τόν
894 2384 952 2440 δε
983 2384 1216 2462 δεύτερον
1249 2385 1302 2438 ἐκ
1335 2385 1552 2459 βιϐλίων
1594 2387 1699 2458 ση’,

141 2483 431 2550 συγγραφέων
489 2474 550 2530 δί
595 2476 669 2529 κε’
703 2495 716 2509 ·
750 2481 841 2528 καὶ
893 2479 980 2527 τὸν
1034 2481 1206 2551 τρίτον
1264 2472 1322 2528 δι
1374 2474 1427 2526 ἐκ
1481 2474 1700 2547 βιϐλίων

138 2567 264 2634 μνη
288 2566 360 2637 χ’,
402 2570 750 2640 συγγραφέων
803 2562 861 2618 δι
899 2565 988 2630 κς¹
1047 2580 1059 2591 ⁸
1110 2568 1196 2616 τόν
1239 2568 1414 2636 μέντοι
1461 2570 1699 2640 τέταρτον

138 2651 178 2703 ix
207 2652 402 2725 βιϐλίων
447 2660 540 2727 μὶν
584 2656 694 2721 ων’,
745 2657 1082 2729 συγγραφέων
1127 2649 1186 2706 δὲ
1237 2651 1395 2725 λβ’⁵⁶
1430 2673 1442 2685 ⁸
1486 2659 1570 2706 καὶ
1614 2658 1700 2705 τὸν

136 2748 321 2812 πέμπτον
361 2741 418 2797 δι
457 2746 501 2781 ⁸⁸⁷
547 2743 604 2796 ἐκ
656 2742 874 2816 βιϐλίων
919 2747 1008 2815 μὲν
1064 2743 1135 2778 ⁸⁷⁸
1187 2760 1200 2771 °
1251 2742 1314 2808 σ’,
1364 2749 1699 2816 συγγραφέων

139 2827 184 2882 δὴ
214 2832 281 2897 ις-
320 2833 366 2868 ιι
399 2851 409 2862 .
472 2837 564 2886 τὸν
612 2830 674 2886 δὲ
713 2835 857 2886 ἕκτον
898 2831 952 2884 ix
999 2830 1214 2905 βιϐλίων
1263 2835 1420 2904 pho“,
1467 2851 1701 2904 συγγρα-

141 2927 238 2989 ?im
264 2921 392 2988 δεμ,
419 2927 508 2976 τόν
559 2920 622 2976 δε
671 2919 892 2994 ἕϐδομον
929 2922 983 2973 ἐκ
1031 2920 1249 2994 βιϐλίων
1279 2926 1436 2993 μὲν..,
1471 2941 1701 2997 συγγρα-

142 3014 239 3080 γίων
276 3009 399 3069 δι...
445 3016 534 3065 τὸν
589 3009 650 3066 δὲ
700 3009 889 3084 ὄγδοον
938 3011 992 3063 ix
1031 3009 1249 3084 βιϐλίων
1278 3015 1435 3083 μὲν...
1472 3031 1701 3085 συγγρα-

138 3104 238 3169 γέων
263 3097 331 3154 δι.
363 3141 378 3167 ,
420 3107 514 3154 καὶ
572 3105 664 3154 τόν
711 3104 912 3154 ἔννατον
969 3096 1027 3153 δε
1081 3102 1127 3136 ⁵9
1174 3101 1230 3153 ἐκ
1289 3099 1506 3174 βιϐλίων
1557 3104 1714 3172 μένα,
1768 3102 2106 3174 συγγραφέων
2165 3093 2224 3150 δὲ
2273 3098 2554 3172 τριάκοντα

141 3189 324 3262 ἱστορία.
940 3254 944 3257 Ι

837 3283 936 3334 ΞΘ⁹
947 3320 962 3335 .

288 3368 544 3442 Ἡσνχίου
588 3368 942 3442 ἰλλόυστρίου
981 3368 1230 3428 καθολικὴ
1267 3367 1516 3444 Ἱστορία.

192 3598 494 3674 ’Δνιγνώσθη
537 3624 634 3677 μοι
685 3605 734 3640 ⁸ο
792 3603 992 3677 βιϐλίον
1042 3605 1305 3676 ἱστορικὸν
1360 3605 1425 3664 ὡς
1473 3603 1523 3655 έν
1579 3621 1702 3655 συν-

138 3687 227 3754 ὲᾷιι
250 3701 493 3764 κοσμικῆς
528 3697 771 3765 ἱστορίας
797 3711 810 3722 ·
841 3695 866 3744 ὁ
906 3691 964 3747 δὲ
1003 3696 1330 3766 συγγραφεὺς
1370 3691 1628 3763 Ἦσύχιος
1676 3693 1702 3743 ὁ

140 3774 439 3852 Ἱλλούστριος
482 3785 553 3849 σί,
607 3781 870 3843 Μιλήσιος
911 3785 1001 3854 μὲν
1059 3780 1114 3833 ἐκ
1158 3777 1437 3854 πατρίδος,
1481 3787 1605 3841 παῖς
1645 3776 1704 3832 δὲ

138 3861 353 3938 ’Βσνχίου
398 3877 489 3924 καί
533 3871 852 3944 Φιλοσοφίας
897 3872 964 3935 ⁸³,
1011 3871 1138 3941 χαθ³
1172 3870 1197 3922 ὀ
1227 3875 1311 3922 καὶ
1364 3871 1394 3928 ἠ
1443 3868 1699 3942 ἐπιγραφὴ

144 3962 212 4004 τοῦ
247 3955 443 4027 βιϐλίου
488 3964 626 4033 μετὰ
673 3967 764 4012 τοῦ
813 3961 858 3995 ⁸³
906 3961 1142 4032 ἱστορίας
1187 3959 1478 4028 Ῥωμαῖκῆς
1523 3977 1576 4010 τε
1615 3961 1704 4010 καὶ

145 4043 440 4109 παντοδαπῆς
512 4051 791 4120 τυγχάνει.
841 4054 1100 4120 ’Δρχεται
1156 4051 1244 4120 μιν
1301 4044 1389 4100 οὖν
1444 4047 1544 4100 ἀπὸ
1611 4057 1702 4109 τῆς

146 4140 214 4182 τοῦ
240 4136 385 4191 Βήλου
433 4147 524 4190 τοῦ
573 4139 873 4210 ’Δσσυρίων
932 4135 1192 4208 βασιλέως
1245 4135 1532 4209 βασιλείας,
1582 4139 1704 4188 κάτ-

142 4237 221 4273 εισι
274 4220 326 4277 δι
378 4231 541 4302 μέχρι
599 4235 692 4287 τῆς
743 4227 981 4288 τελευτῆς
1035 4225 1411 4288 Ἀναστασίου,
1471 4228 1525 4288 ὃς
1581 4225 1702 4278 Ῥω-

145 4317 273 4376 μαίων
297 4321 494 4385 γέγονεν
526 4317 864 4390 αὐτοκράτωρ
910 4316 1035 4388 [104
1080 4316 1192 4389 Ιῖ.].
1228 4314 1381 4369 Ἐστι
1427 4313 1486 4368 δὲ
1526 4318 1703 4368 σύντο-

144 4418 213 4467 μος
235 4409 312 4454 καὶ
336 4406 616 4467 καλλιεπὴς
651 4413 663 4435 ⁶
693 4405 822 4467 λέξει
853 4424 906 4457 τε
933 4409 1034 4480 γὰρ
1068 4407 1114 4440 ⁸⁸
1144 4404 1345 4478 ἀνθηρᾲ
1374 4409 1462 4457 καὶ
1493 4405 1703 4477 εὐσημῳ

147 4493 376 4560 κέλητας,
409 4500 498 4547 καὶ
549 4497 581 4552 ἡ
619 4496 854 4552 συνθήκη
904 4501 997 4547 τοῦ
1037 4495 1192 4566 λόγου
1242 4497 1375 4546 κατὰ
1418 4493 1565 4565 λόγον
1613 4493 1702 4546 αὐ-

151 4584 200 4644 τῷ
238 4582 522 4654 ἡρμοσμένη
576 4601 590 4614 ο
643 4583 950 4657 κυριολογίᾳ
1005 4588 1093 4654 μὲν
1146 4586 1382 4655 μάλιστα
1432 4588 1635 4656 χαίρων
1685 4600 1697 4612 ο

1738 3288 1782 3346 C

1801 530 1916 586 que
1935 514 2010 570 ad
2026 516 2343 571 Alexandri
2364 517 2554 588 Magni
2570 523 2858 588 tempora.
2884 517 3070 573 Libris
3093 534 3308 577 novem
3326 523 3453 578 uni—

1802 619 1973 660 versa
1994 605 2429 676 comprehensa
2445 606 2807 667 esthistoria,
2827 606 3027 662 inditis
3055 609 3300 665 totidem
3327 614 3450 667 Mu-

1803 709 2003 749 sarum
2048 695 2410 758 nominibus,
2447 695 2619 760 Clius,
2650 695 2882 760 Thalia,
2938 697 3282 769 Poiymniaa,
3326 702 3454 756 Mel-

1803 797 2114 853 pomenes,
2215 784 2625 854 Terpsichoraa,
2731 787 3028 856 Euterpes,
3144 787 3450 860 Calliopes,

1807 873 2014 927 Eratus
2038 873 2175 942 (60),
2207 877 2264 928 et
2293 872 2546 938 Uraniae,
2576 889 2697 945 quo
2725 874 2785 929 in
2829 890 3007 946 opere
3035 881 3092 932 et
3131 875 3454 935 Alexandri

1805 960 1962 1030 regis
1989 960 2381 1018 Macedonum
2412 969 2582 1034 gesta
2605 961 2805 1020 refert.

1879 1139 2076 1196 Ionica
2089 1140 2339 1197 dialecto
2353 1146 2437 1196 est
2455 1157 2598 1196 usus
2622 1160 2635 1210 ;
2662 1145 3078 1216 tantaquoque
3108 1145 3253 1204 citra
3283 1146 3458 1205 deco-

1805 1244 1938 1284 rum
1960 1230 2241 1286 brevitate
2269 1230 2558 1294 adhibita,
2585 1235 2648 1286 ut
2671 1237 2878 1302 praeter
2899 1233 3126 1290 nudam
3152 1241 3454 1307 gestarum

1805 1333 2005 1373 rerum
2021 1319 2597 1384 narrationem,nihil
2612 1320 3458 1386 mirandum,autimitandum

1806 1406 2032 1463 afferat.
2067 1409 2264 1464 Genus
2304 1414 2359 1464 et
2404 1409 2682 1479 patriam,
2718 1414 2779 1465 ut
2807 1415 2863 1464 et
2896 1410 3023 1482 ipse
3071 1428 3190 1468 non
3235 1414 3459 1474 inﬁcia-

1807 1501 1920 1563 tur,
1949 1498 2184 1552 Homeri
2213 1497 2501 1568 exemplo,
2538 1499 2750 1569 premit
2779 1497 3033 1556 silentio.
3068 1505 3127 1556 In
3153 1503 3348 1559 Sicilia
3378 1510 3459 1560 ta-

1807 1601 1944 1640 men
1985 1587 2170 1641 exsilii
2203 1602 2389 1643 causa
2432 1587 2765 1659 degentem,
2811 1588 3120 1646 historiam
3151 1593 3458 1664 scripsisse

1805 1679 2075 1746 apparet.
2111 1676 2282 1740 Quod
2311 1693 2452 1746 ergo
2485 1676 2890 1732 necessarium
2931 1687 3074 1744 erat,
3122 1682 3372 1751 patriam
3405 1688 3461 1738 et

1806 1777 1995 1832 genus
2027 1765 2286 1834 proﬁteri
2320 1765 2377 1820 id
2408 1767 2605 1820 omisit
2635 1765 2771 1837 (6t),
2805 1768 2967 1838 quod
3005 1776 3205 1825 autem
3244 1770 3460 1841 abjecti

1807 1856 1900 1907 est
1929 1853 2111 1907 animi
2143 1854 2450 1919 indicium,
2493 1854 2819 1927 [exsilium]
2851 1858 3155 1912 memoriae
3179 1859 3458 1930 prodidit.

1807 1941 1998 1995 Animi
2030 1957 2271 2014 quoque
2297 1943 2567 1998 nondum
2596 1958 2837 2015 prorsus
2874 1945 3114 2001 inanem
3149 1948 3462 2018 puerilem-

1808 2046 1920 2101 que
1931 2030 2181 2101 gloriam
2196 2032 2755 2103 repudiantis,magn
2767 2049 2864 2087 um
2880 2034 3019 2088 satis
3040 2044 3460 2106 argumentum

1809 2128 1962 2184 est,e
1987 2122 2510 2193 quotquantisque
2527 2123 2916 2194 scriptoribus
2942 2123 3187 2179 historia
3212 2125 3463 2182 collecta

1812 2208 1903 2273 sit,
1932 2209 2178 2279 jactare.
2208 2209 2300 2264 Ait
2319 2210 2477 2264 enim
2499 2211 2902 2282 compositum
2922 2211 3139 2268 librum
3156 2214 3462 2286 primume

1810 2296 1975 2352 libris
1998 2298 2341 2370 quingentis
2371 2304 2426 2353 et
2456 2299 2858 2370 septuaginta,
2897 2316 3157 2372 quorum
3187 2311 3462 2360 auctores

1815 2403 2002 2442 unum
2015 2387 2361 2457 ettringinta
2374 2395 2827 2444 commemorat.
2848 2389 3085 2446 Librum
3104 2407 3245 2447 vero
3259 2409 3464 2448 secun-

1811 2476 1958 2532 dum
1989 2493 2020 2532 e
2047 2476 2216 2532 libris
2242 2476 2511 2532 ducentis
2533 2482 2589 2532 et
2609 2481 2764 2541 octo,
2794 2478 3148 2550 scriptorum
3171 2495 3305 2537 xxv.
3338 2484 3463 2538 Ter-

1812 2567 1960 2622 tium
2003 2581 2034 2621 e
2065 2565 2234 2620 libris
2277 2581 2364 2631 nc,
2415 2565 2804 2637 scriptoribus
2834 2581 2975 2621 vero
3002 2583 3105 2622 sex
3149 2575 3203 2623 et
3233 2570 3460 2637 viginti.

1811 2656 2101 2720 Quartum
2141 2670 2172 2708 e
2213 2669 2394 2708 xxxvn
2430 2655 2782 2724 scriptorum
2815 2654 2977 2709 libris
3016 2655 3370 2726 octingentis
3411 2663 3468 2714 et

1809 2743 2267 2816 quinquaginta.
2295 2741 2602 2812 Quintum,
2631 2758 2662 2796 e
2688 2744 2957 2796 ducentis
2989 2742 3173 2808 libris,
3205 2760 3465 2816 quorum

1812 2832 2130 2903 scriptores
2147 2846 2248 2886 sex
2275 2835 2332 2886 et
2361 2829 2584 2900 viginti.
2608 2831 2698 2886 Sic
2724 2830 2799 2884 de
2822 2829 3211 2904 reliquis(62).
3230 2836 3465 2890 Nonum

1810 2937 1841 2976 e
1866 2920 2033 2976 libris
2073 2961 2086 2974 .
2109 2962 2122 2974 .
2146 2962 2158 2976 .
2181 2960 2194 2974 .
2232 2919 2541 2975 collectum
2575 2918 2854 2984 afﬁrmat,
2907 2921 3294 2989 scriptoribus
3330 2937 3464 2978 vero

1809 3009 2064 3080 triginta.
2098 3010 2290 3080 Atque
2322 3007 2448 3063 hinc
2470 3007 2589 3064 fere
2616 3007 3026 3080 Cephalaeonis
3053 3009 3319 3066 historia.

2614 3113 2626 3126 ο
2689 3095 2737 3148 έν
2791 3098 2866 3158 οἷς
2919 3101 3005 3149 καὶ
3055 3099 3083 3156 ἠ
3142 3099 3459 3172 Καφαλίωνος

2549 3278 2718 3333 LXIX.

1812 3367 2082 3439 Hesychii
2100 3366 2360 3441 illustris
2379 3364 2596 3423 Milesii
2623 3365 2887 3441 historiae
2917 3368 3266 3441 omnigenis,
3293 3374 3471 3441 atque

1880 3437 2161 3496 Romanae
2211 3439 2354 3495 libri
2405 3453 2462 3494 v1
2515 3443 2569 3494 et
2608 3452 2700 3494 res
2727 3453 2765 3494 a
2794 3437 3030 3495 Iustino
3070 3437 3298 3498 seniore
3324 3437 3469 3512 imp.

1879 3520 2076 3583 gestas.
2564 3576 2568 3578 ,

1882 3603 2086 3657 Lectus
2106 3603 2163 3656 et
2192 3598 2508 3655 historicus
2547 3597 2701 3654 liber
2731 3598 2992 3669 (auctore
3043 3601 3334 3673 Hesychio
3357 3602 3472 3673 (63)

1810 3689 2038 3755 illustri,
2076 3689 2266 3761 patria
2295 3687 2534 3753 Milesio,
2569 3687 2839 3759 Hesychii
2869 3693 2928 3744 et
2955 3689 3188 3761 Saphiae
3205 3690 3345 3756 ﬁlio,
3369 3691 3473 3762 qui

1810 3779 1993 3834 veluti
2023 3777 2480 3850 comprehensio
2505 3777 2789 3848 quasdam
2817 3784 2904 3832 est
2932 3779 3108 3833 totius
3138 3779 3212 3834 de
3246 3779 3474 3836 mundo

1809 3868 2090 3934 historia),
2127 3875 2187 3922 ut
2215 3866 2352 3922 inde
2380 3881 2619 3937 quoque
2650 3866 2852 3921 titulus
2874 3867 3161 3923 Romana;-
3190 3867 3390 3929 simul,
3419 3873 3475 3923 et

1812 3956 2138 4027 omnigenz
2168 3955 2430 4011 historia
2455 3954 2907 4024 inscriptionem
2940 3954 3237 4026 praeferat.
3267 3955 3474 4025 Incipit

1811 4061 1849 4102 a
1876 4047 2007 4101 Belo
2035 4043 2190 4117 34b
2237 4046 2614 4115 Assyriorum
2641 4059 2799 4112 rege,
2845 4051 2900 4098 et
2931 4045 2990 4097 in
3029 4043 3329 4098 Anastasii
3361 4045 3472 4098 Ro-

1813 4151 2135 4191 manorum
2175 4131 2550 4204 imperatoris
2581 4148 2889 4187 excessum
2918 4131 3154 4187 desinit.
3188 4131 3472 4187 Concisus

1812 4232 1904 4282 est
1955 4231 2136 4296 atque
2183 4223 2460 4278 disertus.
2495 4225 2643 4278 Nam
2697 4227 2751 4277 et
2780 4221 3039 4278 dictione
3071 4237 3214 4276 usus
3258 4219 3475 4278 ﬂorida.

1812 4330 1883 4371 ac
1909 4313 2300 4384 signiﬁcante,
2334 4318 2387 4366 et
2415 4312 2547 4384 ipsa
2576 4311 2867 4368 orationis
2895 4316 3195 4367 structura
3231 4311 3356 4382 pari
3386 4313 3477 4366 est

1811 4403 2041 4461 ratione
2071 4403 2148 4458 ab
2197 4401 2295 4457 illo
2321 4401 2649 4466 elaborata,
2679 4401 2824 4456 dum
2857 4400 3180 4457 verborum
3212 4401 3473 4457 maxime

1812 4494 2033 4564 gaudet
2059 4491 2438 4565 proprietate.
2472 4492 2668 4548 Sicubi
2712 4507 2852 4548 vero
2882 4491 3209 4548 dictionem
3243 4490 3470 4560 signiﬁ-

1811 4589 2069 4651 cantem,
2103 4582 2280 4638 etiam
2313 4596 2451 4636 cum
2483 4580 2748 4637 maxima
2778 4581 3073 4652 emphasi,
3103 4584 3360 4635 sectatur
3392 4580 3476 4634 ita

150 4666 182 4714 ιὶ
215 4664 263 4719 ii
290 4691 378 4723 που
408 4680 499 4726 καὶ
546 4673 792 4748 τρέφοιτο
823 4674 891 4738 ⁸⁸,
938 4680 1010 4743 τῷ
1052 4692 1107 4725 τε
1149 4675 1362 4745 εὐσήμῳ
1409 4677 1498 4724 καὶ
1546 4671 1699 4744 ἔμφα-

1814 4688 1922 4728 sua
1945 4671 2331 4728 translatione
2359 4670 2693 4726 auditorem
2724 4651 3004 4736 oblectat,
3036 4675 3098 4724 ut
3145 4669 3332 4724 nihilo
3363 4667 3470 4724 ob-

153 4762 370 4812 τιιυτιὶτυ
448 4771 546 4824 τῆς
629 4761 808 4825 λέξεως
883 4758 1041 4821 ἧδυνε
1112 4766 1200 4834 μιν
1271 4769 1334 4834 τῇ
1401 4769 1563 4835 τροπῇ
1615 4765 1699 4814 τόν

1813 4764 2067 4825 scurius,
2100 4759 2249 4832 quin
2292 4759 2440 4816 forte
2469 4757 2706 4823 clarius,
2757 4773 2884 4814 rem
2915 4758 2994 4814 ob
3038 4757 3244 4814 oculos
3290 4760 3479 4828 ponat

1446 4894 1688 4951 VARIAE
1728 4894 2016 4951 LECTION
2029 4894 2128 4948 ES.

207 5023 239 5060 “
268 5025 388 5080 no)...
430 5032 572 5091 νείας
611 5049 667 5092 ς.
777 5029 825 5064 ⁵¹
869 5027 1212 5101 ἁποσιιμίνης
1243 5031 1308 5084 Α.

287 5098 326 5131 ⁸⁷
475 5100 624 5151 add.
653 5104 718 5151 Δ.
832 5100 900 5135 ⁵⁷’
946 5104 1032 5151 ιιὶν
1077 5116 1198 5151 om.
1247 5106 1308 5151 A.

163 5112 200 5152 ς.
287 5098 326 5131 ⁸⁷
376 5098 431 5151 δι
475 5100 624 5157 add.
653 5104 718 5154 Λ.
832 5100 900 5135 ⁵τ⁹
944 5098 1198 5157 μὶνόω.
1247 5106 1311 5156 A.

159 5163 193 5194 "
215 5163 259 5217 δι
282 5175 405 5226 ante
435 5171 489 5223 Ea:
515 5172 662 5229 add.
691 5174 758 5226 A.
859 5174 906 5207 ⁸ο
929 5163 1020 5245 μοι
1051 5171 1191 5229 add.
1226 5177 1292 5228 A.
1393 5173 1438 5208 ⁶¹
1475 5163 1760 5244 ἰλοῦἆτριος
1791 5173 1862 5226 Λ.

161 5235 420 5310 ⁶⁸τέρψοετο
449 5265 509 5308 ς’.

1421 5030 1470 5064 ⁵³
1499 5029 1634 5082 οὑτῶ
1684 5027 1826 5084 add.
1879 5030 1950 5084 A.

1425 5084 1619 5174 "quj
1653 5099 1734 5152 m'
1768 5102 1859 5174 vel
1891 5084 2312 5174 xd"_(incertum
2362 5084 2541 5174 enim)
2590 5084 2659 5174 A.
2690 5084 3199 5174 iacunteeaedein
3247 5097 3307 5150 in
3359 5084 3474 5174 AC.

2073 5027 2122 5060 ⁸⁸
2153 5028 2242 5096 μὶν
2287 5024 2344 5078 ἔκ
2387 5024 2552 5096 λόγων
2584 5046 2638 5090 ς.
2756 5026 2804 5061 ⁵⁸
2847 5027 2937 5096 μὶν
2967 5024 3108 5080 add.
3140 5026 3208 5079 Α.
3324 5025 3372 5059 ⁸⁸
3406 5022 3474 5089 λς·

2756 5026 2804 5061 ⁵⁸
2847 5027 2937 5098 μὶν
2967 5024 3108 5098 add.
3140 5026 3208 5079 Α.

1973 5171 2020 5208 ⁸⁸
2052 5175 2237 5242 Σοφίας
2271 5191 2326 5234 ς.
2405 5171 2451 5204 ⁸³
2476 5176 2568 5222 τοῦ
2593 5169 2728 5224 add.
2771 5171 2836 5223 Α.
2915 5169 2961 5204 ⁶⁴
2987 5170 3089 5240 γὰρ
3117 5183 3245 5224 om.
3282 5183 3369 5236 pr.
3406 5169 3473 5222 Α.

1677 5367 1903 5426 ΝΟΤἉΕ.

229 5491 303 5559 60)
331 5494 433 5559 Qui
457 5496 614 5552 liber
641 5495 745 5552 inf.
777 5494 1104 5552 advocatur
1133 5494 1262 5551 cod.
1298 5495 1421 5552 161.

234 5564 304 5633 Μ)
328 5567 647 5623 Strabolib.
671 5583 791 5635 xiii,
809 5567 870 5623 in
885 5566 1113 5624 Troade
1125 5567 1503 5637 Gergethium
1525 5564 1708 5622 fuisse

161 5627 710 5711 hugqicephalonem
733 5627 902 5711 docet
929 5645 993 5695 ut
1011 5643 1064 5695 et
1086 5627 1314 5711 Suidis.

218 5705 314 5775 l6!)
340 5705 604 5774 Quatuor
629 5709 726 5766 hic
764 5710 1052 5768 librorum
1090 5710 1352 5767 calculus
1391 5713 1709 5767 auctorum

1817 5493 2170 5549 eorumdem
2199 5496 2504 5546 tomorum
2530 5489 2724 5561 periit.

1888 5563 2000 5646 (63)
2027 5567 2250 5646 De‘quo
2268 5560 2551 5646 legendus
2565 5560 2800 5640 Suidas.
2824 5561 3036 5646 Exstat.
3054 5561 3474 5646 Graeco-latina

1814 5631 2264 5708 hujusepitome
2287 5631 2548 5708 Catalogi
2563 5632 2828 5708 virorum
2851 5631 3135 5708 doctrinas
3153 5631 3334 5708 laude
3360 5634 3480 5691 cla-

1817 5703 2020 5763 rorum
2042 5703 2362 5778 'alphabeti
2393 5707 2540 5761 serie
2571 5704 2730 5776 typis
2765 5703 3152 5763 Plantinianis
3185 5705 3368 5762 edita.
