4046 6228
547 293 648 349 167

1783 263 2018 320 ΡΗΟΤΠ
2054 257 2528 316 ΡΑΤΜΛΒΟΗΕ
2568 260 2667 314 CP.

3807 258 3904 310 168

548 435 730 492 quam
762 416 808 470 si
834 410 1198 477 nullatigura
1218 418 1358 457 usus
1373 399 1598 455 fuisset.
1629 393 1896 492 Vei'itatis
1913 395 2202 462 praeterea

2331 387 2592 460 ἐκροατὴν,
2622 381 2771 437 οὐδὲν
2818 381 2876 437 δὲ
2907 381 3080 449 ἧττον,
3127 384 3169 436 εἰ
3199 389 3269 454 μη
3303 389 3392 436 καῖ
3422 382 3611 453 μᾶλλον
3650 389 3825 452 σαφῶς
3854 385 3910 431 τό

549 484 612 567 se
637 508 734 564 hic
760 501 1031 576 inprimis
1064 495 1398 552 studiosum
1428 484 1734 560 promittit.

621 693 910 748 Caeterum
934 696 1084 750 opus
1118 690 1224 730 sex
1260 673 1319 726 in
1349 672 1547 742 partes
1577 664 1852 718 divisum.
1888 658 2116 712 Primus
2139 655 2200 709 li-

548 746 674 846 ber,
703 793 839 851 quae
872 746 1092 828 bellum
1131 764 1452 833 Trojanum
1495 754 1958 814 antecesserunt,
2004 746 2196 851 refert.

553 835 882 930 gecundus,
910 862 982 917 ab
1007 859 1106 914 Ilio
1123 858 1298 924 capto
1311 849 1387 906 ad
1405 851 1653 904 Romam
1669 854 1856 912 usque
1869 835 2196 930 conditam,

554 923 740 1031 gesta.
781 923 1021 1018 Tertius,
1064 923 1212 1018 quae
1238 940 1316 997 ab
1347 938 1492 994 urbe
1532 930 1773 989 condita
1813 928 1918 1026 sub
1957 923 2198 992 regibus

553 1019 912 1108 acciderunt,
934 1040 1125 1095 donec
1138 1028 1481 1089 consulibus
1496 1028 1697 1080 Romae
1720 1019 1930 1075 creatis
1947 1029 2197 1082 regnum

554 1106 681 1195 esse
708 1134 899 1191 desiit.
929 1123 1392 1184 commemorat;
1410 1109 1763 1186 Olympiade
1777 1106 2002 1162 circiter
2028 1118 2202 1157 sexa-

553 1231 781 1302 gesima
825 1227 1058 1278 octava.
1101 1216 1379 1279 Quartus,
1417 1221 1488 1259 ex
1519 1217 1642 1273 quo
1672 1195 1948 1253 consules
2000 1195 2202 1302 Bome:

555 1281 930 1389 praefuerunt,
965 1309 1080 1363 hoc
1109 1307 1199 1358 est
1242 1315 1276 1354 a
1317 1291 1690 1362 sexagesima
1739 1292 1952 1389 octav‘a
1975 1281 2202 1389 "Olim-

553 1370 732 1480 piade
774 1415 966 1472 usque
996 1395 1073 1452 ad
1117 1402 1368 1451 CLXXXII,
1402 1398 1540 1438 cum
1569 1375 1864 1480 consules,
1897 1370 2205 1480 ἲΙυὶίονῗιῖιε-

557 1458 695 1554 Ea};
709 1458 1274 1557 solumimperante,
1306 1491 1432 1532 esse
1459 1468 1780 1525 desierunt.
1806 1461 2020 1528 Quinto
2052 1458 2204 1513 libro

556 1602 627 1641 ea
655 1550 995 1641 narrantur,
1009 1550 1161 1644 quae
1206 1585 1241 1623 a
1269 1563 1403 1620 Julii
1435 1555 1685 1615 Ctesaris
1718 1550 1969 1623 imperio
2017 1561 2206 1618 usque

725 1640 1067 1742 Byzantina;
1087 1657 1248 1715 urbis
1275 1652 1462 1727 gloria
1488 1664 1557 1703 ac
1577 1646 1759 1700 virtus
1793 1640 1870 1696 ad
1897 1651 2208 1693 summum

557 1728 843 1837 perducta
871 1763 980 1821 est,
1013 1747 1407 1817 contigerunt,
1448 1733 1802 1837 (Zlymipinde
1833 1743 2096 1837 CCLEXVII‘
2125 1728 2207 1781 in-
2240 1739 2284 1795 Β

557 1820 831 1909 choante.
847 1841 1196 1901 Sextolibro,
1225 1851 1292 1889 ex
1308 1846 1430 1903 quo
1455 1823 1909 1882 Constantinum
1925 1820 2207 1873 Constan-

558 1939 835 2012 tinopolis
855 1948 1076 2000 magno
1107 1941 1216 1981 suo
1244 1923 1403 1978 bono
1434 1920 1604 1972 nacta
1635 1917 1726 1968 est
1764 1911 2204 1980 imperatorem,

559 2003 751 2102 usque
776 2026 854 2082 ad
882 2017 1177 2077 Anastasii
1206 2023 1514 2067 excessum
1549 2009 1712 2072 gesta
1741 2003 1934 2096 narrat
1967 2037 1978 2059 ,
2029 2010 2208 2102 quem

558 2083 843 2176 (ipsarem
863 2112 1111 2180 scriptor
1127 2103 1222 2159 hic
1242 2095 1576 2160 clementia,
1593 2107 1662 2145 ac
1687 2087 2048 2180 benignitate
2073 2083 2207 2154 (64),

560 2175 764 2264 nescio
784 2175 1114 2276 quomodo,
1137 2190 1335 2246 multis
1350 2202 1418 2240 an
1430 2179 1756 2238 tecelluisse
1776 2175 2088 2248 praedicat:
2115 2188 2211 2225 cu-

557 2298 652 2368 jus
674 2265 871 2350 obitus
887 2290 946 2344 in
969 2283 1351 2341 undecimam
1370 2272 1573 2328 indicit
1589 2265 2210 2331 indictionem,Magno

2017 2352 2058 2368 μ
2096 2349 2108 2368 1
2125 2367 2149 2368 η
2166 2366 2186 2368 ί

562 2349 809 2441 consule
861 2378 985 2432 sine
1041 2370 1286 2438 collega.
1319 2368 1676 2433 Temporum
1728 2371 1867 2410 vero
1909 2349 2209 2423 periodus,

562 2489 681 2546 qua
707 2466 952 2526 historia
1001 2462 1098 2517 illa
1130 2455 1472 2517 absolvitur,
1507 2461 1805 2505 annorum
1836 2447 1924 2498 est
1952 2454 2043 2496 oio
2084 2451 2210 2494 cxc.

638 2735 909 2806 Legimus
931 2731 1070 2786 item
1089 2723 1360 2796 ejusdem
1373 2721 1522 2788 Hesy
1531 2713 1648 2771 chii
1666 2716 1726 2806 _(6
1735 2709 1906 2780 5)alte
1915 2723 2047 2764 rum
2061 2720 2217 2806 opus

563 2794 776 2883 Justini
807 2821 1078 2892 imperat.
1122 2794 1220 2869 res
1268 2815 1465 2881 gestas
1522 2804 1834 2859 continens
1866 2817 1879 2855 :
1909 2794 2215 2869 quomodo

567 2917 879 2977 Anastasio
894 2888 1126 2968 inortuo
1143 2905 1425 2961 suffectus
1449 2899 1807 2960 Justinus,el
1841 2892 2019 2962 hujUS
2046 2888 2215 2977 vicis-

567 3011 677 3064 sim
701 3003 1016 3076 imperium
1043 2994 1410 3051 Justinianus
1441 2984 1755 3056 exceperit,
1786 2981 2022 3049 aliaque
2044 2974 2216 3071 annis

569 3063 932 3167 aliquotsub
963 3103 1034 3142 eo
1062 3090 1245 3152 gesta.
1275 3084 1352 3135 Ne
1380 3084 1586 3130 cwtera
1613 3072 1864 3142 scriptor
1913 3063 2217 3122 memoriae
2255 3092 2296 3151 ρ

569 3154 898 3240 mandaret,
928 3179 1240 3229 revocatus
1270 3172 1352 3222 est
1408 3168 1594 3218 morte
1623 3157 1866 3215 Joannis
1909 3154 2032 3220 filii,
2083 3168 2216 3223 quae

570 3278 830 3330 mentem
862 3261 1125 3320 hominis
1155 3257 1307 3312 adeo
1360 3251 1624 3325 perculit,
1675 3253 1735 3304 ut
1772 3241 2218 3302 commentandi

571 3355 992 3426 scribendique
1020 3353 1301 3405 conatum
1331 3341 1650 3410 infregerit.

716 3606 874 3680 35a
909 3597 1151 3657 Diodori
1171 3521 1791 3651 Sicuhxgistoriarum
1816 3585 1956 3640 libri
1983 3599 2078 3639 XL.

646 3674 919 3770 Legimus
961 3686 1209 3745 Diodori
1227 3681 1410 3740 Sic-uti
1445 3677 1836 3735 Historiarum
1864 3674 2042 3729 libros
2080 3685 2224 3744 qua-

573 3762 987 3859 dragintaqui
1003 3781 1338 3834 universam
1354 3768 1685 3842 quamdam
1702 3765 1910 3821 mundi
1925 3762 2227 3818 continent

574 3851 922 3936 historian).—
958 3873 1052 3924 Est
1107 3862 1466 3935 Cephalione
1496 3857 1670 3926 longe
1715 3855 1969 3916 uberior,
2019 3851 2225 3906 saltem

574 3985 713 4026 cum
744 3965 952 4021 eadem
998 3954 1190 4017 refert,
1229 3956 1289 4006 ut
1327 3957 1383 4004 et
1436 3945 1722 4018 Hesycbio
1770 3943 1997 3998 illustri.
2066 3941 2227 4013 Stylo

573 4061 756 4116 utitur
794 4049 1133 4125 perspicuo,
1165 4058 1274 4097 nec
1303 4038 1600 4100 aﬁ‘ectato,
1643 4034 1746 4090 sed
1777 4032 1882 4105 qui
1913 4031 2225 4087 historiam

575 4119 834 4205 maxime
864 4119 1089 4196 deceat.
1127 4137 1325 4204 Neque
1352 4129 1554 4191 etiam,
1611 4130 1671 4180 ut
1703 4123 1784 4179 sic
1835 4121 2102 4186 dixerim,
2136 4119 2229 4175 ni-

575 4237 764 4292 mium
784 4230 1086 4290 atticissat,
1111 4229 1212 4278 aut
1231 4216 1604 4289 antiquarius
1628 4220 1716 4269 est
1740 4228 1924 4284 supra
1953 4210 2224 4278 modum,

575 4337 771 4393 neque
797 4322 1005 4374 contra
1026 4312 1104 4367 ad
1125 4307 1348 4364 humile
1363 4303 1597 4360 dicendi
1621 4317 1809 4370 genus
1837 4317 1899 4356 se
1930 4299 2182 4355 demittit
2213 4314 2225 4350 :

575 4389 694 4468 sed
706 4403 990 4464 mediocri
1006 4400 1201 4455 forma
1221 4392 1512 4450 sermonis
1535 4389 1881 4457 delectatur,
1911 4391 2229 4458 ﬁguratam

575 4499 928 4559 orationem,
962 4489 1199 4558 aliaque
1229 4483 1424 4538 vitans
1458 4498 1471 4546 ;
1509 4479 1620 4533 nisi
1650 4479 1808 4549 quod
1843 4478 1916 4532 de
1965 4478 2230 4549 gentium

577 4591 710 4654 diis,
742 4592 798 4643 et
822 4580 1126 4643 heroibus,
1155 4577 1467 4647 poetarum
1500 4583 1686 4635 more,
1719 4565 2033 4620 fabulatur.
2068 4565 2230 4618 Ducit

575 4678 834 4735 historiae
858 4671 1088 4728 initium
1103 4667 1506 4727 aGrascorum,
1525 4656 2040 4726 Barbarorumque
2058 4653 2229 4708 fabu-

576 4770 717 4826 losis
735 4761 1130 4834 temporibus,
1164 4752 1470 4827 pergitque
1503 4748 1578 4803 ad
1609 4745 1953 4801 inchoatum
1983 4741 2232 4812 bellum,

577 4856 743 4932 quod
773 4871 908 4909 cum
931 4848 1114 4905 Gallis
1149 4838 1395 4900 Romani
1416 4853 1653 4910 gessere
1686 4855 1698 4887 :
1731 4851 1852 4906 qua
1884 4838 2232 4904 tempestate

580 4925 640 5005 (Ξ.
680 4945 868 5003 Julius
899 4943 1095 4995 Caesar
1125 4934 1241 5007 (cui
1269 4932 1343 4988 ob
1375 4947 1465 4985 res
1489 4932 1683 4999 gestas
1714 4925 1836 4980 Divi
1869 4941 2232 4994 cognomen-

577 5043 707 5096 tum
733 5031 1018 5092 addidere
1038 5022 1312 5093 Romani)
1332 5019 1642 5093 plurimas,
1672 5015 2053 5088 maximeque
2067 5015 2232 5073 belli.

2312 482 2545 548 πρᾶγμα,
2576 476 2603 532 ἠ
2637 475 2677 526 εἰ
2703 479 2772 545 μὴ
2808 473 3103 546 ἐτέτραπτο,
3134 478 3524 546 παρεστήσατο.
3546 471 3913 540 ’Υπισχνεῖται

2313 562 2371 617 δὲ
2398 570 2485 616 καὶ
2507 564 2748 624 ἀληθείας
2778 565 2907 615 εἶναι
2941 568 3214 634 φροντιστή
3230 583 3268 624 ς.

2383 661 2666 727 Διαιρεῖται
2694 649 2751 703 δὲ
2787 653 2927 722 αύτῷ
2962 656 3019 704 τὸ
3055 648 3380 722 σπούὸασμα
3423 650 3495 709 εἱς
3536 654 3791 721 τμήματα
3838 647 3913 711 ἓξ,

2311 743 2376 824 ᾧν
2409 747 2464 794 τό
2492 746 2580 812 μὲν
2621 749 2818 815 πρῶτον
2862 750 3046 812 τμῆμα
3094 744 3328 814 περιέχει
3377 741 3442 791 τὰ
3471 743 3569 812 πρό
3613 746 3711 789 τῶν
3740 743 3913 808 Τρωί-

2311 841 2430 894 κών,
2480 835 2536 882 τὸ
2571 828 2628 882 δὲ
2673 828 2909 905 δεύτερον
2960 833 3024 882 τὰ
3071 829 3169 880 ἀπὸ
3217 830 3368 882 Ἰλίου
3421 827 3660 886 ἁλώσεως
3691 827 3787 886 ἓως
3819 831 3915 886 τῆς

2310 925 2528 982 κτίσεως
2571 920 2786 991 Ῥώμης,
2837 923 2892 972 τό
2948 916 3006 971 δὲ
3059 925 3228 991 τρίτον
3283 922 3348 970 τὰ
3400 916 3499 968 ἀπὸ
3543 923 3639 975 τῆς
3692 918 3916 974 κτίσεως

2307 1009 2502 1080 Ῥώμης
2541 1014 2730 1081 μέχρις
2773 1011 2891 1060 ὅτου
2932 1010 2979 1044 ⁸⁵
3008 1009 3280 1079 Ῥωμαίοις
3325 1008 3354 1064 ἡ
3405 1015 3504 1058 τῶν
3553 1006 3761 1056 ὑπάτων
3807 1002 3918 1053 εἱσ-

2311 1101 2456 1170 ἠχθη
2504 1100 2756 1170 ἡγεμονία
2806 1097 3136 1150 καταλύσασι
3180 1101 3293 1156 τούς
3335 1093 3601 1166 βασιλέας,
3646 1096 3782 1144 κατά
3819 1095 3918 1148 τήν

2313 1187 2504 1260 ὀγδόην
2556 1194 2643 1239 καὶ
2694 1187 2978 1249 ἑξηκοστὴν
3024 1182 3401 1258 Ὀλυμπιάδα·
3432 1190 3489 1236 τό
3542 1180 3599 1234 δι
3647 1186 3918 1253 τέταρτον,

2315 1278 2366 1340 ἐξ
2418 1279 2571 1350 οὗπερ
2618 1277 2880 1347 Ῥωμαίων
2927 1278 3197 1347 ἡγήσαντο
3253 1275 3463 1335 ὕπατοι,
3512 1277 3626 1330 ἤτοι
3676 1269 3776 1322 ἀπὸ
3823 1278 3920 1330 τῆς

2315 1363 2512 1437 ὀγδόης
2554 1371 2642 1416 καὶ
2695 1365 2976 1426 ἑξηκοστῆς
3024 1359 3402 1434 Ὀλυμπιάδος,
3460 1365 3624 1432 μέχρι
3674 1355 3922 1428 δευτέρας

2315 1462 2404 1507 καῖ
2435 1453 2792 1527 ὀγδοηκοστῆς
2822 1457 2910 1504 καὶ
2950 1452 3230 1511 ἑκατοστῆς
3271 1452 3353 1522 [51
3408 1448 3501 1521 Η.]
3531 1443 3922 1518 Ὀλυμπιάδος,

2318 1546 2375 1596 οὗ
2408 1549 2493 1596 καὶ
2523 1543 2693 1605 ἔληξεν
2724 1544 2752 1599 ἠ
2797 1545 3006 1598 τοιαύτη
3053 1540 3196 1614 ἀρχὴ
3250 1539 3465 1592 Ἰουλίου
3512 1545 3603 1589 τοῦ
3654 1540 3925 1608 Καίσαρος

2318 1638 2771 1706 μοναρχήσαντος.
2827 1635 2895 1683 Τό
2947 1629 3005 1682 δὲ
3048 1635 3276 1701 πέμπτον
3324 1636 3508 1700 τμῆμα
3572 1629 3809 1698 περιέχει
3860 1628 3926 1676 τὰ

2321 1723 2420 1775 ἀπὸ
2472 1730 2564 1784 τῆς
2620 1721 2836 1774 Ἰουλίου
2895 1728 2984 1771 τοῦ
3043 1724 3308 1791 Καίσαρος
3371 1720 3663 1790 μοναρχίας
3728 1717 3928 1786 μέχρις

2319 1816 2437 1865 ὅτου
2492 1813 2769 1873 Βυζάντιον
2841 1808 2923 1860 ἐπὶ
2981 1812 3116 1879 μέγα
3172 1804 3327 1869 δόξης
3398 1807 3582 1876 ἰσχύος
3649 1807 3691 1838 ⁸⁷
3759 1804 3922 1876 ἤρθη,

2318 1897 2672 1972 Ὀλυμπιάδος
2714 1895 2941 1969 ἑϐδόμης
2986 1902 3072 1948 καὶ
3099 1893 3502 1967 ἑϐδομηκοστῆς
3533 1899 3621 1945 καὶ
3650 1891 3926 1946 διακοσιο-

2322 2000 2450 2052 στῆς
2496 1992 2796 2061 ἱσταμένης.
2828 1991 2896 2039 Τό
2929 1983 2986 2038 δὲ
3012 1987 3173 2049 ἕκτον,
3208 1984 3258 2046 ἐξ
3280 1985 3338 2036 οὗ
3381 1983 3606 2056 βασιλέα
3647 1990 3923 2035 Κώνσταν-

2320 2079 2604 2138 τινούπολις
2658 2078 2923 2148 εὐτύχησε
2973 2076 3019 2110 ⁶⁸
3067 2081 3471 2137 Κωνσταντίνον,
3522 2076 3686 2146 μέχρι
3738 2079 3833 2132 τῆς
3879 2073 3922 2103 ⁶⁹

2321 2173 2668 2221 Ἀναστασίου
2699 2167 2953 2230 τελευτῆς,
2989 2165 3041 2216 ὃν
3073 2165 3221 2225 οὗτος
3249 2165 3273 2215 ό
3303 2166 3631 2234 συγγραφεύς
3661 2166 3926 2236 πραότητι

2320 2264 2408 2310 καὶ
2438 2261 2486 2293 ⁷ο
2516 2260 2821 2330 ἡμερότητι,
2860 2255 2952 2306 οὐκ
2999 2251 3102 2306 οἷδ’
3144 2255 3296 2317 ὅπως,
3345 2251 3539 2304 πολλῶν
3580 2250 3929 2321 ἀποσεμνύνει

2323 2345 2598 2418 διενεγκεῖν
2632 2365 2643 2377 ο
2670 2345 2729 2396 ού
2764 2349 3034 2396 συνέπεσεν
3066 2345 3094 2400 η
3131 2343 3334 2398 τελευτὴ
3365 2342 3496 2392 κατὰ
3522 2344 3612 2398 τὴν
3647 2335 3929 2395 ἑνδεκάτην

2326 2433 2642 2500 ἰνδικτιῶνα,
2674 2436 2884 2504 Μάγνου
2907 2437 3063 2504 μόνου
3083 2432 3125 2466 ’⁷³
3151 2433 3509 2492 ὑπατεύοντος.
3531 2428 3587 2480 Ἠ
3615 2424 3675 2481 δὲ
3699 2431 3927 2501 περιοχή

2322 2535 2418 2578 τῶν
2457 2530 2660 2597 χρόνων
2703 2522 2889 2594 χιλίων
2930 2526 3018 2573 καὶ
3050 2520 3350 2578 ἐνενήκοντα
3378 2525 3466 2571 καὶ
3507 2519 3706 2570 ἑκατόν.
3743 2517 3824 2570 Ἐν
3856 2518 3936 2578 οἷς

2324 2619 2409 2667 καὶ
2440 2617 2470 2672 ἡ
2507 2617 2806 2687 συγγραφή.

2401 2704 2725 2774 Ἀνεγνώσθη
2772 2698 2829 2752 δέ
2872 2720 2960 2771 μοι
3009 2705 3097 2751 καὶ
3146 2699 3294 2772 ἑτέρα
3331 2707 3420 2751 τοῦ
3453 2698 3610 2750 αύτού
3645 2695 3852 2769 βίϐλος,
3889 2697 3934 2746 ἐν

2328 2796 2356 2866 ᾖ
2409 2798 2702 2867 περιείχετο
2755 2792 2815 2842 τά
2869 2809 2921 2841 τε
2978 2789 3240 2859 Ἰουστίνῳ
3298 2790 3623 2859 πραχθέντα,
3684 2788 3820 2845 ὅπως
3885 2804 3936 2836 τε

2330 2885 2681 2936 Ἀναστασίου
2765 2879 3163 2938 τελευτήσαντος
3229 2877 3380 2936 αὐτὸς
3462 2875 3742 2950 ἀνερρήθη.
3799 2870 3935 2926 Εἶτα

2329 2976 2417 3023 καὶ
2463 2980 2554 3028 την
2601 2970 2972 3022 Ἰουστινιανοῡ
3022 2974 3112 3018 τοῦ
3143 2970 3272 3037 μετὰ
3303 2967 3578 3017 Ἰουστῑνον
3608 2967 3747 3015 ἔστιν
3774 2961 3934 3035 ἀνάρ-

2327 3062 2482 3134 ῥησιν
2537 3054 2790 3120 κατιδεῖν,
2838 3061 2922 3107 καὶ
2977 3059 3066 3116 τὰς
3110 3054 3263 3114 οἰλλας
3305 3054 3517 3129 πράξεις
3564 3058 3753 3125 μέχρις
3803 3051 3930 3102 έτών

2327 3170 2476 3202 τινων
2524 3150 2572 3182 7’
2613 3154 2706 3206 τῆς
2754 3145 2912 3196 αὐτου
2953 3142 3242 3215 βασιλείας.
3294 3148 3393 3196 Καὶ
3436 3146 3493 3194 τὸ
3537 3143 3715 3193 λοιπόν
3748 3143 3772 3192 ό
3806 3160 3933 3210 συγ-

2327 3240 2552 3311 γραφεὺς
2597 3235 2878 3306 ἐπεσχέθη,
2923 3234 3125 3303 Θανάτῳ
3178 3241 3269 3284 τού
3318 3227 3507 3292 παιδὸς
3546 3233 3788 3282 Ἰωάννου
3841 3236 3937 3286 την

2327 3324 2514 3395 ψυχὴν
2540 3329 2748 3398 καιρίαν
2782 3321 2994 3395 βληθεὶς
3027 3326 3115 3374 καὶ
3157 3324 3411 3395 τῆςπρὸς
3440 3324 3497 3372 τὸ
3521 3322 3736 3394 γράφειν
3765 3320 3937 3391 ὁρμῆς

2331 3413 2577 3476 ἐκκοπεὶς.

3094 3500 3180 3554 0’.

2672 3587 2935 3663 Διοδώρου
2962 3588 3262 3642 Σικελιώτου
3295 3589 3581 3662 Ἰστορικόν
3593 3627 3604 3638 .

2406 3681 2733 3753 Ἀνεγνώσθη
2797 3681 2842 3714 ’⁷³
2897 3699 2985 3749 μοι
3037 3675 3301 3752 Διοδώρου
3372 3677 3674 3729 Σικελιώτου
3731 3672 3938 3746 βιϐλίον

2339 3774 2599 3845 ἱστορικὸν
2673 3772 2720 3821 ἓν
2797 3769 2971 3838 λόγοις
3047 3769 3115 3839 μ’,
3171 3768 3528 3839 οἱκουμενικην
3597 3767 3942 3838 περιέχουσιν

2341 3863 2592 3932 ἱστορίαν.
2644 3857 2798 3909 Ἔστι
2849 3854 2906 3909 δὲ
2949 3856 3120 3927 πολλῷ
3168 3856 3483 3930 πλατύτερος
3521 3863 3611 3907 τοῦ
3658 3873 3709 3905 τε
3772 3860 3935 3923 Κεφαο

2338 3950 2531 4012 λίωνος,
2583 3949 2630 4000 ἐν
2675 3949 2752 4008 οἷς
2795 3950 2914 4007 τοὺς
2953 3945 3141 4005 αύτούς
3180 3951 3401 4020 χρόνους
3451 3943 3726 4009 συμϐαίνει
3757 3942 3942 4001 αὐτοῖς

2340 4038 2668 4110 ἀναγράφειν,
2724 4040 2812 4087 καὶ
2863 4043 2954 4087 τού
3007 4034 3268 4106 Ἡσυχίου
3320 4041 3408 4086 τοῦ
3460 4034 3808 4105 Ἰλλουστρίου
3869 4031 3939 4082 ⁷⁸.

2342 4133 2612 4202 Κέχρηται
2645 4122 2702 4177 δὲ
2742 4126 2929 4199 φράσει
2971 4132 3120 4196 σαφεῖ
3165 4143 3216 4176 τε
3253 4129 3342 4176 καί
3390 4122 3610 4196 ἀκόμψῳ
3663 4126 3751 4172 καῖ
3797 4123 3944 4172 ἱστο-

2338 4224 2423 4292 ρίᾳ
2467 4216 2696 4289 μάλιστα
2733 4217 3026 4288 πρεπούσῃ,
3068 4218 3157 4265 καὶ
3211 4219 3341 4285 μήτε
3399 4217 3487 4272 τὰς
3539 4213 3630 4281 (ὡς
3685 4211 3745 4261 ἂν
3805 4213 3948 4260 εἴποι

2338 4311 2435 4378 τις)
2483 4305 2595 4358 λίαν
2640 4305 3133 4379 ὑπερηττικισμένας
3176 4304 3204 4361 ἣ
3259 4300 3682 4376 ἆρχαιοτρόπους
3736 4297 3949 4350 διώκων

2344 4395 2628 4461 συντάξεις,
2687 4399 2818 4466 μήτε
2862 4397 2989 4466 πρὸς
3036 4397 3129 4450 την
3188 4391 3617 4463 καθωμιλημένην
3682 4390 3733 4422 7⁵
3783 4392 3950 4438 νεύων

2341 4485 2618 4549 παντελῶς,
2694 4482 2820 4534 ἀλλὰ
2888 4491 2957 4552 τῷ
3022 4486 3164 4554 μέσῳ
3233 4490 3331 4532 τῶν
3401 4481 3564 4551 λόγων
3635 4485 3954 4552 χαρακτῆρι

2343 4581 2567 4649 χαίρων,
2628 4575 2821 4644 φεύγων
2885 4591 2937 4623 τε
2991 4574 3187 4642 τροπὰς
3258 4575 3347 4621 καὶ
3404 4564 3583 4632 τᾶλλα,
3656 4567 3788 4625 πλὴν
3846 4576 3953 4618 τῶν

2343 4666 2467 4734 παρ’
2510 4661 2724 4717 Ἐλλησι
2791 4659 3245 4731 μυθολογουμένων
3316 4661 3437 4710 θεῶν
3490 4677 3541 4710 τε
3596 4662 3680 4708 καὶ
3737 4658 3955 4729 ἡρώων,

2345 4755 2444 4804 ὅσα
2494 4755 2551 4802 τὸ
2593 4753 2862 4807 ποιητικόν
2908 4751 3015 4808 ἔθος
3061 4750 3109 4783 ’⁷⁵
3139 4753 3364 4820 νέμεται.
3412 4748 3672 4820 ”Δρχεται
3719 4749 3810 4817 μὲν
3859 4746 3957 4796 οὖν

2345 4849 2433 4901 τῆς
2480 4842 2712 4910 ἱστορίας
2756 4838 2854 4890 ἀπὸ
2900 4846 2996 4888 τῶν
3050 4838 3506 4908 μυθολογουμένων
3556 4838 3676 4910 παρ’
3727 4834 3960 4892 Ἕλλησι

2345 4935 2432 4982 καὶ
2465 4926 2774 5003 βαρϐάροις,
2824 4927 2941 4990 ἑξῆς
2985 4923 3132 4978 διιὼν
3181 4933 3344 4999 μέχρι
3379 4935 3468 4986 τῆς
3516 4925 3689 4997 ἀρχῆς
3729 4933 3822 4975 τού
3864 4944 3968 4975 συ-

2351 5022 2566 5080 στάντος
2616 5017 2839 5090 πολέμου
2894 5017 3165 5089 Ῥωμαίοις
3212 5036 3264 5068 τε
3306 5021 3395 5068 καὶ
3451 5014 3675 5078 Κελτοῖς,
3728 5015 3856 5066 καθ’
3904 5015 3964 5067 ὃν

1927 5125 2157 5181 VARle
2203 5125 2605 5182 LECTIONES.

654 5253 702 5287 οι
731 5243 877 5320 ὅτου]
909 5244 991 5295 ὅτε
1019 5241 1084 5294 Α.
1161 5236 1204 5272 ετ
1240 5232 1451 5306 ἰσχύος]
1493 5229 1698 5320 malim
1730 5233 1819 5280 καὶ
1853 5229 2068 5302 ἰσχύος.
2151 5234 2198 5268 ⁸⁸
2225 5233 2519 5320 ηὐτύχησὲ
2535 5251 2590 5294 ς’.
2643 5231 2715 5320 θ’
2735 5227 2860 5320 ξῆς]
2883 5234 2972 5282 καὶ
2997 5236 3207 5320 τῆςηςἉ
3251 5227 3426 5301 τοκαὶ]
3451 5248 3504 5282 τε
3527 5232 3615 5281 καὶ
3643 5249 3698 5292 ς’.
3779 5229 3824 5265 ⁷¹
3864 5234 3972 5300 μό-

1053 5309 1206 5320 ...
1832 5309 1850 5317 -
1985 5301 2089 5320 ...ι
2247 5303 2551 5320 ..η.
3117 5301 3523 5320 ιιγγοι
3636 5301 3808 5320 1x,,n

582 5343 664 5376 νον
691 5301 748 5385 ς’.
821 5301 877 5353 τί
901 5301 1348 5385 twévlfortagsé
1374 5301 1716 5385 legenduim”
1730 5309 1906 5385 τριῶν.

582 5373 825 5467 ﬁdem
859 5408 914 5455 ςο
990 5373 1210 5442 τ(ἔθνος
1235 5376 1571 5450 Stephanus
1594 5377 1653 5428 et
1679 5373 2090 5431 Casaubonus.

1985 5304 2033 5337 ⁷³
2069 5298 2608 5376 ἁνεγνώσθιῖβιϐλίον
2632 5298 2777 5357 διοὸ.
2808 5298 2916 5356 σῖκ.
2956 5321 3011 5366 ς.

3090 5301 3136 5335 ⁷⁴
3170 5299 3464 5376 ίλουστρίόυ
3491 5303 3560 5360 Α.
3636 5301 3684 5336 ¹⁵
3707 5299 3976 5374 κάθωμα-

2157 5468 2198 5522 Ν
2207 5464 2385 5522 ΟΤΕ.

679 5643 770 5729 65$
791 5643 973 5729 Cujus
998 5651 1165 5709 nulla
1194 5654 1280 5706 est
1303 5643 1472 5719 apud
1493 5643 1748 5700 ‘Suidam
1775 5643 2020 5700 mentio.

679 5593 745 5646 64
794 5585 1065 5644 Fortasse
1091 5578 1164 5635 ob
1190 5575 1660 5648 Chrysargyron,
1693 5570 1893 5628 tributi
1924 5585 2138 5642 genus,
2172 5571 2499 5639 sublatum.
2524 5570 2741 5644 alioqui
2769 5571 3014 5629 minime
3041 5570 3338 5628 militaris.

655 5591 770 5740 :65;
791 5657 973 5729 Cujus
998 5651 1165 5709 nulla
1194 5654 1280 5706 est
1306 5645 1472 5719 apud
1501 5645 1748 5700 Suidam
1775 5643 2020 5700 mentio.
