4036 6214
660 296 758 350 171

1902 294 2136 348 PHOTII
2170 292 2637 351 PATRIARCH/E
2678 294 2787 349 CP.

3877 309 3964 364 172

728 419 919 476 Patria
965 418 1046 474 illi
1091 418 1281 473 Nicaea
1325 417 1647 490 Bithynia:
1686 432 1869 489 quam
1899 433 1970 474 ex
2000 424 2167 490 parte
2210 435 2282 491 pa

2416 426 2586 491 Ἔσχε
2636 415 2693 472 δὴ
2723 414 2958 491 πατρίδα
2986 422 3079 477 τὴν
3122 420 3171 471 ἐν
3226 421 3435 493 Βιθυνίᾳ
3477 428 3706 491 Νίκαιαν,
3751 428 3806 484 ἢν
3848 435 3963 485 κατά

655 509 769 574 lus,
792 508 1044 564 Ascania
1068 508 1245 572 dicta,
1272 507 1623 563 circumluit.
1654 504 1906 562 Grandis
1932 508 2063 579 ejus
2090 524 2305 575 sermo,

653 604 711 653 et
730 597 1016 661 tumidus,
1031 611 1102 651 eo
1125 597 1287 668 quod
1307 611 1507 652 rerum
1528 596 1855 665 ingentium
1882 612 2063 653 sensa
2078 596 2305 653 afferat.

652 686 871 742 Veteris
934 686 1072 741 item
1128 684 1245 756 ipsi
1308 685 1766 740 constructionis
1828 700 2022 740 sermo
2074 685 2304 757 plenus,

650 775 1257 844 verborumque,quaa
1270 788 1457 827 rerum
1472 772 1872 841 magnitudini
1884 773 2300 845 respondeant.

650 864 878 919 Periodi
922 862 1381 935 parenthesibus
1432 862 1709 933 trajectus,
1738 868 1794 917 et
1832 863 2302 934 hyperbatorum

649 957 1023 1026 opportunus
1092 968 1254 1006 usus.
1324 952 1561 1007 Numeri
1610 966 1808 1023 porro,
1870 958 1926 1007 et
1984 952 2301 1010 intercisio.

649 1043 756 1099 etsi
788 1046 1063 1098 accurate
1094 1042 1377 1107 adhibita,
1411 1040 1492 1096 ob
1530 1040 1815 1097 orationis
1848 1045 2047 1097 tamen
2080 1043 2302 1115 perspi-

648 1131 949 1196 cuitatem,
984 1131 1175 1187 obiter
1198 1129 1524 1200 legentibus
1557 1145 1677 1186 non
1706 1135 1843 1185 sunt
1874 1129 2207 1187 manifesta.
2238 1132 2301 1187 In

645 1222 1088 1277 narrationibus
1114 1225 1398 1292 praeterea
1418 1223 1475 1275 et
1495 1219 1906 1284 concionibus,
1938 1220 2300 1292 Thucydidis

644 1312 905 1367 maxime
933 1316 1019 1366 est
1044 1308 1298 1365 mmulus
1326 1325 1338 1374 ;
1373 1307 1486 1363 nisi
1513 1308 1679 1380 quod
1712 1308 1788 1364 ad
1816 1308 2298 1381 perspicuitatem

646 1402 839 1470 magis
886 1400 1105 1457 tendit:
1142 1405 1349 1455 caetera
1392 1398 1512 1455 fere
1542 1397 1918 1469 Thucydides
1957 1397 2041 1454 illi
2085 1414 2299 1456 norma

644 1497 731 1547 est
759 1506 827 1546 ac
854 1490 1079 1560 regula.

1376 1664 1574 1721 LXXII.

748 1757 959 1813 C(esiae
983 1756 1184 1813 Cnidii
1210 1755 1583 1810 Persicorum
1616 1768 1817 1810 rerum
1853 1754 1993 1810 libri
2020 1770 2181 1811 nm.

712 1848 885 1902 Lecta
915 1847 1118 1901 Ctesias
1151 1844 1335 1900 Cuidii
1379 1843 1631 1908 Persica,
1666 1842 1724 1897 in
1756 1842 1934 1898 libros
1983 1843 2295 1901 distributa

640 1940 756 1992 tres
804 1951 983 2006 supra
1029 1934 1255 2003 viginti.
1291 1938 1582 1988 Attamem
1632 1932 1933 2003 prioribus
1978 1948 2081 1988 sex
2130 1933 2294 1989 libris

636 2024 1010 2095 Assyriorum
1032 2037 1147 2090 res,
1186 2026 1241 2075 et
1265 2034 1637 2092 quaecunque
1655 2018 1947 2075 Persicum
1982 2020 2292 2091 imperium

639 2115 1104 2173 antecesserunt,
1155 2109 1527 2179 complexus,
1579 2123 1701 2164 non
1768 2107 1887 2163 nisi
1938 2124 1975 2164 a
2038 2110 2292 2181 septimo

635 2200 918 2270 deinceps
962 2215 1054 2254 res
1082 2199 1340 2253 Persicas
1387 2212 1627 2252 narrare
1663 2198 1872 2268 pergit.
1908 2202 2046 2269 Ipso
2090 2199 2292 2271 itaque

636 2289 889 2361 septimo
915 2287 1085 2353 libro,
1110 2292 1321 2342 octavo
1351 2285 1491 2341 item
1522 2301 1592 2341 ac
1617 2300 1799 2351 nono,
1825 2286 2079 2350 decimo,
2109 2289 2291 2345 unde-

632 2377 1244 2441 cimoetduodecimo,
1261 2377 1335 2432 ad
1360 2374 1590 2431 tertium
1612 2390 1798 2446 usque
1816 2374 2139 2443 decimum,
2155 2393 2289 2450 qua:

631 2469 709 2525 ad
737 2470 977 2539 Cyrum,
1001 2471 1055 2522 et
1080 2467 1437 2537 Cambysen,
1469 2479 1539 2521 ac
1583 2465 1818 2533 Magum
1845 2465 2052 2536 (70-71)
2098 2466 2284 2533 illum,

628 2558 892 2630 itemque
910 2557 985 2611 ad
1008 2556 1248 2611 Darium
1270 2560 1329 2610 et
1347 2556 1587 2610 Xerxem
1610 2553 1925 2626 pertinent,
1948 2556 2283 2627 descripsit;

627 2646 689 2702 in
702 2646 985 2702 omnibus
1002 2644 1441 2716 propemodum
1465 2642 1760 2699 Herodoto
1780 2643 1894 2714 (72)
1910 2644 2281 2709 adversatus,

629 2735 783 2808 36a
812 2750 993 2807 quem
1021 2733 1106 2804 (ut
1154 2732 1449 2805 posterior
1493 2731 1594 2789 illo
1627 2731 1882 2803 scripsit)
1936 2733 2281 2790 mendacem

623 2824 682 2881 in
736 2824 957 2888 multis,
984 2828 1039 2879 et
1084 2822 1427 2878 fabularum
1471 2820 1855 2877 confictorem
1903 2820 2059 2878 facit.
2111 2824 2190 2879 De
2222 2840 2283 2880 se

623 2930 764 2970 vero
806 2912 1107 2985 praedicat,
1144 2927 1351 2966 eorum
1397 2926 1533 2982 qua:
1580 2910 1775 2965 scribit
1806 2909 2099 2980 majorem
2148 2928 2283 2984 par-

622 3006 741 3060 tem
790 3018 986 3057 coram
1030 3001 1288 3067 vidisse;
1337 3006 1568 3065 caetera,
1622 3014 1755 3070 quae
1799 2999 1999 3055 videre
2047 3016 2167 3056 non
2215 3001 2279 3056 li-

622 3181 867 3236 storiam
891 3176 1269 3233 scribendam
1295 3176 1645 3232 accessisse.
1670 3181 1739 3231 At
1760 3192 1881 3231 non
1904 3177 1981 3231 ab
2007 3180 2277 3236 Herodoti

620 3268 1037 3324 tantummodo
1069 3264 1314 3321 historia
1353 3263 1626 3332 discedit,
1657 3264 1760 3320 sed
1806 3264 1885 3319 ab
1929 3265 2061 3337 ipso
2093 3268 2274 3325 etiam

616 3356 997 3428 Xenophonte
1052 3353 1227 3427 Grylli
1282 3353 1406 3409 ﬁlio
1471 3353 1680 3409 alicubi
1721 3352 2014 3411 dissentit.
2056 3356 2277 3413 Floruit

614 3446 771 3501 illius
801 3447 928 3519 Cyri
964 3443 1350 3516 temporibus,
1381 3442 1487 3514 qui
1520 3444 1694 3498 Dario
1721 3444 1835 3514 (73)
1865 3450 1921 3499 et
1952 3444 2274 3503 Parisatide

615 3536 866 3607 genitus,
900 3534 1078 3590 frater
1106 3533 1214 3589 fuit
1256 3533 1595 3588 Artaxerxis
1627 3533 1763 3605 (74),
1817 3534 1943 3604 ejus
1974 3534 2051 3590 ad
2089 3550 2272 3607 quem

612 3624 911 3680 Persicum
938 3638 1188 3694 regnum
1218 3620 1477 3677 devenit.

683 3717 809 3770 Mox
834 3728 976 3783 ergo
1007 3710 1178 3767 refert
1204 3710 1277 3765 de
1321 3709 1572 3781 Astyage
1598 3711 1738 3780 ('75),
1769 3726 1949 3783 quem
1978 3715 2035 3768 et
2085 3713 2272 3785 Astyi-

609 3817 728 3872 gan
760 3807 953 3866 vocat,
987 3799 1150 3857 nulla
1188 3801 1408 3871 Cyrum
1455 3799 1568 3870 (76)
1600 3799 1712 3871 ipsi
1755 3801 1984 3868 generis
2028 3802 2271 3873 propin-

606 3892 828 3965 quitate
852 3892 1128 3963 junctum
1161 3888 1360 3944 fuisse.
1404 3888 1646 3957 Fugisse
1678 3894 1877 3943 autem
1928 3890 2203 3961 Astyigan
2236 3908 2269 3946 a

605 3980 732 4053 Cyri
765 3985 1083 4052 conspectu
1132 3980 1190 4033 in
1224 3976 1544 4039 Ecbatana,
1575 3976 1777 4049 ibique
1820 3978 1880 4033 in
1907 3978 2051 4049 ipsis
2084 3982 2268 4052 regia-

601 4087 735 4127 rum
786 4070 1006 4126 tedium
1043 4066 1355 4125 criscranis
1388 4066 1465 4122 ab
1492 4065 1689 4137 Amyli
1716 4066 1857 4130 filia,
1884 4074 1938 4121 et
1978 4068 2104 4139 ejus
2138 4070 2263 4127 viro

603 4162 871 4231 Spitama
896 4157 1279 4225 occultatum,
1333 4154 1593 4210 latuisse.
1646 4156 1716 4209 At
1746 4158 2258 4226 supervenientem

600 4249 818 4319 Cyrum
862 4266 871 4303 :
908 4262 1028 4301 non
1056 4261 1085 4299 e
1133 4246 1399 4315 Spitama
1431 4243 1648 4309 solum,
1679 4248 1857 4315 atque
1906 4246 2117 4317 Amyti,
2153 4248 2257 4304 sed

598 4351 670 4390 ex
718 4350 923 4390 eorum
968 4349 1209 4406 quoque
1254 4333 1451 4387 liberis
1498 4333 1729 4403 Spitace
1776 4338 1829 4388 ct
1884 4336 2251 4405 Megaberne,

596 4423 949 4496 quzestiones
984 4422 1057 4476 de
1104 4420 1345 4492 Astyiga
1385 4436 1490 4492 per
1523 4426 1818 4477 tormenta
1862 4426 2118 4480 exerceri
2145 4428 2252 4482 im-

594 4527 857 4585 perasse.
910 4512 1110 4583 Ipsum
1159 4510 1337 4581 igitur
1374 4508 1686 4580 Astyigan,
1740 4526 1813 4565 ne
1861 4514 2029 4581 pueri
2068 4530 2251 4587 nepo-

593 4606 677 4659 tes
716 4606 845 4674 ejus
887 4617 1071 4658 causa
1111 4603 1540 4672 torquerentur,
1577 4614 1703 4654 sese
1748 4600 2105 4670 prodidisse,
2156 4620 2249 4661 ca-

2419 514 2548 583 μέρη
2620 510 2647 566 ἡ
2708 507 2994 580 καλουμένη
3080 508 3234 582 λίμνη
3315 510 3562 565 Ἀσκανία
3629 516 3961 587 περιλιμνιὶξη.

2416 596 2567 650 ’Ἐστι
2617 594 2674 649 δὲ
2719 602 2811 655 τὴν
2856 601 3044 671 φράσιν
3092 597 3485 673 μεγαλοπρεπῶς
3531 621 3582 654 τε
3621 609 3704 656 καὶ
3743 604 3786 667 ὶς
3832 612 3960 677 ὄγκον

2415 684 2868 758 διεσκευασμένος,
2954 690 3031 739 ὅτι
3110 693 3198 740 καὶ
3270 690 3499 760 μεγάλων
3574 694 3724 763 ἔργων
3796 694 3961 759 ἐννοίας

2415 773 2738 846 ἀπαγγέλλει.
2796 776 3100 847 Ἀρχαῑκῶν
3147 794 3201 827 τε
3258 776 3397 847 αὐτῷ
3452 780 3726 842 συντάξεων
3767 784 3790 835 ὀ
3832 784 3959 854 λόγος

2412 868 2599 936 μεστός
2653 870 2741 916 καὶ
2796 863 2973 927 λέξιων
3028 873 3335 937 πρεπουσῶν
3409 870 3606 937 μεγέθει
3655 870 3698 904 ⁸³
3754 870 3959 945 περίοδοί

2412 972 2466 1005 τε
2514 956 2643 1023 μετὰ
2698 955 3047 1026 παρενθέσεων
3106 960 3540 1029 παρατεταμέναι,
3595 960 3656 993 ⁸³·
3707 964 3785 1010 καὶ
3834 963 3957 1033 ὑπερ-

2412 1041 2579 1094 ϐατών
2644 1047 2879 1117 εὔκαιρος
2949 1051 3171 1117 χρῆσις.
3230 1044 3446 1116 Ῥυθμός
3521 1064 3573 1098 τι
3625 1053 3708 1099 καὶ
3761 1047 3960 1102 ἀναπαύ-

2413 1151 2518 1194 σεις
2565 1133 2610 1167 ⁸³
2666 1133 2733 1192 εἰς
2782 1132 3071 1204 ἐπιμέλειαν
3124 1133 3396 1205 ἠσκημένα
3443 1130 3535 1187 διὰ
3591 1139 3644 1187 τό
3700 1141 3838 1209 σαφὲς
3885 1140 3960 1191 οὐκ

2411 1223 2523 1272 ἔστι
2576 1228 2679 1280 τοῖς
2727 1220 2900 1281 ἁπλῶς
2960 1219 3407 1291 ἀναγινώσκουσιν
3459 1221 3648 1294 ἐμφανῆ
3698 1226 3760 1279 ⁸⁴.
3805 1228 3875 1281 Ἐν
3911 1224 3960 1279 δέ

2406 1330 2465 1380 γε
2496 1317 2609 1370 ταῖς
2635 1311 2681 1345 ⁸⁵
2715 1306 3069 1382 δημηγορίαις
3113 1311 3329 1382 ἀριστος
3371 1318 3460 1363 καὶ
3502 1319 3725 1383 μιμητὴς
3768 1315 3809 1350 ⁸⁸
3850 1324 3961 1370 Θου-

2407 1397 2657 1461 κυδίδου,
2692 1399 2824 1456 πλὴν
2855 1402 2900 1450 εἰ
2929 1418 2979 1449 τι
3018 1402 3146 1472 πρὸς
3176 1402 3234 1451 τὸ
3284 1404 3594 1473 σαφέστερον
3639 1400 3809 1477 ἀφορᾷ.
3854 1412 3957 1475 Σχι·

2408 1485 2500 1541 δον
2527 1485 2585 1541 δε
2610 1486 2704 1540 κάν
2737 1496 2842 1549 τοῖς
2873 1487 3047 1549 ἄλλοις
3076 1485 3422 1551 Θουκυδίδης
3468 1488 3605 1543 ἐστὶν
3647 1493 3776 1562 αύτῷ
3813 1494 3836 1544 ὁ
3874 1513 3959 1544 κα-

2404 1582 2521 1632 νών.

3150 1665 3268 1721 ΟΒ’.

2673 1759 2905 1812 Κτησίου
2956 1763 3047 1806 του
3097 1751 3312 1807 Κνιδίου
3366 1758 3433 1808 τὰ
3482 1759 3721 1830 Περσικά.

2475 1844 2802 1915 Ἀνεγνὼσθη
2838 1843 3041 1916 βιϐλίον
3094 1848 3327 1901 Κτησίου
3373 1853 3468 1897 τού
3515 1843 3720 1899 Κνιδίου
3756 1850 3814 1899 τὰ
3854 1854 3957 1921 Περ-

2407 1935 2549 1997 σικὰ,
2582 1936 2630 1985 ἂν
2663 1931 2888 2004 βιϐλίοις
2916 1931 3019 2003 κγ’.
3064 1932 3202 1986 Ἀλλ’
3234 1932 3281 1984 ἐν
3311 1936 3403 2004 μὶν
3447 1932 3573 2006 [108
3610 1934 3705 2008 ἢ]
3730 1943 3822 1996 τοῖς
3846 1944 3957 2009 πρώ-

2402 2040 2511 2082 τοις
2561 2020 2607 2087 ς’
2654 2024 2718 2073 τοὶ
2762 2041 2815 2073 τε
2864 2020 3126 2096 Ἀσσύρια
3156 2024 3201 2057 ⁸⁷
3245 2018 3592 2094 διαλαμϐάνει
3632 2030 3717 2076 καὶ
3746 2026 3835 2076 ὅσα
3878 2030 3957 2097 πρὸ

2401 2120 2497 2163 τῶν
2536 2117 2820 2184 Περσικῶν,
2868 2110 2968 2163 ἀπὸ
2999 2115 3174 2183 μέντοι
3202 2118 3294 2162 τοῦ
3343 2110 3390 2171 ζ’
3428 2114 3494 2163 τὰ
3535 2115 3754 2187 Περσικά
3797 2111 3956 2186 διεξέρ-

2402 2219 2578 2271 χεται.
2610 2206 2709 2253 Καὶ
2753 2200 2801 2251 ἐν
2836 2204 2924 2272 μὲν
2969 2209 3039 2270 τῷ
3076 2200 3117 2261 ζ’
3147 2206 3235 2252 καὶ
3269 2201 3317 2257 η’
3351 2205 3447 2253 καὶ
3476 2201 3509 2251 ι’
3553 2206 3641 2253 καὶ
3686 2203 3750 2253 ια’
3787 2208 3863 2255 καὶ
3897 2199 3957 2273 ιβ’

2402 2295 2489 2342 καὶ
2537 2288 2600 2360 ιγ’
2646 2286 2886 2356 διέξεισι,
2936 2292 3003 2341 τα
3052 2296 3166 2364 περὶ
3211 2292 3380 2363 Κύρου
3440 2295 3530 2342 καὶ
3580 2290 3841 2362 Καμϐύσου
3884 2298 3955 2343 καὶ

2400 2387 2490 2430 τοῦ
2541 2381 2711 2450 μάγου
2775 2386 2987 2453 Δαρειου
3039 2398 3091 2431 τε
3139 2384 3228 2430 καὶ
3281 2382 3368 2430 τού
3427 2379 3637 2452 Ξέρξου,
3694 2377 3870 2451 σχεδὸν
3916 2379 3954 2430 ἐν

2398 2468 2594 2519 ἅπασιν
2661 2468 2987 2538 ἀντικείμενα
3052 2464 3318 2540 Ἡροδότῳ
3397 2470 3639 2540 ἱστορῶν,
3709 2468 3822 2521 ἀλλὰ
3883 2474 3953 2519 καὶ

2395 2556 2627 2627 ψεύστην
2684 2557 2838 2608 αὐτὸν
2893 2556 3194 2629 ἀπελέγχων
3253 2559 3301 2593 ⁸⁸
3355 2555 3405 2608 ἐν
3466 2557 3666 2619 πολλοῖς
3712 2563 3793 2610 καὶ
3834 2557 3951 2627 1070-

2395 2651 2540 2698 ποιὸν
2586 2645 2854 2698 ἀποκαλῶν
2898 2664 2909 2674 ·
2938 2651 3028 2698 καὶ
3067 2649 3167 2719 γὰρ
3206 2652 3453 2720 νεώτερος
3495 2652 3582 2718 μέν
3626 2646 3755 2699 ἐστιν
3800 2647 3947 2708 αὐτοῦ,

2396 2740 2523 2807 φησι
2584 2732 2641 2787 δὲ
2694 2735 2846 2787 αὐτὸν
2894 2743 2991 2786 τῶν
3050 2735 3311 2799 πλειόνων,
3361 2734 3399 2785 ἃ
3468 2738 3675 2810 ἱστορεῖ,
3726 2736 3948 2791 αὐτόπτην

2391 2829 2657 2895 γενόμενον
2709 2825 2739 2882 ἦ
2783 2824 2905 2896 παρ’
2958 2824 3125 2876 αὐτῶν
3176 2830 3405 2897 Περσῶν,
3466 2826 3587 2876 ἔνθα
3635 2828 3689 2876 τό
3741 2826 3849 2899 ὀρᾲν
3890 2828 3947 2895 μὴ

2394 2912 2652 2985 ἐνεχώρει,
2707 2915 2963 2970 αύτὴκοον
3014 2914 3369 2979 καταστάντα,
3426 2914 3561 2965 οὕτω
3612 2919 3700 2971 τὴν
3755 2916 3951 2986 ἱστορίαν

2395 3002 2721 3073 συγγράψαι.
2772 3002 2881 3054 Οὐκ
2926 2998 3190 3075 Ἡροδότῳ
3241 2998 3297 3053 δὲ
3329 3006 3474 3073 μόνῳ
3504 3002 3741 3055 τάναντία
3768 3004 3947 3074 ἱστορεῖ,

622 3093 825 3157 cuerit,
855 3091 925 3146 ab
952 3090 1218 3161 ipsismet
1241 3088 1425 3142 Persis
1458 3087 1777 3159 accepisse,
1804 3093 1982 3160 atque
2005 3090 2085 3145 ita
2103 3090 2173 3145 ad
2195 3090 2281 3145 hi-

2397 3091 2489 3158 [53
2542 3089 2629 3162 IL]
2676 3090 2805 3142 ἀλλὰ
2852 3096 2940 3142 καὶ
2984 3094 3113 3163 πρὸς
3157 3094 3462 3161 Ξενοφῶντα
3508 3095 3591 3143 τόν
3642 3091 3841 3163 Γρύλλου
3886 3089 3949 3141 ἐπ’

2389 3178 2529 3231 ἐνίων
2584 3177 2849 3251 διαφωνεῖ.
2891 3178 3135 3251 Ἠκμασε
3179 3177 3238 3232 δι
3272 3186 3378 3241 τοῖς
3434 3187 3645 3252 χρόνοις
3693 3184 3843 3249 Κύρου
3871 3188 3944 3231 του

2386 3266 2440 3319 ἐκ
2498 3273 2709 3341 Δαρείου
2755 3273 2843 3320 καὶ
2899 3266 3285 3344 Παρυσάτιδος,
3336 3270 3395 3331 ὃς
3447 3267 3660 3342 ἀδελφὸς
3710 3268 3939 3341 Ἀρτοξέρ-

2385 3356 2473 3419 ξου
2505 3358 2573 3423 ⁸⁸,
2620 3358 2693 3419 εἰς
2730 3358 2783 3409 ὃν
2817 3358 2847 3414 ἡ
2884 3362 3110 3428 Περσικὴ
3146 3356 3395 3429 βασιλεία
3444 3359 3708 3422 κατῆλθεν,
3748 3357 3937 3428 ἐτύγχα-

2381 3464 2477 3500 νιν.

2452 3719 2614 3772 Φησὶν
2652 3710 2740 3765 οὖν
2797 3712 2987 3765 αὐτίκα
3032 3719 3148 3789 περὶ
3192 3723 3283 3768 τοῦ
3327 3716 3657 3788 Ἀστυάγους
3705 3718 3766 3775 ὡς
3809 3708 3931 3765 οὐδὲν

2382 3803 2539 3855 αὐτοῦ
2595 3809 2759 3874 Κῦρος
2798 3806 2926 3874 πρὸς
2972 3808 3111 3873 γένος
3160 3803 3520 3877 ἄχρημάτιζεν
3554 3824 3566 3835 ο
3596 3806 3736 3867 οὗτος
3771 3800 3822 3855 δι
3857 3800 3931 3851 αὖ·

2377 3896 2461 3944 τὸν
2492 3898 2579 3943 καὶ
2625 3892 2909 3962 Ἀστυΐγαν
2952 3894 2999 3928 ⁹⁰
3025 3893 3187 3945 καλεῖ.
3221 3900 3407 3965 Φυγεῖν
3454 3892 3515 3948 δὲ
3564 3894 3661 3948 ἀπὸ
3689 3897 3929 3959 προσώπου

2378 3984 2551 4056 Κύρου
2618 3984 2902 4052 Ἀστυίγαν
2977 3980 3308 4045 Ἐκϐατάνοις
3376 3986 3449 4050 ³³,
3522 3989 3611 4036 καὶ
3681 3983 3929 4056 κρυφθῆναι

2374 4071 2423 4121 ἐν
2480 4078 2586 4131 τοῖς
2634 4073 2963 4144 κριοκράνοις
3021 4073 3069 4107 9³
3144 4080 3241 4123 τῶν
3314 4071 3600 4145 βασιλείων
3655 4072 3927 4143 οἰκημάτων,

2369 4160 2675 4233 κρυψοίντων
2734 4160 2884 4211 αὑτὸν
2943 4168 3033 4219 τῆς
3080 4178 3132 4212 τε
3183 4163 3439 4235 θυγατρὸς
3483 4164 3723 4234 Ἀμύτιος
3772 4160 3812 4195 ’³
3856 4160 3924 4207 καὶ

2368 4257 2457 4301 τοῦ
2520 4246 2705 4321 ἀνδρὸς
2777 4248 2933 4310 αὐτῆς
3002 4251 3256 4321 Σπιτάμα.
3311 4251 3634 4304 Ἐπιστάντα
3687 4247 3741 4302 δι
3792 4254 3925 4318 Κῦρον

2363 4338 2601 4401 ἕπιτάξαι
2657 4337 2941 4411 ἀνακρίνειν
2995 4335 3089 4390 διὰ
3157 4338 3520 4411 στρεϐλώσεων
3594 4340 3839 4410 Σπιτάμαν
3885 4352 3928 4384 τι

2360 4432 2447 4479 καὶ
2482 4429 2695 4498 Ἀμύτιν
2746 4429 2815 4489 ³⁸,
2859 4426 2986 4479 ἀλλά
3017 4432 3105 4479 καὶ
3151 4432 3273 4490 τοὺς
3314 4426 3518 4492 παῖδας
3568 4429 3729 4482 αὐτῶν
3767 4424 3927 4479 Σπιτάο

2358 4536 2453 4573 κην
2510 4535 2562 4569 τε
2642 4522 2730 4568 καὶ
2784 4515 3136 4588 Μεγαϐἱρνην,
3192 4522 3308 4591 περὶ
3364 4520 3630 4591 Ἀστυῖγα
3681 4538 3693 4549 ·
3753 4520 3828 4569 τὸν
3877 4509 3925 4563 δι

2361 4606 2540 4658 ἑαυτὸν
2569 4605 2965 4679 προσαγγεῖλαι,
3010 4607 3091 4658 ἱνα
3131 4611 3202 4678 μὴ
3260 4603 3334 4658 δι’
3384 4608 3545 4660 αὐτὸν
3584 4603 3924 4680 στρεϐλωθεέη·

1934 4728 2174 4783 VARIIE
2216 4732 2613 4787 LECTIONES.

661 4854 707 4888 ⁸⁸
736 4854 926 4925 μεγέθη
963 4873 1017 4933 ς’.
1058 4924 1075 4933 _
1098 4852 1164 4885 3"
1190 4854 1677 4933 παρατετρρξμρίναι
1706 4871 1758 4914 ς’.

587 4929 635 4962 ⁸⁸
664 4922 751 4977 καὶ
782 4922 1015 4996 μιμητὴς
1041 4924 1253 4996 ἄριστος
1282 4944 1347 4996 ς’.Δ
1442 4922 1488 4996 ξτ
1520 4922 1715 4995 ἀσύρια
1744 4928 1803 4974 A.

586 4998 671 5053 sic
705 4991 971 5052 etin-ira.
1077 4991 1121 5031 δι
1170 5002 1304 5051 ante
1338 4991 1673 5054 Ἐκϐατάνοις
1704 5010 1838 5047 cum
1894 5010 1978 5064 pr.

583 5069 832 5143 ”Αμυντιν
865 5089 919 5133 ς’·

1866 4851 1911 4885 ”
1940 4849 2229 4915 ἀνάπαυσις
2262 4878 2317 4921 ς’.

1910 4923 1955 4957 ⁸⁸
1985 4923 2281 4997 ἀπελέγχων
2309 4933 2344 4979 Α
2381 4944 2393 4981 ε
2432 4923 2699 4979 ἀποκαλῶν
2732 4948 2787 4991 ς’.

2016 4998 2058 5050 Α
2090 5000 2265 5054 OlDiSi
2308 4998 2372 5051 ἕν.

2396 4857 2451 4940 ⁸⁸.
2471 4857 2689 4947 ἐμφανές
2718 4856 2784 4909 Α.
2873 4858 3061 4947 δέαταῖς
3087 4858 3341 4947 ἰσξορέαις
3371 4865 3463 4913 καὶ
3505 4856 3846 4947 δημηγορίαις
3876 4872 3919 4915 ς-

2893 4929 2939 4963 ⁸⁹
2969 4928 3312 5002 Ἀρταξέρξου
3346 4953 3399 4995 ς-.
3504 4934 3553 4967 ⁸ο
3581 4928 3847 4996 ama-au
3876 4944 3920 5002 ς.

2489 5001 2535 5033 ⁹²
2567 5002 2897 5071 κρισκράνοις
2943 5022 2999 5064 ς’,
3035 4999 3042 5001 “
3113 5002 3159 5035 οι
3190 4999 3464 5074 Ἀμύντιος
3496 5024 3554 5067 ς’.
3666 5003 3711 5036 ’⁸
3742 4999 3923 5051 καιτήυ

2147 5195 2371 5250 NOTAE.

651 5335 865 5407 (70-7l)
885 5333 1337 5403 Sphendataten
1358 5330 2231 5391 inf.nominat.Herodot.Smer-

577 5410 753 5547 de???)
812 5475 921 5542 Qui
967 5476 1040 5530 de
1102 5481 1358 5546 quatuor
1402 5474 1562 5529 hisce
1619 5474 1911 5548 duntaxat
1952 5474 2226 5548 scripsit:

575 5546 796 5607 Ctesias
828 5563 962 5601 vero
990 5548 1081 5599 his
1112 5547 1259 5601 alios
1287 5548 1552 5617 quinque
1581 5546 1813 5615 adjecit.

642 5623 757 5693 (73)
789 5617 1087 5674 Darimum
1119 5616 1445 5681 hunc,’non
1476 5618 1735 5682 Darium,
1765 5618 1824 5673 in
1854 5616 1923 5671 iis
1972 5633 2108 5689 quas
2139 5635 2225 5675 se-

568 5698 828 5769 quentur
853 5694 1045 5745 vocat.

2418 5336 2534 5409 (74)
2566 5337 2647 5392 De
2675 5351 2798 5409 quo
2824 5337 2977 5393 infra
3006 5336 3101 5393 hic
3130 5343 3353 5395 auctor.

2414 5401 2528 5479 (75)
2560 5410 2635 5481 De
2664 5401 2938 5481 Astyage,
2972 5411 3187 5481 Amyti,
3222 5411 3448 5467 (Ebare
3468 5413 3538 5481 et
3559 5410 3822 5464 Petesaca
3844 5401 3920 5471 (ut

2341 5478 2927 5554 ibi'scribiturh'vide
2962 5496 3029 5554 ex
3064 5478 3270 5554 Ctesia
3292 5496 3427 5554 quas
3463 5480 3723 5554 breyiter
3745 5486 3921 5554 excer-

2338 5549 2454 5621 psit
2477 5551 2646 5605 Joan.
2667 5554 2894 5607 Tzetzes
2920 5553 2971 5606 in
2999 5549 3537 5610 Chiliadibfhistor.
3560 5549 3765 5613 lib.i,in
3794 5549 3911 5600 line.
3946 5576 3947 5587 ι

2410 5621 2525 5693 (76)
2556 5624 2739 5694 Cyrus
2766 5624 2859 5679 hic
2890 5624 3093 5695 Major.
