4036 6214
632 274 729 329 475
1834 266 2075 325 PHOTII
2116 264 2597 324 PATRIAHCHlE
2657 265 2767 324 CP.
3835 277 3923 333 176

626 412 813 470 prope
845 396 1141 451 Ecbatana
1170 393 1426 459 dedisse,
1461 393 1519 448 in
1547 408 1669 466 qua
1702 393 1970 466 quinque
2008 398 2204 450 essent
2231 393 2521 466 equitum,
2555 391 2911 465 peltatorum
2960 406 3102 449 vero
3126 391 3623 466 jaculatorumque
3647 399 3699 451 et
3721 398 3927 468 sagitta-

626 487 852 542 riorum
885 485 961 541 ad
988 484 1194 539 decem
1225 482 1428 538 millia.

701 574 893 630 Refert
940 577 1241 644 prteterea,
1280 572 1605 627 Petisacam
1659 571 2025 640 eunuchum,
2052 586 2276 641 magna

2334 586 2351 627 ι
2456 571 2573 623 Ἔτι
2605 568 2951 643 διαλαμϐάνει
2979 572 3000 606 ⁶
3033 573 3103 632 ὡς
3150 568 3439 623 ἀποστέλλει
3470 577 3629 644 Κῦρος
3655 569 3701 623 ἐν
3734 572 3928 646 Περσίδι

628 663 791 735 apud
809 664 1024 734 Cyrum
1042 665 1387 717 auctoritate
1407 660 1822 732 pollentem,in
1848 661 2051 717 Persas
2064 676 2222 716 amai

2386 662 2695 718 Πετησάκαν
2716 661 2734 693 ’⁷
2770 662 2856 711 τόν
2879 658 3127 731 εὐνοῦχον
3149 660 3192 724 ⁸,
3216 663 3349 730 μέγα
3376 661 3496 730 παρ’
3521 659 3653 728 αὐτῷ
3683 657 3928 733 δυνάμενον

626 754 856 817 datum,
890 752 992 824 qui
1016 751 1297 822 Astyigan
1344 766 1381 807 a
1410 751 1712 805 Barcaniis
1740 750 2085 821 adduceret,
2108 765 2220 822 quo

2383 748 2585 820 ἐνέγκαι
2638 748 2739 800 ἀπὸ
2796 754 3089 823 Βαρκανίων
3155 752 3452 819 ’Δστυῐγαν
3511 746 3671 800 ἐπόθει
3711 754 3802 825 γὰρ
3856 750 3930 803 αύ-

623 857 759 898 cum
792 842 941 913 ipse,
991 845 1115 895 tum
1168 840 1395 911 Amytis
1424 838 1546 894 ﬁlia
1573 844 1879 910 parentem
1913 838 2110 894 videre
2140 854 2217 893 em

2381 842 2467 900 τός
2497 858 2550 891 τε
2600 838 2744 896 καὶὴ
2782 839 3010 910 θυγάτηρ
3060 839 3275 909 Ἀμύτις
3322 840 3406 888 τὸν
3452 841 3643 909 πατέρα
3690 836 3823 891 ἰδεῖν.
3851 845 3932 891 Καί

622 935 831 1003 ptaret.
867 930 1139 986 aibaran
1166 935 1365 984 autem
1381 928 1695 984 consilium
1714 928 1993 984 Petisacm
2016 927 2216 983 dediss

2384 930 2450 989 ὡς
2508 926 2742 999 Οἰϐάρας
2793 925 3029 998 βουλεύει
3089 927 3368 997 Πετησάκᾳ
3420 927 3439 960 ⁹
3514 924 3559 976 ἐν
3611 924 3766 998 ἐρήμῳ
3815 932 3931 997 τόπῳ

623 1026 687 1077 ut
716 1020 772 1076 in
805 1020 1038 1075 deserto
1068 1018 1199 1074 loco
1231 1018 1433 1090 aliquo
1464 1017 1755 1089 Astyigan
1800 1017 2064 1072 relictum
2114 1016 2217 1072 {an

2381 1015 2731 1067 καταλιπόντα
2770 1015 3058 1087 Ἀστυίογαν
3105 1014 3239 1087 λιμῷ
3292 1018 3381 1066 καὶ
3435 1009 3577 1083 δίψει
3624 1015 3667 1049 ¹⁰
3697 1012 3928 1066 ἀπολέσαι·

622 1109 839 1181 sitique
870 1106 1185 1163 conﬁceret
1216 1122 1230 1173 ;
1262 1106 1527 1179 illudque
1553 1106 1729 1161 etiam
1754 1107 1835 1161 ita
1873 1105 2096 1161 factum
2119 1121 2214 1160 ess

2382 1104 2408 1155 ὅ
2440 1104 2479 1139 ¹¹
2507 1108 2593 1156 καὶ
2639 1108 2830 1175 γέγονε.
2871 1105 2944 1157 Δι’
2991 1103 3236 1156 ἐνυπνίων
3284 1100 3343 1156 δε
3371 1110 3462 1155 τοῦ
3491 1105 3769 1174 μιάσματος
3790 1122 3929 1175 μηνυο

622 1199 837 1254 Verum
863 1195 1077 1252 scelere
1107 1212 1213 1269 per
1250 1196 1485 1252 somnia
1526 1195 1839 1267 patefacto,
1874 1196 2203 1251 Petisacam

2384 1194 2553 1255 θέντος
2614 1195 2941 1257 Πετησάκας,
3006 1192 3249 1253 πολλάκις
3304 1191 3646 1262 αἰτησαμένης
3696 1192 3932 1263 Ἀμύτιος,

620 1286 1132 1360 Cyro,identidem
1162 1284 1305 1341 illud
1332 1284 1677 1357 exposcenti
1708 1284 1925 1357 Amyti,
1943 1284 2021 1340 ad
2045 1283 2214 1356 suppl

2382 1282 2451 1343 εἰς
2482 1286 2736 1356 τιμωρίαν
2768 1285 2909 1354 παρὰ
2942 1284 3113 1355 Κύρου
3159 1277 3452 1334 ἐκδίδοται·
3485 1280 3513 1337 ἦ
3557 1276 3613 1332 δὲ
3638 1283 3749 1341 τοὺς
3773 1279 3936 1351 ὀφθαλ-

617 1377 777 1433 cium
806 1375 1075 1431 deditum
1092 1390 1239 1430 esse.
1265 1372 1431 1429 lllam
1457 1372 1663 1429 oculos
1689 1373 1950 1444 primum
1991 1372 2211 1427 semivii

2380 1375 2510 1441 μοὺς
2555 1371 2847 1442 ἐξορύξασα
2902 1376 2993 1422 καὶ
3043 1373 3102 1423 τὸ
3155 1367 3326 1445 δέρμα
3355 1364 3691 1442 περιδείρασα
3718 1366 3932 1419 ἀνεσταύ-

618 1464 1037 1536 exsculpsisse,
1060 1467 1187 1517 tum
1220 1461 1433 1532 pellem
1454 1461 1809 1528 detraxisse,
1840 1461 1921 1517 ita
1937 1461 2212 1534 denique.

2378 1477 2559 1529 ρωσεν.
2605 1458 2839 1531 Οἰϐάρας
2890 1455 2948 1511 δὲ
2992 1455 3185 1520 δεδιὼς
3218 1463 3289 1530 μὴ
3343 1459 3409 1509 τὰ
3454 1458 3604 1529 ὃμοια
3639 1460 3854 1508 πείσεται
3879 1456 3934 1517 ¹²,

619 1570 856 1611 crucem
884 1551 1098 1622 egisse.
1127 1552 1272 1606 Hinc
1306 1550 1599 1614 OEbaran,
1634 1565 1709 1605 ne
1739 1550 1900 1605 idem
1943 1550 2213 1622 aliquant

2379 1552 2551 1599 καίτοι
2586 1550 2756 1623 Κύρου
2800 1544 2965 1618 μηδὲν
3014 1556 3247 1600 τοιοῦτον
3284 1545 3688 1621 ἰσχυριζομένου
3718 1564 3938 1617 παραχω-

616 1647 915 1716 pateretur
943 1641 1194 1696 veritum
1228 1639 1355 1711 (etsi
1378 1642 1539 1696 certo
1576 1638 1657 1694 illi
1684 1638 2007 1695 afﬁrmaret
2056 1637 2210 1710 Cyru

2377 1642 2560 1709 ρῆσαι,
2592 1636 2748 1698 αὐτὸς
2790 1640 2879 1707 μὲν
2924 1637 2969 1671 ¹³
2998 1634 3431 1710 ἀποκαρτερήσας
3484 1631 3556 1686 δι’
3601 1634 3789 1704 ἡμερῶν
3833 1628 3940 1684 δέκα

617 1731 765 1788 nihil
794 1747 855 1787 se
878 1728 1171 1801 ejusmodi
1213 1744 1482 1800 unquam
1528 1728 2010 1799 permissurum),
2060 1728 2211 1783 dece.

2379 1724 2557 1777 ἑαυτόν
2588 1725 2858 1796 ἐξήγαγεν,
2908 1727 3191 1796 ’Δστυίγας
3239 1722 3299 1777 δε
3346 1722 3736 1797 μεγαλοπρεπῶς
3771 1722 3930 1791 ἐτάφη.

617 1811 1007 1867 nihilominus
1057 1808 1290 1865 dierum
1349 1808 1544 1863 inedia
1597 1809 1797 1880 ipsum
1849 1808 1959 1863 sibi
2014 1814 2202 1864 morte

2382 1819 2481 1866 Καὶ
2519 1814 2568 1865 ἐν
2620 1822 2680 1886 τῇ
2731 1814 2904 1888 ἐρήμῳ
2951 1810 3010 1867 δὲ
3043 1812 3272 1886 ἄϐρωτος
3320 1812 3482 1865 αὐτοῦ
3530 1808 3766 1883 διέμεινεν
3808 1809 3831 1860 ὁ
3875 1826 3939 1860 νε·

618 1900 1002 1958 conscivisse.
1035 1900 1165 1954 Jam
1198 1898 1396 1969 ipsum
1428 1898 1711 1969 Astyigan
1772 1897 2081 1968 splendide
2129 1913 2212 1952 Clll

2377 1907 2519 1972 κρός·
2579 1902 2768 1964 λέοντες
2836 1906 2937 1976 γὰρ
3012 1903 3193 1967 αὐτοῦ,
3281 1906 3437 1974 φησὶ,
3520 1905 3678 1973 μέχρι
3743 1898 3941 1955 Πετησά-

618 1990 828 2065 primis
856 1996 1033 2060 atque
1066 1986 1384 2057 magniﬁce
1415 1986 1712 2057 sepultum
1738 1986 1917 2041 fuisse
1947 1988 2212 2053 ;intactui

2376 2010 2471 2044 καν
2529 1993 2574 2028 ¹⁴
2623 1992 2775 2045 πάλιν
2830 1991 2987 2045 ἐλθεῖν
3056 1997 3146 2045 καὶ
3217 1990 3488 2044 ἀναλαϐεῖν
3564 1987 3821 2061 ἐφύλαττον
3871 1988 3940 2037 τόν

617 2080 834 2151 quippe
864 2077 1003 2132 feris
1034 2077 1164 2145 ejus
1194 2076 1455 2130 cadaver
1486 2074 1629 2129 locis
1667 2074 1782 2130 illis
1834 2074 2081 2130 desertis
2135 2090 2269 2146 per—
2376 2086 2571 2156 νεκρόν.

616 2167 932 2231 mansisse,
966 2164 1127 2236 quod
1161 2163 1305 2219 illud
1328 2163 1408 2219 ibi
1434 2163 1655 2230 leones,
1688 2163 1835 2219 dum
1861 2163 2150 2220 Petisacas
2180 2178 2265 2220 re-

615 2272 821 2312 versus
842 2254 1115 2319 auferret,
1152 2256 1626 2308 conservassent.

688 2343 876 2416 Cyrus
906 2343 966 2398 in
1000 2341 1272 2401 Derbices
1311 2340 1444 2413 (81),
1492 2356 1743 2413 quorum
1786 2347 1910 2397 tum
1959 2357 2060 2398 rex
2090 2342 2267 2399 Amo»

2452 2355 2615 2422 Κύρος
2666 2345 2723 2401 δὲ
2772 2351 3039 2423 στρατεύει
3090 2347 3173 2400 ἐπὶ
3230 2346 3485 2421 Δίρϐικας
3533 2346 3800 2418 ’Λαοραίου
3863 2339 3940 2413 βα-

616 2450 795 2498 rieus,
822 2430 1145 2487 exercitum
1177 2430 1339 2486 ducit
1365 2446 1378 2496 ;
1407 2435 1467 2486 at
1497 2430 1575 2484 illi
1605 2446 1678 2486 ex
1706 2430 1933 2485 insidiis
1960 2431 2210 2502 produci

2378 2436 2666 2499 σιλεύοντος
2713 2437 2900 2492 αὐτῶν.
2939 2442 3037 2489 Καὶ
3084 2436 3137 2499 ἐξ
3194 2432 3403 2509 ἐνέδρας
3453 2437 3503 2487 οἱ
3547 2432 3773 2506 Δίρϐικες
3818 2430 3946 2482 ἱστῶ-

616 2523 968 2595 elephantis,
1003 2520 1135 2591 Cyri
1190 2519 1520 2593 equitatum
1551 2520 1610 2575 in
1642 2519 1848 2590 fugam
1891 2524 2210 2576 convertun

2380 2545 2461 2579 σιν
2546 2525 2831 2598 ἐλέφαντας,
2887 2532 2976 2578 καὶ
3052 2530 3172 2587 τοὺς
3247 2526 3427 2587 ἱππεῖς
3481 2526 3650 2597 Κύρου
3704 2524 3943 2593 τρέπουσι.

615 2613 749 2683 Ipse
784 2611 867 2666 ibi
894 2614 1080 2683 Cyrus
1113 2625 1184 2665 ex
1222 2625 1374 2680 equo
1405 2608 1641 2673 decidit,
1675 2613 1731 2665 et
1784 2610 1964 2664 Indus
2017 2610 2209 2681 quida:

2382 2620 2478 2667 Καὶ
2527 2620 2706 2667 πίπτει
2749 2620 2838 2667 καὶ
2882 2614 3037 2675 αὐτὸς
3091 2621 3259 2687 Κῦρος
3308 2612 3363 2666 ἐκ
3419 2621 3512 2665 τοῦ
3558 2613 3734 2676 ἶππου,
3759 2613 3841 2661 καὶ
3874 2607 3953 2659 Ἰν-

615 2700 987 2773 (Derbicibus
1007 2698 1486 2769 enimlndiopem
1512 2696 1741 2753 inbello
1770 2697 2058 2766 ferebant,
2087 2703 2209 2771 atqu

2377 2700 2471 2767 δὸς
2502 2703 2629 2777 ἀνὴρ
2660 2705 3015 2777 (συνεμάχουν
3040 2705 3141 2777 γὰρ
3174 2704 3221 2739 ¹⁵
3261 2699 3430 2756 Ἰνδοὶ
3461 2710 3571 2764 τοῖς
3594 2698 3870 2774 Δερϐίκεσιν
3892 2698 3946 2759 ¹⁶,

617 2790 695 2847 ab
722 2790 815 2845 his
845 2789 950 2852 illi,
979 2804 1133 2859 quos
1157 2786 1838 2858 ducebant,elephantos
1868 2795 2211 2860 acceperant

2376 2793 2429 2857 ἐξ
2476 2795 2542 2845 ὧν
2586 2800 2675 2846 καὶ
2724 2798 2838 2854 τοὺς
2890 2794 3161 2864 ἐλέφαντας
3218 2795 3438 2866 ἔφερον),
3487 2792 3638 2854 οὗτος
3668 2792 3708 2827 ¹’¹
3742 2791 3766 2840 ό
3812 2782 3952 2844 Ἰνδὸς

616 2879 773 2950 37a
807 2880 985 2933 Indus
1018 2875 1314 2945 igiturille
1341 2876 1559 2948 Cyrum
1591 2875 2125 2947 delapsumjaculo
2157 2894 2210 2931 ει

2377 2888 2679 2936 πεπτωκότα
2729 2889 2893 2955 Κῦρον
2948 2881 3125 2955 βάλλει
3175 2881 3399 2953 ἀκοντίῳ
3437 2882 3539 2935 ύπό
3590 2884 3648 2932 τὸ
3685 2879 3849 2949 ἰσχίον
3893 2873 3952 2932 εἰς

612 2984 755 3023 coxa
784 2968 843 3021 in
875 2966 1102 3021 femore
1138 2965 1489 3027 vulneravit,
1522 2980 1643 3035 quo
1671 2965 1764 3019 ille
1790 2981 1858 3019 ex
1888 2965 2131 3020 vulnere
2164 2982 2201 3036 p

2374 2976 2461 3024 τόν
2490 2978 2675 3045 μηρόν⁸
2724 2971 2778 3033 ἐξ
2834 2972 2893 3023 οὗ
2940 2976 3030 3023 καὶ
3062 2969 3290 3040 τελευτᾷ.
3328 2975 3465 3023 Τότε
3520 2966 3580 3023 δι
3618 2969 3783 3029 ζῶντα
3808 2962 3950 3017 initlo-

612 3061 737 3110 stea
769 3055 1035 3109 moritur.
1078 3053 1282 3123 Ipsum
1316 3056 1516 3107 autem
1546 3057 1669 3107 tum
1700 3051 1897 3106 adhuc
1931 3052 2131 3108 vivum
2186 3054 2206 3109 ί

2373 3079 2514 3131 μενοι
2563 3060 2717 3112 αὐτόν
2765 3060 2814 3112 οἰ
2870 3060 3051 3111 οἰκεῖοι
3108 3057 3190 3111 ἐπὶ
3240 3062 3296 3110 τὸ
3357 3053 3721 3133 στρατόπεδον
3793 3058 3950 3127 ᾔεσαν,

614 3144 874 3198 miliares
901 3142 992 3195 sui
1025 3140 1408 3207 sustulerunt,
1443 3146 1621 3211 atque
1647 3140 1706 3194 in
1737 3147 1931 3195 castra
1959 3156 2204 3197 concess

2372 3148 2650 3202 Ἀπέθανον
2700 3146 2759 3200 δε
2813 3148 2861 3199 ἐν
2915 3156 2976 3206 τῆ
3037 3150 3189 3221 μάχη
3242 3153 3332 3200 καὶ
3400 3155 3615 3220 Περσῶν
3663 3144 3832 3197 πολλοὶ
3877 3144 3951 3192 καὶ

610 3236 767 3287 runt.
824 3228 1164 3286 Occubuere
1219 3229 1329 3284 hoc
1366 3229 1426 3283 in
1465 3229 1664 3300 preelio
1702 3228 2013 3284 Persarum
2070 3230 2204 3287 muli

2372 3236 2623 3309 Δερϐίκων
2680 3241 2808 3289 ἶσοι·
2844 3239 3025 3310 μύριοι
3072 3240 3174 3308 γὰρ
3220 3241 3309 3289 καὶ
3364 3237 3544 3291 αὐτοί.
3604 3235 3857 3307 ’Δμόργης
3904 3225 3952 3281 δὲ

610 3335 805 3392 neque
838 3318 1150 3374 Derbicum
1173 3317 1502 3389 pauciores.
1537 3320 1747 3373 Decem
1775 3318 1933 3373 enim
1953 3320 2130 3374 etiam
2159 3322 2204 3375 hi

2369 3333 2485 3398 περὶ
2534 3330 2702 3401 Κύρου
2756 3325 2986 3388 ἀκούσας
3040 3322 3247 3396 σπουδῇ
3302 3330 3672 3400 παραγίνεται,
3702 3325 3828 3393 ἔχων
3871 3325 3949 3371 Σα·

608 3424 741 3465 rum
771 3406 956 3462 millia
986 3405 1269 3460 cecidere.
1288 3408 1575 3475 Amorges
1604 3405 1705 3469 ibi,
1730 3411 1977 3477 accepto
2007 3406 2081 3462 de
2109 3407 2202 3479 Cyi

2366 3424 2468 3466 κῶν
2508 3411 2824 3487 δισμυρίους
2900 3418 3105 3475 ἱππέας.
3187 3418 3287 3467 Καὶ
3344 3414 3578 3486 πολέμου
3648 3412 3954 3487 συρραγέντος

607 3497 839 3561 nuntio,
872 3509 1126 3566 propere
1167 3494 1241 3548 ad
1299 3496 1505 3548 Persas
1535 3494 1781 3559 accedit,
1810 3496 2093 3551 Sacarum
2151 3497 2201 3551 di

2370 3511 2577 3578 Περσῶν
2621 3509 2711 3556 καὶ
2764 3502 3016 3578 Δερϐίκων
3064 3508 3185 3573 νικᾷ
3226 3505 3363 3554 κατὰ
3409 3506 3606 3577 κράτος
3654 3502 3679 3553 ὁ
3729 3498 3954 3572 Περσικὸς

608 3602 747 3642 cens
777 3583 1047 3653 equitum
1080 3583 1282 3651 viginti
1305 3582 1508 3638 millia.
1541 3583 1743 3638 Praelio
1770 3598 1911 3653 ergo
1940 3585 2146 3641 Persas
2170 3587 2202 3642 ii

2365 3597 2453 3645 καὶ
2492 3600 2664 3645 Σακῶν
2697 3612 2936 3664 στρατός,
2971 3590 3258 3664 ἀναιρεῖται
3313 3587 3374 3645 δε
3434 3597 3531 3645 καὶ
3560 3593 3607 3628 ﬂ
3639 3591 3664 3642 ὁ
3715 3597 3808 3641 τῶν
3856 3592 3954 3657 Δερ-

608 3681 691 3733 ter
743 3690 813 3731 ac
877 3672 1152 3729 Derbices
1205 3678 1501 3742 conserto,
1551 3689 1585 3727 a
1633 3673 1821 3729 Persis
1853 3680 2030 3746 atque
2087 3676 2201 3731 Sac

2363 3680 2521 3733 ϐίκων
2551 3680 2795 3753 βασιλεὺς
2826 3682 3099 3754 ’Δμοραίος
3128 3685 3217 3732 καὶ
3264 3679 3420 3740 αὐτὸς
3454 3685 3549 3733 καὶ
3577 3682 3626 3733 οἱ
3660 3676 3754 3731 δύο
3782 3670 3948 3729 παῖδες

606 3764 914 3821 fortissime
933 3762 1345 3833 pugnantibus
1360 3761 1607 3817 victoria
1621 3761 2100 3818 stetit.Occubitm
2121 3764 2197 3821 De

2362 3770 2542 3824 αὐτοῦ.
2578 3770 2859 3823 Ἀπέθανον
2882 3766 2941 3822 δε
2971 3768 3224 3844 Δερϐίκων
3253 3770 3345 3841 μεν
3401 3772 3739 3841 τρισμύριοι,
3770 3769 3953 3835 Περσῶν

604 3853 798 3909 bicum
831 3868 933 3907 rex
964 3852 1089 3922 ipse
1112 3856 1422 3906 Amoraeus
1455 3866 1593 3905 cum
1641 3850 1879 3905 duobus
1912 3850 2064 3907 ﬁliis.
2094 3854 2198 3909 Cec

2363 3856 2423 3910 δε
2448 3859 2802 3931 ἑνακισχίλιοι
2828 3862 2896 3923 ¹⁹,
2925 3864 3013 3911 καὶ
3038 3864 3453 3932 προσεχώρησεν
3477 3861 3509 3918 ἠ
3541 3866 3704 3933 χώρα
3736 3859 3892 3928 Κύρῳ.

599 3944 816 4000 derunt
845 3948 900 3997 et
933 3940 1245 3996 Derbicum
1279 3939 1513 4009 triginta
1545 3939 1745 4010 millia,
1778 3940 2095 3997 Persarum
2115 3958 2352 4001 novem.
2376 3949 2456 4003 Ita
2486 3949 2649 4015 regio
2681 3949 2781 4003 illa
2813 3949 2868 4003 in
2898 3948 3029 4020 Cyri
3056 3949 3343 4003 ditionem
3370 3948 3696 4004 concessit.

670 4035 857 4103 Cyrus
887 4046 1027 4086 vero
1055 4030 1170 4084 sub
1204 4030 1408 4085 mortis
1430 4035 1665 4099 tempus
1688 4028 1875 4084 tilium
1892 4035 2033 4085 natu
2062 4033 2247 4087 maxi-

2434 4037 2597 4109 Κῦρος
2627 4033 2685 4089 δέ
2715 4037 2893 4108 μέλλον
2945 4036 3179 4107 τελευτᾷν
3232 4034 3534 4109 Καμϐύσην
3581 4040 3675 4108 μεν
3706 4038 3790 4087 τὸν
3837 4038 3957 4101 πρῶο

599 4137 767 4177 mum
795 4119 1132 4191 Cambysen
1160 4134 1357 4187 regem
1394 4124 1582 4173 creat:
1608 4118 1909 4189 juniorem
1942 4119 2075 4174 dein
2111 4121 2193 4187 (ει

2361 4143 2441 4176 τον
2472 4129 2577 4177 νὶόν
2627 4124 2850 4198 βασιλέα
2897 4128 3142 4195 καθίστη,
3189 4125 3569 4198 Τανυοξάρκην
3603 4122 3641 4178 δ
3645 4128 3667 4177 ι
3693 4128 3776 4177 τὸν
3799 4126 3955 4173 νεωτε-

595 4212 1041 4279 Tanyoxarcem
1096 4206 1357 4269 nomine,
1394 4208 1755 4261 Bactriorum
1785 4206 1896 4277 (83)
1927 4207 2189 4263 dominui

2366 4233 2443 4265 οον
2489 4217 2741 4273 ἐπέστησε
2767 4216 2815 4249 ²⁰
2849 4213 3113 4273 δεσπότην
3174 4219 3437 4287 Βακτρίων
3500 4219 3597 4268 καὶ
3656 4221 3752 4275 τῆς
3803 4216 3960 4283 χώρας

584 4296 901 4368 ipsiusque
964 4294 1241 4363 regionis,
1272 4310 1502 4348 necnon
1554 4293 2074 4362 Choramniorum,
2109 4298 2178 4353 Pa

2367 4308 2444 4354 ιαὶ
2494 4309 2799 4376 Χοραμνίων
2852 4309 2939 4355 καὶ
3002 4306 3239 4376 Παρθίων
3302 4308 3391 4355 καὶ
3460 4308 3803 4375 Καρμανίων,
3868 4297 3961 4348 ἀτι-

597 4384 997 4454 thiorumque,
1044 4385 1102 4436 et
1155 4379 1633 4446 Carmaniorum,
1664 4385 1982 4451 constituit,
2029 4385 2191 4441 immi

2372 4399 2454 4454 tsi;
2512 4395 2650 4464 ἔχειν
2696 4396 2789 4454 τὰς
2834 4399 3009 4464 χώρας
3042 4390 3422 4467 διορισάμενος.
3453 4400 3575 4445 Τῶν
3626 4390 3689 4445 δε
3746 4388 3966 4459 Σπιτάμα

596 4487 812 4543 nesque
832 4487 974 4526 suas
1005 4469 1119 4525 sibi
1144 4470 1413 4539 regiones
1448 4486 1484 4524 a
1513 4470 1727 4525 tributo
1774 4450 1997 4528 habere
2050 4475 2190 4545 jube

2370 4450 2577 4531 mihi:
2611 4450 2876 4538 Σπιτάᾷιηῖ
2920 4450 2962 4517 l“
2996 4450 3406 4552 VphiAcpéixwr
3462 4477 3719 4543 ἀπέδειξε
3789 4450 3964 4547 σατρά-

595 4563 937 4633 ΕΞρὶῐειωω
969 4575 1109 4615 vero
1150 4558 1367 4622 liberis,
1409 4560 1692 4629 Spitaden
1738 4559 1854 4630 (84)
1895 4561 2189 4619 Derbicibi

2373 4588 2474 4636 την,
2508 4568 2838 4643 Μεγαϐἐρνην
2894 4566 2953 4622 δὲ
2990 4574 3301 4642 Βαρκανίων·
3336 4577 3395 4643 τῇ
3460 4574 3641 4645 μητρί
3695 4564 3758 4623 δί
3808 4567 3967 4620 πάντα

594 4651 869 4723 praefecit,
940 4648 1350 4721 Megabernem
1426 4647 1746 4712 Barcaniis,
1776 4664 1996 4721 eosque
2045 4650 2188 4723 Amy

2374 4659 2620 4709 πείθεσθαι
2669 4664 3007 4732 προσέταττε.
3066 4664 3167 4713 Καὶ
3225 4660 3493 4731 Ἀμόργου
3552 4658 3710 4731 φίλον
3776 4659 3968 4714 τούτοις

592 4740 768 4796 matri
795 4740 854 4794 in
902 4738 1186 4795 omnibus
1241 4752 1448 4809 parere
1499 4736 1777 4809 praecipit.
1838 4738 1994 4794 Datis
2061 4741 2186 4797 etiai

2368 4754 2446 4796 ’ῶν
2511 4742 2693 4809 δεξιῶν
2780 4746 3163 4820 ἐμϐαλλομένων
3229 4748 3472 4813 ἐποιεῖτο,
3543 4752 3641 4800 καὶ
3717 4744 3962 4803 ἀλλήλοις·

590 4830 831 4894 dextris,
868 4834 923 4883 et
981 4828 1131 4883 inter
1180 4843 1260 4897 se,
1313 4830 1372 4881 et
1427 4841 1563 4881 cum
1610 4827 1867 4897 Amorge
1914 4828 2184 4887 amicitiai

2381 4836 2474 4889 112
2506 4833 2603 4907 Ρι.]
2640 4841 2727 4888 καὶ
2776 4844 2882 4898 τοίς
2930 4840 3019 4909 μεν
3065 4836 3344 4909 ἐμμένουσι
3403 4844 3523 4898 ταῖς
3554 4840 3691 4909 πρὸς
3733 4834 3972 4893 ἀλλήλους

588 4920 736 4977 inire
766 4917 973 4984 voluit,
1007 4916 1203 4973 fausta
1230 4914 1345 4971 illis
1364 4915 1570 4972 omnia
1590 4921 1886 4987 precatus,
1911 4920 2012 4989 qui
2032 4918 2093 4974 in
2112 4936 2182 4975 ωι

2376 4922 2564 4983 ὐνοίαις
2614 4922 2788 4995 ἀγαθὰ
2832 4928 3048 4997 ηὔχετο,
3082 4924 3310 5001 ἐπηρᾶτο
3365 4922 3423 4978 δε
3471 4931 3593 4987 τοίς
3645 4931 3849 4998 χειρῶν
3888 4922 3970 4995 ἅρ-

1931 5034 2167 5091 VARLE
2205 5036 2497 5094 LECTION
2506 5041 2606 5096 ES.

659 5154 784 5229 °_é'rt_
830 5146 1041 5229 δὲηκα).¹
1071 5145 1319 5229 λαμϐάνει
1351 5168 1421 5229 ς..
1533 5151 1824 5229 ῌε-τισακᾶν
1852 5168 1931 5229 ςς.
1985 5149 2005 5183 ⁸
2034 5148 2280 5229 εὐνοῦχον
2334 5159 2373 5209 Α
2398 5153 2768 5229 Δῖ-ἡμιᾴρῥινας
2802 5177 2855 5221 ς,
2934 5158 2956 5192 ν
3008 5162 3300 5229 mima-9,5,
3329 5178 3383 5221 ς,
3432 5155 3511 5229 λιο
3549 5151 3705 5229 δίψῃ
3738 5176 3803 5229 ςὶ
3878 5154 3921 5229 ιι
3954 5151 3977 5205 δ

586 5223 822 5310 aadd.‘A.
842 5293 856 5310 ἱ
889 5221 948 5310 ¹¹²
970 5214 1202 5310 fficia!-
1232 5221 1295 5273 Α.
1378 5220 1421 5254 ¹³
1590 5218 1823 5310 δμωαί.)
1881 5220 1938 5306 ⁸¹⁴
1969 5214 2314 5310 πετισάκξι-ς.
2464 5214 2930 5310 άὰρᾞγάρνκᾷίῄς.
2979 5230 3057 5310 ι¹⁶
3090 5214 3383 5304 δερϐικέσίν
3413 5227 3476 5282 Α.
3566 5214 3710 5301 ¹⁷’έ]
3742 5214 3835 5281 οὖν
3865 5228 3891 5278 ό
3922 5247 3973 5289 ς.

586 5248 727 5279 auu.
760 5248 822 5276 η.
904 5248 947 5256 ··
976 5248 1202 5277 πείσεται
1232 5248 1295 5273 η.
1379 5248 1419 5254 --
1448 5248 1563 5291 μιν]
1590 5248 1726 5290 υμως
1758 5248 1811 5282 ς.
1895 5248 1934 5254 ·“
1969 5248 2229 5276 πετισακα
2260 5248 2314 5289 ς’.
2395 5248 2438 5261 “'
2464 5248 2590 5300 γαρ]
2676 5248 2738 5302 αρ
2766 5248 2930 5291 καις.
3013 5248 3057 5264 "’

584 5295 631 5330 7⁸
663 5299 751 5347 καὶ
784 5292 923 5350 add.
956 5294 1018 5349 Α.
1099 5292 1145 5327 ¹⁰
1178 5289 1580 5361 ἐννεακισχίλιοι
1603 5310 1657 5353 ς’.
1737 5292 1784 5326 ²⁰
1804 5289 1992 5349 ἐπέστη
2028 5315 2082 5357 ς.
2160 5297 2204 5331 ²¹
2239 5293 2525 5357 Σπιτάδην.
2563 5248 2679 5353 vi}.
2716 5316 2775 5371 p.
2814 5300 2939 5356 36a
2970 5300 3058 5355 16.

2151 5431 2191 5485 Ν
2199 5430 2373 5487 OT/E.

654 5512 1083 5596 (tiliDerbictBa
1134 5511 1326 5596 inqu.“
1386 5510 1586 5596 ἓίθριι·
1659 5512 1922 5596 Βῑκξιυίει
1970 5516 2230 5596 90PM“.ss
2410 5520 3974 5596 (§?)§zrerden0yriperpetuoHerodqtusnominat-

654 5520 764 5596 (8t)
792 5520 1083 5594 Derbicm,
1134 5520 1326 5583 inquit
1388 5520 1586 5592 Steph.
1659 5520 1922 5582 ByzanL,
1970 5520 2230 5600 populus
2436 5520 2824 5604 82)Sirierden
2840 5526 3289 5631 Cyrip'ergetuo
3306 5521 3651 5579 Herodotus
3665 5536 3767 5579 n01

582 5595 671 5669 est
691 5588 956 5666 Hircanis
976 5597 1224 5639 VlClnlls.
1256 5580 1599 5664 Apollonius
1627 5597 1733 5653 per
1757 5584 1979 5711 duglex
2000 5600 2064 5642 cc
2092 5603 2231 5643 scri-
2410 5520 2529 5736 £83;
2557 5592 2854 5678 Videndus
2880 5597 2957 5652 de
2985 5596 3078 5651 his
3106 5593 3391 5667 ntephan.
3418 5598 3477 5650 et
3502 5591 3767 5651 Strabo.

582 5658 906 5718 bitCtesias
940 5670 1079 5710 vero
1105 5654 1346 5710 Derbios
1385 5657 1575 5717 vocat,
1607 5658 1711 5710 aut
1735 5654 1845 5712 Ter
1886 5670 2046 5713 usos.
2439 5664 2508 5719 84
2554 5663 2828 5735 εριιαεεη
2859 5681 3058 5736 supra.

580 5657 906 5718 bitCtesias
940 5670 1079 5710 vero
1105 5654 1346 5710 Derbios
1385 5657 1575 5717 vocat,
1607 5658 1711 5710 aut
1735 5654 2046 5713 Terbissos.
2411 5654 2529 5736 (84)
2554 5663 2828 5735 Spitacen
2859 5681 3058 5738 supra.
