4036 6214
150 327 223 381 ΓΠ
1225 316 1715 375 BIBLIOTHECA.
1754 346 1823 357 -—-
1861 316 2021 373 COD.
2068 317 2270 373 LXXII.

3332 318 3434 373 178

148 453 282 512 ξουσιν
308 443 497 504 ἀδίκων.
527 450 705 499 Ταῦτα
734 448 886 508 εἶπας
925 449 972 482 ²²
1001 445 1298 504 ἕτελεύτησε
1335 449 1484 519 τρίτῃ
1514 444 1663 496 ύστε-

1780 447 1883 500 tua
1909 445 2240 516 perstarent
2285 442 2720 509 benevolentia,
2772 441 3041 516 dirisque
3087 443 3220 500 illos
3243 443 3430 500 devo-

142 560 204 611 ρον
237 537 319 588 ἀπὸ
360 542 442 588 τοῦ
487 536 782 609 τραύματος
811 537 1001 607 ἡμέρα,
1032 534 1353 607 βασιλεύσας
1380 537 1465 589 ἔτη
1496 532 1561 585 λ’.
1587 533 1667 586 Ἐν

144 630 196 687 οἷς
216 629 236 679 ὁ
256 626 312 678 ια’
332 628 373 661 ³³
404 628 625 682 Κτησίου
654 623 809 696 λόγος
836 632 927 677 τού
956 621 1195 678 Κνιδίου.

190 895 401 969 Ἀρχεται
429 890 483 946 δι
520 894 546 945 6
597 891 676 965 ιβ’
704 894 753 929 ⁸⁸
790 893 891 945 ἀπὸ
935 900 1023 952 τῆς
1058 891 1343 964 Καμϐύσου
1374 890 1667 965 βασιλείας.

137 986 258 1043 Οὗτος
298 982 601 1054 βασιλεύσας
660 982 931 1035 ἀπέστειλε
980 986 1068 1034 τὸν
1115 990 1206 1033 τοῦ
1250 985 1448 1053 πατρὸς
1496 984 1671 1053 νεκρὸν

136 1072 201 1126 διὰ
217 1074 488 1143 Βαγαπάτου
519 1079 614 1123 τοῦ
644 1072 901 1142 εύνούχου
932 1073 979 1106 ⁸⁸
1011 1071 1082 1132 εἰς
1113 1074 1317 1145 Πέρσας
1346 1078 1570 1141 ταφῆναι
1600 1073 1668 1135 ³⁸,

131 1168 195 1213 καὶ
230 1160 383 1226 τᾶλλα,
428 1164 493 1223 ὡς
537 1162 568 1213 ὁ
617 1166 793 1233 πατὴρ
844 1162 1027 1234 ὥρισεν
1058 1161 1103 1194 ’⁷
1139 1156 1464 1231 διῳκήσατο.
1514 1164 1650 1230 Μέγι

133 1269 218 1303 στου
256 1247 307 1302 δε
353 1251 467 1323 παρ’
527 1250 676 1321 αύτῷ
734 1246 966 1307 ἠδύνατο
1040 1250 1128 1320 [55
1195 1250 1283 1319 Η.]
1341 1248 1674 1322 Ἀρτασύρας

129 1340 350 1412 Ὑρκάνιος,
396 1347 491 1391 τῶν
553 1336 614 1392 δε
662 1340 926 1410 εὐνούχων
978 1339 1025 1374 ³⁸
1077 1336 1353 1400 Ἰζαϐάτης
1396 1340 1444 1373 ²⁹
1488 1357 1542 1390 τε
1584 1342 1673 1389 καὶ

133 1425 419 1489 ’Δσπαδάτης
454 1434 542 1480 καὶ
610 1430 945 1499 Βαγαπάτης,
977 1429 1032 1488 ὃς
1087 1432 1176 1478 καὶ
1217 1430 1359 1501 παρὰ
1399 1435 1470 1497 τῷ
1512 1431 1672 1499 πατρὶ

128 1524 318 1588 μέγιστος
364 1514 420 1575 ἦν
460 1520 595 1589 μετὰ
643 1520 691 1552 ³ο
734 1520 822 1568 τὸν
873 1519 1153 1574 Πετησάκα
1207 1517 1444 1569 θάνατον.
1506 1516 1671 1578 Οὗτος

129 1609 345 1673 στρατεύει
371 1604 445 1657 ἔπ’
486 1607 764 1677 Αἷγυπτον
808 1610 897 1658 καὶ
943 1615 1040 1657 τῶν
1094 1608 1397 1676 Αἰγυπτίων
1436 1609 1520 1657 τὸν
1577 1604 1667 1677 βα-

124 1695 231 1747 ειλία
254 1697 579 1768 Ἀμυρταίου,
613 1700 698 1747 καὶ
744 1701 864 1765 νικᾷ
892 1696 945 1746 Ἀ
955 1702 1228 1767 μυρταίον,
1257 1692 1591 1765 ’Κομϐάφεως
1623 1694 1664 1727 ³³

1780 548 1921 588 vens
1974 533 2078 604 qui
2134 533 2363 604 priores
2437 531 2722 602 injuriam
2780 531 2999 588 illaturi
3048 537 3261 589 essent.
3318 534 3434 589 Ista

1777 620 2030 689 locutus,
2060 622 2255 677 vivere
2278 620 2473 686 desiit,
2501 621 2667 677 tertio
2680 621 2758 677 ab
2784 628 3031 693 accepto
3049 622 3288 678 vulnere
3314 621 3429 688 die,

1780 727 1919 767 cum
1950 727 2141 767 annos
2163 712 2292 782 jam
2331 717 2638 782 regnasset
2664 712 2922 781 triginta.
2955 713 3055 767 Hic
3076 711 3209 767 ﬁnis
3242 712 3433 769 unde-

1780 800 1921 856 cimi
1947 800 2156 857 Ctesias
2184 800 2376 857 Cnidii
2406 800 2720 856 librorum.

1852 900 2250 955 Duodecimus
2276 897 2424 954 liber
2466 915 2501 955 a
2528 897 2842 971 Cambysis
2885 914 3071 969 regno
3097 900 3430 956 inchoatur.

1784 989 1903 1057 Hic,
2003 1003 2254 1057 regnum
2351 988 2624 1059 adeptus,
2703 988 2890 1059 patris
2986 1005 3126 1045 mox
3215 1004 3431 1060 corpus

1783 1093 1888 1148 per
1904 1077 2263 1149 Bagapatem
2278 1077 2621 1132 eunuchum
2635 1078 2693 1131 in
2709 1077 3005 1132 Persidem
3024 1077 3431 1149 sepeliendum

1783 1166 1958 1231 misit,
1996 1165 2338 1235 reliquaque
2386 1180 2456 1219 ex
2485 1165 2668 1236 patris
2700 1166 2937 1221 decreto
2971 1166 3427 1223 administravit.

1784 1258 1844 1309 In
1876 1255 1945 1310 iis
1976 1260 2174 1310 autem
2193 1254 2292 1325 qui
2325 1253 2652 1325 plurimum
2685 1255 3033 1311 auctoritate
3063 1255 3226 1326 apud
3259 1258 3435 1313 Cam-

1782 1343 1973 1415 bysen
2005 1343 2301 1407 valebant,
2325 1345 2637 1414 Artasyras
2667 1348 2793 1398 erat
2824 1344 3335 1417 Hircanius,atque
3360 1361 3433 1402 ex

1783 1433 2071 1489 eunuchis
2091 1432 2376 1498 Izabates,
2404 1433 2998 1505 etAspadates,etqui
3015 1435 3177 1505 apud
3199 1442 3430 1506 patrem

1781 1522 1958 1578 etiam
1974 1524 2265 1577 maximus
2285 1522 2959 1594 fuerat,Bagapates.Hic
2978 1525 3125 1577 enim
3144 1530 3273 1595 post
3294 1525 3433 1581 Peti-

1781 1627 1933 1667 sacaa
1953 1617 2203 1666 mortem
2220 1611 2543 1666 exercitum
2565 1610 2850 1666 adversus
2862 1612 3435 1684 Egyptum,ipsum-

1780 1716 1896 1772 que
1910 1699 2316 1771 Egyptiorum
2331 1713 2522 1768 regem
2536 1701 3363 1773 Amyrtmumducebatguem
3378 1708 3435 1759 et

122 1792 186 1834 τού
217 1784 443 1855 εύνούχου
471 1786 519 1820 ³²
564 1783 620 1844 6;
659 1780 721 1842 ἦν
763 1788 896 1856 μέγα
942 1780 1226 1855 δυνάμενος
1274 1786 1417 1855 παρὰ
1460 1790 1532 1851 τῷ
1576 1782 1643 1836 Αἱ

1780 1790 2102 1861 superavit,
2133 1805 2268 1843 cum
2289 1789 2337 1843 ei
2361 1788 2802 1860 Combapheus,
2824 1790 2927 1861 qui
2950 1790 3113 1860 apud
3138 1790 3433 1863 Egyptio-

118 1878 300 1942 γνπτίων
346 1870 578 1944 βασιλεῖ,
638 1869 1063 1945 καταπροδόντος
1133 1875 1226 1934 τάς
1306 1892 1359 1925 τε
1439 1874 1667 1946 γεφύρας

119 1967 183 2011 ui
216 1960 355 2014 τᾶλλα
394 1971 492 2014 τῶν
538 1962 849 2034 Αἰγυπτίων
880 1964 1178 2035 πράγματα,
1237 1960 1312 2034 ἔφ’
1425 1962 1667 2032 γενέσθαι

121 2050 311 2122 ὕπαρχος
356 2052 654 2123 Αἰγύπτου.
742 2056 841 2105 Καὶ
908 2055 1087 2123 γέγονε
1137 2058 1305 2103 ταῦτα
1362 2054 1463 2125 γὰρ
1523 2051 1665 2120 αὐτῷ

120 2138 350 2208 Καμϐύσης
422 2138 516 2192 διὰ
568 2139 849 2201 Ἰζαϐάτου
908 2148 1001 2192 τοῦ
1068 2139 1377 2213 Κομϐάφεως
1452 2139 1665 2211 ἀνεψιοῦ

119 2229 323 2294 συνέθετο,
362 2234 448 2281 καὶ
494 2229 660 2289 αὐτὸς
706 2226 766 2282 δε
815 2230 863 2265 ³³
894 2230 1228 2301 οἰκειοφώνως
1276 2230 1507 2301 ὕστερον.
1559 2237 1661 2281 Zm-

112 2322 225 2384 7p£su
266 2314 317 2370 δε
365 2318 531 2370 λαϐὼν
585 2324 676 2370 τὸν
743 2318 1054 2390 Ἀμυρταίον
1105 2316 1256 2371 ούδεν
1326 2317 1449 2370 ἄλλο
1506 2322 1663 2370 κακὸν

113 2404 341 2477 εἰργάσατο
372 2409 401 2466 ἡ
448 2410 530 2460 ὅτι
582 2408 658 2470 εἰς
704 2415 877 2460 Σοῦσα
925 2406 1259 2461 ἀνάσπαστον
1319 2412 1412 2460 σὺν
1460 2407 1665 2470 ἑξακισ-

110 2494 261 2562 χιλίοις
303 2496 634 2569 Αἰγυπτίοις,
685 2496 775 2559 οὓς
822 2496 978 2558 αὐτὸς
1019 2498 1319 2570 ᾑρετίσατο,
1358 2496 1662 2556 ἐποιήσατο.

117 2588 191 2633 Καὶ
210 2589 289 2642 τὴν
324 2586 589 2656 Αἴγυπτον
622 2582 683 2639 δε
722 2592 898 2638 πᾶσαν
926 2586 1191 2649 ὑπέταξεν.
1222 2586 1503 2641 Ἀπέθανον
1531 2582 1590 2638 δε
1615 2584 1663 2637 ἓν

110 2676 308 2745 fhsin
362 2674 664 2747 Αἰγυπτίων
839 2671 1097 2750 μυριάδες
1144 2679 1309 2741 πέντε,
1353 2682 1561 2748 Περσῶν
1605 2671 1663 2727 δε

112 2759 450 2835 ἑπτακισχίλιοι
481 2765 553 2819 ³⁸.

159 2938 309 3008 Μάγος
357 2936 416 2993 δί
472 2960 553 3002 τις
603 2936 973 3013 Σφενδαδάτης
1025 2944 1073 2979 ³⁵
1118 2946 1297 3014 ὄνομα,
1348 2943 1663 3020 ἁμαρτήσας

113 3032 178 3077 ut
219 3032 553 3100 μαστιγωθεὶς
602 3032 706 3082 ὑπὸ
756 3030 1143 3103 Τανυοξάρκου,
1198 3030 1483 3103 ἀφικνεῖται
1539 3037 1668 3107 πρὸς

1781 1894 1913 1933 rum
1944 1893 2144 1947 regem
2202 1878 2454 1932 multum
2496 1883 2744 1949 poterat,
2805 1883 3017 1949 pontes
3061 1895 3130 1934 ac
3189 1886 3431 1936 caeteras

1778 1966 2196 2038 Egyptiorum
2215 1982 2307 2021 res
2324 1966 2703 2037 prodidisset,
2729 1983 2849 2039 quo
2876 1967 3002 2038 ipse
3018 1967 3150 2041 [per
3180 1968 3433 2041 Camby-

1778 2057 1905 2127 sen]
1934 2057 2179 2127 Egypti
2211 2055 2625 2127 praefecturam
2658 2065 3140 2129 consequeretur.
3178 2059 3238 2113 Id
3265 2060 3431 2130 quod

1776 2149 1835 2201 et
1861 2145 2135 2201 obtinuit.
2163 2146 2313 2200 Nam
2342 2145 2468 2199 haec
2494 2144 2634 2200 itaei
2664 2144 2987 2217 Cambyses
3021 2146 3430 2211 constituerat,

1776 2233 2165 2306 perlsabaten
2182 2234 2443 2304 primum
2468 2232 2832 2303 Combaphei
2864 2233 3215 2304 patruelem,
3239 2240 3294 2290 et
3310 2236 3431 2290 suis

1776 2322 1907 2393 ipse
1942 2322 2138 2377 verbis
2164 2330 2394 2394 poetea.
2451 2321 2608 2392 37b
2640 2321 2820 2378 Vivus
2862 2327 3062 2380 autem
3093 2324 3427 2396 Amyrteeus

1775 2428 1913 2468 cum
1964 2412 2022 2467 in
2067 2412 2376 2483 Cambyse:
2407 2416 2765 2483 potestatem
2814 2414 3085 2477 venisset.
3131 2413 3293 2470 aliud
3336 2413 3430 2470 ille

1774 2501 2005 2556 nullum
2032 2500 2489 2557 incommodum
2513 2502 2757 2571 accepit,
2777 2517 2960 2573 quam
2992 2503 3156 2574 quod
3188 2503 3248 2558 in
3278 2504 3431 2559 Susa

1776 2606 1915 2646 cum
1946 2607 2046 2646 sex
2074 2589 2487 2661 Egyptiorum
2513 2589 2798 2653 millibus,
2832 2591 3255 2662 quosipsemet
3274 2592 3430 2648 dele-

1777 2681 1980 2750 gisset,
2013 2678 2327 2748 ablegatus
2364 2678 2457 2735 sit.
2495 2679 2784 2734 Universa
2815 2687 2899 2735 est
2931 2680 3131 2751 itaque
3180 2680 3430 2737 subacta

1774 2769 2096 2840 Egyptus,
2139 2768 2352 2823 occisis
2383 2767 2440 2821 in
2484 2766 2691 2838 praelio
2723 2769 3130 2839 Egyptiorum
3166 2767 3428 2824 millibus

1773 2857 2232 2931 quinquaginta,
2260 2856 2574 2911 Persarum
2601 2862 2850 2927 septem.

1846 2958 2048 3025 Magus
2098 2955 2331 3011 interim
2383 2954 2649 3026 quidam,
2698 2954 2793 3009 cui
2831 2955 3270 3027 Sphendadatae
3312 2958 3427 3029 (85)

1776 3061 1999 3102 nomen
2013 3051 2155 3107 erat,
2174 3060 2312 3099 cum
2340 3043 2549 3099 fuisset
2575 3044 2653 3099 ob
2684 3043 2965 3100 delictum
2991 3061 3025 3100 a
3051 3047 3428 3116 Tanyoxarco

110 3115 346 3184 Καμϐύσην
399 3116 755 3171 ἐνδιαϐάλλων
804 3122 891 3171 τὸν
943 3116 1165 3192 ἀδελφὸν
1203 3122 1570 3196 Τανυοξάρκην
1600 3127 1663 3186 ὡς

1779 3134 2113 3190 verberibus
2131 3132 2498 3199 multatus,ad
2514 3132 2831 3203 Cambysen
2849 3115 3266 3205 accedit,atque
3279 3135 3427 3207 apud

109 3198 443 3259 ἐπιϐουλεύοντα
495 3208 643 3277 αύτῷ
697 3227 711 3239 ο
757 3213 847 3260 καὶ
897 3216 1110 3281 σημεῖον
1164 3206 1349 3263 ἰδίδου
1406 3219 1502 3271 τῆς
1546 3210 1670 3264 ἁπο-

111 3294 315 3362 στὰσως,
361 3298 425 3357 ὡς
474 3297 521 3349 εἰ
565 3296 783 3354 κληθείη
825 3294 1002 3363 ἐλθεῖν,
1057 3298 1151 3351 ούχ
1192 3298 1253 3350 ἆν
1309 3298 1468 3352 ἔλθοι.
1516 3300 1672 3358 Δηλοῖ

110 3384 289 3433 τοίνυνὸ
316 3384 605 3456 Καμϐύσης
640 3384 802 3438 έλθείν
848 3388 935 3439 τὸν
978 3383 1197 3459 ἀδελφόν
1249 3406 1261 3417 ·
1291 3388 1318 3439 ὁ
1369 3384 1445 3455 δε,
1479 3394 1667 3463 χρείας

107 3468 225 3530 ῐὼις
281 3471 606 3536 ἀπαιτούσης
676 3479 861 3546 μένειν,
939 3474 1227 3531 ἁνεϐαλετο.
1303 3477 1665 3552 Παῤῥησιάξε-

106 3562 230 3607 TI!“
270 3570 378 3625 ταῖς
431 3560 711 3626 διαϐολαῖς
752 3564 901 3618 πλέον
947 3566 973 3617 6
1019 3568 1207 3639 μάγος.
1266 3567 1484 3639 Ἀμύτις
1525 3564 1584 3621 δε
1632 3572 1661 3627 ἠ

103 3650 230 3721 μάτηρ
257 3653 317 3702 τὰ
338 3660 426 3704 τοῦ
454 3654 633 3725 μάγου
664 3656 735 3715 ὡς
772 3650 833 3711 ἦν
882 3655 1196 3721 ὑπονοοῦσα,
1228 3654 1481 3709 ἐνουθέτει
1525 3664 1665 3731 Καμ-

113 3733 240 3792 εὖσιῖν
289 3744 370 3791 τὸν
426 3744 543 3794 υἱὸν
592 3747 667 3814 μὴ
722 3744 992 3796 πείθεσθαι
1024 3764 1036 3775 ·
1070 3745 1095 3795 6
1146 3740 1205 3797 δε
1256 3746 1551 3818 ὑπεκρίνετο
1587 3751 1659 3818 μὴ

106 3826 345 3891 πείθεσθαι,
392 3828 629 3885 ὶπείθετο
688 3828 747 3883 δε
794 3832 1049 3903 μάλιστα.
1112 3833 1545 3906 Διαπεμψαμένου
1604 3832 1663 3888 δί

111 3920 244 3979 τρίτον
296 3918 583 3991 Καμϐύσου
642 3922 776 3992 πρὸς
842 3924 927 3973 τὸν
1003 3918 1222 3994 ἀδελφὸν
1297 3928 1658 3997 παραγίνεται.

110 4004 181 4053 Καὶ
205 4001 481 4068 ἀσπάζεται
654 4009 810 4061 αὐτὸν
854 4010 881 4061 6
931 4006 1170 4083 ἁδελφὸς,
1205 4007 1356 4064 ούδέν
1396 4013 1442 4048 ³⁷
1475 4009 1534 4066 δί
1571 4014 1662 4071 ἧτ-

106 4106 171 4139 τον
201 4091 369 4148 ἆνελεῖν
398 4096 614 4169 ίμελῦτα
668 4113 681 4125 ⁸
742 4102 915 4173 κρύφα
961 4096 1021 4152 δι
1068 4100 1318 4171 Ἀμύτιος
1357 4102 1430 4163 εἰς
1471 4103 1659 4174 πρᾶξιν

106 4174 272 4250 ἀγαγεῖν
319 4190 409 4241 τὴν
456 4186 674 4257 μελέτην
738 4183 976 4243 ἔσπευδε.
1042 4193 1142 4241 Καὶ
1197 4188 1446 4261 λαμϐάνει
1499 4196 1659 4263 πέρας

106 4268 122 4319 ὲ
162 4272 317 4341 πρᾶξις
350 4293 361 4304 ι
394 4277 420 4327 6
463 4278 571 4349 γάρ
618 4296 700 4329 τοι
748 4279 915 4348 μάγος
968 4276 1159 4338 Βουλῆς
1201 4286 1272 4349 τῷ
1301 4277 1511 4351 βασιλεῖ
1551 4300 1653 4334 κοι-

106 4366 230 4409 νθηῶν
270 4360 499 4434 βουλεύει
532 4374 769 4418 τοιοῦτον
799 4384 812 4396 ’
861 4366 1074 4437 Ὀμοιος
1123 4363 1184 4425 ἦν
1235 4368 1386 4429 αύτός
1426 4370 1450 4421 6
1490 4372 1657 4442 μάγος

1780 3240 1915 3279 eum
1960 3223 2202 3278 fratrem
2245 3223 2530 3277 struxisse
2567 3222 2628 3276 in
2659 3222 2857 3293 ipsum
2906 3222 3155 3278 insidias
3206 3222 3429 3281 calum-

1778 3314 1993 3368 niatur.
2020 3311 2201 3366 Addit
2229 3316 2651 3379 argumentum
2693 3310 3035 3366 rebellionis
3068 3329 3082 3367 :
3136 3327 3256 3367 non
3288 3329 3427 3369 ven-

1778 3406 1977 3457 turum
1988 3402 2497 3471 Tanyoxarcen,si
2520 3399 3048 3455 advoceturJubet
3067 3400 3247 3470 igitur
3263 3402 3427 3458 Cam-

1772 3488 1955 3561 byses
1984 3487 2225 3543 fratrem
2247 3487 2321 3543 ad
2347 3503 2409 3542 se
2437 3486 2851 3553 venire.Ille,ut
2883 3494 3004 3543 tum
3028 3488 3173 3544 forte
3198 3491 3314 3545 alia
3336 3506 3429 3547 res

1774 3578 2044 3650 quaepiam
2063 3591 2293 3633 manere
2309 3574 2811 3641 suadebat,venire
2827 3576 3221 3648 distulit.Ergo
3237 3596 3428 3650 magus

1774 3681 1912 3722 eum
1931 3665 2220 3722 audacius
2233 3681 2304 3721 ex
2327 3681 2397 3721 eo
2409 3665 3204 3738 criminari.Amytisinterea
3220 3674 3424 3733 mater,

1771 3755 1832 3811 id
1852 3754 2015 3828 quod
2038 3759 2161 3811 erat
2178 3754 2252 3810 de
2298 3769 2477 3824 mago
2514 3754 2841 3825 suspicata,
2880 3756 3219 3825 Cambysen
3241 3755 3427 3812 ﬁlium

1772 3843 2157 3909 admonebat,
2193 3858 2464 3914 nequam
2480 3842 2657 3897 fidem
2688 3843 3136 3912 magohaberet.
3172 3843 3426 3915 Etﬁnge-

1770 3932 1875 3989 bat
1920 3947 2043 3996 rex,
2084 3930 2229 3986 nihil
2259 3946 2321 3984 se
2348 3930 2566 3986 horum
2615 3930 2876 3999 credere,
2910 3946 3046 3985 cum
3080 3937 3275 3987 tamen
3310 3948 3427 3988 cre-

1770 4020 1933 4077 deret
1964 4020 2243 4075 maxime.
2306 4017 2569 4073 Tertium
2621 4018 2799 4087 igitur
2836 4035 2871 4073 a
2903 4018 3197 4089 Cambyse
3233 4035 3428 4075 accer-

1768 4110 1914 4164 situs
1941 4109 2135 4174 frater,
2171 4106 2331 4163 venit
2354 4106 2593 4163 tandem
2631 4122 2644 4161 :
2679 4111 2736 4162 et
2762 4106 3143 4177 amplexatus
3177 4114 3264 4163 est
3288 4123 3426 4163 eum

1766 4214 1889 4264 rex,
1914 4196 2101 4252 nihilo
2153 4200 2355 4252 tamen
2400 4196 2595 4251 secius
2628 4194 2704 4251 de
2732 4194 2832 4250 illo
2866 4194 3276 4253 interﬁciendo
3335 4212 3428 4253 co-

1767 4287 1981 4357 gitans.
2011 4287 2263 4340 Maturat
2289 4291 2490 4340 autem
2533 4284 2691 4341 clam
2721 4290 2906 4340 matre
2938 4285 3133 4356 Amyti
3168 4286 3427 4342 medita-

1766 4384 1891 4433 tum
1925 4374 2155 4430 facinus
2182 4373 2258 4429 ad
2290 4374 2510 4429 exitum
2544 4373 2871 4445 perducere
2906 4391 2917 4427 :
2961 4374 3123 4445 quod
3144 4376 3425 4447 equidem

108 4448 230 4515 κάρτα
252 4460 318 4522 τῷ
360 4454 703 4529 Τανυοξάριιῃ
737 4456 785 4491 ³⁸
820 4473 831 4485 ’
883 4453 1124 4528 βουλεύει
1170 4466 1450 4531 τοιγαροῦν
1498 4459 1654 4513 αύτόν

1778 4464 2090 4536 perfectum
2118 4467 2223 4518 est.
2252 4462 2476 4518 Etenim
2509 4479 2743 4533 magus,
2777 4463 3094 4519 consilium
3121 4480 3258 4520 cum
3291 4480 3427 4535 rege

112 4536 315 4609 305:9
361 4552 583 4618 φανερῷ,
626 4547 695 4605 ὡς
744 4540 903 4603 δῆθεν
945 4542 1169 4617 ἀδελφοῦ
1219 4544 1476 4617 βασιλέως
1528 4568 1654 4601 κατ-

112 4640 281 4691 ιιττιτα,
309 4638 399 4690 τήν
444 4634 678 4705 κεφαλήν
718 4634 1012 4706 προστάξαι
1063 4633 1451 4707 ἀποτμηθῆναι,
1500 4637 1549 4689 ἒν
1598 4636 1657 4691 δὲ

113 4718 159 4777 τέ
197 4730 382 4791 ιρνπτῷ
423 4722 764 4797 ἀναιρεθῆναι
805 4723 1193 4798 Τανυοξάρκην,
1241 4731 1331 4777 καὶ
1384 4731 1478 4785 τὴν
1533 4726 1657 4780 ἑκεί-

116 4820 173 4851 κυ
212 4808 372 4867 στολήν
424 4810 792 4885 muscam
853 4816 940 4865 τὸν
1008 4815 1197 4885 μάγον,
1251 4815 1386 4867 ὥστε
1440 4822 1531 4868 καὶ
1587 4826 1657 4887 τῷ

120 4898 379 4965 italiam:
452 4901 765 4972 νομίζεσθαι
833 4902 1221 4974 Τανυοξάρχην.
1301 4909 1400 4956 Καὶ
1458 4910 1658 4976 γίνεται

118 4986 234 5031 tum
282 5004 293 5016 ο
348 4990 534 5059 αἱματι
590 4992 691 5061 γὰρ
738 4992 956 5063 ταύρου,
1012 4991 1037 5042 ὃ
1098 4990 1308 5056 ἑξίπιεν,
1372 4990 1661 5067 ἀναιρεῖται

118 5069 436 5146 ῐιννοξέριης,
492 5076 809 5151 ἀμφιάζεται
856 5075 916 5131 δε
969 5080 995 5131 6
1044 5082 1212 5152 μάγος
1260 5085 1351 5133 καὶ
1398 5084 1661 5155 νομίζεται

1766 4553 2242 4621 communicans,
2279 4551 2393 4607 tale
2430 4551 2545 4607 hoc
2582 4553 2901 4622 suggessit.
2936 4553 3282 4609 Simillimus
3328 4554 3429 4608 Ta-

1766 4656 2087 4712 nyoxarcm
2118 4657 2331 4712 magus
2360 4640 2485 4711 ipse
2508 4656 2644 4695 cum
2674 4644 2845 4703 esset,
2882 4641 3091 4696 suadet
3125 4645 3190 4694 ut
3225 4640 3426 4713 palam

1766 4730 2012 4802 quidem
2046 4735 2223 4800 atque
2276 4730 2334 4782 in
2386 4726 2719 4800 propatulo,
2758 4734 3044 4801 tanquam
3092 4726 3237 4784 falso
3285 4730 3424 4801 regii

1769 4818 1962 4875 fratris
1992 4817 2239 4874 delatori
2270 4822 2448 4889 caput
2479 4817 2591 4871 sibi
2626 4818 2924 4889 amputari
2967 4817 3176 4889 jubeat
3212 4837 3224 4886 ;
3268 4818 3425 4875 clam

1769 4923 1909 4962 vero
1942 4912 2119 4979 atque
2151 4908 2208 4961 in
2235 4907 2469 4962 occulto
2494 4908 2919 4976 Tanyoxarcen
2944 4906 3145 4977 ipsum
3175 4908 3426 4965 interfici

1771 5002 1954 5061 curet,
1978 5002 2032 5052 et
2063 4996 2216 5051 illius
2249 4995 2358 5050 sibi
2381 5000 2606 5050 vestem
2640 4996 2821 5059 indui,
2858 5001 2920 5051 ut
2967 5012 3035 5050 ex
3070 4996 3203 5067 ipso
3248 4998 3425 5053 etiam

1771 5087 1981 5142 vestitu
2016 5101 2124 5156 pro
2153 5086 2536 5156 Tanyoxarce
2558 5084 2765 5139 haberi
2780 5084 2984 5156 possit.
3022 5086 3209 5158 Atque
3243 5085 3323 5142 ita
3344 5086 3426 5143 fa-

1405 5187 1650 5242 VARIIE
1692 5187 2090 5245 LECTIONES.

172 5279 353 5377 ῗείκάν
382 5307 436 5351 ς-
516 5290 566 5377 ἶί
594 5286 686 5376 "sl
711 5295 913 5377 τυρῶτοξ
942 5293 1023 5377 Ακ
1083 5287 1255 5377 ".‘Pﬂ
1288 5286 1617 5377 δάτεροὲηέὲε

1717 5294 1765 5365 ν
1793 5293 2051 5364 εύνούχου
2081 5292 2174 5365 A_:
2208 5291 2517 5365 ἡμιάῤῥενος
2550 5312 2608 5365 ςς.

2694 5294 2740 5327 ³⁸
2771 5300 2994 5366 ταφῆναι
3020 5297 3212 5366 νεκρὸν.
3250 5300 3338 5348 καὶ
3366 5317 3418 5361 ς’·

126 5344 357 5423 ηὑρίΜο
384 5378 437 5421 ς.
517 5359 567 5394 ΩΙ
593 5344 851 5431 ιῦξούὲων
874 5364 919 5414 Α
956 5383 968 5415 ε
1003 5344 1325 5468 ἡμιαρἑὗων
1360 5344 1441 5427 ς..
1493 5365 1540 5399 η
1576 5363 1858 5426 ἰςαλϐάτης
2031 5364 2079 5399 ⁸ο
2110 5360 2193 5421 ἦν.
2342 5344 2472 5433 ‘y‘cra‘z
2496 5385 2548 5427 ς.
2574 5356 2607 5377 .”
2630 5364 2671 5398 ³1
2704 5344 3052 5435 Κομςίαϐέως]
3080 5344 3158 5401 “33
3177 5344 3424 5442 ἡμιαῤῥῖε-

126 5436 175 5468 ια
198 5443 236 5468 ρ,
318 5432 361 5464 ιι
387 5427 446 5468 .r.
478 5436 616 5468 anln
645 5431 725 5468 .z.
782 5431 896 5468 mm
975 5437 999 5468 Α
1212 5440 1346 5468 nnc}
1375 5433 1767 5468 .‘..-.....-..n.-.
1800 5453 1932 5468 mm.
1977 5438 2001 5468 Α
2041 5435 2210 5468 musa;
2244 5431 2338 5468 ,ἵλεω
2454 5437 2498 5468 ss
2533 5432 2911 5468 γλωθηλλη..
2946 5459 2978 5468 -
3091 5439 3137 5468 ιε
3174 5438 3307 5468 -..λι
3364 5437 3420 5468 ,τι

124 5436 175 5477 ’κ
198 5443 237 5485 τι
318 5432 361 5464 ³³
387 5427 446 5482 δε
476 5436 617 5485 ante
645 5427 925 5486 oixfadd.
969 5437 1027 5485 Α.

123 5498 203 5553 ταῖς
225 5516 270 5558 ς.
338 5501 377 5533 ⁸⁷
410 5498 634 5574 ἀδελφὸς
663 5506 771 5556 imi
799 5499 950 5556 ούδὶν
979 5524 1033 5568 ς’.
1114 5506 1162 5540 ³⁸
1190 5498 1531 5580 ίανυοξάρκει
1561 5498 1629 5563 Ᾱξ

1212 5440 1349 5504 post
1374 5433 1770 5507 ἑπτακισχίλιοι
1799 5453 1936 5492 cum
1969 5438 2011 5489 Α
2040 5435 2214 5491 omisi
2244 5431 2359 5488 6‘66.

2454 5437 2498 5470 ³⁵
2533 5432 2911 5505 Σφανδαδάτης
2944 5459 2997 5500 ς’.
3091 5439 3137 5473 ³⁵
3174 5432 3420 5515 πὰρῤίδὶ

1634 5607 1677 5662 Ν
1684 5605 1857 5662 ΟΤΑΞ.

171 5695 262 5767 (8⁵)
280 5699 553 5762 Snurden
582 5719 821 5777 magum
846 5708 1191 5765 constanter
1216 5707 1553 5767 Herodotus
1582 5713 1786 5768 vocat.
