4036 6214
625 318 727 374 179

1802 352 1807 359 -
1852 315 2085 372 PHOTII
2130 315 2614 373 PATRIARCH/E
2653 314 2758 371 CP.
3846 326 3940 383 130

626 448 786 500 etum
818 446 925 500 est.
954 442 1210 499 Taurino
1252 444 1359 516 (86)
1414 442 1569 499 enim
1622 444 1836 499 hausto
1866 443 2159 513 sanguine
2186 443 2275 498 Ta.

2398 442 2785 517 Τανυοξάρκης.
2836 446 2935 495 Καὶ
2977 441 3213 494 λανθάνει
3254 443 3441 503 πάντας
3501 442 3583 495 ἰπὶ
3636 444 3780 497 πολύν
3830 455 3943 523 χρό.

623 548 958 604 nyoxarces
988 532 1202 597 interit,
1232 537 1287 588 et
1312 532 1464 587 illius
1504 532 1750 587 indutus
1789 538 2018 588 vestem
2049 547 2285 601 magus,

624 637 733 695 pro
755 624 1129 692 Tanyoxarce
1173 622 1535 693 agnoscitur,
1585 621 1806 692 diuque
1858 620 1999 677 latet
2054 636 2285 688 omnes,

622 717 836 783 praeter
913 715 1253 781 Artosyran,
1311 712 1673 781 Bagapaten,
1739 714 1919 781 atque
1990 709 2285 765 lzabateno

624 802 720 855 His
744 800 969 871 quippe
1001 798 1142 854 solis
1176 815 1298 854 rem
1330 800 1558 871 aperire
1591 799 1918 870 Cambyses
1960 815 2143 855 ausus
2177 806 2283 854 est.

623 891 739 945 Rex
774 888 913 943 inde
962 888 1279 959 Labyzum,
1314 888 1416 959 qui
1465 888 1615 943 inter
1662 891 2063 959 Tanyoxarcm
2098 904 2283 944 eunu-

623 978 767 1033 chos
794 977 961 1033 facile
984 977 1212 1049 primus
1238 982 1383 1041 erat,
1415 982 1473 1032 et
1494 981 1701 1047 praeter
1731 977 1890 1032 hunc
1918 976 2072 1035 alios
2108 976 2183 1031 ad
2219 992 2283 1033 se

620 1072 837 1125 vocat:
890 1080 1139 1135 magum
1184 1066 1245 1121 in
1277 1064 1377 1121 illa
1406 1070 1563 1120 veste
1599 1065 1899 1121 sedentem
1940 1065 2194 1131 exhibet,
2226 1066 2282 1121 et

622 1156 919 1229 numquid
950 1156 1107 1211 hunc
1137 1157 1561 1227 Tanyoxarcen
1597 1160 2005 1223 agnoscerent,
2036 1156 2281 1212 interro-

624 1251 742 1316 gat.
778 1246 863 1300 Ad
895 1261 1031 1317 quas
1064 1245 1326 1315 Labyzus
1354 1247 1450 1299 :Et
1470 1259 1819 1316 quemnam,
1852 1244 2061 1317 inquit,
2096 1244 2279 1300 alium

624 1349 1089 1404 agnosceremus
1112 1334 1139 1391 7
1161 1334 1311 1389 adeo
1339 1333 1477 1389 texit
1509 1348 1755 1402 magum
1796 1334 2062 1404 corporis
2109 1334 2281 1389 habi-

625 1428 837 1496 tusque
912 1422 1259 1479 similitudo.
1323 1422 1564 1478 Mittitur
1628 1436 1770 1492 ergo
1854 1422 1912 1477 in
2001 1423 2275 1488 Bactrios,

624 1514 937 1584 omniaque
952 1512 1102 1567 haud
1122 1512 1466 1583 aliterquam
1481 1512 1526 1566 si
1541 1512 1778 1583 ipsemet
1792 1514 2281 1583 essetTanyoxar-

626 1618 745 1669 ces,
780 1601 1178 1657 administrat.
1204 1602 1337 1657 Post
1364 1601 1641 1673 quintum
1670 1600 1912 1657 tandem
1942 1616 2168 1657 annum
2189 1617 2282 1656 res

624 1696 746 1747 tota
784 1707 889 1764 per
917 1691 1281 1763 Tybetheum
1315 1690 1677 1751 eunuchum,
1745 1690 1902 1762 380
1938 1706 2115 1762 quem
2153 1706 2279 1746 ma-

625 1796 736 1853 gus
771 1780 1132 1853 pulsaverat,
1152 1781 1344 1853 Amyti
1366 1780 1692 1850 exponitur.
1724 1779 1989 1835 Postulat
2016 1779 2145 1835 haec
2168 1780 2279 1836 sibi
2313 1813 2353 1867 Β

627 1869 1091 1943 Sphendadaten
1131 1885 1166 1924 a
1198 1869 1491 1941 Cambyse
1521 1868 1681 1925 dedi.
1708 1870 1777 1923 At
1806 1884 1906 1923 rex
1939 1867 2157 1924 dedere
2183 1885 2282 1924 no-

623 1961 729 2017 luit
761 1977 773 2015 :
802 1958 1203 2031 quamobrem
1234 1957 1493 2014 dirasilli
1515 1957 2165 2029 imprecata,epotoque
2188 1974 2282 2013 ve-

624 2064 803 2117 neno,
852 2048 1121 2103 moritur.
1176 2046 1401 2102 Accidit
1438 2046 1648 2101 deinde
1682 2050 1761 2110 ut,
1795 2061 1965 2101 sacra
1994 2051 2279 2117 operante

628 2136 946 2207 Cambyse,
968 2152 1105 2190 cum
1138 2134 1389 2189 victimae
1411 2133 1848 2205 jugularentur,
1887 2134 2126 2205 sanguis
2157 2149 2277 2189 non

624 2223 834 2279 ﬂueret
867 2240 879 2279 :
913 2240 1033 2295 qua
1050 2238 1193 2279 sane
1232 2238 1303 2278 ex
1327 2239 1389 2278 re
1422 2223 1625 2277 animo
1655 2222 1971 2277 concidere
1999 2224 2278 2295 cmpit;ac

624 2312 816 2383 magis
842 2314 1019 2368 etiam
1060 2317 1292 2384 postea,
1324 2310 1571 2383 quando
1602 2312 1654 2367 ei
1685 2314 1925 2367 Roxane
1979 2316 2277 2368 carentem

623 2403 818 2474 capite
870 2418 1124 2474 puerum
1173 2402 1404 2473 peperit
1457 2418 1475 2471 ;
1524 2406 1579 2456 et
1635 2400 1797 2471 magi
1840 2401 2274 2457 renuntiarunt.

626 2492 857 2547 nullum
890 2492 962 2547 ab
991 2506 1062 2546 eo
1088 2491 1256 2559 regni
1282 2504 1686 2545 successorem
1710 2490 1976 2545 relictum
2002 2490 2088 2555 iri,
2114 2490 2277 2546 hisce

625 2581 907 2637 monstris
939 2579 1227 2652 portendi.
1258 2580 1409 2645 Quin
1437 2585 1492 2635 et
1519 2585 1723 2635 astans
1753 2584 1933 2635 noctu
1966 2580 2026 2635 in
2049 2580 2276 2636 somnis

626 2676 836 2735 mater,
856 2669 1166 2741 minasque
1180 2668 1260 2725 ob
1285 2673 1687 2741 perpetratam
1709 2668 1933 2725 caedem
1950 2669 2271 2734 intentans,

2398 551 2500 596 νον,
2533 532 2664 589 πλὴν
2716 531 3017 605 Ἀρτασύρα
3053 535 3142 583 καὶ
3188 534 3491 600 Βαγαπάτου
3535 533 3579 568 ⁸9
3626 539 3707 586 καὶ
3760 536 3945 597 Ίζαϐά-

2398 641 2488 673 του
2551 638 2562 649 ’
2625 624 2824 681 τούτοις
2879 623 2981 695 γὰρ
3034 624 3208 691 μόνοις
3262 620 3543 692 Καμϐύσης
3588 622 3824 697 ἐθάρρησε
3864 632 3943 685 τὴν

2396 710 2603 783 πρᾶξιν.
2639 708 2875 771 Λάϐυξον
2918 710 2965 743 ⁸ο
3016 706 3073 762 δὲ
3116 718 3217 761 τῶν
3261 709 3515 782 εὐνούχων
3558 713 3597 747 ⁴¹
3630 716 3711 764 τόν
3746 724 3940 787 πρῶτον,

2395 799 2441 851 οἳ
2484 797 2614 857 ἦσαν
2662 798 3050 872 Τανυοξάρκεω,
3101 798 3577 872 προσκαλεσάμενος
3622 801 3645 852 ὁ
3694 801 3943 874 Καμϐύσης

2393 891 2625 949 καὶτοὺς
2654 887 2860 951 ἄλλους,
2893 883 3168 950 ὑποδείξας
3198 888 3246 923 ⁴²
3286 891 3370 939 τόν
3417 891 3579 960 μάγον
3625 891 3686 950 ὡς
3729 890 3941 963 ἐσχημά-

2392 996 2541 1028 τιστο
2619 978 2979 1047 καθεζόμενον,
3058 983 3251 1029 Τοῦτον
3320 980 3409 1048 ἔφη
3490 982 3713 1050 νομίζετε
3778 987 3942 1033 Τανυοο

2394 1066 2585 1141 ξάρκην
2634 1083 2646 1131 ;
2684 1065 2742 1117 Ὀ
2792 1062 2851 1117 δὲ
2895 1066 3136 1128 Δάϐυξος
3185 1068 3461 1138 θαυμάσας
3506 1072 3602 1120 Καὶ
3650 1072 3757 1121 τίνα
3793 1069 3941 1135 ἄλλον,

2391 1157 2505 1226 ἔφη,
2591 1162 2863 1226 νομιοῦμεν
2916 1171 2929 1221 ;
2984 1153 3113 1227 [113
3180 1155 3268 1226 B.]
3315 1163 3557 1209 τοσοῦτον
3607 1156 3825 1211 ἄλάνθανε
3888 1168 3939 1231 τῇ

2390 1245 2661 1315 ὁμοιότητι
2709 1248 2733 1295 ό
2786 1246 2968 1316 μάγος.
3023 1244 3369 1316 Ἐκπέμπεται
3423 1241 3510 1297 οὖν
3562 1245 3630 1306 εἰς
3672 1252 3941 1321 Βακτρίους,

2389 1338 2478 1385 καὶ
2503 1335 2721 1407 πράττει
2748 1335 2919 1386 πάντα
2942 1336 3011 1394 ὡς
3052 1332 3389 1408 Τανυοξάρκη
3401 1354 3439 1395 ς.
3482 1339 3631 1387 Πέντε
3656 1332 3689 1387 δ
3692 1340 3711 1388 ε
3734 1338 3942 1388 ενιαντῶν

2391 1418 2715 1487 διελθόντων,
2748 1425 3000 1494 μηνύεται
3030 1424 3060 1481 ἠ
3085 1422 3304 1495 Ἀμύτις
3335 1428 3394 1476 τό
3416 1418 3592 1497 δρᾶμα
3615 1420 3704 1476 διὰ
3727 1423 3945 1485 Τιϐίθεως

2392 1518 2482 1563 τοῦ
2512 1511 2764 1583 εὐνούχου
2796 1514 2863 1574 ⁸³,
2911 1511 2965 1563 ὃν
3014 1513 3040 1563 ό
3084 1514 3247 1583 μάγος
3272 1517 3541 1573 τυπτήσας
3569 1511 3805 1584 ἐτύγχανε
3832 1531 3842 1542 ·
3874 1520 3947 1565 καὶ

2392 1600 2524 1652 αἰτεῖ
2567 1603 2653 1652 τὸν
2682 1595 3049 1671 Σφενδαδάτην
3090 1602 3139 1635 ⁴⁸
3192 1604 3337 1673 παρὰ
3392 1599 3671 1673 Καμϐύσου
3703 1602 3768 1653 ·ό
3811 1598 3862 1654 δι
3899 1602 3946 1653 ού

2393 1685 2641 1742 δίδωσιν.
2671 1688 2729 1742 Ἠ
2776 1685 2835 1742 δι
2881 1689 3158 1763 ἐπαρᾶται,
3206 1694 3293 1743 καὶ
3351 1698 3548 1743 πιοῦσα
3595 1692 3843 1765 φάρμακον
3888 1711 3947 1743 τε-

2390 1778 2562 1849 λευτᾷ.
2606 1782 2732 1831 Θύει
2770 1780 2795 1829 ὁ
2843 1777 3149 1850 Καμϐύσης,
3200 1784 3290 1831 καὶ
3340 1787 3441 1832 τῶν
3487 1781 3672 1853 ἱερείων
3719 1780 3945 1851 σφαζομέ-

2390 1890 2485 1920 νων
2543 1870 2673 1939 αἶμα
2732 1868 2824 1920 ούκ
2880 1867 3113 1942 ἀπορρεῖ,
3173 1866 3267 1939 [56
3316 1868 3421 1941 [1.]
3482 1874 3569 1921 καὶ
3617 1866 3807 1940 ἀθυμεῖ.
3865 1874 3947 1922 Καὶ

2388 1962 2551 2009 τίκτει
2598 1958 2737 2027 αύτῷ
2780 1959 2810 2015 ἠ
2855 1956 3079 2019 Ῥωξάνη
3124 1953 3341 2010 παιδίον
3387 1956 3650 2029 ἀκέφαλον,
3702 1962 3784 2010 καὶ
3820 1957 3946 2010 πλέον

2391 2044 2577 2117 ἀθυμεῖ
2609 2068 2622 2079 -
2655 2051 2743 2098 καὶ
2788 2048 2835 2098 oi
2881 2048 3043 2117 μάγοι
3083 2045 3320 2117 λέγουσιν
3376 2046 3516 2117 αύτῷ
3555 2050 3645 2105 τὴν
3689 2054 3781 2099 τῶν
3822 2048 3947 2120 τερά-

2389 2154 2487 2185 των
2520 2132 2771 2201 δήλωσιν,
2805 2138 2883 2187 ὅτι
2915 2136 2974 2186 ού
3004 2133 3306 2205 καταλείψει
3354 2137 3400 2171 ⁸⁸
3448 2143 3539 2195 τῆς
3576 2134 3745 2207 ἀρχῆς
3787 2131 3945 2187 διάδοο

2388 2243 2507 2295 χον.
2568 2229 2669 2277 Καὶ
2712 2223 2986 2296 ὶφίσταται
3039 2224 3178 2294 αύτῷ
3226 2225 3255 2282 ἠ
3313 2229 3492 2299 μήτηρ
3546 2223 3593 2276 ἕν
3646 2229 3783 2276 νυκτὶ
3826 2222 3946 2276 ἀπει-

2387 2312 2553 2365 λοῦσα
2602 2321 2697 2373 τῆς
2745 2318 3063 2385 μιαιφονίας,
3104 2319 3193 2365 καὶ
3241 2312 3393 2364 πλέον
3424 2311 3628 2383 ἀθυμεῖ.
3657 2315 3949 2385 Ἀφικόμενος

2389 2398 2447 2455 δί
2476 2402 2547 2464 εἰς
2572 2401 2870 2465 Βαϐυλῶνα,
2919 2407 3009 2454 καὶ
3045 2402 3166 2465 ξέων
3210 2402 3452 2475 ξυλάριον
3494 2407 3733 2476 μαχαίρᾳ
3779 2398 3949 2475 διατρι-

2388 2490 2483 2552 ϐῆς
2529 2493 2712 2565 χάριν,
2769 2496 2912 2544 παίει
2970 2494 3056 2543 τὸν
3122 2494 3289 2563 μηρόν
3348 2490 3422 2553 εἰς
3476 2494 3562 2544 τόν
3612 2500 3728 2563 μῦν,
3777 2495 3855 2543 καὶ
3899 2490 3956 2542 ἐν·

2388 2577 2662 2641 δεκαταῖος
2728 2580 2954 2651 τελευτᾷ,
3034 2578 3355 2653 βασιλεύσας
3444 2579 3591 2634 δυοῖν
3664 2577 3834 2633 δέοντα
3904 2581 3958 2630 εἶ-

2386 2689 2525 2722 κοσι.

624 2759 801 2830 longe
832 2760 1088 2815 maxime
1125 2772 1322 2829 regem
1366 2757 1635 2830 perculit.
1664 2760 1810 2814 Cum
1840 2758 2040 2831 itaque
2084 2758 2451 2830 Babylonem
2486 2759 2764 2823 venisset,
2799 2762 2975 2831 atque
3010 2758 3089 2815 ibi
3123 2773 3380 2831 parvum
3410 2758 3639 2830 lignum
3671 2758 3956 2827 cultropo-

622 2849 790 2913 liens,
824 2865 946 2921 quo
979 2854 1210 2921 tempus
1256 2847 1501 2913 falleret,
1544 2846 1784 2903 femoris
1827 2847 2168 2903 musculum
2224 2848 2629 2919 percussisset,
2671 2848 2993 2904 undecimo
3038 2852 3172 2920 post
3210 2848 3306 2903 die
3340 2854 3598 2906 mortem
3644 2846 3797 2913 obiit,
3839 2861 3953 2902 cum

620 2954 812 2995 annos
841 2943 1158 3007 regnasset
1191 2936 1638 3005 duodeviginti.

691 3030 1021 3099 Bagapates
1062 3031 1259 3081 autem
1288 3031 1343 3081 et
1369 3030 1683 3095 Artasyras
1716 3024 2052 3088 consilium,
2106 3030 2275 3081 ante-
2306 3027 2346 3079 C

617 3132 804 3189 quam
836 3116 1159 3186 Cambyses
1189 3118 1538 3178 moreretur,
1568 3114 1845 3179 inierunt,
1879 3114 1952 3169 de
1984 3128 2170 3183 regno
2196 3114 2273 3170 ad

620 3219 866 3273 magum
916 3202 1241 3258 deferendo
1269 3220 1285 3273 ;
1318 3207 1378 3257 et
1398 3217 1538 3256 vero
1562 3206 1702 3272 post
1722 3200 1875 3257 illius
1897 3208 2149 3258 mortem
2176 3202 2273 3258 de-

620 3292 821 3347 tulere.
840 3295 1068 3363 Corpus
1094 3291 1405 3363 Cambysae
1434 3289 1696 3346 Izabates
1722 3296 2029 3363 sumptum
2057 3292 2115 3347 in
2141 3292 2274 3347 Per-

618 3380 807 3436 sidem
842 3381 1053 3436 avexit.
1072 3379 1236 3435 Unde
1259 3379 1586 3452 aliquando
1609 3395 1897 3442 reversus,
1915 3385 2269 3450 regnantem

612 3470 741 3540 jam
755 3469 866 3525 sub
880 3471 1281 3540 Tanyoxarcas
1295 3468 1538 3523 nomine
1561 3482 1807 3537 magum
1832 3469 2085 3540 prodere
2106 3470 2270 3542 apud

616 3556 965 3613 universum
998 3558 1341 3622 exercitum,
1380 3562 1560 3627 atque
1612 3557 1904 3613 infamare
1930 3573 2266 3630 aggressus,

614 3646 668 3701 in
696 3646 986 3718 templum
1014 3645 1299 3714 confugit,
1328 3660 1537 3700 verum
1563 3645 1702 3700 inde
1732 3648 2050 3711 extractus,
2079 3648 2269 3718 capite

614 3750 824 3807 pmnas
856 3734 981 3790 luit.
1013 3734 1154 3790 Hinc
1187 3741 1413 3806 septem
1445 3733 1598 3789 inter
1636 3735 1841 3790 Persas
1877 3735 2129 3793 illustres
2164 3738 2270 3794 viri

614 3838 736 3880 una
754 3824 1043 3880 adversus
1069 3838 1312 3895 magum
1340 3823 1776 3894 conspiravere,
1797 3825 2099 3896 Onophas,
2114 3826 2269 3883 lder-

612 3927 738 3980 nes,
758 3913 1191 3978 Norodabares,
1221 3912 1585 3977 Mardonius,
1610 3912 1854 3984 Barises,
1876 3914 2263 3986 Ataphernes,

610 4010 667 4060 et
682 4005 887 4061 Darius
906 4006 1197 4077 Hystaspe
1213 4003 1389 4059 ﬁlius.
1406 4002 1471 4058 Hi
1484 4019 1620 4059 cum
1644 4003 1818 4075 primi
1842 4004 1992 4060 inter
2013 4020 2074 4061 se
2096 4004 2265 4062 ﬁdem

608 4094 929 4160 dedissent,
964 4099 1099 4165 post
1134 4094 1310 4150 etiam
1364 4096 1676 4165 Artasyras
1706 4093 2054 4160 assumitur,
2085 4099 2141 4150 et
2164 4096 2261 4151 Ba.

609 4189 856 4257 gapates
870 4183 1281 4254 praeterea,qui
1296 4182 1492 4237 claves
1506 4198 1716 4238 omnes
1728 4184 2026 4252 regiarum
2040 4183 2263 4239 adium

609 4272 669 4326 in
701 4276 990 4341 potestate
1022 4270 1303 4325 habebat.
1356 4272 1593 4341 Septem
1622 4287 1763 4342 ergo
1811 4271 1913 4337 illi,
1950 4274 2263 4344 Bagapataa

2461 3029 2772 3097 Βαγσπάτής
2818 3022 2877 3079 δὲ
2919 3031 3008 3078 καὶ
3048 3027 3405 3101 Ἀρτασύρας,
3447 3031 3568 3100 πρὶν
3618 3027 3645 3086 ἡ
3699 3023 3951 3097 Καμϐύσης

2384 3115 2697 3182 τελευτήσει,
2746 3114 3111 3168 ἑϐουλεύσαντο
3162 3114 3488 3188 βασιλεῦσαι
3525 3120 3609 3168 τὸν
3651 3118 3805 3188 μάγον
3833 3134 3843 3146 ι
3876 3117 3950 3164 καὶ

2385 3202 2711 3258 ἐϐασίλευσεν
2762 3206 2809 3240 ⁸⁸
2847 3204 3039 3257 ἐκείνου
3094 3204 3518 3265 τελευτήσαντος.
3569 3203 3746 3258 Λαϐὼν
3796 3199 3847 3255 δι
3903 3203 3950 3253 τὸ

2387 3292 2671 3364 Καμϐύσου
2723 3303 2875 3366 σῶμα
2923 3293 3201 3355 Ἰςαϐάτης
3232 3295 3277 3328 ⁸⁷
3322 3291 3448 3367 ἦγεν
3500 3294 3571 3355 εἰς
3616 3298 3819 3367 Πέρσας.
3868 3293 3949 3345 Τοῦ

2381 3385 2553 3453 μάγου
2610 3381 2668 3437 δι
2707 3382 3120 3456 βασιλεύσαντος
3167 3382 3243 3435 ἐπ’
3294 3382 3515 3456 ὀνόματι
3557 3390 3647 3436 τοῦ
3695 3380 3949 3452 Τανυοξάρ-

2381 3492 2473 3524 κου
2523 3474 2641 3529 ἧκεν
2695 3472 2973 3534 Ἰζαϐάτης
3025 3472 3080 3525 ix
3130 3470 3412 3547 Περσίδος,
3470 3478 3562 3526 καὶ
3614 3475 3851 3525 κατειπὼν
3894 3476 3946 3539 τῇ

2384 3568 2607 3635 στρατιᾲ
2649 3564 2817 3614 πάντα
2866 3564 2914 3597 ⁸³
2966 3568 3056 3614 καὶ
3098 3560 3453 3634 θριαμϐεύσας
3506 3566 3593 3614 τὸν
3644 3562 3797 3634 μάγον
3842 3574 3949 3609 κατ-

2381 3653 2557 3721 έφυγεν
2589 3650 2657 3712 εἰς
2701 3654 2758 3702 τό
2806 3653 2955 3725 ἱερὸν,
2995 3650 3181 3704 ἐκεῖθέν
3224 3670 3276 3703 τε
3324 3650 3637 3724 συλληφθεὶς
3683 3648 3946 3719 ἀπετμήθη.

2382 3738 2637 3792 Ἐντεῦθεν
2689 3741 2817 3792 ἑπτὰ
2868 3749 2967 3792 τῶν
3013 3747 3223 3813 Περσῶν
3273 3740 3532 3813 ἐπίσημοι
3585 3742 3830 3793 συνέθεντο
3879 3734 3947 3785 ἀλ-

2378 3828 2549 3889 λήλοις
2594 3832 2729 3881 κατὰ
2774 3836 2864 3881 τοῦ
2915 3832 3108 3901 μάγου,
3160 3829 3395 3901 Ὀνόφας,
3432 3826 3687 3900 Ἰδέρνής,
3715 3820 3949 3900 Νορονδαο

2379 3916 2538 3977 ϐάτής
2587 3920 2654 3982 ⁴⁹,
2710 3915 3025 3989 Μαρδόνιος,
3079 3923 3350 3993 Βαρίσσης
3396 3921 3467 3985 ⁸ο,
3519 3919 3827 3992 Ἀταφέρνης
3875 3917 3948 3963 καί

2378 4014 2583 4079 Δαρεῖος
2634 4006 2960 4065 Ὑστάσπεω,
2999 4011 3202 4060 Τούτων
3251 4006 3493 4070 ἀλλήλοις
3538 4014 3739 4067 πίστεις
3783 4001 3948 4059 δόντων

2376 4094 2829 4169 προσλαμϐάνεται
2858 4102 2947 4149 καὶ
2995 4098 3019 4147 ὁ
3063 4098 3414 4169 Ἀρτασύρας,
3461 4094 3577 4149 εἶτα
3617 4102 3705 4149 καὶ
3744 4096 3768 4146 ό
3807 4100 3948 4161 Βαγα-

2374 4188 2563 4250 πάτης,
2597 4184 2650 4246 ὃς
2681 4188 2773 4247 τὰς
2811 4185 2941 4246 κλεῖς
2982 4188 3156 4246 πάσας
3203 4194 3301 4238 τῶν
3360 4184 3650 4258 βασιλείων
3696 4183 3819 4256 εἶχε.
3866 4183 3948 4234 Καὶ

2375 4273 2684 4336 εἰσελθόντες
2733 4272 2826 4327 διὰ
2872 4282 2962 4328 τοῦ
3012 4278 3318 4346 Βαγαπάτου
3366 4278 3415 4327 οἱ
3462 4276 3595 4328 ἑπτὰ
3639 4275 3703 4335 εἰς
3732 4277 3794 4325 τὰ
3817 4270 3950 4344 βασίο

610 4373 809 4429 opera.
870 4358 927 4411 in
956 4358 1149 4426 regias
1174 4357 1336 4412 aedes
1377 4358 1648 4427 ingressi,
1676 4359 2069 4416 dormientem
2125 4377 2263 4417 cum

2385 4368 2483 4414 tua:
2529 4365 2835 4437 εὑρίσκουσι
2880 4367 2965 4416 τόν
3008 4368 3170 4436 μάγον
3214 4363 3449 4436 παλλακῇ
3500 4363 3796 4433 Βαϐυλωνίᾳ
3844 4377 3951 4425 W7-

610 4446 938 4518 Babylonia
978 4446 1181 4517 pellice
1224 4462 1471 4515 magum
1502 4445 1833 4503 offendunt.
1868 4450 2025 4512 Quos
2056 4449 2169 4516 ille,
2199 4456 2264 4507 ut

610 4534 777 4599 vidit,
824 4533 1019 4590 subito
1051 4533 1319 4605 prosiliit,
1350 4539 1404 4589 et
1448 4550 1583 4589 cum
1615 4534 1847 4589 nullum
1901 4551 2027 4591 sese
2080 4538 2263 4594 telum

607 4623 885 4680 bellicum
908 4622 1145 4679 offerret
1166 4622 1342 4693 (clam
1369 4622 1528 4678 enim
1551 4624 1755 4679 omnia
1777 4626 2100 4696 Bagapates
2125 4627 2264 4681 sub-

608 4714 905 4785 traxerat),
958 4713 1141 4769 sedile
1169 4712 1315 4768 forte
1346 4728 1597 4769 aureum
1646 4712 1955 4781 confregit,
2015 4715 2262 4787 ejusque

609 4806 843 4874 arrepto
870 4804 1022 4875 pede
1075 4817 1345 4876 pugnare
1386 4803 1582 4875 ccepit,
1639 4802 1787 4859 dum
1821 4802 2058 4859 tandem
2106 4820 2140 4860 a
2174 4821 2262 4861 se-

2374 4450 2712 4506 καθεύδοντα.
2787 4452 2874 4515 Ὠς
2953 4450 3011 4506 δε
3084 4449 3237 4517 εἶδεν,
3295 4449 3621 4517 ἀνεπήδησε,
3676 4456 3762 4503 καὶ
3809 4443 3952 4519 μηδὲν

2374 4542 2532 4613 εύρὼν
2578 4561 2677 4593 των
2726 4540 3012 4612 πολεμικῶν
3061 4541 3290 4613 ὀργάνων
3340 4544 3533 4609 (πάντα
3570 4544 3671 4614 γὰρ
3723 4541 3747 4591 ὀ
3802 4543 3952 4605 Βαγα-

2373 4631 2540 4691 πάτής
2594 4629 2761 4701 λάθρα
2817 4630 3130 4701 ύπεξήγαγε)
3181 4627 3364 4703 δίφρον
3408 4632 3644 4702 χρύσεον
3696 4624 3955 4699 συντρίψας

2372 4723 2459 4771 καὶ
2512 4716 2679 4770 λαϐὼν
2726 4723 2811 4770 τόν
2860 4715 3002 4771 πόδα
3049 4718 3297 4791 ἐμάχετο,
3348 4723 3438 4772 καὶ
3475 4718 3619 4778 τελος
3666 4732 3954 4769 κατακεντο-

2375 4809 2477 4869 θεὶς
2508 4809 2605 4860 ὑπὸ
2653 4816 2751 4859 τῶν
2786 4807 2915 4860 ἑπτα
2963 4806 3205 4874 ἀπέθανε,
3253 4805 3578 4880 βασιλεύσας
3614 4814 3781 4879 μῆνας
3809 4803 3946 4857 ἑπτά.

1962 4980 2187 5038 νΑΒΙᾸΞ
2226 4981 2511 5039 LECTION
2521 4984 2621 5040 ES.

680 5162 725 5197 ³⁸
760 5167 831 5212 Βα
868 5161 1072 5212 απάθου
1100 5181 1160 5224 ς’.
1280 5160 1327 5195 ⁴⁰
1358 5159 1918 5225 Λάϐυζον-Λάϐυζος
1950 5182 2005 5227 ς’.

609 5234 655 5268 ⁴⁴
687 5179 1063 5285 Σφανδαδάτης
1091 5253 1145 5285 ς.
1224 5232 1270 5267 ⁴⁵
1302 5231 1392 5283 ούκ
1422 5230 1777 5285 ἐγκαταλείψει
1810 5256 1865 5285 ε’.
1932 5236 1977 5268 ⁸⁸

725 5252 819 5304 φῖκν

606 5300 903 5379 ροδαϐάτης
934 5326 991 5369 ς’.
1068 5304 1115 5339 ⁸ο
1144 5308 1369 5380 Βαρίσής
1404 5300 1458 5367 gi

2115 5162 2158 5237 ξί
2180 5160 2509 5237 ’ἡμιαρρένων
2542 5185 2596 5229 ς.

865 5228 1063 5291 αδάτης
1091 5253 1145 5295 ς.
1224 5232 1270 5267 ⁴⁵
1302 5231 1392 5283 ούκ
1422 5230 1777 5304 ἐγκαταλείψει
1810 5256 1865 5298 ς’.
1932 5236 1977 5268 ⁸⁸
2011 5232 2138 5289 libri
2173 5228 2530 5287 ἐϐασίλευσαν.
2596 5236 2642 5271 ⁴⁷
2668 5235 2937 5299 Ίξαϐάνης
2960 5228 3023 5299 ξ’.

2712 5165 2757 5237 ξ’
2790 5160 2981 5237 ύποδ.]
3011 5168 3099 5217 καὶ
3138 5158 3296 5217 ύποδ.
3334 5185 3388 5228 ς.
3489 5164 3537 5198 ⁴³
3572 5161 3956 5237 ἠμεάῤῥενρςγς-

3104 5236 3147 5270 ⁸⁸
3173 5238 3341 5287 πάντα
3373 5242 3410 5289 Δ
3437 5251 3449 5264 ⁸
3480 5237 3631 5309 πάσῃ
3669 5234 3752 5299 ς’ζ’
3804 5234 3847 5267 ⁵⁸
3874 5236 3960 5281 Νο-

2169 5464 2393 5523 ΝΟΤᾸΕ.

682 5637 787 5703 (86)
815 5633 1197 5689 Venenosum
1241 5650 1378 5690 eum
1409 5650 1537 5690 esse
1585 5634 1802 5692 docent
1834 5635 2072 5703 medici,
2117 5640 2171 5694 et
2208 5643 2333 5694 non
2376 5636 2491 5694 alio
2541 5651 2771 5693 veneno
2808 5636 3076 5694 exstincti
3117 5634 3324 5701 Midas,
3356 5632 3803 5699 Themistocles,
3849 5626 3960 5685 alii.

608 5706 750 5763 Vide
778 5705 914 5765 infr.
941 5707 1071 5762 cod.
1105 5706 1228 5775 190,
1260 5706 1359 5763 lib.
1391 5707 1727 5771 m,Ptolem.
1759 5708 2045 5781 Hepliaest.
