4036 6214
518 277 618 332 183

1741 257 1978 316 PHOTII
2021 254 2499 314 PATRIARCHE
2538 257 2645 314 ΟΡ.

3765 267 3870 322 184

516 415 724 457 unum.
757 396 912 454 Obiit
941 394 1080 452 item
1099 401 1431 450 extremum
1456 391 1588 446 vita
1616 389 1773 444 diem
1808 388 2124 456 Artasyras
2159 397 2173 447 ;
2217 381 2468 453 Bagates
2493 384 2670 440 etiam
2699 399 2837 441 cum
2869 391 3096 459 septem
3121 389 3200 446 ad
3233 390 3389 447 Darii
3421 390 3758 464 sepulcrum
3787 406 3878 448 re-

515 490 764 544 sedisset
790 502 1003 543 annos.

589 580 856 646 Regnum
871 574 1083 645 excipit
1097 574 1309 628 Xerxes
1326 567 1666 640 ﬁlius,apud
1682 581 1861 639 quem
1879 577 2166 633 magnam
2199 562 2244 614 A

518 668 744 723 obtinet
772 663 1185 720 auctoritatem
1231 667 1586 731 Artapanus,
1642 660 1939 726 Artasyraa
1987 652 2167 714 filius,

520 772 689 828 aeque
721 761 781 809 ut
814 753 994 823 hujus
1025 757 1193 823 pater
1217 749 1378 822 apud
1406 748 1560 818 regis
1592 751 1818 818 patrem
1852 743 1992 798 olim
2023 740 2168 796 obti-

521 850 733 900 nuerat
763 858 776 898 :
811 844 1067 913 itemque
1098 839 1433 896 Mardonius
1459 837 1552 892 ille
1587 836 1837 906 priscus.
1869 833 1947 886 De
1989 845 2174 884 eunu-

521 934 647 989 chis
686 938 886 988 autem
929 928 1192 1001 potentia
1231 927 1553 1000 praestabat
1607 927 1878 980 Natacas.
1921 923 2173 975 Uxorem

521 1022 737 1077 deinde
766 1019 931 1076 ducit
962 1019 1303 1089 (93)Xerxes
1322 1015 1622 1082 Amistrin,
1651 1011 1918 1082 Onophaa
1952 1008 2135 1063 tiliam
2160 1022 2170 1059 :

523 1127 594 1167 ex
623 1127 745 1182 qua
775 1109 853 1164 illi
908 1107 1067 1163 ﬁlius
1103 1107 1367 1162 nascitur
1419 1103 1704 1168 Dariaeus,
1755 1107 1809 1155 et
1853 1103 1990 1170 post
2019 1096 2175 1151 duos

523 1215 715 1256 annos
746 1198 911 1262 alter,
940 1197 1260 1268 Hystaspes
1305 1194 1547 1248 nomine
1581 1211 1593 1259 ;
1646 1191 1905 1259 itemque
1954 1186 2177 1248 tertius,

527 1294 876 1344 Artaxerxes
929 1303 942 1340 :
993 1287 1124 1340 duae
1168 1297 1411 1356 quoque
1464 1280 1618 1350 ﬁliae,
1683 1293 1944 1352 quarum
1996 1275 2181 1330 altera

525 1379 600 1433 de
652 1375 803 1432 aviae
849 1373 1094 1431 nomine
1145 1370 1374 1443 Amytis
1426 1368 1631 1439 dicta;
1692 1369 1878 1423 altera
1937 1363 2177 1420 Rhodo-

527 1482 686 1539 gune
727 1464 865 1534 (94).

603 1558 812 1610 Xerxes
841 1552 1131 1608 adversus
1165 1551 1400 1606 Graecos
1425 1545 1867 1618 expeditionem
1900 1541 2180 1612 suscepit,

529 1651 655 1700 tum
675 1645 838 1715 quod
864 1642 1020 1713 39a
1034 1639 1544 1695 Chalcedonenses
1564 1635 1888 1690 dissolvere
1915 1641 2180 1702 pontem,

532 1741 593 1790 ut
621 1732 803 1788 modo
827 1731 1053 1785 dictum
1077 1735 1182 1792 est,
1206 1726 1400 1782 conati
1419 1729 1618 1780 essent
1635 1745 1647 1779 :
1664 1731 1788 1778 tum
1805 1721 1969 1794 quod
1993 1734 2181 1782 aram,

531 1839 716 1896 quam
754 1821 960 1876 Darius
985 1818 1285 1882 excitarat,
1315 1814 1747 1870 disturbassent
1780 1829 1792 1877 ;
1828 1817 1952 1866 tum
2006 1808 2184 1864 etiam

2354 562 2616 614 Βασιλεύει
2673 564 2860 635 Ξέρξης
2914 566 2939 616 ὀ
2998 569 3106 627 υἱὸς
3185 571 3254 634 ⁵³,
3309 574 3399 621 xui
3469 570 3789 641 Ἀρτάπανος
3856 572 3881 620 ό

2283 651 2588 725 Ἀρτασύρα
2656 661 2778 714 παῖς
2829 658 3026 724 γίνεται
3101 653 3317 718 δυνατὸς
3366 659 3488 732 παρ’
3534 659 3672 727 αύτῷ
3733 663 3797 718 ὡς
3857 661 3882 710 ὁ

2282 745 2451 814 πατὴρ
2507 746 2648 812 παρά
2705 751 2776 794 τῶ
2831 750 3010 816 πατρὶ,
3065 751 3151 797 xui
3213 744 3509 819 Μαρδόνιος
3562 749 3586 799 ό
3643 746 3881 808 παλαιός·

2285 830 2545 900 εὐνούχων
2572 832 2618 866 ⁶⁴
2652 828 2710 883 δε
2763 837 3010 903 μέγιστον
3069 831 3299 892 ἠδύνατο
3351 837 3594 896 Νατάγας
3622 837 3689 886 ⁸⁵.
3728 839 3891 907 Γαμεῖ

2287 915 2344 970 δε
2399 919 2589 992 Ξέρξης
2640 921 2830 992 Ὀνόφα
2859 923 2906 957 ⁸⁸
2941 924 3201 998 θυγατέρα
3249 923 3624 997 Ἀμῆστριν⁶⁷,
3658 931 3748 977 καὶ
3801 931 3886 996 γί-

2287 1028 2424 1060 νεται
2477 1009 2618 1079 αύτῷ
2678 1019 2798 1070 παῖς
2847 1018 3112 1083 Δαρειαῖος
3154 1015 3220 1076 ³⁸,
3254 1019 3342 1065 καὶ
3394 1015 3562 1088 ἔτερος
3604 1017 3734 1086 μετά
3792 1011 3890 1066 δύο

2288 1099 2371 1154 ἔτη
2421 1097 2734 1164 Ὑστάσπης,
2792 1104 2880 1151 καὶ
2928 1103 3001 1152 ἔτι
3053 1101 3388 1176 Ἀρτοξέρξης
3442 1105 3516 1167 ⁸³,
3549 1109 3639 1155 xui
3672 1105 3892 1174 θυγατέ-

2290 1205 2368 1258 ρες
2405 1183 2522 1250 δύο,
2555 1188 2622 1238 ὧν
2679 1190 2708 1246 ἡ
2766 1193 2857 1260 μὲν
2906 1189 3120 1256 Ἀμύτις
3164 1194 3294 1244 κατὰ
3341 1196 3432 1251 τὴν
3487 1193 3770 1264 ὀνομασίαν
3799 1202 3896 1254 τῆς

2292 1278 2532 1347 μάμμης,
2568 1277 2595 1334 ἡ
2631 1273 2689 1329 δὲ
2718 1274 3053 1348 Ῥοδογούνη.

2363 1546 2420 1596 ’0
2461 1543 2520 1598 δὲ
2591 1543 2660 1604 δὴ
2729 1547 2915 1619 Ξέρξης
2975 1551 3242 1619 στρατεύει
3303 1547 3386 1600 ἐπὶ
3449 1553 3568 1610 τούς
3619 1549 3898 1614 Ἕλληνας,

2295 1638 2371 1687 ὅτι
2415 1655 2464 1687 τε
2525 1633 2884 1706 Καλχηδόνιοι
2934 1637 2980 1672 ⁷ο
3029 1635 3183 1690 λῦσαι
3235 1642 3329 1696 τὴν
3376 1643 3622 1711 γέφυραν,
3661 1642 3731 1700 ὡς
3785 1636 3898 1698 ἤδη

2297 1729 2516 1798 εῖρηται,
2564 1726 2934 1798 ἐπειράθησαν,
2965 1731 3054 1778 καὶ
3097 1728 3176 1778 ὃτι
3227 1729 3314 1778 τὸν
3370 1725 3546 1799 βωμόν
3597 1728 3650 1780 ὃν
3705 1731 3902 1786 ἔστησε

2297 1822 2505 1886 Δαρεῖος
2568 1814 2822 1882 καθεῖλον,
2883 1821 2971 1866 xui
3023 1815 3099 1867 ὁτι
3169 1821 3321 1868 Δᾶτιν
3382 1815 3650 1874 Ἀθηναῖοι
3705 1817 3902 1870 ἀνεῖλον

530 1913 691 1984 quod
737 1910 904 1966 Datin
953 1906 1332 1963 Athenienses
1381 1903 1757 1970 occidissent,
1807 1901 2055 1970 ejusque
2095 1912 2188 1953 ca-

2305 1909 2385 1956 nui
2429 1899 2552 1956 οὐδὲ
2603 1907 2687 1955 τόν
2735 1908 2910 1978 νεκρόν
2954 1901 3164 1956 ἔδοσαν.
3219 1909 3469 1979 Πρότερον
3515 1902 3572 1958 δε
3620 1906 3691 1968 εἰς
3737 1906 3907 1959 Βαϐυ-

531 2001 716 2056 daver
730 1999 960 2053 tradere
981 1997 1381 2051 recusassent.
1406 1994 1615 2046 Verum
1630 1995 1807 2045 antea
1823 1987 2186 2059 Babylonem

530 2087 850 2160 proﬁcisci,
907 2091 962 2139 et
1008 2083 1280 2137 Belitanae
1331 2081 1444 2151 (95)
1501 2079 1841 2149 sepulcrum
1893 2077 2186 2147 inspicere

533 2176 748 2245 voluit;
783 2181 837 2229 et
869 2170 1460 2243 inspexit,Mardonio
1488 2168 1829 2237 adjuvante,
1859 2167 1957 2220 sed
1974 2180 2184 2219 urnam

533 2265 646 2321 olei
687 2279 806 2319 non
845 2263 1038 2334 potuit
1069 2257 1611 2332 (quemadmodum
1645 2257 1930 2327 scriptum
1974 2253 2186 2325 fuerat)

533 2352 799 2425 implere.
845 2350 985 2405 Inde
1031 2348 1334 2404 Ecbatana
1382 2345 1646 2418 profecto
1689 2347 1886 2400 Xerxes
1941 2343 2188 2398 nuntius

535 2443 777 2499 affertur
789 2441 856 2495 de
877 2437 1344 2510 Babyloniorum
1358 2435 1706 2497 defectione,
1723 2433 1916 2506 deque
1935 2435 2187 2504 Zopyro,

535 2532 673 2588 belli
695 2529 858 2602 apud
881 2528 1012 2584 illos
1034 2527 1207 2590 duce,
1227 2525 1303 2580 ab
1317 2524 1541 2580 eisdem
1565 2528 1792 2578 necato.
1818 2525 2004 2595 Atque
2029 2522 2191 2577 hunc

534 2620 780 2693 quidem
813 2618 874 2673 in
909 2616 1157 2672 modum
1207 2615 1280 2669 de
1311 2613 1403 2669 his
1438 2612 1695 2683 loquitur
1726 2612 1973 2676 Ctesias,
2021 2611 2192 2666 aliter

537 2716 716 2781 atque
748 2706 1094 2763 Herodotus.
1129 2707 1271 2769 Quae
1311 2717 1452 2758 vero
1487 2701 1561 2757 de
1605 2703 1836 2772 Zopyro
1885 2699 1979 2755 ille
2018 2700 2194 2756 refert

538 2800 676 2872 (hoc
729 2813 848 2852 uno
905 2798 1144 2865 excepto
1197 2792 1364 2864 quod
1422 2790 1587 2846 mula
1624 2791 1815 2861 ipsius
1855 2789 2190 2862 pepererit),

539 2893 754 2945 caetera
813 2885 1020 2941 saltem
1075 2887 1274 2938 noster
1304 2881 1398 2937 hic
1437 2884 1643 2936 auctor
1685 2879 1952 2935 coniecta
1995 2882 2195 2934 narrat

539 2993 648 3050 per
706 2975 1093 3045 Megabyzum
1139 2972 1242 3042 qui
1292 2973 1490 3025 Xerxaa
1557 2984 1756 3039 gener,
1821 2968 2002 3023 ducta
2067 2968 2194 3038 ejus

541 3066 664 3122 ﬁlia
726 3064 949 3134 Amyti,
1002 3062 1128 3130 jam
1188 3060 1377 3114 factus
1444 3063 1584 3113 erat.
1656 3059 1740 3112 Ita
1771 3055 2039 3127 Babylon
2092 3069 2196 3126 per

543 3153 928 3223 Megabyzum
960 3154 1158 3220 capta,
1193 3149 1286 3202 cui
1333 3150 1566 3212 Xerxes,
1597 3151 1804 3217 praeter
1837 3145 1952 3200 alia
1985 3146 2192 3214 multa,

2296 1993 2431 2044 λῶνα
2483 1991 2714 2063 ἀφίκετο,
2748 1998 2836 2044 καὶ
2883 1988 3012 2045 ἰδεῖν
3070 1992 3360 2064 ἐπεθύμησε
3404 1998 3490 2045 τόν
3525 1995 3763 2047 Βελιτανᾱ
3812 1999 3905 2047 τά-

2299 2101 2406 2152 pos,
2441 2086 2529 2132 xui
2557 2079 2662 2134 εἶδε
2694 2078 2785 2134 διὰ
2833 2079 3154 2155 Μαρδονίου,
3187 2090 3275 2136 xui
3315 2088 3408 2140 την
3439 2084 3619 2136 πύελον
3651 2083 3830 2137 ἐλαίου
3859 2088 3902 2121 7‘

2298 2170 2390 2222 ούκ
2449 2173 2694 2242 ἰσχυσεν,
2727 2174 2898 2244 ὥσπερ
2949 2177 3038 2223 καὶ
3090 2171 3396 2246 ἐγέγραπτο,
3443 2173 3735 2245 πληρῶσαι.
3797 2176 3909 2238 Ἐξ-

2300 2259 2491 2311 ελαύνει
2538 2259 2726 2331 Ξέρξης
2787 2260 2852 2320 εἰς
2909 2259 3216 2326 Ἐκϐάτανα,
3279 2267 3368 2313 καὶ
3419 2261 3714 2333 ἀγγέλλεται
3761 2264 3910 2334 αύτῷ

2301 2347 2598 2410 ἀπόστασις
2643 2347 2974 2401 Βαϐυλωνίων
3030 2355 3119 2402 καὶ
3179 2353 3430 2424 Ζωπύρου
3461 2359 3550 2403 τοῦ
3607 2361 3911 2426 στρατηγοῦ

2301 2437 2468 2488 αὐτῶν
2523 2439 2621 2488 ύπό
2684 2445 2822 2509 σφῶν
2884 2437 3163 2512 ἀναίρεσις.
3199 2439 3350 2491 Οὕτω
3405 2445 3493 2491 καὶ
3541 2445 3657 2514 περὶ
3706 2445 3910 2494 τούτων

2302 2531 2432 2591 φησι
2484 2531 2734 2588 Κτησίας,
2815 2531 2904 2578 καὶ
2969 2528 3073 2598 οὐχ
3127 2530 3196 2589 ὡς
3241 2525 3538 2599 Ἡρόδοτος·
3585 2529 3619 2580 οἱ
3684 2526 3744 2582 δε
3792 2535 3913 2604 περὶ

2301 2620 2550 2688 Ζωπύρου
2603 2613 2785 2676 ἐκεῖνος
2831 2616 2985 2686 λέγει,
3032 2616 3164 2674 πλὴν
3221 2619 3298 2669 ὅτι
3363 2620 3572 2689 ἡμίονος
3621 2618 3761 2688 αύτῷ
3812 2623 3914 2671 ἔτι-

2301 2724 2403 2770 κεν,
2447 2704 2556 2756 επεὶ
2583 2706 2647 2755 τά
2670 2724 2728 2775 γε
2766 2704 2896 2757 ἄλλα
2944 2705 3249 2776 Μεγάϐυζον
3290 2706 3440 2768 οὗτος
3486 2706 3619 2778 λέγει
3672 2703 3916 2781 διαπρά-

2303 2795 2510 2857 ξασθαι,
2542 2795 2594 2855 ὃς
2653 2791 2712 2852 ἦν
2764 2795 3000 2867 γαμϐρός
3055 2795 3138 2847 ἐπὶ
3191 2804 3251 2869 τῇ
3313 2799 3530 2870 θυγατρὶ
3567 2798 3758 2868 Ἀμύτι
3826 2808 3916 2850 τού

2302 2883 2510 2957 Ξέρξου.
2546 2885 2696 2935 Οὕτω
2739 2887 2828 2955 μὲν
2871 2884 2974 2942 ἡλω
3025 2881 3118 2936 διὰ
3161 2893 3252 2938 τοῦ
3297 2885 3611 2957 Μεγαϐύζου
3644 2886 3912 2939 Βαϐυλών.

2305 2967 2503 3024 Δίδωσι
2535 2968 2592 3023 δὲ
2621 2973 2670 3006 ⁷³
2707 2971 2846 3040 αύτῷ
2895 2971 3080 3044 Ξέρξης
3129 2973 3260 3024 ἄλλα
3306 2992 3358 3025 τε
3401 2973 3564 3025 πολλά
3613 2981 3701 3026 καὶ
3741 2975 3915 3045 μύλην

2303 3068 2516 3133 χρυσῆν
2569 3060 2620 3122 ἐξ
2669 3060 2916 3112 ἕλκουσαν
2965 3061 3209 3114 τάλαντα·
3245 3062 3269 3113 ὃ
3309 3069 3621 3134 τιμιώτατον
3669 3072 3768 3115 τῶν
3818 3063 3917 3134 βα-

2307 3149 2517 3201 σιλικῶν
2577 3145 2755 3218 δώρων
2805 3153 2946 3222 παρά
3000 3155 3229 3222 Πέρσαις
3271 3150 3401 3204 ἔστί.
3431 3153 3622 3225 Ξέρξης
3674 3149 3732 3204 δι
3795 3172 3919 3204 συν-

543 3242 766 3297 molam
835 3239 1078 3293 donavit
1143 3251 1389 3292 auream
1465 3249 1567 3289 sex
1633 3233 1989 3290 talentorum
2047 3249 2191 3305 pon-

2307 3244 2517 3308 ἀγείρας
2572 3241 2821 3312 στρατιὰν
2879 3240 2926 3272 ⁷⁸
2980 3244 3265 3312 Περσικὴν,
3325 3241 3442 3292 ἄνευ
3501 3250 3598 3292 τῶν
3660 3241 3914 3314 ἁρμάτων

545 3331 625 3385 do
661 3348 672 3388 :
703 3327 870 3401 quod
895 3341 1113 3381 munus
1132 3324 1296 3395 apud
1319 3325 1521 3378 Persas
1543 3324 1813 3378 omnium
1836 3322 2086 3378 habetur
2109 3337 2198 3377 re-

547 3420 783 3490 giorum
810 3430 1128 3472 munerum
1152 3411 1726 3484 praestantissimum.
1762 3414 1970 3467 Xerxes
1996 3411 2196 3482 itaque

546 3508 776 3564 Persico
851 3503 1107 3560 exercitu
1173 3507 1378 3557 coacto
1443 3501 1786 3570 (constabat
1848 3501 1917 3564 is,
1990 3505 2200 3572 praeter

545 3611 778 3659 currus,
823 3591 1080 3649 millibus
1140 3589 1455 3646 hominum
1510 3590 1883 3658 octingentis,
1934 3593 1991 3643 et
2033 3587 2199 3642 trire-

546 3685 746 3742 mibus
767 3681 973 3750 mille),
995 3696 1133 3736 cum
1149 3678 1426 3750 Abydum
1448 3677 1948 3750 pontejunxisset,
1973 3677 2030 3731 in
2051 3679 2200 3733 Grae-

546 3776 701 3832 ciam
723 3772 925 3845 copias
941 3771 1132 3826 duxit.
1164 3769 1241 3824 lbi
1270 3768 1531 3839 primum
1563 3769 1910 3823 Demaratus
1931 3766 2202 3822 Lacedae-

545 3865 784 3921 monius
815 3861 890 3917 ad
919 3876 1058 3915 eum
1090 3857 1354 3923 accessit,
1393 3863 1568 3929 atque
1608 3872 1728 3911 una
1776 3856 2014 3928 trajecit,
2044 3861 2099 3912 et
2128 3873 2200 3912 ne

548 3952 980 4010 Lacedaemona
1023 3964 1124 4004 rex
1176 3946 1500 4015 invaderet,
1550 3945 1880 4017 impedivit.
1918 3946 2060 4001 Inde
2099 3962 2202 4018 per

547 4047 937 4115 Artapanum,
953 4039 1159 4094 decem
1175 4035 1490 4094 hominum
1507 4035 1690 4090 millia
1704 4035 2041 4103 ducentem,
2066 4050 2202 4091 con-

547 4133 693 4189 ﬂixit
725 4133 935 4186 Xerxes
973 4127 1051 4183 ad
1099 4124 1528 4196 Thermopylas
1558 4140 1695 4180 cum
1731 4124 1988 4181 Leonida
2035 4127 2204 4180 Lace-

546 4220 984 4277 daemoniorum
1007 4217 1155 4271 duce
1177 4235 1190 4281 ;
1212 4231 1328 4286 quo
1345 4214 1402 4268 in
1424 4213 1626 4285 praelio
1642 4229 1812 4270 caesae
1834 4213 2044 4270 misere
2067 4220 2204 4270 sunt

547 4315 857 4366 Persarum
889 4306 1096 4376 copiae,
1128 4321 1158 4360 e
1199 4304 1656 4359 Lacedaemoniis
1689 4305 1784 4359 vix
1815 4304 2052 4359 duobus
2102 4310 2204 4360 aut

550 4397 736 4454 tribus
770 4392 1138 4448 desideratis.
1172 4392 1379 4461 Viginti
1429 4399 1638 4462 postea
1684 4391 1865 4447 millia
1916 4392 1969 4446 in
2015 4394 2203 4448 aciem

547 4484 720 4541 educi
765 4482 954 4553 jubet,
987 4480 1089 4552 qui
1122 4485 1179 4535 et
1221 4480 1331 4550 ipsi
1378 4484 1758 4550 superantur.
1803 4483 1948 4536 Cum
2003 4488 2201 4539 autem

548 4573 900 4632 verberibus
956 4571 1013 4624 in
1046 4584 1314 4640 pugnam
1363 4567 1579 4633 adacti,
1623 4569 1758 4623 victi
1817 4570 2205 4628 nihilominus

551 4667 726 4722 etiam
760 4669 898 4719 tunc
939 4660 1204 4722 fuissent,
1233 4657 1671 4729 quinquaginta
1703 4657 1984 4729 postridie
2022 4660 2206 4716 millia

555 4754 725 4810 educi
778 4751 1078 4824 praecepit.
1102 4751 1169 4803 At
1195 4763 1330 4802 cum
1357 4761 1431 4803 ne
1463 4746 1521 4801 hi
1548 4747 1790 4818 quidem
1820 4747 2044 4821 aliquid
2073 4749 2208 4805 etle-

554 4844 791 4906 cissent,
851 4853 1119 4914 pugnare
1169 4837 1321 4893 ultra
1371 4837 1607 4892 destitit.
1641 4836 1956 4895 Thessalus
1981 4843 2196 4898 etTra-

2308 3325 2631 3397 ὀγδοήκοντα
2683 3324 2971 3398 μυριάδας,
3031 3334 3119 3380 καὶ
3168 3335 3393 3403 τριήρεις
3445 3330 3641 3401 χιλίας,
3694 3330 3915 3389 ἣλοιυνεν

2306 3415 2384 3468 ἐπὶ
2454 3419 2538 3472 τὴν
2595 3412 2840 3484 Ἐλλάδα,
2891 3420 3099 3487 ζευγνὺς
3151 3422 3239 3475 τὴν
3299 3413 3548 3472 Ἀϐυδον.
3602 3420 3917 3490 Δημάρατος

2309 3501 2366 3556 δε
2405 3505 2452 3538 ⁷⁴
2494 3505 2518 3555 ό
2575 3501 2985 3575 Λακεδαιμόνιος
3036 3511 3339 3577 παρεγένετο
3392 3504 3498 3565 ἤδη
3547 3515 3765 3579 πρῶτον,
3825 3515 3916 3560 xui

2311 3602 2468 3651 συνῆν
2517 3593 2655 3654 αὐτῷ
2706 3592 2752 3644 ἐν
2789 3601 2849 3664 τῇ
2908 3591 3173 3660 διαϐάσει,
3233 3594 3358 3667 [117
3419 3595 3508 3669 3.]
3558 3601 3646 3647 xui
3700 3595 3918 3670 ἀπεῖργε

2310 3691 2398 3742 τῆς
2451 3682 2515 3741 εἰς
2568 3678 2935 3754 Λακεδαίμονα
2989 3679 3194 3754 ἐφόδου.
3247 3684 3434 3757 Ξέρξης
3487 3681 3544 3736 δὲ
3598 3684 3915 3757 προσϐάλλει

2311 3770 2356 3821 ἐν
2417 3770 2780 3844 Θερμοπύλαις
2838 3768 3075 3842 Λεωνίδᾳ
3129 3781 3198 3842 τῷ
3255 3782 3533 3844 στρατηγῷ
3592 3782 3689 3825 τῶν
3749 3779 3917 3826 Auxe-

2313 3856 2593 3930 δαιμονίων
2657 3855 2728 3911 δι’
2811 3863 3146 3932 Αρταπάνου,
3220 3864 3432 3932 ἔχοντος
3515 3867 3751 3937 μυρίους·
3827 3868 3918 3915 καὶ

2311 3953 2568 4005 κατεκόπη
2624 3952 2679 4000 τό
2755 3953 3010 4020 Περσικόν
3067 3949 3277 4013 πλῆθος,
3332 3959 3429 4002 τῶν
3491 3948 3916 4022 Λακεδαιμονίων

2313 4035 2409 4089 δύο
2471 4037 2498 4094 ἣ
2550 4045 2704 4108 τριῶν
2760 4036 3141 4111 ἀναιρεθέντων.
3200 4036 3322 4092 Εἶτα
3371 4040 3682 4114 προσϐαλεῖν
3723 4041 3920 4093 κελεύει

2311 4130 2442 4199 μετά
2494 4123 2807 4198 δισμυρίων,
2869 4133 2958 4179 καὶ
3012 4129 3142 4186 ἧττα
3197 4133 3390 4199 γίνεται
3437 4129 3702 4182 κάκείνων.
3791 4128 3919 4184 Εἶτα

2311 4224 2690 4288 μαστιγοῦνται
2730 4214 2812 4267 ἐπὶ
2862 4226 2932 4286 τῷ
2963 4218 3010 4251 ’⁷⁵
3065 4217 3318 4289 πολεμεῖν,
3363 4225 3451 4270 καὶ
3508 4223 3919 4291 μαστιγούμενοι

2313 4309 2386 4357 ἔτι
2434 4307 2524 4376 [58
2581 4304 2682 4377 [1.]
2733 4307 2980 4363 ἡττῶντο.
3037 4312 3108 4378 Τῇ
3171 4303 3228 4358 δὲ
3283 4309 3532 4379 ὑστεραίᾳ
3582 4307 3773 4361 κελεύει
3825 4314 3922 4380 μάο

2313 4399 2506 4466 χεσθαι
2563 4399 2692 4466 μετά
2746 4401 3214 4468 πεντακισμυρίων.
3247 4403 3335 4448 καὶ
3390 4397 3496 4450 ἐπεὶ
3549 4395 3698 4450 οὐδὲν
3743 4401 3919 4464 ἤνυεν,

2313 4485 2460 4538 ἔλυσε
2510 4490 2620 4537 τότε
2673 4489 2758 4536 τόν
2802 4484 3039 4555 πόλεμον.
3095 4485 3284 4557 Θώραξ
3337 4481 3395 4538 δε
3449 4506 3474 4538 ο
3525 4487 3790 4548 Θεσσαλός
3833 4494 3924 4539 καὶ

2313 4579 2608 4649 Τραχινίων
2670 4577 2718 4624 οἱ
2787 4570 3022 4638 δυνατοὶ,
3075 4571 3370 4636 Καλλιάδης
3446 4581 3535 4626 καὶ
3595 4581 3925 4648 Τιμαφέρνης

2317 4672 2557 4738 παρῆσαν
2605 4665 2852 4734 στρατιὰν
2911 4665 3138 4733 ἔχοντες.
3177 4664 3408 4724 Καλέσας
3459 4661 3518 4716 δὲ
3563 4665 3752 4737 Ξέρξης
3796 4670 3924 4718 τού-

2318 4773 2431 4813 τους
2479 4771 2532 4804 τε
2563 4757 2650 4803 καὶ
2698 4755 2783 4802 τὸν
2833 4755 3135 4824 Δημάρατον
3185 4757 3269 4804 xui
3321 4757 3406 4804 τόν
3436 4752 3616 4823 Ἡγίαν
3647 4758 3732 4805 τόν
3781 4753 3928 4826 Ἐφέ-

2313 4862 2444 4912 σιον,
2480 4844 2660 4914 ἔμαθεν
2706 4843 2774 4901 ὡς
2823 4841 2916 4893 οὐκ
2965 4840 3023 4892 ἀν
3084 4843 3349 4898 ἡττηθεῖεν
3407 4839 3839 4915 Λακεδαιμόνιοι,
3886 4845 3930 4896 εἰ

1903 4984 2133 5041 νΑΗΙᾹΞ
2177 4985 2552 5044 LECTIONES
2568 5028 2581 5040 .

629 5122 674 5155 ⁸³
733 5118 840 5177 υἱὸς
897 5115 1056 5166 αύτοῦ
1107 5117 1194 5165 καὶ
1245 5134 1298 5178 ς.

557 5193 603 5228 ⁶⁹
618 5187 976 5265 ,ᾋρταξέρὲης
998 5206 1060 5265 s-

561 5260 706 5319 add;
736 5264 800 5315 A.
853 5260 927 5294 ’⁷⁸
957 5261 1016 5310 τὸ
1042 5276 1096 5320 ς.

1160 5117 1194 5165 ti
1245 5134 1298 5178 ς’.
1378 5114 1424 5148 5‘
1487 5113 1808 5188 ἡμιαρρένων
1873 5137 1927 5180 ς’.

1160 5187 1208 5221 ἰο
1236 5181 1586 5221 unumne.“
1623 5207 1658 5221 ,-
1781 5188 1826 5221 τι
1865 5185 1927 5221 n.

1236 5181 1589 5257 καρχηδόνιοί
1781 5188 1826 5224 ’τί
1865 5185 2037 5250 ἐλαίας
2063 5193 2128 5246 Α.

2005 5118 2052 5152 ⁸⁸
2099 5119 2342 5178 Ναθάκας
2395 5140 2447 5182 ς’.
2529 5119 2574 5152 ⁸⁵

2005 5208 2037 5243 :c
2063 5193 2128 5243 A.
2233 5192 2280 5226 ⁷³
2305 5187 2364 5243 δε
2394 5206 2513 5243 om.
2551 5192 2592 5243 A

2344 5209 2364 5242 ε
2394 5206 2513 5245 om.
2551 5206 2614 5243 A.

2529 5119 2574 5152 ⁸⁵
2625 5117 2781 5190 ὀνοφᾶ
2815 5121 2878 5172 Α.
2958 5119 3004 5153 ⁸⁷
3044 5118 3331 5190 Ἀμιστριν
3365 5139 3417 5181 ς.

3499 5118 3545 5152 ⁸⁸
3581 5115 3826 5191 δαριαῖος
3863 5130 3902 5176 Α
3916 5163 3926 5173 .

2717 5191 2763 5224 ⁷³
2798 5193 3047 5261 στρατιὰν
3101 5204 3220 5259 mg.

3272 5207 3284 5245 :
3319 5194 3588 5261 στρατείαν
3620 5212 3673 5254 ς.
3783 5195 3832 5229 ⁷⁸
3870 5191 3933 5248 δὲ

2122 5386 2329 5444 ΝΟΤΙΕ
2341 5429 2356 5444 .

635 5531 746 5603 (93)
799 5529 1043 5603 Xerxem
1084 5531 1140 5582 et
1186 5523 1465 5603 Armislt‘in
1497 5524 2127 5603 Scaliger_Assuerum
2159 5533 2214 5587 et

563 5597 866 5734 fEsfhterem
908 5601 1334 5670 interpretatur,
1379 5597 1542 5667 quod
1581 5597 1706 5654 Nic.
1767 5600 2028 5655 Serarius
2069 5616 2211 5658 con-

591 5691 628 5734 ιι
653 5691 690 5732 8
720 5711 734 5727 .

591 5691 734 5734 utar.

2420 5530 2513 5598 94)
2554 5528 2955 5602 Rhodogunes
2980 5528 3298 5602 cujusdam
3326 5528 3568 5602 Persicae
3596 5528 3938 5602 imaginem

2325 5599 2510 5656 habes
2535 5601 2696 5671 apud
2733 5599 3163 5665 Philostratum,
3195 5599 3296 5656 lib.
3330 5599 3388 5664 ii,
3419 5600 3573 5656 icon.
3609 5606 3666 5658 5.

2396 5673 2507 5745 (95)
2539 5673 2847 5745 Legendus
2873 5672 3085 5732 Elian.
3114 5671 3217 5730 lib.
3255 5673 3351 5729 xui
3377 5672 3646 5739 Ποικίλης,
3668 5690 3804 5749 cap.
3836 5681 3893 5734 3.
