4036 6214
184 303 261 361 185
1277 286 1774 349 BIBLIOTHECA.

1814 319 1881 331 —-
1914 287 2076 345 COD.
2126 288 2345 347 LXXII.
3361 290 3469 347 ¹186

182 434 230 502 μὴ
262 424 618 480 κυκλωθείησαν.
670 420 997 493 Ἠγουμένων
1024 417 1084 473 δι
1113 428 1211 473 τῶν
1251 417 1349 473 δύο
1390 422 1687 494 Τραχινίων

1823 414 2207 473 :heniensium
2220 416 2517 489 principes
2528 414 2817 473 Calliades
2829 418 3003 487 atque
3014 416 3465 489 Timaphernes.

182 515 249 571 σ’ιά
270 512 495 569 δυσϐάτου
536 514 751 585 στρατὸς
800 513 1055 583 Περσικὸς
1099 506 1389 574 διελήλυθε,
1439 503 1695 582 μυριάδες

183 612 381 679 τέσσαρες,
422 605 504 654 καὶ
542 603 678 653 κατά
718 606 880 654 νώτου
938 605 1166 673 γίνονται
1214 608 1313 651 τῶν
1370 595 1699 669 Λακεδαιμο-

181 702 264 749 νίων
288 717 298 728 -
318 698 393 745 καὶ
431 690 764 751 κυκλωθέντες
814 690 1065 743 ἀπέθανον
1114 693 1409 761 μαχόμενοι
1449 684 1703 760 ἀνδρείως

180 786 351 844 ἅπαντες.
410 780 593 855 Ξέρξης
644 776 701 832 δε
751 780 905 831 πάλιν
974 781 1274 853 στράτευμα
1329 782 1519 849 πέμπει
1566 780 1702 829 κατά

181 873 423 935 Πλαταιέων,
471 865 739 942 μυριάδας
787 867 882 940 ιβ’,
929 869 1213 939 ἡγούμενον
1239 868 1290 902 ⁷⁸
1332 866 1508 927 αὐτοῖς
1558 872 1705 939 Μαρ-

178 959 301 1015 δόνιον
335 960 609 1019 ἐπιστήσας
664 979 677 991 ·
737 956 965 1015 Θηϐαῖοι
1000 954 1051 1009 δ’
1102 953 1236 1014 ἦσαν
1280 958 1329 1007 oi
1376 956 1511 1007 κατά
1564 954 1702 1007 Πλα-

174 1054 305 1102 ταιέων
371 1052 449 1099 τὸν
516 1047 708 1121 Ξέρξην
782 1054 1055 1105 κινοῦντες.
1144 1045 1557 1116 Ἀντιστρατεύει
1646 1040 1703 1095 δὲ

175 1143 417 1198 Παυσανίας
462 1138 487 1189 ὀ
544 1132 982 1207 Λακεδαιμόνιος,
1037 1138 1375 1208 τριακοσίους
1426 1136 1517 1205 μὲν
1569 1136 1705 1204 ἔχων

172 1232 452 1301 Σπαρτιήτας,
507 1225 720 1296 χιλίους
778 1221 837 1276 δὲ
898 1232 997 1276 τῶν
1039 1228 1333 1298 περιοίκων,
1386 1222 1442 1274 έκ
1495 1219 1555 1275 δι
1607 1230 1705 1274 τῶν

168 1317 289 1369 133w
313 1315 483 1368 πόλεων
520 1311 780 1386 χιλιάδας
807 1315 852 1348 ⁷⁷
895 1313 949 1376 ἓξ
977 1335 989 1347 ·
1021 1318 1109 1365 καὶ
1154 1318 1363 1365 νικᾶται
1404 1315 1541 1364 κατὰ
1584 1314 1707 1383 κρά-

170 1425 231 1467 τος
272 1407 297 1462 ἡ
338 1408 558 1475 Περσική
618 1405 862 1477 στρατιὰ,
921 1407 1009 1454 καὶ
1068 1404 1243 1474 φεύγει
1291 1403 1709 1475 τραυματισθείς

166 1500 230 1546 καὶ
268 1491 557 1566 Μαρδόνιος.
605 1492 771 1553 Οὗτος
812 1493 838 1543 ὁ
888 1488 1183 1564 Μαρδόνιος
1239 1495 1497 1562 πέμπεται
1552 1489 1707 1549 συλῆ-

170 1602 234 1634 σαι
278 1587 328 1634 τό
379 1590 463 1634 τοῦ
512 1582 834 1641 ’Λπόλλωνος
884 1583 1014 1653 ἱερὸν
1079 1582 1224 1655 παρὰ
1276 1580 1485 1652 Ξέρξου,
1537 1578 1705 1645 κάκεῖ,

167 1678 281 1743 φησι,
324 1674 514 1731 θνήσκει
563 1669 809 1742 χαλάζης
855 1669 1200 1730 έπιπεσούσης
1240 1674 1467 1741 παχείας
1509 1708 1521 1719 .
1564 1668 1637 1741 ἐφ’

163 1763 249 1813 λίαν
285 1760 455 1833 Ξέρξης
502 1760 759 1817 ελυττήθη.
803 1758 991 1834 Ξέρξης
1035 1756 1095 1812 δε
1150 1758 1228 1811 ἐπ’
1279 1759 1437 1819 αὐτὰς
1486 1759 1711 1821 Ἀθήνας
1740 1767 1785 1823 Β

166 1850 335 1914 ίλαύνει,
408 1854 492 1902 καὶ
568 1848 839 1907 Ἀθηναῖοι
904 1849 1268 1922 πληρώσαντες
1340 1848 1520 1901 ἑκατὸν
1582 1844 1711 1901 δέκα

162 1928 343 2011 τριήρεις
388 1942 665 2010 φεύγουσιν
731 1939 805 1999 εἰς
856 1938 1132 2010 Σαλαμῖνα.
1198 1942 1298 1991 Καὶ
1368 1938 1559 2010 Ξέρξης
1616 1943 1710 1996 τὴν

163 2029 273 2080 πόλιν
314 2033 449 2085 κενήν
492 2030 631 2099 αἱρεῖ
676 2033 767 2080 καὶ
804 2027 1097 2101 έμπίπρησι
1136 2029 1204 2092 ⁷⁸,
1246 2027 1378 2086 πλὴν
1422 2034 1516 2089 τῆς
1559 2026 1713 2099 ἀκρο-

160 2117 310 2180 πόλιως
350 2140 362 2151 -
401 2116 448 2169 ἐν
495 2117 630 2190 αὐτῇ
694 2121 797 2190 γὰρ
849 2120 925 2169 ἔτι
975 2120 1105 2179 τινες
1156 2116 1539 2189 ὑπολειφθέντες
1591 2118 1711 2189 ἐμά-

160 2226 300 2277 χοντο.
364 2206 511 2267 Τέλος
582 2205 831 2259 κάκείνων
903 2211 1047 2259 νυκτὶ
1129 2212 1391 2278 φυγόντων
1472 2205 1711 2264 κάκείνην

161 2295 415 2366 σννέτλεξαν
445 2297 512 2345 ⁷9.
549 2296 608 2347 Ὀ
654 2292 713 2348 δε
753 2295 942 2367 Ξέρξης
984 2295 1196 2348 αὐτόθεν
1234 2293 1391 2348 έλθὼν
1439 2294 1522 2348 ἐπὶ
1578 2314 1713 2348 στει-

158 2390 327 2435 νότατον
371 2386 418 2419 ⁸ο
474 2393 571 2446 τῆς
624 2384 869 2446 Ἀττικῆς
944 2384 1266 2456 (Ἡράκλειον
1325 2385 1368 2420 ⁸⁸
1429 2384 1706 2455 καλεῖται),

158 2472 339 2543 ἐχώννυε
376 2483 540 2546 χῶμα
595 2473 677 2525 ἐπὶ
734 2473 1013 2544 Σαλαμῖνα,
1062 2474 1191 2546 πεζῇ
1251 2473 1328 2525 ἐπ’
1385 2474 1546 2531 αὐτὴν
1595 2470 1711 2525 δια-

156 2561 277 2619 ϐῆναι
322 2560 702 2635 διανοούμενος.
762 2563 924 2635 Πουλῇ
978 2559 1036 2615 δι
1095 2562 1503 2635 Θεμιστοκλέους
1560 2564 1712 2621 Ἀθη-

156 2656 270 2702 nica
292 2658 374 2704 καὶ
406 2648 748 2726 Ἀριστείδου
789 2651 997 2714 τοξόται
1034 2655 1123 2723 μεν
1162 2650 1262 2703 ἀπὸ
1304 2652 1512 2724 Κρήτης
1550 2672 1711 2725 προσ-

152 2738 385 2792 καλοῦνται
430 2747 521 2793 καὶ
568 2746 970 2815 παραγίνονται,
1025 2738 1133 2793 εἶτα
1181 2745 1458 2813 ναυμαχία
1499 2747 1710 2815 [Ιερσών

152 2827 475 2887 ιαὶἘλληνων
500 2836 725 2901 γίνεται,
760 2836 975 2902 Περσῶν
1014 2833 1103 2901 μεν
1144 2837 1267 2892 ναῦς
1304 2833 1529 2902 ἑχόντων
1579 2832 1705 2904 ὑπὲρ

149 2918 220 2975 τὰς
252 2918 437 2988 χιλίας,
505 2927 927 2993 στρατηγοῦντος
974 2919 1150 2979 αὐτοῖς
1199 2918 1408 2991 Ὀνόφα,
1459 2918 1705 2977 Ἑλλήνων

152 2998 193 3053 δι
243 3004 564 3070 ἑπτακοσίας.
654 3015 754 3062 Καὶ

148 3094 393 3167 φθείρονται
465 3103 728 3173 Περσικαὶ
786 3103 1125 3150 πεντακόσιαι
1184 3106 1321 3165 νῆες,
1381 3103 1469 3150 καὶ
1535 3101 1709 3170 φεύγει
1742 3118 1784 3177 C

148 3183 315 3251 Ξέρξης.
354 3185 516 3260 βουλῇ
571 3188 725 3239 πάλιν
770 3192 861 3239 καὶ
912 3191 1069 3259 τέχνῃ
1114 3183 1448 3261 Ἀριστείδου
1496 3193 1584 3239 καὶ
1616 3196 1709 3241 Θε-

147 3274 436 3337 μιστοκλέους
487 3298 500 3309 ·

149 3357 356 3415 ἀπέθανον
417 3370 639 3439 Περσῶν
687 3362 899 3418 δώδεκα
940 3360 1216 3439 μυριάδες.
1275 3364 1468 3437 Ξέρξης
1516 3361 1575 3418 δε
1625 3386 1709 3419 m-

148 3449 284 3518 ρέσας
333 3454 403 3515 είς
454 3459 553 3512 τήν
614 3454 819 3519 Ἀσίαν,
870 3459 957 3506 καῖ
1013 3453 1308 3506 ἀπελαύνων
1356 3454 1425 3515 εἰς
1477 3451 1709 3527 Σάρδεις,

150 3538 303 3609 ἔπεμπε
344 3543 653 3614 Μεγάϐυζον
693 3549 751 3595 τό
794 3542 841 3595 ἐν
877 3543 1083 3615 Δελφοῖς
1117 3545 1248 3615 ἱερὸν
1300 3542 1531 3602 συλῆσαι
1564 3565 1575 3577 ·
1607 3542 1714 3596 ἐπεὶ

151 3621 196 3677 δὲ
236 3627 407 3693 ἐκεῖνος
458 3639 771 3707 παρῃτεῖτο,
849 3631 1214 3684 ἀποστέλλεται
1273 3634 1526 3694 Ματάκας
1589 3636 1635 3668 ⁸³
1689 3636 1714 3686 ὁ

151 3716 380 3789 εᾶνοῦχος,
409 3720 588 3796 ὕϐρεις
638 3741 693 3775 τε
742 3726 903 3793 φέρων
952 3730 1024 3791 τῷ
1077 3720 1359 3775 Ἀπόλλωνι
1406 3727 1495 3774 καὶ
1547 3727 1716 3776 πάντα

154 3805 355 3863 συλήσων
394 3830 407 3843 ·
464 3816 556 3863 καῖ
620 3807 687 3868 δὴ
743 3812 878 3863 ούτω
926 3816 1155 3873 ποιήσας
1199 3814 1330 3883 πρὸς
1375 3810 1566 3885 Ξέρξην
1621 3815 1714 3866 ύπ-

150 3899 366 3967 ἐπριςην.

831 3016 1044 3060 νικῶσιν
1098 3008 1355 3071 Ἓλληνες,
1427 3014 1516 3061 καὶ
1593 3005 1707 3061 διαο

551 3276 602 3328 έν
663 3273 723 3329 δε
778 3284 894 3337 ταῖς
944 3276 1149 3336 λοιπαῖς
1212 3275 1445 3337 ἀπάσαις
1509 3279 1711 3348 μάχαις

1806 522 1945 562 cum
1988 508 2245 562 exercitu
2295 506 2565 562 aderant.
2612 507 2709 562 His
2736 509 2948 562 Xerxes
2994 506 3073 562 ad
3106 523 3167 562 se
3211 508 3468 578 vocatis,

1813 609 2050 667 unaque
2077 595 2408 659 Demarato,
2438 600 2493 651 et
2525 594 2705 664 Hegia
2730 595 3008 667 Ephesio,
3038 595 3204 652 nulla
3242 598 3471 654 ratione

1814 692 1965 748 vinci
2015 708 2190 765 posse
2235 692 2719 749 Lacedasmonios
2766 692 3072 759 intellexit,
3119 694 3231 749 nisi
3275 695 3469 768 copiis

1813 781 1986 837 cincti
2017 783 2077 837 in
2121 782 2330 837 orbem
2380 798 2649 854 pugnare
2698 788 3010 852 cogantur.
3064 784 3471 856 Quadraginta

1815 884 1956 939 ergo
2006 873 2315 927 Persarum
2378 870 2579 937 millia,
2630 871 2887 927 ducibus
2936 872 3471 929 Tracheniensibus

1815 958 1925 1014 illis
1968 959 2228 1026 duobus,
2256 975 2361 1030 per
2394 960 2555 1017 invia
2597 961 2973 1030 transgressi,
3003 977 3039 1017 a
3081 968 3247 1031 tergo
3299 963 3473 1019 Lace-

1815 1049 2147 1105 daemonios
2178 1050 2551 1113 adoriuntur,
2583 1052 2685 1123 qui
2726 1051 2839 1106 hoc
2885 1055 3059 1123 pacto
3095 1052 3469 1119 circumdati,

1815 1139 2039 1195 fortiter
2087 1144 2425 1210 pugnantes
2482 1140 2557 1195 ad
2607 1156 2795 1196 unum
2858 1156 3066 1196 omnes
3114 1141 3469 1197 occubuere.

1817 1229 2201 1284 Mittitrursus
2224 1228 2543 1284 exercitum
2572 1231 2782 1285 Xerxes
2813 1229 3101 1286 adversus
3124 1230 3473 1286 Plataeenses

1814 1323 2054 1373 centum
2103 1322 2159 1372 et
2208 1317 2365 1389 39b
2414 1317 2615 1388 viginti
2666 1318 2941 1384 millium,
2975 1319 3123 1375 duce
3146 1319 3470 1376 Mardonio.

1816 1406 2080 1462 Thebani
2110 1412 2309 1462 autem
2355 1422 2556 1478 regem
2586 1406 2646 1462 in
2693 1407 3040 1463 Plataeenses
3071 1409 3470 1465 concitabant.

1816 1495 2122 1551 Mardonio
2152 1496 2405 1552 occurrit
2426 1497 2750 1552 Pausanias
2772 1498 3274 1561 Lacedaemonius,
3296 1499 3476 1570 Spar-

1818 1589 1989 1640 tanos
2014 1600 2135 1641 non
2180 1584 2295 1640 nisi
2325 1590 2637 1652 trecentos,
2668 1585 2901 1642 accolas
2931 1586 3108 1653 mille,
3138 1592 3193 1642 et
3224 1602 3295 1642 ex
3338 1586 3473 1642 aliis

1818 1673 2067 1729 urbibus
2116 1674 2193 1729 ad
2228 1689 2331 1729 sex
2374 1673 2557 1730 millia
2588 1690 2789 1730 secum
2836 1674 3082 1731 ducens.
3117 1674 3201 1730 lbi
3247 1676 3475 1731 Persico

1820 1764 2076 1819 exercitu
2118 1769 2417 1835 superato,
2458 1764 2794 1820 Mardonius
2843 1764 3180 1821 vulneratus
3223 1763 3473 1834 aufugit.

1821 1853 1980 1908 Idem
1998 1853 2096 1909 hic
2114 1854 2449 1909 Mardonius
2472 1854 2548 1909 ad
2566 1853 2965 1925 diripiendam
2985 1852 3271 1924 Apollinis
3289 1853 3477 1909 sedem

1822 1961 1856 2001 a
1886 1946 2066 1999 Xerxe
2100 1943 2337 2007 missus,
2371 1942 2593 2011 ingenti
2622 1957 2946 2014 oppressus
2983 1941 3275 2013 grandine
3306 1943 3481 1998 inter-

1821 2034 1937 2099 riit,
1973 2047 2195 2103 magno
2222 2032 2551 2089 admodum
2578 2032 2733 2102 regis
2763 2031 2987 2097 dolore,
3020 2034 3233 2087 Xerxes
3259 2031 3477 2088 deinde

1820 2123 2081 2179 Athenas
2106 2123 2266 2194 ipsas
2290 2122 2431 2193 petit
2456 2137 2595 2177 cum
2617 2122 2897 2178 exercitu.
2922 2120 3136 2176 Verum
3166 2121 3481 2177 Athenien-

1822 2228 1934 2279 ses,
1968 2218 2204 2269 centum
2237 2219 2291 2269 et
2320 2211 2521 2267 decem
2550 2211 2892 2267 triremibus
2914 2210 3244 2277 instructis,
3274 2210 3351 2266 ad
3379 2212 3481 2268 Sa-

1820 2303 2109 2361 laminam
2137 2301 2395 2358 insulam
2424 2302 2719 2372 fugerunt.
2749 2300 2963 2356 Urbem
2992 2303 3189 2373 itaque
3217 2315 3473 2356 vacuam

1822 2410 1958 2449 cum
1982 2393 2255 2465 cepisset,
2284 2391 2573 2457 incendit;
2602 2394 2813 2463 praeter
2833 2388 3022 2445 solam
3051 2405 3270 2454 arcem,
3293 2404 3479 2462 quam

1823 2483 2049 2556 aliquot
2095 2481 2291 2538 adhuc
2324 2481 2404 2537 ibi
2436 2479 2618 2536 relicti
2664 2478 3145 2552 propugnabant.
3183 2478 3295 2535 Sed
3340 2494 3480 2534 cum

1825 2572 2064 2629 tandem
2108 2576 2162 2626 et
2191 2570 2253 2626 hi
2279 2574 2458 2625 noctu
2483 2569 2795 2639 fugissent,
2837 2568 3014 2623 etiam
3042 2566 3203 2623 illam
3235 2566 3476 2623 exussit.

1823 2664 1945 2718 Rex
1974 2661 2113 2717 inde
2161 2660 2232 2715 ad
2267 2658 2761 2729 angustissimum
2794 2657 2992 2711 Atticas
3042 2654 3263 2719 locum,
3297 2670 3482 2726 quem

1825 2750 2169 2807 Heracleum
2201 2747 2523 2821 appellant,
2560 2745 2876 2817 profectus,
2916 2758 3197 2813 aggerem
3232 2744 3483 2799 Salami-

1822 2856 1962 2897 nam
1992 2854 2201 2895 versus
2226 2838 2443 2892 ducere
2470 2834 2668 2906 coepit,
2703 2850 2773 2890 eo
2819 2833 3089 2898 consilio,
3125 2836 3186 2887 ut
3220 2831 3483 2904 pedestri

1820 2928 1899 2986 ad
1926 2927 2184 2984 insulam
2213 2926 2418 2982 itinere
2449 2922 2697 2979 transire
2726 2921 3054 2994 aliquando
3081 2921 3289 2993 possit.
3314 2920 3386 2976 At
3411 2936 3484 2977 ex

1819 3016 2226 3075 Themistoclis
2271 3012 2640 3070 Atheniensis
2687 3016 2744 3068 et
2789 3011 3064 3067 Aristides
3111 3009 3361 3066 consilio
3393 3024 3485 3066 sa-

1822 3106 2039 3179 gittarii
2066 3121 2134 3161 ex
2162 3107 2330 3162 Creta
2369 3105 2750 3160 accersuntur
2779 3104 2836 3157 et
2863 3100 3147 3168 veniunt;
3180 3098 3399 3155 deinde
3429 3103 3487 3155 et

1822 3197 2019 3255 navali
2043 3210 2244 3269 pugna
2259 3196 2447 3249 Persea
2464 3209 2601 3249 cum
2620 3191 2835 3247 Graecis
2857 3189 3345 3260 congrediuntur.
3374 3191 3485 3245 Du-

1822 3289 2033 3344 cebant
2079 3284 2160 3341 illi
2205 3298 2391 3340 naves
2454 3296 2638 3353 supra
2683 3279 2863 3346 mille,
2908 3278 3131 3352 quibus
3198 3277 3487 3350 Onophas

1821 3380 2086 3450 praeerat,
2116 3374 2180 3430 hi
2210 3374 2635 3445 septingentas.
2668 3370 2919 3425 Vincunt
2957 3374 3159 3425 tamen
3190 3367 3399 3433 Grmci,
3432 3368 3490 3423 et

1822 3467 2175 3539 quingentas
2225 3465 2414 3519 Persea
2475 3474 2661 3517 naves
2705 3460 2997 3514 amittunt.
3064 3458 3199 3529 Ipse
3242 3469 3488 3529 quoque

1824 3558 2029 3611 Xerxes
2054 3551 2305 3610 consilio
2332 3566 2537 3608 rursus
2576 3553 2633 3605 et
2662 3551 2787 3604 arte
2830 3546 3101 3602 Aristidis
3133 3550 3312 3617 atque
3343 3544 3491 3600 The-

1828 3641 2132 3707 mistoclis,
2153 3640 2353 3712 fugam
2378 3638 2605 3711 arripit,
2626 3634 2943 3693 interfectis
2972 3635 3045 3691 de
3068 3634 3301 3690 Persico
3328 3648 3490 3688 exer-

1825 3734 1966 3797 citu,
1994 3730 2278 3788 omnibus
2328 3728 2487 3783 hisce
2538 3726 2770 3798 prmliis,
2826 3740 2946 3780 non
2995 3723 3197 3779 minus
3249 3726 3489 3778 centum

1824 3820 2034 3894 viginti
2081 3818 2363 3875 millibus.
2396 3816 2544 3872 Cum
2586 3819 2787 3871 autem
2815 3814 2875 3869 in
2928 3812 3130 3867 Asiam
3160 3827 3263 3867 rex
3311 3810 3492 3882 traje-

1826 3912 2023 3974 cisset,
2070 3914 2126 3964 et
2172 3906 2387 3965 Sardes
2429 3908 2721 3977 pergeret,
2768 3902 3155 3973 Megabyzum
3190 3900 3488 3969 designat.

149 3984 229 4052 qui
254 3988 531 4059 templum
578 3988 929 4061 Delphicum
968 3988 1293 4061 diriperet;
1327 3988 1431 4046 sed
1468 3990 1815 4056 detrectavit
1856 4001 1952 4057 ille
2004 3998 2237 4057 facinus
2284 4008 2518 4066 ;quare
2566 3995 2823 4049 Matacas
2884 3988 3196 4046 eunuchus
3240 3988 3489 4057 injurias

148 4073 358 4141 Apollini
384 4077 685 4142 illaturus,
718 4078 1045 4150 omniaque
1078 4078 1444 4149 expilaturus
1477 4080 1724 4140 mittitur
1759 4104 1773 4143 :
1807 4090 1911 4163 qui
1943 4085 2226 4145 confectis
2253 4085 2327 4140 ita
2355 4082 2555 4146 rebus,
2588 4079 2666 4136 ad
2704 4094 2905 4149 regem
2938 4093 3205 4133 reversus
3227 4081 3338 4132 est.

201 4163 361 4233 Ξρξης
387 4166 434 4201 ⁸⁸
466 4165 573 4218 ἀπὸ
600 4166 901 4230 Βαϐυλῶνος
918 4168 985 4229 εἰς
1007 4171 1216 4240 Πέρσας
1235 4172 1596 4241 παραγίνεται,
1625 4176 1714 4225 καὶ
1750 4176 1795 4232 D

152 4250 409 4317 lquiGuCo;
460 4258 603 4307 κατά
657 4264 752 4317 τῆς
798 4260 1044 4328 γυναικός
1097 4265 1188 4317 τῆς
1248 4254 1391 4318 ἰδίας
1442 4257 1712 4331 Ἀμύτιος,

152 4336 170 4387 ἐ
217 4339 451 4417 θυγάτηρ,
506 4347 574 4405 ὡς
633 4350 963 4419 προείρηται,
1036 4345 1225 4417 Ξέρξου
1284 4344 1585 4417 έτύγχανεν,
1648 4350 1717 4411 ὡς

151 4438 518 4503 μεμοιχευμένης
573 4434 762 4505 λόγους
801 4437 971 4488 ἐκίνει.
1036 4440 1135 4488 Καὶ
1200 4433 1501 4506 ἐπιτιμᾶται
1558 4437 1718 4509 Ἀμύ-

154 4529 212 4573 τις
239 4516 389 4589 λόγοις
428 4523 534 4575 ὑπὸ
586 4530 680 4576 τοῦ
732 4528 943 4595 πατρὸς,
990 4529 1079 4576 καὶ
1126 4525 1462 4596 ὑπισχνεῖται
1518 4544 1718 4601 σωφρο-

158 4617 246 4653 ναν.

211 4694 506 4766 Ἀρτάπανος
566 4702 617 4737 ⁸⁸
693 4698 753 4754 δε
809 4706 943 4774 μέγα
1012 4704 1155 4767 παρά
1208 4702 1367 4777 Ξέρξη
1434 4699 1718 4775 δυνάμενος

160 4780 236 4843 μετ’
286 4787 636 4863 Ασπαμίτρου
665 4790 713 4825 ⁸⁵
752 4797 843 4841 τοῦ
900 4790 1157 4863 εᾶνούχου
1206 4792 1274 4853 ⁸⁸,
1327 4789 1459 4862 [120
1498 4792 1585 4863 Β.]
1627 4798 1716 4846 καὶ

162 4866 280 4923 αὐτοῦ
314 4881 441 4947 μέγα
494 4875 809 4950 δυναμένου,
867 4878 1199 4952 βουλεύονται
1251 4880 1438 4934 ἀνελεῖν
1497 4882 1542 4917 ⁸⁷
1594 4884 1712 4956 Ξέρ·

164 4970 242 5021 ευ,
286 4970 365 5016 καὶ
424 4965 728 5041 ἀναιροῦσι,
803 4973 892 5022 καὶ
953 4973 1194 5024 πείθυσιν
1255 4970 1594 5042 ’Λρτοξέρξην
1667 4972 1714 5006 ⁸⁸

158 5049 221 5095 τὸν
255 5053 351 5103 νίόν
387 5059 451 5117 ὡς
495 5063 771 5131 Δαρειαῖος
802 5060 849 5094 ⁸⁸
881 5058 1035 5112 αὐτόν
1079 5061 1105 5112 ὁ
1144 5060 1309 5135 ἕτερος
1360 5066 1485 5122 παῖς
1529 5057 1706 5112 ἀνεῖλε.

1899 4178 1964 4234 In
2026 4175 2287 4233 Persiam
2336 4172 2573 4228 interim
2639 4170 2842 4225 Xerxes
2891 4166 3193 4239 Babylone
3251 4169 3492 4221 venerat

1827 4285 1965 4324 cum
2010 4266 2365 4339 Megabyzus
2405 4275 2655 4317 uxorem
2702 4275 2875 4315 suam
2927 4257 3164 4329 Amytin
3210 4258 3388 4328 (quas,
3426 4258 3493 4311 ut

1821 4364 1951 4436 jam
1991 4362 2167 4415 antea
2195 4356 2442 4418 dictum,
2475 4354 2672 4408 Xerxes
2704 4348 2825 4405 ﬁlia
2855 4350 3001 4420 erat)
3047 4345 3321 4403 adulterii
3348 4346 3490 4401 insi-

1828 4452 2040 4513 mulat,
2062 4448 2460 4521 quamobrem
2488 4442 2590 4498 illa
2614 4439 2826 4499 acriter
2848 4455 2883 4497 a
2912 4443 3158 4512 parente
3186 4436 3489 4508 increpita,

1830 4538 2087 4612 spondet
2116 4551 2177 4592 se
2203 4540 2434 4591 castam
2462 4546 2614 4589 esse.

1900 4703 2238 4771 Artapanus
2304 4696 2464 4759 item,
2511 4691 2617 4765 qui
2670 4690 2999 4763 plurimum
3047 4685 3213 4759 apud
3264 4687 3492 4742 Xerxen

1826 4790 2172 4846 auctoritate
2195 4784 2525 4848 valebat,et
2543 4797 2678 4837 cum
2697 4796 2766 4837 eo
2790 4777 3154 4850 Aspamitres
3181 4774 3491 4831 eunuchus

1826 4872 1951 4951 (qui
1981 4878 2107 4949 ipse
2132 4890 2375 4947 quoque
2414 4870 2743 4945 plurimum
2774 4867 2936 4939 apud
2985 4880 3189 4935 regem
3234 4864 3490 4937 poterat)

1822 4966 1900 5024 de
1925 4968 2106 5023 Xerxe
2148 4960 2562 5020 interﬁciendo
2612 4957 2927 5015 consilium
2972 4958 3216 5025 agitant,
3246 4952 3494 5009 eadem.

1823 5070 1943 5130 que
1973 5058 2213 5128 patrant
2242 5051 2420 5125 50a.
2448 5051 2783 5107 Artaxerxm
2827 5044 3065 5103 interim
3096 5043 3219 5100 ﬁlio
3268 5054 3492 5114 persua

1472 5286 1713 5344 VARLE
1754 5282 2155 5344 LECTIONES.

213 5485 251 5562 ξ’
271 5489 540 5562 ἡγούμενον
568 5486 632 5543 δέ
669 5489 844 5551 αὐτοῖς
874 5511 928 5555 ς.
1042 5492 1090 5526 ⁷⁷
1115 5487 1375 5562 χιλιάδας
1404 5490 1474 5554 ἓξ·
1505 5492 1522 5562 ]
1553 5511 1607 5556 ς’·
1641 5496 1697 5544 Α⁸

1810 5487 1859 5523 ⁷⁸
1889 5485 2227 5557 ίμπίμπρησι
2259 5502 2314 5547 ς.

2426 5481 2475 5516 ⁷⁸
2506 5474 2799 5549 συνέφλεξεν
2835 5496 2889 5549 ς.
2920 5545 2929 5549 Α
2970 5474 3019 5511 ⁸ο
3054 5477 3375 5549 στενώτατον
3415 5494 3475 5549 ς·

166 5540 629 5636 ξιζερζῖδῖιὶῥῖςῗ
673 5540 728 5597 ἶὶ
751 5540 1003 5636 iniriam;
1027 5540 1748 5636 insaniasinsanias
1773 5540 2157 5636 b_)_N_aErr_1£a5'?_'
2214 5540 2680 5636 '3'3‘.ip§n<6‘¢_§uf§
2705 5569 2759 5613 ς.
2800 5545 3180 5636 ,ξδνἋρτάξςις
3215 5545 3482 5636 εοεξξᾲξί·

166 5624 698 5716 ρῇῧμετά-Σπαμίτρου
730 5632 799 5688 cf.
832 5636 1004 5716 p.h&0
1043 5648 1098 5690 α.

253 5636 366 5701 μετὰ
391 5632 698 5710 Σπαμίτροὲυ
730 5632 799 5688 cf.
832 5648 906 5710 ι).⁸
935 5636 1004 5689 to
1043 5648 1098 5690 α.
1214 5635 1263 5670 ⁸⁸
1293 5632 1600 5710 ἠρῐεάῤῥινος
1627 5654 1681 5698 ς·

168 5697 202 5729 η
224 5695 436 5775 tepido;
460 5695 529 5773 Α,
563 5695 672 5781 qui
706 5695 997 5779 sape'ita.

1796 5632 1840 5667 ⁸⁷
1880 5628 2090 5703 ἀνελεῖν]
2131 5628 2356 5702 ἀναιρεῖν
2390 5632 2451 5679 Δ.

2552 5622 2598 5658 ει
2630 5616 2991 5696 Ἀρταξέρξην
3018 5639 3054 5685 ς
3084 5618 3178 5675 hic
3207 5623 3262 5675 et
3292 5616 3472 5673 infra-
