4036 6214
486 292 584 347 18⁸1

1704 288 1944 347 PHOTII
1978 287 2467 347 PATRIABCHE
2506 293 2611 350 GP.

3735 300 3845 353 i88

483 416 646 479 dent,
677 430 714 472 a
752 413 982 472 Dat-imo
1012 414 1200 472 altero
1242 414 1366 472 ﬁlio
1398 420 1629 488 patrem
1675 432 1807 474 esse
1837 420 2137 473 necatum.

2268 416 2353 470 (αἱ
2384 424 2724 489 παραγίνεται
2751 426 3016 494 Δαρειαίος
3041 422 3089 457 ⁹⁰
3115 419 3360 493 ἀγόμενος
3392 422 3492 474 ὑπὸ
3522 420 3847 492 Ἀρταπάνου

481 505 811 562 Adducitur
830 520 973 575 ergo
1003 505 1081 561 ab
1112 508 1413 577 Artapano
1442 507 1501 563 in
1523 508 1861 563 Artaxerxis
1889 506 2141 561 domum

485 594 766 660 Dariieus,
792 594 979 652 multo
1005 610 1141 650 cum
1173 594 1433 651 clamore
1453 596 1775 653 identidem
1803 609 2141 667 pernegans

488 700 550 740 se
572 683 931 755 parricidam
954 700 1109 751 esse,
1134 684 1187 739 is
1218 690 1415 741 tamen
1438 686 1632 757 capite
1655 685 1859 757 plexus
1890 682 2143 740 moritur

484 772 898 829 nihilominus.

557 862 911 918 Artaxerxes
933 862 1049 934 (96)
1073 862 1287 919 deinde
1313 864 1595 935 Artapani
1618 878 1803 936 opera
1823 876 2009 931 regno
2037 876 2145 932 po-

484 952 643 1010 titur.
667 954 940 1008 Attamen
963 952 1141 1008 etiam
1163 952 1345 1025 hujus
1363 952 1497 1008 vitae
1517 954 1857 1024 Artapanus
1879 952 2035 1007 idem
2058 950 2142 1006 in-

483 1038 660 1096 sidias
690 1040 894 1106 tendit,
925 1046 980 1098 et
1011 1042 1455 1098 communicato
1487 1058 1623 1097 cum
1656 1041 1975 1113 Megabyso
2004 1056 2145 1096 con-

482 1128 610 1184 silio
631 1129 755 1200 (qui
772 1130 898 1200 jam
922 1129 1003 1187 ob
1020 1137 1358 1201 suspectam
1390 1130 1665 1187 adulterii
1689 1144 1934 1187 uxorem
1968 1145 2139 1184 suam

481 1219 741 1290 Amytin,
789 1234 1012 1288 magno
1062 1219 1119 1274 in
1173 1234 1425 1275 maerore
1473 1219 1868 1291 versabatur),
1910 1218 2143 1289 jureju-

479 1307 671 1363 rando
718 1307 825 1362 sibi
859 1312 1065 1363 mutuo
1096 1314 1325 1364 cavent.
1356 1310 1571 1365 Verum
1607 1324 1668 1366 re
1700 1314 1818 1365 tota
1844 1306 2139 1379 Megabyzi

479 1396 701 1452 indicio
718 1396 972 1468 prodita,
989 1397 1199 1453 eodem
1221 1398 1429 1454 mortis
1448 1413 1663 1467 genere
1687 1397 1848 1469 quod
1866 1400 2137 1453 Artaxer-

480 1500 587 1541 xes
627 1484 921 1541 tollendus
967 1485 1177 1553 fuerat,
1226 1488 1561 1557 Artapaniis
1610 1487 1736 1559 ipse
1767 1487 2005 1551 tollitur,
2056 1491 2140 1542 at-

482 1590 595 1645 que
632 1573 778 1630 adeo
808 1590 1179 1647 quascunque
1208 1576 1266 1630 in
1298 1579 1542 1631 Xerxem
1575 1592 1643 1632 ac
1678 1576 1969 1632 Dariasum
2012 1590 2141 1647 per-

482 1666 718 1735 petrata
767 1663 1017 1729 fuerant,
1054 1664 1342 1735 patefiunt
1380 1666 1603 1721 omnia.
1638 1667 1833 1731 Quare
1874 1664 2142 1733 Aspami-

485 1758 600 1807 tres
635 1754 746 1824 (97)
780 1769 1043 1825 quoque,
1084 1755 1185 1826 qui
1238 1756 1432 1812 Xerxis
1482 1761 1660 1828 atque
1706 1756 1915 1811 Dariasi
1961 1754 2143 1810 caedis

2268 1765 2355 1818 rei;
2386 1764 2555 1829 φόνοις
2581 1759 2769 1831 Ξέρξου
2800 1765 2888 1811 καὶ
2918 1765 3189 1831 Δαρειαίου
3237 1780 3248 1792 ·

484 1843 757 1897 conscius
775 1841 983 1910 fuerat,
1001 1844 1218 1899 acerbo
1235 1844 1293 1899 in
1320 1844 1527 1915 primis
1546 1860 1617 1901 ac
1634 1845 1786 1901 duro
1803 1844 1915 1916 (98)
1940 1844 2145 1899 mortis

484 1945 720 2001 genere,
748 1931 1034 1987 adhibitis
1060 1948 1159 2003 per
1188 1934 1477 2005 scapham
1510 1934 1840 1998 tormentis,
1869 1933 2143 1989 afﬁcitur.

484 2019 919 2091 PostArtapani
950 2028 1201 2078 mortem
1229 2037 1433 2092 pugna
1462 2024 1725 2079 exoritur
1748 2024 1897 2078 inter
1943 2023 2075 2092 conj
2089 2038 2148 2077 u-

482 2109 729 2165 rationis
761 2108 917 2164 illius
959 2111 1149 2166 socios
1191 2110 1572 2182 reliquosque
1618 2114 1867 2167 Persas:
1921 2128 2044 2183 qua
2089 2112 2149 2165 in

483 2212 692 2269 pugna
720 2200 1003 2269 Artapani
1026 2197 1123 2254 ﬁlii
1147 2198 1393 2263 cadunt,
1414 2199 1735 2271 Megabyzo
1753 2216 1998 2273 quoque
2022 2216 2153 2271 gra-

485 2286 633 2342 viter
663 2288 888 2343 saucio.
922 2289 1111 2353 Quem
1137 2288 1318 2359 hujus
1350 2304 1560 2344 casum
1592 2292 2153 2355 Artaxerxes,item-

488 2390 605 2447 que
634 2376 862 2447 Amytis
882 2376 1759 2450 etRhodogune,ipsarumque
1790 2379 2151 2434 materAmi-

489 2464 623 2519 stris
671 2466 1043 2521 vehementer
1091 2466 1390 2523 luxerunt.
1461 2467 1727 2523 Tandem
1778 2474 1995 2535 tamen,
2047 2468 2155 2525 etsi

496 2569 650 2625 aegre
720 2554 1075 2625 admodum,
1125 2555 1345 2625 insigni
1414 2556 1720 2628 diligentia
1781 2557 2155 2629 Apollonides

498 2644 599 2699 Coi
625 2643 839 2699 medici
872 2650 1145 2701 servatus
1176 2652 1281 2701 est.

572 2733 908 2789 Desciscunt
952 2734 1030 2790 ab
1077 2735 1397 2791 Artaxerxe
1443 2738 1672 2801 Bactra,
1713 2751 1831 2793 una
1870 2753 2006 2794 cum
2060 2754 2155 2794 sa-

500 2827 669 2894 trapa
692 2825 998 2895 Artapano
1029 2822 1213 2880 altero
1244 2829 1299 2880 et
1329 2831 1631 2897 pugnatur
1674 2841 1847 2898 aequo
1880 2826 2156 2899 utrinque

499 2915 696 2970 Marte.
733 2912 847 2969 Sed
877 2928 1015 2969 cum
1038 2914 1165 2984 jam
1197 2912 1381 2970 altero
1407 2914 1551 2970 inito
1584 2915 1785 2987 ι)τωίἱο
1812 2916 1869 2970 in
1902 2917 2157 2973 Bactrio-

498 3017 633 3058 rum
684 3001 893 3059 faciem
943 3008 1154 3059 ventus
1190 3005 1459 3075 spiraret,
1494 3006 1763 3076 superior
1806 3008 2154 3064 Artaxerxes

2250 505 2316 565 εἰς
2344 510 2437 564 τὴν
2466 508 2632 560 οἰκίαν
2663 507 2998 581 Ἀρτοξέρξου
3030 510 3100 572 ⁸⁸,
3141 509 3306 561 πολλὰ
3337 511 3424 581 [59
3469 510 3553 581 IL]
3588 508 3724 581 βοῶν
3753 512 3849 560 καὶ

2252 593 2628 671 ἀπαρνούμενος
2677 599 2724 632 9³
2768 600 2838 658 ὡς
2879 598 2974 651 οὐκ
3009 602 3085 657 εἴη
3142 602 3315 671 φονεὺς
3356 608 3445 652 τοῦ
3488 603 3701 674 πατρὸς,
3755 601 3854 650 καὶ

2250 682 2590 744 ἀποθνήσκει.

2324 864 2431 917 Καὶ
2501 863 2770 937 βασιλεύει
2828 865 3165 941 Ἀρτοξέρξης
3226 864 3433 939 σπουδῇ
3488 867 3845 941 ’Δρταπάνου.

2253 955 2356 1007 Καὶ
2400 952 2783 1007 ἐπιϐουλεύεται
2832 956 2983 1007 πάλιν
3046 956 3132 1009 ὑπ’
3199 957 3378 1020 αὐτοῦ,
3440 961 3529 1008 καὶ
3597 954 3856 1028 λαμϐάνει

2250 1047 2489 1094 κοινωνὸν
2560 1053 2650 1104 τῆς
2716 1043 2910 1116 βουλῆς
2989 1045 3315 1117 ’Λρτάπανος
3375 1044 3676 1115 Μεγάϐυζον
3738 1040 3853 1102 ἤδη

2250 1131 2591 1204 λελυπημένον
2645 1133 2728 1186 ἐπὶ
2777 1143 2837 1206 τῇ
2901 1131 3015 1207 ἰδίᾳ
3063 1140 3275 1205 γυναικὶ
3357 1136 3547 1206 Ἀμύτι
3603 1131 3699 1186 διὰ
3757 1138 3859 1191 τὴν

2250 1228 2345 1283 τῆς
2395 1228 2643 1293 μοιχείας
2680 1223 2939 1294 ὑπόληψιν
2987 1245 2998 1256 ’
3044 1230 3132 1276 καὶ
3177 1226 3352 1298 ὅρκοις
3396 1222 3645 1285 ἀλλήλους
3675 1222 3859 1295 ἀσφα-

2248 1310 2499 1371 λίζονται.

2584 1313 2743 1365 Ἀλλά
2817 1316 3000 1383 μηνύει
3076 1316 3247 1365 πάντα
3336 1312 3672 1383 Μεγάϐυζος,
3757 1316 3862 1363 καὶ

2250 1398 2537 1473 ἀναιρεῖται
2617 1402 2935 1476 Ἀρτάπανος
3119 1406 3294 1476 τρόπῳ
3364 1400 3565 1471 ἔμελλεν
3626 1400 3866 1472 ἀναιρεῖν

2250 1474 2607 1564 Ἀρτοξέρξην.
2654 1474 2755 1545 Καὶ
2798 1497 2995 1561 γίνεται
3029 1474 3198 1543 πάντα
3246 1488 3384 1549 δῆλα
3423 1494 3491 1544 τὰ
3542 1490 3869 1562 εἰργασμένα

2251 1578 2334 1631 ἐπὶ
2378 1579 2536 1653 Ξέρξη
2591 1585 2679 1632 καὶ
2726 1585 2997 1652 Δαρειαίῳ,
3052 1585 3139 1632 καὶ
3202 1579 3484 1632 ἀπόλλυται
3550 1586 3720 1651 πικρῷ
3766 1583 3870 1630 καὶ

2251 1674 2485 1739 κακίστῳ
2543 1672 2743 1740 θανάτῳ
2811 1670 3192 1741 Ἀσπαμίτρης,
3247 1670 3302 1731 ὃς
3361 1666 3421 1726 ἦν
3480 1672 3719 1728 κοινωνός
3774 1666 3870 1719 ἐπὶ

3294 1760 3608 1829 σκαφεύεται
3632 1759 3732 1828 γὰρ
3765 1761 3870 1808 καὶ

2254 1848 2417 1909 οὕτως
2457 1846 2761 1919 ἀναιρεῖται.
2805 1850 2971 1918 Μάχη
3024 1844 3082 1899 δὲ
3111 1852 3305 1918 γίνεται
3346 1847 3477 1917 μετὰ
3505 1850 3593 1898 τόν
3637 1848 3868 1898 θάνατον

2256 1938 2583 2009 Ἀρταπάνου
2630 1944 2728 1988 τῶν
2777 1956 2829 1988 τε
2877 1944 3185 2007 συνωμοτῶν
3235 1937 3396 1987 αὑτοῦ
3425 1940 3515 1987 καὶ
3557 1943 3656 1987 τῶν
3691 1933 3869 1986 ἄλλων

2260 2034 2491 2099 Περσῶν,
2525 2031 2607 2077 καὶ
2631 2031 2911 2078 πίπτουσιν
2938 2025 2988 2077 ἐν
3014 2033 3075 2097 τῇ
3100 2027 3253 2098 μάχη
3285 2027 3333 2077 οἱ
3364 2032 3498 2098 τρεῖς
3537 2031 3628 2075 τοῦ
3665 2023 3871 2096 Ἀρτα-

2259 2119 2421 2169 πάνου
2454 2119 2578 2181 υἱοὶ,
2607 2116 3017 2188 τραυματίζεται
3040 2111 3099 2166 δε
3123 2120 3213 2167 καὶ
3244 2112 3545 2185 Μεγάϐυζος
3578 2112 3829 2184 ἰσχυρῶς
3854 2133 3869 2145 ο

2261 2210 2350 2258 καὶ
2378 2207 2551 2279 θρηνεῖ
2574 2205 2913 2279 Ἀρτοξέρξης
2938 2209 3029 2256 καὶ
3058 2206 3087 2262 ἡ
3123 2204 3339 2276 Ἀμύτις
3368 2208 3458 2255 καὶ
3480 2204 3509 2261 ἠ
3542 2198 3866 2271 Ῥοδογούνη

2262 2300 2352 2346 καὶ
2412 2296 2441 2352 ἡ
2516 2300 2690 2367 μήτηρ
2750 2294 2917 2363 α’.)τῷν
2975 2293 3296 2364 Ἀμῆστρις,
3354 2296 3443 2343 καὶ
3492 2289 3639 2363 μόλις
3696 2287 3867 2359 πολλῇ

2265 2384 2525 2456 ἐπιμελείᾳ
2595 2384 2939 2457 περισώζεται
3000 2378 3384 2436 Ἀπολλωνίδου
3436 2383 3483 2415 ⁸³
3536 2380 3716 2453 ἰατροῦ
3773 2385 3872 2429 τοῦ

2268 2477 2415 2529 Κὼου
2425 2512 2436 2523 .

2338 2740 2643 2813 ’Λφίσταται
2692 2738 3027 2813 Ἀρτοξέρξου
3077 2740 3282 2811 Βάκτρα
3340 2741 3429 2789 καὶ
3483 2738 3510 2787 ό
3557 2736 3872 2805 σατράπης,

2265 2829 2414 2891 ἄλλος
2449 2828 2766 2899 Ἀρτάϐανος
2812 2849 2824 2861 ·
2871 2831 2961 2878 καὶ
3007 2832 3207 2897 γίνεται
3250 2827 3402 2898 μάχη
3450 2823 3726 2885 ἰσοπαλής.
3766 2828 3877 2875 Καὶ

2263 2924 2461 2989 γίνεται
2505 2918 2655 2970 πάλιν
2695 2916 2749 2969 έκ
2784 2913 3049 2990 δευτέρου,
3090 2919 3180 2967 καὶ
3210 2914 3395 2986 ἀνέμου
3421 2915 3559 2965 κατὰ
3581 2917 3876 2986 πρόσωπον

2264 3012 2527 3080 Βακτρίων
2569 3009 2885 3067 πνεύσαντος
2910 3010 3031 3075 νικᾷ
3057 3003 3417 3079 Ἀρτοξέρξης,
3443 3007 3534 3054 καὶ
3559 3007 3879 3075 προσχωρεῐ

499 3090 769 3156 efﬁcitur,
802 3096 981 3164 atque
1011 3092 1071 3147 in
1102 3092 1231 3163 ejus
1278 3093 1567 3150 ditionem
1610 3094 1837 3150 Bactria
1881 3096 2152 3152 concedit

2268 3097 2403 3167 αὐτῷ
2426 3102 2575 3149 πᾶσα
2596 3101 2843 3167 Βακτρία.

502 3195 800 3236 universa.

572 3267 788 3325 Deiecit
808 3272 866 3325 et
885 3271 1197 3343 Egyptus,
1225 3274 1397 3327 lnaro
1429 3272 1639 3344 Lydio,
1664 3273 1970 3347 alteroque
1992 3275 2158 3347 IEgy-

500 3358 620 3430 ptio
634 3358 900 3430 quodam
922 3359 1267 3417 defectionis
1296 3362 1673 3433 auctoribus,
1699 3368 1755 3419 et
1783 3363 1986 3420 omnia
2009 3364 2160 3420 bello

499 3448 762 3518 gerendo
811 3450 1145 3506 necessaria
1192 3457 1642 3522 comparantur.
1688 3452 1841 3517 Quin
1891 3457 1947 3509 et
1990 3454 2161 3509 Athe-

500 3536 737 3591 nienses
787 3538 960 3592 Inaro
1009 3538 1223 3609 petenti
1254 3540 1664 3610 quadraginta
1692 3556 1872 3596 naves
1918 3541 2164 3596 submit-

500 3628 651 3680 tunt.
684 3626 1085 3691 Quamobrem
1118 3628 1465 3683 Artaxerxes
1496 3629 1623 3700 ipse
1652 3630 1712 3684 in
1744 3630 1898 3686 hanc
1929 3630 2165 3702 expedi-

501 3714 719 3769 tionem
742 3714 1032 3786 proficisci
1057 3715 1377 3785 cogitabat.
1399 3714 1621 3773 Verum
1652 3717 1713 3773 id
1730 3718 1782 3773 ei
1810 3718 2021 3774 amicis
2045 3720 2168 3774 dis-

501 3802 906 3867 suadentibus,
939 3804 1424 3861 Achcemenidem
1460 3806 1703 3863 fratrem
1735 3822 1871 3863 cum
1896 3808 2165 3880 peditum

499 3891 765 3959 millibus
811 3893 1289 3965 quadringentis,
1330 3901 1387 3951 et
1434 3896 1689 3952 navibus
1738 3897 2045 3967 octoginta
2105 3901 2162 3954 in

500 3984 819 4054 Egyptum
864 3982 1058 4039 mittit.
1103 3985 1381 4054 Conﬂigit
1438 3986 1645 4042 lnarus
1688 4002 1827 4042 cum
1864 3986 2166 4043 Achmme-

500 4072 643 4128 nide
685 4078 1005 4145 ;superant
1048 4074 1347 4145 Egyptii;
1398 4076 1851 4132 Achaemenides
1915 4077 2041 4148 ipse
2086 4077 2165 4133 ab

501 4161 673 4217 Inaro
706 4178 1025 4234 percussus
1050 4164 1315 4227 moritur,
1342 4180 1681 4237 corpusque
1705 4165 1784 4221 ad
1807 4168 2161 4221 Artaxerxen

501 4250 770 4305 mittitur.
826 4254 883 4305 In
917 4252 1065 4307 mari
1114 4268 1358 4323 quoque
1391 4254 1703 4310 victoriam
1755 4253 1965 4310 Inarus
2014 4255 2164 4312 obti-

502 4340 650 4407 nuit,
697 4355 981 4408 magnam
1036 4341 1118 4397 ibi
1166 4341 1413 4410 gloriam
1465 4344 1710 4415 indepto
1763 4344 2168 4412 Charitimide,

2341 3273 2655 3343 Ἀφίσταται
2720 3272 3001 3341 Αἴγυπτος,
3054 3270 3252 3342 ἰνάρου
3310 3262 3514 3319 Λυδίου
3570 3267 3618 3299 9‘
3677 3261 3883 3338 ἀνδρὸς

2269 3366 2353 3415 καὶ
2414 3362 2585 3436 έτέρου
2634 3360 2926 3432 Αἰγυπτίου
2976 3363 3069 3416 τὴν
3122 3356 3415 3409 ἀπόστασιν
3474 3354 3879 3426 μελετήσαντος,

2271 3456 2357 3504 καὶ
2408 3450 2762 3524 εὖτρεπίζεται
2825 3451 2887 3500 τὰ
2948 3450 3077 3520 πρὸς
3128 3446 3345 3517 πόλεμον
3398 3467 3409 3477 ·
3465 3448 3726 3515 πέμπουσι
3789 3447 3880 3494 καὶ

2274 3540 2543 3599 Ἀθηναῖοι
2598 3540 2950 3611 αἰτησαμένου
3027 3536 3187 3587 αὐτοῦ
3262 3536 3653 3603 τεσσαράκοντα
3726 3540 3880 3591 νῆας.

2276 3636 2375 3682 Καὶ
2446 3630 2630 3701 μελετᾷ
2709 3628 2865 3689 αὐτὸς
2934 3624 3275 3696 Ἀρτοξέρξης
3333 3622 3732 3697 ἐκστρατεῦσαι,
3788 3627 3885 3672 καὶ

2272 3727 2373 3772 τὼν
2420 3718 2574 3790 φίλων
2631 3718 2689 3769 οὐ
2754 3715 3204 3788 συμϐουλευόντων
3246 3717 3434 3784 πέμπει
3484 3706 3883 3782 Ἀχαιμεδίνην

2273 3813 2357 3860 τόν
2404 3805 2641 3880 ἀδελφόν,
2685 3808 3075 3878 τεσσαράκοντα
3119 3806 3207 3874 μὶν
3251 3798 3519 3874 μυριάδας
3559 3799 3885 3870 έπαγόμενον

2277 3899 2574 3968 στράτευμα
2612 3897 2842 3958 πεζικόν,
2899 3902 3027 3954 νῆας
3082 3889 3140 3945 δὲ
3187 3891 3257 3942 π’.
3320 3888 3603 3962 Συμϐά).λει
3657 3888 3886 3959 πόλεμον

2274 3986 2475 4058 Ἰναρος
2521 3988 2651 4056 πρὸς
2705 3978 3113 4053 Ἀχαιμενίδην,
3168 3986 3254 4033 καὶ
3307 3987 3521 4031 νικῶσιν
3572 3977 3888 4046 Αἰγύπτιοι,

2272 4080 2361 4128 καὶ
2397 4074 2642 4145 βάλλεται
2673 4067 3059 4143 Ἀχαιμενίδης
3103 4071 3202 4121 ὑπὸ
3244 4069 3462 4140 Ἰνάρου,
3505 4072 3596 4118 καὶ
3648 4067 3889 4127 θνήσκει,

2272 4168 2357 4216 καὶ
2410 4163 2771 4233 ἀποπέμπεται
2842 4162 2867 4211 ό
2918 4162 3092 4231 νεκρὸς
3142 4158 3300 4209 αὑτοῦ
3372 4157 3441 4217 εἰς
3515 4154 3887 4228 Ἀρτοξέρξην.

2274 4248 2541 4309 Ἐνίκησεν
2573 4250 2777 4323 Ἰναρος
2826 4254 2914 4300 καὶ
2968 4250 3102 4299 κατὰ
3160 4246 3411 4298 θάλατταν
3464 4246 3533 4308 ³³,
3597 4247 3895 4315 Χαριτιμί-

2281 4341 2375 4395 δου
2417 4344 2464 4377 ⁹⁶
2518 4338 2983 4411 εὐδοκιμήσαντος,
3040 4336 3090 4395 ὃς
3145 4344 3243 4387 τῶν
3294 4334 3347 4396 ἐξ
3396 4333 3627 4390 Ἀθηνῶν
3669 4331 3717 4403 μ’
3752 4340 3893 4389 νηῶν

501 4428 608 4503 qui
628 4428 1032 4499 quadraginta
1050 4429 1287 4486 illarum
1312 4432 1579 4497 navium,
1598 4449 1735 4504 quas
1761 4432 1834 4488 ab
1860 4434 2144 4491 Athenien

2283 4431 2608 4505 ἐχρημάτιζε
2637 4431 2680 4463 9⁷
2715 4430 2977 4500 ναύαρχος
3007 4447 3018 4458 ·
3052 4430 3140 4476 καὶ
3181 4423 3222 4475 ν’
3257 4430 3467 4494 Περσῶν
3510 4429 3646 4485 νῆες,
3696 4423 3753 4472 αἰ
3798 4427 3890 4492 μεν

506 4516 670 4572 sibus
715 4517 1100 4584 advenerant,
1134 4518 1449 4589 praefectus
1498 4527 1643 4577 erat.
1678 4524 1825 4578 Nam
1873 4538 1947 4578 ex
1989 4524 2152 4595 quin-

2284 4520 2324 4573 κ’
2358 4520 2533 4581 αὐτοῖς
2579 4514 2832 4591 ἀνδράσιν
2862 4516 3177 4585 ἐλήφθησαν,
3220 4515 3273 4565 αἱ
3312 4508 3371 4564 δε
3414 4510 3456 4561 λ’
3501 4508 3891 4583 διεφθάρησαν,

502 4606 793 4678 quaginta
816 4606 1073 4663 navibus
1106 4607 1368 4673 Persicis,
1399 4608 1603 4678 viginti
1639 4625 1775 4665 cum
1801 4610 1950 4681 ipsis
1978 4612 2152 4667 homi'

2285 4607 2395 4663 εἶτα
2440 4613 2695 4680 πέμπεται
2762 4608 2897 4657 κατὰ
2954 4604 3151 4677 Ἰνάρου
3201 4599 3522 4672 Μεγάϐυζος,
3580 4597 3895 4669 ἐπαγόμενος

502 4695 682 4752 nibus
715 4703 903 4770 captas
954 4702 1115 4765 sunt,
1149 4697 1394 4771 reliqua:
1449 4698 1690 4771 triginta
1734 4698 1979 4771 periere.
2015 4699 2152 4772 4οέ

2285 4699 2405 4751 ἄλλο
2460 4698 2757 4771 στράτευμα
2802 4698 2927 4767 πρός
2975 4700 3046 4761 τῷ
3089 4690 3461 4762 ὑπολειφθέντι,
3513 4684 3782 4761 μυριάδας
3821 4686 3891 4753 κ’,

502 4786 736 4843 Mittitur
784 4793 921 4857 post
964 4787 1091 4843 haac
1143 4788 1509 4860 Megabyzus
1566 4789 1859 4845 adversus
1908 4789 2148 4845 lnarum

2284 4792 2371 4839 καὶ
2413 4796 2539 4847 νῆας
2601 4784 2664 4853 τ’,
2715 4788 2798 4835 καὶ
2861 4781 3139 4836 ἐπιστάτην
3188 4779 3370 4840 αὑταῖς
3418 4780 3466 4813 9⁸
3522 4777 3769 4851 Ὀρίσκον
3821 4779 3893 4841 θ’,

502 4875 606 4948 qui
638 4874 714 4930 ad
736 4876 943 4948 copias
972 4893 1107 4949 quas
1134 4877 1378 4950 reliquae
1410 4878 1671 4948 fuerant,
1700 4879 1885 4935 alium
1916 4878 2151 4936 duceba

2285 4881 2349 4937 ὡς
2376 4873 2503 4929 εἶναι
2533 4879 2697 4946 χωρὶς
2728 4882 2825 4925 τῶν
2856 4880 2977 4923 νεὼν
3021 4872 3078 4921 τὸ
3123 4869 3244 4920 ἄλλο
3269 4868 3464 4930 πλῆθος
3492 4867 3532 4918 ν’
3564 4862 3839 4938 μυριάδας
3875 4881 3887 4891 '

500 4964 835 5023 exercitum
864 4966 1263 5025 ducentorum
1294 4968 1569 5036 millium,
1605 4984 1742 5025 cum
1774 4969 2032 5027 navibus
2064 4974 2147 5025 tre

2287 4961 2670 5037 Ἀχαιμενίδης
2716 4965 2817 5035 γὰρ
2870 4963 2952 5014 ὅτε
3007 4962 3178 5023 ἔπεσε,
3234 4953 3363 5010 δέκα
3419 4952 3670 5030 μυριάδες
3718 4955 3894 5025 αὐτῷ,

1846 5092 2079 5149 VARI/E
2120 5090 2411 5149 LECTION
2422 5088 2520 5145 ES.

574 5218 622 5291 _'°
649 5214 995 5291 Ἀρταξέρξης
1026 5234 1080 5280 ςο
1105 5218 1201 5291 ___°'
1226 5216 1572 5291 76970559509
1606 5232 1753 5273 corr-
1791 5219 1874 5273 A=
1911 5222 2183 5291 ᾼαρείιοςίου
2218 5239 2271 5282 ςο
2351 5216 2401 5291 ’Ξ
2428 5212 2807 5291 haerere.“
2842 5216 2880 5263 Α
2916 5208 3366 5291 ε.ῖτ9ιρξιιν9τ3ξιτνοε
3389 5224 3452 5291 5.-
3479 5201 3884 5291 ,.ῗ3.,“Απολλω’

503 5284 651 5363 won
698 5275 1075 5363 Steiiiig’nus':
1103 5287 1233 5363 libri
1268 5275 1631 5342 Ἀπουληίου.
1746 5291 1799 5363 ρξ
1828 5275 2056 5363 Λυδίου]
2086 5275 2271 5363 immo
2295 5285 2510 5363 AtGuog.
2538 5275 2672 5339 'vid.‘
2710 5279 3041 5353 Thucydid.
3077 5281 3116 5343 i,
3152 5275 3274 5333 iet.
3389 5277 3435 5310 οε
3477 5275 3784 5327 θάλλασσαν
3817 5295 3875 5339 ς,

507 5361 555 5395 ﬂ
580 5356 969 5434 χαριστιμίδου
999 5365 1059 5412 Α·
1139 5360 1182 5395 ⁹⁷
1217 5363 1546 5433 ἐχρημάτισε
1574 5383 1629 5426 ς.
1708 5362 1755 5397 ⁹⁸
1784 5360 1920 5418 libri
1943 5356 2136 5421 αὐτοῖς.
2216 5361 2262 5395 ⁹⁹
2295 5360 2537 5432 Ὠρίσκον
2572 5376 2627 5420 ς.

2074 5484 2117 5541 Ν
2124 5487 2297 5543 ΟΤᾸΞ.

2344 5606 2454 5677 (98)
2471 5603 2664 5665 Habes
2686 5602 2747 5659 id
2770 5617 2805 5659 ο.
2826 5599 3143 5677 Plutarcho
3164 5596 3595 5672 descriptumin
3620 5596 3750 5653 Vita
3771 5598 3873 5651 Ar-

524 5654 530 5661 .
602 5607 692 5677 96)
727 5609 1127 5679 Longimanus
1158 5615 1576 5680 cognomento.
2344 5607 2664 5677 (98)Habes
2686 5607 2747 5659 id
2770 5617 2805 5659 ο.
2827 5607 3052 5685 Plutarc

578 5608 693 5754 £97)
722 5681 899 5737 Paulo
926 5685 1095 5736 antes
1125 5680 1443 5753 Spamitres
1475 5681 1690 5738 dictus.
2273 5683 2549 5750 taxerxie,
2581 5691 2722 5732 mox
2748 5690 2783 5731 a
2808 5688 3052 5749 principi

2273 5683 2549 5750 taxerxie,
2581 5691 2722 5732 mox
2748 5690 2783 5731 a
2808 5683 3114 5749 principio.

602 5680 693 5754 97)
722 5681 899 5737 Paulo
926 5685 1095 5736 antes
1125 5680 1443 5753 Spamitres
1475 5681 1690 5738 dictus.
