4036 6214
188 319 266 377 l89

1276 309 1787 368 BIBLIOTHECA.‘
1812 339 1881 352 —
1913 309 2070 367 COD.
2106 311 2320 368 LXXII.

3382 309 3489 367 190

185 446 226 508 εξ
259 444 316 494 ὧν
361 439 443 513 ἦγε
491 441 562 514 μ’,
621 435 1100 513 συνδιεφθάρησαν.
1153 441 1355 491 Γίνεται
1409 433 1498 490 οὖν
1563 438 1716 510 μάχη

1832 436 2038 501 centis,
2084 436 2305 509 quibus
2342 437 2581 496 Oriscus
2606 438 2861 508 prayerat
2893 450 2908 489 :
2939 439 3006 492 ut
3033 438 3247 508 praeter
3278 450 3484 502 naves,

182 534 380 607 κρατερὰ,
407 535 490 585 καὶ
538 535 820 582 πίπτουσιν
878 529 1234 603 ἀμφοτέρωθεν
1277 525 1468 591 πολλοὶ,
1515 527 1720 587 πλείους

183 619 228 675 δε
261 621 522 692 Αἰγύπτιοι,
562 624 651 672 καὶ
699 617 880 692 βάλλει
930 617 1240 690 Μεγάϐυζος
1287 617 1357 679 εἰς
1415 619 1500 668 τὸν
1553 619 1718 688 μηρόν

183 712 337 782 Ἰναρσν
390 712 426 776 ί,
473 715 560 762 καὶ
611 713 872 783 τρέπεται,
922 712 1009 760 καὶ
1083 715 1268 759 νικῶσι
1340 710 1542 779 Πέρσαι
1585 709 1720 758 κατά

180 801 339 873 ιράτος.
368 801 536 870 Φεὺγει
575 796 634 851 δε
685 801 815 872 πρὸς
862 801 954 856 τήν
1014 795 1200 849 Βύϐλον
1243 795 1444 868 ’Ἱναρος
1498 795 1666 866 (πόλις
1697 797 1718 830 ³

179 891 338 960 ἰσχυρὰ
383 886 428 940 έν
477 888 740 959 Ἀἰγύπτῳ
788 887 966 959 αὕτη),
1008 891 1094 938 καὶ
1137 889 1185 939 οἱ
1234 885 1465 946 Ἕλληνες
1509 881 1568 937 δε
1609 883 1718 955 μετ’

177 979 314 1040 αὐτοῦ,
343 979 450 1029 ὅσοι
499 982 574 1049 μή
632 975 680 1028 ἕν
723 984 784 1048 τῇ
810 977 833 1010 ³
863 977 1014 1048 μάχῃ
1060 981 1149 1028 καὶ
1201 977 1332 1047 μετὰ
1369 971 1718 1046 Χαριτιμίδου

173 1067 395 1118 ἀπέθανον.
451 1065 567 1139 [121
624 1063 715 1138 3.]
779 1069 1095 1140 Ιῐροσχωρεῖ
1151 1061 1211 1117 δε
1267 1067 1528 1134 Λῖγυπτος
1587 1061 1718 1121 πλὴν

170 1154 327 1207 Βύϐλου
374 1159 498 1228 πρός
550 1153 880 1226 Μεγάϐυζον.
933 1154 1074 1206 Ἐπεὶ
1125 1151 1184 1207 δὲ
1241 1152 1402 1212 ἐκείνη
1464 1152 1720 1212 ἀνάλωτος

169 1241 320 1308 ἐδόκει,
363 1241 636 1296 σπένδεται
689 1247 813 1316 πρὸς
871 1248 1066 1316 Ἵναρον
1127 1247 1215 1295 καὶ
1269 1247 1386 1305 τούς
1455 1240 1717 1307 Ἕλληνας,

165 1333 510 1403 ἇαισχιλὶους
565 1335 712 1392 ὄντας
757 1339 848 1384 καὶ
899 1335 972 1384 ἔτι
1019 1335 1171 1404 πρὸς,
1212 1334 1238 1384 ὁ
1287 1329 1612 1403 Μεγάϐυζος,
1646 1330 1718 1402 ἐφ’

165 1423 194 1491 ᾧ
229 1420 373 1492 μηδὲν
419 1426 581 1474 κακόν
623 1425 768 1496 παρά
820 1421 1072 1496 βασιλέως
1123 1423 1211 1493 [60
1242 1420 1351 1494 Η.]
1395 1419 1584 1484 λαϐεῖν,
1632 1425 1721 1473 καὶ

162 1515 253 1571 τοὺς
291 1511 548 1576 Ἕλληνας,
609 1514 691 1564 ὅτε
745 1509 1032 1584 βούλοιντο,
1066 1515 1196 1585 πρὸς
1242 1513 1309 1564 τά
1360 1511 1527 1562 οἰκεῖα
1573 1509 1722 1563 ἐπαν-

163 1599 618 1658 ελθεῐν.Καθίστησι
661 1597 720 1653 δε
762 1609 855 1661 τῆς
905 1601 1166 1672 Αἰγύπτου
1199 1603 1472 1673 σατράπην
1517 1602 1722 1674 Σαρσά-

159 1707 237 1758 μιν
261 1689 299 1738 ⁸.
348 1695 444 1742 Καὶ
490 1689 662 1742 λαϐὼν
708 1689 908 1761 Ἰναρον
963 1696 1050 1742 καὶ
1100 1693 1220 1751 τούς
1265 1689 1514 1751 Ἕλληνας
1555 1709 1720 1762 παρα·

158 1781 320 1846 γίνεται
363 1783 488 1850 πρὸς
517 1779 734 1853 Ξέρξην,
767 1785 858 1832 καὶ
899 1781 1129 1852 εὑρίσκει
1174 1778 1286 1831 λίαν
1338 1781 1474 1831 κατά
1522 1779 1718 1853 Ἰνάρου
1753 1789 1796 1844 Β

158 1866 488 1937 τεθυμωμένον,
530 1869 611 1920 ὅτι
659 1872 746 1920 τὸν
803 1864 1020 1940 ἀδελφόν
1067 1864 1451 1940 Ἀχαιμενίδην
1504 1865 1718 1919 ἀπεκτο-

154 1961 226 2014 νὼς
291 1959 383 2013 εἴη.
439 1965 712 2028 Δεηγειται
763 1960 829 2009 τά
878 1961 1122 2028 γεγονότα
1183 1955 1493 2028 Μεγάϐυζος
1539 1957 1582 2026 ⁵,
1629 1962 1719 2009 καὶ

154 2045 208 2104 ὡς
262 2049 450 2106 πίστεις
509 2043 640 2108 δούς
697 2046 878 2118 Ἰνάρῳ
930 2051 1020 2098 καὶ
1086 2053 1195 2109 τοῖς
1240 2044 1456 2102 Ἕλλησι
1527 2043 1718 2098 Βύϐλον

153 2133 308 2204 εἴληφε·
355 2139 440 2187 καὶ
493 2135 780 2199 ἕξαιτεῖται
826 2136 1052 2209 λιπαρῶς
1131 2133 1354 2208 βασιλέα
1433 2139 1549 2210 περὶ
1622 2144 1718 2198 τῆς

153 2221 289 2274 αὐτῶν
354 2226 376 2260 ⁶
430 2231 719 2297 σωτηρίας,
775 2231 866 2279 καὶ
941 2224 1212 2298 λαμϐάνει,
1257 2231 1346 2278 καὶ
1397 2225 1636 2296 έξάγεται
1692 2227 1712 2260 ⁷

149 2310 259 2373 τέλος
302 2321 360 2384 τῇ
415 2321 651 2388 στρατιᾷ
695 2317 765 2376 ὡς
824 2313 1022 2390 Ἰναρος
1070 2319 1159 2366 καὶ
1188 2317 1237 2366 οἱ
1284 2313 1518 2375 Ἓλληνες
1565 2310 1716 2366 ούδεν

148 2403 274 2451 me.
300 2407 573 2455 πείσονται
603 2404 645 2454 ⁸.

1827 526 2070 600 reliquas
2123 529 2310 599 copiae
2352 527 2813 597 quingentorum
2865 525 3113 582 millium
3164 540 3486 583 numerum

1829 617 2151 688 explerent.
2184 619 2332 672 Nam
2360 632 2496 672 cum
2531 616 2983 672 Achaamenides
3023 615 3253 678 cecidit,
3283 631 3315 670 θ
3341 630 3490 690 qua-

1829 706 2156 778 dringentis
2184 705 2589 778 millibusqum
2615 707 2880 773 duxerat,
2899 711 3139 762 centum
3161 721 3285 762 una
3302 703 3487 761 millia

1829 795 2144 867 perierant.
2176 796 2479 864 Pugnatur
2505 795 2705 868 itaque
2747 795 2930 851 modo
2977 795 3206 857 acriter,
3236 809 3306 850 ac
3338 793 3488 851 mul-

1829 885 1902 940 tis
1934 884 2208 954 utrinque
2235 883 2611 951 cadentibus,
2641 884 2840 955 plures
2867 889 3066 940 tamen
3098 883 3354 956 Egyptii
3389 898 3486 940 oc-

1829 972 2139 1028 cumbunt.
2169 973 2409 1028 [narum
2456 973 2697 1030 tandem
2764 973 3113 1045 Megabyzus
3153 973 3212 1028 in
3264 971 3490 1030 femore

1828 1061 2119 1127 vulnerat,
2147 1068 2327 1133 atque
2356 1062 2416 1117 in
2439 1062 2646 1132 fugam
2678 1063 2850 1118 vertit
2876 1079 2890 1118 :
2937 1068 2994 1118 et
3018 1061 3247 1117 viribus
3293 1062 3486 1118 Persa

1830 1149 2097 1206 fortiores
2154 1149 2292 1206 facti
2347 1150 2612 1209 vincunt.
2668 1151 2928 1222 Fugiens
2995 1155 3197 1207 autem
3254 1150 3484 1215 Inarus,

1832 1239 2083 1312 Byblum
2111 1255 2171 1295 se
2202 1239 2422 1312 recepit
2447 1241 2614 1310 (urbs
2633 1240 2763 1296 haec
2787 1241 2848 1296 in
2872 1243 3126 1313 Egypto
3155 1244 3246 1296 est
3281 1239 3488 1296 admo~

1829 1329 1975 1384 dum
1996 1329 2248 1400 munita)
2289 1335 2345 1385 et
2371 1346 2508 1385 cum
2539 1345 2610 1386 eo
2650 1330 2831 1386 Graeci
2861 1346 3095 1396 omnes,
3137 1329 3486 1402 quicunque

1830 1416 1991 1474 velin
2006 1418 2232 1489 prmlio,
2247 1419 2340 1474 vel
2362 1435 2500 1475 cum
2519 1419 2902 1475 Charimitide
2928 1419 3066 1474 cassi
3093 1433 3214 1474 non
3231 1419 3482 1474 fuerant.

1831 1507 1961 1572 Qua
2020 1523 2093 1562 ex
2120 1523 2182 1562 re
2213 1512 2428 1579 praeter
2481 1508 2755 1580 Byblum,
2785 1511 3072 1579 Egyptus
3098 1507 3382 1563 universa
3407 1505 3488 1563 ad

1829 1595 2124 1665 Megabazi
2166 1601 2364 1669 partes
2403 1613 2466 1652 se
2505 1597 2799 1668 adjunxit.
2834 1599 2898 1652 Et
2927 1597 3218 1670 quoniam
3262 1595 3483 1668 Byblus

1829 1687 2155 1757 expugnari
2193 1701 2314 1742 non
2354 1701 2529 1758 posse
2571 1685 2904 1752 videbatur,
2948 1685 3304 1756 Megabyzus
3342 1700 3482 1740 cum

1827 1783 1999 1835 lnaro
2039 1789 2094 1830 et
2125 1775 2358 1840 Graecis,
2397 1791 2658 1845 quorum
2697 1779 2868 1830 erant
2906 1789 3089 1844 supra
3127 1789 3228 1830 sex
3267 1773 3470 1837 millia,

1825 1864 1944 1921 ﬁde
1983 1865 2126 1920 data
2151 1863 2488 1936 paciscitur,
2517 1863 2751 1920 nullum
2778 1879 2880 1920 eos
2917 1879 2954 1919 a
2990 1877 3129 1933 rege
3159 1863 3490 1918 incommo-

1825 1953 1972 2010 dum
2006 1957 2377 2025 accepturos,
2417 1969 2487 2009 ac
2529 1953 2767 2009 Graecos
2815 1952 3018 2016 etiam,
3061 1967 3200 2008 cum
3256 1950 3486 2017 liberet,

1825 2045 2074 2099 domum
2100 2057 2464 2098 reversuros.
2517 2044 2831 2099 Sartaman
2859 2041 3038 2110 igitur
3066 2056 3204 2096 cum
3229 2043 3484 2112 Egypto

1825 2130 2206 2204 praefecisset,
2240 2136 2555 2204 assumpto
2593 2147 2798 2188 secum
2827 2133 3003 2186 Inaro
3035 2129 3370 2200 Grascisque
3405 2126 3487 2184 ad

1823 2223 2187 2277 Artaxerxen
2219 2219 2612 2292 proﬁciscitur
2648 2235 2661 2275 :
2693 2235 2877 2292 quem
2909 2218 3138 2274 invenit
3182 2217 3358 2274 lnaro
3390 2233 3491 2273 ve-

1827 2311 2140 2366 hementer
2158 2309 2394 2374 iratum,
2425 2309 2591 2383 quod
2623 2309 2672 2364 is
2694 2307 3176 2365 Achaemenidem
3199 2306 3355 2376 regis
3371 2305 3489 2362 fra-

1826 2407 1981 2460 trem
2025 2399 2413 2456 intert‘ecerat.
2474 2401 2650 2456 Porro
2706 2399 3083 2470 Megabyzus,
3139 2412 3276 2468 quas
3317 2399 3488 2466 gesta

146 2486 363 2556 fuerant,
394 2493 608 2549 omnia
638 2498 863 2558 narrat,
896 2499 952 2549 et
982 2491 1290 2565 quomodo
1321 2492 1439 2548 ﬁde
1472 2493 1646 2549 Inaro
1697 2490 2031 2562 Graecisque
2055 2490 2199 2545 data
2231 2489 2484 2561 Byblum
2513 2488 2770 2560 ceperit:
2801 2486 3080 2560 precibus
3111 2485 3248 2542 dein
3284 2483 3487 2541 multis

147 2579 280 2650 apud
313 2595 515 2652 regem
546 2581 854 2642 instando.
879 2589 942 2638 ut
969 2583 1170 2639 salvos
1201 2597 1304 2639 eos
1336 2598 1465 2638 esse
1497 2582 1691 2648 vellet,
1726 2579 2028 2654 postulata
2072 2579 2360 2651 impetrat
2386 2594 2397 2631 :
2431 2577 2798 2650 tandemque
2837 2575 2915 2632 ad
2947 2575 3270 2630 exercitum
3299 2572 3490 2629 defer-

144 2671 236 2733 tur,
262 2668 496 2727 [narum
523 2687 597 2728 ac
633 2673 866 2728 Graacos
886 2671 1033 2727 nihil
1065 2671 1200 2727 mali
1226 2687 1357 2728 esse
1386 2687 1701 2744 passuros.

202 2759 396 2829 Ἀμύτις
454 2757 516 2814 δέ
565 2761 694 2833 ὑπὲρ
747 2769 839 2814 τοῦ
888 2757 1532 2833 παιδὸςἈχαιμενίδουθ
1569 2758 1717 2815 δεινά

146 2845 352 2914 ἐποιεῖτο,
411 2849 456 2902 εἰ
525 2855 600 2922 μή
677 2854 1042 2924 τιμωρήσαιτο
1096 2852 1143 2886 ¹⁰
1200 2850 1401 2924 Ἱναρον
1461 2857 1549 2904 καὶ
1597 2855 1718 2912 τοὺς

144 2935 374 3000 Έλληνας·
452 2943 548 2991 καὶ
627 2939 849 2992 αἰτεῖται
915 2940 1084 2992 ταῦτα
1151 2939 1380 3012 βασιλεῖ,
1440 2942 1466 2992 ὁ
1518 2937 1577 2993 δὲ
1623 2939 1716 2993 ούκ

146 3022 410 3080 ἱνδίδωσινο
459 3030 573 3081 εἶτα
640 3028 931 3100 Μεγαϐύζῳ
981 3031 1048 3094 ﬂ,
1099 3031 1125 3080 ό
1205 3026 1266 3082 δε
1333 3028 1714 3102 ἀποπέμπεται.

146 3112 247 3166 Εἶτα
284 3116 387 3168 ἐπεὶ
437 3114 669 3190 διώχλει
713 3120 801 3170 τόν
839 3120 972 3185 υἱόν,
1005 3120 1407 3192 κατειργάσατο,
1439 3123 1529 3171 καὶ
1571 3123 1718 3172 πέντε

143 3205 460 3277 παρελθόντων
516 3205 647 3259 έτῶν
703 3205 954 3279 λαμϐάνει
1001 3211 1087 3259 τόν
1124 3214 1321 3282 Ίναρον
1363 3211 1506 3281 παρά
1554 3207 1720 3281 βασι·
1757 3180 1797 3236 C

141 3291 238 3352 λέυς
278 3301 362 3347 καὶ
419 3299 547 3357 τούς
601 3295 870 3359 Έλληνας.
925 3302 1026 3349 Καὶ
1078 3295 1439 3370 ἀνεσταύρωσε
1492 3301 1582 3370 μὲν
1635 3295 1718 3348 έπὶ

143 3388 261 3453 τρισί
328 3391 603 3458 σταυροῖς·
678 3390 997 3443 πεντήκοντα
1074 3383 1134 3438 δε
1198 3385 1466 3456 Ἐλλήνων,

142 3469 283 3524 λαϐεῖν
349 3478 579 3545 ἴσχυσε,
652 3478 846 3526 τούτων
919 3477 1062 3546 ἔτεμε

1563 3387 1717 3446 ὅσους

1143 3477 1237 3537 τὰς
1316 3475 1552 3548 κεφαλάς.
1616 3479 1714 3528 Καὶ

143 3558 338 3620 ﬁas-4'91:
402 3563 576 3622 λύπην
640 3560 873 3638 σφοδρὰν
920 3562 1243 3636 Μεγάϐυζος,
1302 3569 1390 3617 καὶ
1448 3564 1714 3627 ἐπένθησε,

142 3656 211 3702 καί
259 3654 488 3724 ᾐτήσατο
536 3655 628 3706 ἐπὶ
676 3658 863 3727 Συρίαν
908 3658 995 3711 τὴν
1042 3653 1228 3707 εαυτοῦ
1275 3659 1458 3728 χώραν
1490 3653 1712 3706 ἀπιέναι⁹

143 3739 325 3792 ἐνταῦθα
374 3743 548 3816 λάθρα
610 3749 702 3794 καὶ
741 3747 861 3804 τούς
916 3742 1101 3804 ἄλλους
1153 3752 1252 3795 τῶν
1293 3743 1542 3802 Ἑλλήνων
1588 3762 1713 3817 προ-

142 3832 317 3898 έπεμπε.
378 3831 485 3887 Καὶ
573 3831 753 3906 ἀπῄει,
825 3837 914 3885 καὶ

143 3914 342 3990 ἀθροίζει
380 3922 618 3993 μεγάλην
668 3919 912 3993 δύναμιν,
941 3923 1077 3996 ἄχρι
1128 3921 1184 3974 ιε’
1232 3919 1505 3994 μυριάδων
1548 3927 1717 3996 χωρὶς

143 4013 220 4057 τῶν
259 4010 441 4063 ἱππέων
481 4017 576 4064 καὶ
615 4020 713 4064 τῶν
757 4012 942 4074 πεζῶν.
981 4016 1076 4066 Καὶ
1128 4015 1383 4084 πέμπεται
1433 4015 1649 4085 Οὔσιρις
1671 4014 1716 4048 1³

142 4098 232 4146 κατ’
271 4099 425 4151 eritsi
458 4104 557 4153 σύν
602 4100 649 4152 κ’
688 4103 930 4172 μυριάσι,
974 4105 1063 4152 καὶ
1114 4102 1427 4154 συνάπτεται
1481 4103 1717 4174 πόλεμος,

143 4190 214 4236 uti
255 4184 536 4259 βάλλουσιν
597 4187 844 4250 ἀλλήλους
909 4189 1212 4261 Μεγάϐυζος
1263 4197 1352 4243 καὶ
1405 4194 1641 4264 Οὔσιρις,
1693 4193 1718 4244 ὁ

143 4283 212 4340 μέν
246 4275 475 4348 ἀκοντίῳ,
505 4284 597 4330 καὶ
649 4282 902 4350 τυγχάνει
945 4278 1257 4351 Μεγαϐύζου
1298 4281 1370 4342 εἰς
1413 4285 1498 4333 τόν
1552 4286 1718 4356 μηρὸν

144 4367 214 4412 mi
260 4373 532 4438 τιτρώσκει
583 4369 720 4440 ἄχρι
772 4364 1038 4420 δακτύλων
1089 4365 1208 4434 δύο,
1267 4372 1294 4422 ὀ
1352 4366 1412 4422 δέ
1467 4373 1720 4434 ὡσαύτως

146 4448 326 4524 ἀκοντίῳ
399 4460 486 4508 τόν
557 4464 653 4508 τοῦ
709 4457 954 4530 Ούσίριος
996 4463 1182 4531 μηρόν·
1245 4455 1356 4512 εἶτα
1405 4457 1584 4531 βάλλει
1647 4462 1719 4522 εἰς

993 3831 1194 3891 ἀπέστη
1278 3831 1553 3904 βασιλέως,
1626 3837 1715 3885 καὶ

1900 2757 2212 2812 Enimvero
2233 2754 2462 2827 Amytis
2493 2755 2627 2825 (99),
2669 2769 2791 2826 prae.
2821 2753 3026 2809 dolore
3050 2768 3123 2808 ex
3154 2750 3254 2806 ﬁlii
3285 2750 3486 2807 Achra-

1829 2845 2088 2903 menidm
2126 2846 2382 2910 interitu,
2416 2844 2728 2914 indignam
2749 2858 2876 2898 rem
2906 2841 3029 2897 fore
3057 2839 3482 2904 arbitrabatur,

1828 2935 1942 2992 nisi
1970 2951 2109 2992 cum
2137 2933 2351 2991 Graecis
2382 2934 2592 2989 Inarus
2622 2946 2865 3006 quoque
2893 2945 3108 3004 pmnas
3133 2928 3245 2985 sibi
3275 2929 3483 2997 daret;

1827 3039 2014 3097 quare
2051 3023 2130 3080 ab
2155 3037 2296 3094 rege
2335 3022 2450 3078 sibi
2478 3021 2609 3078 illos
2642 3019 2916 3094 poposcit
2946 3039 2960 3090 ;
3000 3034 3211 3075 verum
3242 3016 3336 3074 ille
3363 3031 3488 3073 non

1827 3113 2064 3170 tradidit
2115 3130 2128 3180 ;
2180 3112 2397 3168 deinde
2450 3111 2528 3168 ab
2583 3111 2716 3184 ipso
2765 3108 3107 3180 Megabyso,
3161 3110 3268 3164 sed
3315 3119 3492 3180 aeque

1829 3201 2128 3275 repellitur
2159 3219 2171 3259 :
2215 3201 2404 3258 donec
2434 3201 2698 3266 tandem,
2735 3198 2883 3255 dum
2912 3197 3036 3255 ﬁlio
3072 3196 3324 3253 molesta
3355 3210 3488 3252 esse

1828 3307 1950 3348 non
2000 3291 2233 3356 desinit,
2275 3291 2434 3363 quod
2490 3289 2739 3362 optabat
2776 3288 3045 3354 confecit,
3087 3286 3488 3360 quintumque

1828 3385 1966 3453 post
1993 3394 2221 3436 annum
2255 3380 2495 3437 lnarum
2520 3381 2737 3454 pariter
2761 3383 2818 3434 et
2837 3376 3075 3434 Graecos
3101 3392 3137 3432 θ.
3159 3390 3298 3445 rege
3321 3388 3487 3431 acce-

1825 3470 1931 3543 pit.
1967 3472 2030 3525 Et
2060 3470 2338 3526 crucibus
2365 3471 2610 3540 quidem
2657 3468 2845 3524 tribus
2873 3468 2953 3538 (t)
2995 3466 3165 3522 illum
3220 3463 3483 3520 sufﬁxit:

1826 3559 1900 3614 de
1927 3559 2142 3615 Grmcis
2169 3574 2312 3615 vero
2338 3558 2778 3631 quinquaginta
2821 3562 2926 3622 (tot
2955 3556 3115 3612 enim
3145 3568 3358 3626 capere
3383 3568 3489 3626 po-

1827 3652 1957 3723 tuit)
2007 3649 2206 3721 capita
2245 3649 2472 3704 curavit
2503 3645 2821 3719 amputari.
2857 3649 3068 3718 Magno
3098 3660 3240 3714 ergo
3290 3645 3482 3712 Mega-

1827 3738 2014 3812 byzus
2031 3736 2236 3793 dolore
2257 3736 2542 3807 luctuque
2554 3749 2906 3806 oppressus,
2937 3738 3001 3788 ut
3021 3731 3133 3786 sibi
3161 3732 3220 3786 in
3253 3730 3485 3802 Syriam

1826 3829 2130 3899 regionem
2175 3841 2347 3881 suam
2383 3823 2676 3895 proﬁcisci
2723 3821 2940 3885 liceret,
2989 3819 3173 3892 petiit,
3202 3834 3325 3892 quo
3358 3818 3487 3890 jam

1827 3915 2054 3974 occulte
2085 3919 2330 3971 caeteros
2363 3914 2699 3969 ercorum
2730 3910 3124 3983 praemiserat,
3159 3922 3349 3979 eoque
3381 3905 3483 3961 ali.

1826 4003 2074 4078 quando
2099 4002 2419 4075 profectus,
2445 4017 2481 4056 a
2511 4015 2648 4069 rege
2661 3997 2932 4063 descivit,
2963 4011 3216 4067 magnas
3235 3994 3482 4050 omnino

1828 4094 2037 4167 copias
2056 4093 2360 4165 colligens,
2385 4091 2461 4147 ad
2484 4095 2722 4147 centum
2745 4101 2934 4160 usque
2965 4091 3022 4142 et
3042 4083 3484 4158 quinquaginta

1829 4185 2033 4249 millia,
2081 4197 2354 4240 seorsum
2391 4180 2662 4254 equitum
2728 4177 3142 4250 peditumque.
3193 4173 3485 4230 Adversus

1829 4291 1967 4333 eum
2013 4273 2172 4348 51a
2211 4271 2391 4330 Osiris
2431 4269 2678 4326 mittitur
2716 4283 2854 4323 cum
2888 4263 3158 4321 ducentis
3202 4262 3482 4318 millibus.

1830 4365 2111 4422 Conserta
2144 4363 2277 4419 dein
2314 4376 2519 4427 manu,
2562 4365 2770 4416 mutuo
2802 4371 2932 4412 sese
2963 4354 3272 4411 vulnerant
3302 4351 3484 4410 Osiris

1830 4471 1897 4511 ac
1926 4453 2279 4526 Megabyzus
2325 4464 2338 4504 :
2373 4450 2465 4507 ille
2503 4448 2702 4522 jaculo
2735 4445 3033 4517 Megabyzi
3077 4444 3272 4499 femur
3312 4441 3484 4499 attin-

146 4541 211 4588 τὸν
257 4543 672 4613 ὦμον,κάκεῖνος
727 4549 905 4598 πίπτει
954 4545 1009 4598 ἐκ
1066 4554 1156 4598 τοῦ
1213 4549 1394 4614 ἵππου,
1431 4554 1520 4602 καὶ
1573 4569 1716 4622 περι-

1830 4561 1994 4615 gens,
2024 4543 2179 4599 duos
2196 4541 2378 4598 altum
2399 4539 2619 4612 digitos
2641 4537 2854 4594 vulnus
2885 4534 3127 4600 inﬂixit;
3151 4533 3248 4588 hic
3277 4531 3482 4588 itidem

149 4636 265 4698 σχὼν
304 4633 620 4704 Μεγάϐυζος
657 4637 985 4705 προστάσσει
1033 4635 1305 4690 ἀναλαϐεῖν
1353 4642 1442 4690 καὶ
1495 4648 1712 4712 περισῶ-

151 4734 233 4768 ηι.
273 4721 518 4776 Ἐπιπτον
572 4719 634 4776 δε
681 4723 858 4776 πολλοὶ
904 4733 1002 4776 τῶν
1037 4732 1272 4799 Περσῶν,
1317 4731 1405 4780 καὶ
1455 4727 1716 4800 ἐμάχοντο

149 4802 355 4878 ἀνδρείως
409 4815 460 4864 οἱ
535 4819 633 4864 τοῦ
693 4811 1006 4884 Μεγαϐύζου
1070 4811 1260 4876 παῖδες
1317 4821 1563 4890 Ζώπυρος
1627 4826 1714 4876 καὶ

150 4896 373 4970 ’Δρτύῖριος
404 4903 472 4969 ¹³,
505 4906 600 4955 καὶ
624 4906 741 4961 νίκη
771 4907 969 4974 γίνεται
998 4902 1298 4977 Μεγαϐύζῳ
1321 4908 1566 4981 κραταιά.

1823 4634 2026 4706 jaculo
2071 4632 2252 4690 Osiris
2281 4631 2546 4703 primum
2574 4627 2788 4692 femur,
2829 4624 3046 4681 deinde
3076 4627 3132 4678 et
3158 4622 3479 4676 humerum

1827 4724 1907 4779 ita
1937 4722 2249 4795 percussit,
2292 4724 2355 4775 ut
2383 4720 2560 4775 etiam
2600 4733 2672 4772 ex
2701 4730 2854 4788 equo
2885 4711 3162 4769 ceciderit
3188 4729 3204 4781 ;
3233 4715 3293 4766 at
3322 4724 3486 4765 com-

1827 4813 2036 4885 plexus
2084 4827 2223 4866 eum
2254 4809 2629 4880 Megabyzus,
2659 4804 2961 4861 sublatum
3015 4799 3236 4857 servari
3284 4799 3481 4870 jussit.

1831 4902 1987 4958 Multi
2005 4899 2120 4956 illic
2143 4900 2340 4957 Persae
2364 4897 2721 4962 ceciderunt,
2750 4892 2960 4965 Zopiro
2977 4897 3156 4963 atque
3212 4887 3483 4960 Artiphio

1460 5067 1693 5125 VARIIE
1735 5066 2136 5126 LECTIONES.

201 5183 214 5216 ¹
244 5183 494 5268 ἱξάρωᾼ.-
553 5191 576 5224 ³
599 5188 745 5268 πόλις
865 5190 982 5268 ἰσχᾼ.
1009 5211 1062 5255 ς.
1104 5191 1162 5268 *⁸
1193 5189 1282 5264 τῇ]
1308 5190 1538 5268 αὐτῇ-Α.
1618 5195 1639 5228 ⁸
1670 5194 1944 5268 Σαρτάμαν
1977 5214 2030 5268 qq.
2059 5261 2072 5268 μ
2111 5192 2130 5225 ⁶
2157 5209 2267 5261 γεγ.
2291 5189 2630 5268 πάνταιΜεγ.
2660 5205 2726 5268 Δς’.
2805 5182 2826 5216 ⁸
2855 5179 3016 5268 αὐτοῦ
3048 5199 3120 5266 ς’..
3186 5175 3478 5268 ξηέξάγεται

149 5253 447 5334 ffiggjinfra
474 5263 562 5332 (p.
598 5264 654 5317 it
687 5278 721 5315 ο
746 5265 831 5334 ,30
861 5268 879 5326 )
908 5253 1050 5323 τῗλοὴς
1097 5253 1308 5334 impr?-

1450 5264 1472 5300 ⁸
1521 5264 1780 5325 πήσονται
1814 5264 1874 5318 Α.

2005 5266 2026 5298 ⁸
2051 5247 2430 5334 ἀχαιμενίδους
2462 5259 2526 5312 Α.
2585 5247 2597 5258 ’
2659 5247 2706 5304 ιδ
2735 5257 3038 5328 τιμωρήσαι
3070 5253 3156 5302 τὸν
3187 5247 3392 5325 Ἵναρον
3418 5270 3474 5313 ς.

151 5322 184 5357 ²¹
207 5322 582 5399 ιὲιάευζοῖς.
661 5333 708 5370 ιι
739 5322 947 5409 Ὄσιρις
972 5322 1261 5398 ςέεὶοίοι
1284 5322 1585 5408 posthac.
1641 5340 1687 5374 ι³
1726 5338 2004 5410 ’Δρτίφυος
2034 5322 2090 5399 τί

1697 5496 1921 5554 NOTAE.

145 5657 299 5788 ‘3‘).
319 5659 380 5720 P.
422 5661 699 5721 Amistris
728 5661 827 5720 illa
864 5662 1128 5737 Onopbte
1180 5663 1320 5731 ﬁlia,
1355 5665 1696 5724 Artaxerxm

1887 5663 1966 5735 (ι)
1997 5664 2070 5718 Ita
2100 5661 2248 5717 Plut.
2281 5659 2342 5715 in
2384 5661 2702 5735 Artaxerxe
2729 5656 2930 5735 .refert
2978 5655 3294 5735 Mesabataa
3345 5669 3481 5713 cor-

1816 5726 1930 5809 pu‘s
1948 5726 2368 5792 transversum
2400 5731 2586 5790 tribus
2616 5731 2801 5788 fuisse
2828 5729 3016 5788 ﬁxum
3067 5726 3366 5784 crucibus.
