4036 6214
506 297 604 354 191

502 515 856 586 Megabyzus
906 515 1123 586 potitur
1163 515 1428 571 victoria.
1483 514 1677 570 Osirin
1734 519 1933 570 autem
1993 513 2159 569 omni

506 619 650 660 cura
687 619 1039 658 conservare
1072 603 1290 670 studet,
1339 620 1521 676 quem
1552 603 1732 658 etiam
1783 604 1858 658 ad
1891 606 2159 659 Artaxer-

505 707 642 758 xen,
676 693 871 764 ipsum
902 698 1286 762 repetentem,
1319 693 1561 748 dimisit.
1592 692 1829 748 Mittitur
1853 692 2068 748 deinde
2108 699 2164 750 et

507 781 652 837 alter
681 782 965 836 adversus
996 781 1379 853 Megabyzum
1435 782 1740 848 exercitus,
1785 797 2024 853 unaque
2051 785 2162 838 Me-

506 875 819 934 nostrates,
853 870 1061 926 Artarii
1115 870 1272 925 ﬁlius
1309 890 1320 929 :
1366 877 1492 926 erat
1544 871 1810 926 Artarius
1844 870 2161 943 Babylonis

507 965 769 1031 satrapa,
823 964 878 1014 et
921 965 1258 1015 Artaxerxes
1306 961 1497 1032 ipsius
1561 960 1754 1016 frater.
1792 963 2162 1017 Concurrunt

507 1048 713 1103 iterum
746 1047 1034 1103 exercitus
1069 1049 1208 1104 :sed
1228 1049 1414 1104 Persas
1439 1049 1694 1119 fugiunt,
1728 1054 1782 1104 et
1812 1050 2161 1106 Menostates

505 1137 566 1192 in
594 1137 843 1192 humero
885 1154 920 1192 a
956 1138 1274 1210 Megabyzo
1313 1138 1656 1210 percutitur,
1717 1145 1850 1209 post
1879 1140 2057 1194 etiam
2102 1139 2160 1194 in

507 1225 713 1297 capite,
761 1231 822 1282 at
862 1241 980 1282 non
1039 1226 1238 1282 lethali
1279 1227 1541 1293 vulnere,
1601 1228 1857 1296 sagitam
1910 1229 2159 1298 excepit.

510 1316 672 1386 Fugit
721 1319 916 1370 tamen
948 1331 1085 1371 cum
1117 1317 1237 1371 suis
1267 1317 1570 1381 omnibus,
1605 1321 1663 1370 et
1692 1317 2002 1388 Megabyzo
2034 1316 2159 1372 illu-

510 1409 690 1459 strem
726 1405 1029 1459 victoriam
1055 1406 1347 1460 concedit.
1382 1406 1476 1461 His
1497 1406 1677 1461 rebus
1709 1406 1787 1461 ita
1817 1407 2016 1474 gestis,
2041 1421 2164 1461 mo-

506 1497 607 1549 net
647 1493 1028 1564 Megabyzum
1060 1510 1164 1564 per
1193 1494 1418 1564 legatos
1445 1494 1728 1560 Artarius,
1759 1511 1894 1549 cum
1943 1510 2080 1565 rege
2103 1499 2164 1550 ut

509 1582 866 1653 paciscatur.
909 1582 1006 1637 Ille
1039 1599 1098 1638 se
1132 1583 1352 1654 pacisci
1383 1584 1628 1654 quidem
1661 1600 1796 1638 cum
1823 1599 1957 1654 rege
1994 1600 2165 1656 para-

511 1677 634 1727 tum
658 1672 934 1737 ostendit,
971 1688 1087 1727 non
1121 1679 1321 1728 tamen
1344 1672 1416 1728 ad
1449 1689 1585 1728 eum
1611 1673 1923 1744 proﬁcisci,
1969 1673 2069 1728 sed
2102 1674 2161 1728 in

509 1776 619 1816 sua
651 1777 892 1816 manere
930 1763 1238 1832 provincia
1268 1762 1436 1818 velle.
1471 1764 1601 1818 Haec
1631 1765 1753 1832 regi
1789 1763 2158 1828 nuntiantur,

508 1865 687 1922 quem
708 1856 1039 1915 Artoxares,
1063 1867 1092 1905 e
1116 1851 1525 1922 Paphlagonia
1546 1853 1873 1916 eunuchus,
1909 1853 2162 1924 ipsaque

507 1941 657 1995 adeo
709 1939 976 1994 Amistris
1016 1939 1344 2006 hortantur,
1395 1957 1646 2012 propere
1697 1946 1757 1996 ut
1804 1944 2158 2012 paciscatur.

509 2029 638 2100 Ipse
679 2031 878 2100 itaque
911 2029 1190 2094 Artarius,
1225 2034 1279 2085 et
1310 2029 1537 2102 Amytis
1570 2045 1737 2094 uxor,
1774 2045 2013 2102 unaque
2064 2033 2161 2084 Ar-

509 2121 760 2186 toxares,
790 2118 1137 2174 vicesimum
1161 2119 1285 2188 jam
1318 2135 1501 2188 agens
1533 2134 1779 2183 annum,
1836 2125 1892 2173 et
1919 2121 2159 2175 Osioros

508 2205 662 2261 ﬁlius
689 2205 930 2272 Petisas,
961 2207 1064 2278 qui
1109 2211 1164 2261 et
1195 2207 1464 2278 Spitamaa
1505 2214 1689 2278 pater,
1724 2207 2053 2263 mittuntur.
2099 2209 2158 2263 Hi

508 2294 708 2350 multis
740 2295 1117 2352 sermonibus
1152 2311 1220 2351 ac
1269 2296 1624 2366 juramentis
1653 2312 1931 2352 securum
1974 2299 2159 2367 Mega-

507 2382 729 2455 byzum
756 2384 1092 2448 reddentes,
1127 2399 1282 2453 egre
1324 2389 1523 2439 tamen
1567 2385 1946 2455 persuadent,
1988 2392 2049 2440 ut
2088 2387 2158 2441 ad

507 2487 705 2540 regem
754 2471 1181 2541 proﬁciscatur.
1218 2472 1318 2528 Cui
1372 2472 1615 2528 tandem
1655 2489 1908 2538 reverso,
1961 2491 2058 2529 rex
2092 2475 2163 2530 si-

508 2559 831 2630 gniﬁcavit,
865 2560 1100 2615 veniam
1148 2576 1210 2614 se
1251 2560 1332 2617 illi
1387 2576 1595 2616 eorum
1627 2577 1756 2632 quae
1801 2562 2160 2634 admisisset,

508 2648 662 2704 dare.
695 2651 978 2718 Egressus
1001 2653 1132 2720 post
1156 2649 1282 2703 haec
1320 2649 1646 2720 aliquando
1676 2649 1754 2705 ad
1785 2651 2162 2707 venationem

507 2753 630 2802 rex,
666 2754 700 2792 a
730 2737 900 2792 leone
934 2737 1256 2805 invaditur,
1288 2754 1468 2808 quem
1501 2738 1559 2793 in
1605 2738 1862 2795 sublime
1915 2756 2044 2796 sese
2083 2746 2165 2797 at-

507 2825 831 2895 tollentem,
856 2826 1058 2896 jaculo
1101 2827 1436 2896 percutiens
1468 2827 1822 2898 Megabyzus
1868 2829 2161 2886 interficit.

509 2917 568 2975 Id
616 2915 838 2972 factum
890 2916 1144 2987 graviter
1187 2916 1314 2971 tulit
1355 2921 1726 2984 Artaxerxes,
1790 2919 1953 2990 quod
1999 2926 2167 2976 ante-

508 3021 692 3077 quam
742 3005 866 3076 ipse
907 3004 1088 3060 feram
1145 3010 1353 3060 nactus
1399 3011 1573 3075 esset,
1640 3021 1775 3061 eam
1813 3009 2166 3080 Megabyzus

509 3093 858 3150 confecisset
887 3111 898 3160 ;
931 3110 1117 3166 quare
1149 3099 1327 3167 caput
1367 3095 1420 3149 ei
1443 3093 1713 3150 abscindi
1745 3095 2017 3166 imperat.
2052 3099 2166 3152 Sed

512 3181 804 3248 Amistris,
833 3187 890 3236 et
937 3183 1188 3256 Amytis,
1229 3189 1283 3238 et
1324 3181 1579 3238 aliorum
1626 3183 1919 3254 precibus,
1963 3186 2167 3240 mortis

514 3273 565 3327 ei
592 3285 771 3343 poma
813 3271 1172 3341 condonata,
1207 3272 1284 3327 ad
1340 3271 1550 3327 urbem
1609 3273 1938 3342 quamdam
1983 3275 2168 3344 Cyrtae

513 3358 776 3423 nomine,
810 3361 968 3415 circa
990 3376 1154 3416 mare
1197 3359 1484 3426 Rubrum,
1519 3359 1828 3430 relegatur.
1854 3364 2170 3418 Artoxares

513 3465 754 3521 quoque
803 3449 1134 3516 eunuchus,
1168 3450 1334 3522 quod
1365 3449 1581 3519 stepius
1627 3449 1789 3518 apud
1827 3466 2029 3520 regem
2065 3467 2170 3522 pro

513 3540 826 3610 Megabyzo
857 3538 1099 3593 liberius
1141 3537 1373 3594 locutus
1426 3537 1653 3604 fuisset,
1715 3539 1770 3592 in
1826 3541 2171 3595 Armeniam

511 3628 759 3682 mittitur
785 3626 1226 3682 exsulatum.At
1248 3626 1622 3698 Megabyzus,
1647 3627 1912 3698 quinque
1935 3629 1990 3684 in
2025 3628 2171 3683 exsi-

511 3715 590 3772 lio
623 3717 934 3772 transactis
966 3717 1138 3771 annis
1171 3715 1330 3788 4ιὸ
1375 3715 1630 3787 pisagan
1663 3733 1793 3772 sese
1832 3717 2175 3774 simulando

513 3805 772 3876 (pisagas
813 3811 1014 3861 autem
1055 3805 1244 3860 Persis
1288 3803 1504 3860 dicitur
1537 3806 1822 3874 leprosus,
1869 3807 1944 3862 ad
1991 3824 2174 3880 quem

521 3895 748 3951 nemini
775 3894 1045 3950 omnium
1065 3893 1346 3950 accedere
1368 3893 1765 3966 permittitur),
1788 3895 2040 3967 aufugit,
2073 3901 2177 3955 do-

521 4000 810 4057 mumque
844 3984 920 4039 ad
959 3985 1196 4056 Amytin
1226 3999 1517 4050 reversus,
1549 3999 1703 4053 aegre
1734 3985 1974 4042 tandem
2013 3989 2176 4058 agni-

521 4078 614 4130 tus
639 4073 906 4129 est.Hinc
936 4089 1042 4145 per
1067 4073 1350 4128 Amistrin
1382 4082 1558 4145 atque
1600 4075 1835 4145 Amytin
1871 4092 2002 4130 cum
2038 4093 2175 4146 rege

1717 296 1965 356 PHOTII
1997 296 2482 354 PATHIABCHE
2505 293 2616 354 ΟΡ.

507 424 803 498 Megabyzi
860 423 993 480 filiis
1043 429 1282 481 strenue
1318 424 1750 498 pugnantibus,
1813 425 2158 496 ingentique

2278 431 2626 499 Ηεριποιείται

3754 292 3862 348 192

2723 427 2940 496 Οὕσιριν
3037 421 3304 494 ἐπιμελῶς,
3379 425 3467 472 καὶ
3577 417 3872 488 ἀποπέμπει

2271 523 2420 566 τοῦτο
2485 514 2827 584 αἰτησάμενον
2881 517 3009 586 πρὸς
3083 510 3436 584 Ἀρτοξέρξην.
3484 511 3754 578 ΙΙίμπεται
3808 503 3873 557 δι

2269 605 2381 655 κατ’
2433 604 2591 655 αύτού
2642 603 2786 676 ἑτέρα
2845 605 3085 676 στρατιὰ,
3147 607 3237 652 καὶ
3304 600 3636 658 Μενοστάτης
3701 598 3725 647 6
3775 602 3874 647 τοῦ

2271 693 2544 766 Ἀρτάριου
2600 700 2738 752 παῖςο
2791 694 2817 743 ὁ
2872 690 2930 744 δε
2981 692 3256 765 Ἀρτάριος
3316 690 3587 760 σατράπης
3647 688 3737 758 μὲν
3809 681 3873 742 ἦν

2271 781 2582 846 Βαϐυλῶνος,
2647 781 2982 853 Ἀρτοξέρξου
3059 778 3116 832 δε
3186 777 3423 849 ἀδίλφός.
3485 776 3587 830 Καὶ
3638 773 3874 846 συμϐάλ-

2267 872 2446 924 λουσιν
2497 871 2751 934 ἀλλήλοις,
2806 876 2894 922 καὶ
2940 873 3110 941 φεύγει
3156 871 3184 926 ἡ
3244 871 3473 939 Περσική
3510 867 3746 936 στρατιὰ,
3781 869 3871 915 καί

2269 964 2605 1023 Μενοστάτης
2656 960 2900 1032 βάλλεται
2960 959 3025 1020 εἰς
3078 963 3163 1010 τόν
3213 954 3349 1028 ὦμον
3391 957 3491 1007 ύπὸ
3537 951 3873 1024 Μεγαϐύζου,

3700 1044 3882 1114 φεύγει

2271 1137 2330 1192 δι
2379 1142 2511 1209 ὅμως
2564 1139 2716 1200 αύτὸς
2769 1143 2856 1189 καὶ
2904 1140 2951 1188 οἱ
3009 1137 3114 1208 μετ’
3162 1135 3340 1197 αὐτοῦ,
3374 1139 3462 1184 καὶ
3505 1137 3620 1188 νίκη
3660 1130 3881 1202 λαμπρά

2269 1234 2465 1300 γίνεται
2525 1227 2834 1298 Μεγαϐύζῳ.
2898 1228 3163 1300 Ἀρτάριος
3221 1221 3279 1276 δὲ
3322 1227 3512 1294 πέμπει
3577 1223 3707 1292 πρὸς
3769 1223 3884 1270 Με-

2268 1317 2519 1388 γάϐυζον,
2580 1322 2666 1367 καὶ
2746 1323 2985 1388 παραινεῖ
3056 1314 3378 1366 σπείσασθαι
3438 1309 3662 1382 βασιλεῖ·
3721 1309 3746 1359 ό
3821 1303 3884 1357 δὲ

2271 1052 2380 1103 εἶτα
2420 1051 2488 1111 εἰς
2552 1056 2642 1108 τὴν
2701 1049 2915 1121 κεφαλὴν
2969 1049 3226 1111 τοξεύεται
3279 1046 3336 1098 ού
3395 1048 3620 1118 καιρίαν,

2272 1403 2424 1463 δηλοῖ
2467 1408 2790 1458 σπείσασθαι
2834 1409 2921 1475 μὲν
2968 1403 3249 1476 βούλεσθαι
3288 1406 3376 1452 καὶ
3404 1401 3578 1464 αὐτόν,
3609 1397 3666 1449 ού
3699 1401 3884 1467 μέντοι

2269 1497 2652 1568 παραγενέσθαι
2705 1500 2834 1566 πρὸς
2875 1492 3114 1566 βασιλέα,
3150 1491 3254 1543 ἀλλ’
3297 1490 3368 1561 ἐφ’
3503 1493 3665 1558 μένειν
3717 1484 3764 1536 ἐν
3813 1493 3879 1556 τῇ

2272 1587 2453 1638 ἑαυτοῦ
2509 1587 2574 1636 ¹⁴.
2623 1584 3023 1654 ’Λπαγγίλλεται
3094 1589 3260 1633 ταῦτα
3307 1578 3534 1652 βασιλεῖ,
3591 1581 3679 1627 καὶ
3740 1594 3880 1646 συμ-

2271 1676 2602 1728 ϐουλεύουσιν
2645 1672 2960 1745 Ἀρτοξάρης
3013 1691 3064 1723 τε
3135 1673 3158 1722 6
3232 1669 3520 1740 Παφλαγὼν
3603 1665 3879 1733 εὐνοῦχος,

2272 1765 2400 1817 ἀλλά
2442 1770 2530 1814 και
2582 1765 2608 1820 ἡ
2659 1763 2965 1833 Ἀμῆστρις,
3016 1755 3223 1831 σπουδῇ
3273 1758 3616 1810 σπείσασθαι.
3666 1757 3880 1822 Πέμπε-

2272 1875 2357 1906 ται
2407 1850 2492 1904 οὖν
2540 1853 2810 1924 Ἀρτάριός
2859 1871 2911 1902 τε
2955 1851 3111 1911 αύτός
3158 1854 3247 1900 καὶ
3275 1848 3495 1918 Ἀμύτις
3536 1846 3565 1902 ἡ
3618 1847 3748 1913 γυνὴ
3783 1845 3884 1891 καὶ

2275 1943 2599 2016 Ἀρτοξάρης
2654 1940 2774 1992 ἐτῶν
2819 1937 2923 1998 ἤδη
2973 1944 3040 1989 ὧν
3093 1942 3276 2001 εἴκοσι,
3327 1941 3415 1987 καὶ
3479 1938 3721 1992 Ιῐετησας
3761 1930 3811 1964 ¹⁵
3861 1930 3887 1978 ὁ

2275 2033 2523 2105 Ούσίριος
2570 2035 2660 2081 καὶ
2705 2031 2945 2101 Σπιτάμα
2997 2032 3190 2100 πατὴρ.
3229 2028 3353 2096 [1’24-
3382 2022 3471 2096 R.]
3523 2021 3737 2081 Πολλοῖς
3790 2017 3886 2071 οὖν

2273 2123 2441 2194 ὅρκοις
2525 2126 2613 2170 καὶ
2707 2119 2874 2188 λόγοις
2971 2117 3463 2189 πληροφορησαντες
3574 2108 3887 2171 Μεθάϐυζον

2272 2210 2416 2282 μόλις
2496 2211 2632 2279 ὅμως
2712 2210 2952 2259 πείθουσι
3021 2209 3143 2279 πρός
3198 2203 3422 2276 βασιλέα
3467 2200 3884 2270 παραγενέσθαι,

2272 2305 2360 2352 καὶ
2410 2297 2658 2370 βασιλεὺς
2735 2296 2875 2356 τέλος
2925 2296 3005 2365 [61
3073 2292 3163 2365 Η.]
3221 2296 3410 2363 ἔπεμπε
3479 2293 3886 2362 παραγενομένῳ

3101 2385 3495 2453 ἡμαρτημένων.
3575 2378 3887 2452 Ἐξέρχεται

3022 2478 3110 2524 καὶ
3175 2471 3297 2522 λέων
3369 2468 3641 2538 ἐπέρχεται
3711 2466 3882 2536 αὐτῷ,

2707 2119 2874 2188 λόγοις

2275 2393 2587 2458 συγγνώμην
2681 2388 2820 2456 ἔχειν
2909 2392 3006 2435 τῶν

2275 2477 2518 2550 βασιλεὺς
2591 2475 2672 2526 ἐπὶ
2741 2477 2923 2544 θήραν,

2273 2572 2528 2640 μετεώρου
2589 2561 2647 2616 δε
2713 2567 2986 2635 φερομένου
3039 2570 3128 2613 τοῦ
3184 2563 3368 2631 θηρίου
3422 2557 3601 2630 βάλλει
3646 2555 3881 2625 ἀκοντίῳ

2275 2654 2579 2727 Μεγάϐυζος
2633 2660 2721 2704 καὶ
2800 2651 3014 2726 ἀναιρεῖ·
3073 2656 3162 2702 καὶ
3213 2649 3479 2722 ὀργίζεται
3531 2645 3887 2720 Ἀρτοξέρξης

2275 2745 2350 2794 ὅτι
2381 2746 2500 2815 πρὶν
2531 2747 2560 2799 ἣ
2596 2741 2744 2800 αύτός
2785 2743 2924 2813 τύχη
2975 2737 3285 2810 Μεγάϐυζος
3314 2735 3459 2789 ἔϐαλε
3492 2738 3557 2803 ¹⁶,
3592 2740 3680 2786 καὶ
3714 2753 3887 2806 προσ-

2275 2835 2460 2884 τάσσει
2505 2835 2595 2888 τὴν
2655 2829 2876 2902 κεφαλὴν
2953 2832 3038 2880 τόν
3109 2825 3416 2898 Μεγάϐυζον
3484 2824 3881 2895 ἀποτμηθῆναι.

2277 2921 2597 2994 Ἀμήστριος
2631 2915 2689 2971 δὲ
2719 2925 2806 2970 καὶ
2834 2919 3081 2989 Ἀμύτιος
3128 2922 3216 2968 καὶ
3259 2925 3358 2968 τῶν
3402 2914 3562 2966 ἄλλων
3594 2921 3653 2984 τῇ
3690 2931 3887 2984 παραι-

2277 3014 2426 3066 τησει
2471 3008 2560 3060 τοῦ
2619 3012 2706 3078 μεν
2761 3009 2982 3059 θανάτου
3026 3007 3225 3080 ῥύεται,
3274 3003 3604 3062 ἀνάσπαστος
3635 2998 3692 3052 δι
3748 3005 3888 3070 γίνε-

2279 3118 2363 3150 ται
2396 3099 2463 3159 εἰς
2510 3103 2604 3155 τὴν
2648 3097 2896 3169 Ἐρυθρὰν
2935 3098 2984 3147 ἔν
3039 3115 3141 3147 τινι
3187 3093 3348 3158 πόλει,
3394 3093 3608 3164 ὀνόματι
3655 3089 3889 3159 Κύρται.

2282 3188 2595 3259 Ἐξορίζεται
2629 3183 2686 3238 δι
2739 3191 2828 3236 καὶ
2878 3185 3196 3258 Ἀρτοξάρης
3237 3185 3260 3234 6
3307 3183 3551 3253 εὐνοῦχος
3581 3180 3653 3240 εἰς
3699 3179 3896 3250 Ἀρμε-

2279 3283 2410 3341 νίαν,
2467 3279 2546 3328 ὅτι
2595 3275 2838 3334 πολλάκις
2889 3277 3014 3348 ύπερ
3071 3271 3382 3344 Μεγαϐύζου
3437 3270 3649 3343 βασιλεῖ
3727 3268 3897 3342 ἐπαρ-

2279 3367 2594 3439 ρησιάσατο.
2627 3365 2686 3416 Ὀ
2745 3359 2802 3415 δὲ
2847 3361 3153 3432 Μεγάϐυζος
3203 3366 3348 3413 πέντε
3401 3357 3685 3434 διατρίψας
3743 3366 3806 3428 τῇ
3843 3359 3884 3393 ³⁷

2283 3455 2455 3528 ἐξορία
2499 3458 2584 3511 ἔτη
2634 3449 3042 3523 ἀποδιδράσκει,
3087 3453 3381 3522 ὑποκριθείς
3429 3454 3513 3501 τόν
3548 3450 3592 3484 ¹⁸
3624 3451 3884 3517 πισάγαν·

2284 3548 2516 3614 πισάγας
2574 3539 2631 3595 δὲ
2701 3542 2901 3612 λέγεται
2968 3544 3109 3612 παρὰ
3173 3545 3398 3612 Πέρσαις
3455 3541 3479 3590 ό
3533 3539 3733 3600 λεπρὸς,
3795 3542 3889 3588 καὶ

2285 3636 2395 3685 ἔστι
2456 3639 2614 3684 πᾶσιν
2692 3630 2990 3703 ἀπρόσιτος.
3053 3626 3320 3701 Ἀποδράς
3376 3625 3464 3680 οὖν
3539 3631 3887 3700 παραγίνεται

2285 3726 2414 3793 πρός
2449 3720 2664 3791 Ἀμύτιν
2706 3725 2792 3770 καὶ
2839 3723 2921 3770 τόν
2953 3719 3111 3783 οἶκον,
3147 3725 3234 3768 καὶ
3282 3717 3429 3788 μόλις
3459 3714 3884 3785 ἐπιγινώσκεται.

2289 3815 2388 3864 Καὶ
2433 3807 2504 3861 δι’
2550 3810 2864 3879 Ἀμήστριος
2907 3813 2995 3859 καὶ
3071 3807 3315 3878 Ἀμύτιος
3371 3808 3414 3841 ¹⁹
3464 3804 3888 3857 καταλλάσσεται

2288 3901 2312 3950 6
2363 3897 2629 3970 βασιλεὺς,
2679 3903 2766 3949 καὶ
2815 3904 2949 3948 ποιεῖ
3002 3896 3155 3947 αὑτὸν
3196 3900 3263 3955 ὡς
3312 3899 3369 3946 τό
3402 3895 3623 3966 πρόσθεν
3658 3895 3892 3965 ὁμοτρά-

2288 3990 2459 4049 πεζον.
2512 3993 2684 4047 Ζήσας
2730 3984 2787 4038 δὲ
2839 3987 2890 4047 ἒξ
2930 3991 3014 4037 καὶ
3076 3983 3438 4056 ἐϐδομήκοντα
3494 3986 3577 4040 ἐτη
3642 3982 3887 4045 ἀπέθανε,

2287 4083 2376 4130 καὶ
2401 4081 2566 4150 κάρτα
2590 4078 2830 4148 ἠχθέσθη
2863 4074 3127 4147 βασιλεύς.

515 4161 929 4218 reconciliatur
964 4178 975 4217 :
1007 4163 1109 4232 qui
1142 4178 1300 4225 eum,
1334 4165 1415 4218 uti
1465 4170 1658 4227 antea,
1705 4180 1827 4220 sua:
1880 4181 2098 4222 mensae
2142 4168 2487 4239 participem
2518 4165 2676 4222 fecit.
2714 4167 2925 4220 Verum
2957 4180 3093 4220 cum
3129 4178 3232 4219 sex
3257 4163 3385 4233 jam
3415 4168 3472 4218 et
3507 4160 3892 4234 septuaginta

515 4251 757 4309 vixisset
778 4265 994 4313 annos,
1025 4265 1246 4319 magno
1287 4252 1440 4320 regis
1471 4267 1609 4306 cum
1636 4252 1841 4308 dolore
1875 4262 2143 4310 mortuus
2170 4261 2276 4311 est.

588 4338 722 4392 Post
765 4336 1068 4406 Megabyzi
1105 4340 1378 4402 mortem,
1413 4354 1548 4392 cum
1606 4339 1802 4394 multis
1834 4342 2165 4399 admodum
2200 4361 2241 4413 ῃ

518 4425 658 4480 viris
675 4425 911 4495 Amytis
937 4424 1384 4490 consuescebat,
1415 4430 1472 4480 ut
1499 4430 1636 4480 ante
1659 4442 1790 4483 eam
1817 4436 2004 4487 mater
2023 4448 2167 4502 quo-

516 4527 634 4585 que
663 4511 950 4569 Amistris.
1001 4508 1420 4583 Appollonides
1450 4527 1609 4581 ergo,
1655 4515 1808 4570 Cous
1851 4515 1943 4572 ille
1982 4519 2171 4574 medi-

517 4617 642 4668 cus,
682 4617 819 4658 cum
860 4599 1082 4672 Amytis
1137 4597 1341 4655 leviter
1391 4606 1722 4670 aegrotaret,
1767 4612 1822 4658 et
1860 4605 1991 4675 ejus
2044 4607 2169 4678 ipse

518 4707 721 4748 amore
752 4695 964 4761 captus
998 4695 1166 4754 esset,
1211 4688 1335 4744 fore
1375 4689 1523 4745 dixit
1564 4695 1623 4746 ut
1669 4707 1739 4746 ea
1771 4691 1832 4747 in
1861 4694 2170 4763 pristinam

515 4780 920 4841 valetudinem
957 4782 1376 4843 restitueretur,
1432 4778 1480 4834 si
1512 4795 1649 4835 cum
1685 4781 1820 4836 viris
1851 4784 2172 4852 congrede-

517 4876 695 4935 retur,
731 4885 871 4925 nam
906 4869 1093 4924 vulvae
1124 4868 1326 4924 vexari
1362 4868 1593 4924 morbo.
1631 4870 1770 4935 Quae
1802 4887 1939 4927 cum
1966 4873 2048 4928 illi
2077 4890 2173 4930 ars

519 4975 592 5016 ex
631 4963 770 5014 voto
797 4959 1198 5024 successisset,
1234 4963 1412 5030 atque
1441 4974 1578 5014 cum
1609 4975 1680 5015 ea
1733 4962 2171 5029 concubuisset,

521 5049 622 5105 ubi
653 5047 938 5104 feminam
969 5047 1386 5103 contabescere
1413 5048 1850 5114 animadvertit,
1888 5053 2178 5109 abstinuit

520 5154 557 5195 a
581 5135 1030 5194 consuetudine.
1066 5136 1247 5206 lgitur
1291 5136 1408 5202 illa,
1459 5143 1646 5193 morte
1677 5139 2014 5208 accedente,
2051 5159 2180 5198 ma-

521 5227 594 5286 tri
622 5226 851 5294 indixit,
880 5225 1334 5298 Appollonidem
1370 5226 1842 5284 utulcisceretur.
1872 5231 2004 5286 Haec
2056 5232 2180 5303 regi

523 5315 638 5386 ipsi
669 5315 970 5370 Artaxerxi
1003 5331 1126 5370 rem
1167 5329 1408 5370 omnem
1451 5316 1736 5386 exposuit,
1778 5325 1834 5374 et
1871 5321 2180 5390 quomodo

2345 4345 2750 4402 Τελευτήσαντος
2819 4339 2876 4394 δὲ
2953 4340 3263 4411 Μεγαϐύζου
3309 4343 3477 4412 κάρτα
3556 4335 3614 4396 ἦν
3673 4339 3898 4408 Ἀμύτις

2277 4431 2530 4502 ἀνδράσιν
2582 4431 2854 4502 όμιλούσα,
2902 4437 2989 4482 καὶ
3031 4434 3128 4503 πρὸ
3170 4449 3230 4499 γε
3285 4432 3476 4489 ταύτης
3509 4429 3651 4484 καὶὴ
3707 4433 3888 4502 μήτηρ

2278 4517 2568 4592 Ἀμῆστρις
2641 4523 2845 4592 ὁμοίως.
2904 4518 2961 4571 Ὀ
3037 4516 3096 4570 δὲ
3154 4514 3544 4578 Ἀπολλωνίδης
3628 4519 3652 4568 6
3713 4517 3893 4590 ἱατρός

2279 4612 2302 4660 6
2379 4613 2542 4678 Κῷος,

2281 4698 2532 4771 βληχρὼς
2597 4702 2645 4734 ¹⁰
2695 4705 2783 4750 καὶ
2841 4697 2932 4750 ούκ
2993 4699 3245 4769 ἰσχυρῶς,
3309 4695 3490 4755 ἐκεῖνος
3547 4693 3605 4747 δι
3671 4696 3886 4766 ἠράσθη

2621 4609 2726 4662 ἐπεὶ
2803 4609 3026 4668 ἀσθενῶς
3117 4605 3258 4678 εἶχεν
3350 4607 3586 4677 Ἀμύτις,
3665 4607 3706 4658 εἰ
3798 4613 3891 4658 καὶ

2281 4789 2464 4855 αὐτῆς,
2517 4791 2606 4859 ἔφη
2696 4788 2761 4847 εἰς
2827 4793 2918 4844 τὴν
2995 4789 3169 4858 ύγείαν
3229 4786 3384 4842 αύτην
3437 4784 3744 4847 ἐπανελθεῖν,
3806 4785 3892 4836 ἐάν

2281 4874 2534 4951 ἀνδράσιν
2585 4877 2832 4947 όμιλὴση·
2887 4885 2978 4936 τῆς
3023 4879 3123 4950 γὰρ
3175 4877 3390 4946 ύστέρεις
3447 4874 3575 4926 εἶναι
3621 4877 3675 4924 τό
3732 4878 3896 4931 νόση-

2283 4988 2373 5038 μα.
2439 4967 2579 5018 Ἐπεὶ
2659 4962 2716 5016 δε
2776 4966 2913 5035 αύτῷ
2974 4965 3220 5036 ἐξεγένετο
3275 4967 3332 5016 τό
3410 4960 3734 5034 ἐπιτήδευμα
3805 4971 3899 5016 καὶ

2286 5057 2463 5126 ὡμίλει
2541 5055 2696 5126 αὐτῇ,
2753 5057 2781 5112 ἠ
2855 5051 2913 5106 δι
2983 5057 3250 5127 ἅνθρωπος
3305 5053 3630 5126 ἐμαραίνετο,
3687 5051 3894 5111 ἀπέστη

2287 5153 2379 5206 τῆς
2459 5149 2760 5205 συνουσίας.
2838 5145 3139 5196 Τελευτὼσα
3198 5139 3265 5200 δὴ
3350 5142 3436 5193 οὖν
3500 5141 3770 5212 ἐπήγγειλε
3831 5151 3895 5214 τῇ

2292 5239 2452 5306 μητρὶ
2530 5233 2826 5304 ἀμύνασθαι
2907 5229 3396 5289 Ἀπολλωνίδην.Ἠ
3477 5227 3534 5282 δι
3612 5231 3903 5300 ἀπήγγειλε

2297 5325 2463 5374 πάντα
2513 5323 2820 5396 Ἀρτοξέρξῃ
2873 5331 2944 5392 τῷ
2975 5325 3018 5358 ²¹
3055 5319 3284 5394 βασιλεῖ,
3332 5323 3469 5380 ὅπως
3501 5339 3552 5371 τε
3583 5321 3762 5391 ὡμίλει
3806 5327 3898 5374 καὶ

1861 5443 2095 5500 VARI/E
2144 5448 2550 5504 LECTIONES.

595 5582 641 5616 ¹⁴
669 5578 824 5632 αύτοῦ
853 5601 906 5644 ς.

525 5655 573 5690 ³ο
605 5651 890 5724 ἀϐληχρῶς
921 5671 976 5716 ς’.

1023 5581 1068 5615 ¹⁵
1099 5583 1327 5642 ῐΙετίσας
1355 5602 1408 5645 ς.
1526 5583 1569 5618 ¹⁶
1602 5582 1803 5637 ἔϐαλλεν
1831 5586 1896 5640 Α.

1055 5653 1098 5688 ²¹
1133 5659 1205 5721 τῷ
1237 5667 1354 5707 om.
1396 5667 1484 5726 pr.
1521 5658 1589 5709 Α.

2013 5588 2058 5623 ιτ
2090 5588 2180 5662 τῇ]
2213 5588 2259 5640 εν
2293 5597 2349 5663 τῇ
2390 5611 2441 5654 ς.

2527 5592 2571 5626 ¹³
2600 5590 2708 5664 τὸν]
2738 5597 2803 5653 εὶς
2830 5594 2914 5642 τὸν
2947 5613 2997 5656 ς.
3079 5593 3123 5626 ¹⁹
3151 5589 3420 5664 Ἀμύτιος]
3455 5586 3526 5642 δι’
3559 5590 3810 5660 Ἀμύτιος
3847 5613 3902 5656 ς’·
