  <div class='ocr_page' id='page_1' title='image "/cluster/home/n/w/nwhite01/storage/ocr_20150623/103/hvd.32044054112495/108.png"; bbox 0 0 4036 6214; ppageno 0'>
   <div class='ocr_carea' id='block_1_1' title="bbox 197 254 2333 346">
    <p class='ocr_par' dir='ltr' id='par_1_1' title="bbox 197 254 2333 346">
     <span class='ocr_line' id='line_1_1' title="bbox 197 254 2333 346; baseline -0.017 0"><span class='ocrx_word' id='word_1_1' title='bbox 197 291 267 346; x_wconf 63' lang='lat'>:93</span> <span class='ocrx_word' id='word_1_2' title='bbox 440 274 445 275; x_wconf 64' lang='grc'><strong><em>⁷</em></strong></span> <span class='ocrx_word' id='word_1_3' title='bbox 1287 254 1782 320; x_wconf 81' lang='lat' dir='ltr'>BIBLIOTHECA.</span> <span class='ocrx_word' id='word_1_4' title='bbox 1811 285 1877 298; x_wconf 92' lang='lat'>—</span> <span class='ocrx_word' id='word_1_5' title='bbox 1915 256 2078 312; x_wconf 89' lang='lat' dir='ltr'>COD.</span> <span class='ocrx_word' id='word_1_6' title='bbox 2124 257 2333 313; x_wconf 85' lang='lat' dir='ltr'>LXXII.</span> 
     </span>
    </p>
   </div>
   <div class='ocr_carea' id='block_1_2' title="bbox 3366 259 3470 317">
    <p class='ocr_par' dir='ltr' id='par_1_2' title="bbox 3366 259 3470 317">
     <span class='ocr_line' id='line_1_2' title="bbox 3366 259 3470 317; baseline -0.019 0"><span class='ocrx_word' id='word_1_7' title='bbox 3366 259 3470 317; x_wconf 73' lang='grc'>194</span> 
     </span>
    </p>
   </div>
   <div class='ocr_carea' id='block_1_3' title="bbox 180 379 1709 474">
    <p class='ocr_par' dir='ltr' id='par_1_3' title="bbox 180 382 1704 474">
     <span class='ocr_line' id='line_1_3' title="bbox 180 382 1704 474; baseline -0.02 -11"><span class='ocrx_word' id='word_1_8' title='bbox 180 414 281 469; x_wconf 76' lang='grc' dir='ltr'>ὅπως</span> <span class='ocrx_word' id='word_1_9' title='bbox 324 406 495 460; x_wconf 75' lang='grc' dir='ltr'>ἀπέστη</span> <span class='ocrx_word' id='word_1_10' title='bbox 550 398 789 474; x_wconf 80' lang='grc' dir='ltr'>ὑϐρίσας,</span> <span class='ocrx_word' id='word_1_11' title='bbox 845 399 938 447; x_wconf 80' lang='grc' dir='ltr'>καὶ</span> <span class='ocrx_word' id='word_1_12' title='bbox 986 394 1119 451; x_wconf 85' lang='grc' dir='ltr'>ὅπως</span> <span class='ocrx_word' id='word_1_13' title='bbox 1174 390 1203 447; x_wconf 81' lang='grc' dir='ltr'>ἡ</span> <span class='ocrx_word' id='word_1_14' title='bbox 1261 382 1704 474; x_wconf 27' lang='grc' dir='ltr'>θυγάτηρᾼίπὴγ-</span> 
     </span>
    </p>
   </div>
   <div class='ocr_carea' id='block_1_4' title="bbox 1824 379 3468 474">
    <p class='ocr_par' dir='ltr' id='par_1_4' title="bbox 1824 379 3468 454">
     <span class='ocr_line' id='line_1_4' title="bbox 1824 379 3468 454; baseline 0.004 -19"><span class='ocrx_word' id='word_1_15' title='bbox 1824 380 1937 436; x_wconf 82' lang='lat' dir='ltr'>tilia</span> <span class='ocrx_word' id='word_1_16' title='bbox 1963 381 2109 436; x_wconf 85' lang='lat' dir='ltr'>velle</span> <span class='ocrx_word' id='word_1_17' title='bbox 2140 381 2216 437; x_wconf 89' lang='lat' dir='ltr'>de</span> <span class='ocrx_word' id='word_1_18' title='bbox 2242 380 2631 454; x_wconf 88' lang='lat' dir='ltr'>Appollonide</span> <span class='ocrx_word' id='word_1_19' title='bbox 2658 379 3018 453; x_wconf 85' lang='lat' dir='ltr'>supplicium</span> <span class='ocrx_word' id='word_1_20' title='bbox 3048 381 3225 447; x_wconf 88' lang='lat' dir='ltr'>sumi,</span> <span class='ocrx_word' id='word_1_21' title='bbox 3250 382 3357 439; x_wconf 88' lang='lat' dir='ltr'>sibi</span> <span class='ocrx_word' id='word_1_22' title='bbox 3382 384 3468 441; x_wconf 91' lang='lat' dir='ltr'>in-</span> 
     </span>
    </p>
   </div>
   <div class='ocr_carea' id='block_1_5' title="bbox 179 470 1702 569">
    <p class='ocr_par' dir='ltr' id='par_1_5' title="bbox 179 470 1702 569">
     <span class='ocr_line' id='line_1_5' title="bbox 179 470 1702 569; baseline -0.019 -18"><span class='ocrx_word' id='word_1_23' title='bbox 179 497 319 569; x_wconf 83' lang='grc' dir='ltr'>γειλεν,</span> <span class='ocrx_word' id='word_1_24' title='bbox 390 470 767 546; x_wconf 76' lang='grc' dir='ltr'>Ἀπολλωνίδην</span> <span class='ocrx_word' id='word_1_25' title='bbox 854 482 1174 556; x_wconf 76' lang='grc' dir='ltr'>ἀμύνασθαι·</span> <span class='ocrx_word' id='word_1_26' title='bbox 1250 476 1436 536; x_wconf 71' lang='grc' dir='ltr'>ἐκεῖνος</span> <span class='ocrx_word' id='word_1_27' title='bbox 1499 470 1559 526; x_wconf 72' lang='grc' dir='ltr'>δε</span> <span class='ocrx_word' id='word_1_28' title='bbox 1641 478 1702 542; x_wconf 75' lang='grc' dir='ltr'>τῇ</span> 
     </span>
    </p>
   </div>
   <div class='ocr_carea' id='block_1_6' title="bbox 178 562 1704 658">
    <p class='ocr_par' dir='ltr' id='par_1_6' title="bbox 178 562 1704 658">
     <span class='ocr_line' id='line_1_6' title="bbox 178 562 1704 658; baseline -0.017 -21"><span class='ocrx_word' id='word_1_29' title='bbox 178 562 296 658; x_wconf 71' lang='grc' dir='ltr'>ριτρὶ</span> <span class='ocrx_word' id='word_1_30' title='bbox 363 584 415 633; x_wconf 85' lang='grc' dir='ltr'>τὸ</span> <span class='ocrx_word' id='word_1_31' title='bbox 470 579 851 650; x_wconf 73' lang='grc' dir='ltr'>παριστάμενον</span> <span class='ocrx_word' id='word_1_32' title='bbox 922 571 1053 638; x_wconf 79' lang='grc' dir='ltr'>αύτῇ</span> <span class='ocrx_word' id='word_1_33' title='bbox 1119 569 1361 642; x_wconf 87' lang='grc' dir='ltr'>πράττειν</span> <span class='ocrx_word' id='word_1_34' title='bbox 1424 562 1704 636; x_wconf 74' lang='grc' dir='ltr'>ἐπιτρέπει.</span> 
     </span>
    </p>
   </div>
   <div class='ocr_carea' id='block_1_7' title="bbox 178 650 1709 728">
    <p class='ocr_par' dir='ltr' id='par_1_7' title="bbox 178 650 1709 728">
     <span class='ocr_line' id='line_1_7' title="bbox 178 650 1709 728; baseline -0.017 -1"><span class='ocrx_word' id='word_1_35' title='bbox 178 650 217 728; x_wconf 41' lang='grc' dir='ltr'>ΣΗ</span> <span class='ocrx_word' id='word_1_36' title='bbox 253 650 302 725; x_wconf 58' lang='grc' dir='ltr'>οἳ</span> <span class='ocrx_word' id='word_1_37' title='bbox 343 669 558 723; x_wconf 73' lang='grc' dir='ltr'>λαϐοῦσα</span> <span class='ocrx_word' id='word_1_38' title='bbox 604 664 767 725; x_wconf 80' lang='grc' dir='ltr'>ἔδησε</span> <span class='ocrx_word' id='word_1_39' title='bbox 814 668 901 717; x_wconf 86' lang='grc' dir='ltr'>τόν</span> <span class='ocrx_word' id='word_1_40' title='bbox 952 652 1342 716; x_wconf 75' lang='grc' dir='ltr'>Ἀπολλωνίδην</span> <span class='ocrx_word' id='word_1_41' title='bbox 1392 650 1523 705; x_wconf 84' lang='grc' dir='ltr'>δυσὶ</span> <span class='ocrx_word' id='word_1_42' title='bbox 1573 655 1709 723; x_wconf 85' lang='grc' dir='ltr'>μησὶ</span> 
     </span>
    </p>
   </div>
   <div class='ocr_carea' id='block_1_8' title="bbox 178 742 1711 827">
    <p class='ocr_par' dir='ltr' id='par_1_8' title="bbox 178 742 1711 827">
     <span class='ocr_line' id='line_1_8' title="bbox 178 742 1711 827; baseline -0.017 -12"><span class='ocrx_word' id='word_1_43' title='bbox 178 765 430 827; x_wconf 69' lang='grc' dir='ltr'>κολάζουσα,</span> <span class='ocrx_word' id='word_1_44' title='bbox 462 761 635 811; x_wconf 74' lang='grc' dir='ltr'>ἔπειτα</span> <span class='ocrx_word' id='word_1_45' title='bbox 688 760 857 819; x_wconf 82' lang='grc' dir='ltr'>ζῶντα</span> <span class='ocrx_word' id='word_1_46' title='bbox 901 749 1214 825; x_wconf 83' lang='grc' dir='ltr'>κατώρυξεν,</span> <span class='ocrx_word' id='word_1_47' title='bbox 1246 747 1327 798; x_wconf 84' lang='grc' dir='ltr'>ὅτε</span> <span class='ocrx_word' id='word_1_48' title='bbox 1354 747 1445 795; x_wconf 86' lang='grc' dir='ltr'>καὶ</span> <span class='ocrx_word' id='word_1_49' title='bbox 1492 742 1711 812; x_wconf 81' lang='grc' dir='ltr'>Ἀμύτις</span> 
     </span>
    </p>
   </div>
   <div class='ocr_carea' id='block_1_9' title="bbox 180 851 387 903">
    <p class='ocr_par' dir='ltr' id='par_1_9' title="bbox 180 851 387 903">
     <span class='ocr_line' id='line_1_9' title="bbox 180 851 387 903; baseline -0.019 0"><span class='ocrx_word' id='word_1_50' title='bbox 180 851 387 903; x_wconf 67' lang='grc' dir='ltr'>ἀπέθανεν.</span> 
     </span>
    </p>
   </div>
   <div class='ocr_carea' id='block_1_10' title="bbox 226 918 1710 1009">
    <p class='ocr_par' dir='ltr' id='par_1_10' title="bbox 226 918 1710 1009">
     <span class='ocr_line' id='line_1_10' title="bbox 226 918 1710 1009; baseline -0.018 -18"><span class='ocrx_word' id='word_1_51' title='bbox 226 946 424 1009; x_wconf 75' lang='grc' dir='ltr'>Ζώπυρος</span> <span class='ocrx_word' id='word_1_52' title='bbox 471 933 531 987; x_wconf 65' lang='grc' dir='ltr'>δε</span> <span class='ocrx_word' id='word_1_53' title='bbox 574 937 600 987; x_wconf 95' lang='lat'>6</span> <span class='ocrx_word' id='word_1_54' title='bbox 636 930 952 1003; x_wconf 71' lang='grc' dir='ltr'>Μεγαϐύζου</span> <span class='ocrx_word' id='word_1_55' title='bbox 1000 930 1090 980; x_wconf 84' lang='grc' dir='ltr'>καὶ</span> <span class='ocrx_word' id='word_1_56' title='bbox 1138 925 1383 995; x_wconf 84' lang='grc' dir='ltr'>Ἀμύτιος</span> <span class='ocrx_word' id='word_1_57' title='bbox 1422 924 1565 1009; x_wconf 79' lang='grc' dir='ltr'>παῖς,</span> <span class='ocrx_word' id='word_1_58' title='bbox 1601 918 1710 967; x_wconf 81' lang='grc' dir='ltr'>ἐπεὶ</span> 
     </span>
    </p>
   </div>
   <div class='ocr_carea' id='block_1_11' title="bbox 175 1004 1706 1097">
    <p class='ocr_par' dir='ltr' id='par_1_11' title="bbox 175 1004 1706 1097">
     <span class='ocr_line' id='line_1_11' title="bbox 175 1004 1706 1097; baseline -0.016 -18"><span class='ocrx_word' id='word_1_59' title='bbox 175 1029 276 1095; x_wconf 63' lang='grc' dir='ltr'>αὐτῷ</span> <span class='ocrx_word' id='word_1_60' title='bbox 315 1004 357 1078; x_wconf 37' lang='lat'><strong><em>6&#39;</em></strong></span> <span class='ocrx_word' id='word_1_61' title='bbox 385 1044 431 1078; x_wconf 89' lang='grc' dir='ltr'>τε</span> <span class='ocrx_word' id='word_1_62' title='bbox 478 1027 652 1097; x_wconf 77' lang='grc' dir='ltr'>πατὴρ</span> <span class='ocrx_word' id='word_1_63' title='bbox 704 1026 797 1073; x_wconf 80' lang='grc' dir='ltr'>καὶ</span> <span class='ocrx_word' id='word_1_64' title='bbox 834 1022 865 1077; x_wconf 83' lang='grc' dir='ltr'><strong>ἠ</strong></span> <span class='ocrx_word' id='word_1_65' title='bbox 913 1022 1087 1090; x_wconf 76' lang='grc' dir='ltr'>μήτηρ</span> <span class='ocrx_word' id='word_1_66' title='bbox 1138 1012 1480 1070; x_wconf 78' lang='grc' dir='ltr'>ἐτελεύτησεν,</span> <span class='ocrx_word' id='word_1_67' title='bbox 1509 1004 1706 1097; x_wconf 70' lang='grc' dir='ltr'>ἀπέστη</span> 
     </span>
    </p>
   </div>
   <div class='ocr_carea' id='block_1_12' title="bbox 175 1092 1708 1187">
    <p class='ocr_par' dir='ltr' id='par_1_12' title="bbox 175 1092 1708 1187">
     <span class='ocr_line' id='line_1_12' title="bbox 175 1092 1708 1187; baseline -0.01 -19"><span class='ocrx_word' id='word_1_68' title='bbox 175 1092 383 1187; x_wconf 69' lang='grc' dir='ltr'>βασιλέως</span> <span class='ocrx_word' id='word_1_69' title='bbox 416 1118 502 1164; x_wconf 82' lang='grc' dir='ltr'>καὶ</span> <span class='ocrx_word' id='word_1_70' title='bbox 558 1092 632 1172; x_wconf 75' lang='grc' dir='ltr'>εἰς</span> <span class='ocrx_word' id='word_1_71' title='bbox 675 1111 901 1169; x_wconf 76' lang='grc' dir='ltr'>Ἀθήνας</span> <span class='ocrx_word' id='word_1_72' title='bbox 945 1105 1169 1178; x_wconf 78' lang='grc' dir='ltr'>ἀφίκετο,</span> <span class='ocrx_word' id='word_1_73' title='bbox 1212 1101 1350 1153; x_wconf 84' lang='grc' dir='ltr'>κατὰ</span> <span class='ocrx_word' id='word_1_74' title='bbox 1390 1101 1483 1154; x_wconf 81' lang='grc' dir='ltr'>τὴν</span> <span class='ocrx_word' id='word_1_75' title='bbox 1516 1092 1708 1187; x_wconf 24' lang='grc' dir='ltr'>*τῆςξξ</span> 
     </span>
    </p>
   </div>
   <div class='ocr_carea' id='block_1_13' title="bbox 170 1179 1708 1276">
    <p class='ocr_par' dir='ltr' id='par_1_13' title="bbox 170 1179 1708 1276">
     <span class='ocr_line' id='line_1_13' title="bbox 170 1179 1708 1276; baseline -0.017 -18"><span class='ocrx_word' id='word_1_76' title='bbox 170 1208 316 1276; x_wconf 66' lang='grc' dir='ltr'>μητρὸς</span> <span class='ocrx_word' id='word_1_77' title='bbox 374 1202 439 1264; x_wconf 82' lang='grc' dir='ltr'>εἰς</span> <span class='ocrx_word' id='word_1_78' title='bbox 491 1200 683 1261; x_wconf 80' lang='grc' dir='ltr'>αύτούς</span> <span class='ocrx_word' id='word_1_79' title='bbox 740 1198 1051 1270; x_wconf 71' lang='grc' dir='ltr'>εὐεργεσίαν.</span> <span class='ocrx_word' id='word_1_80' title='bbox 1106 1192 1189 1253; x_wconf 85' lang='grc' dir='ltr'>Εἰς</span> <span class='ocrx_word' id='word_1_81' title='bbox 1250 1195 1446 1242; x_wconf 78' lang='grc' dir='ltr'>Καῦνον</span> <span class='ocrx_word' id='word_1_82' title='bbox 1504 1181 1563 1235; x_wconf 73' lang='grc' dir='ltr'>δε</span> <span class='ocrx_word' id='word_1_83' title='bbox 1619 1179 1708 1251; x_wconf 80' lang='grc' dir='ltr'>οἶμ’</span> 
     </span>
    </p>
   </div>
   <div class='ocr_carea' id='block_1_14' title="bbox 166 1277 1709 1361">
    <p class='ocr_par' dir='ltr' id='par_1_14' title="bbox 166 1277 1709 1361">
     <span class='ocr_line' id='line_1_14' title="bbox 166 1277 1709 1361; baseline -0.016 -15"><span class='ocrx_word' id='word_1_84' title='bbox 166 1294 293 1346; x_wconf 63' lang='grc' dir='ltr'>αὐτῶν</span> <span class='ocrx_word' id='word_1_85' title='bbox 343 1292 588 1361; x_wconf 73' lang='grc' dir='ltr'>ἑπομένων</span> <span class='ocrx_word' id='word_1_86' title='bbox 642 1291 689 1323; x_wconf 82' lang='grc'>¹³</span> <span class='ocrx_word' id='word_1_87' title='bbox 741 1285 1054 1348; x_wconf 75' lang='grc' dir='ltr'>εἰσέπλευσε,</span> <span class='ocrx_word' id='word_1_88' title='bbox 1113 1286 1203 1333; x_wconf 77' lang='grc' dir='ltr'>καὶ</span> <span class='ocrx_word' id='word_1_89' title='bbox 1257 1277 1484 1330; x_wconf 75' lang='grc' dir='ltr'>ἐκέλευσε</span> <span class='ocrx_word' id='word_1_90' title='bbox 1537 1290 1709 1343; x_wconf 88' lang='grc' dir='ltr'>παρα-</span> 
     </span>
    </p>
   </div>
   <div class='ocr_carea' id='block_1_15' title="bbox 166 1358 1709 1440">
    <p class='ocr_par' dir='ltr' id='par_1_15' title="bbox 166 1358 1709 1440">
     <span class='ocr_line' id='line_1_15' title="bbox 166 1358 1709 1440; baseline -0.016 -5"><span class='ocrx_word' id='word_1_91' title='bbox 166 1380 332 1435; x_wconf 62' lang='lat' dir='ltr'>(Mem</span> <span class='ocrx_word' id='word_1_92' title='bbox 358 1385 444 1438; x_wconf 74' lang='grc' dir='ltr'>τὴν</span> <span class='ocrx_word' id='word_1_93' title='bbox 471 1378 641 1433; x_wconf 77' lang='grc' dir='ltr'>πόλιν.</span> <span class='ocrx_word' id='word_1_94' title='bbox 682 1379 898 1430; x_wconf 79' lang='grc' dir='ltr'>Καύνιοι</span> <span class='ocrx_word' id='word_1_95' title='bbox 937 1370 994 1426; x_wconf 67' lang='grc' dir='ltr'>δι</span> <span class='ocrx_word' id='word_1_96' title='bbox 1038 1371 1178 1440; x_wconf 72' lang='grc' dir='ltr'>αὐτῷ</span> <span class='ocrx_word' id='word_1_97' title='bbox 1225 1370 1314 1439; x_wconf 75' lang='grc' dir='ltr'>μεν</span> <span class='ocrx_word' id='word_1_98' title='bbox 1355 1358 1709 1438; x_wconf 78' lang='grc' dir='ltr'>παραδιδόναι</span> 
     </span>
    </p>
   </div>
   <div class='ocr_carea' id='block_1_16' title="bbox 163 1454 1709 1539">
    <p class='ocr_par' dir='ltr' id='par_1_16' title="bbox 163 1454 1709 1539">
     <span class='ocr_line' id='line_1_16' title="bbox 163 1454 1709 1539; baseline -0.009 -18"><span class='ocrx_word' id='word_1_99' title='bbox 163 1478 230 1528; x_wconf 64' lang='grc' dir='ltr'>τήν</span> <span class='ocrx_word' id='word_1_100' title='bbox 272 1470 403 1521; x_wconf 82' lang='grc' dir='ltr'>πόλιν</span> <span class='ocrx_word' id='word_1_101' title='bbox 443 1471 689 1539; x_wconf 65' lang='grc' dir='ltr'>ἕτασκον,</span> <span class='ocrx_word' id='word_1_102' title='bbox 723 1466 1023 1523; x_wconf 79' lang='grc' dir='ltr'>Ἀθηναίοις</span> <span class='ocrx_word' id='word_1_103' title='bbox 1075 1457 1134 1512; x_wconf 68' lang='grc' dir='ltr'>δὲ</span> <span class='ocrx_word' id='word_1_104' title='bbox 1189 1465 1300 1518; x_wconf 91' lang='grc' dir='ltr'>τοῖς</span> <span class='ocrx_word' id='word_1_105' title='bbox 1353 1454 1709 1523; x_wconf 78' lang='grc' dir='ltr'>συνεπομένοις</span> 
     </span>
    </p>
   </div>
   <div class='ocr_carea' id='block_1_17' title="bbox 163 1541 1709 1625">
    <p class='ocr_par' dir='ltr' id='par_1_17' title="bbox 163 1541 1709 1625">
     <span class='ocr_line' id='line_1_17' title="bbox 163 1541 1709 1625; baseline -0.012 -15"><span class='ocrx_word' id='word_1_106' title='bbox 163 1560 314 1612; x_wconf 65' lang='grc' dir='ltr'>οὐκέτι.</span> <span class='ocrx_word' id='word_1_107' title='bbox 369 1558 594 1610; x_wconf 84' lang='grc' dir='ltr'>Εἰσιόντι</span> <span class='ocrx_word' id='word_1_108' title='bbox 649 1552 710 1607; x_wconf 64' lang='grc' dir='ltr'>δὲ</span> <span class='ocrx_word' id='word_1_109' title='bbox 778 1555 1012 1625; x_wconf 81' lang='grc' dir='ltr'>Ζωπύρῳ</span> <span class='ocrx_word' id='word_1_110' title='bbox 1065 1549 1135 1611; x_wconf 85' lang='grc' dir='ltr'>εἰς</span> <span class='ocrx_word' id='word_1_111' title='bbox 1204 1550 1262 1600; x_wconf 88' lang='grc' dir='ltr'>τὸ</span> <span class='ocrx_word' id='word_1_112' title='bbox 1318 1552 1495 1616; x_wconf 83' lang='grc' dir='ltr'>τεῖχος</span> <span class='ocrx_word' id='word_1_113' title='bbox 1569 1541 1709 1593; x_wconf 92' lang='grc' dir='ltr'>λίθον</span> 
     </span>
    </p>
   </div>
   <div class='ocr_carea' id='block_1_18' title="bbox 1815 469 3473 543">
    <p class='ocr_par' dir='ltr' id='par_1_18' title="bbox 1815 469 3473 543">
     <span class='ocr_line' id='line_1_18' title="bbox 1815 469 3473 543; baseline 0.005 -20"><span class='ocrx_word' id='word_1_114' title='bbox 1815 469 2089 527; x_wconf 90' lang='lat' dir='ltr'>dicasset.</span> <span class='ocrx_word' id='word_1_115' title='bbox 2125 473 2261 539; x_wconf 88' lang='lat' dir='ltr'>Rex,</span> <span class='ocrx_word' id='word_1_116' title='bbox 2290 470 2589 543; x_wconf 90' lang='lat' dir='ltr'>quidquid</span> <span class='ocrx_word' id='word_1_117' title='bbox 2618 469 2791 526; x_wconf 82' lang='lat' dir='ltr'>matri</span> <span class='ocrx_word' id='word_1_118' title='bbox 2845 470 3039 525; x_wconf 88' lang='lat' dir='ltr'>visum</span> <span class='ocrx_word' id='word_1_119' title='bbox 3094 471 3307 542; x_wconf 82' lang='lat' dir='ltr'>agendi</span> <span class='ocrx_word' id='word_1_120' title='bbox 3339 472 3473 532; x_wconf 85' lang='lat' dir='ltr'>fecit</span> 
     </span>
    </p>
   </div>
   <div class='ocr_carea' id='block_1_19' title="bbox 1802 558 3477 632">
    <p class='ocr_par' dir='ltr' id='par_1_19' title="bbox 1802 558 3477 632">
     <span class='ocr_line' id='line_1_19' title="bbox 1802 558 3477 632; baseline 0.002 -17"><span class='ocrx_word' id='word_1_121' title='bbox 1802 564 2174 631; x_wconf 87' lang='lat' dir='ltr'>potestatem</span> <span class='ocrx_word' id='word_1_122' title='bbox 2207 576 2220 614; x_wconf 91' lang='lat'><strong>:</strong></span> <span class='ocrx_word' id='word_1_123' title='bbox 2244 575 2381 632; x_wconf 73' lang='lat' dir='ltr'>quae</span> <span class='ocrx_word' id='word_1_124' title='bbox 2406 576 2545 616; x_wconf 92' lang='lat' dir='ltr'>cum</span> <span class='ocrx_word' id='word_1_125' title='bbox 2565 559 2830 615; x_wconf 89' lang='lat' dir='ltr'>vinctum</span> <span class='ocrx_word' id='word_1_126' title='bbox 2844 558 3305 631; x_wconf 86' lang='lat' dir='ltr'>Appollonidem</span> <span class='ocrx_word' id='word_1_127' title='bbox 3329 562 3477 619; x_wconf 85' lang='lat' dir='ltr'>inte-</span> 
     </span>
    </p>
   </div>
   <div class='ocr_carea' id='block_1_20' title="bbox 1817 647 3476 720">
    <p class='ocr_par' dir='ltr' id='par_1_20' title="bbox 1817 647 3476 720">
     <span class='ocr_line' id='line_1_20' title="bbox 1817 647 3476 720; baseline 0.002 -17"><span class='ocrx_word' id='word_1_128' title='bbox 1817 663 1925 720; x_wconf 90' lang='lat' dir='ltr'>gro</span> <span class='ocrx_word' id='word_1_129' title='bbox 1955 648 2219 703; x_wconf 83' lang='lat' dir='ltr'>bimestri</span> <span class='ocrx_word' id='word_1_130' title='bbox 2249 650 2662 714; x_wconf 88' lang='lat' dir='ltr'>excruciasset,</span> <span class='ocrx_word' id='word_1_131' title='bbox 2682 647 2881 704; x_wconf 90' lang='lat' dir='ltr'>vivum</span> <span class='ocrx_word' id='word_1_132' title='bbox 2906 652 3115 719; x_wconf 88' lang='lat' dir='ltr'>postea</span> <span class='ocrx_word' id='word_1_133' title='bbox 3135 649 3360 715; x_wconf 83' lang='lat' dir='ltr'>defodi,</span> <span class='ocrx_word' id='word_1_134' title='bbox 3379 665 3476 707; x_wconf 89' lang='lat' dir='ltr'>eo-</span> 
     </span>
    </p>
   </div>
   <div class='ocr_carea' id='block_1_21' title="bbox 1818 737 3475 811">
    <p class='ocr_par' dir='ltr' id='par_1_21' title="bbox 1818 737 3475 811">
     <span class='ocr_line' id='line_1_21' title="bbox 1818 737 3475 811; baseline 0.002 -18"><span class='ocrx_word' id='word_1_135' title='bbox 1818 737 1955 794; x_wconf 87' lang='lat' dir='ltr'>dem</span> <span class='ocrx_word' id='word_1_136' title='bbox 1979 738 2113 810; x_wconf 91' lang='lat' dir='ltr'>ipso</span> <span class='ocrx_word' id='word_1_137' title='bbox 2147 742 2412 809; x_wconf 89' lang='lat' dir='ltr'>tempore</span> <span class='ocrx_word' id='word_1_138' title='bbox 2438 739 2688 804; x_wconf 80' lang='lat' dir='ltr'>curavit,</span> <span class='ocrx_word' id='word_1_139' title='bbox 2714 753 2837 811; x_wconf 92' lang='lat' dir='ltr'>quo</span> <span class='ocrx_word' id='word_1_140' title='bbox 2851 737 3079 810; x_wconf 86' lang='lat' dir='ltr'>Amytis</span> <span class='ocrx_word' id='word_1_141' title='bbox 3110 738 3270 795; x_wconf 90' lang='lat' dir='ltr'>diem</span> <span class='ocrx_word' id='word_1_142' title='bbox 3294 755 3475 797; x_wconf 89' lang='lat' dir='ltr'>suum</span> 
     </span>
    </p>
   </div>
   <div class='ocr_carea' id='block_1_22' title="bbox 1819 826 1985 883">
    <p class='ocr_par' dir='ltr' id='par_1_22' title="bbox 1819 826 1985 883">
     <span class='ocr_line' id='line_1_22' title="bbox 1819 826 1985 883; baseline -0.024 0"><span class='ocrx_word' id='word_1_143' title='bbox 1819 826 1985 883; x_wconf 88' lang='lat' dir='ltr'>obiit.</span> 
     </span>
    </p>
   </div>
   <div class='ocr_carea' id='block_1_23' title="bbox 1889 914 3472 987">
    <p class='ocr_par' dir='ltr' id='par_1_23' title="bbox 1889 914 3472 987">
     <span class='ocr_line' id='line_1_23' title="bbox 1889 914 3472 987; baseline 0.001 -17"><span class='ocrx_word' id='word_1_144' title='bbox 1889 917 2155 987; x_wconf 86' lang='lat' dir='ltr'>Zopyrus</span> <span class='ocrx_word' id='word_1_145' title='bbox 2210 920 2431 980; x_wconf 88' lang='lat' dir='ltr'>autem,</span> <span class='ocrx_word' id='word_1_146' title='bbox 2502 915 2801 987; x_wconf 83' lang='lat' dir='ltr'>Megabyzi</span> <span class='ocrx_word' id='word_1_147' title='bbox 2873 918 2930 971; x_wconf 88' lang='lat' dir='ltr'>et</span> <span class='ocrx_word' id='word_1_148' title='bbox 3000 914 3227 987; x_wconf 88' lang='lat' dir='ltr'>Amytis</span> <span class='ocrx_word' id='word_1_149' title='bbox 3294 914 3472 984; x_wconf 90' lang='lat' dir='ltr'>ﬁlius,</span> 
     </span>
    </p>
   </div>
   <div class='ocr_carea' id='block_1_24' title="bbox 1819 1003 3475 1076">
    <p class='ocr_par' dir='ltr' id='par_1_24' title="bbox 1819 1003 3475 1076">
     <span class='ocr_line' id='line_1_24' title="bbox 1819 1003 3475 1076; baseline 0.001 -18"><span class='ocrx_word' id='word_1_150' title='bbox 1819 1008 2071 1076; x_wconf 90' lang='lat' dir='ltr'>utroque</span> <span class='ocrx_word' id='word_1_151' title='bbox 2100 1004 2345 1059; x_wconf 82' lang='lat' dir='ltr'>orbatus</span> <span class='ocrx_word' id='word_1_152' title='bbox 2376 1008 2637 1075; x_wconf 87' lang='lat' dir='ltr'>parente,</span> <span class='ocrx_word' id='word_1_153' title='bbox 2671 1020 2706 1059; x_wconf 90' lang='lat' dir='ltr'>a</span> <span class='ocrx_word' id='word_1_154' title='bbox 2730 1020 2868 1076; x_wconf 88' lang='lat' dir='ltr'>rege</span> <span class='ocrx_word' id='word_1_155' title='bbox 2894 1003 3162 1070; x_wconf 89' lang='lat' dir='ltr'>descivit,</span> <span class='ocrx_word' id='word_1_156' title='bbox 3186 1003 3475 1061; x_wconf 84' lang='lat' dir='ltr'>Athenas-</span> 
     </span>
    </p>
   </div>
   <div class='ocr_carea' id='block_1_25' title="bbox 1818 1092 3476 1165">
    <p class='ocr_par' dir='ltr' id='par_1_25' title="bbox 1818 1092 3476 1165">
     <span class='ocr_line' id='line_1_25' title="bbox 1818 1092 3476 1165; baseline 0.001 -17"><span class='ocrx_word' id='word_1_157' title='bbox 1818 1108 1930 1165; x_wconf 88' lang='lat' dir='ltr'>que</span> <span class='ocrx_word' id='word_1_158' title='bbox 1976 1092 2276 1164; x_wconf 84' lang='lat' dir='ltr'>profectus</span> <span class='ocrx_word' id='word_1_159' title='bbox 2343 1098 2451 1161; x_wconf 90' lang='lat' dir='ltr'>est,</span> <span class='ocrx_word' id='word_1_160' title='bbox 2512 1098 2828 1164; x_wconf 88' lang='lat' dir='ltr'>pr0pterea</span> <span class='ocrx_word' id='word_1_161' title='bbox 2889 1093 3052 1165; x_wconf 92' lang='lat' dir='ltr'>quod</span> <span class='ocrx_word' id='word_1_162' title='bbox 3106 1098 3296 1149; x_wconf 86' lang='lat' dir='ltr'>mater</span> <span class='ocrx_word' id='word_1_163' title='bbox 3348 1094 3476 1164; x_wconf 85' lang='lat' dir='ltr'>ejus</span> 
     </span>
    </p>
   </div>
   <div class='ocr_carea' id='block_1_26' title="bbox 1818 1181 3475 1254">
    <p class='ocr_par' dir='ltr' id='par_1_26' title="bbox 1818 1181 3475 1254">
     <span class='ocr_line' id='line_1_26' title="bbox 1818 1181 3475 1254; baseline 0.002 -19"><span class='ocrx_word' id='word_1_164' title='bbox 1818 1182 2206 1238; x_wconf 85' lang='lat' dir='ltr'>Athenienses</span> <span class='ocrx_word' id='word_1_165' title='bbox 2227 1181 2369 1238; x_wconf 89' lang='lat' dir='ltr'>olim</span> <span class='ocrx_word' id='word_1_166' title='bbox 2399 1181 2703 1237; x_wconf 85' lang='lat' dir='ltr'>beneﬁciis</span> <span class='ocrx_word' id='word_1_167' title='bbox 2729 1181 3009 1238; x_wconf 74' lang='lat' dir='ltr'>aﬁ‘ecerat</span> <span class='ocrx_word' id='word_1_168' title='bbox 3038 1184 3310 1239; x_wconf 86' lang='lat' dir='ltr'>Caunum</span> <span class='ocrx_word' id='word_1_169' title='bbox 3333 1197 3475 1254; x_wconf 92' lang='lat' dir='ltr'>ergo</span> 
     </span>
    </p>
   </div>
   <div class='ocr_carea' id='block_1_27' title="bbox 1817 1270 3476 1341">
    <p class='ocr_par' dir='ltr' id='par_1_27' title="bbox 1817 1270 3476 1341">
     <span class='ocr_line' id='line_1_27' title="bbox 1817 1270 3476 1341; baseline 0 -14"><span class='ocrx_word' id='word_1_170' title='bbox 1817 1272 1964 1341; x_wconf 88' lang='lat' dir='ltr'>ipse,</span> <span class='ocrx_word' id='word_1_171' title='bbox 1997 1271 2253 1326; x_wconf 85' lang='lat' dir='ltr'>navibus</span> <span class='ocrx_word' id='word_1_172' title='bbox 2298 1286 2437 1325; x_wconf 90' lang='lat' dir='ltr'>cum</span> <span class='ocrx_word' id='word_1_173' title='bbox 2484 1270 2724 1326; x_wconf 82' lang='lat' dir='ltr'>asseclis</span> <span class='ocrx_word' id='word_1_174' title='bbox 2772 1270 3025 1335; x_wconf 89' lang='lat' dir='ltr'>delatus,</span> <span class='ocrx_word' id='word_1_175' title='bbox 3060 1270 3211 1326; x_wconf 87' lang='lat' dir='ltr'>tradi</span> <span class='ocrx_word' id='word_1_176' title='bbox 3242 1270 3353 1326; x_wconf 88' lang='lat' dir='ltr'>sibi</span> <span class='ocrx_word' id='word_1_177' title='bbox 3383 1287 3476 1327; x_wconf 84' lang='lat' dir='ltr'>ur—</span> 
     </span>
    </p>
   </div>
   <div class='ocr_carea' id='block_1_28' title="bbox 1816 1358 3475 1431">
    <p class='ocr_par' dir='ltr' id='par_1_28' title="bbox 1816 1358 3475 1431">
     <span class='ocr_line' id='line_1_28' title="bbox 1816 1358 3475 1431; baseline 0.001 -16"><span class='ocrx_word' id='word_1_178' title='bbox 1816 1360 1955 1415; x_wconf 90' lang='lat' dir='ltr'>bem</span> <span class='ocrx_word' id='word_1_179' title='bbox 1970 1358 2717 1431; x_wconf 90' lang='lat' dir='ltr'>postulat.Cauniitradere</span> <span class='ocrx_word' id='word_1_180' title='bbox 2739 1374 2799 1414; x_wconf 91' lang='lat' dir='ltr'>se</span> <span class='ocrx_word' id='word_1_181' title='bbox 2826 1359 2941 1431; x_wconf 88' lang='lat' dir='ltr'>ipsi</span> <span class='ocrx_word' id='word_1_182' title='bbox 2979 1359 3224 1431; x_wconf 86' lang='lat' dir='ltr'>quidem</span> <span class='ocrx_word' id='word_1_183' title='bbox 3265 1360 3475 1416; x_wconf 87' lang='lat' dir='ltr'>urbem</span> 
     </span>
    </p>
   </div>
   <div class='ocr_carea' id='block_1_29' title="bbox 1816 1448 3478 1523">
    <p class='ocr_par' dir='ltr' id='par_1_29' title="bbox 1816 1448 3478 1523">
     <span class='ocr_line' id='line_1_29' title="bbox 1816 1448 3478 1523; baseline 0 -17"><span class='ocrx_word' id='word_1_184' title='bbox 1816 1454 2054 1521; x_wconf 90' lang='lat' dir='ltr'>paratos</span> <span class='ocrx_word' id='word_1_185' title='bbox 2078 1450 2545 1521; x_wconf 87' lang='lat' dir='ltr'>responderunt;</span> <span class='ocrx_word' id='word_1_186' title='bbox 2562 1448 2666 1520; x_wconf 90' lang='lat' dir='ltr'>qui</span> <span class='ocrx_word' id='word_1_187' title='bbox 2689 1464 2831 1504; x_wconf 91' lang='lat' dir='ltr'>vero</span> <span class='ocrx_word' id='word_1_188' title='bbox 2846 1448 3046 1520; x_wconf 90' lang='lat' dir='ltr'>ipsum</span> <span class='ocrx_word' id='word_1_189' title='bbox 3072 1449 3478 1523; x_wconf 82' lang='lat' dir='ltr'>sequebantur</span> 
     </span>
    </p>
   </div>
   <div class='ocr_carea' id='block_1_30' title="bbox 1818 1538 3478 1611">
    <p class='ocr_par' dir='ltr' id='par_1_30' title="bbox 1818 1538 3478 1611">
     <span class='ocr_line' id='line_1_30' title="bbox 1818 1538 3478 1611; baseline 0.001 -18"><span class='ocrx_word' id='word_1_190' title='bbox 1818 1538 2304 1604; x_wconf 80' lang='lat' dir='ltr'>Atheniensibus,</span> <span class='ocrx_word' id='word_1_191' title='bbox 2338 1553 2743 1610; x_wconf 84' lang='lat' dir='ltr'>nequaquam.</span> <span class='ocrx_word' id='word_1_192' title='bbox 2776 1540 2964 1603; x_wconf 84' lang='lat' dir='ltr'>Quare</span> <span class='ocrx_word' id='word_1_193' title='bbox 3004 1538 3064 1593; x_wconf 90' lang='lat' dir='ltr'>in</span> <span class='ocrx_word' id='word_1_194' title='bbox 3094 1539 3306 1611; x_wconf 91' lang='lat' dir='ltr'>Zopyri</span> <span class='ocrx_word' id='word_1_195' title='bbox 3351 1554 3478 1594; x_wconf 89' lang='lat' dir='ltr'>mu-</span> 
     </span>
    </p>
   </div>
   <div class='ocr_carea' id='block_1_31' title="bbox 161 1623 1709 1715">
    <p class='ocr_par' dir='ltr' id='par_1_31' title="bbox 161 1623 1709 1715">
     <span class='ocr_line' id='line_1_31' title="bbox 161 1623 1709 1715; baseline -0.01 -16"><span class='ocrx_word' id='word_1_196' title='bbox 161 1643 362 1707; x_wconf 74' lang='grc' dir='ltr'>’Δλκίδης</span> <span class='ocrx_word' id='word_1_197' title='bbox 434 1648 656 1706; x_wconf 77' lang='grc' dir='ltr'>Καύνιος</span> <span class='ocrx_word' id='word_1_198' title='bbox 736 1623 972 1715; x_wconf 76' lang='grc' dir='ltr'>ἐμϐάλλει</span> <span class='ocrx_word' id='word_1_199' title='bbox 1047 1639 1114 1699; x_wconf 86' lang='grc' dir='ltr'>είς</span> <span class='ocrx_word' id='word_1_200' title='bbox 1182 1640 1270 1695; x_wconf 76' lang='grc' dir='ltr'>τὴν</span> <span class='ocrx_word' id='word_1_201' title='bbox 1330 1632 1567 1705; x_wconf 76' lang='grc' dir='ltr'>κεφαλὴν,</span> <span class='ocrx_word' id='word_1_202' title='bbox 1622 1636 1709 1684; x_wconf 85' lang='grc' dir='ltr'>καὶ</span> 
     </span>
    </p>
   </div>
   <div class='ocr_carea' id='block_1_32' title="bbox 1824 1623 3479 1715">
    <p class='ocr_par' dir='ltr' id='par_1_32' title="bbox 1824 1626 3479 1700">
     <span class='ocr_line' id='line_1_32' title="bbox 1824 1626 3479 1700; baseline -0.001 -16"><span class='ocrx_word' id='word_1_203' title='bbox 1824 1644 1915 1684; x_wconf 89' lang='lat' dir='ltr'>ros</span> <span class='ocrx_word' id='word_1_204' title='bbox 1939 1627 2254 1684; x_wconf 86' lang='lat' dir='ltr'>subeuntis</span> <span class='ocrx_word' id='word_1_205' title='bbox 2275 1633 2470 1700; x_wconf 86' lang='lat' dir='ltr'>caput,</span> <span class='ocrx_word' id='word_1_206' title='bbox 2498 1643 2712 1683; x_wconf 84' lang='lat' dir='ltr'>saxum</span> <span class='ocrx_word' id='word_1_207' title='bbox 2735 1626 2962 1682; x_wconf 81' lang='lat' dir='ltr'>Alcides</span> <span class='ocrx_word' id='word_1_208' title='bbox 2988 1626 3249 1683; x_wconf 89' lang='lat' dir='ltr'>Caunius</span> <span class='ocrx_word' id='word_1_209' title='bbox 3271 1627 3479 1699; x_wconf 86' lang='lat' dir='ltr'>conje-</span> 
     </span>
    </p>
   </div>
   <div class='ocr_carea' id='block_1_33' title="bbox 162 1720 1708 1808">
    <p class='ocr_par' dir='ltr' id='par_1_33' title="bbox 162 1720 1708 1808">
     <span class='ocr_line' id='line_1_33' title="bbox 162 1720 1708 1808; baseline -0.005 -21"><span class='ocrx_word' id='word_1_210' title='bbox 162 1736 263 1788; x_wconf 71' lang='grc' dir='ltr'>οὕτω</span> <span class='ocrx_word' id='word_1_211' title='bbox 306 1741 536 1808; x_wconf 73' lang='grc' dir='ltr'>Ζώπυρος</span> <span class='ocrx_word' id='word_1_212' title='bbox 585 1734 927 1791; x_wconf 79' lang='grc' dir='ltr'>ἀποθνήσκει.</span> <span class='ocrx_word' id='word_1_213' title='bbox 981 1730 1273 1801; x_wconf 79' lang='grc' dir='ltr'>Ἀμῆστρις</span> <span class='ocrx_word' id='word_1_214' title='bbox 1326 1720 1386 1777; x_wconf 69' lang='grc' dir='ltr'>δι</span> <span class='ocrx_word' id='word_1_215' title='bbox 1437 1725 1466 1781; x_wconf 83' lang='grc' dir='ltr'><strong>ἠ</strong></span> <span class='ocrx_word' id='word_1_216' title='bbox 1519 1725 1708 1794; x_wconf 79' lang='grc' dir='ltr'>μάμμη</span> 
     </span>
    </p>
   </div>
   <div class='ocr_carea' id='block_1_34' title="bbox 163 1810 1706 1895">
    <p class='ocr_par' dir='ltr' id='par_1_34' title="bbox 163 1810 1706 1895">
     <span class='ocr_line' id='line_1_34' title="bbox 163 1810 1706 1895; baseline -0.009 -19"><span class='ocrx_word' id='word_1_217' title='bbox 163 1830 226 1876; x_wconf 68' lang='grc' dir='ltr'>τόν</span> <span class='ocrx_word' id='word_1_218' title='bbox 273 1828 471 1876; x_wconf 75' lang='grc' dir='ltr'>Καύνιον</span> <span class='ocrx_word' id='word_1_219' title='bbox 539 1823 951 1895; x_wconf 77' lang='grc' dir='ltr'>ἀνεσταύρωσεν.</span> <span class='ocrx_word' id='word_1_220' title='bbox 1011 1819 1361 1874; x_wconf 77' lang='grc' dir='ltr'>Ἀποθνήσκει</span> <span class='ocrx_word' id='word_1_221' title='bbox 1408 1810 1468 1866; x_wconf 75' lang='grc' dir='ltr'>δε</span> <span class='ocrx_word' id='word_1_222' title='bbox 1531 1816 1619 1864; x_wconf 84' lang='grc' dir='ltr'>καὶ</span> <span class='ocrx_word' id='word_1_223' title='bbox 1676 1812 1706 1869; x_wconf 78' lang='grc' dir='ltr'>ἡ</span> 
     </span>
    </p>
   </div>
   <div class='ocr_carea' id='block_1_35' title="bbox 162 1900 1710 1987">
    <p class='ocr_par' dir='ltr' id='par_1_35' title="bbox 162 1900 1710 1987">
     <span class='ocr_line' id='line_1_35' title="bbox 162 1900 1710 1987; baseline -0.014 -15"><span class='ocrx_word' id='word_1_224' title='bbox 162 1916 412 1987; x_wconf 75' lang='grc' dir='ltr'>Ἀμῆστρις</span> <span class='ocrx_word' id='word_1_225' title='bbox 461 1915 633 1986; x_wconf 84' lang='grc' dir='ltr'>κάρτα</span> <span class='ocrx_word' id='word_1_226' title='bbox 672 1918 837 1986; x_wconf 75' lang='grc' dir='ltr'>γραῦς</span> <span class='ocrx_word' id='word_1_227' title='bbox 886 1912 1154 1981; x_wconf 77' lang='grc' dir='ltr'>γενομένη.</span> <span class='ocrx_word' id='word_1_228' title='bbox 1214 1910 1314 1958; x_wconf 81' lang='grc' dir='ltr'>Καὶ</span> <span class='ocrx_word' id='word_1_229' title='bbox 1371 1900 1710 1976; x_wconf 79' lang='grc' dir='ltr'>Ἀρτοξέρξης</span> 
     </span>
    </p>
   </div>
   <div class='ocr_carea' id='block_1_36' title="bbox 162 1991 1711 2072">
    <p class='ocr_par' dir='ltr' id='par_1_36' title="bbox 162 1991 1711 2072">
     <span class='ocr_line' id='line_1_36' title="bbox 162 1991 1711 2072; baseline -0.008 -18"><span class='ocrx_word' id='word_1_230' title='bbox 162 2000 205 2054; x_wconf 66' lang='grc' dir='ltr'>δι</span> <span class='ocrx_word' id='word_1_231' title='bbox 230 2005 269 2038; x_wconf 78' lang='grc'>²⁴</span> <span class='ocrx_word' id='word_1_232' title='bbox 306 2002 620 2061; x_wconf 66' lang='grc' dir='ltr'>ἁποθιόσκει</span> <span class='ocrx_word' id='word_1_233' title='bbox 676 2000 731 2072; x_wconf 83' lang='grc' dir='ltr'>μ’</span> <span class='ocrx_word' id='word_1_234' title='bbox 760 2004 851 2052; x_wconf 81' lang='grc' dir='ltr'>καὶ</span> <span class='ocrx_word' id='word_1_235' title='bbox 990 2000 1103 2050; x_wconf 77' lang='grc' dir='ltr'>ἔτεα</span> <span class='ocrx_word' id='word_1_236' title='bbox 1156 1993 1499 2067; x_wconf 81' lang='grc' dir='ltr'>βασιλεύσας.</span> <span class='ocrx_word' id='word_1_237' title='bbox 1530 1991 1711 2045; x_wconf 85' lang='grc' dir='ltr'>Τελευ-</span> 
     </span>
    </p>
   </div>
   <div class='ocr_carea' id='block_1_37' title="bbox 158 2086 996 2167">
    <p class='ocr_par' dir='ltr' id='par_1_37' title="bbox 158 2086 996 2167">
     <span class='ocr_line' id='line_1_37' title="bbox 158 2086 996 2167; baseline -0.005 -24"><span class='ocrx_word' id='word_1_238' title='bbox 158 2099 206 2161; x_wconf 70' lang='grc' dir='ltr'>τᾷ</span> <span class='ocrx_word' id='word_1_239' title='bbox 234 2094 275 2127; x_wconf 74' lang='grc'>⁸⁸</span> <span class='ocrx_word' id='word_1_240' title='bbox 302 2094 503 2167; x_wconf 77' lang='grc' dir='ltr'>ἱστορία</span> <span class='ocrx_word' id='word_1_241' title='bbox 537 2090 620 2157; x_wconf 78' lang='grc' dir='ltr'>ιζ’,</span> <span class='ocrx_word' id='word_1_242' title='bbox 655 2092 882 2163; x_wconf 74' lang='grc' dir='ltr'>ἄρχεται</span> <span class='ocrx_word' id='word_1_243' title='bbox 911 2086 996 2145; x_wconf 80' lang='grc' dir='ltr'>ιη’.</span> 
     </span>
    </p>
   </div>
   <div class='ocr_carea' id='block_1_38' title="bbox 211 2257 1709 2346">
    <p class='ocr_par' dir='ltr' id='par_1_38' title="bbox 211 2257 1709 2346">
     <span class='ocr_line' id='line_1_38' title="bbox 211 2257 1709 2346; baseline -0.012 -20"><span class='ocrx_word' id='word_1_244' title='bbox 211 2272 519 2346; x_wconf 76' lang='grc' dir='ltr'>Ἀρτοξέρξου</span> <span class='ocrx_word' id='word_1_245' title='bbox 572 2273 620 2307; x_wconf 84' lang='grc'>²⁶</span> <span class='ocrx_word' id='word_1_246' title='bbox 650 2269 1043 2327; x_wconf 78' lang='grc' dir='ltr'>τελευτήσαντος</span> <span class='ocrx_word' id='word_1_247' title='bbox 1093 2263 1282 2337; x_wconf 75' lang='grc' dir='ltr'>Ξέρξης</span> <span class='ocrx_word' id='word_1_248' title='bbox 1330 2263 1355 2313; x_wconf 89' lang='lat'>6</span> <span class='ocrx_word' id='word_1_249' title='bbox 1399 2263 1512 2320; x_wconf 82' lang='grc' dir='ltr'>υίὸς</span> <span class='ocrx_word' id='word_1_250' title='bbox 1552 2257 1709 2331; x_wconf 79' lang='grc' dir='ltr'>βασι-</span> 
     </span>
    </p>
   </div>
   <div class='ocr_carea' id='block_1_39' title="bbox 156 2346 1704 2432">
    <p class='ocr_par' dir='ltr' id='par_1_39' title="bbox 156 2346 1704 2432">
     <span class='ocr_line' id='line_1_39' title="bbox 156 2346 1704 2432; baseline -0.01 -20"><span class='ocrx_word' id='word_1_251' title='bbox 156 2360 273 2425; x_wconf 79' lang='grc' dir='ltr'>λεύει,</span> <span class='ocrx_word' id='word_1_252' title='bbox 301 2362 353 2423; x_wconf 82' lang='grc' dir='ltr'>ὃς</span> <span class='ocrx_word' id='word_1_253' title='bbox 394 2366 547 2432; x_wconf 80' lang='grc' dir='ltr'>μόνος</span> <span class='ocrx_word' id='word_1_254' title='bbox 595 2356 656 2416; x_wconf 75' lang='grc' dir='ltr'>ἦν</span> <span class='ocrx_word' id='word_1_255' title='bbox 703 2363 923 2430; x_wconf 70' lang='grc' dir='ltr'>γνήσιος</span> <span class='ocrx_word' id='word_1_256' title='bbox 966 2356 1021 2408; x_wconf 71' lang='grc' dir='ltr'>ἐκ</span> <span class='ocrx_word' id='word_1_257' title='bbox 1064 2356 1391 2425; x_wconf 79' lang='grc' dir='ltr'>Δαμασπίας,</span> <span class='ocrx_word' id='word_1_258' title='bbox 1422 2349 1453 2407; x_wconf 76' lang='grc' dir='ltr'>ἢ</span> <span class='ocrx_word' id='word_1_259' title='bbox 1491 2346 1539 2400; x_wconf 76' lang='grc' dir='ltr'>ἐν</span> <span class='ocrx_word' id='word_1_260' title='bbox 1574 2348 1704 2419; x_wconf 69' lang='grc' dir='ltr'>αὐτῇ</span> 
     </span>
    </p>
   </div>
   <div class='ocr_carea' id='block_1_40' title="bbox 155 2436 1705 2523">
    <p class='ocr_par' dir='ltr' id='par_1_40' title="bbox 155 2436 1705 2523">
     <span class='ocr_line' id='line_1_40' title="bbox 155 2436 1705 2523; baseline -0.01 -19"><span class='ocrx_word' id='word_1_261' title='bbox 155 2457 199 2521; x_wconf 67' lang='grc' dir='ltr'>τῇ</span> <span class='ocrx_word' id='word_1_262' title='bbox 248 2452 416 2523; x_wconf 54' lang='grc' dir='ltr'>ἠμρα,</span> <span class='ocrx_word' id='word_1_263' title='bbox 476 2453 529 2502; x_wconf 76' lang='grc' dir='ltr'>ἑν</span> <span class='ocrx_word' id='word_1_264' title='bbox 701 2452 793 2499; x_wconf 82' lang='grc' dir='ltr'>καὶ</span> <span class='ocrx_word' id='word_1_265' title='bbox 856 2445 1046 2517; x_wconf 73' lang='grc' dir='ltr'>Ξὲρξης</span> <span class='ocrx_word' id='word_1_266' title='bbox 1098 2442 1438 2505; x_wconf 75' lang='grc' dir='ltr'>ἐτελεύτησεν,</span> <span class='ocrx_word' id='word_1_267' title='bbox 1491 2436 1705 2491; x_wconf 80' lang='grc' dir='ltr'>ἁπεϐίω.</span> 
     </span>
    </p>
   </div>
   <div class='ocr_carea' id='block_1_41' title="bbox 156 2530 1709 2613">
    <p class='ocr_par' dir='ltr' id='par_1_41' title="bbox 156 2530 1709 2613">
     <span class='ocr_line' id='line_1_41' title="bbox 156 2530 1709 2613; baseline -0.009 -22"><span class='ocrx_word' id='word_1_268' title='bbox 156 2540 409 2613; x_wconf 64' lang='grc' dir='ltr'>Βαγοραζος</span> <span class='ocrx_word' id='word_1_269' title='bbox 456 2535 516 2591; x_wconf 73' lang='grc' dir='ltr'>δε</span> <span class='ocrx_word' id='word_1_270' title='bbox 547 2542 634 2591; x_wconf 86' lang='grc' dir='ltr'>τόν</span> <span class='ocrx_word' id='word_1_271' title='bbox 680 2536 855 2611; x_wconf 87' lang='grc' dir='ltr'>νεκρόν</span> <span class='ocrx_word' id='word_1_272' title='bbox 884 2543 977 2587; x_wconf 81' lang='grc' dir='ltr'>τοῦ</span> <span class='ocrx_word' id='word_1_273' title='bbox 1025 2535 1222 2606; x_wconf 88' lang='grc' dir='ltr'>πατρὸς</span> <span class='ocrx_word' id='word_1_274' title='bbox 1260 2535 1351 2583; x_wconf 79' lang='grc' dir='ltr'>καὶ</span> <span class='ocrx_word' id='word_1_275' title='bbox 1390 2536 1480 2589; x_wconf 81' lang='grc' dir='ltr'>τῆς</span> <span class='ocrx_word' id='word_1_276' title='bbox 1510 2530 1709 2601; x_wconf 81' lang='grc' dir='ltr'>μητρός</span> 
     </span>
    </p>
   </div>
   <div class='ocr_carea' id='block_1_42' title="bbox 152 2617 1709 2700">
    <p class='ocr_par' dir='ltr' id='par_1_42' title="bbox 152 2617 1709 2700">
     <span class='ocr_line' id='line_1_42' title="bbox 152 2617 1709 2700; baseline -0.008 -21"><span class='ocrx_word' id='word_1_277' title='bbox 152 2628 378 2700; x_wconf 66' lang='grc' dir='ltr'>ἀπήγαγεν</span> <span class='ocrx_word' id='word_1_278' title='bbox 428 2628 494 2687; x_wconf 86' lang='grc' dir='ltr'>εἰς</span> <span class='ocrx_word' id='word_1_279' title='bbox 549 2631 775 2697; x_wconf 79' lang='grc' dir='ltr'>Πέρσας.</span> <span class='ocrx_word' id='word_1_280' title='bbox 807 2618 1191 2679; x_wconf 78' lang='grc' dir='ltr'>Ἐπτακαίδεκα</span> <span class='ocrx_word' id='word_1_281' title='bbox 1235 2617 1291 2672; x_wconf 73' lang='grc' dir='ltr'>δὲ</span> <span class='ocrx_word' id='word_1_282' title='bbox 1339 2620 1522 2679; x_wconf 78' lang='grc' dir='ltr'>νόθους</span> <span class='ocrx_word' id='word_1_283' title='bbox 1565 2618 1709 2677; x_wconf 83' lang='grc' dir='ltr'>υἱοὺς</span> 
     </span>
    </p>
   </div>
   <div class='ocr_carea' id='block_1_43' title="bbox 148 2702 1708 2789">
    <p class='ocr_par' dir='ltr' id='par_1_43' title="bbox 148 2702 1708 2789">
     <span class='ocr_line' id='line_1_43' title="bbox 148 2702 1708 2789; baseline -0.007 -22"><span class='ocrx_word' id='word_1_284' title='bbox 148 2720 272 2787; x_wconf 78' lang='grc' dir='ltr'>ἔσχεν</span> <span class='ocrx_word' id='word_1_285' title='bbox 348 2720 371 2769; x_wconf 88' lang='grc' dir='ltr'>ό</span> <span class='ocrx_word' id='word_1_286' title='bbox 438 2715 809 2789; x_wconf 71' lang='grc' dir='ltr'>’Δρτοξίρξης,</span> <span class='ocrx_word' id='word_1_287' title='bbox 879 2712 933 2776; x_wconf 71' lang='grc' dir='ltr'>ἐξ</span> <span class='ocrx_word' id='word_1_288' title='bbox 988 2713 1056 2763; x_wconf 85' lang='grc' dir='ltr'>ὧν</span> <span class='ocrx_word' id='word_1_289' title='bbox 1122 2710 1235 2763; x_wconf 77' lang='grc' dir='ltr'>ἔστι</span> <span class='ocrx_word' id='word_1_290' title='bbox 1302 2712 1393 2760; x_wconf 84' lang='grc' dir='ltr'>καὶ</span> <span class='ocrx_word' id='word_1_291' title='bbox 1459 2702 1708 2760; x_wconf 83' lang='grc' dir='ltr'>Σεκυδια-</span> 
     </span>
    </p>
   </div>
   <div class='ocr_carea' id='block_1_44' title="bbox 150 2796 1711 2879">
    <p class='ocr_par' dir='ltr' id='par_1_44' title="bbox 150 2796 1711 2879">
     <span class='ocr_line' id='line_1_44' title="bbox 150 2796 1711 2879; baseline -0.012 -16"><span class='ocrx_word' id='word_1_292' title='bbox 150 2807 265 2863; x_wconf 58' lang='grc' dir='ltr'>νὸςη</span> <span class='ocrx_word' id='word_1_293' title='bbox 304 2805 389 2879; x_wconf 68' lang='grc' dir='ltr'>[Οὲ</span> <span class='ocrx_word' id='word_1_294' title='bbox 427 2805 520 2878; x_wconf 68' lang='grc'>8.]</span> <span class='ocrx_word' id='word_1_295' title='bbox 560 2806 588 2856; x_wconf 88' lang='lat'>6</span> <span class='ocrx_word' id='word_1_296' title='bbox 618 2803 671 2867; x_wconf 80' lang='grc' dir='ltr'>ἐξ</span> <span class='ocrx_word' id='word_1_297' title='bbox 724 2803 1034 2872; x_wconf 73' lang='grc' dir='ltr'>Ἀλογούνης</span> <span class='ocrx_word' id='word_1_298' title='bbox 1087 2808 1180 2861; x_wconf 80' lang='grc' dir='ltr'>τῆς</span> <span class='ocrx_word' id='word_1_299' title='bbox 1238 2796 1582 2860; x_wconf 79' lang='grc' dir='ltr'>Βαϐυλωνίας,</span> <span class='ocrx_word' id='word_1_300' title='bbox 1623 2798 1711 2845; x_wconf 80' lang='grc' dir='ltr'>καὶ</span> 
     </span>
    </p>
   </div>
   <div class='ocr_carea' id='block_1_45' title="bbox 1820 1715 3475 1789">
    <p class='ocr_par' dir='ltr' id='par_1_45' title="bbox 1820 1715 3475 1789">
     <span class='ocr_line' id='line_1_45' title="bbox 1820 1715 3475 1789; baseline -0.001 -16"><span class='ocrx_word' id='word_1_301' title='bbox 1820 1720 1915 1781; x_wconf 87' lang='lat' dir='ltr'>cit,</span> <span class='ocrx_word' id='word_1_302' title='bbox 1970 1732 2041 1773; x_wconf 83' lang='lat' dir='ltr'>ex</span> <span class='ocrx_word' id='word_1_303' title='bbox 2070 1732 2195 1789; x_wconf 93' lang='lat' dir='ltr'>quo</span> <span class='ocrx_word' id='word_1_304' title='bbox 2220 1716 2314 1772; x_wconf 93' lang='lat' dir='ltr'>ille</span> <span class='ocrx_word' id='word_1_305' title='bbox 2355 1717 2473 1771; x_wconf 88' lang='lat' dir='ltr'>ictu</span> <span class='ocrx_word' id='word_1_306' title='bbox 2512 1720 2782 1771; x_wconf 90' lang='lat' dir='ltr'>mortuus</span> <span class='ocrx_word' id='word_1_307' title='bbox 2828 1719 2934 1771; x_wconf 87' lang='lat' dir='ltr'>est.</span> <span class='ocrx_word' id='word_1_308' title='bbox 2970 1716 3263 1772; x_wconf 88' lang='lat' dir='ltr'>Caunium</span> <span class='ocrx_word' id='word_1_309' title='bbox 3312 1715 3475 1772; x_wconf 89' lang='lat' dir='ltr'>hunc</span> 
     </span>
    </p>
   </div>
   <div class='ocr_carea' id='block_1_46' title="bbox 1822 1803 3475 1877">
    <p class='ocr_par' dir='ltr' id='par_1_46' title="bbox 1822 1803 3475 1877">
     <span class='ocr_line' id='line_1_46' title="bbox 1822 1803 3475 1877; baseline 0 -16"><span class='ocrx_word' id='word_1_310' title='bbox 1822 1806 2092 1862; x_wconf 84' lang='lat' dir='ltr'>Amistris</span> <span class='ocrx_word' id='word_1_311' title='bbox 2124 1805 2257 1861; x_wconf 88' lang='lat' dir='ltr'>avia</span> <span class='ocrx_word' id='word_1_312' title='bbox 2294 1803 2455 1859; x_wconf 87' lang='lat' dir='ltr'>cruci</span> <span class='ocrx_word' id='word_1_313' title='bbox 2486 1803 2788 1860; x_wconf 78' lang='lat' dir='ltr'>aﬁixitzac</span> <span class='ocrx_word' id='word_1_314' title='bbox 2814 1803 3056 1860; x_wconf 87' lang='lat' dir='ltr'>tandem</span> <span class='ocrx_word' id='word_1_315' title='bbox 3082 1805 3213 1876; x_wconf 90' lang='lat' dir='ltr'>ipsa</span> <span class='ocrx_word' id='word_1_316' title='bbox 3237 1819 3475 1877; x_wconf 82' lang='lat' dir='ltr'>quoque</span> 
     </span>
    </p>
   </div>
   <div class='ocr_carea' id='block_1_47' title="bbox 1822 1893 3478 1959">
    <p class='ocr_par' dir='ltr' id='par_1_47' title="bbox 1822 1893 3478 1959">
     <span class='ocr_line' id='line_1_47' title="bbox 1822 1893 3478 1959; baseline 0 -8"><span class='ocrx_word' id='word_1_317' title='bbox 1822 1894 1992 1951; x_wconf 85' lang='lat' dir='ltr'>senio</span> <span class='ocrx_word' id='word_1_318' title='bbox 2047 1894 2318 1951; x_wconf 87' lang='lat' dir='ltr'>confecta</span> <span class='ocrx_word' id='word_1_319' title='bbox 2370 1893 2636 1949; x_wconf 88' lang='lat' dir='ltr'>decessit.</span> <span class='ocrx_word' id='word_1_320' title='bbox 2681 1893 2834 1959; x_wconf 85' lang='lat' dir='ltr'>Quin</span> <span class='ocrx_word' id='word_1_321' title='bbox 2881 1902 2937 1949; x_wconf 87' lang='lat' dir='ltr'>et</span> <span class='ocrx_word' id='word_1_322' title='bbox 2967 1898 3307 1949; x_wconf 79' lang='lat' dir='ltr'>Artaxerxes</span> <span class='ocrx_word' id='word_1_323' title='bbox 3358 1894 3478 1951; x_wconf 87' lang='lat' dir='ltr'>vita</span> 
     </span>
    </p>
   </div>
   <div class='ocr_carea' id='block_1_48' title="bbox 1821 1981 3475 2053">
    <p class='ocr_par' dir='ltr' id='par_1_48' title="bbox 1821 1981 3475 2053">
     <span class='ocr_line' id='line_1_48' title="bbox 1821 1981 3475 2053; baseline -0.001 -14"><span class='ocrx_word' id='word_1_324' title='bbox 1821 1983 1982 2050; x_wconf 86' lang='lat' dir='ltr'>abiit,</span> <span class='ocrx_word' id='word_1_325' title='bbox 2011 1998 2150 2039; x_wconf 90' lang='lat' dir='ltr'>cum</span> <span class='ocrx_word' id='word_1_326' title='bbox 2178 1982 2332 2038; x_wconf 92' lang='lat' dir='ltr'>duos</span> <span class='ocrx_word' id='word_1_327' title='bbox 2369 1985 2427 2037; x_wconf 86' lang='lat' dir='ltr'>et</span> <span class='ocrx_word' id='word_1_328' title='bbox 2475 1981 2879 2053; x_wconf 84' lang='lat' dir='ltr'>quadraginta</span> <span class='ocrx_word' id='word_1_329' title='bbox 2926 1986 3225 2052; x_wconf 80' lang='lat' dir='ltr'>regnasset</span> <span class='ocrx_word' id='word_1_330' title='bbox 3257 1996 3475 2039; x_wconf 89' lang='lat' dir='ltr'>annos.</span> 
     </span>
    </p>
   </div>
   <div class='ocr_carea' id='block_1_49' title="bbox 1819 2068 3471 2145">
    <p class='ocr_par' dir='ltr' id='par_1_49' title="bbox 1819 2068 3471 2145">
     <span class='ocr_line' id='line_1_49' title="bbox 1819 2068 3471 2145; baseline -0.002 -16"><span class='ocrx_word' id='word_1_331' title='bbox 1819 2076 2009 2145; x_wconf 85' lang='lat' dir='ltr'>Atque</span> <span class='ocrx_word' id='word_1_332' title='bbox 2032 2070 2127 2128; x_wconf 88' lang='lat' dir='ltr'>hic</span> <span class='ocrx_word' id='word_1_333' title='bbox 2154 2071 2290 2126; x_wconf 89' lang='lat' dir='ltr'>ﬁnis</span> <span class='ocrx_word' id='word_1_334' title='bbox 2334 2068 2566 2143; x_wconf 88' lang='lat' dir='ltr'>septimi</span> <span class='ocrx_word' id='word_1_335' title='bbox 2615 2069 2834 2125; x_wconf 91' lang='lat' dir='ltr'>decimi</span> <span class='ocrx_word' id='word_1_336' title='bbox 2865 2070 3278 2127; x_wconf 79' lang='lat' dir='ltr'>Historiarum</span> <span class='ocrx_word' id='word_1_337' title='bbox 3322 2070 3471 2141; x_wconf 87' lang='lat' dir='ltr'>libri,</span> 
     </span>
    </p>
   </div>
   <div class='ocr_carea' id='block_1_50' title="bbox 1818 2158 2833 2233">
    <p class='ocr_par' dir='ltr' id='par_1_50' title="bbox 1818 2158 2833 2233">
     <span class='ocr_line' id='line_1_50' title="bbox 1818 2158 2833 2233; baseline -0.003 -16"><span class='ocrx_word' id='word_1_338' title='bbox 1818 2160 2253 2233; x_wconf 86' lang='lat' dir='ltr'>inchoaturque</span> <span class='ocrx_word' id='word_1_339' title='bbox 2278 2164 2519 2216; x_wconf 89' lang='lat' dir='ltr'>octavus</span> <span class='ocrx_word' id='word_1_340' title='bbox 2544 2158 2833 2215; x_wconf 91' lang='lat' dir='ltr'>decimus.</span> 
     </span>
    </p>
   </div>
   <div class='ocr_carea' id='block_1_51' title="bbox 1888 2246 3480 2321">
    <p class='ocr_par' dir='ltr' id='par_1_51' title="bbox 1888 2246 3480 2321">
     <span class='ocr_line' id='line_1_51' title="bbox 1888 2246 3480 2321; baseline -0.003 -13"><span class='ocrx_word' id='word_1_341' title='bbox 1888 2252 2161 2321; x_wconf 80' lang='lat' dir='ltr'>Regnum</span> <span class='ocrx_word' id='word_1_342' title='bbox 2200 2253 2538 2305; x_wconf 61' lang='lat' dir='ltr'>Artaxerxe</span> <span class='ocrx_word' id='word_1_343' title='bbox 2564 2247 2822 2304; x_wconf 84' lang='lat' dir='ltr'>defuncti</span> <span class='ocrx_word' id='word_1_344' title='bbox 2857 2246 3015 2303; x_wconf 92' lang='lat' dir='ltr'>ﬁlius</span> <span class='ocrx_word' id='word_1_345' title='bbox 3062 2249 3273 2304; x_wconf 85' lang='lat' dir='ltr'>Xerxes</span> <span class='ocrx_word' id='word_1_346' title='bbox 3313 2262 3480 2304; x_wconf 84' lang='lat' dir='ltr'>exce-</span> 
     </span>
    </p>
   </div>
   <div class='ocr_carea' id='block_1_52' title="bbox 1817 2336 3476 2413">
    <p class='ocr_par' dir='ltr' id='par_1_52' title="bbox 1817 2336 3476 2413">
     <span class='ocr_line' id='line_1_52' title="bbox 1817 2336 3476 2413; baseline -0.001 -18"><span class='ocrx_word' id='word_1_347' title='bbox 1817 2339 1922 2413; x_wconf 88' lang='lat' dir='ltr'>pit,</span> <span class='ocrx_word' id='word_1_348' title='bbox 1978 2339 2140 2397; x_wconf 89' lang='lat' dir='ltr'>solus</span> <span class='ocrx_word' id='word_1_349' title='bbox 2189 2337 2490 2409; x_wconf 89' lang='lat' dir='ltr'>legitimus</span> <span class='ocrx_word' id='word_1_350' title='bbox 2534 2353 2566 2392; x_wconf 90' lang='lat' dir='ltr'>e</span> <span class='ocrx_word' id='word_1_351' title='bbox 2619 2336 2877 2409; x_wconf 80' lang='lat' dir='ltr'>conjuge</span> <span class='ocrx_word' id='word_1_352' title='bbox 2934 2337 3275 2409; x_wconf 87' lang='lat' dir='ltr'>Damaspia,</span> <span class='ocrx_word' id='word_1_353' title='bbox 3338 2353 3476 2410; x_wconf 71' lang='lat' dir='ltr'>qum</span> 
     </span>
    </p>
   </div>
   <div class='ocr_carea' id='block_1_53' title="bbox 1817 2425 3472 2503">
    <p class='ocr_par' dir='ltr' id='par_1_53' title="bbox 1817 2425 3472 2503">
     <span class='ocr_line' id='line_1_53' title="bbox 1817 2425 3472 2503; baseline -0.001 -20"><span class='ocrx_word' id='word_1_354' title='bbox 1817 2429 1949 2503; x_wconf 87' lang='lat' dir='ltr'>ipso</span> <span class='ocrx_word' id='word_1_355' title='bbox 2001 2428 2101 2484; x_wconf 94' lang='lat' dir='ltr'>illo</span> <span class='ocrx_word' id='word_1_356' title='bbox 2152 2427 2249 2483; x_wconf 88' lang='lat' dir='ltr'>die</span> <span class='ocrx_word' id='word_1_357' title='bbox 2309 2442 2430 2499; x_wconf 94' lang='lat' dir='ltr'>quo</span> <span class='ocrx_word' id='word_1_358' title='bbox 2471 2428 2683 2482; x_wconf 84' lang='lat' dir='ltr'>Xerxes</span> <span class='ocrx_word' id='word_1_359' title='bbox 2740 2425 3002 2498; x_wconf 88' lang='lat' dir='ltr'>[postea]</span> <span class='ocrx_word' id='word_1_360' title='bbox 3044 2426 3165 2482; x_wconf 88' lang='lat' dir='ltr'>vita</span> <span class='ocrx_word' id='word_1_361' title='bbox 3195 2426 3472 2483; x_wconf 84' lang='lat' dir='ltr'>decessit.</span> 
     </span>
    </p>
   </div>
   <div class='ocr_carea' id='block_1_54' title="bbox 1820 2515 3476 2588">
    <p class='ocr_par' dir='ltr' id='par_1_54' title="bbox 1820 2515 3476 2588">
     <span class='ocr_line' id='line_1_54' title="bbox 1820 2515 3476 2588; baseline -0.002 -14"><span class='ocrx_word' id='word_1_362' title='bbox 1820 2520 2153 2588; x_wconf 84' lang='lat' dir='ltr'>Bagorazus</span> <span class='ocrx_word' id='word_1_363' title='bbox 2203 2531 2345 2572; x_wconf 88' lang='lat' dir='ltr'>vero</span> <span class='ocrx_word' id='word_1_364' title='bbox 2374 2516 2557 2587; x_wconf 86' lang='lat' dir='ltr'>patris</span> <span class='ocrx_word' id='word_1_365' title='bbox 2586 2515 2919 2587; x_wconf 87' lang='lat' dir='ltr'>matrisque</span> <span class='ocrx_word' id='word_1_366' title='bbox 2963 2529 3182 2586; x_wconf 87' lang='lat' dir='ltr'>corpus</span> <span class='ocrx_word' id='word_1_367' title='bbox 3238 2516 3299 2570; x_wconf 90' lang='lat' dir='ltr'>in</span> <span class='ocrx_word' id='word_1_368' title='bbox 3344 2515 3476 2570; x_wconf 89' lang='lat' dir='ltr'>Per-</span> 
     </span>
    </p>
   </div>
   <div class='ocr_carea' id='block_1_55' title="bbox 1818 2602 3476 2676">
    <p class='ocr_par' dir='ltr' id='par_1_55' title="bbox 1818 2602 3476 2676">
     <span class='ocr_line' id='line_1_55' title="bbox 1818 2602 3476 2676; baseline -0.001 -14"><span class='ocrx_word' id='word_1_369' title='bbox 1818 2608 1967 2663; x_wconf 89' lang='lat' dir='ltr'>siam</span> <span class='ocrx_word' id='word_1_370' title='bbox 2000 2605 2208 2661; x_wconf 86' lang='lat' dir='ltr'>avexit.</span> <span class='ocrx_word' id='word_1_371' title='bbox 2270 2602 2429 2676; x_wconf 63' lang='lat' dir='ltr'>42a</span> <span class='ocrx_word' id='word_1_372' title='bbox 2469 2602 2905 2674; x_wconf 85' lang='lat' dir='ltr'>Septemdecim</span> <span class='ocrx_word' id='word_1_373' title='bbox 2944 2603 3085 2658; x_wconf 87' lang='lat' dir='ltr'>huic</span> <span class='ocrx_word' id='word_1_374' title='bbox 3134 2604 3476 2660; x_wconf 61' lang='lat' dir='ltr'>Artaxerxe</span> 
     </span>
    </p>
   </div>
   <div class='ocr_carea' id='block_1_56' title="bbox 1820 2690 3470 2767">
    <p class='ocr_par' dir='ltr' id='par_1_56' title="bbox 1820 2690 3470 2767">
     <span class='ocr_line' id='line_1_56' title="bbox 1820 2690 3470 2767; baseline -0.001 -17"><span class='ocrx_word' id='word_1_375' title='bbox 1820 2694 2003 2767; x_wconf 90' lang='lat' dir='ltr'>spurii</span> <span class='ocrx_word' id='word_1_376' title='bbox 2030 2693 2131 2748; x_wconf 88' lang='lat' dir='ltr'>ﬁlii</span> <span class='ocrx_word' id='word_1_377' title='bbox 2161 2692 2419 2760; x_wconf 77' lang='lat' dir='ltr'>fuerunt,</span> <span class='ocrx_word' id='word_1_378' title='bbox 2446 2692 2505 2747; x_wconf 91' lang='lat' dir='ltr'>in</span> <span class='ocrx_word' id='word_1_379' title='bbox 2526 2692 2749 2763; x_wconf 90' lang='lat' dir='ltr'>quibus</span> <span class='ocrx_word' id='word_1_380' title='bbox 2777 2690 3213 2763; x_wconf 84' lang='lat' dir='ltr'>Secyndianus,</span> <span class='ocrx_word' id='word_1_381' title='bbox 3244 2707 3317 2747; x_wconf 90' lang='lat' dir='ltr'>ex</span> <span class='ocrx_word' id='word_1_382' title='bbox 3338 2691 3470 2748; x_wconf 82' lang='lat' dir='ltr'>Alo-</span> 
     </span>
    </p>
   </div>
   <div class='ocr_carea' id='block_1_57' title="bbox 1821 2779 3475 2855">
    <p class='ocr_par' dir='ltr' id='par_1_57' title="bbox 1821 2779 3475 2855">
     <span class='ocr_line' id='line_1_57' title="bbox 1821 2779 3475 2855; baseline -0.002 -16"><span class='ocrx_word' id='word_1_383' title='bbox 1821 2799 1978 2855; x_wconf 90' lang='lat' dir='ltr'>gune</span> <span class='ocrx_word' id='word_1_384' title='bbox 2007 2781 2333 2854; x_wconf 88' lang='lat' dir='ltr'>Babylonia</span> <span class='ocrx_word' id='word_1_385' title='bbox 2364 2785 2454 2836; x_wconf 90' lang='lat' dir='ltr'>:et</span> <span class='ocrx_word' id='word_1_386' title='bbox 2483 2780 2697 2845; x_wconf 89' lang='lat' dir='ltr'>Ochus,</span> <span class='ocrx_word' id='word_1_387' title='bbox 2734 2785 2912 2850; x_wconf 89' lang='lat' dir='ltr'>atque</span> <span class='ocrx_word' id='word_1_388' title='bbox 2945 2779 3165 2835; x_wconf 84' lang='lat' dir='ltr'>Arsites</span> <span class='ocrx_word' id='word_1_389' title='bbox 3221 2796 3235 2846; x_wconf 89' lang='lat'><strong>;</strong></span> <span class='ocrx_word' id='word_1_390' title='bbox 3276 2779 3382 2835; x_wconf 76' lang='lat' dir='ltr'>illo</span> <span class='ocrx_word' id='word_1_391' title='bbox 3403 2795 3475 2835; x_wconf 90' lang='lat' dir='ltr'>ex</span> 
     </span>
    </p>
   </div>
   <div class='ocr_carea' id='block_1_58' title="bbox 150 2867 1709 2967">
    <p class='ocr_par' dir='ltr' id='par_1_58' title="bbox 150 2867 1708 2967">
     <span class='ocr_line' id='line_1_58' title="bbox 150 2867 1708 2967; baseline -0.013 -11"><span class='ocrx_word' id='word_1_392' title='bbox 150 2867 456 2965; x_wconf 36' lang='lat'>3106,1125</span> <span class='ocrx_word' id='word_1_393' title='bbox 490 2867 585 2964; x_wconf 52' lang='lat' dir='ltr'>Et]</span> <span class='ocrx_word' id='word_1_394' title='bbox 618 2898 709 2945; x_wconf 84' lang='grc' dir='ltr'>καὶ</span> <span class='ocrx_word' id='word_1_395' title='bbox 732 2867 987 2967; x_wconf 77' lang='grc' dir='ltr'>Ἀρσίτης</span> <span class='ocrx_word' id='word_1_396' title='bbox 1016 2892 1041 2942; x_wconf 84' lang='grc' dir='ltr'>ό</span> <span class='ocrx_word' id='word_1_397' title='bbox 1088 2889 1143 2941; x_wconf 74' lang='grc' dir='ltr'>ἐκ</span> <span class='ocrx_word' id='word_1_398' title='bbox 1174 2882 1612 2961; x_wconf 78' lang='grc' dir='ltr'>Κοσμαρτιδηνῆς</span> <span class='ocrx_word' id='word_1_399' title='bbox 1639 2884 1708 2948; x_wconf 76' lang='grc'>’⁸,</span> 
     </span>
    </p>
   </div>
   <div class='ocr_carea' id='block_1_59' title="bbox 1824 2867 3474 2967">
    <p class='ocr_par' dir='ltr' id='par_1_59' title="bbox 1824 2867 3474 2942">
     <span class='ocr_line' id='line_1_59' title="bbox 1824 2867 3474 2942; baseline -0.002 -14"><span class='ocrx_word' id='word_1_400' title='bbox 1824 2872 2069 2929; x_wconf 89' lang='lat' dir='ltr'>muliere</span> <span class='ocrx_word' id='word_1_401' title='bbox 2099 2869 2359 2942; x_wconf 87' lang='lat' dir='ltr'>quadam</span> <span class='ocrx_word' id='word_1_402' title='bbox 2391 2868 2715 2924; x_wconf 87' lang='lat' dir='ltr'>Martidene</span> <span class='ocrx_word' id='word_1_403' title='bbox 2757 2867 3023 2932; x_wconf 90' lang='lat' dir='ltr'>nomine,</span> <span class='ocrx_word' id='word_1_404' title='bbox 3080 2868 3259 2924; x_wconf 88' lang='lat' dir='ltr'>etiam</span> <span class='ocrx_word' id='word_1_405' title='bbox 3288 2882 3474 2937; x_wconf 88' lang='lat' dir='ltr'>regno</span> 
     </span>
    </p>
   </div>
   <div class='ocr_carea' id='block_1_60' title="bbox 153 2976 1711 3050">
    <p class='ocr_par' dir='ltr' id='par_1_60' title="bbox 153 2976 1711 3050">
     <span class='ocr_line' id='line_1_60' title="bbox 153 2976 1711 3050; baseline -0.004 -19"><span class='ocrx_word' id='word_1_406' title='bbox 153 2988 222 3033; x_wconf 76' lang='grc' dir='ltr'>καὶ</span> <span class='ocrx_word' id='word_1_407' title='bbox 269 2983 415 3043; x_wconf 70' lang='grc' dir='ltr'>αὐτῆς</span> <span class='ocrx_word' id='word_1_408' title='bbox 484 2981 832 3042; x_wconf 74' lang='grc' dir='ltr'>Βαϐυλωνίας·</span> <span class='ocrx_word' id='word_1_409' title='bbox 890 2981 914 3032; x_wconf 88' lang='lat'>6</span> <span class='ocrx_word' id='word_1_410' title='bbox 990 2976 1050 3032; x_wconf 68' lang='grc' dir='ltr'>δι</span> <span class='ocrx_word' id='word_1_411' title='bbox 1106 2978 1277 3050; x_wconf 81' lang='grc' dir='ltr'>Ὦχος</span> <span class='ocrx_word' id='word_1_412' title='bbox 1325 2976 1540 3047; x_wconf 79' lang='grc' dir='ltr'>ὕστερον</span> <span class='ocrx_word' id='word_1_413' title='bbox 1621 2976 1711 3025; x_wconf 79' lang='grc' dir='ltr'>καὶ</span> 
     </span>
    </p>
   </div>
   <div class='ocr_carea' id='block_1_61' title="bbox 157 3063 1709 3141">
    <p class='ocr_par' dir='ltr' id='par_1_61' title="bbox 157 3063 1709 3141">
     <span class='ocr_line' id='line_1_61' title="bbox 157 3063 1709 3141; baseline -0.008 -15"><span class='ocrx_word' id='word_1_414' title='bbox 157 3069 400 3141; x_wconf 72' lang='grc' dir='ltr'>βασιλεύει.</span> <span class='ocrx_word' id='word_1_415' title='bbox 457 3070 575 3126; x_wconf 74' lang='grc' dir='ltr'>Ἐτε</span> <span class='ocrx_word' id='word_1_416' title='bbox 616 3067 677 3123; x_wconf 72' lang='grc' dir='ltr'>δε</span> <span class='ocrx_word' id='word_1_417' title='bbox 726 3066 915 3131; x_wconf 78' lang='grc' dir='ltr'>παῖδες</span> <span class='ocrx_word' id='word_1_418' title='bbox 967 3068 1129 3121; x_wconf 77' lang='grc' dir='ltr'>αὐτοῦ</span> <span class='ocrx_word' id='word_1_419' title='bbox 1175 3070 1300 3140; x_wconf 88' lang='grc' dir='ltr'>πρὸς</span> <span class='ocrx_word' id='word_1_420' title='bbox 1357 3072 1466 3127; x_wconf 85' lang='grc' dir='ltr'>τοῖς</span> <span class='ocrx_word' id='word_1_421' title='bbox 1514 3063 1709 3136; x_wconf 75' lang='grc' dir='ltr'>εἰρημέ-</span> 
     </span>
    </p>
   </div>
   <div class='ocr_carea' id='block_1_62' title="bbox 154 3150 1711 3232">
    <p class='ocr_par' dir='ltr' id='par_1_62' title="bbox 154 3150 1711 3232">
     <span class='ocr_line' id='line_1_62' title="bbox 154 3150 1711 3232; baseline -0.007 -20"><span class='ocrx_word' id='word_1_422' title='bbox 154 3179 237 3222; x_wconf 79' lang='grc' dir='ltr'>νοις</span> <span class='ocrx_word' id='word_1_423' title='bbox 273 3168 355 3213; x_wconf 77' lang='grc' dir='ltr'>καὶ</span> <span class='ocrx_word' id='word_1_424' title='bbox 402 3167 701 3232; x_wconf 70' lang='grc' dir='ltr'>Βαγαπαίος</span> <span class='ocrx_word' id='word_1_425' title='bbox 752 3163 843 3212; x_wconf 80' lang='grc' dir='ltr'>καὶ</span> <span class='ocrx_word' id='word_1_426' title='bbox 892 3160 1189 3231; x_wconf 80' lang='grc' dir='ltr'>Παρύσατις</span> <span class='ocrx_word' id='word_1_427' title='bbox 1231 3154 1285 3217; x_wconf 71' lang='grc' dir='ltr'>ἐξ</span> <span class='ocrx_word' id='word_1_428' title='bbox 1331 3150 1593 3228; x_wconf 83' lang='grc' dir='ltr'>Ἀνδρίας,</span> <span class='ocrx_word' id='word_1_429' title='bbox 1623 3154 1711 3202; x_wconf 87' lang='grc' dir='ltr'>καὶ</span> 
     </span>
    </p>
   </div>
   <div class='ocr_carea' id='block_1_63' title="bbox 152 3242 1708 3320">
    <p class='ocr_par' dir='ltr' id='par_1_63' title="bbox 152 3242 1708 3320">
     <span class='ocr_line' id='line_1_63' title="bbox 152 3242 1708 3320; baseline -0.004 -21"><span class='ocrx_word' id='word_1_430' title='bbox 152 3248 281 3311; x_wconf 62' lang='grc' dir='ltr'>αὐτῆς</span> <span class='ocrx_word' id='word_1_431' title='bbox 352 3248 701 3309; x_wconf 83' lang='grc' dir='ltr'>Βαϐυλωνίας·</span> <span class='ocrx_word' id='word_1_432' title='bbox 756 3247 885 3305; x_wconf 81' lang='grc' dir='ltr'>αὕτη</span> <span class='ocrx_word' id='word_1_433' title='bbox 953 3249 983 3305; x_wconf 82' lang='grc' dir='ltr'>ἡ</span> <span class='ocrx_word' id='word_1_434' title='bbox 1039 3248 1086 3282; x_wconf 69' lang='grc'>³⁸</span> <span class='ocrx_word' id='word_1_435' title='bbox 1164 3247 1462 3320; x_wconf 85' lang='grc' dir='ltr'>Παρύσατις</span> <span class='ocrx_word' id='word_1_436' title='bbox 1525 3242 1708 3313; x_wconf 84' lang='grc' dir='ltr'>Ἀρτο-</span> 
     </span>
    </p>
   </div>
   <div class='ocr_carea' id='block_1_64' title="bbox 152 3329 1709 3412">
    <p class='ocr_par' dir='ltr' id='par_1_64' title="bbox 152 3329 1709 3412">
     <span class='ocr_line' id='line_1_64' title="bbox 152 3329 1709 3412; baseline -0.006 -21"><span class='ocrx_word' id='word_1_437' title='bbox 152 3338 296 3412; x_wconf 72' lang='grc' dir='ltr'>ξέρξου</span> <span class='ocrx_word' id='word_1_438' title='bbox 344 3344 431 3391; x_wconf 80' lang='grc' dir='ltr'>καὶ</span> <span class='ocrx_word' id='word_1_439' title='bbox 491 3342 668 3411; x_wconf 73' lang='grc' dir='ltr'>Κύρου</span> <span class='ocrx_word' id='word_1_440' title='bbox 743 3342 918 3410; x_wconf 76' lang='grc' dir='ltr'>μήτηρ</span> <span class='ocrx_word' id='word_1_441' title='bbox 1001 3334 1215 3408; x_wconf 75' lang='grc' dir='ltr'>ἐγένετο.</span> <span class='ocrx_word' id='word_1_442' title='bbox 1272 3337 1370 3386; x_wconf 87' lang='grc' dir='ltr'>Τὸν</span> <span class='ocrx_word' id='word_1_443' title='bbox 1429 3329 1487 3385; x_wconf 74' lang='grc' dir='ltr'>δε</span> <span class='ocrx_word' id='word_1_444' title='bbox 1541 3330 1709 3401; x_wconf 81' lang='grc' dir='ltr'>Ὦχον</span> 
     </span>
    </p>
   </div>
   <div class='ocr_carea' id='block_1_65' title="bbox 150 3423 1707 3500">
    <p class='ocr_par' dir='ltr' id='par_1_65' title="bbox 150 3423 1707 3500">
     <span class='ocr_line' id='line_1_65' title="bbox 150 3423 1707 3500; baseline -0.01 -13"><span class='ocrx_word' id='word_1_445' title='bbox 150 3430 230 3487; x_wconf 63' lang='grc' dir='ltr'>ξὺν</span> <span class='ocrx_word' id='word_1_446' title='bbox 318 3430 343 3481; x_wconf 87' lang='grc' dir='ltr'><strong>ὀ</strong></span> <span class='ocrx_word' id='word_1_447' title='bbox 444 3433 624 3500; x_wconf 80' lang='grc' dir='ltr'>πατὴρ</span> <span class='ocrx_word' id='word_1_448' title='bbox 721 3427 992 3499; x_wconf 77' lang='grc' dir='ltr'>Ὑρκανίων</span> <span class='ocrx_word' id='word_1_449' title='bbox 1106 3426 1376 3500; x_wconf 81' lang='grc' dir='ltr'>σατράπην</span> <span class='ocrx_word' id='word_1_450' title='bbox 1475 3423 1707 3487; x_wconf 72' lang='grc' dir='ltr'>ἐποίησε,</span> 
     </span>
    </p>
   </div>
   <div class='ocr_carea' id='block_1_66' title="bbox 150 3505 1709 3590">
    <p class='ocr_par' dir='ltr' id='par_1_66' title="bbox 150 3505 1709 3590">
     <span class='ocr_line' id='line_1_66' title="bbox 150 3505 1709 3590; baseline -0.008 -18"><span class='ocrx_word' id='word_1_451' title='bbox 150 3512 250 3577; x_wconf 73' lang='grc' dir='ltr'>δοὺς</span> <span class='ocrx_word' id='word_1_452' title='bbox 290 3519 424 3589; x_wconf 63' lang='grc' dir='ltr'>αὐτῷ</span> <span class='ocrx_word' id='word_1_453' title='bbox 468 3523 563 3570; x_wconf 83' lang='grc' dir='ltr'>καὶ</span> <span class='ocrx_word' id='word_1_454' title='bbox 619 3523 846 3588; x_wconf 75' lang='grc' dir='ltr'>γυναῖκα</span> <span class='ocrx_word' id='word_1_455' title='bbox 904 3518 1200 3590; x_wconf 86' lang='grc' dir='ltr'>Παρύσατιν</span> <span class='ocrx_word' id='word_1_456' title='bbox 1249 3517 1426 3584; x_wconf 85' lang='grc' dir='ltr'>ὄνομα,</span> <span class='ocrx_word' id='word_1_457' title='bbox 1482 3514 1601 3570; x_wconf 81' lang='grc' dir='ltr'>ἣτις</span> <span class='ocrx_word' id='word_1_458' title='bbox 1648 3505 1709 3566; x_wconf 75' lang='grc' dir='ltr'>ἧν</span> 
     </span>
    </p>
   </div>
   <div class='ocr_carea' id='block_1_67' title="bbox 149 3596 1710 3679">
    <p class='ocr_par' dir='ltr' id='par_1_67' title="bbox 149 3596 1710 3679">
     <span class='ocr_line' id='line_1_67' title="bbox 149 3596 1710 3679; baseline -0.004 -23"><span class='ocrx_word' id='word_1_459' title='bbox 149 3606 303 3677; x_wconf 66' lang='grc' dir='ltr'>Ξέρξου</span> <span class='ocrx_word' id='word_1_460' title='bbox 350 3612 438 3679; x_wconf 69' lang='grc' dir='ltr'>μεν</span> <span class='ocrx_word' id='word_1_461' title='bbox 494 3608 756 3679; x_wconf 77' lang='grc' dir='ltr'>θυγάτηρ,</span> <span class='ocrx_word' id='word_1_462' title='bbox 781 3602 973 3677; x_wconf 76' lang='grc' dir='ltr'>ἀδελφὴ</span> <span class='ocrx_word' id='word_1_463' title='bbox 1028 3601 1086 3657; x_wconf 67' lang='grc' dir='ltr'>δι</span> <span class='ocrx_word' id='word_1_464' title='bbox 1132 3604 1316 3657; x_wconf 82' lang='grc' dir='ltr'>οἰκεία.</span> <span class='ocrx_word' id='word_1_465' title='bbox 1347 3601 1408 3654; x_wconf 69' lang='grc' dir='ltr'><strong>Ὀ</strong></span> <span class='ocrx_word' id='word_1_466' title='bbox 1458 3596 1516 3652; x_wconf 75' lang='grc' dir='ltr'><strong><em>δε</em></strong></span> <span class='ocrx_word' id='word_1_467' title='bbox 1554 3607 1710 3652; x_wconf 86' lang='grc' dir='ltr'>Σεκυ-</span> 
     </span>
    </p>
   </div>
   <div class='ocr_carea' id='block_1_68' title="bbox 151 3689 1709 3771">
    <p class='ocr_par' dir='ltr' id='par_1_68' title="bbox 151 3689 1709 3771">
     <span class='ocr_line' id='line_1_68' title="bbox 151 3689 1709 3771; baseline -0.006 -23"><span class='ocrx_word' id='word_1_468' title='bbox 151 3690 293 3755; x_wconf 75' lang='grc' dir='ltr'>διινὸς</span> <span class='ocrx_word' id='word_1_469' title='bbox 336 3697 831 3771; x_wconf 74' lang='grc' dir='ltr'>προσποιησάμενος</span> <span class='ocrx_word' id='word_1_470' title='bbox 874 3696 1176 3768; x_wconf 73' lang='grc' dir='ltr'>Φαρνακύαν</span> <span class='ocrx_word' id='word_1_471' title='bbox 1222 3696 1308 3744; x_wconf 88' lang='grc' dir='ltr'>τὸν</span> <span class='ocrx_word' id='word_1_472' title='bbox 1359 3690 1626 3762; x_wconf 76' lang='grc' dir='ltr'>εὐνοῦχον,</span> <span class='ocrx_word' id='word_1_473' title='bbox 1655 3689 1709 3749; x_wconf 86' lang='grc' dir='ltr'>ὃς</span> 
     </span>
    </p>
   </div>
   <div class='ocr_carea' id='block_1_69' title="bbox 150 3777 1708 3861">
    <p class='ocr_par' dir='ltr' id='par_1_69' title="bbox 150 3777 1708 3861">
     <span class='ocr_line' id='line_1_69' title="bbox 150 3777 1708 3861; baseline -0.004 -26"><span class='ocrx_word' id='word_1_474' title='bbox 150 3777 199 3835; x_wconf 68' lang='grc' dir='ltr'>ἦν</span> <span class='ocrx_word' id='word_1_475' title='bbox 229 3786 345 3854; x_wconf 76' lang='grc' dir='ltr'>μετά</span> <span class='ocrx_word' id='word_1_476' title='bbox 401 3785 702 3861; x_wconf 71' lang='grc' dir='ltr'>Βαγόραζον</span> <span class='ocrx_word' id='word_1_477' title='bbox 756 3788 845 3837; x_wconf 79' lang='grc' dir='ltr'>καὶ</span> <span class='ocrx_word' id='word_1_478' title='bbox 903 3784 1203 3840; x_wconf 87' lang='grc' dir='ltr'>Μενοστάνη</span> <span class='ocrx_word' id='word_1_479' title='bbox 1254 3786 1342 3833; x_wconf 74' lang='grc' dir='ltr'>καὶ</span> <span class='ocrx_word' id='word_1_480' title='bbox 1387 3780 1586 3852; x_wconf 75' lang='grc' dir='ltr'>ἐτέρους</span> <span class='ocrx_word' id='word_1_481' title='bbox 1636 3797 1708 3829; x_wconf 85' lang='grc' dir='ltr'>τι·</span> 
     </span>
    </p>
   </div>
   <div class='ocr_carea' id='block_1_70' title="bbox 147 3869 1709 3948">
    <p class='ocr_par' dir='ltr' id='par_1_70' title="bbox 147 3869 1709 3948">
     <span class='ocr_line' id='line_1_70' title="bbox 147 3869 1709 3948; baseline -0.009 -16"><span class='ocrx_word' id='word_1_482' title='bbox 147 3874 235 3935; x_wconf 63' lang='grc' dir='ltr'>νὰς,</span> <span class='ocrx_word' id='word_1_483' title='bbox 274 3876 541 3944; x_wconf 70' lang='grc' dir='ltr'>μεθύοντος</span> <span class='ocrx_word' id='word_1_484' title='bbox 591 3873 642 3926; x_wconf 75' lang='grc' dir='ltr'>ἐν</span> <span class='ocrx_word' id='word_1_485' title='bbox 694 3873 842 3948; x_wconf 73' lang='grc' dir='ltr'>ἑορτῇ</span> <span class='ocrx_word' id='word_1_486' title='bbox 888 3892 990 3925; x_wconf 89' lang='grc' dir='ltr'>τινι</span> <span class='ocrx_word' id='word_1_487' title='bbox 1046 3880 1137 3925; x_wconf 83' lang='grc' dir='ltr'>τοῦ</span> <span class='ocrx_word' id='word_1_488' title='bbox 1198 3870 1387 3943; x_wconf 75' lang='grc' dir='ltr'>Ξέρξου</span> <span class='ocrx_word' id='word_1_489' title='bbox 1444 3874 1534 3921; x_wconf 78' lang='grc' dir='ltr'>καὶ</span> <span class='ocrx_word' id='word_1_490' title='bbox 1585 3869 1709 3919; x_wconf 85' lang='grc' dir='ltr'>καθ-</span> 
     </span>
    </p>
   </div>
   <div class='ocr_carea' id='block_1_71' title="bbox 150 3958 1712 4035">
    <p class='ocr_par' dir='ltr' id='par_1_71' title="bbox 150 3958 1712 4035">
     <span class='ocr_line' id='line_1_71' title="bbox 150 3958 1712 4035; baseline -0.001 -26"><span class='ocrx_word' id='word_1_491' title='bbox 150 3958 353 4023; x_wconf 78' lang='grc' dir='ltr'>εύδοντος</span> <span class='ocrx_word' id='word_1_492' title='bbox 408 3962 456 4014; x_wconf 74' lang='grc' dir='ltr'>ἐν</span> <span class='ocrx_word' id='word_1_493' title='bbox 515 3970 631 4025; x_wconf 84' lang='grc' dir='ltr'>τοῖς</span> <span class='ocrx_word' id='word_1_494' title='bbox 692 3961 977 4035; x_wconf 85' lang='grc' dir='ltr'>βασιλείοις</span> <span class='ocrx_word' id='word_1_495' title='bbox 1030 3960 1333 4021; x_wconf 83' lang='grc' dir='ltr'>εἰσελθόντες</span> <span class='ocrx_word' id='word_1_496' title='bbox 1385 3958 1712 4011; x_wconf 74' lang='grc' dir='ltr'>ἀποκτείνου-</span> 
     </span>
    </p>
   </div>
   <div class='ocr_carea' id='block_1_72' title="bbox 154 4042 1713 4126">
    <p class='ocr_par' dir='ltr' id='par_1_72' title="bbox 154 4042 1713 4126">
     <span class='ocr_line' id='line_1_72' title="bbox 154 4042 1713 4126; baseline -0.002 -26"><span class='ocrx_word' id='word_1_497' title='bbox 154 4067 216 4100; x_wconf 79' lang='grc' dir='ltr'>σιν</span> <span class='ocrx_word' id='word_1_498' title='bbox 252 4052 414 4121; x_wconf 70' lang='grc' dir='ltr'>αὐτὸν,</span> <span class='ocrx_word' id='word_1_499' title='bbox 447 4061 886 4126; x_wconf 83' lang='grc' dir='ltr'>τεσσαρακοστῆς</span> <span class='ocrx_word' id='word_1_500' title='bbox 939 4056 1028 4104; x_wconf 78' lang='grc' dir='ltr'>καὶ</span> <span class='ocrx_word' id='word_1_501' title='bbox 1074 4056 1315 4123; x_wconf 78' lang='grc' dir='ltr'>πέμπτης</span> <span class='ocrx_word' id='word_1_502' title='bbox 1355 4051 1552 4121; x_wconf 77' lang='grc' dir='ltr'>ἡμέρας</span> <span class='ocrx_word' id='word_1_503' title='bbox 1596 4042 1713 4098; x_wconf 77' lang='grc' dir='ltr'>δια-</span> 
     </span>
    </p>
   </div>
   <div class='ocr_carea' id='block_1_73' title="bbox 150 4135 1710 4213">
    <p class='ocr_par' dir='ltr' id='par_1_73' title="bbox 150 4135 1710 4213">
     <span class='ocr_line' id='line_1_73' title="bbox 150 4135 1710 4213; baseline -0.001 -23"><span class='ocrx_word' id='word_1_504' title='bbox 150 4146 381 4209; x_wconf 65' lang='grc' dir='ltr'>γενομένης</span> <span class='ocrx_word' id='word_1_505' title='bbox 467 4142 574 4193; x_wconf 79' lang='grc' dir='ltr'>ἀπὸ</span> <span class='ocrx_word' id='word_1_506' title='bbox 649 4149 739 4201; x_wconf 75' lang='grc' dir='ltr'>τῆς</span> <span class='ocrx_word' id='word_1_507' title='bbox 804 4150 897 4193; x_wconf 82' lang='grc' dir='ltr'>τοῦ</span> <span class='ocrx_word' id='word_1_508' title='bbox 965 4144 1156 4213; x_wconf 81' lang='grc' dir='ltr'>πατρὸς</span> <span class='ocrx_word' id='word_1_509' title='bbox 1220 4140 1475 4199; x_wconf 84' lang='grc' dir='ltr'>τελευτῆς.</span> <span class='ocrx_word' id='word_1_510' title='bbox 1523 4135 1710 4193; x_wconf 81' lang='grc' dir='ltr'>Συνέϐη</span> 
     </span>
    </p>
   </div>
   <div class='ocr_carea' id='block_1_74' title="bbox 150 4221 1713 4303">
    <p class='ocr_par' dir='ltr' id='par_1_74' title="bbox 150 4221 1713 4303">
     <span class='ocr_line' id='line_1_74' title="bbox 150 4221 1713 4303; baseline 0 -23"><span class='ocrx_word' id='word_1_511' title='bbox 150 4221 219 4277; x_wconf 62' lang='grc' dir='ltr'>οὖν</span> <span class='ocrx_word' id='word_1_512' title='bbox 267 4229 582 4303; x_wconf 68' lang='grc' dir='ltr'>ἀμφοτέρους</span> <span class='ocrx_word' id='word_1_513' title='bbox 632 4230 744 4301; x_wconf 82' lang='grc' dir='ltr'>ἅμα</span> <span class='ocrx_word' id='word_1_514' title='bbox 794 4230 861 4290; x_wconf 82' lang='grc' dir='ltr'>εἰς</span> <span class='ocrx_word' id='word_1_515' title='bbox 916 4234 1119 4303; x_wconf 76' lang='grc' dir='ltr'>Πέρσας</span> <span class='ocrx_word' id='word_1_516' title='bbox 1165 4229 1605 4301; x_wconf 78' lang='grc' dir='ltr'>ἀποκομισθῆναι·</span> <span class='ocrx_word' id='word_1_517' title='bbox 1658 4230 1713 4280; x_wconf 79' lang='grc' dir='ltr'>αἱ</span> 
     </span>
    </p>
   </div>
   <div class='ocr_carea' id='block_1_75' title="bbox 149 4316 1715 4394">
    <p class='ocr_par' dir='ltr' id='par_1_75' title="bbox 149 4316 1715 4394">
     <span class='ocr_line' id='line_1_75' title="bbox 149 4316 1715 4394; baseline -0.001 -24"><span class='ocrx_word' id='word_1_518' title='bbox 149 4318 229 4386; x_wconf 67' lang='grc' dir='ltr'>γὰρ</span> <span class='ocrx_word' id='word_1_519' title='bbox 272 4318 492 4389; x_wconf 68' lang='grc' dir='ltr'>ἄγουσαι</span> <span class='ocrx_word' id='word_1_520' title='bbox 546 4324 644 4378; x_wconf 76' lang='grc' dir='ltr'>τὴν</span> <span class='ocrx_word' id='word_1_521' title='bbox 693 4319 1004 4394; x_wconf 76' lang='grc' dir='ltr'>ἁρμάμαξαν</span> <span class='ocrx_word' id='word_1_522' title='bbox 1046 4321 1274 4391; x_wconf 78' lang='grc' dir='ltr'>ἡμίονοι,</span> <span class='ocrx_word' id='word_1_523' title='bbox 1302 4321 1475 4385; x_wconf 83' lang='grc' dir='ltr'>ὥσπερ</span> <span class='ocrx_word' id='word_1_524' title='bbox 1526 4316 1715 4389; x_wconf 82' lang='grc' dir='ltr'>ἀναμί-</span> 
     </span>
    </p>
   </div>
   <div class='ocr_carea' id='block_1_76' title="bbox 152 4405 1712 4481">
    <p class='ocr_par' dir='ltr' id='par_1_76' title="bbox 152 4405 1712 4481">
     <span class='ocr_line' id='line_1_76' title="bbox 152 4405 1712 4481; baseline 0.002 -26"><span class='ocrx_word' id='word_1_525' title='bbox 152 4422 299 4459; x_wconf 69' lang='lat' dir='ltr'>nunc</span> <span class='ocrx_word' id='word_1_526' title='bbox 350 4414 436 4462; x_wconf 74' lang='grc' dir='ltr'>καὶ</span> <span class='ocrx_word' id='word_1_527' title='bbox 492 4413 586 4461; x_wconf 82' lang='grc' dir='ltr'>τὸν</span> <span class='ocrx_word' id='word_1_528' title='bbox 635 4416 727 4462; x_wconf 83' lang='grc' dir='ltr'>τοῦ</span> <span class='ocrx_word' id='word_1_529' title='bbox 771 4405 958 4469; x_wconf 87' lang='grc' dir='ltr'>παιδός</span> <span class='ocrx_word' id='word_1_530' title='bbox 1009 4413 1204 4481; x_wconf 88' lang='grc' dir='ltr'>νεκρὸν,</span> <span class='ocrx_word' id='word_1_531' title='bbox 1250 4408 1345 4460; x_wconf 72' lang='grc' dir='ltr'>οὐκ</span> <span class='ocrx_word' id='word_1_532' title='bbox 1396 4406 1575 4465; x_wconf 82' lang='grc' dir='ltr'>ἤθελον</span> <span class='ocrx_word' id='word_1_533' title='bbox 1621 4426 1712 4459; x_wconf 89' lang='grc' dir='ltr'>πο-</span> 
     </span>
    </p>
   </div>
   <div class='ocr_carea' id='block_1_77' title="bbox 152 4494 1713 4572">
    <p class='ocr_par' dir='ltr' id='par_1_77' title="bbox 152 4494 1713 4572">
     <span class='ocr_line' id='line_1_77' title="bbox 152 4494 1713 4572; baseline 0.003 -28"><span class='ocrx_word' id='word_1_534' title='bbox 152 4497 373 4563; x_wconf 66' lang='grc' dir='ltr'>ρεύεσθαι,</span> <span class='ocrx_word' id='word_1_535' title='bbox 458 4500 545 4551; x_wconf 84' lang='grc' dir='ltr'>ὅτε</span> <span class='ocrx_word' id='word_1_536' title='bbox 612 4495 672 4551; x_wconf 77' lang='grc' dir='ltr'>δε</span> <span class='ocrx_word' id='word_1_537' title='bbox 740 4496 1006 4564; x_wconf 78' lang='grc' dir='ltr'>κατέλαϐε,</span> <span class='ocrx_word' id='word_1_538' title='bbox 1069 4502 1161 4550; x_wconf 88' lang='grc' dir='ltr'>σὺν</span> <span class='ocrx_word' id='word_1_539' title='bbox 1237 4498 1502 4572; x_wconf 66' lang='grc' dir='ltr'>προθυμίη</span> <span class='ocrx_word' id='word_1_540' title='bbox 1558 4494 1713 4569; x_wconf 75' lang='grc' dir='ltr'>ἀπῄε-</span> 
     </span>
    </p>
   </div>
   <div class='ocr_carea' id='block_1_78' title="bbox 155 4597 245 4634">
    <p class='ocr_par' dir='ltr' id='par_1_78' title="bbox 155 4597 245 4634">
     <span class='ocr_line' id='line_1_78' title="bbox 155 4597 245 4634; baseline 0.033 -3"><span class='ocrx_word' id='word_1_541' title='bbox 155 4597 245 4634; x_wconf 79' lang='grc' dir='ltr'>σαν.</span> 
     </span>
    </p>
   </div>
   <div class='ocr_carea' id='block_1_79' title="bbox 208 4672 1714 4749">
    <p class='ocr_par' dir='ltr' id='par_1_79' title="bbox 208 4672 1714 4749">
     <span class='ocr_line' id='line_1_79' title="bbox 208 4672 1714 4749; baseline 0.005 -26"><span class='ocrx_word' id='word_1_542' title='bbox 208 4675 446 4728; x_wconf 75' lang='grc' dir='ltr'>Βασιλεύει</span> <span class='ocrx_word' id='word_1_543' title='bbox 497 4673 560 4729; x_wconf 80' lang='grc' dir='ltr'>δέ</span> <span class='ocrx_word' id='word_1_544' title='bbox 609 4672 936 4737; x_wconf 80' lang='grc' dir='ltr'>Σεκυδιανός,</span> <span class='ocrx_word' id='word_1_545' title='bbox 978 4682 1065 4729; x_wconf 84' lang='grc' dir='ltr'>καὶ</span> <span class='ocrx_word' id='word_1_546' title='bbox 1107 4681 1307 4748; x_wconf 73' lang='grc' dir='ltr'>γίνεται</span> <span class='ocrx_word' id='word_1_547' title='bbox 1356 4675 1714 4749; x_wconf 78' lang='grc' dir='ltr'>Ἀζαϐαρίτης</span> 
     </span>
    </p>
   </div>
   <div class='ocr_carea' id='block_1_80' title="bbox 157 4758 1713 4843">
    <p class='ocr_par' dir='ltr' id='par_1_80' title="bbox 157 4758 1713 4843">
     <span class='ocr_line' id='line_1_80' title="bbox 157 4758 1713 4843; baseline 0.003 -27"><span class='ocrx_word' id='word_1_548' title='bbox 294 4769 645 4827; x_wconf 66' lang='grc' dir='ltr'>Μενοστάνης.</span> <span class='ocrx_word' id='word_1_549' title='bbox 678 4766 869 4819; x_wconf 78' lang='grc' dir='ltr'>Ἀπιὼν</span> <span class='ocrx_word' id='word_1_550' title='bbox 896 4760 956 4818; x_wconf 74' lang='grc' dir='ltr'>δε</span> <span class='ocrx_word' id='word_1_551' title='bbox 994 4766 1287 4839; x_wconf 74' lang='grc' dir='ltr'>Βαγόραζος</span> <span class='ocrx_word' id='word_1_552' title='bbox 1329 4785 1419 4819; x_wconf 83' lang='grc' dir='ltr'>και</span> <span class='ocrx_word' id='word_1_553' title='bbox 1462 4768 1713 4843; x_wconf 74' lang='grc' dir='ltr'>ὑποστρέ-</span> 
     </span>
    </p>
   </div>
   <div class='ocr_carea' id='block_1_81' title="bbox 156 4847 1712 4930">
    <p class='ocr_par' dir='ltr' id='par_1_81' title="bbox 156 4847 1712 4930">
     <span class='ocr_line' id='line_1_81' title="bbox 156 4847 1712 4930; baseline 0.001 -23"><span class='ocrx_word' id='word_1_554' title='bbox 156 4847 230 4913; x_wconf 55' lang='grc' dir='ltr'>’ἓας</span> <span class='ocrx_word' id='word_1_555' title='bbox 255 4858 367 4923; x_wconf 74' lang='grc' dir='ltr'>πρὸς</span> <span class='ocrx_word' id='word_1_556' title='bbox 397 4851 729 4918; x_wconf 75' lang='grc' dir='ltr'>Σεκυδιανόν,</span> <span class='ocrx_word' id='word_1_557' title='bbox 763 4856 873 4907; x_wconf 71' lang='grc' dir='ltr'>ἐπεὶ</span> <span class='ocrx_word' id='word_1_558' title='bbox 902 4855 1097 4907; x_wconf 79' lang='grc' dir='ltr'>παλαιὰ</span> <span class='ocrx_word' id='word_1_559' title='bbox 1127 4855 1302 4917; x_wconf 74' lang='grc' dir='ltr'>αὐτοῖς</span> <span class='ocrx_word' id='word_1_560' title='bbox 1330 4858 1501 4930; x_wconf 72' lang='grc' dir='ltr'>ἔχθρα</span> <span class='ocrx_word' id='word_1_561' title='bbox 1530 4858 1712 4910; x_wconf 83' lang='grc' dir='ltr'>ύπετύ-</span> 
     </span>
    </p>
   </div>
   <div class='ocr_carea' id='block_1_82' title="bbox 161 4940 1714 5019">
    <p class='ocr_par' dir='ltr' id='par_1_82' title="bbox 161 4940 1714 5019">
     <span class='ocr_line' id='line_1_82' title="bbox 161 4940 1714 5019; baseline 0.008 -32"><span class='ocrx_word' id='word_1_562' title='bbox 161 4956 264 5001; x_wconf 76' lang='grc' dir='ltr'>ῑριτο,</span> <span class='ocrx_word' id='word_1_563' title='bbox 294 4944 356 5004; x_wconf 67' lang='grc' dir='ltr'>ὡς</span> <span class='ocrx_word' id='word_1_564' title='bbox 409 4940 572 5002; x_wconf 76' lang='grc' dir='ltr'>δῆθεν</span> <span class='ocrx_word' id='word_1_565' title='bbox 623 4943 743 4997; x_wconf 75' lang='grc' dir='ltr'>ἄνευ</span> <span class='ocrx_word' id='word_1_566' title='bbox 763 4952 855 5005; x_wconf 82' lang='grc' dir='ltr'>τῆς</span> <span class='ocrx_word' id='word_1_567' title='bbox 916 4943 1100 4997; x_wconf 73' lang='grc' dir='ltr'>ἑαυτοῦ</span> <span class='ocrx_word' id='word_1_568' title='bbox 1137 4950 1351 5018; x_wconf 76' lang='grc' dir='ltr'>γνώμης</span> <span class='ocrx_word' id='word_1_569' title='bbox 1387 4954 1479 4997; x_wconf 84' lang='grc' dir='ltr'>τοῦ</span> <span class='ocrx_word' id='word_1_570' title='bbox 1518 4950 1714 5019; x_wconf 86' lang='grc' dir='ltr'>πατρὸς</span> 
     </span>
    </p>
   </div>
   <div class='ocr_carea' id='block_1_83' title="bbox 1819 2955 3476 3033">
    <p class='ocr_par' dir='ltr' id='par_1_83' title="bbox 1819 2955 3476 3033">
     <span class='ocr_line' id='line_1_83' title="bbox 1819 2955 3476 3033; baseline -0.002 -16"><span class='ocrx_word' id='word_1_571' title='bbox 1819 2960 2141 3033; x_wconf 88' lang='lat' dir='ltr'>Babylonia</span> <span class='ocrx_word' id='word_1_572' title='bbox 2176 2975 2190 3025; x_wconf 89' lang='lat'><strong>;</strong></span> <span class='ocrx_word' id='word_1_573' title='bbox 2220 2958 2418 3015; x_wconf 89' lang='lat' dir='ltr'>Ochus</span> <span class='ocrx_word' id='word_1_574' title='bbox 2465 2960 2664 3013; x_wconf 91' lang='lat' dir='ltr'>autem</span> <span class='ocrx_word' id='word_1_575' title='bbox 2714 2956 2812 3012; x_wconf 92' lang='lat' dir='ltr'>hic</span> <span class='ocrx_word' id='word_1_576' title='bbox 2864 2960 3001 3027; x_wconf 86' lang='lat' dir='ltr'>post</span> <span class='ocrx_word' id='word_1_577' title='bbox 3045 2955 3223 3012; x_wconf 88' lang='lat' dir='ltr'>etiam</span> <span class='ocrx_word' id='word_1_578' title='bbox 3288 2970 3476 3026; x_wconf 90' lang='lat' dir='ltr'>regno</span> 
     </span>
    </p>
   </div>
   <div class='ocr_carea' id='block_1_84' title="bbox 1819 3043 3477 3124">
    <p class='ocr_par' dir='ltr' id='par_1_84' title="bbox 1819 3043 3477 3124">
     <span class='ocr_line' id='line_1_84' title="bbox 1819 3043 3477 3124; baseline -0.003 -17"><span class='ocrx_word' id='word_1_579' title='bbox 1819 3050 2061 3124; x_wconf 88' lang='lat' dir='ltr'>potitur.</span> <span class='ocrx_word' id='word_1_580' title='bbox 2091 3050 2261 3104; x_wconf 82' lang='lat' dir='ltr'>Porro</span> <span class='ocrx_word' id='word_1_581' title='bbox 2288 3052 2500 3119; x_wconf 60' lang='lat' dir='ltr'>prater</span> <span class='ocrx_word' id='word_1_582' title='bbox 2521 3046 2648 3116; x_wconf 92' lang='lat' dir='ltr'>jam</span> <span class='ocrx_word' id='word_1_583' title='bbox 2679 3045 2869 3101; x_wconf 88' lang='lat' dir='ltr'>dictos</span> <span class='ocrx_word' id='word_1_584' title='bbox 2896 3044 3085 3117; x_wconf 88' lang='lat' dir='ltr'>ipsius</span> <span class='ocrx_word' id='word_1_585' title='bbox 3106 3061 3278 3117; x_wconf 62' lang='lat' dir='ltr'>aeque</span> <span class='ocrx_word' id='word_1_586' title='bbox 3307 3043 3477 3102; x_wconf 87' lang='lat' dir='ltr'>liberi</span> 
     </span>
    </p>
   </div>
   <div class='ocr_carea' id='block_1_85' title="bbox 1820 3134 3475 3209">
    <p class='ocr_par' dir='ltr' id='par_1_85' title="bbox 1820 3134 3475 3209">
     <span class='ocr_line' id='line_1_85' title="bbox 1820 3134 3475 3209; baseline -0.003 -13"><span class='ocrx_word' id='word_1_587' title='bbox 1820 3139 2004 3204; x_wconf 85' lang='lat' dir='ltr'>fuere,</span> <span class='ocrx_word' id='word_1_588' title='bbox 2045 3139 2375 3209; x_wconf 71' lang='lat' dir='ltr'>Bagapaaus</span> <span class='ocrx_word' id='word_1_589' title='bbox 2406 3140 2462 3191; x_wconf 90' lang='lat' dir='ltr'>et</span> <span class='ocrx_word' id='word_1_590' title='bbox 2508 3135 2806 3207; x_wconf 88' lang='lat' dir='ltr'>Parysatis</span> <span class='ocrx_word' id='word_1_591' title='bbox 2844 3150 2913 3191; x_wconf 87' lang='lat' dir='ltr'>ex</span> <span class='ocrx_word' id='word_1_592' title='bbox 2941 3134 3153 3203; x_wconf 85' lang='lat' dir='ltr'>Andia,</span> <span class='ocrx_word' id='word_1_593' title='bbox 3202 3135 3341 3191; x_wconf 85' lang='lat' dir='ltr'>item</span> <span class='ocrx_word' id='word_1_594' title='bbox 3377 3137 3475 3191; x_wconf 89' lang='lat' dir='ltr'>Ba-</span> 
     </span>
    </p>
   </div>
   <div class='ocr_carea' id='block_1_86' title="bbox 1822 3224 3477 3303">
    <p class='ocr_par' dir='ltr' id='par_1_86' title="bbox 1822 3224 3477 3303">
     <span class='ocr_line' id='line_1_86' title="bbox 1822 3224 3477 3303; baseline -0.005 -15"><span class='ocrx_word' id='word_1_595' title='bbox 1822 3230 2084 3303; x_wconf 87' lang='lat' dir='ltr'>bylonia.</span> <span class='ocrx_word' id='word_1_596' title='bbox 2130 3228 2263 3283; x_wconf 54' lang='lat' dir='ltr'>Haec</span> <span class='ocrx_word' id='word_1_597' title='bbox 2289 3226 2584 3299; x_wconf 83' lang='lat' dir='ltr'>Parysatis</span> <span class='ocrx_word' id='word_1_598' title='bbox 2621 3224 2954 3281; x_wconf 66' lang='lat' dir='ltr'>Artaxerxae</span> <span class='ocrx_word' id='word_1_599' title='bbox 2986 3230 3195 3297; x_wconf 89' lang='lat' dir='ltr'>postea</span> <span class='ocrx_word' id='word_1_600' title='bbox 3220 3224 3477 3297; x_wconf 90' lang='lat' dir='ltr'>Cyrique</span> 
     </span>
    </p>
   </div>
   <div class='ocr_carea' id='block_1_87' title="bbox 1821 3314 3472 3387">
    <p class='ocr_par' dir='ltr' id='par_1_87' title="bbox 1821 3314 3472 3387">
     <span class='ocr_line' id='line_1_87' title="bbox 1821 3314 3472 3387; baseline -0.004 -11"><span class='ocrx_word' id='word_1_601' title='bbox 1821 3324 2010 3376; x_wconf 88' lang='lat' dir='ltr'>mater</span> <span class='ocrx_word' id='word_1_602' title='bbox 2035 3317 2157 3374; x_wconf 84' lang='lat' dir='ltr'>fuit.</span> <span class='ocrx_word' id='word_1_603' title='bbox 2188 3315 2414 3374; x_wconf 90' lang='lat' dir='ltr'>Ochum</span> <span class='ocrx_word' id='word_1_604' title='bbox 2437 3321 2623 3387; x_wconf 89' lang='lat' dir='ltr'>pater,</span> <span class='ocrx_word' id='word_1_605' title='bbox 2642 3314 2789 3370; x_wconf 92' lang='lat' dir='ltr'>dum</span> <span class='ocrx_word' id='word_1_606' title='bbox 2803 3314 3001 3370; x_wconf 88' lang='lat' dir='ltr'>adhuc</span> <span class='ocrx_word' id='word_1_607' title='bbox 3026 3314 3086 3368; x_wconf 90' lang='lat' dir='ltr'>in</span> <span class='ocrx_word' id='word_1_608' title='bbox 3115 3314 3265 3369; x_wconf 86' lang='lat' dir='ltr'>vivis</span> <span class='ocrx_word' id='word_1_609' title='bbox 3298 3318 3472 3379; x_wconf 86' lang='lat' dir='ltr'>esset,</span> 
     </span>
    </p>
   </div>
   <div class='ocr_carea' id='block_1_88' title="bbox 1822 3402 3477 3481">
    <p class='ocr_par' dir='ltr' id='par_1_88' title="bbox 1822 3402 3477 3481">
     <span class='ocr_line' id='line_1_88' title="bbox 1822 3402 3477 3481; baseline -0.005 -15"><span class='ocrx_word' id='word_1_610' title='bbox 1822 3406 2252 3481; x_wconf 82' lang='lat' dir='ltr'>Hyrcaniorum</span> <span class='ocrx_word' id='word_1_611' title='bbox 2266 3411 2571 3476; x_wconf 83' lang='lat' dir='ltr'>satrapam</span> <span class='ocrx_word' id='word_1_612' title='bbox 2603 3404 3006 3472; x_wconf 84' lang='lat' dir='ltr'>constituerat,</span> <span class='ocrx_word' id='word_1_613' title='bbox 3039 3402 3181 3459; x_wconf 89' lang='lat' dir='ltr'>data</span> <span class='ocrx_word' id='word_1_614' title='bbox 3212 3404 3262 3458; x_wconf 91' lang='lat' dir='ltr'>ei</span> <span class='ocrx_word' id='word_1_615' title='bbox 3292 3418 3477 3459; x_wconf 90' lang='lat' dir='ltr'>uxore</span> 
     </span>
    </p>
   </div>
   <div class='ocr_carea' id='block_1_89' title="bbox 1819 3490 3475 3568">
    <p class='ocr_par' dir='ltr' id='par_1_89' title="bbox 1819 3490 3475 3568">
     <span class='ocr_line' id='line_1_89' title="bbox 1819 3490 3475 3568; baseline -0.004 -14"><span class='ocrx_word' id='word_1_616' title='bbox 1819 3501 1914 3554; x_wconf 89' lang='lat' dir='ltr'>cui</span> <span class='ocrx_word' id='word_1_617' title='bbox 1962 3494 2225 3568; x_wconf 89' lang='lat' dir='ltr'>Parysati</span> <span class='ocrx_word' id='word_1_618' title='bbox 2255 3508 2497 3558; x_wconf 92' lang='lat' dir='ltr'>nomen,</span> <span class='ocrx_word' id='word_1_619' title='bbox 2554 3508 2691 3564; x_wconf 66' lang='lat' dir='ltr'>quas</span> <span class='ocrx_word' id='word_1_620' title='bbox 2723 3494 2921 3548; x_wconf 68' lang='lat' dir='ltr'>Xerxes</span> <span class='ocrx_word' id='word_1_621' title='bbox 2977 3491 3118 3557; x_wconf 88' lang='lat' dir='ltr'>ﬁlia,</span> <span class='ocrx_word' id='word_1_622' title='bbox 3168 3490 3475 3563; x_wconf 91' lang='lat' dir='ltr'>ipsiusque</span> 
     </span>
    </p>
   </div>
   <div class='ocr_carea' id='block_1_90' title="bbox 1820 3580 3474 3653">
    <p class='ocr_par' dir='ltr' id='par_1_90' title="bbox 1820 3580 3474 3653">
     <span class='ocr_line' id='line_1_90' title="bbox 1820 3580 3474 3653; baseline -0.005 -11"><span class='ocrx_word' id='word_1_623' title='bbox 1820 3587 1964 3643; x_wconf 90' lang='lat' dir='ltr'>Ochi</span> <span class='ocrx_word' id='word_1_624' title='bbox 2015 3599 2182 3642; x_wconf 87' lang='lat' dir='ltr'>soror</span> <span class='ocrx_word' id='word_1_625' title='bbox 2225 3587 2369 3639; x_wconf 90' lang='lat' dir='ltr'>erat.</span> <span class='ocrx_word' id='word_1_626' title='bbox 2418 3580 2832 3653; x_wconf 90' lang='lat' dir='ltr'>Secyndianus</span> <span class='ocrx_word' id='word_1_627' title='bbox 2897 3595 3055 3648; x_wconf 90' lang='lat' dir='ltr'>vero,</span> <span class='ocrx_word' id='word_1_628' title='bbox 3112 3581 3297 3636; x_wconf 90' lang='lat' dir='ltr'>ascito</span> <span class='ocrx_word' id='word_1_629' title='bbox 3359 3580 3474 3636; x_wconf 90' lang='lat' dir='ltr'>sibi</span> 
     </span>
    </p>
   </div>
   <div class='ocr_carea' id='block_1_91' title="bbox 1819 3670 3475 3746">
    <p class='ocr_par' dir='ltr' id='par_1_91' title="bbox 1819 3670 3475 3746">
     <span class='ocr_line' id='line_1_91' title="bbox 1819 3670 3475 3746; baseline -0.004 -14"><span class='ocrx_word' id='word_1_630' title='bbox 1819 3676 2165 3746; x_wconf 85' lang='lat' dir='ltr'>Pharnacyo</span> <span class='ocrx_word' id='word_1_631' title='bbox 2204 3670 2482 3727; x_wconf 87' lang='lat' dir='ltr'>eunucho</span> <span class='ocrx_word' id='word_1_632' title='bbox 2537 3670 2667 3744; x_wconf 89' lang='lat' dir='ltr'>(qui</span> <span class='ocrx_word' id='word_1_633' title='bbox 2722 3672 3018 3741; x_wconf 89' lang='lat' dir='ltr'>Bagorazo</span> <span class='ocrx_word' id='word_1_634' title='bbox 3065 3672 3123 3724; x_wconf 91' lang='lat' dir='ltr'>et</span> <span class='ocrx_word' id='word_1_635' title='bbox 3178 3671 3475 3726; x_wconf 77' lang='lat' dir='ltr'>Menesta-</span> 
     </span>
    </p>
   </div>
   <div class='ocr_carea' id='block_1_92' title="bbox 1821 3756 3475 3835">
    <p class='ocr_par' dir='ltr' id='par_1_92' title="bbox 1821 3756 3475 3835">
     <span class='ocr_line' id='line_1_92' title="bbox 1821 3756 3475 3835; baseline -0.004 -15"><span class='ocrx_word' id='word_1_636' title='bbox 1821 3781 1894 3820; x_wconf 90' lang='lat' dir='ltr'>ne</span> <span class='ocrx_word' id='word_1_637' title='bbox 1959 3764 2061 3835; x_wconf 83' lang='lat'>(2),</span> <span class='ocrx_word' id='word_1_638' title='bbox 2093 3778 2164 3817; x_wconf 89' lang='lat' dir='ltr'>ac</span> <span class='ocrx_word' id='word_1_639' title='bbox 2214 3760 2583 3833; x_wconf 89' lang='lat' dir='ltr'>quibusdam</span> <span class='ocrx_word' id='word_1_640' title='bbox 2639 3758 2771 3815; x_wconf 89' lang='lat' dir='ltr'>aliis</span> <span class='ocrx_word' id='word_1_641' title='bbox 2821 3757 3175 3814; x_wconf 86' lang='lat' dir='ltr'>auctoritate</span> <span class='ocrx_word' id='word_1_642' title='bbox 3227 3756 3475 3813; x_wconf 82' lang='lat' dir='ltr'>inferior</span> 
     </span>
    </p>
   </div>
   <div class='ocr_carea' id='block_1_93' title="bbox 1819 3845 3474 3925">
    <p class='ocr_par' dir='ltr' id='par_1_93' title="bbox 1819 3845 3474 3925">
     <span class='ocr_line' id='line_1_93' title="bbox 1819 3845 3474 3925; baseline -0.005 -15"><span class='ocrx_word' id='word_1_643' title='bbox 1819 3854 1989 3925; x_wconf 90' lang='lat' dir='ltr'>erat),</span> <span class='ocrx_word' id='word_1_644' title='bbox 2040 3866 2176 3908; x_wconf 91' lang='lat' dir='ltr'>cum</span> <span class='ocrx_word' id='word_1_645' title='bbox 2238 3850 2446 3905; x_wconf 81' lang='lat' dir='ltr'>Xerxes</span> <span class='ocrx_word' id='word_1_646' title='bbox 2497 3847 2592 3903; x_wconf 91' lang='lat' dir='ltr'>die</span> <span class='ocrx_word' id='word_1_647' title='bbox 2642 3846 2909 3919; x_wconf 90' lang='lat' dir='ltr'>quodam</span> <span class='ocrx_word' id='word_1_648' title='bbox 2955 3847 3105 3901; x_wconf 77' lang='lat' dir='ltr'>festo</span> <span class='ocrx_word' id='word_1_649' title='bbox 3159 3845 3361 3901; x_wconf 88' lang='lat' dir='ltr'>ebrius</span> <span class='ocrx_word' id='word_1_650' title='bbox 3411 3845 3474 3901; x_wconf 91' lang='lat' dir='ltr'>in</span> 
     </span>
    </p>
   </div>
   <div class='ocr_carea' id='block_1_94' title="bbox 1822 3934 3473 4013">
    <p class='ocr_par' dir='ltr' id='par_1_94' title="bbox 1822 3934 3473 4013">
     <span class='ocr_line' id='line_1_94' title="bbox 1822 3934 3473 4013; baseline -0.006 -14"><span class='ocrx_word' id='word_1_651' title='bbox 1822 3943 1986 4013; x_wconf 89' lang='lat' dir='ltr'>regia</span> <span class='ocrx_word' id='word_1_652' title='bbox 2030 3938 2336 4003; x_wconf 84' lang='lat' dir='ltr'>dormiret,</span> <span class='ocrx_word' id='word_1_653' title='bbox 2394 3936 2649 4006; x_wconf 89' lang='lat' dir='ltr'>ingressi</span> <span class='ocrx_word' id='word_1_654' title='bbox 2712 3951 2831 3991; x_wconf 90' lang='lat' dir='ltr'>una</span> <span class='ocrx_word' id='word_1_655' title='bbox 2889 3950 3028 3990; x_wconf 92' lang='lat' dir='ltr'>eum</span> <span class='ocrx_word' id='word_1_656' title='bbox 3086 3934 3473 4001; x_wconf 88' lang='lat' dir='ltr'>interﬁciunt,</span> 
     </span>
    </p>
   </div>
   <div class='ocr_carea' id='block_1_95' title="bbox 1821 4023 3473 4104">
    <p class='ocr_par' dir='ltr' id='par_1_95' title="bbox 1821 4023 3473 4104">
     <span class='ocr_line' id='line_1_95' title="bbox 1821 4023 3473 4104; baseline -0.006 -16"><span class='ocrx_word' id='word_1_657' title='bbox 1821 4028 2282 4104; x_wconf 88' lang='lat' dir='ltr'>quadragesimo</span> <span class='ocrx_word' id='word_1_658' title='bbox 2308 4025 2517 4099; x_wconf 93' lang='lat' dir='ltr'>quinto</span> <span class='ocrx_word' id='word_1_659' title='bbox 2530 4024 2763 4097; x_wconf 89' lang='lat' dir='ltr'>apatris</span> <span class='ocrx_word' id='word_1_660' title='bbox 2787 4027 2978 4080; x_wconf 89' lang='lat' dir='ltr'>morte</span> <span class='ocrx_word' id='word_1_661' title='bbox 3008 4023 3123 4079; x_wconf 92' lang='lat' dir='ltr'>die.</span> <span class='ocrx_word' id='word_1_662' title='bbox 3149 4024 3235 4079; x_wconf 88' lang='lat' dir='ltr'>Ita</span> <span class='ocrx_word' id='word_1_663' title='bbox 3258 4024 3473 4089; x_wconf 88' lang='lat' dir='ltr'>evenit,</span> 
     </span>
    </p>
   </div>
   <div class='ocr_carea' id='block_1_96' title="bbox 1748 4110 3479 4185">
    <p class='ocr_par' dir='ltr' id='par_1_96' title="bbox 1748 4110 3479 4185">
     <span class='ocr_line' id='line_1_96' title="bbox 1748 4110 3479 4185; baseline -0.003 -13"><span class='ocrx_word' id='word_1_664' title='bbox 1748 4117 1792 4172; x_wconf 92' lang='lat' dir='ltr'><strong>D</strong></span> <span class='ocrx_word' id='word_1_665' title='bbox 1825 4128 1888 4177; x_wconf 90' lang='lat' dir='ltr'>ut</span> <span class='ocrx_word' id='word_1_666' title='bbox 1915 4118 2234 4176; x_wconf 89' lang='lat' dir='ltr'>amborum</span> <span class='ocrx_word' id='word_1_667' title='bbox 2265 4112 2441 4170; x_wconf 89' lang='lat' dir='ltr'>simul</span> <span class='ocrx_word' id='word_1_668' title='bbox 2470 4127 2727 4185; x_wconf 89' lang='lat' dir='ltr'>corpora</span> <span class='ocrx_word' id='word_1_669' title='bbox 2764 4112 2823 4167; x_wconf 92' lang='lat' dir='ltr'>in</span> <span class='ocrx_word' id='word_1_670' title='bbox 2858 4110 3117 4167; x_wconf 85' lang='lat' dir='ltr'>Persiam</span> <span class='ocrx_word' id='word_1_671' title='bbox 3150 4110 3479 4167; x_wconf 85' lang='lat' dir='ltr'>aveheren-</span> 
     </span>
    </p>
   </div>
   <div class='ocr_carea' id='block_1_97' title="bbox 1822 4200 3479 4274">
    <p class='ocr_par' dir='ltr' id='par_1_97' title="bbox 1822 4200 3479 4274">
     <span class='ocr_line' id='line_1_97' title="bbox 1822 4200 3479 4274; baseline -0.005 -9"><span class='ocrx_word' id='word_1_672' title='bbox 1822 4216 1936 4266; x_wconf 89' lang='lat' dir='ltr'>tur.</span> <span class='ocrx_word' id='word_1_673' title='bbox 1986 4209 2127 4273; x_wconf 69' lang='lat' dir='ltr'>Quae</span> <span class='ocrx_word' id='word_1_674' title='bbox 2165 4206 2325 4262; x_wconf 89' lang='lat' dir='ltr'>enim</span> <span class='ocrx_word' id='word_1_675' title='bbox 2368 4208 2546 4259; x_wconf 87' lang='lat' dir='ltr'>antea</span> <span class='ocrx_word' id='word_1_676' title='bbox 2600 4201 2777 4258; x_wconf 68' lang='lat' dir='ltr'>mulas</span> <span class='ocrx_word' id='word_1_677' title='bbox 2828 4217 3070 4257; x_wconf 90' lang='lat' dir='ltr'>currum</span> <span class='ocrx_word' id='word_1_678' title='bbox 3102 4200 3266 4274; x_wconf 91' lang='lat' dir='ltr'>[cum</span> <span class='ocrx_word' id='word_1_679' title='bbox 3315 4206 3479 4257; x_wconf 85' lang='lat' dir='ltr'>Arta-</span> 
     </span>
    </p>
   </div>
   <div class='ocr_carea' id='block_1_98' title="bbox 1822 4290 3478 4366">
    <p class='ocr_par' dir='ltr' id='par_1_98' title="bbox 1822 4290 3478 4366">
     <span class='ocr_line' id='line_1_98' title="bbox 1822 4290 3478 4366; baseline -0.005 -11"><span class='ocrx_word' id='word_1_680' title='bbox 1822 4313 2019 4355; x_wconf 72' lang='lat' dir='ltr'>xerxm</span> <span class='ocrx_word' id='word_1_681' title='bbox 2031 4294 2342 4366; x_wconf 85' lang='lat' dir='ltr'>cadavere]</span> <span class='ocrx_word' id='word_1_682' title='bbox 2370 4296 2777 4365; x_wconf 72' lang='lat' dir='ltr'>protractum,</span> <span class='ocrx_word' id='word_1_683' title='bbox 2799 4296 3088 4363; x_wconf 89' lang='lat' dir='ltr'>tanquam</span> <span class='ocrx_word' id='word_1_684' title='bbox 3105 4290 3210 4346; x_wconf 85' lang='lat' dir='ltr'>ﬁlii</span> <span class='ocrx_word' id='word_1_685' title='bbox 3235 4305 3478 4363; x_wconf 87' lang='lat' dir='ltr'>quoque</span> 
     </span>
    </p>
   </div>
   <div class='ocr_carea' id='block_1_99' title="bbox 1822 4379 3475 4457">
    <p class='ocr_par' dir='ltr' id='par_1_99' title="bbox 1822 4379 3475 4457">
     <span class='ocr_line' id='line_1_99' title="bbox 1822 4379 3475 4457; baseline -0.006 -11"><span class='ocrx_word' id='word_1_686' title='bbox 1822 4391 2078 4446; x_wconf 86' lang='lat' dir='ltr'>cadaver</span> <span class='ocrx_word' id='word_1_687' title='bbox 2107 4388 2539 4457; x_wconf 83' lang='lat' dir='ltr'>exspectarent,</span> <span class='ocrx_word' id='word_1_688' title='bbox 2568 4381 2848 4455; x_wconf 89' lang='lat' dir='ltr'>progredi</span> <span class='ocrx_word' id='word_1_689' title='bbox 2872 4380 3206 4446; x_wconf 90' lang='lat' dir='ltr'>noluerant,</span> <span class='ocrx_word' id='word_1_690' title='bbox 3226 4379 3475 4447; x_wconf 71' lang='lat' dir='ltr'>eaedem,</span> 
     </span>
    </p>
   </div>
   <div class='ocr_carea' id='block_1_100' title="bbox 1823 4468 3475 4552">
    <p class='ocr_par' dir='ltr' id='par_1_100' title="bbox 1823 4468 3475 4552">
     <span class='ocr_line' id='line_1_100' title="bbox 1823 4468 3475 4552; baseline -0.005 -18"><span class='ocrx_word' id='word_1_691' title='bbox 1823 4482 2147 4552; x_wconf 88' lang='lat' dir='ltr'>postquam</span> <span class='ocrx_word' id='word_1_692' title='bbox 2174 4474 2287 4530; x_wconf 87' lang='lat' dir='ltr'>ista</span> <span class='ocrx_word' id='word_1_693' title='bbox 2324 4474 2711 4544; x_wconf 88' lang='lat' dir='ltr'>contigerunt,</span> <span class='ocrx_word' id='word_1_694' title='bbox 2748 4486 2969 4544; x_wconf 88' lang='lat' dir='ltr'>magna</span> <span class='ocrx_word' id='word_1_695' title='bbox 2998 4486 3138 4526; x_wconf 89' lang='lat' dir='ltr'>cum</span> <span class='ocrx_word' id='word_1_696' title='bbox 3170 4468 3475 4527; x_wconf 87' lang='lat' dir='ltr'>alacritate</span> 
     </span>
    </p>
   </div>
   <div class='ocr_carea' id='block_1_101' title="bbox 1823 4565 2445 4634">
    <p class='ocr_par' dir='ltr' id='par_1_101' title="bbox 1823 4565 2445 4634">
     <span class='ocr_line' id='line_1_101' title="bbox 1823 4565 2445 4634; baseline -0.014 -10"><span class='ocrx_word' id='word_1_697' title='bbox 1823 4572 1962 4624; x_wconf 87' lang='lat' dir='ltr'>sunt</span> <span class='ocrx_word' id='word_1_698' title='bbox 1998 4567 2106 4623; x_wconf 86' lang='lat' dir='ltr'>iter</span> <span class='ocrx_word' id='word_1_699' title='bbox 2138 4565 2445 4634; x_wconf 72' lang='lat' dir='ltr'>ingressas.</span> 
     </span>
    </p>
   </div>
   <div class='ocr_carea' id='block_1_102' title="bbox 1893 4664 3475 4747">
    <p class='ocr_par' dir='ltr' id='par_1_102' title="bbox 1893 4664 3475 4747">
     <span class='ocr_line' id='line_1_102' title="bbox 1893 4664 3475 4747; baseline -0.006 -15"><span class='ocrx_word' id='word_1_700' title='bbox 1893 4677 1976 4732; x_wconf 86' lang='lat' dir='ltr'>Ita</span> <span class='ocrx_word' id='word_1_701' title='bbox 2002 4688 2187 4747; x_wconf 85' lang='lat' dir='ltr'>regno</span> <span class='ocrx_word' id='word_1_702' title='bbox 2216 4671 2439 4744; x_wconf 87' lang='lat' dir='ltr'>potitus</span> <span class='ocrx_word' id='word_1_703' title='bbox 2461 4667 2894 4741; x_wconf 88' lang='lat' dir='ltr'>Secyndianus,</span> <span class='ocrx_word' id='word_1_704' title='bbox 2936 4669 3337 4723; x_wconf 83' lang='lat' dir='ltr'>Menostanem</span> <span class='ocrx_word' id='word_1_705' title='bbox 3360 4664 3475 4723; x_wconf 87' lang='lat' dir='ltr'>sibi</span> 
     </span>
    </p>
   </div>
   <div class='ocr_carea' id='block_1_103' title="bbox 1822 4754 3478 4828">
    <p class='ocr_par' dir='ltr' id='par_1_103' title="bbox 1822 4754 3478 4828">
     <span class='ocr_line' id='line_1_103' title="bbox 1822 4754 3478 4828; baseline -0.007 -6"><span class='ocrx_word' id='word_1_706' title='bbox 1822 4760 2344 4822; x_wconf 86' lang='lat' dir='ltr'>creatAzabariten</span> <span class='ocrx_word' id='word_1_707' title='bbox 2365 4775 2377 4815; x_wconf 93' lang='lat'>:</span> <span class='ocrx_word' id='word_1_708' title='bbox 2401 4772 2824 4828; x_wconf 88' lang='lat' dir='ltr'>reversumque</span> <span class='ocrx_word' id='word_1_709' title='bbox 2859 4754 3075 4811; x_wconf 85' lang='lat' dir='ltr'>deinde</span> <span class='ocrx_word' id='word_1_710' title='bbox 3086 4755 3443 4826; x_wconf 87' lang='lat' dir='ltr'>Bagorazum</span> <span class='ocrx_word' id='word_1_711' title='bbox 3464 4771 3478 4821; x_wconf 89' lang='lat'><strong>;</strong></span> 
     </span>
    </p>
   </div>
   <div class='ocr_carea' id='block_1_104' title="bbox 1822 4843 3476 4928">
    <p class='ocr_par' dir='ltr' id='par_1_104' title="bbox 1822 4843 3476 4928">
     <span class='ocr_line' id='line_1_104' title="bbox 1822 4843 3476 4928; baseline -0.007 -17"><span class='ocrx_word' id='word_1_712' title='bbox 1822 4853 2067 4928; x_wconf 68' lang='lat' dir='ltr'>quando</span> <span class='ocrx_word' id='word_1_713' title='bbox 2119 4854 2289 4906; x_wconf 84' lang='lat' dir='ltr'>vetus</span> <span class='ocrx_word' id='word_1_714' title='bbox 2342 4849 2494 4905; x_wconf 88' lang='lat' dir='ltr'>inter</span> <span class='ocrx_word' id='word_1_715' title='bbox 2532 4863 2632 4903; x_wconf 90' lang='lat' dir='ltr'>eos</span> <span class='ocrx_word' id='word_1_716' title='bbox 2683 4844 2953 4901; x_wconf 88' lang='lat' dir='ltr'>simultas</span> <span class='ocrx_word' id='word_1_717' title='bbox 3005 4843 3274 4907; x_wconf 86' lang='lat' dir='ltr'>ardebat,</span> <span class='ocrx_word' id='word_1_718' title='bbox 3326 4859 3476 4916; x_wconf 71' lang='lat' dir='ltr'>prte-</span> 
     </span>
    </p>
   </div>
   <div class='ocr_carea' id='block_1_105' title="bbox 1826 4933 3479 5014">
    <p class='ocr_par' dir='ltr' id='par_1_105' title="bbox 1826 4933 3479 5014">
     <span class='ocr_line' id='line_1_105' title="bbox 1826 4933 3479 5014; baseline -0.007 -12"><span class='ocrx_word' id='word_1_719' title='bbox 1826 4950 2029 5002; x_wconf 88' lang='lat' dir='ltr'>texens</span> <span class='ocrx_word' id='word_1_720' title='bbox 2060 4941 2218 5014; x_wconf 88' lang='lat' dir='ltr'>quod</span> <span class='ocrx_word' id='word_1_721' title='bbox 2255 4938 2486 5010; x_wconf 83' lang='lat' dir='ltr'>absque</span> <span class='ocrx_word' id='word_1_722' title='bbox 2530 4952 2640 4993; x_wconf 87' lang='lat' dir='ltr'>suo</span> <span class='ocrx_word' id='word_1_723' title='bbox 2696 4933 2943 4992; x_wconf 91' lang='lat' dir='ltr'>consilio</span> <span class='ocrx_word' id='word_1_724' title='bbox 2985 4935 3167 5007; x_wconf 87' lang='lat' dir='ltr'>patris</span> <span class='ocrx_word' id='word_1_725' title='bbox 3224 4934 3479 4991; x_wconf 87' lang='lat' dir='ltr'>cadaver</span> 
     </span>
    </p>
   </div>
   <div class='ocr_carea' id='block_1_106' title="bbox 1455 5101 2137 5162">
    <p class='ocr_par' dir='ltr' id='par_1_106' title="bbox 1455 5101 2137 5162">
     <span class='ocr_line' id='line_1_106' title="bbox 1455 5101 2137 5162; baseline 0 -4"><span class='ocrx_word' id='word_1_726' title='bbox 1455 5103 1698 5160; x_wconf 74' lang='lat' dir='ltr'>VARLE</span> <span class='ocrx_word' id='word_1_727' title='bbox 1733 5101 2137 5162; x_wconf 79' lang='lat' dir='ltr'>LECTIONES-</span> 
     </span>
    </p>
   </div>
   <div class='ocr_carea' id='block_1_107' title="bbox 2667 5233 3472 5312">
    <p class='ocr_par' dir='ltr' id='par_1_107' title="bbox 2667 5233 3472 5312">
     <span class='ocr_line' id='line_1_107' title="bbox 2667 5233 3472 5312; baseline 0.001 -23"><span class='ocrx_word' id='word_1_728' title='bbox 2667 5238 2715 5312; x_wconf 46' lang='grc' dir='ltr'>’β</span> <span class='ocrx_word' id='word_1_729' title='bbox 2740 5235 3041 5312; x_wconf 29' lang='grc' dir='ltr'>τελευτᾷ-Δ-</span> <span class='ocrx_word' id='word_1_730' title='bbox 3070 5233 3166 5312; x_wconf 72' lang='grc' dir='ltr'>ιη’]</span> <span class='ocrx_word' id='word_1_731' title='bbox 3189 5234 3292 5312; x_wconf 77' lang='grc' dir='ltr'>τελ.</span> <span class='ocrx_word' id='word_1_732' title='bbox 3324 5236 3472 5312; x_wconf 84' lang='grc' dir='ltr'>ίστορ</span> 
     </span>
    </p>
   </div>
   <div class='ocr_carea' id='block_1_108' title="bbox 2610 5305 3468 5384">
    <p class='ocr_par' dir='ltr' id='par_1_108' title="bbox 2610 5305 3468 5384">
     <span class='ocr_line' id='line_1_108' title="bbox 2610 5305 3468 5384; baseline 0.009 -28"><span class='ocrx_word' id='word_1_733' title='bbox 2610 5310 2657 5346; x_wconf 81' lang='grc'><strong><em>²⁶</em></strong></span> <span class='ocrx_word' id='word_1_734' title='bbox 2688 5305 3035 5384; x_wconf 80' lang='grc' dir='ltr'>Ἀρταξέρξου</span> <span class='ocrx_word' id='word_1_735' title='bbox 3078 5305 3365 5367; x_wconf 57' lang='grc' dir='ltr'>δῖτελευτ.</span> <span class='ocrx_word' id='word_1_736' title='bbox 3406 5305 3468 5375; x_wconf 59' lang='grc' dir='ltr'>ςί.</span> 
     </span>
    </p>
   </div>
   <div class='ocr_carea' id='block_1_109' title="bbox 176 5238 2567 5337">
    <p class='ocr_par' dir='ltr' id='par_1_109' title="bbox 176 5238 2567 5337">
     <span class='ocr_line' id='line_1_109' title="bbox 176 5238 2567 5337; baseline -0.004 -31"><span class='ocrx_word' id='word_1_737' title='bbox 176 5242 248 5335; x_wconf 45' lang='lat' dir='ltr'>y”</span> <span class='ocrx_word' id='word_1_738' title='bbox 279 5253 365 5306; x_wconf 80' lang='grc' dir='ltr'>τῆς</span> <span class='ocrx_word' id='word_1_739' title='bbox 393 5261 517 5303; x_wconf 89' lang='lat' dir='ltr'>om.</span> <span class='ocrx_word' id='word_1_740' title='bbox 548 5253 609 5302; x_wconf 83' lang='grc' dir='ltr'>Δ.</span> <span class='ocrx_word' id='word_1_741' title='bbox 726 5248 777 5283; x_wconf 74' lang='grc'><em>³³</em></span> <span class='ocrx_word' id='word_1_742' title='bbox 806 5247 918 5320; x_wconf 77' lang='grc' dir='ltr'>ἅμα</span> <span class='ocrx_word' id='word_1_743' title='bbox 943 5255 1042 5301; x_wconf 84' lang='grc' dir='ltr'>τῶν</span> <span class='ocrx_word' id='word_1_744' title='bbox 1070 5247 1324 5322; x_wconf 72' lang='grc' dir='ltr'>ἑπομένων</span> <span class='ocrx_word' id='word_1_745' title='bbox 1350 5253 1390 5302; x_wconf 84' lang='grc' dir='ltr'><strong>Δ</strong></span> <span class='ocrx_word' id='word_1_746' title='bbox 1426 5265 1438 5304; x_wconf 87' lang='lat'><strong>:</strong></span> <span class='ocrx_word' id='word_1_747' title='bbox 1463 5248 1573 5337; x_wconf 62' lang='grc' dir='ltr'>ἅμα</span> <span class='ocrx_word' id='word_1_748' title='bbox 1600 5257 1703 5311; x_wconf 88' lang='grc' dir='ltr'>τοῖς</span> <span class='ocrx_word' id='word_1_749' title='bbox 1730 5249 1994 5322; x_wconf 73' lang='grc' dir='ltr'>ἑπομένοις</span> <span class='ocrx_word' id='word_1_750' title='bbox 2026 5265 2080 5311; x_wconf 79' lang='grc' dir='ltr'>ς.</span> <span class='ocrx_word' id='word_1_751' title='bbox 2193 5242 2243 5277; x_wconf 81' lang='grc'>²⁴</span> <span class='ocrx_word' id='word_1_752' title='bbox 2270 5238 2329 5295; x_wconf 67' lang='grc' dir='ltr'>δε</span> <span class='ocrx_word' id='word_1_753' title='bbox 2350 5255 2470 5297; x_wconf 91' lang='lat' dir='ltr'>om.</span> <span class='ocrx_word' id='word_1_754' title='bbox 2502 5240 2567 5295; x_wconf 74' lang='grc' dir='ltr'>Α.</span> 
     </span>
     <span class='ocr_line' id='line_1_110' title="bbox 215 5312 2491 5337; baseline 0 0"><span class='ocrx_word' id='word_1_755' title='bbox 215 5316 335 5337; x_wconf 32' lang='grc' dir='ltr'>ΑΒ..</span> <span class='ocrx_word' id='word_1_756' title='bbox 534 5318 650 5337; x_wconf 66' lang='grc' dir='ltr'>,νι</span> <span class='ocrx_word' id='word_1_757' title='bbox 788 5318 818 5337; x_wconf 83' lang='grc' dir='ltr'><strong>Α</strong></span> <span class='ocrx_word' id='word_1_758' title='bbox 970 5328 991 5337; x_wconf 85' lang='grc'>.-</span> <span class='ocrx_word' id='word_1_759' title='bbox 1100 5320 1213 5337; x_wconf 67' lang='grc' dir='ltr'>..1ο</span> <span class='ocrx_word' id='word_1_760' title='bbox 1359 5325 1369 5337; x_wconf 75' lang='grc' dir='ltr'><em>ι</em></span> <span class='ocrx_word' id='word_1_761' title='bbox 1606 5326 1618 5337; x_wconf 72' lang='grc' dir='ltr'>ι</span> <span class='ocrx_word' id='word_1_762' title='bbox 1687 5319 1721 5337; x_wconf 65' lang='lat' dir='ltr'>ns</span> <span class='ocrx_word' id='word_1_763' title='bbox 1822 5328 1844 5337; x_wconf 85' lang='grc'><strong>-</strong></span> <span class='ocrx_word' id='word_1_764' title='bbox 1967 5318 1977 5335; x_wconf 72' lang='grc'><strong><em>1</em></strong></span> <span class='ocrx_word' id='word_1_765' title='bbox 2098 5312 2491 5337; x_wconf 68' lang='grc' dir='ltr'>,ρ-ιηιι</span> 
     </span>
    </p>
   </div>
   <div class='ocr_carea' id='block_1_110' title="bbox 160 5312 2523 5395">
    <p class='ocr_par' dir='ltr' id='par_1_110' title="bbox 160 5312 2523 5395">
     <span class='ocr_line' id='line_1_111' title="bbox 160 5312 2523 5395; baseline -0.01 -6"><span class='ocrx_word' id='word_1_766' title='bbox 160 5312 239 5395; x_wconf 46' lang='lat' dir='ltr'>fry;</span> <span class='ocrx_word' id='word_1_767' title='bbox 266 5316 489 5395; x_wconf 55' lang='grc' dir='ltr'>ἄρχεται</span> <span class='ocrx_word' id='word_1_768' title='bbox 529 5318 594 5377; x_wconf 68' lang='grc' dir='ltr'>ιη’</span> <span class='ocrx_word' id='word_1_769' title='bbox 693 5337 711 5395; x_wconf 69' lang='lat'><em>3</em></span> <span class='ocrx_word' id='word_1_770' title='bbox 743 5312 880 5381; x_wconf 61' lang='grc' dir='ltr'>τᾶδς</span> <span class='ocrx_word' id='word_1_771' title='bbox 929 5328 1027 5395; x_wconf 60' lang='grc' dir='ltr'>τῆς</span> <span class='ocrx_word' id='word_1_772' title='bbox 1076 5312 1172 5384; x_wconf 70' lang='grc' dir='ltr'>ιζ”</span> <span class='ocrx_word' id='word_1_773' title='bbox 1198 5323 1449 5395; x_wconf 83' lang='grc' dir='ltr'>ἱστορίας,</span> <span class='ocrx_word' id='word_1_774' title='bbox 1480 5312 1626 5395; x_wconf 78' lang='grc' dir='ltr'>ἇρχὴ</span> <span class='ocrx_word' id='word_1_775' title='bbox 1674 5319 1735 5375; x_wconf 73' lang='grc' dir='ltr'>δε</span> <span class='ocrx_word' id='word_1_776' title='bbox 1782 5312 1883 5395; x_wconf 53' lang='lat' dir='ltr'>fit;</span> <span class='ocrx_word' id='word_1_777' title='bbox 1908 5318 1977 5377; x_wconf 84' lang='grc' dir='ltr'>ιη’</span> <span class='ocrx_word' id='word_1_778' title='bbox 2002 5339 2057 5382; x_wconf 81' lang='grc' dir='ltr'>ς’.</span> <span class='ocrx_word' id='word_1_779' title='bbox 2092 5313 2165 5373; x_wconf 85' lang='lat' dir='ltr'>cf.</span> <span class='ocrx_word' id='word_1_780' title='bbox 2200 5329 2262 5395; x_wconf 57' lang='grc' dir='ltr'>ρ.</span> <span class='ocrx_word' id='word_1_781' title='bbox 2292 5315 2357 5395; x_wconf 57' lang='grc' dir='ltr'>ᾇθ</span> <span class='ocrx_word' id='word_1_782' title='bbox 2403 5312 2437 5368; x_wconf 80' lang='lat' dir='ltr'>b</span> <span class='ocrx_word' id='word_1_783' title='bbox 2472 5317 2523 5395; x_wconf 43' lang='grc'>1..</span> 
     </span>
    </p>
   </div>
   <div class='ocr_carea' id='block_1_111' title="bbox 156 5380 2549 5468">
    <p class='ocr_par' dir='ltr' id='par_1_111' title="bbox 156 5380 2549 5468">
     <span class='ocr_line' id='line_1_112' title="bbox 156 5380 2549 5468; baseline 0.001 -31"><span class='ocrx_word' id='word_1_784' title='bbox 156 5380 189 5414; x_wconf 64' lang='grc' dir='ltr'>’τ</span> <span class='ocrx_word' id='word_1_785' title='bbox 217 5380 525 5451; x_wconf 62' lang='grc' dir='ltr'>ιαυνδιανός</span> <span class='ocrx_word' id='word_1_786' title='bbox 559 5411 613 5455; x_wconf 80' lang='grc' dir='ltr'>ς.</span> <span class='ocrx_word' id='word_1_787' title='bbox 646 5391 743 5448; x_wconf 91' lang='lat' dir='ltr'>hic</span> <span class='ocrx_word' id='word_1_788' title='bbox 767 5397 823 5449; x_wconf 90' lang='lat' dir='ltr'>et</span> <span class='ocrx_word' id='word_1_789' title='bbox 850 5380 1123 5465; x_wconf 56' lang='lat' dir='ltr'>posthac;</span> <span class='ocrx_word' id='word_1_790' title='bbox 1237 5394 1285 5428; x_wconf 79' lang='lat'><strong>&quot;</strong></span> <span class='ocrx_word' id='word_1_791' title='bbox 1315 5380 1377 5445; x_wconf 74' lang='grc' dir='ltr'>’ίκ</span> <span class='ocrx_word' id='word_1_792' title='bbox 1404 5380 1651 5465; x_wconf 39' lang='lat' dir='ltr'>ﬁdas;</span> <span class='ocrx_word' id='word_1_793' title='bbox 1673 5380 2022 5468; x_wconf 19' lang='grc' dir='ltr'>Μαρτιδηνῆςί</span> <span class='ocrx_word' id='word_1_794' title='bbox 2044 5409 2099 5453; x_wconf 80' lang='grc' dir='ltr'>ς.</span> <span class='ocrx_word' id='word_1_795' title='bbox 2202 5380 2259 5421; x_wconf 66' lang='grc'>’³⁸</span> <span class='ocrx_word' id='word_1_796' title='bbox 2290 5386 2320 5442; x_wconf 79' lang='grc' dir='ltr'>ἡ</span> <span class='ocrx_word' id='word_1_797' title='bbox 2348 5398 2461 5440; x_wconf 87' lang='lat' dir='ltr'>om.</span> <span class='ocrx_word' id='word_1_798' title='bbox 2485 5384 2549 5437; x_wconf 83' lang='grc' dir='ltr'>Α.</span> 
     </span>
    </p>
   </div>
   <div class='ocr_carea' id='block_1_112' title="bbox 1679 5533 1909 5593">
    <p class='ocr_par' dir='ltr' id='par_1_112' title="bbox 1679 5533 1909 5593">
     <span class='ocr_line' id='line_1_113' title="bbox 1679 5533 1909 5593; baseline -0.009 -1"><span class='ocrx_word' id='word_1_799' title='bbox 1679 5539 1722 5592; x_wconf 88' lang='grc' dir='ltr'><strong>Ν</strong></span> <span class='ocrx_word' id='word_1_800' title='bbox 1728 5533 1909 5593; x_wconf 65' lang='grc' dir='ltr'>ΟΤᾸΕ.</span> 
     </span>
    </p>
   </div>
   <div class='ocr_carea' id='block_1_113' title="bbox 215 5654 888 5733">
    <p class='ocr_par' dir='ltr' id='par_1_113' title="bbox 215 5654 888 5733">
     <span class='ocr_line' id='line_1_114' title="bbox 215 5654 888 5733; baseline 0.007 -18"><span class='ocrx_word' id='word_1_801' title='bbox 215 5654 278 5725; x_wconf 69' lang='grc'><strong>(2)</strong></span> <span class='ocrx_word' id='word_1_802' title='bbox 306 5659 493 5733; x_wconf 86' lang='lat' dir='ltr'>Supra</span> <span class='ocrx_word' id='word_1_803' title='bbox 522 5662 888 5720; x_wconf 78' lang='lat' dir='ltr'>Menostates.</span> 
     </span>
    </p>
   </div>
  </div>
