4036 6214
562 260 663 317 195

557 386 639 442 ibi
692 384 1043 457 reliquisset,
1101 382 1403 455 lapidibus
1444 381 1613 439 obrui
1664 383 1993 456 imperavit.
2043 382 2213 449 Quod

559 475 783 532 factum
815 473 1105 529 exercitus
1153 472 1395 528 moleste
1436 472 1770 528 admodum
1800 472 1931 528 tulit
1962 489 1975 527 :
2022 488 2212 544 neque

559 565 694 621 ullis
723 562 1140 633 largitionibus
1192 561 1286 617 ille
1313 560 1543 617 efficere
1574 562 1783 634 potuit,
1816 566 1881 617 ut
1908 577 2032 618 non
2073 579 2211 618 cum

558 659 689 710 tum
738 652 818 708 ob
866 655 1060 708 Xerxes
1098 650 1315 716 fratris,
1351 656 1475 706 tum
1508 650 1587 706 ob
1640 652 1917 722 Bagorazi
1964 652 2209 719 easdem,

558 744 943 799 vehementer
1018 740 1300 795 odissent.
1382 740 1624 795 Dimittit
1698 746 1909 811 postea
1996 742 2212 812 Secyn-

558 833 777 889 dianus
826 830 925 901 qui
970 830 1195 885 Ochum
1252 835 1596 885 accerseret.
1630 830 1737 894 Qui
1786 846 1847 885 se
1899 836 2213 886 venturum

557 921 778 993 sapius
810 917 1130 992 pollicitus,
1189 933 1311 974 non
1341 922 1541 974 tamen
1576 919 1754 983 venit,
1793 918 1984 975 donec
2018 918 2215 974 multis

556 1010 800 1067 tandem
832 1008 1099 1063 munitus
1129 1008 1595 1079 copiis,reguum
1625 1015 2025 1079 occupaturus
2049 1013 2217 1080 puta-

559 1104 736 1155 retur.
779 1100 839 1152 Et
870 1112 1005 1152 vero
1036 1096 1338 1163 Arbarius,
1372 1098 1641 1168 equitum
1673 1096 2031 1168 Secyndiani
2071 1112 2217 1169 praa—

556 1187 769 1253 fectus,
799 1186 877 1243 ab
917 1202 988 1241 eo
1010 1186 1087 1241 ad
1120 1186 1346 1242 Ochum
1372 1184 1583 1254 deficit,
1617 1191 1750 1256 post
1780 1186 1941 1241 hunc
1982 1186 2216 1259 AEhypti

558 1284 801 1348 satrapa
824 1278 1088 1331 Arxanes
1113 1294 1125 1333 :
1150 1275 1294 1346 quin
1326 1280 1382 1330 et
1407 1279 1719 1329 Artoxares
1758 1274 1834 1330 ab
1865 1276 1998 1346 ipsa
2025 1291 2216 1348 usque

562 1368 839 1424 Armenia
871 1366 945 1421 ad
974 1365 1202 1421 Ochum
1217 1364 1464 1419 accessit
1494 1382 1505 1421 :
1538 1364 1631 1418 cui
1655 1363 1834 1419 etiam
1862 1364 2045 1421 invito
2071 1365 2213 1420 cita-

556 1457 667 1512 rim
701 1455 779 1525 (3)
826 1454 888 1509 hi
930 1454 1289 1525 imposuere.
1338 1452 1535 1507 Ochus
1566 1466 1707 1521 ergo
1764 1466 2016 1523 regnum
2070 1452 2211 1518 adit,

558 1549 912 1615 mutatoque
943 1541 1187 1597 nomine
1207 1540 1471 1597 Dariaeus
1495 1540 1829 1613 appellatur
1845 1540 2053 1611 (4).Hic
2066 1540 2215 1596 dolis

559 1649 701 1690 mox
727 1630 1221 1703 juramentisque,
1245 1630 1604 1702 Parysatidis
1623 1630 1873 1693 monitu,
1900 1629 2214 1701 Sccyndia-

558 1738 705 1778 num
762 1720 1107 1790 aggreditur
1153 1737 1165 1774 :
1223 1736 1292 1775 ac
1341 1718 1596 1774 multum
1654 1717 1787 1774 licet
1839 1719 2212 1775 Menostanes

557 1811 911 1874 hortaretur,
964 1824 1037 1864 ne
1064 1808 1419 1877 iuramentis
1468 1808 1881 1879 Secyndianus
1929 1808 2210 1874 crederet,

558 1916 706 1956 neve
734 1915 870 1955 cum
903 1898 1220 1955 fallacibus
1252 1897 1599 1952 hominibus
1650 1902 1891 1968 pactum
1923 1897 2108 1952 ullum
2130 1899 2215 1953 in-

560 1990 685 2055 iret,
719 1987 905 2044 credit
937 1992 1156 2041 tamen.
1205 1985 1440 2056 Capitur
1478 1985 1697 2057 itaque,
1749 1990 1803 2042 et
1832 1985 1894 2041 in
1954 1986 2213 2043 cinerem

560 2076 716 2150 42b
747 2076 1053 2146 conjectus
1110 2074 1378 2141 moritur,
1436 2090 1573 2129 cum
1607 2088 1841 2128 menses
1872 2089 1973 2130 sex
2027 2076 2125 2146 (ὅ),
2158 2080 2215 2132 et

559 2166 684 2220 dies
712 2161 1055 2236 quindecim
1085 2167 1407 2231 regnasset.

633 2252 803 2310 Solus
840 2250 980 2307 inde
1010 2256 1217 2320 regnat
1257 2250 1474 2319 Ochus,
1506 2250 1609 2323 qui
1639 2257 1694 2305 et
1725 2251 2005 2319 Dariaaus,
2050 2253 2212 2325 apud

558 2356 741 2414 quem
774 2338 1122 2397 auctoritate
1147 2338 1427 2395 valebant
1452 2344 1567 2394 tres
1614 2339 1869 2395 eunuchi
1910 2357 1923 2396 :
1956 2342 2213 2397 maxime

557 2430 805 2503 quidem
845 2432 1195 2499 Artoxanes,
1232 2434 1369 2500 post
1397 2427 1558 2484 hunc
1588 2428 1994 2496 Artibazanes,
2047 2433 2212 2487 tertio

558 2518 690 2575 loco
712 2518 955 2574 Athous.
985 2517 1102 2572 Sed
1135 2532 1379 2573 uxorem
1413 2517 1869 2589 potissimumin
1896 2519 2210 2575 consilium

560 2608 913 2665 adhibebat:
935 2623 1005 2663 ex
1029 2621 1151 2678 qua
1172 2606 1302 2677 jam
1334 2612 1471 2663 ante
1503 2607 1733 2663 aditum
1763 2624 2013 2677 regnum
2037 2609 2212 2665 binos

559 2702 904 2769 susceperat
932 2696 1167 2759 liberos,
1213 2696 1493 2753 Amistrin
1524 2697 1721 2765 ﬁliam,
1752 2704 1807 2754 et
1833 2698 2019 2754 ﬁlium
2039 2701 2213 2755 Arsa-

558 2801 693 2853 can,
718 2786 820 2858 qui
846 2790 1070 2840 mutato
1098 2792 1230 2856 post
1251 2787 1493 2841 nomine
1525 2787 1964 2858 Artaxerxes(6)
1991 2788 2207 2845 dictus.

559 2875 716 2932 Parit
762 2882 961 2930 autem
992 2873 1101 2944 ipsi
1145 2879 1202 2929 et
1258 2874 1509 2930 alterum
1544 2874 1729 2931 filium
1766 2877 1890 2947 jam
1952 2893 2211 2948 regnans

559 2981 727 3030 uxor,
752 2964 846 3019 cui
877 2978 913 3019 a
944 2963 1068 3020 sole
1091 2961 1225 3034 Cyri
1252 2963 1327 3034 (7)
1353 2979 1571 3019 nomen
1597 2964 1924 3036 imponitur
1956 2981 1968 3031 ;
1994 2966 2211 3023 deinde

555 3052 846 3115 Artosten,
893 3051 1163 3122 aliosque
1220 3050 1504 3122 deinceps
1557 3051 1633 3107 ad
1686 3051 1966 3107 tredecim
2023 3070 2210 3126 usque

556 3138 795 3195 liberos.
846 3140 1003 3211 (Haec
1033 3138 1283 3210 scriptor
1330 3139 1427 3196 hic
1457 3154 1529 3193 ex
1578 3140 1836 3210 ipsamet
1883 3155 1945 3195 se
1976 3142 2210 3198 audisse

554 3227 900 3300 Parysatide
950 3227 1164 3297 refert.)
1228 3228 1446 3283 Verum
1521 3227 1716 3283 caeteri
1772 3228 2018 3300 quidem
2094 3231 2211 3287 cito

555 3317 750 3373 vivere
803 3316 1123 3381 desierunt,
1177 3316 1597 3387 superstitibus
1654 3315 1873 3372 relictis
1922 3317 2015 3385 iis,
2056 3334 2210 3392 quos

557 3406 1227 3470 modonominavimus,
1258 3420 1396 3461 cum
1428 3409 1643 3476 quarto
1673 3404 1918 3477 insuper
1938 3406 2081 3475 ﬁlio,
2115 3410 2208 3465 cui

556 3497 845 3553 Oxendraa
874 3510 1096 3550 nomen
1119 3494 1401 3549 fecerunt.

626 3583 978 3640 Defecerunt
1019 3599 1056 3639 a
1103 3599 1234 3654 rege
1266 3598 1585 3652 germanus
1616 3582 1747 3653 ejus
1770 3583 1947 3641 frater
1970 3586 2203 3654 Arsites,

556 3674 767 3729 eodem
796 3680 959 3745 patre
990 3673 1324 3743 eademque
1350 3678 1534 3727 matre
1565 3679 1920 3744 prognatus,
1954 3679 2209 3749 etMega-

553 3762 687 3835 byzi
713 3762 870 3818 ﬁlius
890 3761 1234 3833 Artyphius.
1258 3760 1491 3817 Mittitur
1520 3761 1807 3817 adversus
1836 3763 1948 3819 hos
1978 3768 2210 3838 Artasy-

554 3867 673 3917 ras,
702 3851 968 3923 belloque
992 3850 1345 3922 Artyphium
1378 3850 1690 3915 invadens,
1733 3853 1973 3909 duobus
2002 3870 2032 3909 e
2065 3870 2208 3926 prm-

552 3940 646 3997 liis
689 3940 881 3996 victus
912 3940 1093 3997 abiit:
1124 3938 1295 3994 tertio
1348 3938 1563 3995 deinde
1622 3956 1997 4013 congressus,
2041 3945 2208 4017 Artyo

555 4030 762 4103 phium
798 4035 1059 4102 superat,
1093 4033 1148 4083 et
1196 4043 1348 4100 quos
1380 4027 1477 4084 ille
1517 4044 1719 4087 secum
1768 4031 2026 4089 habebat
2059 4035 2210 4089 (ἴτω-

555 4134 656 4175 cos
689 4119 770 4175 ita
815 4117 1168 4173 muneribus
1190 4118 1266 4172 ad
1296 4132 1356 4172 se
1404 4117 1657 4189 pellexit,
1712 4124 1771 4175 ut
1799 4122 2039 4177 tandem
2070 4138 2208 4179 cum

556 4208 743 4264 tribus
785 4207 1116 4262 admodum
1175 4204 1408 4259 Milesiis
1455 4206 1692 4263 relictus
1752 4209 1941 4265 fuerit.
2015 4211 2208 4276 Quare

551 4295 941 4367 jurejurando
974 4294 1212 4363 ﬁdeque
1242 4293 1319 4347 ab
1350 4296 1579 4350 Artasia
1605 4296 1764 4361 data,
1806 4300 1928 4367 regi
1960 4316 2089 4354 sese
2114 4300 2206 4355 de-

555 4384 723 4439 didit.
756 4379 1052 4453 Parysatis
1070 4394 1207 4433 vero
1237 4380 1361 4448 regi
1389 4382 1467 4435 ad
1482 4385 1835 4454 Artyphium
1858 4387 2210 4444 interﬁcien-

556 4473 704 4528 dum
730 4447 972 4528 incitato
999 4469 1060 4524 id
1088 4447 1329 4523 consilii
1348 4468 1528 4533 dedit,
1560 4447 1659 4525 illo
1699 4478 1761 4526 ut
1790 4478 2057 4545 tempore
2085 4492 2208 4532 non
2242 4447 2285 4500 Ι)

557 4562 891 4619 occideret:
926 4574 1031 4632 per
1061 4573 1196 4613 eam
1239 4556 1400 4613 enim
1448 4556 1722 4614 fraudem
1771 4560 1951 4617 etiam
1982 4565 2208 4619 Arsiten

557 4653 756 4724 ipsum
789 4666 915 4708 sese
940 4647 1283 4705 dediturum
1326 4661 1339 4713 ;
1383 4646 1484 4703 ubi
1514 4646 1604 4701 hic
1630 4663 1873 4721 quoque
1925 4650 2210 4723 deceptus

558 4748 888 4814 captusque
940 4744 1113 4806 esset,
1147 4741 1275 4793 tum
1321 4736 1568 4792 demum
1625 4743 1860 4809 tempus
1904 4740 2212 4815 utriusque

559 4831 834 4888 necandi.
868 4833 931 4887 Et
959 4843 1101 4885 vero
1125 4826 1209 4884 ita
1255 4825 1479 4882 factum
1532 4831 1637 4897 est,
1679 4826 1826 4885 dum
1857 4828 1910 4885 ei
1961 4832 2212 4889 consilio

1826 257 2059 313 PHOTlI
2096 256 2582 315 PATRMRCHE
2620 257 2728 315 ΟΡ.

3779 264 3870 318 196

2245 384 2289 439 Α
2319 385 2479 437 λιπὼν
2510 388 2596 437 τὸν
2642 387 2816 457 νεκρὸν
2848 384 3030 448 αὐτοῦ,
3055 384 3333 459 προστάξει
3375 383 3626 458 βασιλέως
3670 385 3875 439 λιθόλευ-

2324 492 2445 536 στος
2472 474 2712 544 ἐγεγόνει·
2742 473 2818 545 ἐφ’
2912 476 2942 532 ἡ
2973 474 3021 509 ³ο
3050 479 3273 547 στρατιὰ
3294 475 3361 535 εἰς
3388 475 3552 531 λύπην
3579 478 3876 546 κατηνέχθη.

2318 561 2376 615 Ὀ
2405 558 2464 615 δε
2495 562 2643 636 δῶρα
2686 563 2818 636 αὐτῇ
2851 559 3054 616 ἐδίδου·
3088 565 3137 616 οἱ
3180 566 3223 600 ³1
3270 561 3328 617 δε
3371 565 3573 636 ἐμίσουν
3618 564 3780 626 αὑτὸν,
3807 565 3877 615 ὅτι

2321 670 2374 704 τε
2426 656 2511 703 τὸν
2558 648 2776 724 ἀδελφὸν
2824 652 3016 727 Ξέρξην
3067 653 3323 707 ἀπεκτόνει
3355 659 3441 706 καὶ
3471 654 3548 705 ὅτι
3584 656 3876 727 Βαγόραζον.

2323 745 2672 813 Διαπέμπεται
2712 739 3016 803 Σεκυδιανὸς
3059 744 3499 817 προσκαλούμενος
3538 742 3715 813 Ὦχον·
3768 743 3791 792 6
3827 739 3879 794 δε

2322 832 2663 902 ὑπισχνεῖται
2723 835 2835 903 μὲν,
2892 832 2949 883 ού
3027 838 3363 905 παραγίνεται
3423 830 3498 886 δέ.
3560 836 3654 884 Καὶ
3703 836 3879 901 γίνεται

2324 928 2475 971 τοῦτο
2550 919 2819 981 πολλάκις.
2871 921 3023 983 Τέλος
3102 922 3457 996 περιϐάλλεται
3506 921 3666 993 Ὦχος
3709 919 3878 977 πολλὴν

2327 1012 2597 1081 στρατιὰν,
2646 1015 2732 1061 καὶ
2815 1008 3050 1073 ἐπίδοξος
3103 1013 3164 1069 ἦν
3232 1010 3543 1083 βασιλεύειν.
3597 1011 3882 1081 Ἀφίσταται

2325 1096 2602 1174 Ἀρϐάριος
2654 1102 2679 1151 6
2746 1108 2843 1152 τῶν
2918 1103 3107 1154 ἱππέων
3185 1098 3493 1153 Σεκυδιανού
3558 1102 3730 1173 ἅρχων
3774 1102 3883 1171 πρὸς

2325 1187 2512 1259 Ὦχον,
2562 1185 2673 1240 εἶτα
2739 1189 2993 1261 Ἀρξοίνης
3040 1191 3066 1242 6
3128 1190 3392 1261 Αἰγύπτου
3472 1191 3745 1264 σατράπης
3804 1192 3882 1239 καὶ

2326 1277 2646 1349 Ἀρτοξοίρης
2704 1274 2761 1330 δὲ
2812 1280 2837 1329 6
2883 1278 3130 1351 εὐνοῦχος
3164 1282 3208 1315 ³³
3240 1279 3292 1341 έξ
3341 1278 3610 1352 Ἀρμενίας
3639 1274 3724 1335 ἧκε
3771 1280 3883 1347 πρὸς

2324 1366 2512 1437 Ὦχον.
2558 1369 2655 1419 Καὶ
2711 1367 2942 1419 ἐπέθεντο
2996 1368 3135 1438 αύτῴ
3186 1372 3278 1426 την
3325 1372 3547 1440 κίταριν,
3596 1366 3705 1418 ούτι
3758 1364 3883 1417 ἐκόν-

2326 1474 2407 1515 τος
2460 1457 2532 1511 ³³.
2610 1454 2873 1508 Βασιλεύει
2941 1456 3129 1528 Ὦχος,
3187 1463 3279 1509 καὶ

2322 1551 2510 1617 ρειαῖος
2533 1546 2598 1598 ³⁸.
2636 1550 2735 1597 Καὶ
2784 1550 3093 1620 μετέρχεται
3132 1546 3301 1619 ἀπάτη
3329 1552 3419 1598 καὶ
3449 1547 3638 1619 ὅρκοις,
3669 1544 3880 1613 ὑποθήκῃ

2325 1631 2714 1706 Παρυσατιδος,
2756 1638 2842 1687 τόν
2890 1632 3216 1699 Σεκυδιανόν,
3248 1634 3415 1688 πολλὰ
3460 1636 3801 1694 Μενοστάνους
3843 1632 3882 1666 ³⁵

2244 1737 2288 1792 Β
2322 1730 2691 1796 παραινοῦντος
2765 1721 3071 1777 Σεκυδιανὸν
3128 1730 3199 1795 μὴ
3255 1726 3519 1777 πιστεύειν
3576 1730 3679 1782 τοῖς
3733 1725 3883 1793 ὅρκοις

2321 1808 2459 1883 μηδὲ
2519 1809 2835 1865 σπένδεσθαι
2886 1822 2992 1875 τοίς
3049 1812 3369 1877 ἐξαπατῶσι.
3418 1814 3653 1866 Πείθεται
3705 1807 3750 1863 δ’
3810 1805 3884 1863 οὖν

2321 1903 2478 1973 ὅμως,
2529 1908 2618 1953 καὶ
2683 1901 2973 1965 ἁλίσκεται,
3036 1908 3125 1955 καὶ
3183 1902 3253 1964 εἰς
3307 1907 3402 1959 τὴν
3463 1897 3656 1955 σποδὸν
3719 1897 3887 1972 ἐμϐάλ-

2319 1990 2460 2042 λεται
2506 1995 2594 2042 καὶ
2648 1990 2931 2043 ἀπόλλυται
2963 1990 3285 2063 βασιλεύσας
3325 1993 3372 2027 ³⁸
3402 1998 3568 2062 μῆνας
3614 1990 3682 2053 ἐξ,
3714 1990 3886 2062 ἡμέρας

2321 2076 2356 2131 δ
2360 2084 2617 2134 εκαπέντε.

3358 1456 3749 1528 μετονομάζεται
3798 1460 3881 1506 Δα-

2390 2258 2657 2312 Βασιλεύει
2709 2261 2797 2312 οὖν
2847 2266 3002 2332 μόνος
3050 2260 3216 2333 Ὦχος
3261 2264 3288 2314 6
3340 2267 3431 2315 καὶ
3484 2269 3757 2335 Δαρειαῑος.
3806 2259 3863 2313 Εὐ

2318 2354 2503 2418 νοῦχοι
2552 2345 2611 2400 δί
2661 2358 2797 2419 τρεῖς
2848 2346 3106 2407 ἠδύναντο
3172 2352 3293 2424 παρ’
3323 2352 3486 2421 αὐτῷ,
3527 2356 3758 2424 μέγιστον
3809 2350 3885 2420 μὶν

2320 2436 2637 2513 Ἀρτοξοὲρης
2694 2441 2762 2506 ³⁷,
2822 2436 3059 2513 δεύτερος
3116 2436 3175 2492 δε
3252 2440 3664 2515 Ἀρτιϐαρζάνης
3716 2440 3760 2474 ⁸³
3811 2440 3888 2489 καὶ

2319 2531 2493 2600 τρίτος
2571 2526 2783 2589 Ἀθῶος.
2834 2528 3059 2600 Ἐχρῆτο
3109 2525 3167 2580 6“:
3240 2528 3522 2601 συμϐούλῳ
3572 2529 3788 2602 μάλιστα
3832 2534 3884 2598 τῇ

2318 2620 2530 2687 γυναικί
2555 2618 2621 2652 ³9·
2657 2615 2709 2679 ἐξ
2756 2618 2820 2678 ἧς
2859 2620 2957 2690 πρὸ
2998 2626 3093 2678 τῆς
3132 2616 3413 2689 βασιλείας
3462 2616 3557 2672 δύο
3588 2621 3708 2689 ἔσχε
3735 2620 3882 2679 τέκνα,

2321 2705 2611 2779 Ἀμῆστριν
2666 2707 2926 2780 θυγατέρα
2981 2712 3070 2757 καὶ
3122 2705 3395 2781 ’Λρσοὶκαν
3440 2710 3570 2773 υἱον,
3601 2709 3651 2769 ὅς
3698 2708 3888 2778 ὕστερον

2319 2795 2692 2865 μετωνομάσθη
2772 2794 3128 2869 Ἀρτοξέρξης.
3198 2802 3375 2849 Τίκτει
3433 2794 3491 2849 δε
3552 2796 3686 2866 αὐτῷ
3744 2796 3889 2869 ἕτερον

2320 2884 2429 2933 υἱὸν
2480 2882 2861 2953 βασιλεύουσα,
2902 2889 2991 2935 καὶ
3030 2887 3227 2937 τίθεται
3281 2888 3340 2937 τὸ
3402 2890 3561 2956 ὄνομα
3610 2884 3759 2936 αύτοῡ
3803 2881 3889 2934 ἀπο

2318 2979 2408 3021 τοῦ
2457 2970 2604 3028 ἡλίου
2662 2978 2851 3046 Κῦρονο
2905 2974 3016 3024 εἶτα
3054 2978 3215 3026 τίκνει
3264 2975 3577 3046 Ἀρτόστην,
3612 2979 3695 3026 καὶ
3734 2970 3891 3043 ἑφεξῆς

2246 3093 2285 3149 C
2318 3064 2482 3131 μέχρι
2535 3058 2738 3112 παίδων
2794 3058 3097 3135 δεκατριῶν.
3160 3068 3257 3115 Καί
3306 3083 3471 3134 φησιν
3524 3066 3549 3116 ὁ
3597 3064 3889 3134 συγγραφεὺς

2321 3147 2477 3210 αὐτὸς
2531 3149 2649 3222 παρ’
2699 3149 2860 3212 αὐτῆς
2912 3154 3109 3212 ἐκείνης
3166 3159 3257 3212 τῆς
3316 3150 3687 3227 Παρυσάτιδος
3746 3156 3890 3202 ταῦτα

2322 3236 2564 3291 ἀκοῦσαι.
2610 3237 2765 3291 Ἀλλὰ
2815 3242 2880 3290 τὰ
2920 3244 3010 3312 μεν
3062 3240 3193 3292 ἄλλα
3244 3250 3342 3293 τῶν
3395 3246 3580 3295 τέκνων
3635 3242 3766 3312 ταχύ
3810 3237 3891 3289 ἁπ-

2321 3326 2464 3392 εϐίω,
2492 3328 2540 3378 οὶ
2592 3323 2651 3378 δὲ
2697 3334 3081 3400 περιγεγονοτες
3112 3332 3163 3381 οἶ
3198 3349 3251 3382 τε
3302 3331 3677 3406 προρῥηθέντες
3712 3328 3890 3399 τυγχά-

2319 3435 2468 3468 νουσι
2522 3421 2611 3469 καὶ
2662 3419 2737 3468 ἔτι
2788 3421 3031 3491 τέταρτος
3096 3422 3221 3488 υἱὸς,
3286 3416 3571 3493 Ὀξένδρας
3618 3420 3892 3491 ὠνομασμέο

2318 3525 2422 3566 νος.

2390 3595 2734 3664 Ἀφίστανται
2788 3593 3046 3667 βασιλέως
3100 3596 3355 3669 Ἀρσίτης
3384 3600 3411 3650 ὁ
3457 3599 3637 3659 οἰκεῖος
3674 3592 3884 3666 ἀδελφὸς,

2318 3683 2634 3753 ὁμοπάτριος
2678 3688 2767 3735 καὶ
2815 3684 3155 3757 ὁμομήτριος,
3210 3690 3298 3737 καὶ
3348 3686 3627 3760 Ἀρτύφιος
3672 3688 3696 3739 ὁ
3744 3689 3889 3752 Μεγα-

2319 3770 2502 3831 ϐύζου.
2538 3775 2801 3843 ΙΙέμπεται
2832 3771 2922 3845 [63
2958 3772 3050 3847 Η.]
3094 3773 3424 3848 ’Δρτασύρας
3474 3776 3589 3828 κατ’
3619 3775 3791 3835 αὐτῶν,
3814 3774 3889 3822 καὶ

2318 3860 2527 3931 πολεμεῖ
2578 3861 2874 3933 Ἀρτύφιον,
2932 3868 3021 3914 καὶ
3104 3860 3231 3917 δυσὶ
3306 3868 3518 3937 μάχαις
3589 3865 3892 3937 Ἀρτασύρας

2320 3950 2541 4007 ἡττᾶται
2570 3948 2696 4021 [128
2730 3950 2823 4024 3.]
2853 3952 2979 4003 Εἰτα
3030 3952 3181 4004 πάλιν
3244 3954 3524 4026 συμϐαλὼν
3580 3959 3696 4023 νικᾴ
3735 3952 3893 4024 Ἀρτύο

2320 4058 2456 4109 φιον,
2489 4043 2579 4090 καὶ
2624 4039 2881 4109 ὑπάγεται
2928 4045 3049 4102 τοὺς
3105 4061 3198 4093 συν
3254 4043 3393 4114 αύτῷ
3439 4043 3681 4103 Ἕλληνας
3710 4037 3891 4113 δώροις,

2319 4131 2405 4178 καὶ
2460 4126 2937 4198 καταλιμπάνονται
3003 4130 3157 4199 αὐτῷι
3219 4130 3475 4189 Μιλήσιοι
3531 4136 3677 4205 μόνοι
3750 4134 3883 4203 τρεῖς·

2318 4215 2468 4277 Τέλος
2530 4216 2712 4289 ὅρκους
2780 4222 2871 4269 καὶ
2924 4223 3124 4279 πίστεις
3169 4217 3338 4271 λαϐὼν
3392 4223 3541 4295 παρὰ
3598 4220 3889 4293 Ἀρτασύρα,

2320 4307 2427 4357 ἐπεὶ
2463 4306 2488 4356 6
2533 4304 2782 4376 Ἀρσίτης
2823 4306 2915 4358 ούκ
2963 4307 3214 4377 ἐφαίνετο,
3266 4316 3655 4382 προσεχώρησε
3683 4306 3889 4381 βασιλεῖ.

2320 4396 2627 4467 Παρύσατις
2659 4390 2717 4446 δε
2766 4391 3067 4466 βουλεύεται
3113 4396 3344 4468 βασιλεῖ,
3385 4399 3615 4472 ὀρμώντι
3658 4400 3776 4470 πρὸς
3820 4398 3892 4445 τὸν

2316 4484 2602 4555 Ἀρτυφίου
2655 4485 2889 4548 θάνατον,
2947 4489 3017 4556 μὴ
3080 4484 3266 4539 ἀνελεῖν
3328 4491 3469 4547 τέως
3531 4489 3739 4540 ἔσεσθαι
3806 4486 3894 4554 γὰρ

2320 4578 2469 4623 τουτο
2501 4570 2704 4629 ἀπάτην
2734 4578 2822 4626 καὶ
2871 4575 2942 4635 εἰς
2972 4580 3063 4633 τὴν
3094 4582 3479 4649 προσχώρησιν
3532 4584 3623 4630 τοῦ
3649 4576 3891 4647 ’Δρσίτουι

2320 4655 2529 4711 ἐπειδὰν
2561 4656 2619 4713 δὲ
2642 4660 2875 4725 κάκεῖνος
2915 4662 3195 4725 ἀπατηθείς
3226 4664 3350 4735 ἁλῷ,
3386 4662 3499 4718 δεῖν
3534 4667 3581 4701 ⁸ο
3615 4670 3727 4717 τότε
3760 4664 3895 4735 ἄμφω

2321 4744 2745 4821 διαχρήσασθαι.
2797 4757 2896 4806 Καὶ
2941 4757 3143 4825 γέγονεν
3194 4754 3378 4824 οὕτως,
3428 4752 3777 4815 εὐοδωθείσης
3820 4756 3898 4809 τῆς

2325 4836 2590 4909 συμϐουλὴ¹
2604 4859 2641 4903 ς,
2686 4840 2776 4893 καί
2823 4840 3127 4914 ἐμϐάλλεται
3160 4842 3231 4905 εἰς
3270 4847 3363 4902 τὴν
3396 4840 3597 4897 σποδὸν
3646 4843 3899 4917 Ἀρτύφιος

1904 4956 2133 5012 VARI/E
2167 4961 2459 5019 LECTION
2466 4964 2567 5018 ES.

633 5056 679 5091 ³⁰
709 5056 738 5114 ἠ
774 5053 908 5110 add.
936 5054 1003 5111 Α.

558 5146 679 5189 νους
700 5147 754 5191 ς.

560 5200 753 5272 ἡμέρας
781 5196 856 5250 ιε’·

1116 5054 1160 5090 ³1
1188 5053 1255 5124 οἱ]
1290 5051 1438 5105 αύτοὶ
1469 5054 1529 5107 Α.

971 5198 1014 5231 ετ
1051 5197 1362 5270 Ἀρτοξάνης
1383 5218 1444 5261 ς,
1564 5197 1611 5231 ³⁸
1645 5196 2025 5271 Ἀρτιϐαζάνης
2054 5221 2107 5264 ς.

1648 5055 1696 5088 II
1726 5055 1751 5088 Α
1792 5054 1840 5088 ..Ἴ

2421 5065 2465 5096 ’³
2690 5084 2746 5127 ς·

971 5198 1014 5231 ετ
2054 5145 2164 5264 .P
2222 5205 2267 5239 ιο
2307 5146 2857 5279 μὲεξτξξῇεξυῖάαί
2890 5152 3317 5279 esset?“
3365 5142 3641 5265 ﬁeri?

2307 5223 2540 5276 μαλιστα
2559 5223 2621 5279 τῃ
2644 5223 2855 5279 γυναικί
2890 5223 3164 5281 συμδου).ῳ
3197 5230 3252 5275 ς.

2421 5065 2465 5096 ³³
2494 5061 2659 5139 ἑκόντι
2690 5084 2746 5127 ς.
2816 5138 2823 5139 7
2855 5065 2903 5099 ³⁵
2926 5060 3163 5139 δαριαίος
3185 5086 3238 5130 ς’.
3349 5067 3400 5139 ,³⁵
3440 5066 3601 5119 πολλὰ
3625 5064 3899 5139 μενὈστοίτ

3366 5206 3427 5246 ⁴⁰’
3445 5206 3526 5263 δέῑ
3553 5211 3623 5265 Α.

2128 5323 2350 5381 ΝΟΤᾸὲ.

634 5420 715 5493 (3)
748 5422 829 5493 De
855 5418 1049 5493 citari,
1092 5418 1215 5474 sive
1246 5418 1457 5486 calari,
1486 5418 1613 5488 lege
1664 5418 1818 5475 doct.
1849 5420 2216 5478 Brissonium

563 5491 623 5548 in
648 5490 935 5555 Persicis,
974 5490 1077 5546 lib.
1110 5506 1149 5545 1.

659 5563 713 5698 ιζ
741 5561 879 5618 Aliis
906 5562 1123 5616 Darius
1162 5560 1397 5615 Not/ms
1436 5560 1649 5617 dictus.

664 5638 691 5689 5
737 5636 965 5698 Sequor
1004 5632 1334 5688 versionem
1360 5631 1601 5697 editam,

664 5631 712 5698 5)
737 5636 965 5705 Sequor
1004 5632 1334 5688 versionem
1360 5631 1601 5697 editam,
1651 5648 1785 5703 quae
1827 5633 2026 5690 locum
2059 5635 2218 5691 hunc

2328 5441 2401 5479 ex
2425 5424 2669 5483 historiae
2702 5430 2923 5485 ratione
2953 5430 3223 5487 restituit.

2398 5498 2478 5639 (ϐξ
2512 5501 2915 5567 Coguomento
2948 5504 3194 5575 Μνήμων.

2402 5567 2451 5637 (7
2508 5569 2689 5639 Cyrus
2718 5574 2814 5628 hic
2849 5573 3043 5631 minor
3073 5579 3184 5630 est.

2402 5567 2478 5639 (7)
2508 5569 2689 5641 Cyrus
2718 5574 2814 5628 hic
2849 5573 3043 5631 minor
3065 5567 3184 5630 'est.
