4036 6214
540 269 643 324 109
1748 263 1989 321 PHOTII
2029 262 2198 319 PATP

2306 262 2507 321 RCHAZ
2545 263 2651 319 ΟΡ.
3756 270 3852 326 200

537 390 770 448 facinus
784 387 1081 458 intellexit,
1107 386 1325 444 multas
1338 386 1491 459 patri
1515 385 1679 443 diras
1699 386 2063 458 imprecatus
2079 392 2186 454 est,

2306 392 2500 461 παρὼν,
2554 386 2663 440 ἐπεὶ
2719 389 2897 460 ἔμαθε,
2943 386 3104 441 πολλὰ
3149 396 3220 459 τῷ
3293 393 3449 461 πατρὶ
3524 393 3854 463 κατηράσατο,

539 484 899 552 captamque
940 476 1110 534 Zarin
1138 476 1369 541 urbem,
1402 475 1789 532 Terituchmaa
1806 475 1928 533 ﬁlio
1956 493 2189 531 conser-

539 569 719 626 vavit.
755 570 821 623 At
851 566 1149 639 Parysatis
1189 571 1442 621 matrem
1476 565 1890 631 Terituchmaa,
1950 564 2192 621 fratres-

539 674 658 730 que
688 659 997 714 Metrosten
1041 658 1223 727 atque
1252 653 1538 719 Helicum,
1575 669 1810 710 sorores
1843 654 1982 710 item
2012 654 2189 719 duas,

538 762 692 819 quas
732 750 946 818 praeter
977 743 1287 800 Stateiram
1319 742 1601 809 habebat,
1635 743 1801 799 vivas
1831 742 2031 800 defodi
2064 744 2190 814 jus-

540 834 614 891 sit
631 836 836 907 (9-10);
869 839 925 889 et
948 834 1137 905 ipsam
1152 836 1437 888 Roxanen
1459 832 1571 904 (11)
1594 832 1793 887 vivam
1818 832 1957 888 item
1980 832 2187 888 secari.

539 924 938 981 Tantumdem
991 922 1065 977 de
1120 922 1385 987 Stateira,
1423 924 1659 977 Arsacaa
1700 921 1804 977 lilii
1837 937 2038 986 uxore,
2089 936 2192 976 rex

540 1012 783 1085 conjugi
810 1011 1141 1083 imperavit.
1173 1011 1245 1064 At.
1273 1026 1411 1065 cum
1434 1015 1686 1065 Arsaces
1714 1009 1915 1065 multis
1938 1014 2190 1066 matrem

541 1106 898 1174 patremque
935 1100 1220 1173 lacrymis
1263 1106 1442 1172 atque
1472 1099 1816 1172 planctibus
1839 1099 2188 1170 mitigasset,

540 1199 861 1264 postquam
895 1190 1029 1261 ipsa
1060 1188 1216 1261 ἀ,δὸ
1244 1189 1537 1261 Parysatis
1576 1188 1729 1244 ﬂexa
1756 1193 1860 1256 est,
1891 1190 2068 1244 etiam
2089 1203 2190 1243 rex

540 1296 783 1355 poenam
817 1278 900 1335 illi
930 1278 1313 1343 condonavit,
1330 1278 1439 1333 hoc
1458 1277 1666 1333 addito
1681 1277 1759 1334 ad
1784 1293 2051 1344 uxorem,
2068 1275 2193 1333 fore

542 1367 871 1443 aliquando
898 1373 960 1423 ut
984 1384 1117 1423 eam
1150 1366 1320 1422 valde
1352 1367 1675 1438 paeniteret.

2300 480 2390 528 xui
2444 475 2589 529 πόλιν
2659 478 2817 549 Ζάριν
2874 476 3173 530 καταλαϐὼν
3239 476 3490 549 ἐφύλασσε
3548 481 3729 537 ταύτην
3795 490 3859 552 τῷ

2302 562 2457 618 παιδὶ
2514 574 2605 618 τοῦ
2660 568 3045 639 Τεριτούχμεω.
3094 566 3152 619 Ἦ
3210 563 3269 619 δε
3322 569 3611 638 Παρύσατις
3665 574 3750 626 τήν
3813 589 3860 622 τε

2301 658 2502 726 μητέρα
2543 658 2637 712 τὴν
2685 657 3053 727 Τεριτούχμεω
3099 660 3189 707 xui
3234 658 3347 715 τοὺς
3395 651 3638 727 ἀδελφούς
3677 663 3861 731 Μιτρώο

2304 763 2428 801 στην
2450 744 2498 778 ⁵⁶
2519 749 2609 795 καὶ
2653 742 2863 796 Ἦλικον
2911 748 2999 796 xui
3030 745 3124 805 τὰς
3154 739 3391 816 ἀδελφὰς,
3425 740 3519 796 δύο
3559 748 3713 805 οὔσας
3759 766 3859 817 χω-

2301 834 2385 904 ρὶς
2440 840 2531 891 τῆς
2590 838 2864 907 Στατείρας
2929 835 2996 899 ⁵⁷,
3058 836 3232 896 ζώσας
3282 831 3507 885 ἐκέλευσε
3551 843 3857 905 καταχῶσαι,

2302 924 2394 977 τὴν
2448 916 2506 972 δὲ
2564 921 2655 992 [64
2707 922 2794 993 [1.]
2866 921 3119 985 Ῥωξάνην
3174 923 3345 982 ζῶσαν
3423 929 3729 994 κατατεμεῖν·
3784 930 3861 976 καὶ

2302 1006 2516 1078 ἐγένετο.
2544 1009 2602 1062 Ὁ
2654 1006 2713 1062 δὲ
2760 1008 3012 1083 βασιλεὺς
3055 1007 3164 1062 εἶπε
3199 1018 3261 1082 τῇ
3309 1015 3511 1082 γυναικὶ
3555 1008 3863 1083 Παρυσάτιδι

2301 1105 2522 1155 ποιῆσαι
2553 1099 2743 1171 ὁμοίως
2772 1104 2860 1152 καὶ
2914 1102 3188 1173 Στάτειραν
3232 1103 3321 1157 τὴν
3364 1099 3618 1174 Ἀρσάκου
3663 1108 3863 1173 γυναῖκα

2301 1193 2393 1236 τοῦ
2438 1183 2648 1249 παιδός·
2696 1187 2822 1261 [129
2878 1188 2970 1261 [1.]
3006 1187 3111 1240 ἀλλ’
3139 1190 3165 1240 ὃ
3192 1206 3253 1259 γε
3301 1188 3565 1261 Ἀρσάκης
3602 1187 3753 1240 πολλὰ
3785 1194 3862 1246 τὴν

2302 1280 2503 1348 μητέρα
2548 1282 2637 1330 καὶ
2686 1280 2771 1330 τὸν
2800 1282 3000 1351 πατέρα
3042 1274 3274 1351 δάκρυσι
3303 1282 3392 1329 καὶ
3420 1283 3647 1336 κοπετοῖς
3688 1276 3863 1339 ίξελεω-

2305 1365 2524 1435 σάμενος
2571 1366 2640 1433 ⁸⁸,
2686 1365 2794 1419 ἐπεὶ
2860 1368 2907 1403 ³9
2961 1368 2990 1425 ἡ
3045 1370 3345 1438 Παρύσατις
3401 1364 3711 1438 ἐπεκάμφθη,
3765 1386 3866 1418 συν-

542 1464 784 1534 εχώρησε
813 1462 902 1510 καὶ
923 1456 1095 1529 Ὦχος
1117 1457 1142 1508 6
1173 1462 1439 1529 Δαρειαίος
1464 1458 1512 1496 ⁸ο
1543 1456 1697 1508 εἰπὼν
1725 1451 2060 1530 Παρυσάτιδι
2092 1451 2252 1507 πολλὰ
2279 1454 2652 1526 μεταμελήσειν
2684 1459 2846 1514 αὐτὴν
2872 1458 2938 1509 ⁶¹.
2963 1455 3184 1526 Τελευτᾷ
3212 1457 3259 1490 ⁸³
3291 1458 3320 1513 ἡ
3346 1455 3411 1513 ιη’
3442 1456 3508 1509 ⁸⁸.

614 1566 853 1622 Decimo
880 1579 1038 1620 nono
1078 1564 1293 1619 deinde
1337 1564 1489 1619 libro
1529 1563 1725 1630 refert,
1754 1569 1816 1620 ut
1855 1564 2053 1620 Ochus
2086 1562 2195 1617 Da-
2230 1558 2275 1615 Β

542 1656 718 1712 riaeus
745 1671 816 1710 ex
849 1654 1062 1709 morbo
1093 1658 1365 1709 mortuus
1391 1653 1463 1709 sit
1490 1652 1968 1725 Babylone,cum
2000 1667 2195 1708 annos

542 1749 854 1816 regnasset
874 1743 1141 1816 quinque
1156 1757 1341 1814 supra
1360 1741 1616 1815 triginta.
1638 1744 1899 1807 Arsaces,
1916 1742 2195 1811 idemque

543 1839 895 1890 Artaxerxes
955 1834 1065 1901 (12)
1109 1837 1338 1887 mutato
1377 1830 1641 1897 nomine,
1680 1846 1928 1901 regnum
1981 1831 2195 1886 deinde

545 1923 828 1995 suscipit;
871 1927 925 1977 et
991 1927 1201 1976 exacta
1254 1926 1409 1976 retro
1460 1920 1588 1992 (per
1633 1920 1948 1990 cervicem)
1997 1919 2198 1989 lingua

548 2012 806 2067 Udiastaa
838 2016 1171 2073 exsecetur,
1226 2014 1403 2079 atque
1425 2012 1508 2064 ita
1556 2011 1823 2074 moritur,
1861 2008 2195 2064 Mithridate

547 2100 678 2169 ejus
710 2100 831 2153 ﬁlio
860 2114 967 2171 pro
996 2102 1240 2169 parente
1263 2102 1499 2167 satrapa
1520 2104 1719 2153 creato
1753 2114 1765 2152 :
1790 2113 1925 2170 quae
1954 2097 2192 2169 quidem

550 2187 808 2244 Stateiraa
849 2186 1045 2242 studio
1074 2200 1197 2240 non
1217 2186 1340 2240 sine
1357 2200 1580 2255 magno
1603 2186 1967 2258 Parysatidis
1992 2184 2194 2241 dolore

548 2280 791 2349 peracta
803 2280 959 2330 sunt.
989 2274 1416 2346 Tissaphernes
1429 2275 1779 2331 criminatur
1797 2274 2016 2347 Cyrum
2033 2274 2193 2347 apud

464 2414 471 2431 ,
546 2364 930 2420 Artaxerxem
958 2362 1199 2419 fratrem
1231 2362 1601 2429 ;moxillead
1624 2368 1873 2420 matrem
1904 2363 2193 2433 confugit,

548 2456 728 2524 atque
753 2451 831 2507 ab
885 2451 1121 2523 objecto
1162 2451 1408 2507 crimine
1456 2450 1803 2507 absolvitur.
1836 2451 1957 2507 Hac
1991 2466 2133 2522 ergo
2160 2467 2197 2507 a

546 2540 723 2597 fratre
754 2540 1339 2613 alfectusignominia
1360 2541 1566 2611 Cyrus,
1586 2540 1664 2597 ad
1685 2541 2010 2613 satrapiam
2024 2556 2196 2597 suam

544 2631 785 2696 recedit,
819 2646 889 2686 ac
917 2629 992 2685 de
1016 2629 1340 2685 rebellione
1370 2631 1606 2701 cogitat.
1635 2631 1991 2687 Criminatur
2015 2632 2192 2688 Oron-

547 2718 664 2775 den
708 2718 1119 2776 Satibarzanes
1158 2734 1298 2775 cum
1328 2719 1663 2790 Parysatide
1700 2720 2197 2776 consuetudinem

546 2808 935 2876 habere,cum
949 2808 1216 2880 alioquin
1233 2809 1562 2865 castissime
1580 2810 1814 2865 viveret.
1830 2812 2005 2867 Morte
2023 2810 2199 2881 igitur

2379 1560 2457 1613 Ἐν
2506 1558 2563 1614 δὲ
2615 1570 2676 1635 τῇ
2726 1564 2794 1615 ιϐ’
2828 1566 3035 1638 ἱστορίᾳ
3078 1559 3424 1635 διαλαμϐάνει
3449 1564 3517 1624 ὡς
3548 1568 3707 1633 Ὦχος
3735 1564 3758 1613 6
3787 1570 3867 1614 Δα·

2302 1658 2499 1724 ρειαῖος
2553 1652 2599 1687 “
2667 1650 2910 1705 ἀπέθανεν
2966 1651 3263 1713 ἀσθενήσας
3318 1650 3368 1704 έν
3463 1649 3730 1717 Βαϐυλῶνι,
3792 1655 3865 1707 ἔτη

2305 1737 2623 1810 βασιλεύσας
2670 1743 2945 1811 τριάκοντα
3004 1746 3167 1805 πέντε,
3215 1739 3484 1812 βασιλεύει
3532 1737 3588 1792 δὲ
3633 1741 3868 1813 Ἀρσάκης

2305 1829 2329 1879 6
2401 1833 2803 1901 μετονομασθεὶς
2878 1829 3237 1902 Ἀρτοξέρξης.
3310 1829 3419 1884 Καὶ
3505 1828 3778 1901 ἐκτέμνεται
3845 1830 3867 1880 6

2305 1914 2613 1981 Ούδιάστης
2681 1924 2773 1977 τὴν
2841 1918 3095 1989 γλῶτταν,
3168 1924 3259 1971 καὶ
3339 1918 3621 1981 ἔξελκύεται
3696 1920 3867 1975 ταύτην

2304 2008 2591 2073 ἐξόπισθεν,
2628 2014 2718 2061 καὶ
2751 2011 2837 2067 θνὴ
2852 2028 2981 2061 σκει·
3016 2011 3041 2060 6
3083 2005 3142 2061 δε
3194 2016 3321 2071 παὶς
3360 2008 3517 2061 αὐτοῦ
3553 2003 3868 2079 Μιτραδάτης

2305 2097 2418 2149 ἀντὶ
2483 2104 2575 2149 τοῦ
2626 2101 2824 2173 πατρὸς
2882 2099 3200 2150 καθίσταται
3255 2099 3546 2167 σατράπης.
3620 2097 3866 2169 Ἔπράχθη

2306 2182 2365 2239 δε
2402 2193 2569 2239 ταῦτα
2604 2183 2811 2259 σπουδῇ
2864 2191 3158 2260 Στατείρας,
3199 2191 3292 2239 καὶ
3339 2187 3517 2245 ἠνιᾶτο
3572 2187 3865 2258 Παρύσατις.

2304 2273 2639 2329 Διαϐάλλεται
2700 2283 2866 2349 Κῦρος
2932 2277 3031 2328 ύπό
3106 2280 3499 2349 Τισσαφέρνους
3550 2277 3668 2347 πρὸς
3716 2274 3871 2347 Ἀρτο-

2305 2364 2484 2438 ξέρξην
2528 2369 2613 2417 τόν
2651 2362 2891 2437 ἀδελφόν,
2933 2370 3023 2416 καὶ
3073 2367 3388 2437 καταφεύγει
3450 2358 3767 2437 Παρυσάτιδι
3817 2368 3869 2434 τῇ

2304 2458 2487 2528 μητρὶ,
2528 2459 2617 2506 xui
2666 2453 2943 2507 ἀπολύεται
2992 2462 3085 2515 τῆς
3130 2451 3405 2515 διαϐολῆς.
3454 2452 3740 2507 Ἀπελαύνει
3790 2457 3876 2504 Κῦ-

2304 2562 2389 2615 ρος
2444 2545 2767 2616 ἠτιμωμένος
2822 2547 2962 2617 παρὰ
3015 2551 3107 2595 τοῦ
3155 2540 3383 2615 ἀδελφοῦ
3422 2546 3545 2618 πρὸς
3574 2546 3662 2600 τὴν
3705 2540 3871 2592 οἰκείαν

2734 2638 2822 2685 καὶ
2898 2632 3083 2704 μελετᾴ
3165 2632 3547 2687 ἐπανάστασιν.
3637 2626 3875 2683 Διαϐαλλει

2307 2722 2697 2795 Σατιϐαρζάνης
2739 2718 3019 2796 Ὀρόνδην,
3079 2724 3148 2783 ὡς
3222 2718 3559 2795 Παρυσάτιδι
3634 2722 3873 2790 μίγνυται,

2308 2639 2647 2706 σατραπείαν,

2306 2818 2475 2865 καίτοι
2538 2812 2652 2864 λίαν
2740 2812 2903 2874 αὐτῆς
2980 2814 3377 2885 σωφρονούσης·
3460 2815 3549 2863 καὶ
3620 2808 3876 2882 ἀναιρεῖται

549 2899 831 2954 multatur
861 2898 1148 2963 Orondes,
1183 2904 1236 2953 et
1269 2904 1459 2954 mater
1483 2900 1987 2968 regiindignatur,
2021 2915 2198 2955 vene-

2307 2898 2588 2975 Ὀρόνδης,
2640 2906 2728 2954 xui
2781 2900 3047 2973 ὀργίζεται
3094 2903 3124 2958 ἡ
3184 2904 3366 2975 μήτηρ
3419 2908 3490 2971 τῷ
3546 2896 3759 2970 βασιλεῖ,
3808 2895 3876 2946 ὅτι

548 3005 748 3060 noque
772 2988 1197 3044 Teriteuchmee
1229 2988 1413 3042 ﬁlium
1442 2994 1634 3044 necat.
1669 2990 1747 3043 De
1769 3006 1839 3045 eo
1870 3004 2110 3062 quoque
2135 2989 2200 3044 ﬁt

547 3077 644 3133 hic
676 3077 919 3143 mentio,
963 3076 1065 3148 qui
1090 3083 1391 3147 parentem
1420 3083 1625 3133 contra
1644 3078 1835 3147 legem
1866 3094 1970 3149 per
1998 3080 2199 3148 ignem

551 3166 817 3237 sepelivit
842 3166 974 3237 (l3).
998 3164 1165 3220 Unde
1183 3166 1362 3220 etiam
1383 3164 1719 3221 Hellanicus
1734 3170 1832 3237 atq
1843 3182 1914 3222 ue
1943 3167 2195 3223 Herodo-

548 3260 644 3311 tus
675 3254 976 3310 mendacii
1032 3260 1385 3323 arguuntur.
1441 3254 1649 3311 Deﬁcit
1697 3255 1936 3312 afratre
1995 3258 2197 3329 Cyrus,

548 3346 748 3401 Graeco
780 3342 955 3399 simul
1010 3350 1065 3398 et
1104 3342 1417 3399 barbarico
1455 3342 1698 3400 collecto
1746 3345 2007 3401 exercitu
2062 3346 2199 3417 (14).

548 3428 731 3488 Porro
770 3432 1087 3488 Clearchus
1128 3432 1467 3488 Graecorum
1506 3433 1625 3488 dux
1666 3439 1809 3489 erat.
1837 3434 2199 3506 Synennesis

546 3536 689 3576 vero
704 3521 946 3577 Cilicum
964 3536 1063 3576 rex
1080 3525 1421 3592 utrumque,
1452 3522 1671 3593 Cyrum
1690 3521 1825 3578 dico
1843 3528 1899 3578 et
1921 3525 2199 3580 Artaxer-

546 3624 706 3674 xem,
725 3608 1315 3681 inbelloadjuvabat.
1346 3612 1527 3681 Cyrus
1545 3627 1743 3681 suum,
1772 3616 1828 3666 et
1848 3617 2201 3667 Artaxerxes

547 3698 811 3755 vicissim
843 3714 1023 3753 suum
1054 3699 1377 3754 exercitum
1394 3698 1735 3755 cohortatus
1755 3706 1859 3755 est.
1886 3700 2203 3757 Clearchus

552 3787 1055 3853 Lacedaemonius,
1090 3788 1366 3859 idemque
1394 3791 1731 3845 Graecorum
1745 3789 1888 3859 dux,
1917 3794 1974 3845 et
1992 3792 2203 3846 Menon

549 3876 886 3941 Thessalus,
930 3892 1191 3948 quorum
1243 3883 1490 3949 uterque
1534 3876 1755 3948 Cyrum
1816 3879 2200 3951 sequebatur,

551 3965 789 4024 assidue
817 3967 969 4022 inter
998 3982 1057 4021 se
1076 3966 1472 4033 dissidebant,
1496 3974 1810 4039 propterea
1830 3971 1995 4041 quod
2014 3970 2202 4040 Cyrus

549 4057 609 4112 in
642 4057 927 4112 omnibus
971 4054 1234 4111 Clearchi
1252 4057 1501 4112 consilio
1520 4061 1801 4129 uteretur,
1826 4057 1990 4113 nulla
2016 4061 2203 4115 Meno-

550 4144 645 4201 nis
675 4145 883 4200 habita
910 4145 1155 4201 ratione.
1188 4148 1333 4202 Cum
1364 4144 1530 4200 multi
1551 4145 1629 4201 ab
1650 4150 1968 4202 Artaxerxe
1990 4147 2065 4203 ad
2101 4150 2203 4221 Cy-

2310 2995 2612 3066 Παρύσατις
2696 2993 2949 3063 φαρμάκῳ
3020 2987 3309 3061 διαφθείρει
3396 2993 3481 3040 τόν
3544 2988 3875 3061 Τεριτούχμεω

2308 3084 2438 3134 υἱόν.
2499 3086 2597 3134 Καὶ
2641 3086 2756 3153 περὶ
2807 3087 2899 3133 τοῦ
2954 3079 3212 3148 θάψαντος
3261 3082 3352 3131 τὸν
3421 3082 3614 3149 πατέρα
3668 3072 3752 3129 διὰ
3802 3079 3874 3125 τοῦ

2308 3174 2469 3246 πυρὸς
2512 3173 2655 3243 παρὰ
2682 3174 2768 3221 τὸν
2807 3174 2977 3241 νόμονο
3013 3167 3065 3231 ἐξ
3098 3168 3158 3221 οὗ
3212 3173 3302 3219 καὶ
3355 3167 3567 3239 ἔλεγχος
3609 3164 3874 3220 Ἑλλανίκου

2307 3264 2398 3312 καὶ
2426 3256 2731 3333 Ἡροδότου,
2765 3261 2829 3318 ὡς
2865 3253 3151 3327 ψεύδονται
3208 3256 3538 3317 Ἀπόστασις
3581 3256 3738 3327 Κύρου
3790 3248 3875 3301 ἀπὸ

2308 3356 2400 3401 τοῦ
2460 3344 2703 3419 ἀδελφοῦ,
2763 3352 2852 3398 καί
2906 3350 3183 3417 συναγωγὴ
3236 3344 3539 3403 Ἑλληνικοῦ
3590 3341 3877 3414 στρατεύμα-

2311 3456 2396 3499 τος
2446 3443 2535 3489 καὶ
2586 3434 2933 3510 βαρϐαρικοῦ,
2992 3438 3082 3486 καὶ
3129 3442 3445 3506 στρατηγῶν
3491 3433 3746 3505 Κλέαρχος

2309 3525 2492 3584 λήνων.
2545 3524 2723 3585 Ὀπως
2768 3543 2821 3576 τε
2878 3527 3139 3585 Συέννεσις
3196 3523 3242 3557 ⁵³
3301 3522 3328 3573 ὁ
3390 3520 3609 3575 Κιλίκων
3663 3514 3879 3591 βασιλεὺς

2310 3616 2465 3687 ἄμφω
2514 3616 2820 3686 συνεμάχει,
2893 3615 3042 3687 Κύρῳ
3097 3630 3150 3663 τε
3203 3615 3291 3662 καὶ
3344 3608 3675 3684 Ἀρτοξέρξῃ.
3728 3604 3881 3662 Ὀπως

2310 3722 2361 3755 τε
2405 3705 2576 3775 Κύρος
2634 3711 2693 3774 τῇ
2748 3698 2862 3773 ἰδίᾳ
2916 3706 3163 3773 στρατείᾳ
3216 3703 3304 3751 καὶ
3370 3697 3704 3772 Ἀρτοξέρξης
3750 3691 3879 3746 πάλιν

2312 3799 2373 3864 τῇ
2416 3792 2581 3863 οἰκείᾳ
2624 3795 2940 3866 παρῄνεσαν.
2973 3789 3241 3864 Κλέαρχος
3291 3785 3352 3841 δε
3397 3790 3423 3840 6
3476 3782 3879 3857 Λακεδαιμόνιος,

2313 3883 2363 3941 ὃς
2413 3876 2549 3955 ἦρχε
2609 3888 2708 3932 τῶν
2753 3879 3020 3943 Ἑλλήνων,
3078 3884 3163 3931 καὶ
3214 3882 3388 3931 Μένων
3446 3878 3472 3929 6
3514 3874 3777 3936 Θετταλός,
3841 3870 3883 3921 οἷ

2312 3972 2441 4042 μετὰ
2493 3972 2662 4043 Κύρου
2702 3971 2857 4034 ἦσαν,
2887 3968 2968 4021 ἀεὶ
3017 3964 3261 4042 διάφοροι
3315 3966 3553 4026 ἀλλήλοις
3601 3965 3878 4035 έτύγχανον,

2315 4056 2456 4111 διότι
2494 4068 2565 4130 τῷ
2613 4062 2702 4130 μεν
2753 4057 3004 4132 Κλεάρχῳ
3035 4056 3235 4109 ἅπαντα
3275 4057 3300 4107 6
3346 4062 3519 4129 Κῦρος
3568 4049 3880 4109 συνεϐούλευε,

2314 4155 2405 4199 τοῦ
2464 4145 2522 4199 δε
2595 4150 2828 4207 Μένωνος
2888 4145 3032 4216 λόγος
3088 4143 3265 4207 οὐδεὶς
3320 4146 3403 4204 ἦν.
3468 4142 3783 4217 Ηύτομόλουν
3835 4133 3885 4189 δὲ

550 4250 683 4291 rum
713 4233 1176 4302 transfugerent,
1228 4234 1427 4288 nullus
1459 4241 1658 4290 tamen
1695 4235 1772 4290 ab
1803 4235 1914 4291 hoc
1943 4238 2017 4291 ad
2038 4237 2198 4293 illum

2317 4237 2415 4289 ἀπὸ
2471 4239 2560 4307 μεν
2612 4235 2953 4310 Ἀρτοξέρξου
3006 4239 3137 4309 πρὸς
3193 4241 3357 4308 Κῦρον
3414 4234 3614 4304 πολλοὶ,
3669 4234 3789 4303 πρὸς
3837 4222 3884 4278 δί

552 4321 867 4378 transibat.
894 4323 1084 4386 Quam
1105 4322 1283 4376 etiam
1300 4322 1378 4376 ob
1401 4338 1648 4378 causam
1672 4324 2041 4397 Artabarius,
2067 4343 2206 4383 cum

553 4409 632 4467 ad
663 4411 875 4480 Cyrum
893 4426 1019 4466 sese
1043 4410 1374 4481 adjungere
1397 4412 1718 4477 statuisset,
1746 4428 1937 4485 eoque
1962 4416 2206 4474 nomine

553 4504 875 4557 accusatus
905 4504 1075 4569 esset,
1106 4498 1169 4556 in
1199 4497 1457 4556 cinerem
1478 4501 1783 4572 conjectus
1815 4506 1920 4558 est.

2319 4324 2653 4400 Ἀρτοξέρξην
2712 4323 2812 4377 ἀπὸ
2886 4326 3056 4396 Κύρου
3102 4320 3294 4385 ούδείς·
3352 4318 3441 4375 διὸ
3504 4329 3593 4375 xui
3663 4314 3889 4391 Ἀρταϐά-

2317 4435 2429 4488 ριος
2451 4417 2497 4451 ⁶⁶
2530 4420 2920 4489 προσχωρῆσαι
2968 4414 3121 4486 Κύρῳ
3159 4413 3445 4485 μελετήσας
3492 4416 3583 4465 καὶ
3628 4406 3892 4463 διαϐληθεὶς

2321 4506 2390 4568 εἰς
2416 4508 2509 4563 τὴν
2538 4499 2737 4557 σποδὸν
2770 4500 3035 4559 ἑνεϐλὴθη.

1892 4680 2127 4738 VARl/E
2166 4684 2562 4741 LECTIONES.

626 4846 673 4882 ⁵⁸
689 4850 1030 4932 ‘Mmﬂdmznv
1063 4867 1141 4932 g._
1196 4847 1239 4882 ⁸⁷
1278 4850 1552 4932 στρατείας
1572 4851 1649 4929 Α..
1711 4847 1759 4882 ⁵⁸
1784 4844 2194 4932 ἐξιλεούμενοςς.
2273 4852 2320 4888 ⁸⁹
2345 4846 2583 4932 imi}?th
2620 4870 2673 4913 ς.
2753 4849 2800 4884 ⁶⁰
2832 4844 3067 4932 δαριαῖος
3090 4850 3154 4932 ΑΙ.
3232 4848 3272 4883 ⁸⁸
3302 4840 3896 4932 αὐτήνλιξρηηειοξῦτῇξ

553 4920 600 4997 ξ’
626 4916 861 4997 Ῑελελδτᾷ]
895 4917 1035 4997 τέλος
1079 4924 1170 4980 τῆς
1210 4940 1267 4985 ς.
1345 4916 1391 4955 ⁸³
1423 4924 1559 4992 post
1585 4916 1649 4977 ιη’
1678 4934 1817 4976 cum
1846 4920 1893 4973 A
1922 4916 2098 4979 οἰοίεὶ
2132 4924 2384 4997 ἱστορίας.
2464 4922 2510 4957 ⁸⁸
2542 4918 2779 4995 δαριαῖος
2804 4925 2864 4973 Α.
2903 4916 2912 4921 ’
2942 4921 2989 4956 ⁸⁵
3020 4924 3306 4981 Συνέννεσις
3336 4940 3391 4984 ς’.

554 4993 579 5045 ὁ
614 4987 883 5067 βάρϐαρος
902 4990 967 5045 Α.

3497 4920 3518 4955 ⁸
3547 4909 3895 4991 Ἀρταϐάριος]

2123 5110 2348 5206 Nom.

632 5304 805 5372 (9-10)
826 5300 1053 5377 Ilsitato
1068 5303 1235 5377 apud
1252 5303 1462 5359 Persas
1477 5304 1793 5377 supplicio,
1819 5311 1879 5362 ut
1905 5320 1976 5361 ex
1990 5304 2204 5362 Herod.

555 5389 677 5432 non
706 5388 827 5428 uno
858 5373 988 5429 loco
1019 5372 1326 5431 discimus.

631 5445 759 5569 (HI.
788 5444 957 5512 Quod
1007 5460 1195 5515 genus
1248 5446 1523 5519 supplicii
1582 5448 1782 5503 multis
1836 5447 2015 5504 etiam
2071 5455 2208 5520 post

631 5532 717 5569 icu
744 5531 796 5569 ιε
828 5518 981 5569 aoud
1014 5532 1148 5569 eam
1189 5524 1426 5569 gentem
1456 5526 1829 5569 usui-natum-
1867 5526 1927 5569 ut
1956 5521 2205 5569 (mando

559 5518 796 5591 saeculis
816 5518 981 5591 apud
1002 5532 1148 5591 eam
1189 5518 1427 5586 gentem
1456 5526 1829 5589 usurpatum,
1867 5526 1927 5574 ut
1956 5518 2205 5591 quando

556 5586 767 5658 regina
813 5588 1143 5646 Hormisdm
1187 5590 1341 5661 regis
1390 5606 1539 5647 uxor
1563 5586 1946 5664 τετεμαχῑσθαι
1977 5586 2206 5649 ’ὡρίων

558 5674 734 5733 sapa.

2390 5307 2436 5378 (ί
2456 5307 2509 5378 2)
2543 5307 2817 5364 Mnemon
2839 5304 3305 5378 cognominatus
3334 5304 3506 5378 cuius
3533 5302 3719 5359 vitam
3748 5311 3902 5356 accu-

2316 5374 2439 5434 rate
2476 5374 2837 5450 descriptam
2870 5374 3158 5450 habemus
3183 5374 3530 5450 apud_Plu_t._.

2387 5391 2439 5433 te
2476 5391 2837 5450 descriptam
2870 5391 3158 5459 habemus
3183 5391 3348 5502 agna
3381 5391 3530 5456 Hui.

2387 5451 2504 5522 (13)
2542 5450 2816 5505 Herodot.
2860 5450 3097 5522 Thalia,
3139 5452 3194 5502 et
3262 5447 3435 5522 trabo
3462 5444 3557 5501 lib.
3592 5458 3734 5522 xv.___

2387 5512 2507 5591 (14)
2538 5522 2664 5591 Cyri
2722 5522 2879 5577 hanc
2922 5512 3211 5591 adversus
3254 5518 3506 5591 fratrem
3532 5512 3905 5591 rebellionem

2314 5584 2664 5687 persecutus
2689 5599 2776 5649 est
2795 5590 3271 5664 diligentissime.
3291 5586 3635 5662 Xenophon,
3648 5584 3785 5643 lib.i
3804 5584 3858 5638 et
3875 5594 3909 5635 ιι

2331 5661 2668 5719 Αναϐασεως.

2380 5682 2668 5726 ναοασεως.
