4036 6214
140 316 212 372 ωι
1229 312 1682 371 BIBLIUTHECA

1795 344 1835 357 -
1872 311 2034 371 COD.
2075 313 2292 371 LXXII.

3328 320 3434 376 203

194 441 419 515 Προσϐολὴ
475 445 641 518 Κύρου
714 445 846 517 πρὸς
919 445 1014 501 τὴν
1068 440 1330 514 βασιλέως
1388 441 1659 513 στρατιὰν,

1844 442 2033 514 Cyrus
2062 441 2120 497 in
2154 440 2385 509 regium
2416 441 2734 498 exercitum
2770 441 3224 515 impressionem
3270 442 3429 510 facit,

136 537 320 588 κάνέκη
359 534 516 602 Κύρου
547 551 560 565 ο
592 530 722 583 ἆλλά
764 536 854 584 καὶ
904 532 1118 591 θάνατος
1167 534 1337 592 Κύρου
1391 528 1663 582 ἀπειθοῦν-

138 640 200 681 τος
225 621 459 691 Κλεάρχῳ,
488 626 575 673 καὶ
621 620 868 689 αἰκισμός
913 628 1005 673 τοῦ
1054 625 1293 691 σώματος
1338 619 1513 691 Κύρου
1562 618 1662 669 ὑπὸ

139 730 201 761 τον
224 705 414 779 ἀδελφοῦ
443 710 484 743 ⁸⁷
515 708 859 783 Ἀρτοξέρξου
882 725 895 739 ⁸
928 714 1022 767 τήν
1071 727 1124 761 τε
1160 711 1263 782 γὰρ
1311 708 1531 779 κεφαλὴν
1574 710 1663 757 καὶ

140 806 203 855 τήν
237 805 389 871 χεῖρα,
434 799 544 870 μεθ’
603 798 665 860 ἧς
722 802 808 851 τὸν
865 796 1202 871 ’Δρτοξέρξην
1258 795 1451 861 ἔϐαλεν,
1508 795 1664 856 αὐτὸς

358 892 442 939 καὶ
497 885 890 959 ἐθριάμϐευσεν.
940 888 1315 959 Ἀναχὼρησις
1392 885 1663 958 Κλεάρχου

136 986 200 1029 τού
244 972 638 1048 Λακεδαιμονίου
694 976 806 1049 ἅμα
850 984 949 1028 τῶν
996 980 1091 1029 σὺν
1143 976 1284 1044 αύτῷ
1316 977 1361 1011 ⁸⁸
1412 974 1664 1032 Ἑλλήνων

133 1075 200 1128 τῆς
253 1070 432 1127 νυκτός,
478 1071 569 1119 καὶ
635 1074 737 1118 τῶν
809 1072 903 1127 τῆς
961 1061 1333 1137 Παρυσάτιδος
1404 1065 1591 1117 πολεων
1617 1065 1663 1098 ⁸⁸

128 1162 223 1225 μιᾶς
264 1153 573 1225 κατάληψις·
622 1151 735 1207 εἶτα
787 1150 1013 1207 σπονδαὶ
1060 1152 1316 1225 βασιλέως
1366 1156 1495 1227 πρὸς
1547 1156 1667 1214 τοὺς

128 1243 340 1303 Ἕλληνας.
420 1242 500 1304 ἀς
587 1245 886 1313 Παρύσατις
958 1242 1025 1303 εἰς
1105 1241 1379 1295 Βαϐυλῶνα
1461 1241 1667 1313 ἀφίκετο

128 1335 336 1386 Mdu
386 1338 574 1404 Κῦρον,
629 1337 720 1384 καὶ
770 1330 915 1403 μόλις
982 1330 1262 1402 ἐκομίσατο
1311 1336 1402 1389 τὴν
1451 1329 1667 1403 κεφαλὴν

128 1425 249 1472 τέτοῦ
295 1426 377 1472 καὶ
428 1425 516 1478 τήν
564 1427 748 1493 χεῖρα,
797 1423 889 1472 καὶ
942 1420 1148 1490 ἔθαψεν,
1215 1424 1305 1472 καὶ
1375 1418 1668 1472 ἀπέστειλεν

124 1510 177 1572 ii;
214 1517 381 1563 Σοῦσα.
440 1512 519 1563 Τὰ
591 1513 708 1581 περὶ
789 1511 1099 1581 Βαγαπάτου
1170 1517 1263 1561 τού
1329 1507 1669 1580 ἀποτεμόντος

124 1598 351 1668 προστάξει
405 1597 665 1669 βασιλέως
719 1602 814 1656 τήν
865 1597 1087 1669 κεφαλὴν
1139 1596 1240 1649 ἀπὸ
1285 1606 1377 1650 τοῦ
1428 1605 1669 1669 σώματος

126 1690 275 1759 Κύρου,
324 1688 452 1747 ὅπως
498 1688 530 1744 ἠ
601 1691 778 1758 μήτηρ
830 1689 961 1757 μετὰ
1026 1684 1287 1758 βασιλέως
1348 1685 1524 1747 κύϐοις
1584 1685 1668 1739 έπὶ

1774 531 2135 603 victoriaque
2190 530 2429 602 potitus,
2486 530 2633 586 dum
2669 531 3019 589 Clearchum
3066 532 3275 589 audire
3307 549 3431 590 non

1772 619 1913 684 vult,
1946 619 2164 675 deinde
2193 618 2511 676 occumbit.
2539 619 2807 690 Indignis
2834 621 3027 677 modis
3058 638 3093 677 a
3124 621 3302 678 fratre
3318 624 3429 678 Ar-

1772 718 2009 772 taxerxe
2041 710 2100 764 in
2135 709 2265 780 Cyri
2314 724 2532 780 corpus
2562 708 2853 777 saavitum,
2888 725 3028 766 nam
3057 714 3114 767 et
3143 717 3339 782 caput,
3374 716 3431 767 et

1773 814 2021 855 manum
2036 799 2252 866 ipsam,
2274 813 2395 869 qua
2413 812 2613 866 regem
2633 798 2728 853 hic
2742 805 3133 869 percusserat,
3150 799 3426 867 abscidit,

1770 886 2269 959 eamquevelutin
2289 885 2593 957 triumpho
2620 886 2998 945 circumtulit.
3023 888 3430 962 Receditﬁﬂa

1772 992 1911 1034 cum
1941 975 2067 1031 suis
2096 974 2313 1031 Graecis
2344 980 2517 1030 nocte
2557 974 2873 1031 Clearchus
2918 976 3425 1044 Lacedaemonius,

1776 1081 2080 1138 unamque
2111 1064 2186 1120 de
2217 1064 2582 1135 Parysatidis
2619 1064 2864 1121 urbibus
2889 1072 3169 1138 occupat.
3215 1068 3296 1123 lta
3326 1084 3429 1125 rex

1774 1155 1882 1211 feed
1892 1171 1959 1209 us
1972 1170 2110 1209 cum
2124 1152 2786 1224 Gracisinit.Parysatis
2805 1153 3155 1225 Babylonem
3174 1156 3431 1226 profecta

1775 1247 1887 1311 est,
1920 1244 2137 1314 Cyrum
2165 1240 2398 1311 lugens,
2422 1241 2594 1311 cujus
2624 1241 2717 1296 vix
2747 1241 2990 1298 tandem
3037 1250 3219 1316 caput
3250 1248 3432 1317 atque

1779 1346 2027 1387 manum
2042 1343 2392 1401 recuperare
2408 1329 2626 1400 potuit;
2646 1345 2782 1402 qua:
2798 1329 2896 1385 illa
2910 1329 3250 1388 functorum
3267 1348 3432 1390 more

1776 1420 2028 1483 curavit,
2059 1424 2117 1475 et
2144 1416 2485 1474 Susamisit.
2521 1418 2595 1472 De
2627 1418 2924 1489 Bagapate
2952 1420 3164 1490 (pergit
3191 1437 3432 1478 narrare

1779 1509 2006 1579 auctor)
2028 1507 2130 1580 qui
2158 1507 2311 1575 regis
2336 1506 2509 1576 jussu
2539 1512 2721 1578 caput
2748 1505 2884 1578 Cyri
2916 1522 2952 1562 a
2982 1513 3192 1565 trunco
3218 1525 3434 1581 ampu-

1780 1603 1931 1654 tarat
1962 1614 1976 1653 :
2008 1595 2319 1668 quomodo
2361 1596 2498 1650 item
2528 1595 2681 1664 regis
2726 1602 2937 1662 mater,
2966 1613 3103 1652 cum
3139 1596 3328 1654 ﬁlium
3374 1600 3434 1655 in

1780 1688 2036 1744 talorum
2052 1684 2189 1741 lusu
2216 1684 2464 1749 vicisset,
2485 1686 2831 1755 Bagapaten
2849 1684 2964 1756 (15)
2994 1701 3066 1741 ex
3089 1694 3266 1758 pacto
3286 1688 3435 1746 obti-

126 1777 357 1837 συνθήκαις
403 1774 642 1838 παίξασα
698 1780 787 1827 καὶ
817 1780 1087 1833 νικήσασα
1130 1774 1277 1827 ἔλαϐε
1329 1778 1667 1847 Βαγαπάτην,

1795 1777 1990 1842 luerit,
2014 1780 2071 1829 et
2088 1773 2397 1845 quomodo
2421 1772 2603 1837 idem,
2622 1773 2883 1829 detracta
2900 1774 3050 1846 pelle
3067 1776 3203 1847 (16),
3228 1777 3287 1832 in
3305 1792 3437 1833 cru-

123 1869 185 1915 ui
219 1863 266 1915 ὃν
290 1871 471 1939 τρόπον
516 1868 578 1916 τό
610 1860 782 1935 δέρμα
824 1865 1163 1939 περιαιρεθεὶς
1208 1862 1593 1937 ἀνεσταυρίσθη
1618 1866 1671 1901 ⁷⁸

122 1954 196 2004 ύεό
219 1953 295 2023 [65
326 1953 411 2022 H.]
450 1947 845 2026 Παρυσάτιδος,
874 1953 958 2005 ὅτε
993 1957 1082 2005 καὶ
1125 1956 1183 2005 τὸ
1226 1952 1356 2005 πολὺ
1400 1951 1485 2005 ini
1519 1956 1671 2027 Κύρῳ

122 2042 263 2101 πένθος
296 2041 418 2113 αὐτῇ
451 2042 495 2078 ⁷¹
530 2040 800 2094 ἐπαύσατο
842 2037 937 2093 διὰ
978 2046 1071 2100 την
1118 2041 1313 2100 πολλὴν
1348 2049 1440 2094 τοῦ
1488 2043 1673 2113 Ἀρτο-

123 2130 260 2200 ξέρξου
304 2126 503 2188 δέησιν.
542 2129 679 2203 [130
722 2131 810 2201 3.]
835 2129 921 2192 Ὠς
970 2130 1304 2204 Ἀρτοξέρξης
1335 2127 1482 2203 δῶρα
1510 2128 1674 2183 ἔδωκε

123 2227 176 2287 τῷ
216 2224 457 2289 ἐνέγκαντι
508 2222 600 2272 τὸν
662 2222 833 2293 Κύρου
887 2219 1056 2283 πῖλον,
1113 2225 1203 2272 καὶ
1260 2222 1329 2281 ὡς
1384 2227 1472 2272 τόν
1527 2227 1677 2294 Κᾶρα

122 2312 186 2358 τὸν
228 2305 459 2361 δοκέοντα
536 2314 707 2381 Κῦρον
764 2306 940 2380 βαλεῖν
962 2309 1011 2343 ⁷²
1051 2308 1391 2383 Ἀρτοξέρξης
1440 2308 1674 2381 έτίμησε,

122 2401 189 2446 ui
234 2399 293 2456 ὼς
340 2400 643 2471 Παρύσατις
693 2401 780 2449 τὸν
835 2398 1118 2468 τιμηθέντα
1168 2404 1316 2469 Κᾶρα
1364 2398 1675 2470 αἰκισαμένη

122 2484 383 2540 ἀπέκτεινεν.
441 2485 532 2547 Ὠς
594 2485 913 2560 Αρτοξίρξης
969 2483 1268 2558 παρέδωκεν
1325 2486 1675 2560 αἰντησαμένῃ

124 2570 420 2645 Μιτραδάτην
450 2576 499 2609 ⁷³
557 2571 916 2647 Παρυσάτιδι,
975 2577 1059 2627 ἐπὶ
1104 2576 1367 2647 τραπέζης
1418 2576 1681 2647 μεγαλαυ-

122 2668 323 2732 χήσαντα
424 2661 732 2717 ἀποκτεῖναι
812 2668 977 2736 Κῦρον
1010 2664 1082 2732 ⁷⁵,
1160 2662 1371 2722 κάκείνη
1447 2665 1684 2718 λαϐοῦσα

123 2761 283 2824 πικρῶς
313 2753 356 2787 ⁷³
385 2752 572 2810 ἀνεῖλε.
602 2758 783 2805 Ταῦτα
810 2753 858 2787 ⁷⁵
890 2754 918 2810 ἠ
954 2750 1017 2805 ιθ’
1046 2756 1135 2804 καὶ
1164 2752 1211 2803 κ’
1243 2756 1466 2826 ἱστορία.

178 2840 244 2893 Ἐν
293 2837 347 2893 δε
398 2850 459 2913 τῇ
514 2840 601 2893 κα’
649 2846 741 2893 καὶ
892 2845 980 2893 καὶ
1029 2840 1096 2912 7',
1130 2844 1245 2903 ἣτις
1295 2847 1384 2894 καὶ
1428 2850 1517 2902 τῆς
1563 2841 1685 2904 ὅλης

126 2932 251 2999 κέρας
304 2928 443 2981 ἔστιν
505 2932 769 3002 ἱστορίας,
822 2924 951 2981 τάδε
1001 2929 1362 3002 περιείληπται
1389 2932 1461 2995 ⁷⁷,
1506 2933 1570 2992 ὡς
1599 2938 1686 2984 Τι-

129 3022 337 3090 σαφέρνης
381 3016 705 3069 ἐπιϐουλεύει
754 3024 860 3077 τοῖς
914 3015 1155 3085 Ἕλλησι,
1216 3022 1304 3070 καὶ
1353 3038 1687 3093 προσεταιρι-

1777 1882 1906 1922 cem
1923 1862 2187 1919 deindea
2202 1861 2544 1933 Parysatide
2563 1861 2837 1927 sitactus,
2866 1878 2989 1934 quo
3002 1861 3141 1919 item
3169 1869 3438 1936 tempore

1779 1968 2071 2024 magnum
2093 1950 2191 2006 illa
2211 1966 2431 2006 suume
2450 1950 2583 2021 Cyri
2603 1957 2792 2007 morte
2813 1951 3040 2008 luctum
3059 1955 3437 2026 compressit,

1780 2041 1982 2101 multis
2008 2039 2087 2097 ad
2109 2038 2170 2094 id
2199 2040 2533 2094 Artaxerxen
2564 2040 2841 2111 precibus
2855 2040 3136 2097 adducta.
3171 2044 3255 2099 Uti
3277 2045 3439 2101 Arta-

1779 2146 1990 2188 xerxes
2005 2130 2170 2185 dona
2197 2126 2548 2197 illilargitus
2570 2128 2664 2192 sit,
2696 2130 2801 2201 qui
2828 2129 2966 2201 Cyri
3000 2130 3205 2185 tiaram
3235 2132 3443 2187 attule-

1782 2227 1875 2277 rat
1903 2237 1916 2275 :
1950 2224 2004 2275 et
2035 2216 2246 2273 Carem
2275 2216 2417 2271 item
2445 2215 2610 2271 illum
2642 2216 2969 2273 honorifice
2992 2220 3309 2291 exceperit,
3340 2220 3443 2293 qui
3523 2222 3527 2226 ’

1785 2308 2007 2381 Cyrum
2024 2322 2134 2362 ase
2152 2304 2528 2360 vulneratum
2565 2305 3025 2378 putabat,utque
3050 2307 3217 2364 illuni
3246 2308 3445 2381 ipsum

1789 2399 2000 2454 misere
2030 2393 2435 2451 excruciatum
2469 2394 2762 2466 Parysatis
2804 2395 3178 2452 interfecerit.
3237 2399 3308 2453 Ut
3342 2413 3446 2455 rex

1788 2487 2010 2560 petenti
2026 2482 2365 2556 Parysatidi
2388 2482 2777 2540 Mithridatem
2800 2500 3041 2557 quoque
3066 2486 3446 2557 condonarit,

1789 2576 1894 2649 qui
1923 2590 1986 2630 se
1998 2571 2363 2629 interfecisse
2383 2573 2602 2643 Cyrum
2617 2573 2904 2643 gloriatus
2918 2573 2979 2629 in
2994 2590 3207 2631 mensa
3226 2575 3445 2633 fuerat:

1792 2670 1977 2735 utque
2005 2662 2167 2717 hunc
2180 2660 2500 2730 abreptum
2524 2659 2838 2715 crudeliter
2862 2662 3106 2718 necarit.
3138 2664 3270 2719 Hinc
3296 2662 3449 2720 libro

1790 2768 1891 2809 xix
1921 2756 2103 2823 atque
2131 2765 2206 2805 xx
2232 2754 2575 2804 narrantur.

1865 2840 2155 2895 Vicesimo
2184 2842 2385 2895 autem
2419 2836 2636 2908 primo,
2657 2837 2919 2909 itemque
2949 2854 3071 2895 xxu
3100 2842 3449 2915 etxxm(qui

1796 2932 1973 2987 totius
1990 2929 2168 2985 etiam
2186 2926 2447 2983 historiae
2467 2925 2603 2981 ﬁnis
2615 2926 2724 2997 est)
2744 2928 2854 2983 ista
2869 2928 3268 2986 continentur.
3297 2932 3452 2997 Quo-

1797 3036 1940 3077 nam
1970 3023 2147 3091 pacto
2169 3015 2601 3088 Tissaphernes
2621 3014 2841 3071 Grmcis
2872 3016 3118 3074 insidias
3155 3020 3448 3086 struxerit,

129 3108 303 3176 τέμενος
356 3111 573 3160 Μένωνα
622 3109 709 3157 τὸν
769 3104 1038 3159 Θεσσαλὸν
1086 3102 1161 3159 δι’
1206 3107 1365 3159 αὑτοῦ
1422 3107 1682 3184 Κλέαρχον

1795 3111 2105 3180 ascitoque
2124 3106 2185 3162 in
2214 3106 2445 3161 socium
2468 3104 2582 3160 sibi
2598 3105 2843 3161 Menone
2864 3106 3165 3173 Thessalo,
3189 3124 3294 3181 per
3313 3125 3453 3166 eum

128 3198 197 3245 ui
229 3198 338 3255 τούς
380 3196 573 3256 ἄλλους
615 3199 941 3269 στρατηγούς
970 3193 1141 3268 ἀπάτη
1196 3200 1286 3248 καὶ
1333 3197 1503 3269 ὅρκοις
1550 3198 1690 3269 έχει-

127 3290 316 3352 ρὼσατο,
366 3293 459 3337 τοῦ
524 3284 801 3356 Κλεάρχου
853 3289 942 3336 καὶ
999 3281 1365 3356 προιιδομένου
1419 3292 1508 3338 καὶ
1565 3284 1692 3339 ἁπο-

128 3378 395 3443 ιρουομένου
449 3378 546 3432 τήν
608 3372 883 3430 έπιϐουλήν
911 3392 923 3404 ·
970 3372 1099 3425 ἀλλά
1146 3380 1203 3426 το
1252 3393 1305 3426 τε
1360 3374 1553 3435 πλῆθος
1600 3371 1693 3428 διὰ

128 3464 323 3523 Μένωνος
375 3460 646 3521 ἀπατηθὺ
697 3462 1064 3533 κατηνάγκασε
1113 3467 1204 3515 καὶ
1258 3465 1452 3517 ἄκοντα
1499 3465 1694 3537 Κλέαρ-

131 3566 206 3616 χον
254 3556 372 3623 πρὸς
419 3552 792 3623 Τισσαφέρνην
844 3552 1248 3622 παραγενέσθαι,
1307 3557 1398 3604 καὶ
1453 3554 1694 3624 Πρόξενος

131 3638 401 3700 όΒοιὼτιος
445 3641 613 3699 αὐτὸς
659 3634 767 3697 ἤδη
818 3637 1074 3710 προαλούς
1126 3637 1297 3713 ἀπάτη
1344 3647 1693 3715 συμπαρῄνει.

128 3726 193 3785 Ὡς
271 3728 331 3788 εἰς
422 3727 709 3782 Βαϐυλῶνα
791 3732 920 3801 πρὸς
1001 3728 1341 3803 Ἀρτοξέρξην
1429 3735 1696 3803 Κλέαρχον

133 3819 200 3865 ui
245 3822 351 3878 τούς
405 3817 592 3877 ἄλλους
650 3814 943 3868 ἀπέστειλεν
992 3815 1041 3868 έν
1098 3814 1304 3881 πέδαις,
1357 3825 1447 3871 καὶ
1498 3822 1568 3882 ὡς
1614 3819 1698 3874 ἐπὶ

136 3904 225 3953 θέαι
284 3905 552 3980 Κλεάρχου
613 3904 834 3967 ἅπαντες
888 3904 1264 3979 συνερρύησαν.
1322 3906 1406 3968 Ὠς
1465 3914 1698 3971 Κτησίας

135 3990 256 4052 τᾶτὸς
298 3993 469 4069 ἰατρὸς
497 3995 568 4045 ὢν
614 3988 982 4066 Παρυσάτιδος
1020 3993 1184 4045 πολλὰ
1233 3994 1485 4069 Κλεάρχῳ
1531 3996 1579 4049 έν
1625 4007 1697 4069 τῷ

136 4078 438 4155 δεσμωτηρίῳ
492 4088 609 4135 ὄντι
675 4086 802 4156 πρὸς
873 4078 1069 4141 ἡδονὴν
1119 4088 1209 4136 καὶ
1281 4086 1552 4158 θεραπείαν
1622 4083 1699 4139 δι’

137 4167 264 4229 αὐτῆς
305 4171 487 4243 ἔπραξε
511 4188 524 4201 ·
560 4176 653 4223 καὶ
699 4179 799 4223 τῶν
852 4167 1059 4243 δεσμῶν
1107 4171 1167 4223 ἃν
1208 4176 1509 4248 Παρύσατις
1549 4176 1698 4230 ἔλυσε

136 4263 205 4308 καί
240 4256 439 4329 ἀνῆκεν,
489 4260 537 4312 εἰ
580 4263 653 4332 μή
704 4262 949 4332 Στάτειρα
996 4263 1082 4312 τὸν
1135 4258 1308 4336 ἄνδρα
1360 4264 1698 4338 ’Δρτοξέρξην

140 4342 332 4399 bime:
382 4356 571 4401 τοῦτον
630 4346 981 4417 ἀναιρεθῆναι.
1044 4355 1143 4402 Καὶ
1213 4350 1435 4425 ἀνῃρέθη
1511 4354 1700 4426 Κλέαρ-

140 4452 233 4501 χος,
274 4442 358 4488 καὶ
399 4443 555 4512 τέρας
603 4438 686 4489 έπὶ
738 4445 809 4488 τῶ
855 4448 1059 4509 σωματι
1111 4444 1367 4498 συνέστη⁸
1397 4441 1699 4515 αὐτομάτως

140 4528 217 4593 γάρ
265 4525 335 4575 ἐπ’
383 4526 525 4596 αύτῷ
583 4527 759 4597 τάφος,
814 4531 1067 4599 μεγίστου
1120 4532 1430 4592 πνεύσαντος
1490 4530 1697 4604 ἀνέμου,

144 4618 204 4663 ixi
249 4619 371 4685 μέγα
416 4616 643 4688 ἠρμένος
693 4613 1030 4673 ἐπισυνίστη.
1087 4615 1441 4690 ’Δνηρέθησαν
1496 4616 1555 4673 δὲ
1611 4625 1701 4673 καὶ

1796 3199 1938 3255 dolo
1958 3214 2030 3254 ac
2041 3195 2401 3268 juramentis
2423 3192 2769 3250 Clearchum
2792 3201 3157 3269 caeterosque
3178 3198 3363 3254 duces
3392 3198 3454 3255 in

1798 3303 1976 3345 suam
1998 3284 2291 3354 redegerit
2320 3286 2673 3355 potestatem
2700 3298 2714 3348 ;
2738 3284 2845 3339 etsi
2866 3283 3189 3341 Clearchus
3214 3286 3455 3344 insidias

1799 3376 2169 3451 prievideret,
2195 3378 2373 3445 atque
2394 3370 2630 3427 amoliri
2659 3381 2992 3429 conaretur.
3028 3376 3140 3430 Sed
3172 3381 3299 3431 tum
3331 3377 3456 3433 vul-

1801 3482 1912 3537 gus
1924 3480 2027 3537 per
2039 3465 2345 3519 Menonem
2360 3460 2699 3532 deceptum,
2714 3460 3061 3518 Clearchum
3093 3463 3184 3519 vel
3204 3465 3321 3520 invi
3331 3470 3455 3522 tum

1803 3553 1995 3625 coegit
2032 3552 2110 3607 ad
2138 3549 2591 3622 Tissaphernem
2622 3549 2908 3606 accedere
2942 3567 2954 3605 :
2999 3556 3124 3607 tum
3152 3553 3455 3610 Proxenus

1803 3657 2047 3717 quoque
2071 3640 2347 3708 Bazotius,
2362 3640 2489 3709 jam
2511 3643 2687 3693 antea
2708 3638 2849 3695 dolo
2864 3639 3320 3711 circumventus,
3344 3643 3458 3699 hoc

1804 3748 1941 3788 eum
1970 3730 2163 3787 facere
2182 3727 2552 3785 hortabatur.
2588 3726 2932 3782 Clearchum
2956 3727 3049 3783 ille
3070 3745 3207 3785 cum
3235 3734 3458 3787 caeteris

1809 3815 2816 3890 vinctoscompedibus,Babylonem
2834 3816 2979 3872 misit
2992 3817 3061 3872 ad
3078 3820 3458 3886 Artaxerxen,

1807 3908 1908 3965 ubi
1938 3922 2150 3964 omnes
2173 3905 2253 3962 ad
2280 3903 2627 3960 Clearchum
2667 3903 3157 3975 conspiciendum
3192 3922 3459 3963 accurre-

1806 4000 1962 4054 runt.
1988 3995 2215 4053 Ctesias
2244 3994 2391 4065 ipse,
2412 3991 2678 4047 medicus
2698 3994 2825 4046 tum
2853 3990 3237 4062 Parysatidis,
3272 3995 3459 4053 multa

1806 4102 1906 4159 per
1947 4100 2081 4141 eam
2111 4083 2191 4139 illi
2220 4080 2607 4137 humanitatis
2635 4077 2833 4135 omcia
2868 4079 3157 4138 exhibuit.
3200 4085 3267 4138 Et
3317 4100 3459 4141 vero

1806 4172 2056 4231 vinculis
2072 4173 2262 4229 virum
2283 4169 2582 4241 Parysatis
2608 4168 2943 4232 exemisset,
2966 4168 3295 4227 dimisisset
3318 4188 3456 4244 que,

1808 4264 1866 4319 ni
1905 4262 2151 4320 Stateira
2166 4262 2444 4315 maritum
2476 4260 2839 4313 Artaxerxen
2862 4256 2940 4313 ad
2957 4273 3095 4314 eum
3116 4258 3463 4318 interﬁcien-

1807 4355 1953 4409 dum
1967 4352 2262 4408 hortando
2275 4346 2679 4419 compulisset.
2699 4349 2948 4403 Necatus
2964 4364 3105 4417 ergo
3123 4349 3460 4417 Clearchus,

1810 4443 1887 4499 ad
1913 4441 2085 4512 cujus
2134 4438 2392 4495 cadaver
2424 4442 2762 4507 portentum
2794 4436 2981 4493 hocce
3011 4439 3249 4506 exstitit,
3280 4441 3462 4512 quod,

1808 4531 1989 4587 ﬂante
2045 4536 2220 4583 vento
2269 4526 2813 4591 vehementissimo,
2858 4542 3091 4595 magnae
3136 4527 3463 4585 altitudinis

1812 4618 2077 4677 tumulus
2109 4620 2315 4688 sponte
2346 4630 2455 4669 sua
2508 4630 2695 4684 supra
2732 4614 2877 4669 illud
2918 4616 3140 4670 coierit.
3182 4618 3466 4674 lnterfecti

146 4702 183 4749 ά
224 4706 303 4753 σύν
350 4704 492 4777 αὐτῷ
570 4703 975 4776 ἀναπεμφθέντες
1039 4704 1280 4769 Ἕλληνες
1345 4708 1478 4768 πλην
1536 4714 1682 4763 Μίνω

1812 4710 2058 4780 insuper
2081 4706 2378 4779 quotquot
2403 4718 2541 4758 cum
2571 4717 2643 4757 eo
2664 4701 2830 4757 missi
2861 4701 3091 4759 fuerant
3120 4703 3468 4772 Graeci,solo

152 4804 213 4850 κς

203 4877 432 4955 Δοιδορία
484 4877 857 4955 Παρυσάτιδος
912 4885 1043 4956 πρὸς
1094 4886 1389 4959 Στάτειραν,
1437 4891 1528 4939 καὶ
1567 4884 1708 4940 ἀναί-

152 4982 257 5033 ρεσις
325 4967 417 5023 διὰ
496 4974 771 5045 φαρμάκου
836 4979 1017 5025 τοῦτον
1090 4968 1568 5038 διασκευασθέντος
1620 4982 1708 5029 τὸν

152 5060 331 5126 τρόπον·
381 5059 693 5133 έγυλάττετο
737 5064 840 5135 γὰρ
876 5062 1127 5137 Στάτειρα
1168 5063 1281 5116 λίαν
1322 5069 1395 5136 μὴ
1446 5067 1629 5118 παθεῖν
1679 5066 1706 5119 ὃ

1815 4802 2057 4856 Menona
2087 4800 2353 4864 excepto.

1885 4882 2177 4941 Conviciis
2191 4880 2493 4953 Parysatis
2510 4879 2819 4935 Stateiram
2834 4880 3186 4951 proscindit,
3218 4899 3405 4955 quam
3424 4891 3483 4944 et

1821 4989 2047 5031 veneno
2065 4970 2487 5034 sustulit,hunc
2504 4970 2563 5022 in
2582 4970 2829 5023 modum
2848 4976 3200 5039 preparato.
3220 4972 3489 5031 Cavebat

1820 5064 1932 5121 sibi
1947 5062 2195 5119 Stateira
2206 5058 2520 5127 diligenter
2536 5055 2693 5128 45b
2706 5056 2866 5111 abeo
2886 5058 3065 5122 malo,
3090 5060 3251 5128 quod
3289 5068 3487 5120 tamen

1463 5200 1696 5257 ΥΑΒΙιΕ
1725 5196 2011 5256 LECTION
2022 5198 2121 5253 ES.

211 5322 246 5355 ⁸⁷
275 5330 359 5397 τοῦ
368 5322 613 5397 ’ἀδελφοῦ
644 5347 699 5391 ς.

814 5326 862 5362 ⁸³
888 5334 993 5387 τοῖς
1021 5323 1243 5386 Ἕλλησι
1272 5350 1327 5394 ς.

156 5388 193 5424 τ’
213 5392 454 5467 Ιιεθριδάτ
463 5388 534 5455 ον’
559 5417 612 5461 ς.

762 5398 810 5433 ⁷⁸
840 5396 1033 5473 Κῦρον]
1063 5402 1150 5452 τὸν
1181 5404 1347 5474 Κύρον
1379 5422 1435 5466 ς.

1443 5333 1489 5367 ⁸⁸
1523 5331 1716 5393 πόλεως
1747 5337 1807 5387 Δ.

1581 5405 1631 5440 ⁷⁵
1660 5410 1855 5480 πικρῶς
1884 5399 1944 5454 ἃν
1976 5398 2139 5453 ἀνεῖλε
2170 5416 2223 5463 ς·

1919 5332 1969 5365 ’⁷ο
2000 5326 2457 5398 ἁνεσταυρώθηᾷς.
2496 5350 2502 5357 ο
2562 5324 2606 5358 ⁷¹
2641 5323 2862 5398 αύτηᾼςν.

2958 5323 3007 5358 ⁷³
3037 5321 3415 5430 ﬁliifilii”.
3444 5350 3500 5430 S'

2374 5396 2424 5431 ⁷⁵
2455 5402 2622 5447 ταῦτα
2648 5400 2738 5447 καὶ
2768 5396 2798 5453 ἡ
2833 5414 2887 5458 ς’.
3037 5396 3079 5430 ⁷⁷

3115 5393 3419 5457 διείληπται

1688 5523 1926 5589 ΝΟΤΕ.

222 5648 323 5719 (t5)
359 5648 510 5706 Plut.
543 5650 601 5705 in
632 5650 892 5709 Artaxer.
926 5658 1101 5712 vocat
1126 5654 1507 5725 Mesabaten.

424 5746 664 5804 ΡΑτιοε..
704 5751 809 5809 Gn.
849 5749 989 5809 CIII.

1953 5656 2068 5728 (16)
2099 5651 2231 5711 Pari
2262 5650 2560 5725 supplicio
2582 5649 2831 5709 affectus
2854 5668 2987 5724 sup.
3017 5651 3331 5713 Petisacas.

3202 5753 3237 5805 7
