4036 6214
604 329 707 380 203

1833 318 2064 374 PHOTII
2101 316 2582 373 I’ATRIAR‘IHIE
2611 317 2715 373 ΟΡ.
3818 327 3904 377 2H4

603 451 656 506 ei
704 448 1030 520 aliquando
1060 445 1307 514 contigit
1353 445 1487 514 (t7).
1530 442 1756 499 Cultelli
1803 443 2055 499 alterum
2105 446 2250 499 latus

2372 445 2607 496 πέπονθε.
2669 448 2977 516 Μαχαιρίου
3043 447 3100 496 τὸ
3168 443 3214 495 ἓν
3292 447 3433 515 μέρος
3485 443 3781 516 ἐπαλείφεται
3847 457 3907 516 τῷ

603 554 836 594 veneno
860 536 1120 606 illinitur,
1154 533 1377 590 caeteris
1403 549 1474 589 eo
1506 531 1769 604 partibu
1798 548 1918 588 non
1942 533 2253 599 contactis,

601 628 715 682 hoc
741 625 974 682 cultello
1000 639 1189 696 parva
1215 622 1292 678 ad
1315 622 1501 677 instar
1516 622 1608 677 ovi
1631 619 1869 676 ovicula
1902 621 2257 689 (rhindacen

601 717 780 772 Persae
815 713 1145 787 appellant)
1174 713 1231 767 in
1258 711 1411 766 duas
1428 717 1662 766 secatur
1687 717 1905 781 partes,
1937 715 1992 766 et
2027 725 2257 766 veneno

599 807 882 861 intactam
901 807 1126 875 partem
1149 800 1261 856 sibi
1275 803 1648 872 assumptam
1667 799 1962 871 Parysatis
1977 800 2252 866 comedit,

600 893 878 949 infectam
907 891 1154 947 alteram
1188 889 1450 946 Stateiras
1488 887 1767 960 porrexit.
1803 888 1936 943 Haec
1967 888 2163 959 igitur,
2195 893 2257 945 ut

597 983 760 1038 illam
790 981 981 1054 ipsam
1036 996 1170 1051 quae
1215 981 1574 1050 porrexerat,
1609 994 1780 1033 suam
1837 977 1979 1032 vidit
2023 983 2254 1049 partem

597 1070 1034 1133 comedentem,
1061 1083 1254 1139 neque
1285 1066 1365 1122 ita
1415 1065 1743 1138 quidquam
1787 1066 2073 1137 potuisset
2112 1065 2252 1122 mali

599 1159 909 1232 suspicari,
938 1157 1115 1213 etiam
1145 1157 1277 1228 ipsa
1307 1155 1485 1227 cmpit
1523 1171 1643 1210 una
1670 1155 2036 1211 mortiferum
2084 1169 2255 1210 vene-

599 1265 741 1305 num
792 1246 1123 1303 comedere.
1177 1245 1319 1300 Hinc
1363 1245 1537 1300 matri
1581 1249 1890 1300 succenset
1917 1260 2041 1308 rex,
2075 1243 2254 1299 mini-

595 1342 967 1408 strantesque
1011 1333 1125 1406 ipsi
1166 1333 1423 1389 eunuchi
1455 1332 1871 1404 comprehensi
1901 1337 2252 1406 torquentur

597 1433 778 1498 atque
819 1430 1128 1480 necantur.
1164 1423 1346 1492 Ginge
1386 1427 1674 1493 praeterea
1705 1422 2247 1494 comprehenditur,

595 1532 730 1588 quae
760 1511 1083 1585 Parysatidi
1107 1511 1414 1567 familiaris
1463 1516 1604 1574 erat,
1635 1510 1982 1582 judicioque
2008 1511 2082 1566 de
2118 1511 2250 1582 ipsa

595 1601 1153 1674 instituto,judicum
1170 1599 1412 1672 quidem
1430 1599 1734 1655 sententiis
1751 1599 2037 1655 innocens
2055 1599 2250 1654 absol-

593 1694 766 1758 vitur,
811 1690 919 1746 sed
946 1695 1144 1746 tamen
1173 1705 1208 1744 a
1239 1704 1374 1758 rege
1405 1688 1727 1744 damnatur
1759 1707 1772 1755 ;
1809 1704 1994 1760 quare
2026 1696 2080 1743 et
2121 1689 2249 1743 haec

2371 535 2643 605 φαρμάκῳ,
2697 537 2755 584 τό
2801 529 2860 584 δε
2905 533 3080 585 λοιπόν
3129 533 3188 585 ού
3235 540 3451 605 μετεῖχε.
3496 537 3659 604 Τούτῳ
3704 539 3908 606 τέμνεται

2371 619 2569 694 όρνίθον
2622 625 2830 696 μικρὸν,
2887 624 3102 693 μέγεθος
3155 620 3332 674 inv"
3383 624 3481 673 ὡού
3512 642 3523 654 ο
3579 619 3818 694 ῥυνδάκην
3867 626 3906 659 ⁷⁸

2370 714 2566 780 Πέρσαι
2609 713 2668 761 τό
2705 709 2925 781 ὀρνίθιον
2975 710 3216 762 καλοῦσι.
3265 712 3502 780 Τίμνεται
3547 707 3602 761 δὲ
3649 708 3788 781 δίχα,
3833 719 3909 764 καὶ

2367 801 2423 849 τό
2476 801 2565 869 μεν
2621 800 2905 872 καθαρεῦον
2958 807 3048 851 τοῦ
3106 799 3184 851 ἰοῦ
3241 803 3404 870 ἣμισυ
3461 798 3582 856 αύτή
3611 800 3654 832 ⁸ο
3705 799 3906 852 λαϐοῦσα

2369 889 2668 961 Παρύσατις
2718 887 2897 958 ἕσθίει,
2945 892 3002 940 τό
3048 885 3106 940 δὲ
3149 887 3535 960 προσομιλῆσαν
3580 895 3646 957 τῷ
3691 891 3906 961 φαρμάκῳ

2365 975 2530 1048 όρίγει
2561 982 2841 1048 Στατείρᾳ·
2875 979 2903 1034 ἠ
2961 974 3038 1043 δὲ,
3075 973 3255 1035 ἐπειδη
3289 979 3330 1012 ⁸¹
3381 975 3646 1028 ὶσθίουσαν
3689 981 3774 1033 τὴν
3817 976 3908 1027 ἔπι-

2365 1061 2564 1117 δούσαν
2609 1066 2740 1138 ἑώρα
2769 1069 2826 1118 τὸ
2867 1069 3055 1136 ἣμισυ,
3089 1063 3256 1137 μηδὲν
3303 1063 3524 1117 συνιδεῖν
3555 1062 3809 1123 δυνηθεῖσα
3835 1071 3908 1116 καὶ

2364 1154 2493 1212 αύτὴ
2542 1157 2802 1207 συνεσθίει
2849 1162 2941 1206 τοῦ
2995 1157 3214 1206 θανάτου
3248 1159 3304 1206 τό
3353 1157 3608 1228 φάρμακον
3635 1171 3646 1183 ο
3679 1153 3794 1226 όργή
3833 1152 3910 1205 διὰ

2361 1253 2524 1295 ταυτα
2570 1251 2662 1295 τοὺ
2711 1243 2963 1316 βασιλέως
3008 1248 3136 1317 πρὸς
3180 1248 3274 1301 τὴν
3322 1247 3532 1315 μητέρα,
3564 1249 3646 1294 καὶ
3695 1242 3911 1313 σύλληψις

2361 1342 2460 1383 τῶν
2520 1333 2780 1403 εὐνούχων
2829 1332 2992 1392 αὐτῆς
3019 1334 3066 1368 ³³
3110 1337 3199 1384 καὶ
3247 1333 3491 1402 αἰκισμός
3533 1336 3617 1382 καὶ
3667 1329 3905 1403 ἀναίρεσις.

2364 1425 2462 1472 Καὶ
2515 1423 2588 1472 ἔτι
2643 1420 2900 1491 σύλληψις
2956 1426 3172 1491 Γίγγης,
3236 1420 3265 1478 ἢ
3326 1421 3542 1491 ᾠκείωτο
3596 1417 3908 1494 Παρυσάτιδι,

2360 1515 2448 1562 καὶ
2502 1515 2700 1583 κρίσεις
2755 1509 2829 1562 ἐπ’
2887 1510 3041 1582 αὐτῇ,
3096 1515 3185 1563 καὶ
3240 1509 3478 1570 ἁθώωσις
3527 1511 3610 1581 μεν
3659 1511 3788 1580 παρά
3828 1517 3911 1559 τῶν

2358 1608 2565 1670 κριτῶν,
2622 1596 2881 1656 καταδίκη
2934 1596 2992 1651 δε
3039 1602 3182 1673 παρά
3236 1597 3512 1670 βασιλέως.
3565 1602 3648 1649 καὶ
3699 1596 3911 1666 αἰκισμός

2363 1693 2548 1758 Γίγγης
2595 1693 2684 1739 καὶ
2738 1687 3015 1759 ἀναίρεσις,
3048 1693 3138 1740 καὶ
3189 1686 3318 1760 ὀργὴ
3370 1684 3463 1738 διὰ
3509 1694 3652 1738 τοῦτο
3700 1686 3906 1756 Παρυσά-

595 1781 953 1838 cruciatibus
985 1779 1219 1834 inﬂictis
1251 1783 1513 1842 necatur,
1535 1793 1655 1850 qua
1674 1779 1748 1834 de
1779 1794 1963 1834 causa
1988 1783 2042 1833 et
2072 1779 2250 1849 Pary-

2363 1774 2502 1837 τιδος
2532 1781 2660 1851 πρὸς
2699 1780 2786 1828 τόν
2835 1779 2946 1828 υἱόν
2997 1776 3236 1828 κάκείνου
3283 1779 3412 1850 πρὸς
3456 1780 3547 1832 τὴν
3597 1778 3795 1845 μητέρα.
3826 1778 3909 1824 Καὶ

593 1871 737 1927 satis
786 1869 930 1934 ﬁlio,
984 1873 1040 1923 et
1087 1867 1184 1923 hic
1225 1867 1480 1921 vicissim
1535 1867 1706 1922 matri
1742 1873 2068 1923 succenset.
2113 1867 2250 1922 Post

593 1974 785 2016 annos
799 1961 934 2015 octo
952 1957 1154 2028 palmis
1173 1955 1400 2010 obsitus
1413 1954 1673 2011 Clearchi
1687 1956 1941 2010 tumulus
1957 1953 2244 2027 apparuit,

592 2064 745 2120 quas
771 2048 849 2103 ibi
874 2047 1031 2102 clam
1064 2045 1382 2116 Parysatis,
1415 2059 1538 2114 quo
1561 2048 1821 2115 tempore
1852 2044 1946 2099 ille
1973 2049 2246 2100 mortuus

592 2142 699 2201 est,
733 2152 838 2208 per
858 2135 1240 2190 inservientes
1271 2132 1379 2188 sibi
1407 2133 1715 2187 eunuchos
1745 2131 2072 2188 defoderat.

663 2227 868 2280 Causae
899 2223 978 2278 ob
1004 2237 1155 2293 quas
1173 2220 1250 2276 ab
1273 2223 1542 2290 Evagora
1563 2235 1701 2290 rege
1733 2221 2054 2278 Salaminis
2084 2225 2246 2280 Arta-

589 2328 798 2368 xerxes
842 2309 1194 2366 dissenserit
1226 2311 1501 2378 Evagorte
1548 2309 1740 2365 nuntii
1769 2311 1846 2365 ad
1874 2313 2146 2379 Ctesiam,
2183 2321 2248 2373 ut

592 2402 669 2458 ab
688 2400 940 2456 Abuleta
957 2398 1236 2471 epistolas
1257 2398 1597 2468 acciperent
1619 2415 1630 2452 :
1647 2403 1703 2454 et
1726 2400 1929 2455 Ctesiee
1948 2402 2025 2456 ad
2045 2402 2244 2474 ipsum

589 2489 841 2561 epistola
883 2489 957 2543 de
998 2486 1438 2544 reconciliando
1479 2487 1678 2559 ipsum
1709 2504 1845 2543 cum
1888 2495 2244 2562 Anaxagora

591 2578 943 2650 Cypriorum
986 2591 1138 2646 rege.
1168 2576 1520 2630 Nuntiorum
1553 2577 1831 2646 Evagoree
1864 2579 2153 2635 adventus
2184 2582 2244 2637 in

591 2669 873 2740 Cyprum,
902 2665 1270 2738 redditaque
1295 2667 1598 2737 Evagorm,
1627 2683 1776 2738 quas
1800 2668 1872 2722 ad
1900 2669 2097 2741 ipsum
2123 2672 2246 2727 Cte-

593 2757 709 2813 sias
726 2756 990 2822 dederat,
1011 2755 1215 2811 litteras
1233 2756 1492 2811 Cononis
1509 2755 1586 2810 ad
1610 2757 1937 2826 Evagoram
1962 2761 2149 2816 oratio
2170 2761 2244 2815 de

591 2845 874 2902 adeundo
904 2844 982 2900 ad
1001 2859 1221 2913 regem,
1253 2848 1309 2899 et
1334 2846 1610 2913 Evagoraa
1636 2845 1890 2916 epistola
1910 2847 1982 2902 de
2009 2848 2246 2905 honori-

2361 1871 2415 1918 τό
2472 1875 2633 1938 χῶμα
2685 1862 2744 1918 δε
2796 1873 2888 1917 τοῦ
2943 1864 3216 1936 Κλεάρχου
3268 1862 3344 1916 δι’
3401 1862 3520 1915 ἐτῶν
3576 1863 3702 1914 ὀκτὼ
3752 1865 3910 1933 μεστὸν

2360 1955 2512 2026 ἐφάνη
2565 1960 2825 2026 φοινίκων,
2887 1953 2971 2014 οὓς
3019 1951 3080 2011 ἦν
3127 1956 3298 2027 κρύφα
3351 1956 3659 2025 Παρύσατις,
3719 1951 3819 2001 καθ’
3868 1949 3909 1999 ὃν

2359 2048 2536 2117 καιρόν
2612 2043 2798 2105 ἐκεῖνος
2878 2042 3193 2107 ἐτελεύτησε,
3256 2039 3348 2096 δίὰ
3407 2044 3657 2113 εύνούχων
3688 2041 3730 2076 ⁸³
3777 2058 3912 2090 κατα-

2358 2140 2614 2206 χώσασα.

2432 2223 2605 2276 Αἰτίαι
2635 2219 2709 2273 δι’
2741 2222 2797 2282 ἃς
2842 2221 3081 2292 Εὐαγόρᾳ
3130 2219 3344 2293 βασιλεῖ
3387 2220 3659 2291 Σαλαμῖνος
3701 2215 3912 2288 βασιλεὺς

2359 2312 2694 2386 Ἀρτοξέρξης
2741 2308 3022 2382 διηνέχθη.
3076 2309 3167 2382 [66
3198 2309 3293 2382 H.]
3325 2314 3428 2363 Καὶ
3472 2309 3670 2380 ἄγγελοι
3711 2307 3914 2376 Εύαγορει

2357 2404 2485 2475 πρός
2547 2405 2778 2457 Κτησίαν
2849 2402 2975 2472 ὑπὲρ
3051 2407 3140 2451 τού
3195 2398 3369 2452 λαϐεῖν
3440 2401 3579 2471 παρὰ
3643 2394 3912 2451 ’Δϐουλήτου

2355 2493 2446 2549 τὰς
2511 2488 2805 2552 ὶπιστολάς,
2866 2495 2953 2540 καὶ
3015 2493 3244 2545 Κτησίου
3307 2492 3440 2562 πρὸς
3497 2487 3644 2539 αὐτόν
3697 2483 3908 2538 ἄπιστολή

2356 2584 2594 2651 περὶτοῦ
2627 2575 2973 2648 διαλλαγῆναι
3028 2577 3182 2628 αὐτὸν
3215 2575 3544 2650 Ἀναξαγόρᾳ
3591 2582 3656 2644 τῷ
3707 2576 3913 2642 Κυπρίων

2359 2667 2586 2740 βασιλεῖ.
2641 2674 2752 2719 Τῶν
2827 2669 2967 2740 παρά
3035 2666 3275 2739 Εύαγόρα
3331 2664 3560 2736 ἀγγελων
3626 2664 3691 2723 εἰς
3739 2664 3913 2733 Κύπρον

2355 2755 2482 2830 [133
2531 2756 2621 2828 R.]
2671 2755 2844 2827 ἄφιξις
2890 2760 2979 2807 καὶ
3027 2764 3126 2806 τῶν
3157 2758 3298 2828 παρά
3357 2759 3585 2812 Κτησίου
3635 2751 3913 2823 γρααμάτων

2358 2842 2610 2905 ἀπόδοσις
2683 2845 2944 2918 Εὐαγόρᾳ.
3014 2849 3114 2897 Καὶ
3197 2849 3423 2904 Κόνωνος
3495 2846 3614 2914 πρός
3688 2840 3913 2909 Εὐαγόραν

591 2933 730 2998 bus,
765 2934 983 3006 quibus
1002 2933 1199 2988 abillo
1223 2932 1415 2988 fuerat
1436 2931 1701 2987 affectus.
1728 2933 1988 2991 Cononis
2020 2938 2097 2992 ad
2119 2939 2246 2993 Cte-

2363 2936 2508 3004 λόγος
2551 2937 2676 3007 ὑπὲρ
2723 2942 2814 2986 τού
2859 2937 2989 3005 πρός
3020 2931 3243 3005 βασιλέα
3294 2932 3566 2996 ἀναϐῆναι,
3599 2936 3682 2982 καί
3707 2929 3914 2998 Εύαγόρα

593 3023 744 3079 siam
768 3022 1040 3094 epistola,
1064 3026 1117 3076 et
1147 3022 1435 3076 tributum
1460 3021 1537 3076 ab
1565 3025 1832 3090 Evagora
1860 3027 1983 3092 regi
2014 3025 2242 3082 datum.

593 3111 884 3181 Epistolas
913 3109 1133 3165 Ctesias
1163 3109 1396 3180 accipit,
1432 3110 1533 3179 qui
1571 3109 1646 3163 de
1679 3110 1919 3167 Conone
1945 3129 2080 3169 cum
2114 3131 2246 3188 rege

594 3201 939 3264 collocutus,
973 3197 1287 3268 epistolam
1335 3199 1411 3252 ad
1461 3197 1626 3252 illum
1680 3200 1867 3255 mittit.
1915 3203 2249 3260 Traduntur

597 3287 989 3344 Satibarzanes
1018 3301 1268 3341 munera
1289 3285 1366 3340 ab
1397 3287 1666 3355 Evagora
1701 3287 1905 3355 missa,
1940 3292 2248 3363 nuntiique

596 3377 655 3431 in
680 3375 942 3446 Cyprum
972 3374 1344 3444 perveniunt.
1375 3374 1635 3430 Cononis
1666 3377 1916 3448 epistola
1943 3380 2016 3433 ad
2047 3397 2249 3452 regem

599 3480 667 3520 ac
681 3462 954 3529 Ctesiam,
975 3462 1556 3519 Lacedaemoniorum
1573 3465 1760 3520 nuntii
1778 3466 1852 3521 ad
1867 3483 2066 3538 regem
2082 3469 2250 3527 missi

599 3553 676 3609 ab
694 3567 764 3607 eo
785 3551 992 3607 retenti
1007 3554 1162 3606 sunt.
1183 3552 1350 3622 Regis
1367 3550 1445 3607 ad
1460 3551 1766 3608 Cononem
1785 3571 1854 3610 ac
1879 3557 2253 3615 Lacedaemo-

599 3642 730 3698 nios
770 3639 1042 3712 cpistola,
1097 3654 1282 3710 quam
1316 3638 1537 3694 Ctesias
1585 3640 1714 3712 ipse
1762 3643 1906 3699 tulit.
1952 3645 2158 3702 Conon
2215 3664 2251 3704 a

602 3730 978 3786 Pharnabazo
1006 3727 1179 3784 classi
1199 3728 1511 3800 praefectus
1531 3735 1637 3786 est.
1660 3731 1861 3787 Ctesias
1893 3733 1949 3787 in
1979 3735 2249 3791 Cnidium

602 3821 857 3892 patriam
871 3835 1038 3874 suam
1051 3817 1286 3882 ,deinde
1309 3833 1420 3888 que
1439 3819 1922 3876 Lacedaemonem
1938 3823 2010 3879 ad
2021 3830 2250 3882 ventus.

604 3909 743 3979 Ejus
756 3907 1112 3981 disceptatio
1124 3906 2015 3974 adversusLacedtemouiorum
2031 3913 2255 3984 legatos

605 3999 760 4071 apud
808 3997 1102 4061 Rhodum,
1131 4001 1186 4051 et
1218 3995 1373 4068 £50
1398 4001 1458 4051 ut
1501 3997 1733 4069 Epheso
1772 3999 2056 4056 dimissus
2090 4003 2258 4058 fuerit

605 4090 831 4144 Bactra.
859 4088 1062 4143 Indicae
1087 4086 1342 4156 regionis
1366 4087 1770 4154 mansionum,
1795 4089 2049 4155 dierum,
2079 4097 2258 4164 atque

606 4191 1080 4250 parasangarum
1116 4177 1504 4240 enumeratio,
1539 4176 1856 4249 Catalogus
1889 4179 2026 4236 item
2049 4196 2257 4253 regum

607 4265 747 4319 inde
780 4280 814 4318 a
839 4264 988 4317 Nino
1019 4270 1074 4317 et
1114 4265 1504 4320 Semiramide
1538 4266 1615 4320 ad
1643 4283 1830 4338 usque
1857 4275 2250 4327 Artaxerxen:

2367 4271 2584 4342 Ἐφέσου
2663 4274 2827 4340 μέχρι
2911 4270 3152 4340 Βάκτρων
3235 4270 3325 4317 καὶ

609 4352 828 4423 quibus
860 4357 914 4406 et
938 4351 1053 4405 hoc
1078 4366 1231 4422 opus
1257 4351 1581 4408 absolvitur
1623 4355 1756 4423 (t8).

682 4610 991 4684 Scriptoris
1032 4610 1211 4681 hujus
1252 4610 1448 4666 Ctesias
1488 4612 1781 4668 candidus
1820 4622 1910 4670 est
1955 4634 2024 4672 ac
2082 4621 2255 4678 valde

612 4701 862 4774 simplex
914 4717 1130 4770 sermo,
1181 4717 1300 4772 quo
1331 4700 1506 4757 etiam
1534 4700 1596 4756 fit
1637 4707 1843 4758 utnon
1892 4705 2255 4776 injucundus

610 4789 863 4844 accidat.
918 4793 1064 4844 Usus
1098 4805 1238 4845 vero
1281 4789 1534 4846 dialecto
1573 4798 1658 4846 est
1714 4793 1932 4860 Ionica,
1988 4798 2091 4852 etsi
2135 4815 2254 4856 non

609 4893 714 4950 per
755 4879 977 4948 omnia,
1016 4885 1076 4935 ut
1120 4879 1467 4944 Herodotus,
1501 4881 1608 4936 sed
1639 4883 1698 4938 in
1728 4883 2096 4954 quibusdam
2129 4893 2256 4946 tan-

608 4967 921 5026 tummodo
938 4968 1205 5024 vocibus.
1226 4971 1425 5040 Neque
1443 4970 1619 5026 etiam
1646 4973 1706 5027 in
1727 4972 2076 5034 diverticula
2096 4994 2257 5051 quas-

2358 3023 2600 3080 ἐπιστολὴ
2663 3029 2779 3094 περὶ
2828 3023 2894 3072 ὧν
2948 3021 3144 3084 ἠξιώθη
3197 3023 3284 3073 ὑπ’
3341 3021 3524 3076 αύτού.
3583 3025 3674 3073 Καὶ
3725 3022 3914 3072 Κόνωνος

2357 3117 2485 3187 πρὸς
2543 3117 2777 3169 Κτησίαν
2821 3110 3089 3173 ἐπιστολὴ,
3137 3115 3226 3162 καὶ
3278 3109 3493 3182 βασιλεῖ
3539 3112 3671 3182 παρά
3712 3105 3914 3174 Εὑαγόρα

2360 3208 2529 3276 φόρος,
2561 3207 2650 3254 καὶ
2681 3210 2780 3252 τῶν
2831 3199 3115 3253 ἐπιστολῶν
3147 3203 3358 3271 Κτησίᾳ
3403 3195 3677 3258 ἀποδόσις.
3717 3196 3912 3250 Κτησίου

2358 3291 2504 3362 λόγος
2551 3295 2674 3363 πρὸς
2705 3289 2933 3363 βασιλέα
2975 3293 3092 3360 περὶ
3141 3293 3372 3349 Κόνωνος
3416 3293 3504 3339 καὶ
3557 3282 3781 3339 ἐπιστολὴ
3811 3282 3914 3352 πρὸς

2360 3380 2537 3434 αὐτόν.
2569 3387 2679 3432 Τῶν
2707 3382 2850 3451 παρὰ
2899 3377 3162 3449 Εὐαγόρου
3209 3375 3392 3451 δώρων
3424 3373 3674 3436 ἀπόδοσις
3704 3369 3914 3439 Σατιϐαρ-

2364 3470 2514 3540 ζάνη,
2548 3474 2635 3521 καὶ
2684 3477 2782 3520 τῶν
2828 3467 3056 3538 ἀγγέλων
3097 3476 3194 3519 τῶν
3248 3467 3318 3528 είς
3375 3469 3581 3538 Κύπρον
3632 3462 3802 3533 ἄφιξις.
3846 3461 3916 3508 καὶ

2365 3564 2592 3620 Κόνωνος
2651 3557 2894 3614 ἐπιστολὴ
2951 3561 3075 3628 πρὸς
3129 3554 3352 3627 βασιλέα
3407 3559 3500 3606 καὶ
3559 3556 3797 3609 Κτησίαν.
3849 3545 3918 3604 Ὠς

2364 3647 2696 3722 ίτηρηΘησαν
2757 3649 2805 3698 οἱ
2876 3649 3018 3719 παρά
3085 3642 3519 3716 Λακεδαιμονίων
3571 3641 3764 3712 ἀγγελοι
3819 3655 3919 3704 περ·

2366 3739 2568 3808 φθέντες
2643 3741 2769 3808 πρός
2845 3733 3094 3807 βασιλέα.
3192 3732 3454 3792 Βασιλέως
3529 3729 3754 3785 ἐπιστολὴ
3817 3727 3920 3794 πρὸς

2369 3831 2576 3877 Κόνωνα
2621 3830 2708 3875 καὶ
2758 3825 2804 3858 ⁸⁸
2862 3819 3328 3894 Λακεδαιμονίους,
3361 3821 3425 3882 ἃς
3457 3822 3503 3856 ⁸⁵
3540 3823 3754 3877 Κτησίας
3795 3813 3920 3869 αὐτὸς

2368 3916 2623 3986 ἐκόμισεν.
2718 3914 2800 3972 Ὠς
2884 3915 2983 3964 ὑπό
3062 3909 3401 3985 Φαρναϐάζου
3477 3914 3737 3982 ναύαρχος
3783 3909 3921 3957 Κόνων

2367 4004 2581 4074 ἐγένετο.
2641 4009 2870 4059 Κτησίου
2949 4001 3014 4061 εἰς
3097 3997 3284 4054 Κνίδον
3341 4003 3437 4057 τὴν
3497 3993 3725 4071 πατρίδὰ
3779 3990 3925 4063 ἄφιξις

2367 4098 2455 4144 καὶ
2508 4093 2577 4151 εἰς
2637 4089 3025 4162 Λακεδαίμονα,
3080 4094 3168 4141 καὶ
3219 4093 3395 4161 κρίσις
3449 4091 3582 4162 πρὸς
3637 4089 3745 4144 τοὺς
3792 4088 3925 4134 Λακι-

2369 4179 2649 4253 δαιμονίων
2706 4179 2949 4250 ἀγγέλους
3008 4177 3055 4229 ἐν
3109 4174 3274 4248 Ῥόδῳ
3301 4179 3370 4242 ⁸⁸,
3441 4182 3530 4229 καὶ
3587 4177 3773 4246 ἄφεσις.
3822 4168 3926 4220 Ἀπὸ

3422 4262 3619 4322 Ἰνδικῆ
3633 4285 3653 4325 ς
3743 4259 3928 4334 ἀριθμός

2370 4361 2630 4431 σταθμῶν,
2691 4360 2912 4430 ἡμερῶν,
2979 4364 3357 4430 παρασαγγῶν.
3418 4353 3715 4424 Κατάλογος
3791 4345 3930 4420 βασι-

2365 4449 2486 4501 λέων
2544 4446 2643 4499 ἀπό
2688 4451 2844 4500 Νίνου
2895 4450 2983 4497 καὶ
3029 4446 3355 4517 Σεμιράμεως
3397 4447 3564 4516 μέχρι
3613 4434 3931 4513 Ἀρτοξέρξου.

2365 4545 2446 4590 Ἐν
2474 4539 2550 4599 οἷς
2576 4541 2665 4588 καὶ
2697 4539 2755 4587 τό
2785 4535 2945 4596 τέλος.

2435 4626 2587 4678 ’Ἐστι
2633 4622 2691 4677 δὲ
2721 4624 2925 4685 οὗτοςό
2971 4625 3298 4696 συγγραφεὺς
3345 4625 3517 4692 σαφής
3548 4638 3601 4672 τε
3643 4621 3728 4670 καὶ
3778 4610 3937 4685 ἀφελὴς

2364 4715 2497 4779 λίαν,
2533 4711 2616 4765 διό
2659 4719 2747 4764 καὶ
2793 4708 2952 4783 ἠδονῇ
3007 4711 3146 4780 αύτῷ
3198 4712 3493 4782 σύγκρατός
3542 4712 3681 4760 ἑστιν
3729 4706 3752 4755 ό
3792 4703 3934 4770 λόγος.

2369 4807 2640 4876 Κέχρηται
2682 4798 2740 4854 δε
2778 4809 2840 4873 τῇ
2889 4803 3088 4871 Ἰωνικῇ
3125 4795 3399 4869 διαλέκτῳ,
3430 4801 3590 4850 εἶκαὶ
3618 4800 3686 4868 μὴ
3722 4790 3788 4846 δι’
3818 4789 3937 4848 ὅλου.

2365 4894 2598 4964 καθάπερ
2649 4887 2945 4962 Ἡρόδοτος,
3003 4887 3130 4941 ἀλλά
3209 4887 3323 4939 κατ’
3380 4886 3517 4948 ίνίας
3563 4887 3703 4946 τινάς
3771 4879 3931 4942 λέξεις·

2368 4978 2509 5034 Ούδε
2549 4983 2674 5054 πρὸς
2719 4979 2968 5053 ἐκτροπὰς
3017 4975 3077 5031 δί
3119 4997 3259 5038 τινας
3307 4975 3571 5049 ἀκαίρους,
3615 4975 3780 5044 ὥσπερ
3827 4967 3938 5020 ίκεῖο

1952 5102 2182 5158 VARUE
2224 5103 2624 5162 LECTIONES.

679 5210 725 5243 ⁷⁸
755 5212 868 5262 ἴσον
895 5209 978 5262 A:
1013 5209 1131 5282 ὅσον
1166 5229 1219 5272 ς.
1300 5211 1344 5243 7°
1371 5206 1635 5282 ρυνδάλην
1671 5234 1724 5276 ς.
1804 5216 1850 5248 ⁸⁸
1882 5216 2011 5274 αὕτη
2046 5239 2098 5282 ς.

608 5280 866 5352 εὐνούχοιν
899 5294 1032 5335 cum
1060 5279 1104 5333 Α
1133 5280 1305 5335 omisi
1337 5279 1437 5332 τῶν
1468 5283 1854 5356 ὑπηρετούντων
1886 5288 2038 5362 αὐτῇ.

2181 5222 2223 5256 ⁸¹
2259 5220 2367 5273 imi
2401 5242 2454 5286 ς’.

2178 5292 2224 5326 ⁸⁸
2261 5313 2348 5344 και
2375 5296 2506 5365 πρὸς
2548 5299 2680 5346 Λακ.

2535 5223 2579 5256 ει
2611 5227 2709 5271 τῶν
2737 5220 3125 5288 ὑπηρετούντων
3158 5213 3580 5288 εὐνούχων-αὐτῇ
3618 5234 3671 5288 ς.
3742 5208 3794 5288 ξιξ
3825 5207 3944 5278 post

2813 5280 2859 5324 ⁸⁸
2889 5289 2947 5351 ἃς
2977 5293 3062 5345 A:
3099 5288 3157 5348 ἣν
3190 5306 3244 5353 ς’·
3304 5280 3404 5322 ’⁷⁸⁵
3434 5280 3595 5357 Ῥόδξρ
3624 5287 3662 5336 Α
3699 5299 3711 5336 :
3742 5280 3867 5351 λόγῳ
3897 5295 3941 5336 ς-

2185 5417 2406 5474 NOTAE.

676 5526 789 5607 (t7)
808 5528 927 5582 Hoc
949 5529 1080 5607 ipso
1092 5528 1572 5607 circumventum
1594 5531 1773 5588 fuisse
1789 5535 1927 5591 dolo
1948 5553 1980 5591 a
2005 5553 2260 5594 consan-

605 5599 1508 5681 gu_ineoAsuo‘L."lI/erum.imp_._
1541 5604 1840 5681 tinxerunt
1887 5608 2158 5681 quidam,
2197 5616 2262 5667 ut

604 5670 776 5748 refert
808 5668 1006 5748 Aurel.
1051 5670 1264 5725 Victor.
1318 5673 1376 5727 in
1426 5668 1579 5730 Hist.
1629 5668 2000 5748 Augustfin
2041 5668 2258 5739 Anton.

605 5742 984 5816 Philosopho.

2442 5541 2554 5611 (18)
2586 5540 2633 5594 Α
2660 5540 2809 5596 Nino
2835 5539 2895 5595 id
2926 5545 2982 5596 et
3014 5536 3316 5611 Semirade
3345 5534 3713 5611 inchoatum,
3741 5527 3814 5585 ad
3840 5538 3948 5611 ma;

2371 5597 2684 5683 gistratum
2721 5627 2909 5683 usque
2927 5610 3184 5682 lthyclis,
3220 5609 3278 5664 id
3310 5613 3414 5683 est,
3451 5606 3645 5683 lem.
3676 5617 3774 5660 xcv
3815 5613 3886 5654 an
3909 5597 3948 5683 A3

2371 5675 2695 5738 deduxisse
2723 5675 2973 5739 Ctesiam
3003 5675 3208 5739 auctor
3231 5686 3315 5736 est
3344 5675 3644 5738 Diodflib.
3677 5689 3790 5739 xiv,
3821 5681 3947 5743 p38-

2369 5755 2493 5822 421,
2527 5753 2674 5812 edit.
2715 5753 2901 5811 erc.
