4036 6214
547 240 653 295 215
1769 229 2002 284 ΡΗΟΤΙΙ
2046 228 2141 283 ΡΑ¹

2258 227 2530 284 ἈΒΕΗΕ
2563 228 2670 283 CP.
3761 239 3852 292 216

549 362 795 418 animali
830 375 1097 433 pugnam
1144 359 1322 422 ineat,
1353 357 1510 431 4.6a
1541 371 1660 413 non
1688 356 1884 411 minus
1918 354 1995 410 ab
2036 359 2143 410 antl

2263 356 2606 409 tunorrivmv.
2676 353 2851 408 Βάλλει
2894 353 2954 409 δε
3006 357 3124 410 ὅσον
3174 356 3384 434 πλέθρον
3432 357 3498 419 εἰς
3552 367 3728 431 μῆκος,
3780 382 3857 416 και

548 453 686 508 riori
702 450 844 506 illud
863 453 1028 520 parte
1044 448 1300 504 caudam
1320 445 1762 519 praetendendo,
1786 444 1924 499 inde
1947 442 2142 498 veluta

2309 445 2497 508 πάντα,
2532 442 2608 503 οἷς
2659 443 2718 495 ἂν
2768 443 2904 517 βάλῃ
2939 447 2980 510 ⁸,
3022 449 3219 508 πάντως
3277 448 3575 511 ἀποκτείνει,
3606 449 3727 507 πλὴν
3775 450 3858 503 έλέ-

549 557 688 596 arcu
721 541 970 595 emissas
1002 539 1268 607 sagittas,
1297 535 1536 592 aculeos
1552 551 1690 590 suos
1722 549 2001 604 spargere
2019 539 2143 604 atqt

2311 552 2510 603 φαντος.
2539 535 2616 585 Τὰ
2666 530 2724 585 δὲ
2771 539 2956 605 κέντρα
2983 535 3141 587 αύτού
3185 534 3293 588 ἐστὶ
3321 541 3378 588 τὸ
3424 541 3511 609 μὲν
3563 545 3716 609 μῆκος
3756 541 3859 591 ὅσον

552 631 743 694 ferire,
785 644 968 698 quam
1007 643 1043 682 a
1071 630 1394 697 posteriore
1424 630 1589 697 parte
1622 629 1842 678 rectam
1875 622 2038 677 illam
2067 636 2146 692 pri

2309 618 2550 681 ποδιαῖα,
2585 626 2641 672 τὸ
2674 619 2731 674 δι
2771 622 2964 685 πλάτος
2993 626 3111 675 ὅσον
3144 632 3356 695 σχοῖνος
3401 624 3710 687 λεπτότατος.
3737 634 3860 700 Μαρ-

551 714 1374 784 tendendo,adjugeriautem
1392 712 1934 785 spatiumjaculari,
1968 724 2144 765 omne

2310 716 2506 784 τιχόρα
2574 707 2632 762 δε
2686 710 2977 770 Ἑλληνιστί
3060 712 3480 786 ἀνθρωποφάγον,
3536 716 3612 766 ὃτι
3667 714 3861 767 πλεῖστα

552 822 668 877 que
694 821 848 876 quos
887 804 1140 872 attigerit
1163 803 1491 857 certissimo
1517 800 1865 864 interﬁcere,
1901 814 2021 854 uno
2051 798 2146 853 dul

2312 797 2473 851 ἐσθίει
2525 800 2746 874 ἀναιρῶν
2807 800 3128 874 ἀνθρώπους·
3180 801 3339 854 ἐσθίει
3396 799 3453 855 δε
3505 808 3586 855 xui
3636 805 3697 855 τὰ
3751 804 3861 855 ἄλλα

551 900 715 950 taxat
745 897 992 964 excepto
1010 891 1341 962 elephanta,
1375 891 1542 962 ipsos
1571 906 1708 945 vero
1733 887 1972 945 aculeos
1997 886 2145 958 pede

2315 886 2442 946 ζῶα.
2486 891 2729 958 Μάχεται
2779 885 2839 940 δε
2884 894 2973 941 καὶ
3023 897 3130 950 τοῖς
3175 891 3315 953 ὄνυξι
3357 896 3444 943 καὶ
3497 899 3598 951 τοῖς
3641 896 3857 964 κέντροις·

552 999 684 1040 esse
698 981 1087 1048 longitudine,
1106 980 1562 1050 tenuissimique
1577 978 1734 1034 funis
1749 976 2077 1033 latitudine.
2093 977 2146 1030 Α‹

2313 978 2378 1026 τὰ
2417 972 2476 1027 δι
2527 981 2711 1043 κέντρα
2762 978 2915 1028 πάλιν
2970 984 3148 1050 φησίν,
3192 976 3398 1032 ἐπειδὰν
3448 978 3722 1052 ἐκτοξευθῇ,
3763 978 3863 1032 ἁνα-

553 1073 640 1128 dit
669 1070 1047 1134 martichora,
1100 1069 1315 1124 Graecis
1370 1067 1774 1140 ἀνθρωποφάγου
1811 1065 1889 1136 (id
1936 1069 2046 1129 est,
2101 1063 2147 1118 hi

2316 1065 2555 1136 φύεσθαι.
2586 1065 2737 1118 Ἒστι
2771 1063 2830 1118 δὲ
2856 1067 3018 1121 πολλὰ
3055 1066 3103 1119 έν
3142 1076 3204 1140 τῇ
3251 1064 3473 1140 Ἰνδικῇ.
3507 1071 3863 1122 Ἀποκτείνουσι

553 1158 1483 1230 minivorum)signiﬁcare,quod
1507 1157 1782 1213 homines
1802 1154 2147 1226 utplurimul

2317 1149 2376 1204 δε
2425 1153 2558 1205 αὐτὰ
2604 1163 2715 1216 τοῖς
2763 1155 2998 1228 έλέφασιν
3043 1156 3387 1229 ἐποχούμενοι
3436 1159 3686 1231 ἄνθρωποι
3719 1156 3867 1211 κάκεῖ-

555 1251 872 1312 interimat,
909 1255 1216 1320 voretque,
1250 1249 1356 1302 etsi
1391 1247 1520 1302 aliis
1541 1261 1782 1318 quoque
1837 1242 2149 1300 animalibt

1126 1263 1216 1317 ue,
1250 1249 1356 1302 etsi
1391 1247 1520 1302 aliis
1541 1261 1782 1318 quoque
1837 1242 2202 1300 animalibus
2319 1243 2397 1293 θεν
2430 1240 2720 1314 βάλλοντες.

554 1345 845 1396 vescatur.
869 1336 1174 1407 Unguibus
1201 1336 1379 1392 etiam
1411 1337 1524 1391 hoc
1550 1335 1796 1400 animal,
1821 1349 1940 1388 non
1968 1337 2196 1388 tantum
2220 1329 2436 1385 aculeis
2467 1347 2753 1402 pugnare,
2781 1340 2959 1406 atque
2990 1335 3098 1390 hos
3121 1334 3446 1409 jaculando
3469 1335 3703 1392 emissos
3730 1336 3869 1391 iden-

554 1428 735 1486 tidem
778 1425 1028 1481 renasci.
1063 1429 1337 1493 Magnam
1370 1426 1508 1480 item
1539 1441 1674 1480 esse
1705 1425 1919 1480 horum
1953 1418 2308 1478 animalium
2337 1421 2573 1491 copiam
2600 1423 2659 1477 in
2691 1423 2884 1489 India,
2918 1439 3108 1498 eaque
3141 1425 3268 1481 telis
3293 1424 3371 1481 ab
3399 1423 3726 1481 hominibus
3751 1440 3872 1480 con-

557 1517 674 1580 ﬁci,
705 1532 841 1588 quas
867 1514 1199 1585 elephantis
1230 1515 1373 1569 vecti
1402 1515 1458 1569 in
1492 1513 1633 1569 illud
1661 1514 2118 1584 contorqueant.

628 1606 710 1660 De
743 1619 980 1659 summa
1003 1602 1812 1674 ludorumjustitia,itemque
1833 1602 1907 1657 de
1937 1599 2202 1656 moribus

2276 1631 2278 1640 ν
2385 1604 2509 1672 Περὶ
2552 1609 2650 1652 τῶν
2684 1599 2774 1674 [68
2802 1603 2895 1676 Η.]
2928 1599 3128 1669 Ἰνδῶν,
3172 1605 3254 1656 ὅτι
3286 1599 3630 1667 δικαιότατοι,
3661 1606 3742 1654 καὶ
3768 1606 3870 1675 περὶ

559 1711 630 1750 ac
662 1694 871 1750 ritibus
889 1708 1115 1748 eorum.
1149 1695 1224 1748 De
1262 1693 1376 1764 (29)
1409 1692 1541 1748 loco
1569 1692 1666 1748 illo
1697 1707 1888 1756 sacro,
1920 1705 2102 1762 quem
2144 1688 2153 1742 i

2313 1696 2411 1738 τῶν
2461 1688 2584 1740 ἐθῶν
2641 1696 2729 1743 καὶ
2772 1697 3001 1763 νομίμων
3055 1693 3240 1746 αὐτῶν.
3279 1698 3403 1764 Περὶ
3461 1700 3549 1744 τοῦ
3595 1694 3720 1764 ἱεροῦ
3769 1711 3871 1761 χω-

560 1789 751 1840 tractu
783 1781 1158 1838 inhabitabili
1186 1782 1316 1850 ejus
1331 1781 1592 1854 regionis
1619 1781 1729 1836 sub
1757 1780 1899 1836 solis
1931 1780 2154 1850 lunaeqt

2314 1783 2428 1848 ρίου
2485 1787 2575 1830 τοῦ
2633 1780 2680 1831 έν
2737 1789 2796 1853 τῇ
2861 1780 3108 1853 ἀοικήτῳ,
3151 1785 3176 1835 ὃ
3229 1782 3307 1835 ἐπ’
3367 1783 3575 1854 ὀνόματι
3621 1789 3818 1852 τιμῶσιν
3853 1781 3869 1812 ⁷

561 1872 804 1928 nomine
818 1876 1201 1926 venerantur:
1216 1886 1338 1942 quo
1351 1871 1587 1925 nonnisi
1611 1869 1950 1942 quindecim
1971 1868 2155 1923 dierui

2315 1867 2465 1925 ἡλίου
2497 1873 2584 1920 xui
2617 1869 2847 1931 σελήνης·
2878 1870 2924 1922 ἐν
3032 1867 3125 1924 διὰ
3155 1871 3212 1925 ιε’
3243 1874 3446 1945 ἡμερῶν
3479 1871 3574 1922 ἀπὸ
3619 1878 3702 1922 τοῦ
3747 1870 3875 1940 ὄρους

562 1960 767 2016 itinere
821 1976 854 2014 a
893 1958 1117 2013 Sardus
1151 1963 1349 2012 monte
1398 1959 1689 2029 perveniri
1745 1958 1950 2028 possit.
2009 1955 2156 2012 Solei

2317 1966 2410 2019 τῆς
2461 1955 2692 2032 σαρδοῡς
2717 1962 2737 1995 ⁸
2765 1979 2844 2022 τις
2891 1966 3258 2033 παραγίνεται,
3305 1966 3404 2014 Kui
3434 1963 3512 2013 ὅτι
3548 1958 3613 2013 λε’
3641 1960 3830 2030 ἡμέραις
3855 1959 3871 1990 ⁹

561 2049 678 2104 illic
709 2048 882 2102 annis
910 2045 1159 2114 singulis
1176 2061 1275 2115 per
1299 2045 1427 2100 dies
1451 2046 1969 2118 trigintaquinque
1995 2043 2155 2100 lentit

2317 2051 2342 2100 ὁ
2377 2049 2518 2110 ἣλιος
2568 2048 2736 2120 ψύχει
2793 2049 2956 2102 ἐκεῖσε
3001 2058 3094 2101 τοῦ
3150 2049 3388 2102 ἐνιαυτοῦ
3438 2046 3529 2102 διὰ
3572 2054 3658 2106 τὴν
3702 2047 3872 2117 ἑορτήν.

566 2136 796 2191 urendo
809 2135 1172 2204 refrigerare,
1190 2150 1262 2189 ne
1293 2134 1513 2190 scilicet
1524 2137 1664 2189 dum
1679 2134 1979 2190 celebrant
1993 2133 2160 2188 festul

2320 2136 2472 2189 ἶνα¹⁰
2511 2136 2745 2208 ἄφλεκτοι
2802 2137 2964 2194 αὐτὴν
3031 2137 3281 2190 τελέσωσι
3347 2143 3436 2189 καὶ
3496 2133 3873 2210 ύποστρέψωσιυ.

566 2242 637 2281 ac
667 2229 1050 2289 revertuntur,
1076 2226 1250 2278 etiam
1284 2224 1632 2278 adurantur.
1663 2227 1776 2280 Nec
1803 2224 2076 2286 tonitrua,
2105 2239 2160 2278 nt

2318 2227 2438 2279 Ὀτι
2494 2225 2711 2300 βρονταὶ
2745 2232 2835 2278 xui
2867 2225 3135 2300 ἀστραπαὶ
3185 2233 3277 2278 xui
3303 2229 3443 2279 ὑετοὶ
3475 2230 3564 2278 ούκ
3594 2225 3713 2278 εἰσὶν
3757 2223 3800 2274 έν
3825 2229 3875 2292 τῇ

567 2313 824 2385 fulgura,
849 2329 958 2368 nec
987 2312 1220 2384 pluvias
1244 2311 1395 2367 ullas
1418 2313 1478 2367 in
1503 2313 1670 2368 India
1690 2328 1846 2379 esse,
1872 2312 1977 2369 sed
2007 2319 2161 2369 veutc

2325 2313 2544 2388 Ἰνδικῇ,
2604 2318 2782 2388 ἄνεμοι
2831 2313 2888 2368 δε
2940 2316 3115 2368 πολλοὶ
3164 2321 3254 2368 xui
3308 2323 3603 2388 πρηστῆρες
3641 2311 3801 2365 πολλοὶ
3822 2312 3878 2373 ¹¹,

566 2401 719 2457 bene
751 2401 1086 2473 frequentes
1125 2416 1194 2456 ac
1225 2401 1513 2468 turbines,
1568 2400 1671 2473 qui
1704 2405 1880 2456 etiam
1910 2401 2160 2472 abripiat

2323 2412 2411 2457 xui
2441 2404 2767 2480 ἁρπάζουσιν
2793 2406 2819 2458 ὁ
2845 2424 2895 2456 τι
2920 2407 2981 2457 ἄν
3010 2404 3236 2457 λάϐωσιν
3253 2450 3266 2462 .
3305 2405 3362 2458 Ὀ
3405 2402 3464 2457 δὲ
3512 2403 3651 2464 ἣλιος
3678 2402 3881 2471 ἀνίσχων

569 2490 858 2564 quidquid
889 2489 1414 2562 apprehenderint.
1453 2491 1642 2547 Solem
1676 2491 1962 2546 orientem
1989 2492 2049 2546 in
2092 2491 2163 2562 pll

2325 2501 2382 2546 τὸ
2437 2499 2604 2566 ἣμισυ
2651 2502 2745 2556 τῆς
2790 2496 2989 2567 ἡμέρας
3034 2493 3212 2566 ψύχος
3267 2500 3424 2557 ποιεῖ,
3468 2496 3524 2544 τὸ
3555 2489 3603 2544 δ’
3654 2489 3764 2542 ἄλλο
3788 2488 3882 2540 λίαν

569 2581 770 2652 risque
807 2579 988 2634 ludite
1040 2579 1206 2644 locis,
1247 2580 1412 2635 alteri
1439 2580 1559 2635 diei
1605 2581 1759 2651 parti
1794 2580 1996 2651 frigus,
2050 2581 2163 2636 alte

2328 2584 2545 2637 ἀλεεινὸν
2599 2583 2646 2635 έν
2705 2590 2811 2645 τοῖς
2857 2585 3121 2645 πλείστοις
3167 2592 3268 2635 τῶν
3321 2592 3417 2644 τῆς
3453 2578 3669 2640 Ἰνδικῆς
3717 2584 3881 2630 τόπων.

569 2669 979 2725 vehementem
1007 2674 1220 2724 aestum
1251 2668 1452 2725 afferre
1485 2669 1619 2741 (30).
1649 2672 1775 2725 Non
1817 2685 1852 2724 a
1874 2670 2017 2735 sole,
2048 2671 2149 2725 sed

2324 2673 2445 2726 Ὀτι
2492 2675 2540 2725 οἱ
2581 2675 2620 2709 ¹¹
2642 2669 2804 2726 Ἰνδοὶ
2835 2673 2940 2745 οὐχ
2970 2674 3069 2724 ὑπὸ
3098 2680 3188 2724 τοῦ
3218 2671 3370 2730 ἡλίου
3396 2672 3499 2724 εἰσὶ
3528 2670 3741 2743 μέλανες,
3778 2665 3883 2718 ἀλλὰ

570 2766 780 2814 natura
803 2756 981 2812 Indos
1013 2773 1139 2812 esse
1169 2758 1404 2827 nigros:
1439 2774 1565 2814 esse
1603 2759 1761 2814 enim
1793 2759 1944 2814 inter
1964 2758 2095 2816 illos
2134 2777 2164 2815 v

2328 2767 2497 2836 φύσει·
2550 2759 2679 2814 εἶναι
2727 2764 2828 2832 ’γάρ
2881 2781 3037 2833 φησιν
3101 2760 3148 2813 έν
3205 2762 3382 2822 αὐτοῖς
3433 2765 3522 2812 καὶ
3573 2754 3752 2829 ἄνδρας
3810 2759 3882 2805 καὶ

571 2863 670 2902 ros
683 2847 979 2918 quosdam
996 2862 1064 2901 ac
1089 2846 1385 2910 mulieres,
1401 2847 1506 2902 etsi
1526 2848 1855 2918 pauciores,
1883 2864 2066 2920 supra
2087 2865 2165 2904 on

2325 2860 2576 2923 γυναῖκας
2622 2852 2963 2912 λευκοτάτους
3011 2853 3233 2911 πάντων,
3268 2853 3312 2903 εἰ
3359 2853 3404 2887 ¹³
3446 2855 3532 2901 xui
3563 2847 3634 2900 ἐπ’
3688 2847 3879 2898 ἕλατνον·

569 2951 676 2991 nes
692 2935 840 2991 alios
857 2934 1339 2990 candidissimos.
1357 2937 1547 3006 Atque
1561 2935 1713 2991 adeo
1730 2939 1779 3007 ej
1793 2937 2029 2993 usmodi
2043 2937 2163 2994 Ind:

2328 2940 2458 2995 ἰδεῖν
2490 2939 2549 2995 δε
2590 2946 2679 2993 xui
2722 2941 2873 2992 αὐτὸν
2915 2943 3150 3001 τοιαύτας
3181 2937 3355 3002 Ἰνδὰς
3406 2936 3501 2991 δύο
3546 2944 3776 3009 γυναῖκας
3811 2938 3885 2984 xui

571 3025 721 3080 duas
752 3030 807 3079 et
833 3028 1010 3079 ludos
1049 3023 1318 3096 quinque
1348 3040 1460 3080 ase
1491 3025 1649 3080 visos
1677 3031 1886 3081 auctor
1929 3026 2123 3082 refert.
2157 3031 2165 3081 l

2326 3037 2470 3084 πέντε
2521 3028 2810 3102 ἄνδρας¹⁴.
2862 3029 2983 3082 Ὀτι
3029 3037 3295 3081 πιστῶσαι
3349 3031 3415 3080 τὰ
3467 3033 3580 3100 περὶ
3633 3034 3715 3077 τοῦ
3761 3022 3884 3080 ἡλίου

573 3113 1091 3170 confirmationem
1122 3129 1300 3184 porro
1324 3112 1472 3183 ejus,
1496 3113 1658 3184 quod
1683 3115 1950 3184 suprade
1983 3115 2106 3171 sole
2138 3117 2167 3169 d

2329 3119 2659 3194 βουλόμενος,
2691 3122 2755 3178 ὡς
2799 3116 2847 3169 έν
2890 3117 2958 3169 λε’
3008 3119 3228 3189 ἡμέραις
3278 3117 3328 3167 έν
3371 3113 3534 3187 Ἰνδίᾳ
3562 3115 3736 3185 ψύχει,
3773 3111 3885 3179 λέγει

571 3208 759 3266 xerat,
793 3201 1030 3269 triginta
1060 3217 1198 3256 eum
1225 3208 1281 3256 et
1315 3201 1584 3272 quinque
1618 3203 1743 3257 dies
1770 3203 1829 3258 in
1861 3205 2027 3259 India
2055 3205 2165 3274 frig

2328 3211 2407 3260 ὃτι
2453 3213 2542 3260 xui
2585 3211 2642 3259 τὸ
2693 3215 2792 3280 πῦρ
2835 3205 2888 3257 ix
2925 3215 3015 3266 τὴς
3071 3209 3259 3267 Αἴτνης
3289 3206 3404 3279 ῥέον
3437 3209 3520 3257 τὸν
3550 3209 3696 3276 μέσον
3715 3209 3882 3272 χῶρον.

573 3289 802 3345 diorem
833 3306 1043 3344 auram
1070 3289 1294 3354 aﬂ'erre,
1330 3289 1494 3345 addit
1526 3307 1538 3344 :
1589 3293 1784 3360 ignem
1819 3294 1994 3348 etiam
2030 3293 2167 3349 illun

2328 3299 2416 3350 άτε
2475 3295 2690 3349 δικαίων
2749 3293 2950 3370 ἀνδρῶν
3004 3299 3126 3347 ὄντα
3153 3297 3220 3359 ¹⁵,
3250 3296 3308 3347 ού
3369 3297 3563 3367 φθείρει
3611 3293 3794 3363 φθεῖρον
3835 3288 3888 3337 τὰ

573 3377 762 3451 quiex
800 3380 967 3434 Etna
1015 3378 1274 3448 erumpit
1322 3379 1454 3448 (31),
1503 3379 1768 3436 medium
1810 3381 2067 3451 regionis
2109 3390 2167 3438 ιιι

2330 3387 2474 3439 mw
2533 3391 2620 3438 xui
2678 3384 2724 3437 ἐν
2791 3386 3036 3455 Ζακύνθῳ
3093 3380 3350 3459 κρηνίδας
3403 3383 3734 3455 ιῖχθυοφόρους
3781 3373 3888 3428 εἶναι

575 3472 757 3532 ctum,
791 3466 949 3537 quod
980 3466 1030 3521 is
1051 3466 1348 3537 justorum
1381 3468 1693 3523 hominum
1723 3470 1815 3532 sit.
1843 3485 2169 3542 nequaqual

2331 3475 2382 3538 ἕξ
2411 3476 2477 3528 ὧν
2536 3479 2737 3548 αἴρεται
2785 3480 2977 3538 πίσσα,
3011 3477 3100 3526 καὶ
3152 3472 3200 3525 έν
3246 3473 3404 3535 Νάξω
3442 3476 3632 3544 κρήνην
3667 3468 3716 3530 ἐξ
3751 3468 3806 3526 ἧς
3831 3459 3888 3516 οἶ·

575 3555 872 3620 infestare,
889 3572 1024 3610 cum
1050 3561 1249 3612 tamen
1273 3556 1388 3612 alia
1411 3558 1635 3612 circum
1658 3558 1791 3614 loca
1809 3559 2169 3626 infestet.Qui

2331 3585 2412 3627 νος
2471 3564 2627 3617 ἐνίοτε
2663 3565 2741 3639 ῥεῖ
2783 3569 2872 3615 xui
2919 3562 3060 3636 μάλα
3112 3559 3261 3623 ἡδύς·
3298 3567 3387 3613 xui
3449 3564 3529 3614 ὅτι
3558 3567 3654 3633 πῦρ
3682 3557 3804 3610 ἔστιν

575 3651 632 3701 et
656 3645 816 3717 apud
867 3645 1232 3716 Zacynthum
1275 3645 1548 3715 piscosos
1593 3647 1840 3702 inveniri
1887 3649 2099 3716 fontes,
2152 3667 2169 3706 ε

2330 3659 2425 3725 γύς
2455 3651 2748 3713 Φασήλιδος
2788 3651 2835 3704 ἐν
2873 3657 3044 3723 Λυκίᾳ
3089 3651 3360 3715 ἀθάνατον,
3417 3655 3508 3702 xui
3551 3653 3627 3702 ὅτι
3677 3646 3748 3698 ἀεὶ
3776 3647 3889 3694 καίε-

578 3735 797 3808 quibus
822 3734 1062 3806 insuper
1089 3735 1186 3804 pix
1207 3735 1512 3790 educatur.
1546 3736 1609 3790 In
1639 3737 1802 3792 Naxo
1831 3754 2072 3810 quoque
2099 3739 2172 3795 fon

2331 3764 2415 3796 ται
2464 3747 2545 3795 ἐπὶ
2603 3747 2788 3814 πέτρας
2841 3746 2929 3793 xui
2993 3743 3155 3792 νύκτα
3201 3745 3290 3792 xui
3347 3742 3565 3811 ἡμέραν,
3622 3740 3705 3788 xui
3757 3727 3890 3785 ὕδατι

576 3828 693 3880 tem
718 3839 864 3888 esse,
915 3837 1092 3893 equo
1149 3822 1373 3890 vinum,
1407 3828 1463 3879 et
1508 3824 1755 3896 quidem
1800 3828 2170 3885 suavissimui

2333 3838 2420 3905 μεν
2469 3835 2526 3886 ού
2588 3832 2879 3895 σϐέννυται,
2914 3830 3040 3882 ἀλλὰ
3095 3829 3386 3900 ὰναφλέγει,
3424 3835 3626 3901 φορυτῷ
3672 3821 3726 3877 δε
3774 3819 3891 3873 σϐέν-

578 3917 814 3970 emanet
848 3911 953 3986 [ita
983 3911 1250 3966 Phasidis
1289 3911 1449 3967 ﬂuvii
1481 3929 1702 3986 aquam
1734 3916 1864 3987 (32),
1893 3919 1939 3973 si
1987 3920 2222 3988 justum
2333 3944 2504 3980 νυται.

577 4004 709 4074 ipsa
741 4001 900 4057 diem
933 4002 990 4055 in
1019 4016 1157 4056 vase
1188 4000 1390 4072 aliquo
1428 4008 1827 4071 conservetur,
1862 4008 1920 4062 in
1961 4014 2389 4071 suavissimum
2439 4014 2641 4068 vinum
2693 4008 3048 4064 commutari
3080 4007 3124 4081 ].
3157 4009 3355 4075 Ignem
3393 4011 3674 4077 praeterea
3697 4014 3810 4058 esse
3846 3997 3895 4051 in

582 4092 752 4163 Lycia
781 4091 912 4162 (33),
947 4105 1068 4145 non
1098 4089 1304 4160 procul
1345 4090 1669 4158 Phaselide,
1705 4102 2079 4168 perpetuum,
2115 4109 2315 4160 noctes
2346 4111 2524 4176 atque
2555 4101 2680 4156 dies
2713 4100 2841 4154 sine
2870 4094 3313 4153 intermissione
3343 4095 3669 4157 ardentem,
3697 4095 3749 4146 et
3780 4099 3893 4142 eum

580 4197 739 4253 aqua
770 4195 889 4234 non
919 4179 1240 4249 exstingui,
1274 4180 1374 4234 sed
1406 4181 1596 4249 magis
1630 4185 1876 4240 accendi
1901 4202 1912 4239 :
1934 4187 2073 4246 ﬁmo
2102 4196 2299 4250 tamen
2324 4193 2489 4249 illum
2516 4186 2833 4259 exstingui.
2866 4187 3006 4260 [Hoc
3032 4185 3172 4241 item
3205 4186 3376 4240 modo
3407 4182 3644 4239 assidue
3672 4180 3726 4236 in
3755 4178 3896 4233 Etna

581 4274 759 4339 atque
793 4271 975 4322 Prusa
1006 4267 1204 4335 ignem
1238 4268 1611 4342 ascendere]

653 4361 859 4413 Narrat
891 4361 1104 4426 printer
1125 4354 1257 4420 ista,
1283 4356 1338 4410 in
1354 4357 1550 4412 media
1573 4358 2029 4422 Indiahomines
2056 4385 2224 4442 repe-

2300 4383 2306 4419 i
2407 4371 2531 4425 Ὀτι
2560 4372 2607 4422 ἓν
2640 4371 2840 4440 ¹⁶μέσῃ
2899 4373 2962 4437 τῇ
3003 4359 3202 4435 Ἰνδικῇ
3255 4363 3524 4437 ἄνθρωποί
3566 4359 3666 4413 εἱσι
3707 4356 3894 4428 μέλανες.

581 4448 682 4505 riri
717 4447 940 4515 nigros,
972 4445 1075 4518 qui
1112 4446 1368 4517 Pygmmi
1401 4448 1776 4518 appellentur
1815 4453 1947 4526 (34).
2009 4441 2175 4516 Eadel

2336 4461 2612 4512 καλοῦνται
2672 4460 2712 4493 1⁷
2789 4461 3068 4526 πυγμαίοι,
3123 4451 3458 4524 ὁμόγλωσσοι
3511 4457 3612 4509 τοῖς
3667 4446 3816 4502 ἄλλοις
3862 4441 3895 4475 ¹τ

581 4539 711 4603 hos,
743 4536 1005 4608 quaIndi
1026 4533 1256 4607 reliqui.
1287 4535 1493 4604 lingua
1508 4537 1606 4598 uti,
1628 4541 1729 4595 sed
1746 4541 1910 4598 valde
1937 4561 2065 4602 esse
2098 4566 2174 4619 pa

2338 4546 2541 4610 Ἰνδοῖς·
2604 4551 2781 4618 μικροὶ
2829 4541 2887 4596 δὲ
2931 4545 3032 4595 εἰσι
3089 4540 3220 4604 λίαν,
3283 4541 3332 4591 οἱ
3386 4544 3700 4613 μακρότατοι
3759 4531 3901 4584 αὐτῶν

581 4644 711 4692 vos,
730 4633 789 4683 ut
805 4625 1318 4682 maximiduorum
1332 4625 1688 4694 cubitorum,
1705 4636 1760 4686 et
1777 4631 2037 4705 plerique
2055 4638 2175 4692 unit

2336 4643 2550 4708 πηχέων
2606 4633 2723 4700 δύο,
2753 4636 2800 4685 οἱ
2846 4630 2905 4685 δε
2950 4632 3186 4683 πλεῖστοι
3215 4629 3324 4687 ἑνὸς
3370 4630 3598 4700 ἡμίσεως
3643 4620 3898 4694 πήχεοςη.

1930 4758 2013 4814 VA
2023 4760 2153 4816 RLE
2191 4761 2490 4818 LECTION
2501 4764 2597 4817 ES.

609 4944 613 4950 '
657 4878 678 4912 ⁸
705 4878 898 4954 πάντας
928 4877 1016 4954 ούς
1133 4875 1298 4954 βηλλῃ
1345 4898 1407 4954 ς·Ζ
1477 4879 1752 4954 ¹[τιμῶσιν
1781 4881 1836 4936 in
1874 4900 1989 4950 mg.
2032 4885 2213 4940 habet
2239 4890 2307 4941 Λ.
2392 4889 2413 4922 ⁸
2444 4894 2539 4948 τῆς
2589 4881 2821 4954 σαρδοῡς
2859 4886 2916 4934 τὸ
2949 4885 3067 4954 ὄρος
3099 4888 3158 4934 Α.
3228 4882 3258 4954 _’
3291 4881 3482 4950 ἡμέρας
3516 4898 3609 4954 ςκ-Δ
3644 4876 3692 4954 ξ⁰
3714 4869 3810 4944 iw]
3839 4873 3907 4954 εἶα

586 4944 656 5032 ξίν)
689 4969 744 5032 ξς
825 4951 862 5032 "1
898 4948 1102 5032 πολλοξὶ
1127 4935 1410 5032 θεοξκίλρξνῖ
1474 4935 1612 5032 ,ηοξ
1639 4952 1778 5006 add.
1805 4935 1998 5006 itit“
2424 4935 2873 5032 ιῖὦδβάςῖτέὲτι
2896 4976 2951 5020 ς’.
2977 4935 2984 4954 Ι
3030 4935 3075 4989 ‘3
3105 4952 3246 5022 ὄντα]
3282 4935 3434 5004 ὄντων
3565 4949 3610 4983 ¹⁸
3636 4944 3682 5000 ἐν
3711 4935 3822 4999 oni.
3848 4943 3904 4993 A.

593 5019 632 5056 ¹⁷
663 5026 752 5073 xui
770 5019 886 5073 καλ.
922 5041 976 5084 ς.
1057 5021 1102 5054 ³⁸
1132 5027 1238 5081 τοῖς
1269 5019 1441 5082 ἄλλοις
1463 5021 1793 5092 ὁμόγλωσσοι
1826 5047 1880 5089 ς’.
1961 5029 2007 5063 ¹⁹
2030 5030 2248 5100 ἡμίσεος
2273 5019 2488 5102 πῆχεως
2521 5051 2574 5094 ς.

802 5271 998 5354 §imile
1018 5271 1155 5342 quid
1181 5272 1699 5354 ὴιώθιῌοιιηρειιε
1740 5291 1902 5346 supr.
1933 5278 2074 5334 Cod.
2107 5283 2160 5333 3.
2417 5284 2526 5354 (33)
2557 5280 2852 5354 «Flagrat
2878 5277 2937 5354 in
2971 5274 3278 5354 Phaselide
3328 5288 3502 5354 mons
3560 5270 3907 5354 Chimugra._ft

803 5336 1115 5424 l‘ipnnos'us
1147 5359 1308 5415 supr.
1350 5343 1660 5424 idem‘fere
1692 5336 1910 5404 narrat.
2024 5419 2059 5424 __
2346 5336 2535 5424 inquit
2557 5353 2697 5407 Plin.
2723 5336 2878 5406 dum
2904 5350 3063 5404 hunc
3093 5346 3301 5402 Ctesias
3327 5345 3522 5400 locum
3549 5339 3714 5396 aﬂ'ert
3741 5336 3833 5392 lib.
3859 5350 3907 5394 ιι.

661 5364 748 5406 ιΰυ
803 5364 1115 5398 Houuosus
1147 5364 1308 5415 supr.
1350 5364 1507 5398 luem
1543 5364 1660 5399 tere
1692 5364 1910 5404 narrat.
2346 5364 2535 5424 mqult
2557 5364 2697 5407 le.
2731 5364 2878 5406 dum
2904 5364 3063 5404 nunc
3093 5364 3301 5402 υιθειω
3327 5364 3522 5400 locum
3549 5364 3714 5396 auem
3741 5364 3833 5392 uu.
3861 5364 3880 5388 ιι

655 5364 769 5494 Dii
803 5413 988 5495 ιιξυω,
1012 5413 1362 5495 ξφιῖιθ-(ιυριη
1399 5415 1620 5468 εὗσιϐῶν
1651 5424 1834 5495 χώραν
1865 5419 2232 5490 appellatum
2344 5440 2476 5492 cap.
2514 5429 2630 5479 “)6.
2897 5494 2905 5495 ί
3418 5486 3474 5495 ___
3554 5483 3570 5495 ι
3651 5483 3688 5495 _

588 5483 790 5563 fuisse,
810 5483 1224 5563 docebitinl‘rI
1256 5487 1476 5563 conon.
1504 5483 1838 5563 narra't.'43.
2415 5483 2527 5563 (34)
2589 5492 2821 5547 Similia
2867 5494 3182 5563 Nonnosus
3232 5505 3365 5563 sup.
3417 5486 3498 5563 Et-
3534 5483 3608 5538 de
3651 5483 3909 5554 Pygmteﬂ

659 5558 768 5625 (32)
810 5557 850 5610 E
885 5555 1169 5628 Bavarico
1209 5559 1407 5613 codice
1442 5560 1553 5614 ista
1583 5562 1752 5616 uncis
1791 5559 2021 5617 inclusa
2058 5563 2232 5620 inseri
2343 5555 2838 5628 Plinfvidendus,
2872 5562 3110 5619 Solinus
3139 5566 3195 5616 et
3232 5555 3553 5616 Juvenalis.

587 5625 702 5693 hic,
747 5631 927 5700 atque
959 5625 1118 5693 alibi,
1148 5643 1267 5683 non
1298 5630 1598 5701 ingratum
1637 5632 1761 5690 fore
1787 5632 2013 5707 putavi.
