4036 6214
188 304 267 360 217

1283 298 1772 357 BIBLIO'I‘HECA.
1811 327 1879 342 --
1919 297 2081 355 COD.
2124 297 2351 355 LXXII.

3389 297 3494 352 218

191 435 327 499 Κόρην
352 424 407 481 δι
442 429 629 499 έχουσι
671 446 1029 502 μακροτατην,
1074 432 1270 503 μέχρις
1304 430 1352 463 ⁸ο
1398 427 1484 479 ἐπὶ
1530 427 1596 478 τὰ
1641 428 1726 496 γό-

1835 424 2129 480 duutaxat
2147 422 2330 479 cubiti
2354 439 2493 479 cum
2518 420 2769 478 dimidio
2792 417 3166 479 altitudinem
3183 435 3307 477 non
3321 437 3495 479 exce-

183 537 283 571 νατι
342 521 419 569 καὶ
489 519 561 569 ’έτι
630 522 943 589 κατώτερον,
1022 522 1110 569 καὶ

184 610 339 659 πάντων
388 604 662 679 ἀνθρώπων
721 626 733 639 ’
794 602 1006 658 ἐπειδὰν
1059 601 1148 657 οὖν
1204 608 1290 656 τὸν
1356 609 1577 675 πώγωνα
1629 606 1725 674 μέ-

181 696 312 766 τοίί
340 698 582 767 φύσωσιν,
629 694 756 765 [148
796 693 899 767 8.]
944 694 1117 747 οὐκέτι
1160 692 1525 766 ἀμφιέννυνται
1575 688 1725 744 οὐδεν

186 787 361 854 ἱμάτιον,
403 781 524 835 ἀλλά
571 786 664 845 τὰς
715 788 911 856 τρίχας
966 786 1052 843 τὰς
1106 786 1196 855 μεν
1247 784 1301 835 ἐκ
1355 790 1447 843 τῆς
1505 780 1725 853 κεφαλῆς

183 874 349 925 ὄπισθεν
368 873 627 923 καθίενται
658 872 789 925 πολύ
831 892 974 925 κατω
1011 881 1111 924 τῶν
1148 873 1394 943 ⁹γονοξτων,
1427 873 1520 932 τὰς
1564 868 1624 923 δὲ
1670 868 1724 921 έκ

177 969 243 1013 τεῦ
299 966 527 1032 πώγωνος
597 963 889 1036 ῖμπροσθεν
958 965 1121 1033 μέχρι
1177 958 1355 1013 ποδῶν
1431 960 1719 1031 έλκομένας,

175 1054 312 1103 ἔπειτα
353 1052 831 1123 περιπυκασάμενοι
893 1053 986 1111 τὰς
1042 1054 1230 1123 τρίχας
1302 1054 1421 1123 περὶ
1476 1048 1612 1101 ἅπαν
1663 1052 1722 1100 τό

174 1148 291 1209 οὐρα
347 1141 646 1204 ζώννυνται,
727 1145 991 1212 χρώμενοι
1064 1139 1242 1201 αὐτοῖς
1306 1137 1421 1191 ἀντὶ
1488 1140 1719 1209 ἱματίου.

173 1224 339 1278 Δίδοίον
381 1221 437 1278 δε
480 1230 624 1297 μέγα
670 1229 911 1298 ἔχουσιν,
956 1229 1090 1279 ὥστε
1138 1226 1324 1298 ψαύειν
1370 1234 1471 1279 τῶν
1516 1236 1722 1301 σφυρῶν

167 1315 314 1377 ὁτῶν,
350 1320 435 1367 καὶ
466 1320 644 1386 παχύ.
684 1316 849 1370 Αὐτοὶ
875 1313 933 1368 δε
972 1319 1019 1351 ³³
1064 1321 1211 1387 σιμοί
1256 1335 1307 1369 τε
1345 1320 1431 1368 καὶ
1464 1316 1712 1389 αἰσχροί.

166 1406 223 1456 Τὰ
258 1400 309 1456 δῖ
348 1403 586 1474 πρόϐατα
633 1404 802 1460 αὐτῶν
845 1408 909 1465 ὡς
956 1406 1124 1479 οῖρνες.
1161 1409 1251 1456 καὶ
1290 1406 1338 1457 οἱ
1382 1408 1487 1456 ὄνοι
1528 1410 1617 1456 καὶ
1670 1408 1724 1457 αἱ

163 1492 256 1564 βόες
288 1494 330 1528 ³³
372 1490 574 1564 σχεδὸν
622 1496 745 1546 ὅσον
787 1499 947 1565 κριοὶ,
991 1499 1081 1546 καὶ
1118 1496 1167 1545 οι
1215 1495 1367 1545 ἵπποι
1415 1493 1585 1546 αὐτῶν
1632 1499 1723 1547 καὶ

162 1584 329 1650 ieiunat
354 1583 401 1617 ⁸⁸
427 1588 517 1634 καὶ
566 1585 631 1634 τὰ
671 1582 803 1635 ἄλλα
846 1588 1009 1642 κτήνη
1054 1585 1224 1635 πάντα
1265 1585 1313 1619 ³⁸
1360 1580 1511 1636 οὐδεν
1557 1584 1721 1654 μείζω

159 1680 304 1742 κριῶν.
360 1670 606 1723 Ἐπονται
656 1667 717 1724 δέ
762 1679 835 1741 τῷ
886 1670 1098 1743 βασιλεῖ
1144 1680 1243 1723 τῶν
1290 1669 1470 1726 Ἰνδῶν
1527 1675 1721 1725 τούτων

159 1767 233 1853 τῶν
267 1764 532 1830 munia)»
584 1756 769 1833 ἄνδρες
806 1760 1114 1853 Δ’τρισχίλιοι
1158 1781 1171 1794 -
1208 1757 1417 1835 σφόδρα
1465 1763 1568 1836 γάρ
1618 1761 1720 1814 εἰσι
1755 1797 1799 1853 Β

158 1847 340 1909 τοξόται.
389 1854 727 1901 Δικαιότατοι
794 1845 854 1902 δέ
911 1850 1013 1902 εἰσι
1083 1854 1172 1902 καὶ
1226 1855 1435 1921 νόμοισι
1483 1858 1718 1923 χρῶνται

155 1938 293 2009 ὧσπερ
336 1939 382 1973 ³⁸
424 1942 515 1989 καὶ
570 1940 621 1990 οἱ
672 1934 853 1992 Ἰνδοί.
902 1942 1106 2010 Λαγούς
1145 1940 1194 1976 ’⁷
1228 1958 1284 1993 τε
1319 1944 1411 1993 καὶ
1454 1937 1723 1999 ἀλώπεκας

157 2024 439 2097 θηρεύουσιν,
489 2026 552 2077 οὗ
594 2034 707 2088 τοίς
752 2032 928 2090 κυσὶν,
989 2026 1116 2080 ἀλλὰ
1167 2029 1351 2101 κόραξι
1408 2031 1499 2079 καὶ
1556 2030 1723 2079 ᾱτίσι

152 2119 220 2163 ui
255 2120 493 2187 κορώναις
536 2119 632 2166 καὶ
675 2113 867 2175 ἀετοῖς.
916 2114 1034 2167 Ὀτι
1075 2115 1225 2189 λίμνη
1272 2116 1413 2169 ἔστιν
1458 2115 1507 2168 έν
1546 2115 1725 2175 αὐτοῖς

154 2198 369 2263 (σταδίων
402 2201 734 2255 ὀκτακοσίων
784 2206 815 2262 ἠ
867 2206 1217 2279 περίμετρος),
1260 2206 1369 2279 ένῇ
1414 2204 1602 2269 ἀνέμου
1650 2208 1721 2276 μή

150 2295 345 2353 πνέοντος
400 2291 575 2344 ἐπάνω
631 2300 726 2357 τῆς
780 2292 965 2365 λίμνης
1016 2294 1183 2347 ἔλαιον
1231 2294 1507 2367 έφισταται
1562 2316 1575 2327 ·

149 2378 401 2450 sinapi”;
443 2380 688 2444 πλέοντες
730 2378 805 2434 δι’
849 2382 1012 2446 αὐτῆς
1062 2382 1117 2435 έκ
1161 2388 1325 2456 μέσης
1372 2383 1537 2444 αὐτῆς
1600 2401 1730 2435 σκα-

147 2472 256 2537 φίοις
299 2477 389 2521 τοῦ
443 2469 625 2522 ἐλαίου
681 2470 1002 2544 ἁπαρύονται
1053 2478 1144 2524 καὶ
1185 2481 1439 2546 χρῶνται.
1483 2480 1726 2547 Χρῶνται

145 2551 192 2607 δι
228 2562 309 2611 καὶ
353 2566 639 2631 σησαμένῳ
686 2562 756 2611 ³⁸.
802 2559 956 2631 Ἐχει
991 2557 1051 2613 δε
1098 2563 1129 2619 ἡ
1174 2560 1329 2633 λίμνη
1368 2566 1458 2614 καὶ
1507 2562 1721 2633 ἰχθύας.

146 2650 223 2697 ιιι
269 2654 333 2715 τῷ
381 2650 619 2722 καρυῖνῳ
677 2644 738 2700 δε
794 2656 1029 2722 χρῶνται
1087 2670 1099 2683 ·
1149 2657 1395 2723 κρεῖσσον
1448 2648 1507 2703 δε
1552 2655 1611 2702 τό
1650 2650 1724 2703 λι-

147 2754 312 2803 pm».

1183 522 1408 587 πώγωνα
1482 520 1726 587 μέγιστον

1635 2306 1726 2355 καὶ

202 2998 334 3053 Ἐστι
372 2998 432 3055 δε
474 3002 668 3055 αὐτόθι
712 3004 937 3077 ἄργυρος
976 3003 1136 3067 πολὺς
1171 3010 1262 3057 καὶ
1304 3004 1534 3080 ἀργύρεα
1559 3008 1607 3042 ³9
1634 3009 1721 3078 μέ-

145 3087 293 3157 ταλλα,
335 3091 393 3143 οὗ
441 3090 620 3164 βαθέα
664 3113 677 3125 ο
729 3091 857 3145 ἀλλὰ
895 3091 1161 3168 βαθύτερα
1192 3091 1321 3148 εἶναι
1348 3113 1478 3166 φασι
1501 3093 1596 3168 [69
1629 3093 1721 3167 9.]

146 3179 197 3226 τὰ
234 3156 285 3229 έν
316 3156 592 3254 Βάκτροις.
641 3179 799 3233 Ἐστι
847 3156 907 3234 δέ
948 3188 1039 3235 καὶ
1082 3156 1293 3256 ἐρυσός
1422 3191 1484 3256 τῇ
1502 3156 1720 3255 ιἸνδικῇ
1757 3156 1798 3213 C

143 3272 286 3337 χώρᾳ,
314 3269 404 3319 οὐκ
437 3268 489 3321 έν
515 3276 633 3331 τοῖς
670 3278 927 3341 ποταμοῖς
955 3272 1321 3344 εὑρισκόμενος
1353 3277 1443 3325 καὶ
1473 3271 1720 3343 πλυνόμεο

144 3372 223 3415 νος,
259 3358 422 3430 ὥσπερ
454 3358 504 3410 ἐν
550 3377 627 3429 τῳ
668 3359 932 3429 Πακτωλῷ
970 3369 1211 3431 ποταμῷ,
1257 3359 1363 3412 ἀλλ’
1415 3365 1509 3433 ὄρη
1557 3360 1722 3413 πο)λὰ

144 3448 211 3495 ui
235 3446 437 3516 μεγάλα,
477 3447 530 3499 έν
582 3449 659 3507 οἷς
692 3448 901 3500 οἰκοῦσι
940 3458 1156 3523 γρῦπες,
1204 3453 1355 3523 ὄρνεα
1397 3447 1719 3523 τετράποδα,

144 3535 319 3600 μέγεθος
346 3537 465 3587 ὅσον
496 3536 679 3599 λύκος,
719 3537 874 3595 σκέλη
904 3543 996 3589 καὶ
1035 3542 1221 3611 ὄνυχες
1250 3540 1430 3612 οἷάπερ
1460 3540 1584 3592 λέων
1615 3561 1627 3573 ·
1656 3542 1722 3592 τὰ

142 3617 179 3669 ὸ
200 3629 261 3691 τῷ
284 3623 414 3695 ἄλλῳ
442 3631 662 3696 σώματι
698 3630 862 3697 πτερὰ
904 3626 1118 3698 μέλανα,
1159 3626 1353 3701 έρυθρὰ
1385 3625 1445 3681 δε
1475 3631 1540 3680 τὰ
1570 3631 1620 3681 ἓν
1648 3636 1720 3699 τῷ

144 3712 308 3765 στήθει.
347 3714 420 3765 Δι’
462 3714 660 3775 αὐτοὺς
684 3711 745 3767 δέ
777 3716 805 3767 ό
831 3714 881 3767 έν
904 3722 1007 3776 τοῖς
1034 3720 1180 3789 ὄρεσι
1222 3722 1432 3789 χρυσός
1461 3719 1621 3779 πολὺς
1650 3718 1718 3769 ὢν

143 3800 306 3863 γίνεται
330 3798 720 3876 δυσπόριστος.

194 3974 296 4029 Ὀτι
329 3982 394 4031 τὰ
433 3979 686 4054 πρόϐατα
712 3990 814 4035 τῶν
859 3979 1055 4048 Ἰνδῶν,
1108 3988 1198 4037 καὶ
1237 3986 1293 4036 αἱ
1341 3982 1481 4055 αἶγες
1507 3984 1720 4056 μείζους

141 4066 238 4115 ὄνιη
264 4068 377 4133 εἰσὶ,
417 4076 510 4122 καὶ
542 4076 793 4122 τίκτουσι
823 4070 919 4123 ἀνὰ
943 4075 1213 4146 τεσσάρων
1246 4075 1295 4108 ³ο
1324 4078 1413 4125 καὶ
1443 4072 1496 4136 ἒξ
1525 4076 1590 4133 ὡς
1631 4072 1715 4125 έπὶ

141 4156 185 4201 τό
208 4155 335 4209 πολύ.
366 4158 611 4231 Ἔχουσι
640 4156 700 4213 δ⁴ε
722 4161 877 4233 οὐρὰς
900 4162 1131 4233 μεγάλας
1161 4184 1172 4195 ·
1208 4158 1295 4214 διό
1325 4171 1424 4214 τῶν
1480 4159 1717 4216 τοκάδων

140 4240 498 4316 ἄποτέμνουσιν,
550 4251 641 4301 ἱνα
684 4246 944 4303 δύνωνται
996 4250 1302 4322 ὀχεύεσθαι.
1356 4251 1445 4313 Ὗς
1492 4248 1553 4305 δι
1600 4256 1717 4307 οὔτε

142 4332 295 4405 ἥμερος
319 4340 432 4390 οὔτε
456 4340 655 4411 ἄγριος
682 4341 824 4391 ἔστιν
857 4342 909 4391 ἂν
946 4347 1009 4411 τῇ
1044 4335 1266 4412 Ἰνδικῇ.
1308 4342 1376 4394 Oi
1406 4336 1466 4393 δε
1494 4346 1716 4412 φοίνικες

142 4423 177 4470 si
200 4422 239 4472 ἐν
265 4421 465 4488 Ἰνδοίος
492 4431 592 4479 καὶ
618 4430 667 4479 οἱ
705 4430 901 4480 τούτων
933 4425 1153 4500 βάλανοι
1189 4428 1493 4502 τριπλάσιοι
1521 4438 1622 4482 τῶν
1666 4429 1715 4482 έν

144 4508 377 4565 Mulier.
449 4522 558 4569 lui
625 4521 857 4588 ποταμόν
930 4535 1090 4589 φησιν
1156 4516 1216 4571 έκ
1273 4522 1465 4592 πέτρας
1532 4520 1716 4593 ῥέοντα
1749 4503 1795 4559 D

1836 511 2003 569 dant.
2033 514 2280 569 Comam
2304 510 2463 584 46b
2488 511 2644 567 alere
2667 509 3105 581 longissimam,
3136 509 3213 565 ad
3240 510 3376 582 ipsa
3392 526 3488 566 us-

1835 618 1955 675 que
1968 617 2169 673 genua
2184 601 2511 657 demissam
2523 644 2536 667 ,
2560 607 2737 672 atque
2757 599 2933 656 etiam
2957 599 3131 669 infra,
3147 616 3283 656 cum
3297 599 3491 657 barba

1835 691 2102 761 longiore
2132 707 2316 763 quam
2343 690 2507 763 apud
2531 689 2680 745 ullos
2709 688 3060 748 hominum:
3086 704 3220 760 Quae
3242 688 3489 761 quidem

1838 779 1939 835 ubi
1970 779 2082 835 illis
2131 780 2483 852 promissior
2511 794 2644 834 esse
2685 776 2951 849 coeperit,
3003 776 3164 833 nulla
3207 776 3491 849 deinceps

1836 874 1996 924 veste
2023 868 2143 939 uti;
2179 867 2287 924 sed
2318 867 2564 939 capillos
2595 866 2779 923 multo
2818 866 2973 922 intra
3014 881 3211 935 genua
3249 882 3287 921 a
3325 871 3491 937 tergo

1833 957 2148 1023 demissos,
2164 956 2541 1029 barbamque
2558 961 2773 1027 praster
2790 961 2993 1026 pectus
3010 954 3087 1010 ad
3108 953 3282 1024 pedes
3300 969 3491 1026 usque

1833 1046 2215 1112 deﬂuentem,
2241 1062 2349 1118 per
2364 1052 2553 1102 totum
2585 1060 2804 1117 corpus
2824 1043 2883 1099 in
2899 1042 3108 1099 orbem
3138 1042 3489 1114 constipare,

1834 1140 1891 1190 et
1918 1135 2172 1205 cingere,
2220 1142 2398 1207 atque
2466 1134 2549 1190 ita
2590 1133 2744 1205 pilos
2781 1132 2928 1204 ipsis
2972 1146 3117 1187 suos
3152 1131 3490 1188 vestimenti

1835 1224 1965 1280 loco
1994 1239 2147 1280 esse.
2186 1225 2499 1280 Veratrum
2528 1222 2639 1279 illis
2666 1236 2799 1277 esse
2828 1236 3102 1277 crassum
3132 1224 3189 1276 et
3217 1220 3487 1291 longum,

1834 1314 1996 1386 quod
2029 1313 2106 1370 ad
2134 1313 2297 1385 ipsos
2322 1328 2566 1386 quoque
2584 1311 2805 1384 pedum
2837 1309 3144 1366 malleolos
3169 1311 3488 1381 pertingat.

1834 1404 2149 1475 Pygmaeos
2196 1403 2375 1458 hosce
2410 1402 2577 1457 simis
2622 1415 2756 1456 esse
2787 1399 3035 1456 naribus
3064 1404 3120 1455 et
3168 1398 3489 1456 deformes.

1833 1492 2108 1564 Ipsorum
2136 1492 2277 1547 item
2308 1507 2453 1548 oves
2474 1504 2771 1560 agnorum
2802 1488 2910 1559 (35)
2942 1493 3285 1545 nostrorum
3306 1487 3493 1545 instar

1832 1596 1998 1646 esse;
2030 1581 2213 1638 boves
2241 1586 2297 1636 et
2340 1581 2541 1635 asinos
2581 1579 2836 1635 arietum
2882 1577 3002 1633 fere
3052 1576 3489 1646 magnitudine,

1831 1685 2020 1743 equos
2033 1670 2171 1725 item
2188 1668 2500 1741 mulosque
2513 1670 2794 1723 etcmtera
2801 1667 2821 1737 j
2833 1671 3076 1722 umenta
3087 1665 3293 1721 omnia
3305 1665 3490 1722 nihilo

1830 1774 1959 1815 esse
1978 1758 2192 1814 nostris
2214 1757 2502 1813 arietibus
2527 1756 2775 1826 majora.
2796 1755 2926 1811 Tria
2948 1755 3158 1811 horum
3181 1770 3491 1827 pygmazo-

1830 1863 1961 1904 rum
1993 1846 2178 1903 millia
2206 1846 2487 1901 Indorum
2505 1860 2707 1915 regem
2737 1845 2797 1900 in
2812 1859 2923 1900 suo
2940 1843 3229 1900 comitatu
3245 1843 3488 1909 habere,

1829 1936 1993 2009 quod
2027 1933 2828 2007 sagittariisintperitissimi.
2857 1934 3137 1990 Summos
3173 1948 3302 1990 esse
3322 1931 3493 2003 justi-

1833 2026 1926 2082 tiae
1980 2024 2255 2089 cultores,
2285 2023 2619 2095 iisdemque
2643 2021 2866 2095 quibus
2896 2021 3024 2077 Indi
3070 2021 3300 2094 reliqui,
3344 2020 3489 2092 legi-

1832 2114 1947 2171 bus
1971 2127 2196 2186 parere.
2226 2113 2439 2169 Venari
2470 2126 2711 2184 quoque
2725 2110 2958 2183 lepores
2984 2110 3338 2182 vulpesque,
3365 2124 3490 2166 non

1833 2202 2110 2267 canibus,
2144 2201 2249 2258 sed
2274 2201 2487 2265 corvis,
2513 2199 2726 2266 milvis,
2754 2198 3114 2265 cornicibus,
3138 2198 3353 2271 aquilis
3381 2197 3492 2254 ad-

1835 2291 2038 2349 hibitis
2065 2295 2200 2361 (36).
2237 2292 2455 2347 Lacum
2499 2288 2664 2361 apud
2692 2304 2795 2345 eos
2833 2302 2966 2344 esse
3012 2287 3490 2355 octingentorum

1839 2382 2169 2438 stadiorum
2199 2380 2431 2438 ambitu
2457 2381 2609 2451 (37);
2642 2379 2737 2435 cui
2780 2378 2977 2435 oleum
3009 2375 3239 2451 [nostro
3272 2377 3485 2449 simile]

1836 2475 2201 2543 supernatet,
2214 2469 2452 2542 quoties
2474 2468 2672 2525 nullus
2688 2468 2913 2541 aspirat
2932 2472 3144 2524 ventus
3163 2485 3181 2533 ς
3204 2482 3310 2538 per
3328 2466 3490 2523 hunc

1834 2573 1978 2628 ergo
2002 2558 2201 2615 lacum
2233 2557 2497 2629 parvulis
2521 2556 2768 2626 navigiis
2795 2560 3016 2620 vectos,
3049 2571 3122 2611 ex
3148 2554 3277 2626 ejus
3304 2553 3487 2610 medi-

1836 2646 2001 2704 tullio
2027 2646 2288 2718 scaphiis
2306 2645 2505 2702 oleum
2537 2645 2613 2701 ad
2643 2660 2820 2701 usum
2844 2644 3101 2701 haurire.
3132 2642 3488 2715 Utiquidem

1834 2742 1890 2793 et
1914 2751 1985 2792 ex
2014 2750 2260 2792 sesamo
2283 2748 2567 2806 expresso
2597 2732 2749 2799 oleo,
2779 2738 2840 2789 ut
2869 2737 2927 2789 et
2954 2747 2986 2787 e
3016 2731 3306 2788 nucibus:
3342 2748 3489 2803 prte-

1835 2823 2090 2882 stantius
2111 2828 2314 2880 tamen
2330 2838 2462 2879 esse
2488 2821 2633 2879 illud
2654 2836 2686 2877 e
2701 2821 2836 2877 lacu
2856 2821 3159 2877 haustum.
3188 2819 3381 2877 Pisces
3401 2821 3485 2877 ni-

1832 2914 2159 2970 hilominus
2188 2912 2410 2969 habere
2436 2911 2593 2968 hunc
2624 2910 2845 2967 lacum.

1902 3001 2224 3060 Abundare
2238 3014 2475 3074 quoque
2493 3000 2701 3056 scribit
2719 2998 2876 3058 hanc
2893 2998 3197 3069 regionem
3215 3003 3483 3069 argento,

1831 3107 2028 3165 neque
2067 3090 2403 3163 profundas
2433 3090 2563 3159 ejus
2611 3104 2744 3146 esse
2783 3087 3039 3158 fodinae,
3070 3086 3177 3144 sed
3232 3088 3486 3145 Bactrias

1830 3180 1990 3252 ipsas
2020 3196 2206 3236 venas
2233 3179 2473 3236 altiores
2498 3178 2725 3235 haberi.
2750 3176 2903 3244 Quin
2934 3181 2992 3233 et
3016 3192 3234 3235 aurum
3262 3177 3487 3233 habere

1829 3272 2096 3327 Indiam:
2130 3284 2253 3325 non
2286 3268 2452 3341 quod
2477 3269 2536 3323 in
2570 3266 2925 3323 ﬂuminibus
2952 3265 3298 3337 reperiatur,
3330 3265 3489 3322 lave-

1826 3365 2061 3431 turque,
2092 3363 2155 3414 ut
2182 3358 2249 3413 ﬁt
2291 3358 2349 3412 in
2380 3356 2614 3413 Pactolo
2651 3354 2941 3422 ﬂumine;
2974 3354 3080 3411 sed
3122 3354 3289 3427 quod
3317 3354 3489 3411 multi

1825 3448 2104 3520 vastique
2131 3452 2365 3502 montes
2393 3444 2794 3517 suppeditent,
2826 3445 2885 3500 in
2914 3442 3137 3516 quibus
3162 3442 3329 3516 quod
3354 3458 3492 3517 gry-

1826 3537 1975 3611 phes
2006 3536 2119 3607 (38)
2150 3534 2418 3592 habitent
2445 3534 2611 3606 (aves
2636 3532 3074 3606 quadrupedes,
3109 3533 3228 3603 lupi
3258 3533 3488 3604 magni-

1829 3627 2055 3692 tudine,
2081 3625 2333 3682 leoninis
2376 3623 2649 3681 cruribus
2690 3628 2869 3695 atque
2918 3622 3244 3691 unguibus,
3274 3623 3487 3695 pennis

1826 3721 1948 3773 toto
1967 3730 2214 3786 corpore
2236 3713 2444 3779 nigris,
2467 3718 2529 3769 at
2553 3713 2613 3769 in
2641 3717 2878 3785 pectore
2905 3710 3131 3781 rubris)
3164 3712 3301 3768 hinc
3333 3713 3488 3768 scili-

1826 3811 1935 3870 cet,
1958 3803 2126 3877 quod
2149 3804 2231 3860 ibi
2257 3807 2422 3859 tanta
2441 3804 2616 3876 copia
2631 3801 2707 3858 sit
2730 3816 2968 3867 aurum,
2992 3800 3309 3857 difficulter
3332 3801 3485 3859 adeo

1826 3892 2103 3951 obtineri.

1897 3982 2181 4038 Indorum
2212 3995 2375 4046 oves,
2398 3994 2733 4053 capraeque
2758 3976 2941 4035 asinis
2960 3990 3090 4033 esse
3111 3978 3329 4033 nostris
3362 3992 3486 4034 ma-

1819 4071 2005 4144 jores,
2025 4076 2081 4127 et
2098 4069 2424 4142 plurimum
2458 4074 2809 4142 quaternos,
2828 4066 2950 4122 imo
2982 4069 3041 4121 et
3057 4081 3235 4121 senos
3254 4080 3484 4136 parere.

1825 4159 2058 4217 Caudas
2084 4172 2223 4215 vero
2251 4157 2404 4214 adeo
2434 4156 2656 4212 habere
2685 4170 2939 4225 magnas
2969 4154 3081 4225 (39)
3110 4160 3171 4209 ut
3207 4152 3334 4209 fetis
3359 4170 3485 4210 am-

1824 4247 2111 4323 putanda
2141 4247 2277 4313 sint,
2303 4261 2427 4319 quo
2454 4260 2682 4302 marem
2721 4242 3037 4301 admittere
3068 4241 3320 4315 possint.
3353 4243 3487 4301 Por-

1824 4355 1963 4397 cum
1983 4338 2096 4410 (40)
2125 4338 2265 4393 item
2289 4351 2484 4409 neque
2511 4334 2769 4391 cicurem
2790 4348 2983 4406 neque
3012 4334 3339 4390 silvestrem
3365 4337 3487 4390 tota

1824 4428 1995 4486 India
2022 4427 2287 4499 reperiri.
2324 4426 2557 4481 Palmas
2602 4422 2850 4490 Indicas,
2882 4438 3213 4496 earumque
3261 4422 3486 4480 fructus

1824 4518 1999 4590 triplo
2014 4531 2146 4573 esse
2159 4530 2345 4588 quam
2368 4514 2533 4586 apud
2548 4512 2908 4570 Babulonios
2930 4512 3210 4583 majores.
3234 4513 3484 4584 Insuper

1822 4612 1879 4664 et
1901 4607 2154 4663 ﬂuvium
2181 4603 2264 4661 ibi
2291 4603 2619 4677 quemdam
2646 4617 2679 4659 e
2705 4607 2873 4673 petra
2900 4600 3073 4658 melle
3097 4601 3302 4658 ﬂuere.

1452 4713 1682 4770 VARIE
1727 4712 2131 4771 LEC’I‘IONES.

146 4598 245 4664 μέλι.

149 4812 499 4913 ..Ἦραν
535 4831 551 4870 ε
584 4818 763 4913 βίκρε
805 4819 997 4913 ς’
1110 4818 1176 4913 '1.
1195 4821 1332 4905 ξείνα
1370 4839 1426 4913 τις·
1480 4890 1505 4913 .
1539 4820 1587 4855 "
1632 4815 1910 4913 631""?-

152 4890 341 5006 ;zéu
371 4890 547 4938 πάντα
572 4890 619 4942 Α
646 4908 660 4942 :
688 4890 858 4940 πάντα
890 4890 1016 4950 ζῶα.
1129 4891 1176 4925 ³⁸
1208 4890 1404 4962 ὥσπερ]
1451 4890 1631 4964 οἷσπερ
1661 4890 1715 4941 Γ
1793 4892 1841 4927 ²⁴⁷
1865 4891 2095 4961 λαγωοὺς
2122 4910 2176 4953 ς’·

200 5014 208 5022 .
281 4977 330 5022 ς·

2882 4814 2929 4848 ’⁸
2961 4818 3045 4864 καὶ
3087 4814 3135 4865 οἰ
3184 4813 3390 4883 ἡμίονοι
3422 4834 3483 4878 ς.

2024 4819 2072 4854 ³³
2106 4818 2160 4871 αἱ
2200 4814 2317 4889 βόες
2345 4819 2431 4867 καὶ
2466 4816 2515 4867 οἱ
2562 4818 2667 4867 ὄνοι
2718 4836 2774 4879 ς.
2882 4814 2929 4848 ’⁸
2961 4818 3045 4864 καὶ
3087 4814 3135 4865 οἰ
3184 4814 3390 4883 ἡμίονοι
3422 4834 3458 4878 ς

2024 4894 2095 4950 ni;
2122 4910 2176 4953 ς.
2290 4887 2338 4923 ³⁸
2372 4888 2598 4957 σησάμῳ
2626 4906 2680 4951 ς.
2795 4887 2840 4921 ﬂ
2871 4883 3095 4957 ἀργύρια
3122 4905 3175 4948 ς.
3290 4886 3339 4920 ³ο
3364 4887 3458 4936 τέσ

2871 4903 3095 4957 αργυρια
3122 4905 3175 4948 ς.
3290 4903 3339 4920 ’⁷
3364 4903 3481 4936 τεσ-

2290 4887 2338 4923 ﬂ
2372 4888 2598 4957 σησάμῳ
2626 4906 2680 4951 ς.

1690 5068 1917 5126 NOTE.

202 5166 527 5250 (ἴθιβιίξη,
556 5169 675 5250 lih-_
730 5186 1031 5250 ινιιηοιιρ.
1078 5174 1380 5250 37,___Hist.
1440 5175 1711 5250 animat.

592 5246 791 5300 totum
833 5235 990 5301 illud
1020 5235 1233 5318 pumili
1260 5246 1490 5319 pecoris
1523 5261 1715 5317 genus

153 5311 393 5368 “tribuit.

202 5382 299 5454 (κ)
322 5383 449 5453 Quo
494 5389 709 5442 autem
756 5385 939 5441 modo
980 5384 1161 5445 hasce
1191 5403 1331 5445 aves
1376 5388 1579 5445 venari
1609 5387 1716 5446 do-

153 5464 285 5534 (μοι
310 5455 553 5534 lndi,_ex
586 5454 788 5534 _Ctesia
814 5456 1218 5517 traditzEliau.
1245 5459 1345 5516 lib.
1367 5476 1443 5526 IV,
1464 5475 1597 5534 cap.
1621 5463 1712 5530 ‘26,

154 5518 215 5578 De
234 5534 345 5581 nat.
368 5518 631 5585 miimal.

202 5595 604 5727 (133ιῆἓὶηῆ
666 5596 844 5670 hujus
894 5598 1006 5658 loci
1057 5600 1411 5672 Antigonus,
1466 5601 1712 5661 lirabil.

1894 5174 2008 5247 (38)
2038 5175 2117 5230 De
2142 5172 2477 5247 gryphibus
2503 5172 2653 5247 haec,
2686 5174 2743 5247 et
2778 5171 2908 5247 auri
2946 5170 3263 5247 colligendi
3297 5170 3482 5230 modo

1823 5243 1954 5319 lege
1984 5243 2117 5319 cap.
2148 5243 2374 5319 21,—1ib.
2411 5261 2491 5313 iv,
2526 5243 2738 5319 Eliani
2766 5244 2851 5301 De
2873 5243 3120 5319 αηίιῃοι.

1895 5314 2007 5390 (39)
2059 5314 2354 5390 ξςυὺὶιυω
2402 5315 2937 5390 totum_latas,ut
2995 5314 3137 5371 hinc
3193 5314 3485 5387 expressit

1823 5386 2032 5445 Elian.
2060 5386 2163 5444 lib.
2194 5405 2255 5454 ιι,
2288 5390 2374 5445 De
2401 5388 2645 5445 aniznal.
2675 5402 2803 5458 cap.
2839 5389 2889 5443 3.

1894 5464 2006 5528 (40)
2038 5458 2215 5516 Addit
2243 5458 2453 5515 Elian.
2501 5458 2606 5515 lib.
2639 5456 2765 5523 xvr,’
2791 5472 2923 5528 cap.
2974 5461 3061 5525 37,
3095 5473 3168 5514 ex
3198 5456 3313 5528 hoc
3356 5456 3481 5514 Cte-

1823 5529 1925 5587 sias
1943 5532 2092 5595 loco.
2126 5530 2280 5586 suilli
2302 5530 2537 5603 generis
2558 5545 2730 5585 usum
2752 5527 2933 5603 Indos
2960 5527 3258 5603 detestari,
3280 5532 3482 5603 ettan-

1822 5608 2025 5677 topere
2046 5602 2126 5657 ab
2143 5618 2213 5658 eo
2237 5599 2558 5669 vescendo,
2581 5616 2767 5677 quam
2789 5601 2867 5658 ab
2883 5599 3170 5659 humanis
3194 5601 3475 5659 carnibus

1822 5673 2167 5734 abhorrere.
