4036 6214
208 279 281 336 Sil
768 270 769 277 “
1289 272 1786 330 BIBLIOTHECA.
1828 303 1896 314 —
1940 271 2102 328 COD.
2138 273 2346 329 LXXII.

3407 280 3509 333 222

204 424 286 480 ρον,
312 403 502 475 χαλκόν,
531 402 723 469 λίθους,
752 408 843 456 καὶ
859 398 1020 455 τᾶλλα
1045 405 1216 455 πάντα
1246 401 1380 459 πλὴν
1406 400 1676 475 ἠλέκτρου·
1708 400 1748 453 εἰ

1863 398 2217 472 buscunque
2246 415 2380 456 eam
2411 399 2591 457 rebus
2628 401 2986 468 admoveris,
3022 402 3231 459 omnia
3258 418 3399 461 mox
3431 405 3509 462 ad

206 492 249 547 δι
270 496 369 545 ὅσον
404 496 589 564 πήχεος
614 493 664 527 ⁸⁵
694 494 725 549 ἠ
774 493 899 567 ῥίζα
945 492 1142 563 ληφθῇ,
1167 491 1300 543 ﬂaui
1329 494 1420 542 καὶ
1460 490 1619 561 ἄρνας
1656 500 1750 549 καὶ

205 584 332 654 ὀρνεα·
378 585 527 653 ταύτῃ
576 585 677 653 γὰρ
726 586 817 633 καὶ
889 583 936 616 ³⁵
1002 584 1069 633 τὰ
1141 580 1363 632 πλεῖστα
1408 588 1508 630 τῶν
1560 576 1746 649 ὀρνέων

207 673 453 742 θηρεύουσα
494 675 581 723 καὶ
632 670 717 723 ἐὰν
769 670 862 743 [70
895 671 980 740 H.]
1043 667 1206 741 βούλῃ
1248 674 1335 721 καὶ
1390 664 1534 740 ὕδωρ
1586 666 1750 729 πῆξαι

205 764 292 813 ὅσον
334 767 448 831 χόα,
498 768 591 822 τῆς
638 760 796 834 ῥίζης
845 758 1075 830 ἐμϐαλὼν
1155 760 1275 810 ὅσον
1334 756 1510 809 ὀϐολὸν
1568 756 1749 818 πήξεις

202 851 311 915 αὐτὸ,
353 854 432 901 καὶ
485 848 567 901 ἑὰν
617 846 771 914 οἶνον,
828 853 1093 913 ὡσαύτως,
1164 852 1254 900 καὶ
1304 847 1432 910 ἕξεις
1488 854 1550 918 τῇ
1605 849 1748 916 χειρὶ

202 939 294 990 αὐτὸ
312 942 465 1011 ὥσπερ
495 944 673 1010 κηρόν
709 947 770 1011 τῇ
823 935 882 991 δὲ
931 940 1182 1008 ὑστεραίᾳ
1208 933 1243 989 δ
1249 943 1501 1008 ιαχεῖται.
1532 931 1749 988 Δίδοται

200 1023 241 1080 δί
260 1026 510 1089 κοιλιακοῖς
530 1025 804 1099 βοήθημα.

1860 504 1920 543 se
1943 493 2271 560 rapturam,
2302 504 2537 555 aurum,
2585 498 2924 561 argentum,
2958 509 3058 559 aes,
3110 491 3359 563 lapides,
3402 510 3512 550 cm-

1863 582 2124 649 teraque,
2161 584 2371 649 praeter
2401 578 2592 635 solum
2627 581 2931 637 electrum.
2959 582 3060 637 Sin
3084 581 3353 638 cubitum
3383 581 3512 639 lon-

1861 680 1997 735 gam
2027 672 2254 738 partem
2289 670 2633 735 resecueris,
2655 670 2781 740 jam
2806 671 3273 743 agnosetiam[et
3301 671 3508 736 boves,

1859 771 1928 811 ac
1960 762 2166 812 caetera
2191 756 2496 828 animalia]
2515 758 2800 831 ipsasque
2831 759 2983 815 adeo
3014 776 3152 816 aves
3182 761 3260 816 ad
3284 776 3347 815 se
3389 776 3513 831 per-

1861 850 2201 900 tracturam.
2217 848 2360 901 Nam
2378 846 2489 919 47
2502 848 2529 901 b
2544 848 2725 919 hujus
2743 848 3119 917 potissimum
3145 848 3366 905 auxilio
3389 865 3512 905 ma-

1858 933 2108 998 ximam,
2150 948 2301 1004 quas
2328 942 2633 1001 venentur,
2670 938 2872 992 avium
2898 943 3128 1008 partem
3162 937 3390 994 incolas
3420 954 3513 994 ca-

1866 1036 2025 1092 pere.
2068 1022 2219 1087 Quin
2248 1023 2448 1089 etiam,
2478 1024 2525 1078 si
2558 1040 2729 1097 aqua:
2757 1025 2853 1083 vel
2880 1026 3167 1097 congium
3210 1026 3512 1097 integrum

196 1116 461 1185 eoagulare
490 1115 653 1181 velis,
686 1115 929 1172 obolum
964 1131 1151 1171 unum
1182 1114 1365 1187 hujus
1414 1112 1632 1170 radicis
1665 1112 1726 1167 in
1772 1124 1997 1182 aquam
2036 1109 2397 1181 conjectum,
2430 1127 2565 1169 eam
2604 1120 2989 1171 coacturum:
3023 1114 3183 1170 idem
3217 1120 3274 1170 et
3296 1115 3357 1170 in
3377 1114 3514 1171 vino

195 1211 514 1272 eventurum,
564 1209 632 1261 ut
672 1221 859 1262 manu
893 1204 1074 1261 etiam
1124 1203 1281 1261 velut
1309 1206 1533 1260 certam
1580 1206 1783 1258 tenere
1824 1200 2047 1271 possis,
2091 1200 2379 1272 postridie
2412 1206 2617 1259 tamen
2667 1203 2927 1261 solutum
2983 1204 3075 1260 iri.
3128 1203 3512 1261 Additetiam

195 1294 407 1350 celiacis
434 1295 728 1351 auxiliari.

244 1381 451 1437 Ἐστιδὶ
478 1389 569 1437 καὶ
624 1388 858 1456 ποταμὸς
907 1381 1158 1458 διαρρέων
1212 1379 1306 1436 διὰ
1353 1389 1448 1443 τῆς
1492 1376 1742 1443 Ἰνδικῆς,

190 1471 390 1543 οὖμέγας
438 1477 548 1543 μὲν,
602 1472 710 1525 ἀλλ’
766 1476 835 1535 ὡς
886 1472 969 1525 ἐπὶ
1026 1469 1123 1526 δύο
1179 1467 1433 1532 σταδίους
1480 1473 1538 1522 τὸ
1576 1466 1741 1542 εὖρος·

191 1564 317 1629 ἄνομα
352 1559 405 1614 δὲ
446 1571 516 1631 τῷ
578 1572 799 1635 ποταμῷ
855 1559 1077 1616 Ἰνδιστὶ
1115 1566 1205 1635 μὶν
1250 1560 1544 1634 ἰ’παρχος,
1576 1558 1748 1615 Ἐλλη-

189 1656 296 1703 usti
323 1648 375 1703 δὲ
402 1658 561 1724 φέρων
605 1655 777 1705 πάντα
826 1655 893 1704 τὰ
931 1651 1123 1721 ἀγαθοί.
1179 1651 1347 1712 Οὗτος
1392 1656 1485 1702 τοῦ
1513 1647 1747 1701 ἐνιαυτοῦ

189 1740 217 1789 λ’
262 1743 435 1813 ἡμέρας
492 1740 737 1815 ἤλεκτρον
800 1740 1064 1815 καταρρεῖ.

188 1831 299 1899 ipsa:
326 1824 512 1902 δένδρα
536 1826 668 1881 εἶναι
693 1831 1017 1904 ὑπερέχοντα
1054 1836 1145 1880 τοῦ
1183 1825 1397 1889 ὕδατος*
1441 1822 1602 1879 ὕδατι
1646 1826 1748 1898 γὰρ

187 1916 318 1987 ῥιίται
339 1919 399 1968 τὰ
418 1921 535 1989 δρη-
588 1916 701 1970 εἶτα
726 1919 836 1992 ὥρα
860 1918 1004 1970 ἔστὶν
1031 1918 1113 1969 ὅτε
1143 1914 1352 1989 δάκρυα
1391 1920 1548 1989 φέρει,
1576 1916 1750 1986 ὥσπερ

187 2002 419 2075 ἀμυγδαλῆ
478 2006 507 2064 ἦ
542 2011 697 2068 πίτυς
726 2008 757 2065 ἦ
790 2005 912 2058 illo
966 2026 1014 2058 τι
1055 2002 1291 2079 δένδρον,
1324 2005 1557 2077 μάλιστα
1588 2000 1645 2056 δὲ
1685 2002 1753 2061 εὶς

184 2092 213 2141 λ’
244 2095 416 2165 enica;
473 2104 567 2147 τοῦ
619 2094 876 2147 ἐνιαυτοῦο
939 2092 1050 2147 εἶτα
1106 2092 1388 2147 ἀποπίπτει
1435 2096 1502 2145 τὰ
1546 2089 1755 2165 δάκρυα

188 2190 315 2232 ταῦτα
340 2184 400 2243 εἰς
424 2188 509 2236 τὸν
565 2188 797 2254 ποταμὸν
854 2189 944 2236 καὶ
987 2190 1267 2254 πήγνυται.
1299 2190 1382 2253 Τῷ
1436 2178 1662 2254 δενδρέῳ
1691 2176 1751 2232 δί

184 2274 315 2341 τούτῳ
339 2276 494 2344 ὄνομα
534 2273 674 2325 ἔστιν
725 2269 946 2325 Ἰνδιστὶ
1005 2278 1323 2344 σιπταχὼρα
1348 2274 1416 2308 "-
1460 2270 1749 2328 Ἑλληνιστὶ

187 2366 389 2430 σημαίνει
442 2362 613 2433 γλυκὺ
664 2360 792 2420 ἡδύ.
844 2362 1091 2417 Κάκιωεν
1165 2364 1214 2413 οἱ
1254 2364 1302 2398 ⁸⁸
1360 2358 1520 2414 Ἰνδοὶ
1578 2358 1751 2411 συλλέ-

183 2467 308 2517 γουσι
334 2454 387 2502 τό
418 2452 687 2525 ἤλεκτρον.
758 2454 928 2524 Φέρειν
980 2448 1040 2503 δὲ
1090 2458 1182 2503 καῖ
1235 2454 1433 2525 καρπὸν
1460 2452 1526 2501 τὰ
1555 2444 1752 2522 δένδρα

185 2534 363 2611 βότρυς,
411 2542 587 2612 ὧσπερ
634 2539 878 2612 ἄμπεὶος,
959 2543 1100 2611 ἔχειν
1156 2541 1202 2576 ³⁸
1274 2537 1334 2593 δε
1405 2541 1496 2601 τὰς
1575 2539 1751 2612 ῥωγας

184 2627 322 2701 ὥσπερ
337 2632 504 2701 κάρυα
526 2634 595 2682 τὰ
629 2630 873 2684 Ποντικοί.

233 2716 306 2769 Ἐν
332 2715 508 2771 τοῖσδε
539 2727 652 2779 τοίς
702 2723 846 2793 ὄρεσι
902 2737 1058 2790 φησιν
1086 2718 1384 2791 ἀνθρώπους
1419 2715 1672 2790 βιοτεύειν
1700 2718 1747 2751 ⁸ο

180 2805 296 2862 κυνὸς
337 2806 544 2875 ἔχοντας
602 2808 844 2878 κεφαλήν·
899 2804 1119 2866 ἐσθῆτας
1172 2802 1231 2858 δὲ
1291 2802 1617 2878 φοροῦσινὶκ
1646 2812 1746 2855 τῶν

181 2888 337 2963 ἀγρίων
382 2896 575 2966 θηρίων
606 2936 620 2957 ,
676 2901 845 2967 φωνὴν
923 2891 982 2948 δὲ
1078 2891 1407 2965 διαλέγονται
1473 2891 1742 2966 οὐδεμίαν,

183 2977 265 3029 ἀλλ’
290 2981 535 3053 ὠρύονται
584 2986 759 3057 ὧσπερ
810 2987 976 3049 κύνες,
1030 2989 1123 3036 καὶ
1171 2984 1305 3037 οὕτω
1360 2989 1600 3036 συνιᾶσιν
1654 2983 1745 3034 αὖ·

182 3077 259 3119 τῶν
299 3076 385 3128 τὴν
431 3078 627 3143 φωνήν.
680 3070 930 3134 Ὀδὸντας
980 3070 1039 3126 δε
1085 3074 1299 3145 μείζους
1354 3076 1543 3144 ἔχουσι
1572 3075 1746 3141 κυνὸς,

182 3161 249 3208 ui
298 3164 404 3220 τοὺς
447 3165 653 3233 ὄνυχας
714 3163 928 3233 ὁμοίους
972 3166 1124 3223 κυνὸς
1189 3164 1257 3229 ⁸³,
1307 3166 1657 3237 μακροτέρους
1689 3160 1749 3214 δε

182 3252 252 3298 καὶ
298 3250 792 3324 στρογγυλωτέρους.
853 3251 1075 3304 οἰκοῦσι
1143 3249 1200 3304 δε
1255 3251 1305 3303 ἐν
1400 3259 1513 3313 τοῖς
1608 3256 1750 3327 ὅριοι

182 3340 312 3409 μέχρι
355 3348 442 3391 τοῦ
520 3336 688 3395 Ἰνδοῦ
748 3349 1005 3413 ποταμοῦ.
1068 3341 1290 3403 Μίλανες
1375 3339 1434 3394 δέ
1485 3341 1589 3394 εἰσι
1661 3344 1751 3393 καὶ

182 3419 348 3479 δίκαιοι
391 3431 547 3496 πάνυ,
603 3432 775 3500 ὥσπερ
828 3436 918 3482 καὶ
982 3433 1032 3483 οἱ
1078 3430 1224 3483 ἄλλοι
1281 3426 1461 3499 Ἰνδοὶ,
1520 3432 1599 3492 οἷς
1661 3432 1751 3482 καὶ

184 3511 524 3585 ἐπιμίγνυνται.
592 3524 691 3572 Καὶ
743 3526 955 3572 συνιᾶσι
1131 3522 1197 3573 τὰ
1226 3520 1348 3592 παρ’
1381 3519 1580 3572 ἐκείνων
1604 3519 1753 3591 λεγό-

182 3618 297 3669 μενα,
321 3605 464 3659 αὐτοὶ
495 3604 557 3660 δε
608 3608 667 3659 οὐ
698 3604 948 3660 δύνανται
975 3605 1329 3680 διαλέγεσθαι,
1359 3608 1488 3660 ἀλλὰ
1517 3616 1578 3681 τῇ
1612 3609 1751 3681 ὠρυ-

182 3696 231 3759 γῇ
258 3693 297 3727 ⁸⁸
323 3700 407 3746 καὶ
432 3703 547 3756 ταῖς
571 3701 735 3768 χερσί
772 3702 862 3750 καὶ
892 3706 1000 3759 τοίς
1045 3694 1321 3758 δακτύλοις
1376 3702 1745 3769 σημαίνουσιν,

186 3778 324 3853 ὥσπερ
373 3785 421 3835 οἱ
471 3790 638 3856 κωφοί
689 3787 759 3841 ⁸³.
819 3786 1101 3839 Καλοῦνται
1157 3783 1217 3840 δὲ
1241 3788 1342 3839 ὑπό
1362 3796 1461 3839 τῶν
1495 3786 1623 3859 [125
1656 3786 1748 3859 3.]

186 3864 329 3919 Ἰνδῶν
380 3872 707 3945 καὶῦστριοι,
764 3876 886 3946 ὅπερ
936 3874 1075 3927 ἔστιν
1129 3875 1420 3934 Ἑλληνιστὶ
1470 3881 1745 3947 κυνοκέφα·

186 3952 348 4011 λοι.ἰ¹ό
392 3958 449 4015 δε
506 3966 648 4025 ἔθνος
697 3963 839 4015 ἐστὶν
878 3964 973 4025 ἕως
1019 3961 1231 4017 δώδεκα
1254 3961 1548 4037 μυριάδων.
1597 3967 1747 4038 Παρά

189 4040 331 4110 δετὰς
350 4054 519 4121 πηγὰς
569 4060 661 4104 τοῦ
716 4060 954 4124 ποταμοῦ
1008 4056 1193 4106 τούτου
1250 4055 1299 4089 ⁴⁸
1357 4053 1470 4106 ἐστὶ
1521 4059 1747 4126 πεφυκὸς

189 4132 307 4195 MK
356 4149 666 4215 πορφυροῦν,
733 4140 786 4204 ἐξ
850 4142 911 4193 οὗ
971 4145 1213 4216 πορφύρα
1269 4141 1528 4214 βάπτεται
1594 4140 1746 4196 οὐδὲν

1928 1376 2163 1433 Interlui
2183 1393 2427 1450 quoque
2454 1379 2687 1439 Indiam
2717 1380 2963 1437 ﬂumine
2992 1396 3114 1439 non
3156 1383 3233 1436 ita
3263 1396 3508 1452 magno,

1855 1464 1974 1522 lato
2013 1466 2285 1523 videlicet
2337 1470 2454 1526 duo
2488 1469 2608 1525 fere
2651 1471 2841 1527 stadia
2890 1474 3017 1536 (47).
3048 1478 3315 1546 ’Ύπαρχος
3353 1470 3512 1527 Indis

1857 1570 1988 1611 esse
2016 1554 2198 1611 ﬂuvio
2222 1572 2459 1623 nomen,
2486 1559 2652 1630 quod
2685 1562 2880 1616 Greece
2907 1560 3134 1626 efferas,
3159 1565 3321 1634 φέρων
3341 1561 3514 1614 πάντα

1858 1646 1925 1696 τὰ
1953 1642 2147 1715 ἀγαθά,
2195 1644 2279 1718 [id
2314 1652 2424 1713 est,
2472 1648 2728 1718 afferam
2760 1652 2910 1707 bona
2951 1649 3202 1723 omnia].
3247 1649 3513 1719 Triginta

1171 1745 1308 1793 Φασὶ
1380 1740 1480 1812 γὰρ
1529 1736 1577 1789 ἂν
1638 1742 1747 1795 τοῖς

1863 1731 2071 1788 diebus
2096 1734 2257 1789 hunc
2287 1751 2596 1806 perannos
2627 1738 2898 1808 singulos
2913 1740 3220 1796 succinum
3238 1740 3299 1795 in
3329 1738 3511 1795 undis

1858 1821 2068 1878 vehere
2100 1840 2113 1875 :
2150 1826 2377 1881 narrari
2405 1826 2562 1882 enim
2610 1827 2669 1881 in
2696 1828 3004 1886 montibus
3040 1828 3166 1900 (qui
3210 1832 3267 1883 et
3289 1828 3405 1899 ipsi
3431 1826 3512 1883 al-

1857 1909 2099 1967 luantur
2124 1914 2325 1985 aqua),
2349 1919 2583 1971 exstare
2609 1931 2682 1971 ex
2702 1931 2863 1988 aqua
2883 1920 3149 1982 arbores,
3180 1932 3315 1989 quae
3350 1921 3509 1972 certo

1860 1999 2002 2055 anni
2053 2006 2337 2073 tempore,
2373 2004 2753 2075 maximeque
2784 2020 2890 2076 per
2924 2005 3161 2077 triginta
3194 2005 3511 2061 continuos

1861 2086 2006 2153 dies,
2036 2089 2398 2161 amygdalae,
2433 2092 2634 2163 pinus,
2662 2092 2993 2165 similisque
3026 2093 3260 2149 arboris
3294 2092 3356 2149 in
3385 2108 3513 2149 mo-

1860 2175 2295 2248 rem,lacrymis
2308 2179 2601 2245 emittant,
2615 2196 2752 2253 qum
2770 2180 2827 2236 in
2847 2181 3238 2253 proﬂuentem
3249 2181 3513 2253 delapsis

1861 2272 2265 2322 concrescant.
2315 2269 2529 2325 Vocari
2581 2285 2713 2326 eam
2748 2270 3026 2327 arborem
3081 2271 3280 2327 Indica
3311 2270 3514 2341 lingua

1858 2354 2155 2421 sipacora,
2214 2372 2350 2429 quas
2403 2374 2521 2415 vox
2581 2359 2777 2416 Graece
2831 2359 3124 2429 signiﬁcet
3178 2359 3366 2432 γλυκὺ,
3420 2358 3514 2416 vel

1859 2438 1965 2500 ἡδὺ
1995 2444 2073 2516 [id
2117 2451 2223 2509 est,
2267 2447 2459 2515 dulce,
2490 2450 2715 2520 suave].
2762 2450 2904 2506 Hinc
2952 2450 3153 2521 itaque
3200 2448 3512 2506 succinum

1860 2547 2037 2588 suum
2084 2534 2262 2591 Indos
2306 2536 2601 2607 colligere.
2648 2537 2792 2594 Vitis
2841 2539 2982 2594 item
3025 2539 3210 2595 instar
3238 2552 3513 2594 racemos

1856 2618 2007 2676 ferre
2051 2622 2293 2680 arbores
2341 2641 2449 2697 pro
2496 2625 2720 2683 fructu:
2755 2642 3086 2700 earumque
3112 2625 3321 2683 acinos
3370 2640 3513 2697 pon-

1855 2707 1985 2764 ticaa
2015 2712 2188 2767 nucis
2220 2713 2629 2783 magnitudine
2659 2729 2811 2770 esse.

1896 2804 2119 2870 Degere
2180 2801 2396 2858 iisdem
2439 2801 2603 2858 hisce
2631 2802 2690 2859 in
2732 2802 3039 2858 montibus
3067 2802 3343 2858 homines
3393 2816 3512 2857 me-

1858 2894 2055 2949 morat
2110 2889 2327 2946 canino
2383 2890 2575 2962 capite
2615 2891 2748 2959 (48),
2793 2890 2897 2963 qui
2945 2890 3205 2947 ferarum
3251 2889 3509 2962 pellibus

1857 2980 2208 3036 vestiantur.
2249 2981 2534 3037 Sermone
2555 2979 2669 3036 hos
2690 2979 2854 3036 nullo
2885 2980 2988 3046 uti,
3021 2994 3244 3037 canum
3276 2983 3510 3036 tantum

1860 3085 2027 3126 more
2039 3068 2311 3125 latratum
2327 3068 2630 3138 edere,atq
2638 3084 2708 3126 ue
2720 3070 2800 3125 ita
2812 3074 3013 3125 mutuo
3025 3084 3153 3126 sese
3163 3068 3509 3138 intelligere.

1859 3161 2073 3215 Dentes
2088 3158 2205 3215 illis
2236 3175 2369 3214 esse
2396 3174 2583 3230 quam
2605 3158 2858 3215 canibus
2880 3159 3233 3229 majores,et
3261 3156 3512 3214 caninos

1860 3246 2130 3305 similiter
2178 3262 2433 3319 ungues,
2476 3247 2583 3303 sed
2644 3247 2943 3318 longiores
2981 3262 3052 3303 ac
3110 3246 3510 3303 rotundiores.

1862 3339 2086 3393 Montes
2118 3336 2374 3392 incolere
2388 3337 2468 3392 ad
2494 3336 2709 3393 Indum
2737 3337 2984 3392 ﬂuvium
3013 3352 3223 3408 usque,
3247 3335 3515 3392 etcolore

1861 3440 1995 3482 esse
2007 3425 2201 3495 nigro,
2215 3424 2605 3497 insignesque
2612 3425 2849 3496 justitiaa
2867 3425 3141 3490 cultores,
3162 3429 3515 3482 caeterorum

1863 3514 2145 3571 Indorum
2192 3529 2375 3581 more,
2414 3513 2567 3570 inter
2614 3531 2764 3587 quos
2821 3522 3149 3571 versentur.
3184 3514 3514 3583 Intelligere

1859 3619 2251 3676 quoquequaa
2272 3603 2346 3660 ab
2372 3605 2527 3660 Indis
2550 3604 2845 3669 dicantur,
2860 3604 3115 3675 licetipsi
3146 3604 3311 3675 loqui
3340 3603 3513 3658 mini-

1861 3709 1956 3750 me
1982 3692 2231 3765 possint,
2270 3699 2333 3748 ut
2377 3697 2695 3765 propterea
2723 3696 2954 3757 latratu,
2986 3692 3289 3761 manibus,
3331 3696 3513 3763 atque

1857 3782 2059 3852 digitis
2071 3781 2414 3852 signadent,
2438 3781 2956 3853 quemadmodum
2970 3780 3087 3837 fere
3108 3780 3265 3836 surdi
3280 3796 3350 3837 ac
3363 3778 3513 3836 muti

1860 3868 2077 3927 solent.
2128 3871 2338 3928 Vocari
2380 3870 2488 3926 hos
2527 3872 2599 3927 ab
2642 3870 2801 3926 Indis
2840 3870 3306 3938 calystrios(49),
3352 3868 3514 3941 quod

1859 3960 2037 4017 Graeci
2064 3959 2327 4016 dicerent
2354 3958 2747 4032 κυνοκεφοῦους,
2781 3959 2841 4014 id
2876 3963 2964 4014 est
2991 3958 3328 4026 canicipz'les
3358 3957 3513 4030 [car-

1857 4048 2036 4105 nibus
2065 4049 2308 4105 eosdem
2322 4048 2480 4104 vesci
2511 4047 2759 4121 crudis],
2778 4047 3076 4118 totiusque
3091 4047 3281 4117 gentis
3310 4045 3508 4116 capita

1856 4140 2160 4195 numerari
2185 4138 2264 4195 ad
2284 4142 2521 4194 centum
2550 4142 2609 4193 et
2637 4135 2849 4207 viginti
2870 4135 3073 4192 millia.
3108 4135 3285 4192 Addit
3306 4135 3383 4191 ad
3401 4134 3515 4191 hu-

190 4222 322 4275 ἥττων
352 4230 395 4263 ⁴⁶
424 4239 519 4291 τῆς
562 4229 882 4297 Ἑλληνικῆς,
934 4230 1061 4283 ἀλλὰ
1109 4236 1197 4283 καὶ
1224 4231 1355 4283 πολὺ
1380 4232 1743 4307 εὐανθεστίρα.

1863 4224 1948 4297 ius
1979 4225 2260 4292 ﬂuminis,
2294 4227 2437 4299 [jam
2456 4225 3044 4299 proximedescripti]
3072 4223 3281 4292 fontes,
3305 4224 3513 4281 ﬂorem

242 4487 344 4543 Ὀτι
380 4493 564 4547 αὐτόθι
622 4494 737 4549 ἐστὶ
786 4500 1033 4567 ⁹γινόμενα
1080 4498 1241 4570 θηρία
1285 4500 1343 4549 τὸ
1373 4499 1581 4569 μέγεθος
1622 4500 1744 4552 ὅσον

192 4576 423 4651 ιέιθαρος,
470 4582 665 4659 ἄρυθρὰ
708 4585 757 4619 ⁴⁶
806 4580 866 4637 δί
910 4586 1084 4658 ὥσπερ
1157 4584 1452 4659 κιννάϐαρι·
1482 4584 1649 4648 πόδας
1679 4584 1740 4641 δὴ

194 4663 280 4733 ἔχει
325 4676 547 4745 μακροὺς
625 4670 851 4746 σφόδρα.
920 4673 1164 4727 Μαλακὸν
1223 4671 1283 4728 δέ
1368 4674 1510 4728 ἐστιν
1564 4676 1739 4751 ὥσπερ

1855 4315 2025 4373 nasci
2050 4332 2437 4389 purpureum,
2471 4332 2545 4374 ex
2565 4331 2687 4389 quo
2708 4330 2978 4387 purpura
2998 4315 3279 4384 tingatur,
3312 4316 3514 4372 Graeca

1856 4402 1988 4476 ipsa
2017 4404 2202 4463 nihilo
2233 4405 2495 4471 inferior,
2526 4406 2644 4462 imo
2676 4404 2865 4463 multo
2893 4404 3175 4461 ﬂoridior.

1946 4495 2171 4553 Ibidem
2189 4501 2247 4552 et
2261 4494 2550 4551 animalia
2570 4494 2686 4567 (50)
2707 4494 2870 4551 nasci
2902 4492 3192 4551 scarabmi
3211 4491 3509 4562 magnitu-

1850 4589 2009 4654 dine,
2032 4587 2218 4643 instar
2234 4584 2578 4642 cinnabaris
2592 4583 2882 4652 rubentia,
2897 4598 3028 4655 quae
3048 4582 3229 4655 pedes
3242 4581 3509 4638 habeant

1849 4676 2257 4747 longissimos,
2298 4679 2355 4731 et
2386 4673 2682 4730 vermium
2705 4671 2890 4728 instar
2919 4670 3123 4729 mollia
3149 4670 3302 4728 sint:
3336 4668 3505 4727 nasci

1494 4826 1729 4884 VARJE
1768 4826 2060 4885 [ΒατιοΝ
2067 4826 2176 4883 ES.

251 4970 289 5050 ’ἶ
312 4990 605 5050 ηχεωςγς,
659 4980 723 5029 ut
780 4974 948 5050 solet.
1030 4977 1075 5013 ³⁸
1121 4980 1211 5030 καὶ
1248 4992 1324 5034 ne
1356 4976 1579 5035 habeat
1603 4979 1649 5034 Α
1682 4993 1758 5035 an
1789 4978 1955 5036 aliud
1986 4977 2131 5050 quid
2157 4991 2279 5033 non
2310 4974 2518 5050 liquet.

594 5051 756 5119 φασιν
785 5048 1242 5124 έ-ῌβιοιτεύιιν-Α.
1268 5122 1276 5124 Α
1319 5049 1363 5086 ⁴¹
1395 5050 1582 5122 ὁμοίως
1629 5059 1794 5104 κυνῶν
1825 5070 1882 5115 ς’.
2054 5048 2218 5124 ὀρυγῇ
2275 5068 2332 5114 ς’.

197 5039 445 5114 ηὲχιιλ.
522 5039 571 5082 ⁸⁸

2602 4974 2646 5008 ⁸⁷
2680 4975 2955 5047 σιπαχόρα
2986 4992 3073 5047 ς’..
3120 4973 3167 5007 ³⁸
3194 4975 3251 5047 οἱ.
3286 4986 3406 5047 om.
3440 4971 3506 5027 A.

2408 5048 2455 5118 ει
2512 5049 2833 5118 pastu?“
2864 5043 3005 5118 dum
3048 5044 3096 5118 Α
3132 5043 3329 5111 omisi,
3370 5057 3510 5115 qua

196 5111 345 5185 "1160
368 5111 690 5185 adduntur,
713 5122 805 5171 καὶ
833 5111 1037 5175 ἅλαλοι.
1117 5120 1165 5157 ⁸⁴
1192 5122 1378 5174 τούτου
1402 5111 1495 5175 ⁴ιῖοῦ
1526 5111 1764 5197 ποταμοῦ
1793 5111 1849 5187 ς.
1927 5123 1973 5157 ⁴⁵
2004 5111 2250 5181 ἥττον’λ.
2286 5111 2296 5114 ⁷
2326 5120 2374 5155 ⁴⁶
2405 5113 2466 5171 δὲ
2496 5111 2631 5190 post
2654 5111 2848 5193 ἐρυθρὰ
2876 5115 3020 5173 add.
3052 5116 3119 5169 A.

1720 5265 1947 5323 NOTE.

255 5402 350 5477 (i7)
382 5402 735 5477 Hypobarus
758 5402 967 5477 legitur
999 5404 1163 5477 apud,
1196 5404 1377 5462 Plein.
1425 5406 1528 5462 lib.
1559 5423 1765 5471 xxxvn,

1923 5404 2031 5473 (49)
2064 5406 2171 5460 Pro
2212 5401 2524 5459 mendacio
2573 5402 2696 5458 haec
2727 5400 2905 5459 habet
2933 5399 3267 5457 Philostrat.
3321 5399 3513 5457 Refert

199 5483 305 5545 gap.
333 5476 363 5527 2
389 5480 539 5545 extr.
580 5474 679 5530 ubi
718 5480 776 5531 et
803 5473 1079 5532 universo
1131 5476 1299 5545 ferre
1342 5478 1494 5533 bona
1540 5494 1612 5533 ex
1651 5478 1765 5533 hoc
1853 5492 1924 5532 ea
1955 5483 2153 5531 tamen
2180 5490 2247 5531 ex
2278 5476 2486 5530 Ctesia.
2518 5473 2668 5529 Plin.
2702 5473 2806 5530 lib.
2841 5490 2932 5538 vn,
2965 5488 3099 5544 cap.
3132 5477 3183 5527 2.

202 5539 369 5599 Etesiis
406 5544 536 5602 loco
572 5546 871 5602 restituas.

256 5615 355 5684 (ιε)
406 5618 715 5689 Exscripsit
734 5616 864 5699 haec
899 5618 1004 5746 igit
1035 5617 1373 5679 lndicorum
1401 5619 1604 5703 Ctesite
1626 5618 1769 5702 alia-

256 5698 297 5740 ie
319 5686 608 5746 pleraque)
642 5687 897 5746 [Ellam]
968 5730 982 5745 .
1011 5705 1083 5746 ιν.
1114 5704 1245 5746 can.
1275 5688 1364 5746 46.
1396 5690 1549 5746 Hist.
1577 5705 1762 5746 amm.

904 5688 982 5746 ib.
1011 5705 1083 5755 ιν,
1114 5704 1245 5764 cap.
1275 5688 1364 5758 46,
1396 5689 1549 5747 Hist.
1577 5690 1762 5749 anim.

202 5695 297 5757 que
318 5686 613 5764 pleraque]
642 5687 897 5747 [Elian]

1924 5546 2406 5633 (soi-thegcshtec
2438 5545 2612 5633 apud
2662 5545 2957 5602 lElianum
2979 5542 3243 5633 quoque,
3298 5542 3401 5601 lib.
3436 5560 3509 5611 ιν,

1855 5635 1985 5693 cap.
2020 5618 2108 5681 46.
2143 5618 2226 5674 De
2254 5616 2511 5675 animal.
