4036 6214
496 266 600 320 223
1721 264 1961 319 PHOTIl
2001 263 2087 318 PA

2202 261 2484 318 IARCHE
2523 263 2626 317 (ΞΡ.
3708 269 3796 325 224

495 391 621 448 haec
649 391 707 446 in
733 389 846 446 illis
865 391 1179 447 arboribus
1194 406 1330 465 quas
1347 391 1658 448 succinum
1671 391 1883 462 ferunt,
1915 405 2089 446 earun

2203 402 2220 442 ι
2255 389 2480 453 σκώληξ.
2519 395 2616 443 Καὶ
2646 395 2844 461 γίνεται
2871 396 3039 442 ταῦτα
3091 389 3174 442 ἐπὶ
3219 397 3311 442 τῶν
3363 387 3578 466 δένδρων
3625 401 3712 446 τῶν
3745 399 3797 446 τὸ

497 496 615 553 que
632 480 851 535 fructus
871 480 945 535 ad
962 496 1098 536 eum
1124 480 1372 536 modum
1391 481 1711 553 depascere
1723 486 1901 553 atque
1921 479 2091 535 vitiari

2252 478 2495 549 ἤλεκτρον
2526 483 2795 552 φερόντων,
2847 483 2935 530 καὶ
2989 482 3074 530 τὸν
3133 482 3322 551 καρπὸν
3373 483 3620 533 κατισθίιι
3659 482 3801 533 αὐτῶν

494 586 612 641 quo
649 569 914 641 phthires
937 569 1098 640 apud
1113 571 1342 626 Graecos
1368 570 1514 626 vites
1540 571 1785 642 perdere
1815 585 1885 625 ac
1912 573 2088 624 vasta]

2252 571 2336 618 καὶ
2372 564 2680 640 διαφθείρει,
2716 569 2888 639 ὥσπερ
2922 565 2968 617 έν
3019 573 3125 626 τοῖς
3169 566 3403 624 Ἐλλησιν
3447 571 3493 619 οἱ
3523 571 3702 641 φθεῖρες
3725 571 3804 630 τὰς

496 657 708 713 solent.
734 656 1301 730 58alndositaque
1332 658 1696 715 animalibus
1725 659 1892 714 hisce
1927 663 2090 713 contr

2251 655 2527 727 ἀμπέλους.
2579 663 2757 708 Ταῦτα
2803 653 2889 708 οὖν
2941 658 3006 708 τὰ
3079 658 3237 729 θηρία
3284 655 3526 729 τρίϐοντες
3573 661 3616 708 οἱ
3669 655 3805 710 Ἰνδοὶ

496 744 838 817 tispunicea
853 762 963 801 sua
975 761 1120 816 saga
1140 747 1581 819 tunicasque,et
1596 747 1889 820 quidquid
1908 752 2088 817 prmte

2253 743 2521 817 βάπτουσι
2563 747 2649 805 τὰς
2694 741 2983 817 φοινικίδας
3034 751 3123 796 καὶ
3176 749 3292 806 τοὺς
3344 756 3559 816 χιτῶνας
3590 752 3670 798 καὶ
3701 747 3805 798 ἄλλο

494 851 565 891 ea
622 832 821 900 velint,
854 834 1112 902 inﬁcere,
1163 835 1415 893 tinctura
1460 836 1636 907 longe
1675 852 1858 910 quam
1917 836 2088 892 Persii

2251 836 2275 885 ὃ
2328 853 2380 884 τι
2435 833 2494 885 ὄιν
2544 832 2850 905 βούλωνται.
2915 839 3014 888 Καὶ
3069 834 3172 887 εἰσὶ
3223 835 3264 870 ⁸⁷
3327 833 3504 906 βελτίω
3556 843 3647 886 τῶν
3686 838 3810 904 παρὰ

493 922 925 996 praestantiore.

2253 926 2474 994 Πέρσαις
2497 922 2806 995 βαμμάτων.

564 1013 773 1068 Narrat
786 1011 1030 1085 insuper
1044 1013 1154 1070 hos
1167 1015 1609 1087 cynocephalos
1625 1015 1684 1071 in
1709 1013 2014 1071 montibus
2041 1013 2143 1069 ha-

2318 1010 2439 1063 Ὀτι
2490 1015 2538 1064 οἱ
2593 1011 2926 1084 κυνοκέφαλοι
2977 1012 3230 1073 οἰκοῦντες
3285 1011 3333 1064 ἓν
3388 1020 3488 1073 τοῖς
3528 1016 3685 1083 ὄρεσιν
3730 1013 3809 1064 οὐκ

492 1101 751 1157 bitantes
790 1101 1020 1158 nullum
1060 1119 1328 1160 exercere
1353 1105 1692 1176 opiﬁcium;
1722 1105 1829 1160 sed
1859 1103 1933 1160 de
1961 1118 2086 1158 ven;

2252 1098 2574 1172 ἐργάζονται,
2635 1100 2734 1153 ἀπὸ
2794 1103 2958 1174 θήρας
2997 1096 3057 1154 δι
3101 1102 3284 1162 ζῶσιν
3338 1103 3450 1154 ὅταν
3495 1097 3550 1154 δὲ
3606 1100 3810 1153 ἀποκτεί-

493 1191 653 1246 tione
680 1193 890 1257 vivere,
909 1191 1184 1264 ferasque
1205 1209 1359 1265 quas
1376 1193 1700 1249 occiderint
1729 1194 1806 1249 ad
1825 1193 2009 1248 solem
2024 1199 2083 1246 to

2250 1209 2406 1242 νωσιν
2453 1190 2604 1256 αὐτὰ,
2641 1191 2838 1243 ὀπτῶσι
2858 1195 2988 1262 πρὸς
3027 1194 3114 1242 τόν
3156 1190 3321 1250 ἣλιον.
3369 1194 3618 1264 Τρέφουσι
3657 1186 3710 1241 δὲ
3733 1195 3807 1240 καὶ

492 1294 641 1334 rere.
672 1281 938 1349 Magnam
991 1281 1380 1337 nihilominus
1418 1284 1646 1354 pecoris
1690 1282 1930 1354 copiam
1960 1280 2086 1336 aleri

2249 1278 2486 1350 πρόϐατα
2532 1279 2692 1332 πολλὰ
2743 1284 2830 1331 καὶ
2887 1278 3037 1351 αἶγας
3089 1285 3178 1332 καὶ
3239 1284 3378 1340 ὅνους
3439 1281 3504 1342 ⁸⁸,
3541 1282 3731 1330 πίνουσι
3761 1275 3810 1330 δι

492 1383 931 1443 caprarumque
957 1371 1256 1427 etovium:
1287 1387 1546 1444 quarum
1561 1371 1800 1442 quidem
1823 1371 2022 1426 ovium
2047 1370 2086 1426 Ιι

2247 1365 2386 1437 γάλα
2414 1372 2502 1420 καὶ
2527 1367 2754 1439 ὀξύγαλα
2784 1378 2882 1420 τῶν
2921 1367 3214 1442 προϐάτων.
3267 1368 3528 1422 Ἐσθίουσι
3562 1364 3613 1419 δε
3638 1369 3811 1418 καὶτὸν

492 1463 670 1529 atque
700 1459 959 1530 oxygala
990 1475 1098 1531 pro
1119 1463 1265 1531 potu
1287 1461 1397 1515 illis
1423 1461 1513 1516 sit.
1551 1460 1714 1516 Vesci
1738 1465 1938 1515 tamen
1962 1459 2086 1516 etia:

2248 1459 2445 1528 καρπὸν
2476 1465 2567 1509 τού
2619 1464 2976 1532 σιπταχόρου,
3031 1457 3116 1528 ἀφ’
3149 1459 3209 1509 οὗ
3255 1462 3340 1509 τὸν
3366 1457 3602 1526 ἤλεκτρον
3631 1454 3815 1525 (γλυκύς

493 1545 825 1616 εὶρειοὶιοτω
857 1548 1048 1604 fructu
1082 1566 1095 1615 ;
1141 1565 1172 1604 e
1210 1565 1331 1622 qua
1358 1551 1463 1621 [uti
1493 1550 1717 1605 dictum
1760 1554 1845 1604 est
1875 1548 2087 1605 arbore

2246 1546 2344 1616 γάρ
2373 1544 2527 1616 έστι)’
2577 1552 2668 1599 καὶ
2723 1547 3043 1620 ξηραίνοντες
3100 1547 3290 1608 αύτούς
3335 1542 3592 1617 σπυρίδας
3646 1543 3818 1617 συρρά-

494 1637 801 1691 succinum
825 1643 1065 1694 emanat
1093 1660 1102 1703 ;
1132 1638 1368 1694 dulcem
1396 1639 1552 1695 enim
1580 1638 1746 1694 illum
1788 1654 1935 1694 esse.
1973 1637 2088 1693 Hur

2249 1653 2489 1703 πτουσιν,
2519 1638 2692 1710 ὥσπερ
2723 1634 2770 1688 έν
2809 1643 2911 1696 τοῖς
2937 1635 3164 1693 Ἐλλησι
3193 1642 3286 1693 τήν
3315 1630 3576 1707 ἀσταφίδα
3599 1635 3662 1686 ⁸³.
3690 1635 3748 1684 Οἱ
3769 1629 3819 1684 δὲ

490 1725 628 1781 item
667 1725 796 1783 illos
812 1727 1064 1784 fructum
1099 1729 1425 1785 arefactum
1455 1730 1513 1784 in
1540 1729 1749 1785 corbes
1781 1729 2084 1799 constipar

2248 1723 2584 1795 κυνοκέφαλοι
2646 1721 2872 1796 σχεδίαν
2929 1729 3281 1793 ποιησάμενοι
3339 1729 3426 1776 καὶ
3478 1723 3712 1782 ὶπιθέντες
3737 1720 3820 1772 ἁπ-

489 1814 565 1870 ad
594 1830 730 1871 eum
768 1817 1005 1872 modum
1038 1834 1160 1889 quo
1194 1835 1339 1874 uvas
1389 1834 1598 1890 passas
1641 1819 1845 1874 Graaci.
1879 1817 2083 1872 Eosdel

2250 1813 2440 1881 άγουσι
2471 1813 2518 1847 ⁵⁰
2564 1818 2748 1887 φόρτον
2787 1815 2971 1866 τούτου
3031 1819 3120 1865 καὶ
3177 1821 3273 1874 τῆς
3307 1815 3580 1886 πορφύρας,
3612 1814 3664 1861 τό
3693 1811 3821 1868 ἄνθος

487 1902 617 1958 illos
648 1905 1092 1976 cynocephalos
1137 1911 1324 1962 ratem
1355 1923 1597 1978 quoque
1641 1905 2081 1976 extemporaria:

2248 1902 2472 1974 καθαρὸν
2529 1906 2860 1967 ποιήσαντες,
2911 1901 3023 1974 [καὶ
3077 1910 3168 1953 τοῦ
3230 1902 3478 1971 ἠλέκτρου
3507 1900 3576 1972 ⁵¹]
3629 1897 3820 1960 ξ’καίο’

483 1998 842 2056 construere,
876 2009 998 2066 qua
1032 1995 1380 2065 impositum
1412 1995 1828 2066 hujusfructus
1859 2010 2033 2062 onus,
2069 2011 2077 2046 ι

2252 1987 2334 2060 [9|
2377 1990 2467 2063 H.]
2501 1990 2725 2043 τάλαντα
2757 1999 2848 2044 τοῦ
2896 1990 3152 2056 ὶνιαυτού,
3202 1996 3295 2042 καὶ
3345 1993 3444 2060 ὅτῳ
3500 1991 3544 2024 ⁸³
3583 1992 3633 2039 τό
3685 1991 3822 2057 φοινί-

486 2087 542 2135 et
572 2096 852 2152 purpura
877 2085 1001 2152 (sed
1035 2089 1291 2154 purgato
1331 2085 1493 2155 prius
1525 2085 1649 2157 ejus
1685 2083 1850 2146 ﬂore)
1882 2083 2080 2155 itemqi

2247 2096 2358 2129 κιον
2403 2077 2680 2151 βάπτεται,
2728 2089 2819 2131 τού
2875 2082 3148 2154 φαρμάκου
3229 2081 3374 2152 ἕτερα
3446 2084 3684 2129 τοσαῦτα.
3740 2080 3822 2126 Καὶ

486 2169 704 2236 electri,
738 2171 814 2225 ad
847 2171 1101 2226 ducenta
1125 2177 1182 2227 et
1199 2173 1508 2243 sexaginta
1541 2172 1780 2237 talenta,
1813 2178 2080 2245 quotann

2247 2165 2495 2239 ἠλέκτρου
2546 2168 2700 2239 χίλια
2743 2170 2967 2221 τάλαντα
3021 2167 3292 2238 ἀπάγουσι
3334 2167 3446 2218 κατ’
3509 2165 3724 2216 ἐνιαυτόν
3763 2170 3824 2231 τῷ

487 2258 782 2315 avebant:
833 2260 1048 2315 additis
1088 2261 1323 2316 talentis
1342 2240 1585 2317 totidem
1628 2262 1780 2317 illius
1819 2240 2081 2334 pigment

2247 2240 2424 2335 :lvdaiw
2452 2255 2681 2329 βασιλεῖ.
2714 2262 2811 2310 Καὶ
2843 2259 2993 2332 ἕτερα
3019 2254 3077 2310 δὲ
3125 2260 3447 2327 κατάγοντες
3485 2254 3707 2306 πωλοῦσι
3734 2258 3827 2311 τοῖς

487 2361 611 2418 quo
643 2346 957 2404 infectores
972 2348 1292 2422 puniceum
1309 2350 1566 2406 colorem
1585 2350 1894 2406 inducunt.
1931 2351 2081 2405 Elect

2265 2341 2429 2406 Ινδοῐς
2485 2351 2610 2420 πρός
2657 2347 2847 2420 ἄρτους
2909 2352 2997 2398 καὶ
3044 2346 3236 2418 ἄλφιτα
3285 2351 3375 2396 καὶ
3431 2343 3602 2406 ξύλινα
3646 2343 3823 2412 ἱμάτια.

491 2440 779 2506 praeterea
791 2437 950 2493 mille
966 2438 1186 2494 talenta
1199 2440 1522 2510 quotannis
1536 2439 1613 2496 ad
1629 2443 1643 2495 Ι
1654 2439 1911 2495 ndorum
1936 2454 2085 2509 rege:

2252 2434 2490 2487 Πωλοῦσι
2537 2431 2596 2487 δε
2634 2440 2724 2487 καί
2774 2434 2915 2506 ξίφη,
2970 2435 3046 2496 οἷς
3098 2442 3338 2507 χρῶνται
3412 2436 3541 2504 πρὸς
3611 2434 3698 2487 τὴν
3745 2436 3830 2479 τῶν

485 2522 799 2579 advehere.
825 2525 942 2581 imo
971 2531 1029 2582 et
1060 2527 1178 2582 alia
1205 2526 1374 2598 plura
1397 2527 1688 2582 devehere
1719 2527 1794 2583 ad
1837 2529 2012 2583 Indos
2045 2545 2078 2583 v

2253 2526 2442 2598 θηρίων
2482 2526 2668 2597 οἱγραν,
2727 2529 2815 2576 καὶ
2847 2523 2972 2586 τόξα
3009 2529 3095 2576 καὶ
3145 2521 3380 2576 ἀκόντια’
3431 2523 3562 2574 πάνυ
3613 2522 3706 2592 γὰρ
3755 2521 3831 2566 καὶ

484 2611 668 2676 nalia,
699 2614 1043 2685 proquibus
1065 2615 1322 2671 vicissim
1339 2631 1545 2688 panes,
1562 2616 1818 2672 farinam
1831 2621 1885 2672 et
1905 2617 2078 2690 xylin:

2251 2608 2410 2664 δεινοί
2449 2613 2578 2665 εἰσιν
2632 2613 2920 2674 ἀκοντίζειν
2976 2618 3066 2664 καὶ
3122 2612 3370 2674 τοξεύειν.
3419 2607 3752 2679 Ἀπολέμητοι
3787 2600 3829 2656 δ’

488 2706 684 2756 vestes
701 2702 1014 2774 accipiant.
1047 2703 1277 2760 Habere
1290 2721 1534 2778 quoque
1547 2721 1722 2762 enses
1736 2705 1996 2770 venales,
2012 2722 2082 2778 qu

2249 2701 2349 2753 εἰσι
2398 2699 2492 2753 διὰ
2533 2705 2589 2752 τὸ
2642 2701 2799 2754 οἰκεῖν
2874 2703 3056 2761 αύτούς
3132 2705 3253 2774 ᾷοεα
3298 2699 3473 2752 ἄϐατα
3515 2703 3601 2749 καὶ
3647 2694 3821 2765 ὑψηλά-

487 2789 603 2845 hus
635 2790 748 2863 ipsi
762 2791 836 2847 ad
856 2798 1141 2849 venatum
1160 2799 1421 2859 utuntur,
1438 2811 1575 2851 cum
1599 2794 1856 2851 arcubus
1887 2800 1944 2850 et
1965 2796 2081 2866 jaci

2249 2787 2530 2843 Δίδωσιδε
2581 2791 2759 2852 αὐτοῖς
2827 2786 2919 2843 διὰ
2966 2794 3203 2861 πέμπτου
3263 2792 3412 2850 ἔτους
3458 2784 3656 2860 δῶραό
3691 2780 3830 2855 βασι-

491 2878 562 2933 lis
588 2897 600 2946 ;
636 2880 1028 2951 peritissimos
1058 2883 1219 2938 enim
1254 2899 1382 2939 esse
1408 2883 1717 2954 jaculandi
1749 2888 1927 2955 atque
1957 2885 2082 2957 sagi

2245 2879 2378 2944 λεύς,
2412 2879 2453 2930 λ’
2494 2883 2583 2951 μεν
2627 2876 2893 2951 μυριάδας
2925 2878 3104 2943 τόξων,
3165 2883 3254 2930 καὶ
3296 2878 3546 2930 ἀκοντίων
3575 2873 3829 2931 τοσαύτας,

483 2967 669 3032 tandi,
695 2974 746 3023 et
767 2975 1052 3039 praeterea
1073 2971 1274 3036 etiam,
1307 2972 1470 3042 quod
1494 2977 1725 3028 montes
1757 2972 2024 3029 habitent
2053 2989 2077 3028 ε

2245 2969 2439 3021 πελτῶν
2471 2965 2530 3021 δὲ
2563 2967 2658 3041 ιβ’,
2691 2974 2782 3021 καὶ
2808 2969 2928 3040 ξίφη
2963 2965 3022 3020 δι
3043 2971 3486 3040 πεντακισμύρια.
3518 2967 3720 3020 Τούτοις
3738 2965 3833 3018 τοῖς

482 3059 574 3110 tos
615 3062 790 3128 atque
822 3057 1182 3123 inaccessos,
1223 3059 1378 3115 bello
1432 3060 1876 3132 insuperabiles.
1913 3063 2076 3131 Rege

2244 3058 2607 3130 κυνοκεφάλοις
2633 3058 2726 3111 οὐκ
2759 3059 2888 3111 εἰσὶν
2919 3058 3100 3121 οἰκίαι,
3157 3056 3263 3108 ἀλλ’
3335 3056 3384 3108 έν
3419 3054 3686 3112 σπηλαίοις
3710 3047 3742 3102 δ
3747 3068 3833 3099 ιαι·

481 3143 625 3214 ipsis
651 3159 759 3215 pro
788 3160 1029 3201 munere
1044 3147 1251 3217 quinto
1277 3162 1520 3220 quoque
1543 3163 1702 3204 anno
1736 3149 1998 3219 praebere
2029 3157 2075 3206 tr

2245 3156 2451 3201 τῶνται.
2486 3151 2785 3222 Θηρεύουσι
2813 3144 2870 3199 δι
2901 3149 2964 3198 τὰ
2995 3149 3154 3220 θηρία
3183 3145 3479 3208 τοξεύοντες
3534 3148 3621 3195 καὶ
3651 3139 3831 3190 ἀκοντί-

482 3236 653 3287 centa
693 3247 942 3288 arcuum
975 3235 1345 3307 totidemque
1378 3236 1714 3307 jaculorum
1765 3238 1975 3304 millia;
2002 3240 2076 3312 jai

2244 3237 2434 3300 ζοντες,
2467 3241 2553 3288 καὶ
2586 3233 2856 3296 διώκοντες
2905 3233 3391 3304 καταλαμϐάνουσι·
3427 3236 3569 3304 ταχύ
3614 3234 3709 3301 γὰρ
3734 3230 3830 3298 τρέ-

482 3319 779 3390 peltarum
813 3327 1051 3377 centum
1086 3325 1314 3393 viginti,
1357 3330 1413 3380 et
1455 3324 1788 3394 gladiorum
1831 3327 2076 3401 quinqu;

2241 3345 2426 3396 χουσι.
2463 3328 2718 3379 Λούονται
2748 3322 2806 3378 δέ
2833 3327 2887 3376 αἱ
2906 3332 3146 3396 γυναῖκες
3175 3324 3346 3376 αὐτῶν
3373 3323 3518 3385 ἅπαξ
3547 3328 3633 3372 τοῦ
3662 3318 3825 3390 μηνὸς.

481 3408 644 3478 ginta
673 3408 877 3465 millia.
901 3411 1104 3466 Nullas
1129 3413 1267 3468 item
1283 3414 1444 3484 apud
1466 3413 1576 3470 hos
1607 3431 1739 3471 esse
1759 3415 1998 3484 domos,
2023 3434 2075 3475 se

2241 3416 2361 3466 ὅταν
2387 3417 2452 3466 τὰ
2479 3420 2778 3485 καταμήνια
2802 3413 2982 3474 αύταίς
3013 3416 3058 3449 ⁵³
3091 3413 3234 3485 ἔλθη,
3268 3413 3454 3465 ἄλλοτε
3489 3407 3537 3464 δ’
3571 3412 3627 3461 ού
3664 3425 3675 3436 °
3709 3408 3753 3458 οἱ
3780 3401 3830 3456 δὲ

480 3497 541 3552 in
571 3498 757 3552 antris
795 3498 1030 3569 degere.
1062 3501 1120 3556 1n
1171 3502 1484 3558 venatione
1510 3503 1724 3574 jaculis
1752 3506 2074 3577 potissimm

2239 3500 2426 3574 ἄνδρες
2446 3503 2503 3556 ού
2552 3503 2792 3555 λούονται
2847 3508 2958 3573 μέν,
3009 3504 3098 3562 τὰς
3139 3499 3198 3554 δὲ
3250 3509 3437 3576 χεῖρας
3495 3497 3824 3557 ἀπονίζονται.

479 3584 654 3653 feras,
690 3585 777 3642 vel
799 3589 1028 3658 sagittis
1050 3594 1237 3661 petere
1263 3606 1276 3656 ;
1299 3591 1664 3665 easdemque
1693 3595 2073 3666 persequendi

2241 3579 2420 3664 Ἐλαίῳ
2453 3590 2511 3646 δι
2568 3597 2812 3665 χρίονται
2865 3595 2912 3627 ⁵⁸
2972 3598 3083 3663 τρὶς
3148 3601 3238 3644 τού
3279 3594 3466 3663 μηνός,
3523 3597 3595 3659 τῷ
3627 3585 3828 3638 ἀπὸτοῦ

479 3676 642 3748 quod
672 3691 883 3732 cursus
902 3677 1209 3735 velocitate
1229 3685 1526 3751 praestent,
1549 3683 1726 3738 etiam
1742 3686 2002 3756 assequi.
2019 3688 2073 3741 Η‹

2236 3683 2488 3754 γάλακτος
2540 3686 2810 3752 γινομένῳ,
2883 3686 2970 3733 καὶ
3038 3680 3365 3756 ἐκτρίϐονται
3439 3677 3684 3751 δέρμασι.
3736 3677 3826 3728 Τήν

479 3779 612 3821 rum
637 3781 851 3822 uxores
868 3768 1046 3824 semel
1063 3772 1349 3825 duntaxat
1364 3786 1468 3840 per
1481 3787 1768 3838 mensem,
1797 3789 1934 3830 cum
1960 3791 2073 3830 mel

2241 3768 2298 3824 δὲ
2392 3771 2588 3829 έσθῆτα
2652 3773 2868 3841 ἔχουσιν
2925 3771 2983 3822 ού
3045 3766 3283 3831 δασεῖαν,
3348 3769 3478 3820 ἀλλὰ
3532 3766 3694 3838 ψιλῶν
3737 3769 3824 3814 τῶν

481 3857 643 3911 strua
690 3856 1015 3926 patiuntur,
1056 3857 1298 3923 lavare;
1348 3859 1493 3915 alias
1539 3875 1873 3934 nunquam.
1921 3863 2075 3936 Nequ

2238 3860 2648 3933 μασθλημάτων,
2751 3861 2818 3921 ὡς
2908 3859 3252 3924 λεπτοτάτων,
3358 3863 3451 3910 καὶ
3547 3855 3828 3907 αὐτοίκαὶ

477 3944 634 4000 viros
665 3960 931 4017 unquam
962 3947 1210 4002 omnino
1242 3947 1459 4014 lavare,
1493 3949 1596 4004 sed
1631 3965 1841 4005 manus
1871 3957 2071 4008 tantum

2240 3953 2293 4003 αὶ
2341 3957 2576 4020 γυναῖκες
2643 3949 2829 4002 αὐτῶν.
2909 3950 2975 3999 Oi
3054 3944 3112 4000 δὲ
3204 3947 3600 3999 πλουσιώτατοι
3677 3941 3828 3992 αὐτῶν

478 4034 657 4089 modo
690 4033 949 4090 abluere.
1012 4036 1152 4093 Oleo
1201 4043 1384 4093 tamen
1426 4055 1495 4094 ex
1542 4038 1693 4095 lacte
1734 4039 2002 4097 confecto
2044 4049 2072 4097 ιι

2238 4039 2350 4092 λινά
2393 4045 2656 4112 φοροῦσιν’
2709 4038 2848 4089 οὗτοι
2909 4033 2960 4089 δ’
3001 4037 3128 4089 εἰσὶν
3203 4036 3394 4107 ὀλίγοι.
3504 4034 3682 4088 κλῖναι
3780 4025 3832 4080 δὲ

478 4121 686 4178 saltem
727 4123 1040 4180 mensibus
1071 4127 1317 4196 singulis
1349 4128 1510 4196 ungi,
1542 4133 1599 4182 et
1631 4128 1880 4199 pellibus
1910 4130 2072 4186 deinc

2239 4129 2409 4188 αύτοίς
2439 4128 2532 4181 ούκ
2585 4128 2736 4192 εἰσὶν,
2797 4126 2922 4177 ἀλλὰ
2968 4123 3228 4187 στιϐάδας
3267 4133 3565 4177 ποιοῦνται.
3596 4121 3759 4179 Οὗτος
3783 4113 3827 4168 δ’

476 4209 755 4279 abstergi.
793 4211 961 4267 Veste
989 4214 1061 4268 ad
1089 4213 1217 4269 haec
1250 4217 1352 4283 uti,
1389 4232 1504 4272 non
1534 4217 1765 4282 villosa,
1812 4218 1914 4274 sed
1945 4236 1974 4275 e
2002 4220 2070 4288 gl:

2239 4218 2404 4270 αὐτῶν
2457 4217 2847 4276 πλουσιωτατος
2902 4216 3169 4286 νομίζεται
3213 4211 3362 4272 εἶναι,
3518 4213 3578 4264 ἂν
3632 4210 3833 4262 πλεῖστα

478 4298 599 4353 bris
626 4302 1056 4371 maceratisque
1086 4301 1526 4375 pellibusquam
1556 4306 1932 4370 tenuissimis,
1964 4308 2072 4379 ips<

2236 4303 2554 4382 πρόϐατα
2600 4309 2628 4363 ἠ
2679 4301 2737 4357 δὲ
2776 4304 2902 4361 ἄλλη
2947 4304 3104 4355 οὐσία
3164 4302 3538 4376 παραπλησία.
3583 4301 3752 4373 Ούράν
3782 4293 3830 4347 δὲ

478 4399 648 4458 mque
678 4391 857 4459 atque
884 4403 1098 4444 uxores
1129 4405 1140 4443 :
1171 4392 1430 4462 exceptis
1464 4392 1607 4448 forte
1637 4393 1953 4450 ditissimis
1976 4396 2072 4452 inti

2239 4398 2655 4470 ἓχουσιπάντες.
2700 4398 2790 4445 καὶ
2845 4389 3030 4467 ἄνδρες
3103 4398 3191 4444 καὶ
3243 4399 3514 4462 γυναῖκες,
3571 4392 3696 4463 ύπερ
3747 4395 3833 4439 τῶν

477 4488 600 4540 eos,
629 4479 685 4531 et
721 4476 793 4530 iis
822 4476 1066 4549 quidem
1105 4481 1334 4550 paucis,
1374 4482 1475 4552 qui
1499 4481 1686 4538 lineos
1723 4491 1950 4553 gestent
1974 4502 2069 4540 am

2238 4488 2448 4557 ἰσχίων,
2480 4487 2686 4556 οἵανπερ
2729 4485 2886 4547 κύων,
2919 4485 3132 4553 μείζονα
3163 4478 3222 4533 δε
3269 4486 3358 4533 καὶ
3387 4478 3424 4533 δ
3429 4483 3708 4552 ασυτέραν.
3741 4476 3829 4530 Καὶ

477 4567 623 4619 ctus.
657 4564 776 4621 Nec
801 4565 940 4621 item
967 4565 1256 4624 lectorum
1279 4569 1514 4625 novisse
1536 4586 1711 4626 usum
1743 4586 1864 4642 eos,
1897 4573 1999 4644 qui
2027 4588 2071 4628 et

2241 4579 2513 4645 μίσγονται
2551 4580 2661 4632 ταῖς
2727 4570 2935 4643 γυναιξὶ
3016 4566 3411 4642 τετραποδιστὶ,
3516 4571 3692 4639 ὥσπερ
3791 4565 3835 4615 οἱ

475 4655 893 4722 temporaneos
922 4655 1033 4712 sibi
1062 4660 1223 4713 toros
1265 4663 1590 4714 exstruant.
1623 4661 1786 4715 Hunc
1831 4661 1990 4731 apud
2021 4677 2069 4717 ei

2241 4666 2396 4724 ιιύνες·
2456 4661 2579 4733 [153
2635 4660 2731 4732 Η.]
2803 4658 2967 4719 ἄλλως
3031 4655 3090 4711 δι
3128 4666 3350 4729 μιγῆναι
3448 4657 3632 4718 αὐτοῖς
3703 4655 3835 4706 ἐστιν

474 4739 839 4797 ditissimum
868 4744 1091 4813 haberi,
1119 4747 1224 4818 qui
1254 4747 1582 4819 plurimum
1623 4748 1839 4805 habeat
1869 4751 2066 4818 pecori

2240 4752 2477 4823 αἰσχρόν.
2521 4754 2717 4803 Δίκαιοι
2765 4744 2824 4800 δέ
2853 4748 2976 4812 εἰσι,
3031 4752 3119 4798 καὶ
3169 4745 3603 4819 μακροϐιώτατοι
3642 4746 3834 4796 πάντων

473 4845 543 4886 ac
572 4829 834 4904 reliquas
880 4849 1025 4906 opes
1078 4835 1171 4890 his
1220 4837 1656 4909 propemodum
1706 4854 1834 4895 esse
1878 4839 2067 4896 simile

2242 4839 2511 4911 ἀνθρώπων
2551 4855 2562 4866 °
2611 4838 2743 4898 ζῶσι
2787 4839 2885 4910 γὰρ
2943 4837 3025 4892 ἔτη
3065 4835 3114 4908 ρ’
3144 4838 3234 4886 καὶ
3280 4835 3344 4898 o',
3402 4836 3535 4886 ἔνιοι
3586 4831 3646 4886 δὲ
3677 4833 3836 4883 αὐτῶν

474 4920 742 4977 Caudam
755 4922 836 4992 (51
852 4923 1352 4996 )insuperhabere
1363 4942 1618 4997 ommes,
1629 4934 1749 4984 tam
1764 4927 1924 4986 viros
1936 4945 2121 5002 quam
2232 4934 2321 4981 καὶ
2349 4929 2416 4982 σ’.

471 5017 767 5088 mulieres,
797 5036 982 5096 supra
1032 5022 1258 5090 clune,
1303 5026 1531 5082 caninas
1565 5026 1842 5096 similem,
1893 5027 2006 5083 nisi
2044 5027 2210 5101 quod
2265 5027 2459 5096 major
2503 5025 2598 5086 sit.
2643 5030 2700 5079 et
2732 5023 2863 5096 pilis
2887 5021 3146 5080 densior.
3211 5020 3661 5092 Quadrupedes
3705 5021 3837 5074 item

1824 5159 1907 5214 VA
1920 5162 2049 5215 ΒΙιιΕ
2089 5160 2376 5215 LECTION
2388 5160 2488 5214 ES.

542 5288 589 5321 ⁴⁷
616 5294 704 5340 καὶ
727 5290 828 5341 εἰσὶ
861 5297 894 5340 Α
935 5308 947 5342 :
983 5291 1084 5343 εἰσί
1115 5288 1175 5344 δὲ
1200 5298 1288 5344 καὶ
1316 5313 1369 5355 ς’.
1450 5294 1494 5327 ⁴⁸
1553 5297 1694 5354 ὅνους
1745 5302 1781 5346 Α
1819 5309 1830 5348 ;
1863 5298 1934 5355 δίς
1961 5316 2019 5358 ς,
2105 5296 2151 5329 ⁴⁹
2204 5289 2437 5364 σταφίδα
2478 5313 2529 5354 ς.
2609 5293 2657 5326 ⁸ο
2689 5293 2941 5360 ἀπάγουσι
2991 5296 3047 5342 Α.
3129 5292 3170 5325 ⁵¹
3216 5288 3471 5360 ἠλέκτρου
3496 5304 3624 5342 οω.
3663 5302 3752 5357 pr.
3780 5291 3836 5336 Α.

472 5359 518 5392 ⁸³
545 5358 670 5431 ὅτῳ]
691 5361 824 5412 οὕτω
851 5383 905 5425 ς.
985 5364 1030 5397 ⁵³
1065 5363 1228 5425 αὐτῆς
1255 5386 1312 5428 ς’.
1389 5373 1625 5438 χρῶνται
1648 5387 1702 5429 ς’.

2032 5510 2071 5562 Ν
2080 5507 2252 5562 ΟΤᾹΞ.

538 5647 649 5718 (5t)
688 5645 1093 5704 Caudatorum
1122 5647 1434 5705 hominum
1469 5649 1736 5706 meminit
1764 5663 2007 5722 quoque
2039 5647 2179 5703 Plin.
2213 5646 2314 5704 lib.
2349 5661 2447 5712 vix,
2476 5659 2607 5721 cap.
2635 5646 2669 5699 2
2701 5645 2759 5700 in
2785 5643 2920 5701 ﬁne.
