4036 6214
224 282 313 335 225
1365 275 1859 333 BIBLIOTHECA.
1888 307 1956 317 —
1983 276 2143 333 COD.
2179 277 2397 334 LXXII.
3461 282 3567 337 226

220 402 330 469 hos,
350 417 565 461 canum
595 418 779 469 more,
810 418 952 461 cum
982 402 1141 477 58b
1174 401 1523 459 mulieribus
1554 400 1858 470 congredi,
1891 401 2198 475 aliumque
2218 402 2646 476 congrediendi
2676 404 2930 461 modum
2961 418 3206 462 omnem
3252 419 3362 478 pro
3405 405 3564 480 turpi

222 492 433 551 habere.
459 492 831 550 Justissimos
860 491 1105 551 eosdem
1131 507 1284 558 esse,
1324 490 1577 564 vitasque
1606 489 1867 562 reliquos
1898 490 2050 546 inter
2078 491 2351 549 homines
2383 492 2764 564 longissima.
2796 493 2996 550 Vivere
3030 508 3289 567 namque
3317 494 3395 551 ad
3426 510 3563 552 cen-

230 582 483 637 tesimum
516 587 701 655 utque
725 588 784 637 et
814 581 1355 656 septuagesimum,
1387 578 1833 652 nonnullosque
1857 579 1935 635 ad
1958 579 2432 637 ducentesimum
2467 597 2711 654 quoque
2738 598 2991 639 annum.

278 670 411 743 ’Υπερ
442 666 502 723 δὲ
548 673 741 723 τούτων
773 672 822 706 ⁸³
868 669 1072 743 ἐτέρους
1111 674 1242 742 φασὶ
1287 667 1561 742 βιοτεύειν,
1594 669 1642 703 ⁵⁸
1686 668 1791 719 ἄνω

1973 670 2091 724 Hos
2123 669 2275 726 ultra
2303 670 2505 726 scribit
2533 669 2803 727 habitare
2833 670 2982 727 alios
3009 687 3191 745 supra
3209 672 3374 729 ﬂuvii
3399 672 3562 729 illius

223 769 303 811 τῶν
338 768 513 831 πηγῶν
552 768 644 811 τοῦ
683 765 943 831 ποταμοὺ.
975 760 1137 812 Οὗτοι
1184 760 1227 794 57
1265 756 1325 811 δε
1367 760 1416 810 οἱ
1444 759 1492 793 ⁵⁸
1524 758 1786 829 ἅνθρωποι

220 845 399 917 istim;
442 851 535 919 μέν
576 847 707 900 εἰσιν
750 851 927 921 ὥσπερ
976 851 1025 901 οἱ
1067 847 1213 900 ἄλλοι
1256 844 1433 907 Ἰνδοὶ.
1484 846 1791 919 ἐργάζονται

222 930 269 985 δε
293 931 449 998 οὖδῖν,
501 933 628 989 οὐδε
676 935 919 990 ἐσθίουσι
960 937 1121 1001 σῖτον,
1169 933 1293 989 οὖδὶ
1335 940 1576 988 πίνουσιν
1619 930 1785 1008 ὕδωρ,

220 1021 425 1096 προςατα
472 1020 533 1077 δε
566 1025 731 1078 πολλά
771 1031 1041 1098 τρέφουσι,
1089 1030 1175 1078 καὶ
1227 1024 1357 1096 βοῦς
1399 1029 1488 1076 καὶ
1518 1020 1672 1095 αἶγας
1702 1027 1791 1075 καὶ

219 1116 315 1171 εἰς·
349 1117 557 1165 πένουσι
602 1111 663 1167 Τε
711 1118 769 1167 τὸ
803 1115 958 1185 γάλα,
1011 1114 1134 1166 ἄλλο
1184 1111 1242 1167 δε
1287 1109 1457 1167 οὐδέν.
1510 1110 1672 1165 Ὀταν
1731 1107 1790 1163 δί

216 1206 397 1271 γένηταί
446 1223 553 1254 τινι
596 1205 763 1256 αὐτῶν
807 1200 1040 1268 παιδίον,
1092 1203 1150 1255 οὗ
1199 1207 1443 1275 τέτρηται
1483 1206 1577 1260 τὴν
1616 1204 1789 1271 πυγὴν

217 1287 320 1342 οὐδε
348 1292 620 1355 ἁποπατεῖ,
655 1291 785 1344 ἀλλὰ
825 1295 891 1344 τὰ
918 1297 1009 1364 μὶν
1041 1292 1200 1362 ἰσχία
1229 1294 1362 1363 ἔχει,
1403 1294 1462 1343 τὸ
1511 1287 1571 1343 δε
1612 1298 1792 1363 τρῆμα

218 1386 513 1450 συμπέφυκε.
558 1385 646 1434 Διὸ
690 1380 1021 1433 ἁποπατοῦσι
1049 1385 1139 1452 μεν
1182 1379 1262 1446 οὗ,
1294 1380 1461 1453 οὐρεῖν
1506 1377 1564 1433 δε
1612 1382 1787 1451 ὥσπερ

216 1472 346 1535 τυρόν
391 1468 573 1530 αὐτούς
622 1488 782 1541 φασιν
840 1471 898 1522 οὐ
960 1473 1091 1522 πάνυ
1146 1473 1325 1541 παχὺν
1386 1468 1515 1521 ἀλλὰ
1563 1469 1787 1540 θολερὸν.

216 1558 353 1608 Ἐπὰν
380 1553 438 1610 δε
464 1562 603 1632 πρωί
633 1564 797 1612 πίωσι
826 1566 917 1611 τοῦ
957 1558 1230 1629 γάλακτος,
1262 1564 1352 1611 καὶ
1377 1559 1446 1621 εἰς
1480 1562 1636 1629 μέσον
1667 1560 1792 1629 iapi-

215 1665 291 1715 ρας
311 1642 456 1708 αὖθις
482 1654 712 1711 πιόντες,
729 1648 883 1721 ῥίζαν
895 1654 1022 1720 φασὶ
1046 1648 1169 1721 παρ’
1186 1648 1359 1709 αὐτοῖς
1382 1644 1510 1700 εἶναι
1528 1648 1787 1717 γλυκεῖαν,

217 1736 316 1796 ἣτις
342 1735 434 1787 οὐκ
464 1739 527 1807 ἑᾷ
548 1742 610 1789 τὸ
639 1737 779 1807 γαλα
808 1739 1109 1808 πήγνυσθαι
1152 1735 1201 1789 ἐν
1246 1744 1310 1810 τῇ
1343 1736 1515 1809 κοιλίᾳ
1549 1758 1562 1769 ο
1596 1738 1791 1793 ταύτην

216 1818 291 1875 οὖν
316 1830 595 1899 τρώγοντες
625 1826 694 1886 εἰς
732 1825 954 1897 ἑσπέραν
996 1828 1171 1899 ἔμετον
1213 1833 1503 1891 ποιοῦνται,
1550 1832 1641 1878 καὶ
1690 1824 1793 1888 ἆξε-

214 1922 380 1982 ρουσιν
408 1915 618 1967 ἅπαντα
646 1914 888 1975 εὐκόλως.

272 2178 377 2233 Ὀτι
428 2186 563 2235 εἰσιν
614 2187 723 2235 ὄνοι
766 2184 940 2254 air/pur
986 2181 1035 2235 έν
1080 2191 1189 2245 τοῖς
1232 2179 1433 2247 Ἰνδοῖς,
1482 2187 1590 2235 ἴσοι
1617 2186 1793 2244 ἵπποις

215 2276 289 2321 καὶ
318 2274 527 2341 μείζους
576 2294 589 2305 ο
643 2272 817 2326 λευκοὶ
861 2269 921 2326 δέ
959 2273 1062 2325 εἱσι
1104 2278 1164 2325 τὸ
1215 2282 1387 2345 σῶμα,
1436 2278 1530 2330 τὴν
1569 2274 1792 2344 κεφαλὴν

215 2368 467 2430 πορφυροῖ,
514 2368 607 2413 καὶ
648 2360 944 2433 ὀφθαλμοὺς
990 2364 1182 2433 έχουσι
1221 2364 1267 2397 ⁵³
1308 2365 1573 2422 κυανέους.
1630 2365 1792 2432 Κέρας

217 2442 394 2520 διεχει
438 2451 487 2501 ἐν
531 2458 609 2521 τῷ
643 2456 886 2521 μετώπῳ,
918 2450 1025 2509 ἐνὸς
1062 2455 1267 2521 πάχεος
1312 2453 1370 2502 τὸ
1417 2451 1646 2521 μέγεθος.
1693 2456 1792 2502 Καὶ

216 2538 312 2587 ἔστι
337 2542 391 2589 τὸ
544 2541 689 2591 κάτω
718 2547 812 2590 τοῦ
848 2543 1075 2612 κέρατος,
1107 2540 1228 2591 ὅσον
1258 2537 1342 2591 ἐπὶ
1383 2535 1479 2590 δύο
1505 2537 1793 2599 παλαιστὰς

218 2629 325 2695 πρὸς
365 2630 422 2679 τὸ
463 2632 726 2699 μέτωπον,
761 2629 893 2680 πάνυ
923 2626 1098 2680 λευκόν
1133 2648 1146 2661 ·
1180 2631 1239 2679 τὸ
1266 2623 1326 2680 δε
1362 2625 1530 2679 ἐπάνω
1560 2626 1650 2690 ὀξύ
1678 2626 1792 2680 έστι

216 2722 293 2765 τοῦ
315 2720 542 2790 κέρατος.
575 2723 743 2769 Τοῦτο
775 2713 835 2770 δ“ε
865 2724 1125 2788 φοινικοῦν
1157 2714 1319 2780 ἐστιν,
1348 2714 1563 2790 ἐρυθρὸν
1593 2718 1727 2767 πάνυ
1768 2730 1781 2743 ⁸

217 2806 265 2853 τὸ
292 2800 344 2856 δε
372 2805 493 2858 ἄλλο
538 2810 600 2858 τὸ
650 2805 698 2858 ἰν
736 2814 809 2876 τῷ
834 2809 975 2877 μέσῳ
1001 2805 1176 2876 μέλαν.
1212 2804 1292 2858 Ἐν
1322 2807 1516 2857 τούτων
1545 2806 1594 2857 οἱ
1618 2810 1791 2857 ποιόν-

218 2909 286 2951 τες
323 2896 367 2928 ⁸ο
405 2898 894 2963 (κατασκευάζουσι
916 2892 1011 2966 [92
1053 2892 1145 2966 Η.]
1172 2896 1275 2966 γὰρ
1310 2892 1614 2966 ἰκπώματα)
1658 2913 1788 2946 σπα-

221 2990 336 3051 σμῷ,
368 2991 547 3054 parcis,
596 2983 656 3035 οὐ
686 2982 1035 3053 λαμϐάνονται
1064 2984 1180 3035 οὔτε
1217 2990 1280 3055 τῇ
1334 2985 1446 3054 ἱερᾲ
1491 2987 1646 3054 νόσῳ,
1679 2981 1791 3035 ἀλλ’

219 3067 322 3122 οὐδε
349 3075 641 3146 φαρμάκοις
687 3071 1012 3136 ἁλίσκονται,
1044 3072 1153 3123 οὔτ’
1191 3070 1253 3122 ἂν
1279 3076 1573 3143 προπίωσιν
1599 3073 1702 3124 οὔτ’
1731 3070 1791 3124 ἂν

220 3165 278 3225 τῷ
304 3163 551 3233 φαρμάκῳ
583 3162 629 3197 ⁶¹
664 3163 941 3213 ἓπιπίωσιν
976 3160 1005 3219 ἦ
1040 3156 1175 3212 οἶνον
1200 3160 1229 3218 ἡ
1263 3158 1409 3230 ὕδωρ
1438 3162 1467 3219 ὴ
1502 3160 1624 3212 ἄλλο
1662 3180 1713 3212 τι
1738 3160 1793 3213 έκ

222 3256 303 3296 τὼν
326 3247 658 3320 ἐκπωμάτων.
692 3251 760 3301 Οἱ
917 3245 1006 3301 οὖν
1032 3247 1178 3300 ἄλλοι
1212 3252 1318 3301 ὄνοι
1355 3253 1443 3301 καὶ
1475 3251 1658 3322 ἣμεροι
1703 3254 1793 3301 καὶ

221 3334 372 3408 ἄγριοι
406 3344 495 3391 καὶ
540 3332 706 3390 τᾶλλα
750 3344 975 3409 μώνυχα
1026 3340 1186 3408 θηρία
1218 3339 1387 3390 πάντα
1431 3335 1795 3410 ἀστραγάλους

223 3426 301 3477 οὐκ
328 3429 539 3498 ἔχουσιν
567 3429 617 3463 ⁸³
648 3423 773 3480 οὗδὶ
795 3426 963 3498 χολὴν
993 3426 1079 3479 ἰπὶ
1107 3433 1200 3479 τοὺ
1221 3429 1417 3488 ἥπατος
1451 3447 1464 3459 ·
1495 3426 1641 3478 οὗτοι
1662 3428 1708 3462 ⁸³
1737 3423 1795 3479 δὲ

224 3522 294 3566 καὶ
336 3514 665 3588 ἀστράγαλον
698 3521 788 3569 καὶ
838 3514 1006 3588 χολήν
1053 3514 1138 3569 έπὶ
1192 3522 1285 3568 τοῦ
1334 3517 1531 3577 ἥπατος
1582 3518 1792 3587 ἔχουσι,

226 3609 295 3655 τὸν
329 3602 384 3658 δι
432 3605 769 3679 ἀστράγαλον
814 3605 1090 3658 κάλλιστον
1137 3603 1206 3656 ὧν
1395 3605 1621 3677 ἑώρακα,
1668 3608 1795 3658 οἶόνο

227 3712 303 3763 περ
345 3698 463 3766 βοὸς
491 3701 591 3748 καὶ
630 3699 687 3747 τὸ
718 3691 855 3755 εἶδος
899 3698 1078 3747 καὶτὸ
1117 3696 1327 3766 μέγεθος
1369 3714 1382 3726 ·
1412 3692 1582 3769 βαρὺς
1630 3690 1680 3747 δ’
1733 3698 1797 3755 ὡς

227 3781 465 3851 μολιεδος,
514 3789 617 3842 τὴν
660 3780 718 3836 δε
772 3787 941 3856 χρόαν
990 3785 1164 3856 ὥσπερ
1212 3781 1504 3855 κιννάϐαρι,
1558 3788 1648 3836 καὶ
1704 3781 1798 3837 διὰ

230 3868 419 3939 βάθους.
457 3876 773 3945 Ταχύτατον
808 3868 869 3924 δέ
910 3873 1025 3924 ἐστι
1064 3875 1121 3923 τὸ
1171 3874 1300 3934 ζῶον
1328 3878 1481 3924 τοῦτο
1509 3878 1599 3923 καὶ
1646 3871 1797 3924 ἀλκι-

228 3968 434 4029 μώτατον
460 3986 472 3997 ·
505 3958 662 4015 οὐδεν
693 3957 754 4014 δι
795 3964 909 4014 οὔτε
958 3962 1110 4022 ἵππος
1151 3963 1268 4013 οὔτε
1297 3959 1419 4013 ἄλλο
1448 3979 1500 4013 τι
1546 3956 1775 4033 διωκόμε

228 4068 295 4101 νον
337 4050 733 4124 καταλαμϐάνει.
778 4050 1035 4123 Ἂρχεται
1079 4046 1140 4104 δι
1181 4054 1369 4125 τρέχον
1423 4047 1749 4124 βραδύτερον
1779 4074 1792 4086 ·

232 4139 329 4191 ὅσον
356 4138 403 4193 δ’
439 4142 499 4195 ἂν
546 4142 696 4194 πλέον
735 4142 783 4176 ⁶⁴
815 4147 1006 4213 χρόνον
1048 4144 1235 4213 τρέχῃ,
1287 4140 1557 4193 ἐντείνεται
1609 4138 1796 4213 δαιμο-

228 4233 325 4291 νίως
371 4238 454 4285 καὶ
514 4230 707 4302 μᾶλλον
771 4235 861 4283 καὶ
933 4232 1134 4283 θᾶσσον
1184 4233 1383 4302 τρέχει.
1457 4227 1654 4292 ’Ἄλλως
1704 4233 1794 4301 μεν

229 4312 300 4368 οὖν
337 4321 380 4355 ⁸⁵
434 4319 701 4391 ἁθήρατόν
738 4318 851 4372 ἐστι
896 4322 953 4372 τὸ
1004 4320 1136 4381 ζῶον
1178 4325 1333 4372 τοῦτο
1380 4338 1393 4351 ·
1452 4319 1570 4371 ὅταν
1627 4314 1689 4371 δὲ
1729 4320 1796 4371 τὰ

230 4410 356 4459 τέκνα
393 4412 561 4483 μικρά
610 4412 732 4461 ὄντα
783 4408 1103 4481 περιάγουσιν
1158 4406 1242 4461 ἐπὶ
1283 4411 1376 4466 τὴν
1430 4405 1657 4479 βοτάνην
1704 4412 1794 4461 καὶ

230 4495 310 4547 ὑπὸ
377 4500 585 4559 ἱππείας
666 4497 859 4559 πολλῆς
915 4498 1321 4571 περιληφθῶσιν,
1390 4496 1449 4549 οὐ
1516 4494 1794 4568 βούλονται

232 4587 401 4655 vni-Im
452 4588 823 4648 καταλιπόντες
873 4590 990 4647 τοὺς
1043 4587 1263 4651 πώλους,
1324 4584 1452 4638 ἀλλὰ
1526 4587 1792 4658 μάχονται

1900 758 2116 823 fontes,
2157 759 2523 831 reliquorum
2548 758 2832 816 lndorum
2861 761 3048 817 instar
3073 760 3302 831 nigros,
3330 761 3434 833 qui
3458 777 3559 818 ne-

1898 862 2016 917 que
2047 846 2162 919 ipsi
2208 848 2546 919 quidquam
2575 853 2919 921 operentur.
2951 850 3104 915 Quin
3145 864 3254 907 nec
3282 849 3418 907 cibo
3457 866 3561 908 eos

1902 935 2056 990 vesci
2094 934 2231 1002 ullo,
2263 943 2366 993 aut
2394 951 2617 1008 aquam
2647 935 2888 1006 bibere;
2915 938 3146 1010 pecoris
3167 942 3398 996 tantum
3436 955 3563 997 ma-

1898 1038 2082 1094 gnam
2133 1023 2288 1081 alere
2326 1025 2586 1096 copiam,
2626 1025 2837 1094 boum,
2904 1043 3249 1098 caprarum,
3297 1029 3555 1096 ovium;

1900 1111 2115 1168 borum
2139 1110 2231 1167 lac
2260 1111 2486 1179 bibere,
2518 1129 2586 1169 ac
2606 1114 2751 1169 nihil
2777 1120 3080 1186 praeterea.
3117 1117 3379 1173 infantes
3409 1134 3559 1190 prae-

1901 1205 2077 1267 terea,
2108 1202 2213 1273 qui
2234 1200 2399 1272 apud
2415 1201 2526 1258 hos
2549 1208 2891 1269 nascantur,
2914 1219 3035 1260 non
3047 1204 3269 1261 habere
3293 1207 3559 1279 perfora-

1900 1293 2024 1345 tam
2057 1288 2320 1361 corporis
2342 1290 2434 1345 sui
2450 1290 2677 1357 sedem,
2694 1307 2887 1364 neque
2905 1308 3010 1366 per
3022 1308 3157 1350 eam
3175 1302 3555 1353 excrementa

1899 1378 2106 1445 ejicere
2137 1395 2151 1443 ;
2177 1394 2319 1435 nam
2336 1379 2442 1435 etsi
2466 1380 2676 1435 clunes
2707 1380 2989 1447 habeant,
3020 1397 3177 1438 anus
3204 1388 3404 1439 tamen
3424 1385 3557 1457 ipse

1900 1466 2143 1523 coaluit.
2194 1467 2399 1540 itaque
2437 1467 2583 1524 nihil
2622 1469 2787 1540 ipsos
2818 1470 3065 1541 quidem
3098 1487 3205 1542 per
3241 1488 3426 1528 anum
3461 1489 3559 1530 ex-

1899 1570 2140 1612 cernere
2172 1572 2186 1622 ;
2217 1556 2325 1612 sed
2362 1572 2677 1613 caseosum
2731 1556 2896 1629 quid,
2930 1558 3197 1631 illudque
3250 1576 3368 1617 non
3418 1577 3559 1618 con-

1901 1644 2249 1716 spissatum,
2273 1649 2336 1701 at
2365 1644 2732 1704 feculentum
2765 1648 3204 1714 tantummodo,
3233 1664 3337 1721 per
3368 1650 3556 1707 urina;

1903 1739 2167 1789 meatum
2188 1734 2420 1806 ejicere.
2440 1734 2613 1801 Quod
2644 1735 2696 1791 si
2724 1736 2875 1793 lacte
2892 1751 3072 1793 mane
3103 1743 3266 1809 poto,
3287 1738 3467 1796 etiam
3496 1740 3557 1795 in

1902 1822 2148 1879 meridie
2174 1823 2532 1889 adbiberint,
2563 1824 2800 1881 dulcem
2834 1826 3000 1898 apud
3036 1841 3137 1882 eos
3178 1826 3431 1884 inveniri
3461 1844 3558 1886 ra-

1899 1912 2094 1968 dicem
2123 1912 2479 1985 quamdam,
2523 1930 2660 1987 quas
2695 1914 2791 1972 lac
2818 1914 2965 1971 illud
3003 1915 3065 1972 in
3103 1931 3313 1973 eorum
3355 1922 3559 1976 ventre

1825 2020 1864 2075 Β
1901 2000 2201 2073 coagulari
2221 2017 2344 2058 non
2375 2002 2551 2060 sinat.
2585 2003 2768 2074 Hujus
2796 2018 2940 2075 ergo
2978 2019 3084 2061 esu
3122 2006 3417 2063 vomitum
3444 2006 3560 2063 sibi

1901 2090 2129 2162 vesperi
2154 2105 2501 2163 provocare,
2524 2106 2630 2164 per
2658 2107 2838 2164 quem
2856 2092 3065 2149 omnia
3093 2092 3266 2150 facile
3291 2095 3554 2167 ejiciant.

1972 2179 2183 2236 Asinos
2220 2180 2355 2251 (62),
2374 2180 2595 2246 scribit,
2638 2180 2815 2238 habet
2834 2181 3006 2239 India
3030 2181 3353 2250 silvestres,
3385 2184 3558 2257 equis

1901 2269 2050 2341 ipsis
2064 2284 2258 2342 pares,
2288 2273 2345 2326 et
2366 2269 2735 2343 quandoque
2758 2272 3016 2342 majores
3045 2288 3059 2326 :
3084 2272 3187 2345 qui
3219 2277 3408 2330 totum
3437 2274 3555 2331 albi

1900 2373 2139 2430 corpus,
2163 2363 2346 2431 caput
2356 2358 2552 2416 solum
2569 2359 2796 2417 habent
2816 2376 3208 2433 purpureum,
3227 2362 3556 2437 oculosque

1900 2446 2209 2504 emruleos.
2236 2447 2432 2504 Cornu
2454 2447 2566 2504 illis
2582 2448 2838 2505 cubitale
2872 2450 3067 2506 media
3088 2451 3557 2522 proceditfronte

1905 2537 2103 2607 [cujus
2133 2535 2303 2592 scobs
2336 2536 2396 2592 in
2427 2540 2567 2607 potu
2593 2537 2785 2607 datur,
2817 2544 3129 2611 tueturque
3173 2555 3210 2595 a
3242 2540 3558 2597 mortiferis

1900 2624 2184 2696 παθών]
2212 2625 2350 2695 Ejus
2379 2625 2620 2682 inferior
2647 2626 2944 2697 frontique
2975 2628 3252 2699 proxima
3282 2644 3442 2699 pars,
3477 2629 3554 2685 ad

1896 2713 2153 2770 duorum
2168 2714 2509 2786 palmorum
2524 2716 2785 2785 spatium
2798 2716 3033 2786 egregie
3046 2716 3328 2784 candida,
3348 2733 3553 2791 supre-

1900 2819 2000 2859 ma
2018 2802 2079 2858 in
2104 2817 2361 2859 acumen
2378 2802 2678 2868 desinens,
2696 2819 2835 2859 cum
2866 2820 3106 2861 summo
3128 2804 3347 2862 rubore
3384 2807 3559 2879 puni-

1896 2906 2002 2946 cea
2024 2895 2115 2947 est
2146 2907 2161 2957 ;
2193 2907 2330 2963 quas
2360 2906 2501 2947 vero
2531 2891 2683 2947 inter
2712 2892 2822 2949 has
2854 2890 3055 2949 media
3094 2892 3425 2959 intercedit,
3470 2895 3557 2952 ni-

1897 2995 2026 3050 gra.
2065 2980 2200 3036 Jam
2221 2979 2319 3051 qui
2353 2995 2425 3035 ex
2454 2979 2548 3036 his
2574 2979 2788 3036 bibunt
2817 2981 2983 3053 (nam
3015 2985 3069 3039 et
3098 2982 3160 3037 in
3191 2981 3411 3055 pocula
3441 2988 3556 3041 tor-

1899 3072 2120 3124 nantur
2157 3083 2231 3125 ea
2276 3068 2527 3140 cornua)
2580 3067 2618 3123 ii
2668 3084 2860 3141 neque
2910 3085 3178 3142 spasmo,
3224 3075 3286 3127 ut
3336 3070 3553 3145 ferunt,

1900 3157 2321 3229 corripiuntur,
2353 3172 2462 3214 nec
2495 3156 2707 3214 morbo
2750 3173 2944 3215 sacro.
3005 3162 3128 3216 [mo
3169 3175 3277 3216 nec
3324 3176 3557 3219 veneno

1902 3250 2158 3317 possunt
2175 3245 2308 3302 laedi
2329 3245 2469 3312 ullo,
2489 3245 2593 3319 qui
2613 3245 2797 3303 modo
2812 3251 2950 3303 ante
2973 3247 3064 3303 vel
3081 3252 3217 3321 post
3237 3248 3382 3305 illud
3406 3249 3557 3307 hau-

1829 3372 1869 3427 Ο
1901 3335 2327 3427 stum,vi_num,
2360 3350 2606 3408 aquam.
2639 3339 2742 3392 aut
2763 3335 2926 3427 aliud
2951 3337 3267 3427 quidpiam
3295 3354 3363 3395 ex
3393 3339 3558 3396 hisce

1904 3424 2133 3497 poculis
2154 3425 2386 3482 bibant.
2399 3429 2479 3481 Ac
2496 3440 2635 3481 cum
2654 3424 2850 3482 cmteri
2870 3425 3118 3498 quidem
3137 3428 3260 3483 sive
3277 3443 3556 3485 mansue-

1902 3514 1962 3578 ti,
2013 3512 2136 3569 sive
2166 3512 2461 3569 silvestres
2489 3511 2660 3579 asini,
2688 3511 2925 3585 aliaque
2964 3513 3189 3587 quibus
3223 3515 3422 3572 solida
3450 3531 3553 3572 un-

1902 3601 2043 3671 gula
2068 3607 2177 3671 est,
2198 3601 2484 3659 animalia
2508 3602 2732 3667 omnia,
2756 3616 2951 3675 neque
2974 3601 3120 3659 talos
3140 3602 3424 3672 habeant,
3456 3621 3556 3661 ne-

1902 3706 2019 3763 que
2034 3691 2095 3747 in
2112 3691 2310 3761 jecore
2332 3689 2427 3755 fel,
2443 3689 2571 3746 haec
2587 3695 2789 3746 tamen
2811 3696 3064 3764 utraque
3089 3691 3151 3747 in
3173 3691 3267 3747 his
3286 3693 3554 3751 invenire

1901 3784 2007 3843 est,
2035 3784 2095 3836 et
2125 3778 2308 3836 talum
2326 3784 2481 3835 certe
2501 3778 2799 3843 omnium,
2816 3794 2971 3852 quos
2987 3780 3267 3853 equidem
3283 3781 3552 3851 viderim,

1903 3867 2392 3940 pulcherrimum,
2409 3866 2576 3923 bovis
2592 3866 2704 3923 talo
2729 3872 2785 3924 et
2815 3868 3032 3940 specie,
3051 3873 3109 3925 et
3138 3870 3552 3939 magnitudine

1901 3956 2177 4023 similem,
2206 3956 2310 4012 sed
2338 3956 2526 4012 instar
2549 3955 2781 4028 plumbi
2812 3971 3074 4027 gravem,
3098 3961 3154 4012 et
3172 3957 3336 4014 minii
3354 3958 3552 4016 colore

1901 4045 1978 4102 ad
1993 4045 2202 4102 intima
2215 4060 2403 4118 usque
2415 4042 3199 4102 rubentem.Velocissimum
3212 4061 3452 4119 quoque
3464 4054 3553 4106 est

1900 4133 2013 4189 hoc
2038 4132 2261 4189 animal
2289 4147 2360 4188 ac
2388 4131 2875 4188 robustissimum
2910 4150 2924 4186 :
2956 4138 3017 4188 ut
3044 4148 3153 4189 nec
3185 4148 3399 4207 equus,
3440 4151 3551 4192 nec

1900 4222 2065 4282 aliud
2123 4221 2310 4278 ullum
2351 4220 2595 4293 assequi
2637 4221 2751 4277 hoc
2782 4222 3198 4295 persequendo
3229 4223 3434 4295 possit.
3487 4227 3551 4282 Et

1900 4312 2209 4371 remissius
2259 4310 2504 4383 quidem
2536 4308 2698 4366 initio
2749 4326 2984 4368 currere
3033 4311 3223 4369 solet:
3260 4313 3365 4369 sed
3402 4315 3551 4373 miro

1900 4401 2170 4476 quodam
2188 4399 2391 4464 modo,
2419 4398 2776 4472 quodiutius
2806 4400 3006 4466 currit,
3034 4416 3105 4457 eo
3125 4402 3407 4459 incitatur
3427 4419 3553 4462 ma-

1900 4493 2013 4562 gis,
2042 4495 2104 4546 ut
2125 4488 2252 4561 plus
2273 4494 2453 4561 atque
2482 4487 2744 4545 velocius
2772 4495 2987 4546 currat.
3020 4490 3190 4556 Quod
3207 4492 3383 4562 igitur
3399 4491 3552 4549 alias

1897 4595 2209 4652 nunquam
2264 4593 2371 4650 per
2408 4578 2778 4635 venationem
2836 4579 2969 4651 capi
3008 4584 3230 4651 posset,
3263 4580 3363 4636 ubi
3410 4598 3552 4639 suos

230 4678 299 4724 ιαὶ
346 4681 516 4749 κέρατι
586 4677 634 4712 ⁸⁸
696 4681 784 4729 καὶ
843 4675 1172 4746 λακτίσμασι
1227 4680 1317 4728 καὶ
1376 4671 1637 4747 δήγμασι,
1701 4680 1791 4727 καὶ

1901 4669 2091 4743 pullos
2145 4667 2343 4723 adhuc
2390 4666 2673 4740 parvulos
2709 4666 2868 4740 6.9a
2906 4668 2983 4724 ad
3032 4683 3261 4740 pascua
3302 4670 3552 4727 circum-

232 4761 414 4826 πολλοὺς
467 4770 561 4818 καὶ
614 4766 804 4825 ἵππους
858 4770 947 4817 καὶ
995 4761 1195 4839 ἄνδρας
1244 4764 1611 4829 ἀπολλύουσιν,
1671 4764 1789 4817 ἁλί-

234 4867 413 4906 σκονται
445 4851 507 4908 δέ
554 4860 644 4908 καὶ
682 4854 831 4908 αὐτοὶ
861 4854 1183 4927 τοξευόμενοι
1223 4860 1311 4907 καὶ
1353 4852 1740 4923 ἀκοντιζόμενοι
1773 4874 1784 4886 ·

234 4940 371 4998 ζῶντα
561 4943 656 4998 οὐκ
698 4943 759 4995 ἃν
800 4942 996 5005 λάϐοις.
1037 4945 1115 4997 Τὰ
1162 4939 1220 4997 δί
1260 4946 1387 5018 κρέα
1429 4938 1523 4996 διὰ
1561 4946 1656 5001 τὴν
1704 4962 1787 4994 πιο

1897 4760 2113 4816 ducere
2133 4755 2327 4828 coepit,
2346 4756 2534 4812 multo
2558 4756 2813 4828 cingitur
2829 4758 3099 4829 equitatu
3122 4772 3136 4812 :
3162 4773 3231 4814 ac
3247 4758 3394 4815 dum
3421 4759 3552 4817 reli-

1898 4848 2005 4905 ctis
2048 4844 2223 4917 pullis
2254 4844 2397 4915 fuga
2422 4844 2529 4901 sibi
2559 4844 2869 4901 consulere
2900 4860 3019 4901 non
3049 4846 3193 4919 vult,
3218 4847 3324 4903 sed
3341 4864 3547 4916 cornu,

1898 4936 2186 5003 calcibus,
2202 4933 2503 4992 morsibus
2532 4933 2613 4990 ita
2625 4936 2826 4999 certat,
2854 4938 2920 4989 ut
2944 4933 3162 4992 multos
3183 4951 3543 5010 cumequos,

1543 5085 1777 5141 VARIE
1816 5078 2213 5140 LECTIONES.

288 5214 327 5248 ⁸⁸
346 5217 553 5288 τούτους
578 5236 637 5280 ς’.
713 5216 761 5252 ⁸⁸
787 5212 1055 5288 βιωτεύειν
1088 5220 1148 5288 ᾼ.

235 5300 277 5343 ς.
340 5286 378 5321 ⁶¹
409 5295 498 5340 τοῦ
528 5286 807 5395 ταρμάκου
840 5293 900 5341 Δ.

235 5366 310 5395 nm
376 5363 401 5395 λ
503 5359 526 5393 ο
580 5363 762 5395 ..ὅλαι-ν.
797 5379 835 5395 ι-

234 5366 335 5410 οω.
373 5363 428 5412 Α.
503 5359 551 5395 ⁸⁸
580 5363 765 5432 κέρασι
797 5379 854 5423 ς.

1226 5212 1271 5249 ⁸⁷
1305 5211 1449 5265 οὗτοι
1480 5216 1517 5264 Α
1548 5227 1561 5266 :
1597 5209 1744 5264 αὐτοὶ
1776 5230 1831 5274 ς’.

981 5288 1027 5322 ⁸⁸
1054 5286 1147 5338 οὐκ
1171 5287 1389 5357 ἔχουσιν
1416 5283 1560 5340 add.
1592 5299 1673 5339 rc.
1702 5288 1761 5337 Δ.
1824 5281 1872 5317 ⁸³
1903 5279 2047 5332 οὗτοι

1933 5207 1979 5244 οε
2000 5202 2073 5272 οἱ]
2102 5209 2190 5257 καὶ
2216 5203 2265 5256 οἱ
2296 5224 2350 5267 ς,
2455 5203 2502 5237 ιθ
2529 5204 2614 5253 καὶ
2643 5204 2697 5258 et
2723 5201 2915 5272 ἔχουσι
2944 5216 3068 5257 om.
3102 5208 3163 5259 A.
3240 5204 3292 5242 ⁵ο
3318 5210 3550 5272 πίνοντες

2102 5209 2190 5257 καὶ
2216 5203 2265 5256 οἱ
2296 5224 2350 5267 ς.
2455 5203 2502 5237 ¹⁹
2529 5204 2614 5253 καὶ
2643 5204 2697 5258 et
2723 5202 2915 5323 ἕξουσι
2944 5216 3068 5257 om.
3102 5208 3163 5259 A.
3240 5204 3292 5242 ⁵ο
3318 5210 3547 5272 πίνοντες

2050 5202 2314 5349 ἰέχουσιν
2346 5272 2496 5326 αὐτοὶ
2519 5292 2575 5337 ς’.
2639 5274 2686 5308 ⁶⁴
2709 5290 2749 5324 π
2779 5277 2920 5325 είονα
2952 5274 3315 5344 Stephanus.
3384 5278 3433 5315 ⁸⁸
3458 5275 3547 5332 οὖν

1764 5466 1989 5524 ΝΟΤΕ.

291 5593 389 5668 (52)
410 5598 612 5655 Totam
649 5596 810 5656 hanc
837 5595 1264 5663 narrationem,
1305 5594 1551 5652 mutatis
1570 5594 1860 5650 duntaxat
1882 5588 2111 5662 aliquot
2138 5583 2461 5652 vocabulis,
2492 5581 2689 5640 retulit
2716 5579 2933 5641 Elian.
2962 5582 3025 5642 in
3053 5599 3180 5659 cap.
3216 5592 3302 5658 52,
3328 5587 3427 5646 lib.
3462 5606 3541 5660 iv,

238 5679 305 5739 De
327 5686 555 5746 αοὶπιαι.
