4036 6214
494 279 598 332 227

492 402 619 456 tum
641 399 1122 465 virosinterimat,
1158 398 1388 468 sagittis
1412 397 1649 453 tandem
1681 413 1749 454 ac
1771 398 1986 469 jaculis
2005 413 2145 454 con-

495 489 720 544 fossum
761 489 922 559 (cum
966 489 1168 544 vivum
1198 493 1476 560 nequeat)
1508 487 1760 559 capitur.
1809 490 2026 543 Carnes
2065 488 2142 543 ob

1732 273 1965 328 PHUTII
2026 273 2516 330 PATRIARCHE
2546 275 2646 331 ΟΡ.

3699 291 3788 344 228

2180 398 2224 450 Α
2257 405 2487 471 κρότητα
2536 399 2747 473 ἄϐρωτα
2777 400 2912 457 έστι.
2955 404 3240 476 Θηρεύεται
3281 400 3335 456 δε
3373 413 3463 457 τῶν
3491 411 3694 481 κεράτων
3717 419 3793 466 καὶ

2257 497 2356 540 τῶν
2389 489 2729 561 ἀστραγάλων
2751 492 2927 544 ἕνεκεν.

493 578 825 634 amaritiem
852 578 947 634 edi
981 593 1100 633 non
1141 582 1416 650 possunt.
1452 579 1652 649 Neque
1669 592 1804 633 vero
1834 577 1913 634 ob
1944 578 2104 634 aliud
2159 577 2493 649 quidpiam,
2521 595 2707 651 quam
2739 585 2979 652 propter
3017 580 3209 636 solum
3235 595 3412 637 cornu
3437 588 3492 639 et
3534 584 3672 642 talos
3697 587 3795 644 hoc

493 667 720 723 animal
751 671 1066 722 venantur.

564 755 844 810 Indorum
889 757 946 810 in
1001 756 1246 810 ﬂumine
1299 755 1517 810 vermis
1567 755 1828 811 nascitur
1859 756 1994 828 (53),
2049 756 2147 820 ait,

493 845 688 917 specie
717 844 960 915 quidem
994 843 1077 900 illi
1110 860 1229 899 non
1269 844 1578 906 absimilis,
1621 844 1718 916 qui
1753 844 1981 900 innasci
2013 845 2148 903 ﬁcui

494 934 694 989 arbori
725 933 907 988 solet:
946 933 1050 988 sed
1084 932 1317 988 cubitos
1345 938 1574 1004 septem
1598 933 1814 1002 longus
1842 933 1971 1000 (etsi
1999 933 2150 988 alius

492 1022 608 1078 alio
637 1023 848 1092 major,
871 1023 1206 1094 minorque)
1235 1026 1290 1077 et
1314 1022 1395 1077 ita
1417 1037 1676 1084 crassus,
1700 1027 1759 1076 ut
1779 1037 1913 1076 eum
1940 1022 2148 1077 decem

491 1127 789 1166 annorum
817 1127 964 1182 puer
984 1117 1231 1182 utroque
1251 1110 1345 1164 vix
1363 1109 1610 1166 brachio
1633 1109 1909 1182 amplecti
1927 1116 2143 1182 queat:

491 1201 642 1256 duos
657 1206 884 1254 tantum
897 1200 1075 1255 modo
1094 1200 1275 1254 habet
1295 1198 1527 1265 dentes,
1554 1215 1741 1270 supra
1763 1215 1973 1263 unum,
2001 1198 2145 1253 alte-

488 1305 624 1344 rum
649 1288 801 1343 infra
835 1305 848 1353 ;
883 1290 970 1344 his
1001 1288 1294 1360 quidquid
1329 1289 1722 1358 prehenderit,
1758 1289 2024 1344 devorat.
2060 1292 2145 1342 In-

490 1377 679 1433 terdiu
712 1377 771 1431 in
790 1393 963 1433 coeno
983 1376 1249 1432 ﬂuminis
1276 1393 1679 1441 commorans,
1706 1383 1882 1433 noctu
1909 1383 2142 1432 tantum

489 1467 806 1535 egreditur.
829 1467 999 1532 Quod
1019 1467 1062 1520 si
1083 1471 1208 1521 tum
1233 1465 1380 1521 forte
1398 1469 1457 1521 in
1479 1467 1695 1522 bovem
1721 1472 1823 1522 aut
1847 1466 2142 1521 camelum

487 1555 775 1619 inciderit,
808 1571 1009 1611 morsu
1031 1561 1363 1626 correptum
1383 1556 1439 1610 in
1469 1555 1692 1611 ﬂumen
1721 1555 2144 1619 trahit,totum-

487 1661 605 1718 que
633 1650 848 1717 praeter
893 1645 1087 1700 solum
1116 1650 1402 1710 ventrem,
1440 1649 1625 1700 vorat.
1662 1645 1902 1716 Capitur
1930 1643 2140 1715 grandi

488 1733 670 1789 hamo
701 1735 874 1804 cujus
908 1733 1110 1789 ferreis
1135 1736 1361 1788 catenis
1385 1734 1627 1788 haadum
1661 1733 1786 1788 sive
1813 1748 2038 1802 agnum
2063 1732 2144 1788 al-

488 1822 816 1891 ligaverint.
833 1823 1083 1894 Captum
1109 1823 1222 1892 (54)
1240 1837 1337 1893 per
1362 1821 1491 1876 dies
1513 1821 1754 1890 triginta
1777 1837 2140 1892 suspensum

491 1918 707 1974 tenent,
739 1912 1064 1983 suppositis
1091 1912 1268 1980 vasis,
1288 1911 1654 1980 distillatque
1673 1911 1896 1965 interea
1919 1916 2144 1982 tempo-

489 2001 572 2055 ris
604 2017 673 2055 ex
700 2017 766 2054 eo
790 2001 1037 2071 liquoris
1072 2005 1321 2064 tantum,
1356 2004 1648 2069 quantum
1689 1999 1897 2053 decem
1933 1999 2144 2070 cotyla:

489 2089 686 2143 Atticae
720 2089 978 2160 capiant.
1013 2089 1148 2143 Post
1173 2089 1331 2142 diem
1363 2087 1728 2142 tricesimum
1763 2103 2027 2142 vermem
2056 2090 2145 2159 ip-

490 2193 622 2231 sum
651 2177 959 2246 abjiciunt,
981 2176 1299 2248 oleumque
1327 2176 1511 2247 probe
1537 2193 1603 2231 ac
1627 2182 1748 2231 tuto
1774 2177 2144 2232 reconditum

487 2273 564 2328 ad
605 2272 798 2328 solum
827 2274 1107 2328 Indorum
1135 2287 1332 2341 regem
1364 2271 1619 2328 afferunt
1648 2289 1660 2338 ;
1703 2289 1845 2328 nam
1890 2273 2144 2328 aliorum

487 2361 711 2417 nemini
738 2361 963 2432 aliquid
988 2361 1168 2431 hujus
1187 2360 1296 2416 olei
1317 2362 1479 2433 apud
1498 2377 1559 2416 se
1585 2361 1808 2416 habere
1835 2362 1984 2416 licet.
2016 2362 2144 2415 Cui-

487 2464 724 2521 cunque
755 2455 954 2504 autem
985 2449 1067 2504 rei
1098 2449 1280 2505 hocce
1310 2449 1508 2504 oleum
1541 2450 1714 2505 fuerit
1743 2449 2142 2520 superfusum,

487 2555 618 2595 eam
653 2539 926 2594 accendit
959 2555 970 2604 ;
1005 2539 1277 2610 adeoque
1309 2538 1470 2608 ligna
1496 2539 1629 2610 ipsa
1656 2545 1834 2611 atque
1860 2539 2147 2594 animalia

487 2627 779 2683 comburit
827 2643 838 2681 :
881 2642 1076 2699 neque
1123 2626 1292 2682 aliter
1343 2627 1636 2698 exstingui
1689 2632 1904 2698 potest,
1961 2641 2144 2699 quam

489 2715 660 2770 multi
681 2716 984 2786 crassique
1011 2715 1117 2770 luti
1150 2715 1390 2788 injectu.

558 2803 704 2860 Sunt
726 2803 1078 2876 apudlndos
1096 2805 1340 2860 arbores
1370 2804 1548 2860 cedro
1591 2812 1688 2860 aut
1719 2819 2001 2876 cupresso
2015 2820 2146 2876 pro-

487 2894 726 2949 ceritate
758 2910 951 2966 pares,
969 2893 1187 2966 palmae
1207 2893 1360 2948 foliis
1384 2893 1590 2965 ;paulo
1616 2899 1816 2948 tamen
1832 2893 2143 2948 latioribus

486 2988 541 3037 et
589 2983 820 3054 absque
852 2984 986 3038 sinu
1018 2984 1140 3037 sive
1190 2983 1389 3039 axilla.
1448 2983 1674 3038 Florem
1717 2983 1942 3038 habent
1998 2980 2146 3036 lauri

487 3073 764 3128 masculae
793 3071 1068 3137 similem,
1103 3073 1207 3127 sed
1239 3072 1496 3127 fructum
1531 3071 1762 3127 nullum
1796 3071 2008 3126 ferunt.
2040 3074 2148 3126 No.

488 3178 623 3217 men
651 3161 762 3215 illis
796 3161 991 3216 Indice
1016 3161 1292 3232 Carpion,
1327 3161 1524 3216 Graece
1549 3165 1838 3236 μυροφόρα.
1861 3159 2148 3215 Distillant

485 3266 559 3306 ea
579 3250 690 3306 hac
719 3265 839 3304 non
869 3251 1200 3305 admodum
1227 3250 1512 3322 frequenti
1536 3249 1770 3315 arbore,
1801 3249 1915 3304 olei
1947 3249 2148 3318 cujus-

484 3339 628 3394 dam
659 3344 859 3410 guttae,
893 3355 1045 3410 quas
1072 3339 1211 3395 lana
1241 3340 1314 3394 de
1344 3345 1552 3394 trunco
1585 3341 1879 3394 abstersas
1909 3339 1966 3392 in
1998 3337 2145 3408 lapi-

485 3429 630 3484 deos
657 3428 871 3482 deinde
886 3427 1222 3484 alabastros
1245 3427 1609 3500 exprimunt.
1629 3428 1847 3483 Modice
1876 3426 2017 3481 illud
2041 3443 2142 3482 ru-

482 3517 660 3572 brum
714 3521 820 3580 est,
881 3521 938 3572 et
990 3518 1450 3573 crassiusculum
1503 3516 1839 3571 suavissimi
1897 3531 2142 3587 prorsus

485 3607 698 3672 odoris,
723 3622 905 3677 quem
933 3606 1112 3661 etiam
1137 3607 1211 3661 ad
1227 3606 1504 3678 quintum
1541 3621 1734 3676 usque
1758 3605 2014 3660 stadium
2033 3604 2141 3661 dif-

485 3695 654 3750 fundi
686 3696 872 3751 aiunt.
898 3695 1015 3750 Soli
1036 3702 1233 3750 autem
1262 3695 1674 3766 regi,ejusque
1708 3694 2139 3766 propinquisid

484 3785 700 3840 habere
731 3785 1089 3840 conceditur.
1119 3787 1198 3838 Ex
1221 3800 1289 3839 eo
1309 3801 1445 3838 cum
1467 3784 1750 3838 Indorum
1777 3799 1873 3837 rex
1908 3783 1986 3839 ad
2017 3786 2140 3838 Per-

486 3889 691 3929 sarum
722 3889 922 3944 regem
954 3873 1180 3945 aliquid
1197 3873 1477 3937 misisset,
1504 3873 1716 3928 vicisse
1750 3871 1906 3943 59b
1921 3889 1982 3928 se
2007 3888 2140 3928 nar-

483 3968 572 4018 rat
612 3964 852 4027 Ctesias,
892 3963 1188 4034 talemque
1238 3963 1479 4016 odorem
1533 3961 1887 4032 percepisse,
1943 3961 2138 4033 qualis

485 4068 679 4125 neque
699 4053 892 4108 verbis
919 4051 1188 4124 exprimi,
1218 4066 1412 4122 neque
1431 4066 1569 4105 cum
1597 4050 1714 4106 alio
1739 4050 1858 4105 ullo
1885 4051 2134 4106 conferri

484 4147 703 4214 posset.

557 4233 807 4286 Caseum
859 4232 998 4284 item
1032 4245 1101 4284 ac
1150 4230 1354 4284 vinum
1388 4229 1660 4284 omnium
1713 4228 2135 4284 suavissimum

485 4316 703 4372 habere
733 4317 844 4372 hos
873 4323 1092 4381 narrat,
1143 4316 1323 4387 idque
1377 4332 1440 4371 se
1473 4317 1772 4385 gustando
1825 4322 2135 4389 expertum

484 4404 786 4461 didicisse.

557 4498 726 4563 Fons,
760 4498 862 4561 ait,
888 4496 944 4551 in
973 4494 1156 4550 Indiis
1188 4499 1270 4550 est
1298 4494 1595 4567 quadrata
1623 4494 1834 4560 forma,
1866 4495 2134 4566 quinque

483 4586 709 4642 circiter
723 4585 999 4642 ulnarum
1017 4584 1270 4641 ambitu.
1289 4582 1474 4652 Hujus
1489 4599 1647 4654 aqua
1660 4583 1738 4636 ita
1753 4581 1907 4637 intra
1923 4599 2133 4640 saxum

483 4675 833 4741 continetur,
869 4680 931 4730 ut
963 4692 997 4729 a
1038 4674 1208 4730 labro
1239 4673 1316 4729 ad
1348 4672 1542 4743 ipsam
1575 4671 1748 4726 trium
1797 4670 2132 4728 cubitorum

482 4763 741 4836 spatium
769 4763 1114 4828 intercedat,
1142 4778 1302 4834 aqua
1322 4776 1462 4816 vero
1489 4761 1620 4831 ipsa
1656 4758 1832 4814 trium
1868 4759 2134 4816 similiter

481 4852 760 4908 ulnarum
791 4851 1161 4909 altitudinem
1220 4853 1433 4906 teneat.
1472 4851 1692 4904 Lavant
1739 4847 1798 4903 in
1850 4863 1922 4903 ea
1972 4847 2131 4919 (cum

2333 755 2453 807 Ὅτι
2504 755 2552 807 έν
2599 765 2669 826 τῷ
2708 767 2926 830 ποταμῷ
2969 767 3064 810 τῶν
3109 755 3284 812 Ἰνδῶν
3330 762 3368 794 ⁸⁷
3411 761 3600 824 σκώληξ
3626 769 3797 832 γίνεται

2263 849 2320 896 τὸ
2347 849 2435 916 μεν
2478 843 2635 911 εἶδος,
2677 849 2878 920 οἷόνπερ
2911 847 2959 900 έν
3000 856 3117 910 ταῖς
3166 857 3347 911 συκαῖς
3391 853 3526 902 εἴωθε
3569 855 3796 922 γίνεσθαι,

2262 939 2320 986 τὸ
2347 931 2404 986 δι
2430 943 2596 1006 μῆκος
2625 942 2819 1006 πήχεις
2850 939 2896 972 ⁸⁸
2927 937 3075 1002 έπτὰ,
3119 944 3207 990 καὶ
3249 942 3447 1009 μείζους
3488 936 3541 990 δε
3569 945 3649 992 καί
3676 940 3798 992 ἐλάτ-

2259 1043 2378 1085 τους
2413 1045 2424 1056 ·
2459 1029 2516 1075 τὸ
2562 1023 2620 1076 δι
2668 1029 2842 1096 πάχος
2891 1024 3134 1079 δεκαετέα
3183 1024 3348 1078 παῖδα
3385 1028 3524 1098 μόλις
3560 1033 3676 1099 φασὶ
3704 1037 3802 1089 ταῖς

2258 1119 2418 1186 χερσί
2466 1113 2780 1185 περιλαϐεῖν.
2832 1121 3063 1185 Ἔχουσι
3109 1113 3167 1168 δε
3213 1113 3423 1176 ὀδόντας
3474 1113 3582 1180 δύο,
3613 1119 3688 1168 ἕνα
3714 1120 3802 1168 ἀνω

2782 1205 2908 1276 [156
2951 1203 3040 1276 8.]
3101 1210 3189 1256 καὶ
3229 1207 3253 1256 ὃ
3296 1224 3345 1256 τι
3390 1204 3446 1255 av
3487 1203 3670 1256 λάϐωσι
3715 1212 3805 1263 τοῖς

2257 1287 2464 1355 ὀδοῦσι,
2521 1294 2882 1344 κατεσθίουσι.
2941 1299 3039 1346 Καὶ
3084 1299 3175 1351 τὴν
3205 1299 3294 1364 μεν
3330 1296 3516 1366 ἡμέραν
3563 1292 3606 1344 έν
3634 1301 3689 1365 τῇ
3720 1293 3806 1344 ἰλύῑ

2255 1387 2346 1430 τοῦ
2379 1388 2614 1452 ποταμοῦ
2645 1377 2967 1445 διαιτῶνται,
3009 1390 3070 1453 τῇ
3123 1378 3182 1434 δε
3227 1387 3372 1433 νυκτὶ
3406 1381 3702 1452 ἐξέρχονται,
3730 1387 3806 1433 καὶ

2257 1207 2346 1253 καὶ
2401 1203 2485 1254 ἕνα
2537 1206 2678 1254 κάτω
2721 1225 2732 1236 ~

2255 1466 2338 1518 iva
2371 1488 2470 1519 τινι
2515 1469 2706 1542 έντύχη
2742 1471 2787 1505 ⁸⁸
2821 1468 2868 1520 έν
2897 1478 2956 1542 τῇ
2989 1479 3054 1542 γῇ
3099 1468 3190 1542 βοί
3233 1472 3263 1528 ᾖ
3315 1470 3530 1542 καμήλῳ
3557 1476 3638 1522 καί
3666 1466 3805 1541 δάκῃ,

2257 1557 2520 1608 συλλαϐῶν
2566 1559 2696 1611 ἕλκει
2775 1559 2847 1619 εἰς
2898 1563 2984 1610 τὸν
3039 1563 3290 1631 ποταμὸν,
3342 1564 3429 1610 καὶ
3487 1561 3641 1610 πάντα
3703 1577 3807 1610 κατ·

2254 1648 2414 1698 εσθίει
2445 1647 2576 1705 πλὴν
2607 1657 2702 1709 τῆς
2743 1649 2960 1708 κοιλίας.
2994 1649 3294 1722 ’Λγρεύεται
3343 1645 3400 1700 δε
3452 1647 3700 1718 ἀγκίστρῳ
3737 1666 3810 1718 με·

2252 1735 2413 1805 γάλῳ,
2477 1738 2645 1810 ἔριφον
2708 1737 2737 1794 ἣ
2813 1739 2942 1809 ἄρνα
2995 1733 3327 1794 ένδησάντων
3381 1737 3429 1771 ⁷⁸
3485 1741 3568 1788 καὶ
3621 1735 3810 1787 ἁλύσεσι

2179 1816 2219 1869 Β
2257 1819 2508 1894 σιδηραῖς
2561 1823 2978 1896 έναρμοσάντων.
3043 1825 3415 1896 Ἀγρεύσαντες
3471 1819 3527 1876 δε
3571 1826 3815 1897 τριάκοντα

2256 1913 2452 1983 ἡμέρας
2515 1922 2772 1985 κρεμῶσιν
2824 1914 2977 1965 αὐτὸν
3039 1915 3081 1948 τί
3139 1919 3227 1966 καὶ
3285 1915 3468 1984 ἀγγεῖα
3521 1914 3812 1975 ὑποτιθέασι,

2256 2006 2343 2051 καὶ
2381 2001 2463 2073 ῥεῖ
2504 2000 2555 2062 ἐξ
2587 2002 2746 2053 αὐτού
2791 2005 2911 2054 ὅσον
2961 1999 3089 2054 δέκα
3120 2003 3344 2064 κοτύλας
3372 2004 3609 2061 Ἀττικὰς
3631 2004 3684 2052 τὸ
3711 1999 3818 2057 πλῆ-

2259 2091 2369 2151 θος.
2439 2089 2596 2141 Ὀταν
2674 2087 2732 2142 δι
2803 2092 3127 2164 παρέλθωσιν
3185 2095 3240 2143 αἱ
3311 2094 3581 2166 τριάκοντα
3633 2092 3816 2161 ἡμέραι,

2257 2176 2640 2251 ἀπορρίπτουσι
2678 2184 2764 2231 τὸν
2811 2180 3075 2244 σκώληκα,
3113 2185 3202 2232 καὶ
3251 2185 3308 2232 τὸ
3339 2181 3503 2232 ἔλαιον
3552 2177 3821 2248 ἀσφαλισά-

2256 2286 2398 2338 μενοι
2427 2269 2620 2338 ἄγουσι
2650 2277 2721 2337 τῷ
2754 2267 2964 2340 βασιλεί
3013 2273 3149 2340 μόνῳ
3202 2279 3299 2320 τῶν
3351 2265 3523 2321 Ἰνδῶν
3569 2288 3580 2300 ν
3612 2266 3735 2335 ἄλλῳ
3773 2261 3822 2315 δὲ

2257 2356 2348 2407 ούκ
2403 2356 2597 2418 ἔξεστιν
2675 2358 2728 2419 ἐξ
2781 2357 2937 2409 αὐτοῦ
2994 2361 3156 2428 ἔχειν.
3213 2364 3378 2410 Τοῦτο
3426 2361 3479 2409 τὸ
3536 2356 3709 2418 ἔλαιον,
3760 2352 3824 2423 ἐφ’

2257 2445 2282 2495 ὁ
2328 2446 2374 2479 ⁷²
2415 2444 2474 2496 ἆν
2507 2445 2762 2518 έπιχυθῇ,
2812 2445 3048 2511 ἀνάπτει,
3093 2452 3183 2499 καὶ
3234 2447 3540 2519 καταφλέγει
3587 2445 3704 2507 ξύλα
3749 2447 3825 2493 καὶ

2259 2535 2388 2598 ζῶα,
2422 2540 2511 2586 καί
2541 2534 2701 2595 ἄλλως
2746 2536 2802 2587 ού
2837 2534 3106 2587 σϐέννυται
3133 2535 3176 2587 εἰ
3206 2541 3278 2608 μὴ
3315 2539 3462 2606 πηλῷ
3493 2534 3650 2603 πολλῲ
3680 2551 3726 2584 τε
3752 2536 3824 2582 καί
3863 2593 3878 2612 ⁸

2259 2631 2438 2694 παχεῖ.

2327 2799 2448 2850 Ὀτι
2488 2803 2598 2852 ἔστι
2632 2797 2828 2872 δένδρα
2858 2800 2904 2852 ἐν
2936 2798 3123 2862 Ἰνδοῖς
3162 2801 3342 2872 ὑψηλά
3381 2804 3553 2872 ὥσπερ
3597 2795 3764 2871 κέδρος
3797 2797 3822 2855 ὖ

2259 2891 2567 2962 κυπάριττος
2613 2891 2682 2954 “²³,
2745 2893 2809 2941 τὰ
2865 2888 2922 2942 δὲ
2971 2890 3134 2962 φύλλα
3190 2893 3366 2962 ὥσπερ
3434 2889 3613 2962 φοῖνιξ,
3675 2887 3826 2955 ὀλίγον

2259 2977 2548 3051 πλατύτερα
2581 3000 2591 3010 ·
2622 2985 2706 3029 καί
2740 2975 3088 3050 μασχαλίδας
3108 2979 3201 3030 ούκ
3233 2983 3367 3050 ἔχει.
3400 2980 3566 3031 Ἀνθεί
3591 2973 3645 3030 δε
3674 2978 3825 3048 ὥσπερ

2260 3067 2287 3122 ἡ
2322 3069 2491 3139 ἄρσην
2524 3063 2716 3139 δάφνη,
2759 3071 2957 3138 καρπὸν
2990 3066 3039 3119 δ’
3087 3069 3181 3120 ούκ
3225 3072 3359 3140 ἔχει,
3412 3068 3742 3138 Ὀνομάζεται
3777 3060 3828 3114 δε

2186 3186 2224 3241 C
2255 3152 2475 3208 Ἰνδιστὶ
2502 3161 2592 3228 μεν
2641 3159 2881 3229 κάρπιον,
2931 3156 3222 3215 Ἑλληνιστὶ
3264 3155 3324 3210 δε
3367 3161 3649 3230 μυροφόρα.
3692 3160 3828 3206 Ἐστι

2258 3241 2316 3296 δε
2349 3248 2558 3298 σπάνια.
2588 3245 2788 3298 Ῥέουσι
2819 3243 2878 3298 δι
2903 3245 2955 3308 ἐξ
2984 3245 3143 3298 αὐτοῦ
3176 3245 3350 3298 έλαίου
3393 3251 3654 3317 σταγόνες,
3685 3241 3761 3302 οὖς
3787 3242 3829 3274 ⁷⁸

2255 3333 2374 3408 έρίῳ
2401 3334 2694 3405 ἀναψῶντες
2720 3335 2821 3387 ἀπὸ
2849 3345 2940 3387 τοῦ
2971 3332 3194 3407 δένδρου
3221 3335 3598 3396 ἁποπιέζουσιν
3627 3333 3694 3394 εἰς
3721 3329 3828 3382 ἁλα-

2254 3422 2514 3497 ϐάστρους
2559 3424 2804 3485 λιθίνους.
2839 3431 2992 3477 Ἐστι
3023 3420 3080 3476 δι
3129 3429 3187 3476 τὸ
3237 3428 3328 3495 μὲν
3377 3434 3577 3498 χρῶμα
3627 3421 3828 3495 ἀτρέμας

2253 3514 2539 3586 ὑπέρυθρον
2571 3519 2658 3565 καὶ
2683 3517 2958 3584 ύπὸπαχυ,
2983 3517 3086 3576 ὄζει
3122 3511 3180 3566 δε
3211 3520 3418 3566 πάντων
3453 3513 3546 3586 [93
3575 3512 3656 3581 Η.]
3689 3505 3828 3567 ἥδισ·

2252 3621 2337 3652 τον
2367 3624 2378 3634 ο
2415 3607 2548 3665 ὄζειν
2579 3600 2634 3655 δέ
2667 3623 2824 3673 φασιν
2845 3603 2970 3655 αύτὸ
2997 3609 3086 3655 καὶ
3113 3603 3193 3656 ἐπὶ
3219 3609 3366 3657 πέντε
3401 3600 3667 3662 σταδίους.
3694 3603 3827 3666 Mva

2252 3687 2285 3741 δ
2291 3694 2309 3742 ι
2333 3689 2543 3762 βασιλεί
2560 3699 2748 3748 κτητον
2771 3691 2881 3743 έστι
2900 3700 3051 3744 τοῦτο
3080 3697 3170 3744 καὶ
3195 3699 3304 3753 τοῖς
3333 3696 3638 3763 συγγενέσιν
3665 3689 3824 3738 αὐτοῦ.

2255 3785 2350 3830 Καὶ
2387 3779 2606 3850 ἔπεμψεν
2631 3781 2678 3815 ⁷⁸
2711 3783 2736 3830 ὸ
2769 3777 2946 3832 Ἰνδῶν
2992 3789 3063 3851 τῷ
3109 3787 3317 3854 Περσῶν
3359 3780 3597 3853 βασιλεῖ,
3637 3783 3720 3830 καί
3750 3795 3830 3848 φη·

2253 3887 2333 3919 σιν
2360 3870 2408 3903 ⁷⁸
2441 3866 2570 3921 ἰδεῖν
2598 3870 2723 3921 αύτό
2758 3875 3010 3933 Κτησίας,
3035 3876 3123 3922 καὶ
3152 3870 3515 3945 ὀσφρανθῆναι
3540 3869 3706 3941 ὀσμῆς
3732 3867 3829 3922 οἵας

2249 3961 2366 4010 οὔτε
2396 3958 2553 4010 εἰπεῖν
2581 3955 2640 4015 ἧν
2667 3962 2782 4011 οὔτε
2803 3959 3029 4013 εἰκάσαι.

2316 4225 2436 4278 Ὀτι
2465 4230 2552 4278 τὸν
2582 4230 2735 4299 τυρὸν
2755 4233 2845 4280 καὶ
2868 4231 2952 4279 τὸν
2969 4224 3101 4280 οἶνον
3129 4231 3329 4280 πάντων
3351 4234 3489 4299 φησὶ
3505 4227 3826 4299 γλυκύτατον,

2247 4319 2315 4375 ὡς
2337 4317 2512 4382 αὐτὸς,
2547 4323 2697 4388 φησὶ,
2728 4323 2902 4389 φαγὼν
2932 4314 3024 4370 διὰ
3056 4323 3233 4391 πείρας
3255 4321 3463 4390 ἔμαθεν.

2167 4537 2210 4591 D
2314 4493 2436 4550 Ὀτι
2464 4500 2659 4564 κρήνην
2686 4495 2730 4528 ⁷⁷
2767 4494 2816 4545 έν
2848 4491 3034 4556 Ἰνδοῖς
3060 4514 3237 4565 φησιν,
3271 4497 3391 4548 ὅσον
3428 4500 3582 4546 πέντε
3627 4491 3835 4564 ὀργυιῶν

2243 4585 2273 4640 ἡ
2308 4588 2631 4657 περίμετρος,
2688 4586 2998 4657 τετράγωνος
3043 4586 3090 4618 ⁷⁸
3147 4581 3224 4638 δέ.
3269 4583 3425 4636 Ἐστι
3488 4579 3549 4636 δε
3604 4585 3662 4634 τὸ
3701 4575 3834 4650 ὕδωρ

2243 4674 2293 4724 έν
2331 4678 2495 4745 πέτρα
2527 4694 2538 4706 ·
2576 4671 2736 4744 βάθος
2793 4669 2851 4725 δε
2903 4671 3029 4725 εἶναι
3075 4678 3239 4745 μέχρι
3295 4680 3387 4724 τοῦ
3438 4669 3642 4732 ὕδατος
3692 4674 3836 4742 τριῶν

2242 4769 2453 4832 πηχῶν,
2496 4765 2552 4812 τό
2599 4758 2655 4812 δε
2686 4763 2802 4813 καθ’
2850 4759 3043 4824 ὕδατος
3085 4770 3241 4835 τριῶν
3290 4761 3541 4836 ὀργυιῶν.
3590 4762 3840 4814 Λούονται

2245 4847 2302 4902 δε
2331 4849 2380 4901 έν
2419 4850 2559 4918 αύτῷ
2609 4852 2655 4902 οἱ
2703 4849 3076 4923 έπισημότατοι
3114 4860 3213 4904 τῶν
3260 4849 3460 4921 Ἰνδῶν,
3523 4855 3615 4902 καὶ
3665 4843 3840 4921 ἄνδρες

1823 5007 2055 5062 νΑΗιΑΞ
2089 5011 2492 5066 LECTIONES.

555 5175 596 5206 ⁸⁷
637 5173 839 5227 malim
983 5168 1166 5242 Ἰνδῷ(
1269 5171 1313 5204 ⁸⁸
1344 5176 1556 5242 πήχεσιν
1584 5193 1636 5234 ς.

1751 5172 1796 5205 ⁶⁹
1849 5170 1930 5222 ἐάν
1957 5189 2058 5220 τινι
2089 5168 2278 5242 ἐντύχῃ
2310 5176 2341 5222 Α
2376 5189 2386 5225 :
2421 5173 2610 5244 τούτων
2639 5171 2689 5229 ὃς
2719 5170 2777 5221 ἂν
2808 5173 3001 5244 ἕντύχη
3034 5177 3133 5223 τινὶ
3163 5193 3216 5236 ς.

3331 5174 3378 5207 7°
3410 5168 3536 5229 ένδη
3549 5172 3754 5223 σάντων
3780 5176 3844 5237 τῷ

482 5242 751 5316 ἀγκίστρῳ
784 5250 871 5316 καὶ
1037 5243 1078 5277 ⁷¹
1111 5241 1234 5316 αὐτὸ
1268 5244 1330 5294 Α.
1408 5239 1455 5276 τί
1484 5241 1532 5313 ὃ]
1628 5244 1689 5295 Α.
1767 5242 2167 5311 τ³κυπάρισσος
2321 5243 2369 5274 ⁷⁸
2401 5239 2508 5313 ούς]
2549 5258 2744 5297 nonne
2776 5241 2882 5302 ἂςῩ
2907 5239 3188 5314 άνᾶψαντες
3216 5265 3269 5307 ς’.
3327 5245 3375 5278 ⁷⁵
3401 5250 3491 5295 καὶ
3511 5241 3743 5316 ἔπεμψεν
3771 5242 3842 5294 Α;

481 5300 760 5387 frtem-156.6":
786 5315 836 5378 ἐξ
860 5315 1018 5365 αύτού
1053 5335 1106 5376 ς’.
1184 5315 1230 5347 ⁷⁸
1265 5318 1417 5382 φασίν
1452 5300 1532 5376 5.4
1570 5300 1625 5347 ’⁷⁷
1659 5317 1820 5385 κρήνη
1854 5335 1906 5376 ς,
1977 5300 2033 5346 ’τδ
2058 5314 2366 5386 τετράγωνος
2393 5300 2513 5367 οῐῐιῖ
2553 5334 2604 5376 ς.

2051 5453 2276 5510 NOTAE.

552 5599 668 5675 (53)
701 5601 833 5655 Haec
877 5601 1026 5669 ipsa,
1057 5601 1235 5668 atque
1268 5595 1382 5650 alia
1411 5594 1484 5650 de
1514 5595 1628 5650 hoc
1661 5610 1857 5651 verme
1884 5593 2070 5667 plura,
2103 5596 2388 5669 excerpsit
2417 5612 2486 5652 ex
2514 5595 2707 5654 Ctesia
2739 5595 2949 5654 Elian.
2980 5597 3089 5654 lib.
3130 5615 3189 5666 v,
3213 5613 3347 5670 cap.
3377 5602 3431 5662 3,
3468 5597 3560 5654 De
3586 5595 3853 5654 animal.

553 5690 667 5766 (54)
696 5689 860 5745 Idem
887 5687 960 5743 de
990 5701 1059 5742 eo
1091 5690 1148 5742 et
1176 5683 1560 5741 Philostratus
1591 5684 1780 5741 refert.
