4036 6214
536 297 632 353 231
1759 282 2000 342 PHOTU
2037 281 2199 339 ΡΑτὶ

2309 281 2518 337 HCHE
2556 280 2662 337 ΟΡ.
3741 280 3832 335 23⁸2

1255 417 1336 471 LX
1346 415 1478 471 Xlll.

859 507 1164 564 Heliodori
1193 504 1582 573 ίΕιὴίορίεοη
1614 502 1752 558 libri
1780 517 1836 556 ι.

611 599 880 670 Legimus
897 595 1186 652 Heliodori
1203 593 1577 664 ίΕίΙιίορίεα.
1599 593 1762 662 Opus
1785 595 1874 645 est
1901 587 2186 644 dramati-

539 705 702 758 cum,
731 703 804 744 ea
832 685 1054 758 phrasi,
1075 701 1210 756 quas
1222 690 1646 752 argumentum
1660 679 2066 749 conscriptum
2083 676 2185 730 de-

539 783 666 834 ceat
687 794 700 842 ;
721 777 908 832 multa
924 776 1142 831 etenim
1165 779 1252 828 est
1268 773 1328 828 in
1346 788 1416 827 eo
1434 773 1560 826 sine
1576 769 1946 826 aﬂectatione
1967 765 2186 837 simpli-

537 870 682 924 citas
713 872 891 937 atque
911 862 1274 935 jucunditas.
1317 860 1639 917 Aﬁ‘ectibus
1664 865 1949 931 praeterea
1986 871 2185 912 rerum

536 957 751 1029 partim
783 952 1183 1027 pmsentium,
1210 950 1424 1022 partim
1449 950 1956 1020 speratarum,aut
1992 946 2186 1016 inspe-

539 1047 1159 1113 ratarum,temperata
1181 1040 1438 1095 narratio
1459 1037 2186 1106 est,salutesmpenumero

541 1139 756 1206 praeter
770 1132 1107 1204 opinionem
1123 1131 1180 1184 in
1196 1129 1396 1184 mediis
1409 1126 1839 1183 calamitatibus
1852 1124 2190 1180 allata.Ver-

539 1224 618 1280 ba
646 1238 888 1295 quoque
908 1219 1269 1276 adhibentur
1282 1215 1700 1287 signiﬁcantia,
1726 1220 2111 1285 etpura,quae
2137 1211 2187 1266 si

541 1312 862 1377 interdum,
891 1314 955 1364 ut
973 1325 1084 1381 par
1112 1313 1222 1376 est,
1245 1307 1305 1362 in
1335 1305 1592 1374 ﬁguram
1619 1303 2026 1366 deﬂectantur,
2058 1316 2188 1372 per-

543 1403 747 1473 spicua
779 1405 978 1455 tamen
1009 1403 1168 1466 sunt,
1200 1395 1621 1466 evidenterque
1662 1392 2028 1464 propositam
2065 1404 2190 1444 rem

541 1490 841 1547 exhibent.
871 1487 1100 1543 Periodi
1161 1487 1361 1549 etiam,
1421 1499 1529 1555 pro
1581 1481 1844 1552 subjecta
1883 1496 1964 1544 re,
2013 1485 2188 1550 aptis,

539 1580 764 1651 quippe
777 1577 1088 1649 aliquanto
1112 1573 1410 1629 breviores
1433 1572 1992 1640 contractioresque.
2027 1568 2195 1622 Com-

540 1668 754 1740 positio
799 1666 1081 1736 denique,
1122 1667 1187 1718 ut
1213 1669 1420 1717 cetera
1458 1660 1682 1723 omnia,
1717 1656 2040 1714 narrationi
2082 1654 2194 1726 ipsi

2217 414 2265 464 Δ

3029 406 3152 460 01".

2759 491 3058 567 Ηλιοδὼρου
3100 501 3135 546 Δ
3147 495 3414 549 ἰθιοπικόν.

2368 587 2690 657 Ἀνεγνώσθη
2742 582 3061 656 Ἡλιοδώρου
3119 584 3416 638 Αἰθιοπικὸν
3473 585 3537 634 ⁸⁸.
3587 581 3729 633 Ἐστι
3789 578 3839 633 δι

2293 682 2351 729 τό
2406 681 2677 747 σύνταγμα
2751 670 3090 747 δραματικὸν,
3147 675 3327 747 φράσει
3385 668 3442 723 δί
3492 672 3739 744 πρεπούσῃ
3786 677 3836 740 τῇ

2293 767 2533 818 ὑποθέσει
2587 770 2858 836 κέχρηται·
2915 769 3002 815 καὶ
3051 766 3152 836 γὰρ
3209 761 3412 832 ἀφελείᾳ
3455 766 3540 811 καὶ
3589 759 3842 830 γλυκύτητι

2297 855 2382 925 [94
2440 855 2524 924 Η.]
2577 854 2860 914 πλεονάζει.
2893 858 2991 905 Καὶ
3038 853 3228 904 πάθεσι
3280 847 3338 902 δὲ
3384 853 3448 900 τὰ
3620 856 3840 922 παροῦσι,

2294 947 2360 995 τὰ
2406 940 2464 995 δὲ
2503 942 2873 1013 ίλπιζομένοις,
2907 944 2970 992 τὰ
3013 937 3072 992 δὲ
3113 945 3201 990 καὶ
3232 939 3278 973 ⁹⁴
3324 937 3636 996 ἀνελπίστοις
3663 933 3843 988 διαποι·

2293 1033 2520 1084 κίλλεται
2578 1034 2606 1090 ἡ
2665 1028 2943 1102 διήγησις,
2974 1034 3064 1080 καὶ
3120 1023 3440 1098 παραδόξοις
3498 1025 3550 1076 ἐκ
3588 1027 3632 1059 ³⁸
3677 1042 3847 1095 συμφο·

2295 1131 2395 1196 ρῶν
2451 1126 2749 1194 σωτηρίαις,
2797 1119 2965 1181 λέξεσί
3021 1136 3074 1170 τε
3148 1117 3394 1186 εὐσήμοις
3444 1121 3532 1166 καὶ
3590 1117 3840 1187 καθαραῖς.

2301 1217 2399 1264 Καὶ
2452 1215 2495 1264 εἰ
2542 1230 2657 1270 που,
2699 1212 2763 1270 ὡς
2809 1210 2964 1272 εἰκὸς,
3019 1211 3107 1258 καὶ
3163 1213 3277 1266 ταῖς
3325 1210 3393 1264 εὶς
3432 1208 3620 1277 τροπὴν
3673 1202 3848 1252 κλινου-

2299 1319 2418 1360 σαις
2468 1299 2860 1369 ἀποχρήσαιτο,
2908 1299 3127 1366 εὔσημοί
3166 1299 3216 1346 τί
3247 1293 3351 1345 εἰσι
3379 1298 3468 1343 καὶ
3510 1290 3853 1362 έναργώςπαρ-

2301 1398 2524 1442 ιστῶσαι
2598 1392 2656 1440 τό
2722 1392 3072 1458 προκείμενον.
3137 1379 3380 1454 Περίοδοι
3456 1384 3727 1452 σύμμετροι
3776 1381 3851 1428 καὶ

2299 1484 2424 1551 πρὸς
2453 1481 2500 1513 ³⁵
2528 1483 2584 1529 τό
2630 1476 2961 1548 βραχύτερον
3000 1475 3085 1526 οἶα
3131 1469 3198 1530 δὴ
3247 1469 3641 1540 συστελλόμεναι
3660 1470 3721 1522 ’⁷.
3771 1471 3854 1519 Καὶ

2301 1571 2332 1627 ἡ
2385 1570 2617 1625 συνθήκη
2669 1564 2727 1618 δὲ
2779 1570 2868 1617 καὶ
2908 1563 3070 1616 τᾶλλα
3121 1570 3191 1630 τῷ
3241 1560 3380 1630 λόγῳ
3413 1559 3648 1626 ἀνάλογα.
3682 1556 3856 1628 Ἐρωτα

2302 1661 2392 1730 μὶν
2464 1654 2653 1727 ἀνδρὸς
2702 1658 2898 1726 ὑφαίνει
2967 1657 3057 1704 καὶ
3116 1653 3384 1718 γυναικὸς,
3441 1649 3758 1719 σωφροσύνης
3808 1641 3856 1696 δι

541 1737 1018 1817 accommodata,
1041 1767 1163 1824 qua
1174 1752 1281 1806 viri
1303 1749 1543 1822 quidem
1570 1748 1922 1818 feminaeque
1947 1745 2196 1800 refertur

2309 1744 2536 1800 δείκνυσι
2569 1747 2726 1797 πόθον
2755 1748 2844 1796 καὶ
2872 1741 3100 1814 φυλακήν
3127 1737 3340 1812 ἀκριϐῆ.

543 1842 1259 1915 amor,sedquicastitatis
1291 1839 1565 1911 praeferat
1592 1837 1980 1900 desiderium,
1999 1839 2194 1890 custo-

542 1933 822 2003 diemque
849 1934 1214 1986 accuratam.

615 2021 907 2076 Dramatis
937 2018 1116 2088 hujus
1173 2019 1598 2086 argumentum
1627 2014 1854 2069 auctori
1885 2012 2194 2083 praebuere

544 2110 887 2179 Theagenes
917 2113 974 2163 et
1014 2105 1338 2169 Chariclea.
1381 2109 1542 2160 caste
1581 2104 1730 2158 inter
1790 2118 1852 2157 se
1882 2117 1952 2156 ac
1981 2099 2195 2171 pudice

545 2204 838 2262 amantes,
870 2213 1006 2252 cum
1067 2196 1217 2250 ultro
1273 2195 1535 2264 citroque
1565 2192 1773 2264 jactati
1811 2195 2104 2255 errarunt,
2140 2191 2197 2244 et

547 2289 705 2360 capti
736 2287 917 2343 etiam
944 2284 1318 2347 indentidem,
1354 2281 1536 2337 ﬁdem
1569 2286 1771 2336 tamen
1812 2278 2192 2349 conjugalem

546 2381 887 2433 constanter
899 2371 1386 2440 servarunt.Ergo
1400 2371 1646 2426 nomina
1659 2369 1870 2424 horum
1888 2367 2195 2422 adducun-

547 2471 662 2531 tur,
695 2471 752 2521 et
781 2463 1133 2519 summatim
1165 2459 1463 2532 quidquid
1493 2459 1653 2531 passi
1684 2463 1823 2514 sunt
1851 2462 2192 2527 egeruntve.

547 2552 998 2610 Atheniensium
1017 2551 1202 2606 festus
1219 2549 1368 2614 dies,
1390 2565 1532 2621 quo,
1552 2547 1855 2604 Chariclea
1866 2545 2195 2608 sacerdote,

548 2643 892 2713 Theagenes
923 2656 1101 2696 cursu
1135 2637 1433 2695 certat.Ab
1463 2637 1652 2694 oculis
1683 2643 1820 2692 tunc
1845 2640 2023 2692 natus
2055 2635 2200 2689 invi-

549 2749 680 2790 cem
701 2747 874 2788 amor
889 2735 1173 2801 ortusque
1191 2744 1260 2784 ex
1282 2744 1354 2784 eo
1377 2726 1625 2782 morbus
1646 2727 1707 2782 in
1730 2723 2198 2795 Chariclea,quaa

549 2827 738 2894 rapta,
773 2836 892 2876 non
920 2819 1125 2887 invita,
1148 2834 1180 2874 e
1209 2818 1393 2874 domo
1411 2815 1717 2879 Chariclis,
1740 2815 1840 2887 qui
1859 2829 2073 2886 parens
2098 2813 2200 2868 ha-

549 2911 821 2967 bebatur.
849 2910 1076 2980 Raptor
1096 2924 1250 2973 vero,
1266 2923 1448 2978 opera
1461 2905 1816 2968 Calasiridis,
1835 2904 2197 2973 Theagenes.

552 2998 943 3068 Abnavigatio
959 3003 1125 3066 atque
1147 2996 1414 3067 appulsio
1431 2997 1488 3050 in
1509 2992 2202 3065 Zacynthum.Navarchus

555 3088 828 3144 Cariclem
875 3101 1078 3141 amore
1124 3086 1374 3155 capitur,
1429 3091 1484 3138 et
1516 3084 1653 3138 ﬁcta
1685 3082 2002 3153 promissio
2047 3080 2202 3135 facta
2239 3116 2279 3170 α

2312 3192 2522 3243 σχεσις,
2573 3173 2663 3221 καὶ
2715 3165 2999 3223 κατάλυσις
3041 3164 3183 3234 παρὰ
3229 3162 3314 3210 τὸν
3375 3157 3605 3228 αἰγιαλόν
3653 3162 3742 3205 τῶν
3767 3155 3863 3221 περὶ

555 3194 591 3231 a
621 3174 981 3231 Cbalasiride
1004 3173 1289 3242 conjugii.
1317 3173 1379 3226 In
1416 3173 1602 3227 littore
1629 3171 1929 3227 Cbariclea
1947 3169 2202 3240 hospitio

556 3263 1183 3335 accepta,etindicium
1211 3260 1429 3316 factum
1450 3278 1485 3316 a
1515 3260 1942 3332 piscatore,qui
1969 3273 2203 3329 recepe-

557 3357 665 3417 rat,
719 3351 1075 3408 Tracbinum
1108 3350 1458 3421 quemdam,
1502 3351 1802 3405 latronum
1835 3347 2200 3420 praefectum,

557 3442 803 3512 virginis
835 3444 1074 3512 raptum
1109 3437 1404 3494 meditari.
1440 3438 1585 3494 Hinc
1615 3437 1947 3494 Calasiridis
1970 3437 2108 3507 fuga
2149 3442 2204 3493 et

559 3530 876 3588 Charicles:
955 3544 968 3582 :
1044 3544 1193 3600 quos
1284 3527 1608 3583 Tracbinus
1672 3528 2022 3592 insectatus,
2099 3542 2208 3581 na-

559 3635 696 3674 vem
731 3617 910 3689 capit,
943 3621 1269 3688 captusque
1301 3631 1506 3671 amore
1534 3623 1640 3680 est,
1691 3620 1748 3669 et
1775 3614 2077 3670 Cbariclea
2101 3630 2209 3669 nu.

557 3707 714 3780 ptias
767 3705 914 3762 velle
979 3703 1170 3772 ﬁngit.
1244 3703 1648 3774 Expostulatio
1732 3703 2059 3773 Tbeagenis
2145 3706 2210 3758 ut

560 3797 778 3861 fratris,
811 3793 1155 3850 Calasiridis
1210 3808 1348 3848 vero
1393 3797 1458 3848 ut
1507 3794 1787 3863 parentis,
1842 3793 1944 3864 qui
1985 3798 2042 3847 et
2085 3791 2207 3848 voti

560 3889 870 3957 compotes
895 3882 1130 3939 redditi.
1167 3880 1346 3937 Maris
1378 3881 1517 3936 hinc
1567 3886 1910 3954 tempestate
1941 3881 2206 3949 suborta,

561 3981 616 4031 et
640 3973 1019 4044 naufragium
1066 3973 1253 4026 vitant
1274 3970 1449 4042 50b,
1477 3976 1533 4025 et
1563 3970 1636 4025 ad
1667 3970 1997 4042 quamdam
2029 3970 2208 4042 Egy-

562 4065 645 4138 pti
670 4080 834 4119 oram
878 4078 1087 4117 navem
1122 4059 1779 4131 appellunt.Chariclem
1807 4059 2153 4131 nuptiarum
2176 4075 2213 4115 a

561 4152 854 4210 Trachino
896 4151 1053 4207 facta
1077 4149 1320 4214 mentio,
1354 4152 1411 4204 et
1441 4149 1776 4204 Calasiridis
1806 4149 1925 4204 ﬁcti
1950 4149 2212 4221 parentis

565 4242 864 4313 promissa
889 4245 1067 4310 atque
1093 4237 1384 4308 deceptio,
1427 4238 1677 4309 nuptiali
1716 4237 1892 4309 epulo
1924 4238 2207 4294 instituto.

568 4329 786 4384 Peloris
842 4343 1031 4390 amor,
1081 4325 1364 4380 incitante
1418 4325 1757 4392 Calasiride,
1803 4334 1860 4382 et
1911 4326 2211 4384 contentio

566 4415 830 4472 Tracbini
870 4420 926 4471 et
969 4413 1183 4469 Peloris
1215 4429 1392 4484 super
1437 4415 1757 4470 Chariclea.
1805 4418 2041 4486 Strages
2074 4417 2211 4472 hinc

569 4505 813 4562 tandem
831 4509 994 4569 nata,
1011 4502 1650 4574 mutuaquelatronum
1666 4503 2007 4570 internecio,
2025 4522 2212 4577 quam

568 4595 697 4668 ipsa
717 4608 952 4668 quoque
979 4591 1282 4648 Chariclea
1313 4590 1618 4647 mittendis
1651 4593 1706 4648 in
1741 4593 1873 4648 illos
1907 4594 2036 4648 telis
2069 4596 2215 4650 mul-

570 4689 694 4739 tum
725 4682 1033 4755 promovit.
1059 4682 1274 4736 Luctus
1328 4679 1644 4736 Charicleas
1691 4697 1870 4753 super
1900 4682 2214 4752 Theagene

570 4773 913 4829 vulneribus
946 4769 1425 4828 strato.Aliorum
1450 4769 1664 4826 iterum
1694 4771 1994 4829 latronum
2021 4773 2216 4831 incur-

2377 2020 2478 2068 Καὶ
2529 2016 2666 2066 ἔστιν
2716 2012 2856 2079 αύτῷ
2900 2011 2930 2068 η
2970 2016 3060 2060 τοῦ
3119 2005 3390 2079 δράματος
3442 2005 3682 2063 ὑπόθεσις
3725 2006 3861 2071 Χαρί-

2304 2105 2447 2158 κλεια
2515 2109 2603 2155 καὶ
2673 2105 2947 2170 Θεαγένης,
3033 2102 3283 2169 σώφρονες
3371 2093 3594 2150 ἀλλήλων
3653 2091 3860 2163 ἐρασταί,

2303 2199 2392 2246 καὶ
2429 2192 2594 2248 πλάνη
2654 2193 2847 2242 τούτων
2905 2191 2995 2238 καὶ
3047 2183 3394 2256 αἰχμαλωσία
3446 2177 3738 2236 παντοδαπὴ
3786 2182 3860 2228 καὶ

2305 2283 2504 2354 φυλακὴ
2559 2287 2654 2339 τῆς
2702 2278 3060 2349 σωφροσύνης.
3089 2275 3166 2324 Τὰ
3217 2267 3276 2323 δι
3324 2269 3634 2344 ἐμφερόμενα
3671 2267 3863 2336 ὀνόματα

2304 2377 2393 2423 καὶ
2437 2374 2504 2430 ὡς
2548 2368 2595 2420 ἐν
2629 2367 2883 2438 κεφαλαίῳ
2923 2365 2987 2415 τὰ
3027 2363 3168 2418 πάθη
3217 2365 3305 2412 καὶ
3365 2361 3420 2410 αἱ
3467 2357 3686 2431 πράξεις,
3735 2355 3858 2426 ἑορτή

2305 2462 2590 2516 ’Δθηναίων
2643 2461 2732 2507 καὶ
2769 2452 3052 2526 Χαρίκλεια
3108 2451 3448 2522 ἰερατεύουσα
3506 2452 3590 2498 καὶ
3636 2447 3864 2514 Θεαγένης

2308 2543 2718 2617 σταδιοδρόμος,
2775 2547 2864 2594 καὶ
2920 2544 3047 2614 πρὸς
3124 2536 3376 2596 ἀλλήλους
3447 2539 3570 2609 ἔρως
3642 2536 3734 2583 ἀπὸ
3793 2539 3866 2588 τῆς

2307 2637 2490 2708 ὄψεως,
2541 2640 2630 2686 καὶ⁹
2681 2639 2831 2693 νόσος
2883 2627 3196 2702 Χαρικλείας
3255 2625 3358 2677 ἀπὸ
3405 2632 3497 2676 τοῦ
3549 2626 3742 2696 ἔρωτος,
3793 2618 3866 2670 καὶ

2307 2707 2517 2800 ἁρπαγὴ
2577 2725 2768 2782 ταύτης
2815 2720 3032 2776 ἑκούσης
3085 2715 3186 2767 ἀπὸ
3248 2713 3586 2786 Χαρικλέους,
3633 2713 3684 2771 ὃς
3731 2707 3866 2777 ἐνομί-

2311 2793 2426 2877 ζετο
2458 2793 2600 2884 ⁷αὐτῇ
2658 2815 2828 2880 πατήρ
2857 2809 2925 2842 "-
2961 2807 3219 2875 Θεαγένης
3253 2800 3302 2854 δ’
3353 2798 3415 2860 ἧν
3452 2803 3477 2852 ὁ
3523 2802 3754 2872 ἡρπακὼς
3792 2793 3869 2848 διὰ

2314 2897 2691 2975 Καλασίριδος.
2737 2895 3026 2956 Ἀπόπλους
3080 2899 3169 2944 καὶ
3213 2891 3510 2951 κατάπλους
3561 2889 3639 2941 ἐπὶ
3703 2889 3866 2938 Ζάκυν-

2310 2997 2414 3058 θον,
2474 2996 2560 3044 καὶ
2614 2993 2739 3062 ἓρως
2791 2993 2880 3040 τοῦ
2927 2987 3198 3055 ναυάρχου
3255 2984 3389 3050 πρὸς
3441 2977 3751 3047 Χαρίκλειαν,
3793 2980 3863 3023 καί

2309 3083 2641 3151 πεπλασμένη
2691 3079 2833 3151 παρὰ
2885 3077 2933 3108 ⁹⁹
2987 3067 3349 3142 Καλασίριδος
3424 3077 3515 3120 τού
3561 3069 3720 3138 γάμου
3764 3064 3866 3114 ὐπο-

2312 3260 2644 3332 Χαρίκλειαν,
2700 3260 2790 3307 καὶ
2841 3258 3063 3325 μήνυσις
3126 3251 3270 3318 παρὰ
3356 3255 3448 3298 τοῦ
3517 3239 3864 3311 ὑποδεξαμένου

2313 3350 2488 3410 ἁλιεως
2522 3350 2602 3400 ὅτι
2651 3346 2910 3419 Τραχινὸς
2941 3343 2966 3392 ό
3013 3339 3321 3410 λῄσταρχος
3355 3339 3595 3408 αρπαγην
3623 3339 3710 3392 τῆς
3735 3335 3867 3398 κόρης

2317 3438 2640 3513 βουλευέται,
2685 3438 2774 3486 καὶ
2805 3429 3067 3489 ἀπόπλους
3111 3424 3205 3479 διὰ
3234 3434 3384 3478 τοῦτο
3432 3415 3766 3495 Καλασίριδος
3798 3417 3869 3467 καὶ

2313 3509 2413 3581 τῶν
2459 3532 2574 3598 περὶ
2633 3521 2962 3594 Χαρίκλειαν,
3010 3516 3138 3590 [160
3180 3513 3272 3588 IL]
3305 3519 3395 3566 καὶ
3455 3509 3707 3572 ἐπιδίωξις
3748 3513 3862 3576 Τρα-

2314 3620 2600 3690 χινοῡ,καὶ
2652 3608 2946 3679 κατάληψις
3000 3613 3087 3666 τῆς
3134 3609 3276 3666 νεὼς,
3318 3607 3412 3654 καὶ
3465 3605 3588 3675 ἔρως
3621 3599 3867 3671 Τραχινοῦ,

2315 3713 2404 3758 καὶ
2461 3707 2736 3777 ὑπόκρισις
2817 3699 2888 3759 εἰς
2964 3695 3348 3766 συγκατάθεσιν
3434 3688 3743 3764 Χαρικλείας,
3795 3685 3867 3731 καὶ

2316 3795 2574 3858 ἰξαίτησις
2598 3775 2906 3860 ’Θεαγένους
2949 3788 3016 3845 ὡς
3056 3779 3300 3854 ἀδελφοῦ,
3341 3782 3413 3840 ὡς
3461 3776 3521 3832 δι
3574 3778 3742 3846 πατρὸς
3781 3775 3861 3822 Κα-

2315 3879 2605 3956 λασίριδος,
2660 3885 2749 3930 καὶ
2808 3875 3133 3948 ἐκπλήρωσις
3189 3878 3280 3929 τῆς
3331 3868 3611 3934 αἰτήσεως,
3661 3867 3736 3916 καὶ
3778 3861 3867 3930 τρί-

2318 3978 2483 4046 κυμία
2530 3969 2820 4030 θαλάσσης,
2862 3968 2950 4016 καὶ
3005 3959 3038 4013 δ
3046 3964 3237 4030 ιαφυγὴ
3296 3963 3583 4029 ναυαγίων,
3626 3958 3699 4006 καὶ
3737 3963 3868 4021 προσ.

2319 4038 2541 4136 ὁρμησις
2598 4061 2777 4132 μέρεσι
2823 4072 2934 4107 τισι
3003 4058 3099 4112 τῆς
3150 4048 3448 4119 Αἰγύπτου,
3510 4050 3597 4097 καὶ
3648 4038 3871 4116 Τραχινός

2320 4129 2410 4206 τού
2475 4129 2670 4222 γάμουί
2707 4143 3014 4218 Χαρικλείας
3063 4142 3504 4210 μιμνησκόμενος,
3549 4139 3629 4187 καὶ
3677 4129 3872 4185 Καλάσι-

2320 4263 2402 4318 ρις
2440 4217 2492 4293 ὁ⁷
2525 4217 2680 4298 δῆθεν
2720 4217 2891 4306 πατὴρ
2938 4230 3375 4299 ὑπισχνούμενος,
3431 4230 3520 4276 καὶ
3572 4222 3754 4283 ἀπάτη,
3804 4217 3873 4265 καὶ

2319 4303 2576 4404 γαμήλιος
2647 4303 2872 4395 εὐωχία,
2921 4323 3010 4371 καὶ
3063 4316 3288 4387 Πέλωρος
3341 4317 3466 4387 ἰρως
3529 4311 3816 4378 Καλασίριος
3861 4303 3873 4334 ¹

2318 4395 2748 4494 παροτρύνοντος,
2793 4416 2882 4464 καὶ
2921 4413 3024 4480 ἔρις
3065 4414 3332 4480 Τραχινου
3388 4408 3482 4454 καὶ
3534 4401 3751 4473 Πέλωρος

2322 4480 2650 4583 Χαρικλείας,
2701 4508 2789 4554 καὶ
2839 4498 2976 4558 τέλος
3034 4499 3206 4566 σφαγὴ
3262 4497 3348 4544 καὶ
3405 4490 3631 4543 ἀπώλεια
3676 4484 3786 4557 παρ’
3813 4480 3882 4530 αλ-

2322 4573 2488 4656 λήλων
2541 4604 2639 4648 τῶν
2695 4593 2897 4663 λῄστὼν
2948 4586 3295 4658 συνεργούσης
3348 4585 3439 4632 καὶ
3497 4575 3792 4650 Χαρικλείας
3831 4573 3881 4639 τῇ

2326 4687 2524 4740 ἐκείνων
2582 4681 2808 4750 ἀπωλείᾳ
2855 4683 2958 4735 τοῖς
3015 4673 3317 4743 τοξεύμασι,
3374 4675 3462 4720 καὶ
3517 4671 3696 4739 θρῆνος
3743 4668 3889 4730 Χαρι-

2323 4777 2492 4836 κλείας
2557 4773 2640 4825 ἐπὶ
2689 4772 2948 4838 Θεαγένην
3009 4765 3029 4797 ³
3075 4763 3344 4832 τραύμασι
3391 4762 3639 4827 κείμενον,
3698 4753 3889 4822 Λῃστών

1917 4919 2149 4975 νΑΒιίΕ
2177 4919 2578 4977 LECTIONES.

1699 5059 1793 5079 "t‘tl
1830 5059 1874 5079 ’ρ
1912 5062 1935 5077 ν
2005 5061 2016 5076 ν

572 5066 660 5124 τὸς
689 5064 772 5114 τὸν
797 5066 1047 5138 ’τοιοῦτον
1077 5053 1207 5138 Χνίδ
1214 5077 1286 5138 ιον
1336 5063 1658 5138 συγγραφέα,
1689 5059 1793 5110 ἁλλ’
1822 5059 1890 5138 ἐξ.
1903 5062 1968 5113 ὧν
1995 5061 2443 5136 ἁπισχυρίζονται
2475 5064 2522 5114 οἱ
2564 5059 2709 5138 παρὰ
2731 5062 2835 5115 τοῖς
2865 5051 3311 5138 ἁνατολικωτεροις
3333 5063 3539 5129 μέρεσιν
3566 5037 3898 5138 ἕμιφιλοχωὶξ-

581 5103 660 5124 ...ς
695 5103 769 5114 η-
819 5103 1042 5113 .--η-π
1079 5103 1280 5111 .-ην---
1339 5103 1466 5129 --η
1514 5103 1545 5109 --
1583 5103 1658 5124 -η,
1690 5103 1777 5110 πη..
1822 5103 1871 5122 υ,
1904 5103 1965 5113 νυ.
1995 5103 2120 5115 ..μιν
2179 5103 2202 5114 ..
2245 5103 2261 5116 .
2302 5103 2443 5115 νη...
2476 5103 2522 5114 ν.
2569 5103 2639 5112 ...τ
2678 5103 2709 5109 ἡ
2739 5103 2834 5115 η..
3207 5105 3214 5119 .
3298 5103 3342 5118 -.
3589 5103 3599 5114 .
3637 5103 3647 5114 .
3743 5103 3780 5110 η

576 5154 756 5196 σαντες
787 5135 1026 5204 ἡμέτεροι
1071 5130 1365 5213 ἑωρακέναι,
1395 5103 1595 5182 καὶΓτοῘῡ
1636 5140 1813 5213 νεκροῦ
1860 5129 1917 5184 δὲ
1970 5103 2236 5204 σώμαιζοςῗ
2257 5103 2294 5186 ἕ
2313 5135 2371 5186 ού
2402 5139 2499 5207 πρὸ
2545 5103 2733 5185 πολλοῦ
2765 5125 2957 5180 Ἰταλοί
2983 5141 3114 5213 τινες
3135 5103 3441 5190 διεκόμισαν
3461 5117 3718 5213 ¹έντοιυθοῑ,
3749 5103 3900 5213 ἀνξελσ

820 5209 828 5213 .
947 5207 966 5213 ..
1226 5204 1246 5213 Α
1290 5205 1299 5213 ,
1480 5202 1490 5213 ι
1544 5208 1549 5213 ,
1747 5206 1765 5213 ..
1837 5203 1879 5213 ε-
2059 5208 2068 5213 .
2251 5206 2269 5213 -
2427 5207 2436 5213 .
2498 5206 2552 5213 Α.
2619 5202 2656 5213 ι-
2742 5198 2788 5213 m
2811 5203 2821 5213 ο
3163 5196 3295 5213 m,,_:_,
3433 5192 3453 5213 ει
3503 5192 3590 5213 ..μὶ
3627 5190 3755 5213 ..ηοιι
3783 5179 3800 5213 ἒ
3829 5196 3878 5213 an

572 5227 727 5278 κόμαι
763 5201 916 5276 φάναι
945 5201 1068 5278 ἴσως
1111 5201 1380 5278 άληθεύειν
1431 5202 1606 5256 αὐτόν.

575 5270 739 5348 ρόῐὶὶῐ
767 5270 821 5341 ξ,
917 5277 964 5309 ⁹⁵
1098 5270 1156 5325 δὲ
1178 5272 1231 5348 {at
1264 5295 1318 5337 ς’.
1398 5275 1453 5348 ⁹⁶Ῠ
1477 5277 1670 5348 πρὸς-Α
1706 5294 1717 5332 ζ
1752 5274 1822 5336 εἰς
1851 5297 1903 5341 ς.

1745 5206 1766 5236 ³
1798 5191 2068 5256 αἰθιοπικά
2102 5227 2136 5270 ς-
2168 5191 2284 5261 ι’όί.
2328 5191 2450 5261 cod.
2494 5206 2583 5259 94.
2619 5198 2928 5272 Ἰαμϐλίχου
2974 5191 3318 5272 δραματικόν.

1995 5279 2041 5311 ’7
2069 5277 2467 5349 συστελλόμεναι
2492 5274 2634 5332 add.
2672 5280 2732 5326 A.

3433 5189 3479 5223 οι
3502 5192 3594 5238 καὶ
3625 5190 3755 5240 ante
3782 5177 3896 5230 ὶλπι·

2837 5251 2885 5304 ᾖ
2907 5251 3104 5338 πατηρ.
3122 5269 3209 5316 καί
3243 5270 3404 5332 Θεαγ.
3432 5281 3487 5324 ς.
3586 5258 3633 5292 ’³
3664 5255 3799 5328 παρὰ
3824 5251 3860 5303 Α
3889 5261 3899 5298 ἒ

578 5341 693 5422 περὶ
726 5370 782 5412 ς.
860 5348 876 5382 ¹
915 5341 1271 5418 Καλασίριδος
1306 5365 1360 5410 ς.
1439 5347 1460 5380 ³
1496 5341 1698 5402 malim
1733 5352 1974 5418 Θεαγένει
2001 5380 2065 5388 -
2097 5341 2330 5421 κειμένῳξ

2135 5476 2177 5529 Ν
2185 5473 2366 5530 OTIE.

649 5596 778 5669 (58')
811 5595 1028 5651 Contra
1059 5593 1234 5649 refert
1258 5595 1498 5651 Lucian.
1529 5594 1634 5651 lib.
1673 5612 1709 5662 1,
1766 5597 1926 5653 Vera!
1958 5596 2166 5654 histor.
2219 5599 2477 5655 Ctesiam
2519 5597 2594 5652 de
2639 5593 2797 5650 Indis
2847 5588 3158 5661 scripsisse
3185 5583 3219 5636 ἁ
3247 5587 3378 5656 μήτε
3423 5578 3580 5639 αὐτὸς
3626 5571 3752 5642 εἶδε,
3794 5573 3910 5644 μήτε

579 5687 738 5741 ἄλλου
778 5685 1007 5746 εἰπόντος
1038 5685 1252 5742 ἤκουσε.
