4036 6214
161 260 229 316 tta
1189 245 1678 308 BlBLlOTHECA.
1719 279 1788 294 -—
1827 252 1988 308 COD.
2027 243 2273 311 LXXIII.

3309 255 3414 311 234

157 385 263 435 mla
302 382 438 434 ἄλλων
479 376 670 452 ἔφοδος,
719 383 808 432 καὶ
857 381 1049 432 τούτων
1103 377 1188 432 ἐπὶ
1239 377 1524 452 Χαρικλείᾳ
1575 380 1653 430 ἔκ-

1765 395 1886 443 sus,
1925 379 2027 452 qui
2057 383 2302 452 aspectu
2322 379 2633 438 Chariclem
2657 377 3020 436 consternati
3032 377 3256 443 animo,
3276 393 3412 436 eam

152 471 298 536 πλεξις,
343 467 439 522 εἶτα
489 468 737 539 σύλληψις
815 467 980 529 αὐτῆς
1035 471 1126 518 καί
1190 471 1494 538 Θεαγένους,
1565 471 1654 518 καὶ

153 563 340 630 ἀπαγωγή
391 563 505 632 πρὸς
579 562 810 629 Θύαμιν,
877 559 929 618 ὃς
987 555 1187 628 ἐπῆρχε
1239 564 1338 606 τῶν
1391 555 1654 607 Βουκολων

151 651 340 720 λῃστύν-
391 656 524 700 τούτο
578 649 680 720 γαρ
735 647 910 706 αύτοίς
961 649 1140 716 ὄνομα,
1191 646 1309 696 ὅσοι
1346 649 1440 702 τὴν
1496 652 1654 702 νῆσον

151 745 284 808 ᾤκουν.
338 738 446 812 Ἐρᾲ
489 737 638 788 πάλιν
682 739 890 807 Θύαμις
937 735 1264 806 Χαρικλείας,
1315 739 1405 787 καὶ
1447 736 1472 785 ὁ
1525 742 1657 787 Θεασ-

151 832 252 896 γέιες
291 826 350 886 εἰς
392 823 601 897 ἀδελφὸν
641 825 972 897 ὀνομάζεται.
1029 821 1324 896 Ἐπιδρομὴ
1378 827 1514 875 κατὰ
1555 832 1654 875 τῶν

152 915 343 968 Βουκολίων
375 921 457 967 καὶ
486 915 726 986 πόλεμος,
774 919 865 965 καὶ
915 918 1086 985 σφαγὴ
1121 922 1219 964 τῶν
1251 913 1534 976 Βουκολων,
1566 919 1654 965 καὶ

147 1010 236 1072 Mli
273 1000 536 1073 Θυάμιδος,
597 1009 684 1055 καὶ
741 1007 874 1074 φυγὴ
925 1001 1247 1074 Ἑρμούθιος,
1299 1008 1517 1074 Κνήμων
1566 1008 1654 1054 καὶ

141 1098 324 1162 Θεαγένης
350 1095 368 1127 ³
399 1115 410 1125 ·
442 1099 527 1144 καὶ
559 1092 608 1143 ἐν
639 1101 711 1162 τῷ
753 1092 992 1161 σπηλαίῳ
1027 1090 1328 1163 Χαρίκλεια,
1355 1096 1444 1144 καὶ
1476 1090 1651 1149 Θίσϐη

139 1186 230 1230 ητα
268 1183 345 1241 τὰς
395 1179 635 1241 εἰσόδους
688 1188 778 1233 τοῦ
836 1179 1094 1238 σπηλαίου
1155 1179 1452 1252 ἐσφαγμένη
1506 1185 1590 1232 καὶ
1631 1181 1652 1215 ⁴

137 1275 278 1339 κειμένη
326 1273 485 1342 νεκρὰ,
536 1275 630 1322 καὶ
683 1274 970 1340 Θεαγένους
1026 1271 1096 1331 ὡς
1150 1270 1170 1303 ⁵
1225 1267 1310 1320 ἐπὶ
1370 1269 1655 1343 Χαρικλείᾳ

140 1361 257 1417 meo;
297 1357 556 1430 αῳορητον,
617 1360 712 1418 ἕως
783 1355 985 1410 ἔνδοθεν
1039 1356 1322 1430 Χαρίκλεια
1395 1358 1481 1428 [95
1558 1359 1648 1428 [1.]

134 1443 332 1504 ἐνεϐόησε.
376 1453 466 1501 Καὶ
517 1447 714 1520 ἀπορία
761 1445 845 1499 επὶ
894 1454 983 1506 τῆς
1018 1445 1218 1506 Θίσϐης
1272 1454 1331 1518 τῇ
1385 1454 1559 1518 σφαγῇ
1607 1448 1650 1510 θ’

130 1535 453 1606 ιαὶἘρμουΘις
489 1536 567 1588 ἐπ’
599 1537 732 1609 αὐτῇ
783 1531 1113 1609 ὀδυρόμενος.
1165 1539 1262 1588 Καὶ
1312 1536 1600 1608 ἀποπορεία
1628 1537 1646 1568 ⁷

130 1623 346 1694 Liparo;
379 1630 464 1678 καὶ
490 1625 820 1697 Ἑρμούθιος,
864 1629 956 1676 καὶ
1000 1620 1071 1676 δι’
1117 1623 1291 1698 ἑτέρας
1340 1623 1652 1698 Χαρικλείας

1764 467 1979 524 deinde
2009 469 2245 541 rapiunt
2274 485 2408 526 cum
2439 470 2774 540 Theagene,
2802 472 2859 525 et
2887 468 2966 524 ad
2989 467 3284 540 Thyamin
3305 468 3416 525 ad-

1767 556 2009 613 ducunt.
2042 558 2092 612 Is
2125 564 2252 614 erat
2280 558 2581 615 latronum
2603 557 2956 614 Bucolorum
2981 561 3093 628 (59)
3111 558 3220 623 (sic
3249 557 3423 627 enim,

1765 646 2289 720 appellabantur,q
2299 649 2355 704 ui
2367 665 2487 704 eam
2501 648 2754 704 insulam
2767 646 3064 718 tenebant)
3078 646 3413 718 praefectus.

1766 735 1943 791 Ardet
1981 742 2036 791 et
2073 737 2167 791 hic
2198 737 2585 806 Charicleam,
2612 737 3074 806 Theagenesque
3105 735 3280 791 frater
3309 751 3414 793 no-

1767 825 2043 880 minatur.
2078 825 2342 897 Impetus
2388 826 2532 882 item
2561 826 2622 881 in
2670 825 2921 881 Bucolos
2960 825 3045 889 fit.
3093 840 3414 898 pugnaque

1766 913 2035 980 excitata,
2068 915 2280 970 horum
2304 915 2487 970 oritur
2512 915 2702 971 caedes
2729 936 2742 970 :
2772 914 3061 986 Thyamis
3087 914 3232 985 fuga
3260 913 3417 972 dila-

1767 1017 1927 1071 psus,
1973 1003 2306 1058 Hermuthis
2345 1005 2462 1074 (60)
2504 1018 2769 1075 quoque,
2811 1010 2866 1058 et
2896 1004 3179 1069 Cnemon,
3235 1007 3414 1075 atque

1763 1091 2124 1161 ’I‘heagenes.
2195 1091 2493 1148 Chariclea
2545 1093 2780 1148 interim
2833 1091 2932 1146 illo
2985 1091 3045 1146 in
3093 1097 3265 1148 antro
3313 1091 3416 1164 [ad

1763 1181 1925 1250 quod
1944 1180 2207 1237 abducta
2219 1181 2430 1252 fuerat]
2443 1180 2835 1247 remansit,ad
2845 1180 3012 1252 cujus
3025 1182 3243 1238 ostium
3259 1194 3416 1238 caesa

1755 1267 1996 1338 jacebat
2021 1268 2256 1338 Thisbe,
2283 1286 2407 1342 qua
2438 1271 2566 1327 visa
2592 1277 2879 1342 tanquam
2907 1284 3086 1341 super
3111 1269 3418 1328 Charicles.

1762 1357 1972 1426 ingens
1992 1356 2330 1428 Theagenis
2346 1359 2518 1416 dolor
2534 1360 2774 1422 exstitit,
2791 1358 2984 1415 donec
2997 1375 3070 1415 ex
3091 1359 3214 1415 imo
3240 1363 3415 1416 antro

1765 1446 2065 1502 Chariclea
2095 1447 2474 1503 acclamaret.
2508 1449 2586 1504 De
2613 1447 2862 1504 Thisbes
2894 1447 3058 1504 caede
3094 1448 3410 1515 haesitatio,

1765 1539 1821 1589 et
1847 1550 2026 1606 super
2046 1551 2116 1590 ea
2144 1537 2478 1592 Hermuthis
2497 1537 2716 1602 luctus,
2750 1553 2821 1592 ac
2851 1536 3026 1593 ﬂetus
3051 1536 3186 1609 (61).
3205 1536 3413 1594 Abitus

1765 1623 2081 1678 Cnemonis
2112 1629 2290 1696 atque
2317 1625 2671 1690 Hermuthis,
2725 1625 2962 1698 aliaque
2993 1642 3061 1682 ex
3084 1632 3253 1698 parte
3267 1625 3415 1683 Cha-

126 1721 184 1762 ui
229 1718 498 1783 Θεαγένους,
552 1719 645 1766 καὶ
703 1719 922 1785 Κνήμων
985 1711 1357 1784 ἀπολιμπάνων
1432 1711 1652 1786 Ἕρμου-

1766 1710 1954 1766 riclea:
1979 1718 2158 1784 atque
2187 1712 2534 1783 Theagenis.
2560 1716 2826 1771 Cnemon
2852 1714 2931 1770 ab
2958 1714 3266 1771 Hermuthi
3297 1715 3417 1771 dis-

129 1802 194 1853 θιν.
240 1808 324 1854 Καὶ
368 1806 682 1864 συνάντησις
735 1803 1050 1876 Καλασίριος
1094 1806 1184 1853 καὶ
1239 1808 1530 1873 Κνήμωνος,
1563 1807 1653 1853 καὶ

126 1885 320 1960 ἕίὲγησις
370 1901 464 1944 τῶν
529 1897 906 1962 συμπεσόντων
975 1890 1232 1958 αλλήλοις,
1294 1895 1512 1962 Κνήμων
1563 1894 1653 1962 μὲν

233 1979 410 2041 Θίσϐης
451 1987 540 2033 καὶ
585 1986 911 2053 Δημαινέτης
937 1982 958 2014 ⁸
997 1988 1092 2041 τῆς
1132 1986 1395 2053 μητρυιᾶς
1437 1985 1526 2032 καὶ
1562 1987 1652 2032 τοῦ

119 2064 466 2139 ἐξοττρακισμού
518 2074 612 2122 καὶ
658 2077 754 2130 τῆς
805 2071 964 2131 οἰλλης
1011 2065 1335 2140 δυστυχίας,
1371 2068 1653 2141 Καλάσιρις

120 2149 160 2204 οδε
192 2161 282 2227 περὶ
335 2164 644 2231 Χαρικλέους
697 2163 787 2210 καὶ
844 2163 956 2231 περὶ
1019 2158 1332 2232 Χαρικλείας
1385 2163 1473 2209 καὶ
1523 2165 1653 2209 Θεα-

115 2248 261 2308 γένους.
309 2251 399 2298 Καὶ
451 2249 641 2320 θρῆνος
687 2247 774 2300 ἐπὶ
825 2249 1048 2307 τούτοις.
1080 2243 1205 2299 Εἶτα
1254 2251 1470 2319 Κνήμων
1501 2246 1650 2318 εὐαγ-

115 2331 373 2403 γελιζομενος
427 2338 506 2388 ὅτι
589 2337 820 2396 σώζοιτο
889 2334 1172 2409 Χαρίκλεια
1221 2341 1312 2387 καὶ
1370 2340 1652 2406 Θεαγένης,

114 2424 176 2469 καὶ
213 2421 280 2472 ὃτι
321 2427 524 2496 Θύαμις
572 2425 730 2476 αὐτόν
777 2444 828 2477 τε
867 2423 1129 2485 κάκείνους
1172 2421 1305 2494 εἶχε.
1346 2424 1652 2486 Ναυσικλῆς

114 2509 215 2576 ira?
257 2513 575 2585 Χαρίκλειαν,
625 2514 749 2586 παρ’
897 2519 985 2566 καὶ
1036 2514 1322 2588 Καλάσιρις
1367 2518 1507 2584 ᾤκει,
1549 2513 1596 2565 ἐν
1628 2516 1648 2548 ’

115 2596 278 2670 ὀνόματι
317 2603 520 2665 Θίσϐης
567 2606 615 2639 ¹⁰
646 2625 659 2636 ο
701 2608 791 2655 καὶ
821 2608 1031 2677 ταραχὴ
1066 2601 1162 2655 διὰ
1192 2603 1397 2662 Θίσϐην
1433 2608 1651 2675 Κνήμω-

111 2687 306 2760 mliti“
339 2697 434 2761 γαρ
488 2693 656 2750 αὐτὴν
702 2693 1050 2764 τεθνηκυίᾳν),
1084 2699 1172 2746 καὶ
1217 2696 1365 2765 χαρὰ
1413 2693 1497 2744 ἐπὶ
1547 2701 1651 2746 Χα-

111 2777 283 2844 ρίκλειαν
319 2783 358 2815 ﬂ

111 2884 175 2930 μῦς
238 2875 502 2941 Κνήμωνος
571 2875 664 2923 καὶ
744 2871 1110 2930 Ναυσικλείας.
1196 2877 1294 2923 Καὶ
1375 2868 1651 2943 ἀποδημία

113 2952 368 3027 Καλασίριος
409 2963 505 3011 σύν
554 2959 845 3032 Χαρικλείᾳ
891 2958 974 3012 ίπὶ
1019 2964 1112 3017 τὴν
1156 2964 1432 3030 Θεαγένους
1488 2960 1649 3020 Crim-

400 2802 412 2813 ’
448 2782 800 2842 Ἐπιζήτησις
848 2788 1026 2854 πρώτη
1074 2787 1377 2852 Θεαγένους,
1420 2787 1510 2834 καὶ
1557 2785 1651 2852 γα-

111 3060 181 3095 ειν.
209 3045 295 3098 Καὶ
320 3057 481 3122 γραῦς
509 3047 1010 3121 καταλαμϐανομένη
1038 3048 1122 3100 ἐπί
1147 3045 1304 3100 παιδὶ
1332 3050 1377 3084 ¹²
1404 3053 1538 3102 κατὰ
1559 3054 1650 3101 που
1687 3080 1726 3135 C

107 3130 216 3201 115m
255 3145 451 3190 πεσόντι
491 3140 782 3190 κωκύουσα
823 3142 914 3189 καὶ
960 3142 1299 3210 μαγγανείαις
1344 3139 1390 3173 ¹³
1429 3143 1512 3190 τὸν
1559 3148 1650 3192 τοῦ

105 3218 251 3284 παιδὸς
275 3223 582 3299 ίπερωτῶσα
611 3231 785 3300 νεκρὸν
815 3247 826 3258 ο
857 3231 946 3278 καὶ
977 3226 1261 3299 Χαρίκλεια
1290 3231 1374 3279 καὶ
1416 3228 1650 3282 Καλασι-

107 3327 161 3370 Ρις
192 3313 378 3384 ὁρῶντες
419 3319 489 3368 τὰ
545 3317 597 3352 1⁸
639 3318 943 3387 ποιούμενα.
991 3315 1273 3390 Ἐρώτησις
1314 3316 1468 3369 πάλιν
1498 3315 1652 3390 βιαία

109 3407 198 3467 πρὸς
220 3407 291 3452 τον
317 3408 508 3476 νεκρὸν,
559 3405 607 3457 εἰ
649 3406 962 3480 περισωθείη
999 3404 1128 3476 αύτῇ
1168 3407 1210 3440 ⁸⁵
1242 3407 1267 3456 ὁ
1294 3407 1458 3478 ἕτερος
1489 3409 1601 3468 υίος
1634 3427 1647 3440 ο

110 3494 169 3537 ut
191 3490 274 3560 ἀρα
298 3497 424 3544 κατὰ
446 3503 544 3555 τῆς
574 3513 797 3569 μητρος,
825 3496 906 3546 ὃτι
937 3493 1182 3567 βιάζεται
1207 3501 1296 3548 καὶ
1327 3498 1407 3547 ὃτι
1433 3499 1652 3571 πράττει

113 3574 308 3647 ἀθέμιστα
338 3584 424 3647 15-,
456 3589 551 3636 καὶ
584 3585 665 3635 ὁτι
695 3589 786 3636 καὶ
837 3584 883 3619 ¹⁶
927 3585 952 3635 ὁ
1000 3584 1170 3656 ἔτερος
1222 3587 1336 3646 υἰος
1381 3591 1648 3657 σφαγήσε-

113 3681 168 3714 τιι
191 3670 272 3732 ἰδ’,
303 3676 428 3730 αὐτὴ
465 3669 526 3724 δε
575 3675 677 3746 πρὸ
709 3671 905 3724 ἐκείνου
937 3671 1046 3724 ἀνθ’
1077 3673 1144 3724 ὧν
1192 3674 1406 3746 ἀθέμιτο
1453 3675 1524 3736 εἰς
1564 3679 1650 3727 τὸν

113 3759 236 3822 παρόν
273 3756 472 3832 ἔδρασε.
509 3763 621 3816 Καὶ
665 3765 840 3832 σφαγή
873 3770 964 3822 τῆς
988 3765 1168 3837 γραὸς,
1200 3761 1464 3835 κλάσματι
1487 3760 1651 3837 δορα-

110 3849 184 3893 fin
207 3844 416 3910 ἀκούσης
445 3852 861 3923 περιπεσούσης.

156 4027 323 4094 eam;
372 4031 460 4079 καὶ
512 4031 773 4099 Θεαγένης
823 4031 914 4080 καὶ
951 4031 1008 4079 τὸ
1042 4027 1165 4080 ἄλλο
1201 4027 1484 4101 λῃστρικὸν
1529 4034 1646 4082 σύν-

107 4123 237 4176 τηγμα
272 4112 346 4166 ἐπὶ
371 4116 524 4168 πόλιν
575 4117 876 4187 Αἰγυπτίων
915 4122 1140 4189 Μέμφιν,
1190 4119 1276 4170 ἐπὶ
1325 4117 1646 4181 ἀναζητήσει

107 4203 171 4255 τῆς
207 4201 484 4271 ἱερωσύνης,
535 4205 602 4263 ἣν
648 4205 804 4257 αὐτὸν
840 4206 878 4240 ⁸⁷
915 4205 1111 4278 ἀφελὼν
1153 4207 1178 4258 ὁ
1234 4214 1470 4281 νεώτερος
1506 4206 1646 4280 εἶχεν

109 4282 268 4358 ἀδελφός
316 4301 596 4369 Πετόσιρις
655 4315 670 4329 ο
731 4300 820 4348 καὶ
885 4295 1103 4368 θόρυϐος
1159 4301 1278 4370 περὶ
1335 4304 1429 4355 τὴν
1479 4299 1642 4354 πολιν.

111 4378 177 4427 [εὶ
232 4379 452 4454 ’Δρσείκη
509 4386 888 4458 προκαθημένῃ
937 4390 1026 4438 καὶ
1075 4389 1252 4439 παύειν
1302 4385 1649 4460 ἐπιχειροῦσα
1681 4425 1724 4479 D

110 4481 167 4547 Tro
201 4471 415 4542 πολεμον,
461 4473 595 4546 [161
643 4473 736 4546 3.]
778 4479 868 4528 καὶ
893 4483 1215 4547 μονομαχεῖν
1262 4475 1499 4535 ἀλλήλοιν
1540 4485 1648 4529 τοῖν

111 4546 288 4626 “leia
334 4560 714 4636 ἐπιτρέπουσα,
762 4569 853 4615 καὶ
909 4572 980 4634 τῷ
1024 4573 1230 4616 νικῶντι
1283 4570 1376 4623 τὴν
1435 4569 1646 4641 ἱερωσύ-

113 4659 172 4694 ηῖν
221 4647 443 4719 ἁρμόζειν
501 4648 834 4713 δικάζουσα.
894 4655 1059 4726 Μοίχη
1119 4663 1217 4706 τῶν
1271 4650 1502 4727 ἀδελφῶν
1559 4661 1648 4707 καὶ

117 4727 265 4796 ἐαἰντος
308 4745 610 4817 Πετοσίριος
661 4763 674 4775 ·
706 4743 920 4816 ἄπειρος
959 4744 1060 4817 γὰρ
1105 4743 1252 4806 οὗτος
1300 4740 1360 4802 ἧν
1400 4744 1642 4817 πολέμου,

1765 1799 1981 1854 cedens
2003 1799 2310 1857 Calasiridi
2343 1803 2628 1869 occurrit;
2650 1808 2892 1859 narrant
2923 1803 3220 1876 utrinque,
3251 1819 3418 1875 que:-

1765 1904 2001 1961 cunque
2048 1891 2404 1956 acciderint;
2449 1893 2713 1947 Cnemon
2756 1891 3005 1963 quidem
3064 1893 3138 1948 de
3172 1891 3414 1962 Thisbe,

1763 1984 1820 2033 et
1859 1979 2185 2034 Demaenete
2222 1980 2335 2050 (62)
2359 1995 2635 2050 noverca,
2664 1982 2861 2053 deque
2884 1979 3090 2038 exsilio
3107 1997 3214 2054 per
3239 1987 3418 2038 testu-

1764 2068 1958 2124 larum
2015 2067 2318 2138 sutl‘ragia,
2375 2077 2590 2142 praeter
2639 2068 2757 2127 alia
2785 2069 3083 2130 adversa:
3143 2070 3416 2127 Calasiris

1765 2172 1901 2212 vero
1930 2156 2002 2212 de
2049 2158 2312 2214 Charicle
2365 2164 2422 2215 et
2482 2157 2804 2226 Chariclea,
2859 2163 3035 2232 atque
3081 2160 3415 2230 Theagene.

1768 2247 2046 2318 Utrinque
2077 2247 2472 2320 comploratio
2492 2247 2572 2305 ob
2596 2247 2722 2304 haec
2751 2248 2888 2321 ipsa
2920 2249 3101 2305 mala.
3120 2250 3250 2307 Mox
3277 2250 3418 2305 Cne-

1762 2350 1908 2390 mon
1945 2335 2145 2391 letum
2172 2342 2374 2394 narrat
2411 2337 3110 2408 nuntium,Theagenem
3134 2343 3191 2395 et
3221 2337 3418 2394 Chari-

1762 2423 1953 2480 oleam
1993 2426 2337 2496 superstites
2367 2427 2694 2483 etiamnum
2711 2442 2875 2494 esse;
2907 2444 2972 2484 se
3002 2427 3162 2484 enim
3193 2442 3332 2484 cum
3352 2427 3416 2483 il-

1761 2512 1832 2568 lis
1860 2514 1922 2569 in
1959 2513 2211 2585 Thyami
2257 2515 2538 2571 manibus
2593 2514 2802 2572 fuisse.
2846 2515 3149 2573 Nausicles
3186 2520 3412 2584 autem,

1761 2603 1924 2675 apud
1937 2619 2119 2674 quem
2132 2610 2189 2659 et
2207 2604 2479 2660 Calasiris
2493 2603 2820 2670 habitabat,
2841 2605 3210 2661 Charicleam
3223 2603 3415 2661 addu-

1761 2692 1856 2757 cit,
1891 2693 2007 2747 sub
2020 2692 2266 2747 Thisbes
2289 2693 2550 2748 nomine.
2584 2693 2674 2748 Ad
2701 2693 2882 2763 hujus
2895 2708 3038 2764 ergo
3051 2709 3272 2750 nomen
3293 2701 3414 2750 tur-

1759 2780 1936 2836 batur
1966 2782 2252 2848 Cnemon,
2285 2781 2451 2852 quod
2477 2787 2674 2838 nosset
2702 2797 2836 2838 eam
2861 2788 3112 2838 mortem
3141 2781 3367 2840 obiisse
3393 2799 3407 2838 :

1760 2885 1969 2926 verum
2000 2885 2141 2926 mox
2172 2871 2462 2943 gaudium
2478 2872 2664 2927 oritur
2686 2886 2868 2943 super
2896 2871 3216 2928 Chariclea.
3247 2872 3412 2930 Inve-

1761 2959 1996 3030 stigatio
2028 2961 2288 3032 primum
2320 2961 2670 3031 Theagenis,
2694 2961 3041 3034 nuptiaeque
3067 2961 3411 3027 Cnemonis,

1761 3052 1818 3103 et
1874 3048 2176 3105 Nausiclas.
2239 3048 2580 3106 Calasiridis
2625 3051 2765 3106 item
2824 3050 3224 3122 peregrinatio
3271 3067 3410 3108 cum

1762 3135 2082 3203 Chariclea,
2117 3142 2181 3195 ut
2216 3138 2596 3208 Theagenem
2637 3138 2963 3196 inveniant.
3007 3141 3172 3194 Anus
3202 3140 3414 3211 depre-

1759 3226 1970 3291 hensa,
2010 3244 2140 3300 qua:
2175 3228 2362 3283 filium
2391 3227 2544 3283 bello
2575 3226 2935 3282 exstinctum
2961 3227 3411 3294 lamentaretur,

1762 3315 2133 3388 magicisque
2171 3317 2395 3373 artibus
2434 3331 2506 3372 ac
2555 3317 2976 3387 superstitione
3019 3316 3121 3372 filii
3151 3317 3414 3376 cadaver

1761 3405 2096 3461 consuleret
2127 3427 2139 3458 :
2173 3403 2603 3477 aspicientibus
2637 3404 2794 3476 51a
2834 3405 3158 3462 Calasiride
3189 3412 3245 3463 et
3267 3408 3414 3464 Cha-

1761 3495 1941 3550 riclea
1969 3511 2103 3567 quae
2142 3495 2363 3550 fierent.
2396 3495 2725 3563 Interrogat
2752 3493 2846 3550 illa
2895 3495 3109 3552 iterum
3137 3495 3281 3552 diris
3308 3497 3410 3554 ad-

1760 3583 1959 3639 hibitis
1988 3583 2261 3651 cadaver,
2293 3583 2515 3639 alterne
2567 3582 2724 3638 filius
2754 3583 2985 3652 viveret,
3019 3590 3075 3640 et
3117 3586 3411 3656 impreca-

1762 3677 1853 3729 tur
1866 3677 2140 3729 mortuus
2162 3673 2352 3736 matri,
2372 3672 2538 3744 quod
2563 3673 2617 3727 vi
2637 3677 2858 3742 ageret,
2890 3688 2960 3728 ac
2993 3688 3096 3744 per
3115 3673 3284 3730 nefas
3305 3675 3414 3740 ;al-

1761 3766 1950 3818 terum
1977 3777 2119 3832 ergo
2145 3760 2333 3816 filium
2364 3761 2630 3816 occisum
2671 3761 2761 3826 iri,
2789 3761 2893 3816 sed
2914 3759 3077 3818 illam
3118 3763 3307 3834 prius,
3339 3779 3411 3820 eo

1759 3851 1924 3923 quod
1956 3849 2238 3920 injuriam
2280 3855 2513 3905 mortuo
2555 3849 2802 3905 fecisset.
2855 3849 3073 3906 Vetulae
3115 3850 3407 3918 interitus,

1759 3955 1864 4013 per
1890 3939 2078 3996 hastas
2100 3938 2499 4008 fragmentum
2529 3937 2707 3993 invite
2727 3938 3051 3995 morientis.

1829 4028 2117 4100 Thyamis
2149 4034 2206 4083 et
2248 4027 2594 4096 Theagenes
2642 4042 2777 4081 cum
2836 4027 3064 4098 reliqua
3108 4027 3409 4084 latronum

1757 4134 1944 4174 manu
1969 4118 2028 4173 in
2061 4116 2295 4188 Aﬂgypti
2329 4115 2538 4170 urbem
2561 4113 2881 4186 Memphim
2909 4114 3093 4182 ibant,
3124 4123 3183 4172 ut
3211 4134 3409 4173 sacer-

1755 4206 2091 4263 dotiumille
2113 4224 2147 4261 a
2163 4207 2340 4261 fratre
2361 4204 2599 4259 Petosiri
2618 4213 2757 4258 natu
2784 4204 3012 4260 minore
3024 4212 3409 4278 occupatum,

1755 4302 2056 4369 repeteret.
2094 4296 2237 4351 Hinc
2274 4293 2563 4350 tumultus
2603 4294 2680 4349 ad
2724 4294 2930 4350 urbem
2961 4295 3272 4352 excitatus.
3306 4299 3413 4352 Ar-

1757 4402 1893 4444 sace
1927 4387 2005 4442 ad
2046 4386 2258 4441 urbem
2291 4383 2524 4449 sedens,
2554 4384 2631 4439 ab
2658 4384 2842 4440 armis
2873 4385 3411 4451 discedere,duello

1760 4492 1895 4533 vero
1944 4476 2153 4532 fratres
2183 4472 2504 4543 conﬂigere
2530 4471 2721 4543 jubet,
2755 4473 3040 4530 victorem
3074 4475 3411 4532 sacerdotio

1759 4566 2009 4635 dignum
2035 4564 2442 4636 idoneumque
2472 4562 2597 4619 fore
2622 4562 2921 4632 judicans.
2967 4563 3278 4633 Singulare
3306 4565 3414 4620 de-

1759 4655 1897 4710 hinc
1922 4653 2171 4710 fratrum
2203 4657 2529 4714 certamen,
2563 4651 2801 4707 Petosiri
2838 4651 3038 4719 iuvito,
3073 4656 3271 4723 utpote
3322 4670 3412 4709 ar-

1761 4743 1874 4800 mis
1906 4742 2162 4798 ferendis
2188 4742 2440 4808 insueto,
2455 4739 2785 4812 Thyamide
2799 4745 3002 4798 contra
3014 4741 3412 4812 belligerandi

1407 4869 1637 4924 VARl/E
1679 4869 1963 4925 LEC'I‘ION
1975 4868 2073 4923 ES.

115 5008 174 5084 ..³
199 5009 432 5086 Κάμωνος
459 5021 564 5088 καζ
584 5020 862 5088 Θεαγένους
893 5036 948 5081 ς.
1061 5019 1083 5053 ι
1121 5021 1210 5071 καὶ
1237 5017 1377 5074 add.
1417 5025 1473 5073 Α.

119 5090 291 5162 ’φορέει
313 5109 363 5152 ς.
476 5090 498 5124 ⁸
533 5085 826 5160 auguria;
851 5109 939 5162 cp
1023 5089 1043 5123 ⁹
1070 5089 1139 5160 ἐν]
1173 5089 1222 5141 ἐν
1263 5099 1333 5160 τῷ
1366 5111 1419 5155 ς.

116 5165 252 5250 βίαις
274 5178 322 5222 ς.
437 5163 482 5196 ³⁸
508 5163 728 5236 ὁρῶντες
770 5165 860 5212 καὶ
891 5161 956 5212 τὰ
985 5181 1040 5225 ς.
1155 5163 1201 5197 ¹⁵
1229 5163 1392 5224 αὐτῆς
1424 5183 1478 5228 ς’.

137 5241 142 5248 ’
164 5241 292 5279 σενι
323 5251 372 5293 ς.

1582 5021 1604 5055 ⁵
1637 5022 1702 5081 ὡς
1738 5019 1894 5075 delet
1922 5023 1986 5073 Α.

1535 5092 1582 5127 ¹⁰
1627 5090 1832 5152 Θίσϐης
1870 5113 1924 5155 ς’.

1592 5163 1660 5197 ¹⁵⁶
1695 5162 1915 5236 ἀθέμιτα
1944 5183 1997 5226 ς’.

2102 5021 2122 5053 ⁸
2155 5025 2214 5089 τῇ
2243 5023 2413 5089 σφαγῇ
2452 5016 2828 5091 lloeschelius
2860 5037 2871 5070 :
2902 5016 3032 5091 libri
3066 5027 3157 5079 τῆς
3189 5029 3416 5091 σφαγῆς,

2044 5091 2083 5125 ¹¹
2133 5084 2255 5144 iuno
2285 5084 2615 5163 ’Χαρικλείᾳ⁵
2649 5159 2662 5163 _
2729 5091 2774 5124 ¹²
2805 5084 3004 5163 παιδίῳ
3035 5109 3089 5153 ς’.
3205 5084 3250 5126 1³
3283 5084 3419 5163 μαγ-

2116 5162 2160 5196 ίδ
2187 5165 2275 5212 καὶ
2310 5159 2447 5216 ante
2489 5163 2514 5212 ὁ
2545 5159 2686 5214 add.
2729 5167 2794 5214 Α.
2907 5162 2975 5195 1⁸⁵·
3012 5159 3324 5232 σφαγίζεται
3356 5159 3415 5228 ξ.

1623 5357 1852 5415 NOT/E.

109 5483 622 5616 lib(.59xlwlliueolorum
671 5491 733 5546 in
785 5490 1030 5564 Egypto
1083 5492 1355 5549 meminit
1403 5492 1636 5560 Strabo,

154 5631 243 5703 (to)
273 5633 644 5692 Thermuthis
669 5637 761 5692 est
787 5633 851 5691 in
875 5632 1046 5693 libris
1075 5635 1370 5697 excussis.

272 5739 512 5802 Pam.
540 5740 653 5801 Gn.
688 5740 838 5803 CIII.

1826 5492 1937 5563 (6|)
1972 5493 2122 5563 Lego
2137 5487 2483 5563 a’morfopaiag
2511 5487 2592 5563 uti
2616 5486 2798 5563 exigit
2818 5486 3417 5563 Heliodorinarratio.

1825 5559 1937 5635 (62)
1974 5559 2124 5636 Libri
2151 5559 2291 5616 editi
2306 5559 2648 5636 secundam
2680 5559 2978 5635 syllabam
3003 5576 3106 5634 per
3135 5562 3419 5636 diphton-

1756 5631 1903 5708 gum
1918 5631 2270 5710 exprimunt
2296 5631 2654 5692 Demwnete.

3104 5738 3141 5800 8
