4036 6214
603 262 709 317 235
1853 258 2092 317 PHOTII
2133 256 2602 318 PATRIARCHA?
2628 252 2734 316 CP.
3802 275 3889 330 236

602 396 988 469 peritissimo.
1031 400 1289 455 Fratrem
1333 396 1429 454 hic
1479 398 1680 469 itaque
1732 400 1960 466 tergum
2013 402 2236 451 vertere

2374 398 2581 468 Θύαμις
2632 393 2693 448 δὲ
2744 399 2962 466 ἐγεγόνει
3010 396 3385 469 ἂμπειρότατος.
3440 403 3519 452 Διὸ
3567 408 3646 454 καὶ
3688 410 3891 477 τρέπεται

600 485 968 558 abjectisque
998 488 1181 543 armis
1241 502 1305 542 se
1365 487 1668 558 proripere
1717 486 1891 554 cogit.
1938 485 2227 541 insectatu

2371 488 2456 565 τὸν
2489 482 2727 556 ἀδελφόν.
2765 484 2824 535 Ὀ
2856 481 2914 537 δὲ
2963 488 3133 536 πάντα
3178 486 3334 559 ῥίψας
3372 491 3550 559 φεύγει,
3592 496 3673 542 καὶ
3716 491 3893 546 ἐπιδιώ-

598 572 1188 644 Thyamis,eturbem
1222 575 1437 646 saepius
1468 590 1644 629 cursu
1667 573 2236 644 ambiunt.Thyamii

2368 593 2445 625 κει
2490 576 2717 644 Θύαμις,
2771 579 2857 624 καὶ
2903 574 3183 626 κυκλοῦται
3233 575 3461 637 πολλάκις
3491 579 3517 633 ἡ
3549 578 3683 639 πόλις
3707 582 3793 632 ὑπὸ
3818 593 3890 634 τοῦ

595 660 937 731 Theagenes
970 662 1258 735 sequitur,
1299 678 1484 735 quem
1525 663 1720 717 visum
1752 661 1979 732 deperit
2012 664 2253 726 Arsace,

597 750 920 806 Oroondati
951 753 1643 823 conjux.Superveniunt
1670 750 1940 806 Calasiris
1977 758 2033 805 et
2054 751 2257 806 Chari-

595 839 741 895 clea.
776 842 842 895 Et
860 839 954 896 ille
981 841 1229 913 quidem
1264 841 1481 896 liberos
1506 840 1744 909 cognito
1770 840 1825 893 in
1853 845 2124 894 mutuam
2148 856 2255 894 cas-

594 928 733 984 dem
767 944 937 984 ruere
965 928 1331 1000 (Calasiridis
1363 930 1521 985 enim
1556 929 1656 983 ﬁlii
1688 928 1970 999 'l‘hyamis
2003 944 2072 983 ac
2096 930 2255 983 Peto-

594 1018 727 1072 siris
759 1018 947 1089 erant)
975 1019 1247 1085 accurrit,
1285 1025 1340 1073 et
1370 1018 1627 1074 clamore
1660 1016 1915 1080 sublato,
1949 1032 2104 1085 regre
2145 1033 2253 1071 cte-

2369 659 2591 736 δρόμου.
2637 667 2736 713 Καὶ
2788 668 3071 733 παρέπεται
3118 670 3367 735 Θεαγένης
3421 663 3655 735 Θυάμιδι,
3697 674 3771 719 καὶ
3820 669 3893 742 ἐρᾷ

2365 758 2546 802 τοῦτον
2600 747 2794 803 ἰδοῦσα
2842 751 3077 823 Ἀρσάκη
3130 752 3159 809 ἡ
3218 749 3547 825 Ὀροονδάτου
3578 756 3618 789 ¹⁸
3646 761 3779 823 γυνη.
3810 764 3889 811 Καὶ

2363 839 2747 911 καταλαμϐάνει
2799 839 3084 913 Καλάσιρις
3136 847 3224 894 καὶ
3285 841 3566 913 Χαρίκλεια.
3620 850 3709 895 Καὶ
3757 847 3778 895 ό
3819 850 3889 916 μιν

2367 926 2492 981 ἰδὼν
2553 934 2673 991 τους
2721 927 2915 990 παῖδας
2967 932 3083 981 κατ’
3137 928 3359 989 ἀλλήλων
3414 941 3652 1002 φονῶντας
3718 933 3890 996 (παῖδες

2362 1021 2463 1091 γὰρ
2523 1016 2841 1091 Καλασίριδι
2894 1024 3095 1090 Θύαμις
3141 1026 3229 1071 καὶ
3274 1022 3551 1091 Πετόσιρις)
3603 1028 3892 1093 προστρέχει,

591 1107 729 1161 dem
746 1106 1191 1179 inhibuit,quod
1211 1108 1304 1163 vix
1329 1113 1637 1179 parentem
1652 1107 1815 1161 liberi
1835 1112 2247 1175 agnoscerent.

595 1195 897 1252 Chariclea
925 1196 1009 1252 ibi
1029 1197 1087 1253 in
1102 1198 1475 1267 Theagenem
1494 1196 1793 1262 incidit,ac
1808 1194 2019 1266 positis
2036 1194 2251 1250 deinde

592 1284 801 1350 armis,
845 1286 1247 1342 sacerdotium
1279 1287 1562 1357 Thyamis
1592 1285 1847 1356 adeptus
1887 1300 1921 1339 a
1950 1289 2111 1355 patre
2140 1290 2247 1347 est,

591 1373 695 1445 qui
721 1390 863 1430 mox
894 1374 1018 1431 vita
1042 1375 1321 1431 decessit.

661 1556 743 1609 En
774 1554 991 1609 iterum
1020 1553 1255 1610 insidias
1288 1555 1538 1609 Arsaces
1564 1552 1620 1607 in
1649 1551 2025 1621 Theagenem
2050 1549 2247 1605 adole-

591 1648 876 1710 scentem,
911 1647 968 1698 et
1016 1642 1406 1699 Charicleam.
1467 1640 1713 1713 Cybeles
1739 1655 1983 1712 quoque
2015 1638 2245 1695 ancillas

2364 1106 2578 1177 ἀναϐοᾷ,
2611 1107 2757 1179 μόλις
2790 1107 2983 1179 ἐπέσχε
3032 1114 3116 1161 τόν
3149 1112 3362 1161 θάνατον
3408 1118 3545 1180 μόλις
3587 1120 3675 1161 των
3726 1109 3894 1163 παίδων

2362 1196 2517 1247 αὐτὸν
2567 1195 2924 1265 ἐπεγνωκότων
2954 1218 2965 1229 ·
3002 1200 3029 1255 ὴ
3084 1195 3141 1249 δὲ
3195 1198 3471 1269 Χαρίκλεια
3514 1196 3755 1249 ἐπιπίπτει
3787 1208 3895 1249 Θεα-

2359 1288 2513 1355 γένει.
2586 1290 2684 1337 Καὶ
2759 1294 2849 1336 του
2925 1286 3147 1358 πολέμου
3224 1285 3555 1345 συσταλέντος
3618 1289 3659 1321 ¹⁰
3718 1283 3898 1357 δέχεται

2361 1376 2569 1446 Θύαμις
2624 1380 2716 1432 την
2774 1377 3055 1447 ἱερωσύνην
3126 1380 3265 1448 παρὰ
3320 1378 3365 1410 ²⁰
3421 1379 3620 1446 πατρὸς,
3673 1376 3806 1434 αὐτὸς
3850 1374 3897 1427 δὲ

2358 1462 2586 1533 τελευτᾷ.

2430 1551 2592 1610 Ἄλλη
2638 1552 2788 1603 πάλιν
2832 1551 3081 1609 ἐπιϐουλὴ
3137 1553 3404 1626 Ἀρσάκης
3450 1555 3575 1603 κατὰ
3612 1561 3701 1603 τῶν
3726 1562 3899 1604 νεανιῶν

2358 1644 2644 1712 Θεαγένους
2697 1647 2786 1693 καὶ
2848 1642 3176 1714 Χαρικλείας,
3230 1648 3320 1694 καὶ
3382 1641 3604 1702 Κυϐέλης
3656 1650 3739 1701 τῆς
3784 1644 3904 1711 θεραο

588 1739 934 1804 promptum
967 1734 1043 1789 ad
1076 1733 1281 1789 omnia
1312 1733 1693 1804 obsequium,
1724 1732 1974 1785 domum
2000 1734 2236 1784 Arsaces

2358 1727 2594 1790 παινίδος
2646 1731 2805 1790 αὐτῆς
2862 1733 3124 1801 πρόθυμος
3184 1731 3251 1791 εἰς
3306 1735 3473 1783 πάντα
3527 1733 3782 1802 ὑπουργία,
3829 1736 3897 1779 καί

587 1837 688 1875 eos
714 1823 1041 1887 evocantis,
1076 1822 1256 1892 hujus
1287 1836 1530 1893 quoque
1562 1836 1734 1875 amor
1782 1821 1839 1873 in
1867 1820 2243 1887 Theageuem

587 1909 970 1979 immodicus,
1007 1910 1301 1965 machinis
1328 1908 1612 1964 omnibus
1628 1908 1906 1979 nequitias
1931 1906 2239 1968 adhibitis,

588 1998 813 2069 viisque
841 1999 1106 2071 quaesitis
1122 1999 1285 2054 omni
1312 1997 1837 2053 delinimentorum
1865 1998 2245 2064 genereJ’ra-

586 2102 729 2140 vum
744 2088 860 2142 huc
874 2088 1097 2143 accedit
1112 2087 1426 2143 consilium
1447 2086 1713 2158 Cybeles,
1731 2100 1865 2156 quae
1884 2091 2243 2139 venenatum

587 2174 902 2230 Charicleaa
929 2175 1212 2247 poculum
1242 2174 1497 2240 miscuit,
1529 2174 1748 2246 sospite
1798 2180 1998 2229 tamen
2050 2174 2242 2228 Chari-

587 2262 733 2328 clea,
783 2263 895 2319 sibi
927 2279 1133 2320 necem
1166 2264 1360 2321 attulit
1406 2264 1691 2319 veneﬁca.
1725 2264 2031 2317 Cruciatus
2063 2268 2241 2333 atque

584 2367 853 2408 aerumna
907 2353 1239 2423 Theagenis
1298 2359 1351 2408 et
1409 2352 1750 2415 Charicleaa,
1796 2353 1957 2423 quod
1999 2352 2241 2405 Arsaces

583 2457 852 2497 amorem
867 2442 1212 2513 Theagenes
1228 2442 1599 2498 detrectaret.
1620 2440 1920 2497 Chariclen
1944 2440 2096 2511 ignis
2125 2456 2242 2511 pce-

585 2545 665 2586 na
694 2531 1151 2601 condemnatur,
1194 2533 1299 2587 sed
1357 2532 1407 2587 is
1461 2531 1781 2586 Pantarbes
1840 2531 1975 2601 (63),
2023 2530 2240 2601 lapidis

585 2618 877 2676 beneﬁcio
906 2622 1319 2690 exstinguitur.
1352 2622 1443 2676 Sic
1462 2621 1651 2676 evasit
1672 2619 2066 2690 inpraesentia
2094 2620 2241 2673 Cha-

586 2707 779 2764 riclea.
799 2710 1257 2766 Arsaceinterim
1274 2710 1599 2765 furibunda
1614 2725 1818 2764 necem
1847 2709 1899 2762 in
1938 2714 2239 2779 p0sterum

584 2798 743 2853 diem
775 2800 1160 2855 machinatur
1196 2800 1531 2855 Charicleas.
1579 2799 1960 2861 Oromidates,
1994 2800 2239 2851 Arsaces

585 2888 859 2953 maritus,
882 2888 1055 2944 mittit
1090 2889 1377 2959 [Bogoam
1402 2886 1776 2959 eunuchum]
1805 2889 1906 2959 qui
1930 2894 2105 2941 noctu
2129 2886 2239 2940 hos

576 2975 829 3046 juvenes
856 2992 1061 3031 secum
1091 2978 1360 3047 sumpsit.
1400 2977 1552 3047 διὸ
1576 2976 1663 3031 Sic
1685 2979 1842 3029 enim
1878 2975 2234 3045 imperatum

584 3062 793 3127 fuerat,
813 3069 1139 3134 postquam
1155 3064 1388 3136 Cybelis
1407 3064 1584 3126 titius,
1608 3080 1713 3133 spe
1732 3062 2001 3132 potiundi
2036 3064 2235 3117 Chari-

584 3150 724 3205 clen:
757 3151 1325 3221 nuptiisfrustratus,
1354 3167 1757 3223 quascumque
1789 3153 1866 3205 ab
1894 3152 2108 3205 Arsace
2134 3166 2235 3221 pa-

582 3244 736 3293 trata
765 3246 985 3306 essent,
1005 3241 1080 3295 ad
1110 3241 1321 3296 herum
1347 3240 1986 3313 protectusnuntiasset
2008 3240 2229 3295 omnia.

655 3327 993 3399 (Ethiopum
1032 3345 1164 3384 mox
1196 3329 1792 3401 irruptio,raptusque
1822 3329 2151 3398 Theagenis
2179 3334 2235 3384 et

585 3415 920 3487 Charicleaa,
955 3424 1132 3489 atque
1164 3419 1241 3473 ad
1288 3419 1605 3490 Hydaspen
1655 3419 1989 3488 Acithiopum
2031 3434 2230 3487 regem

583 3505 865 3561 abductio
895 3513 1187 3572 narratur,
1213 3516 1266 3563 et
1295 3516 1356 3563 ut
1378 3508 1469 3562 ille
1495 3508 1736 3579 quidem
1780 3507 1895 3563 Soli
1924 3508 2057 3569 deo,
2087 3508 2231 3562 Cha-

582 3596 763 3652 riclea
793 3614 934 3654 vero
966 3599 1144 3654 Lunae
1172 3604 1549 3654 consecretur
1580 3598 1841 3652 victima.
1878 3598 2019 3652 Hinc
2047 3602 2230 3653 certa-

578 3686 743 3742 mina
772 3690 828 3743 et
859 3687 1583 3760 sacriﬁcia,prtesentibus
1603 3687 1959 3751 Sisimithro,
1981 3702 2233 3758 gymno-

578 3777 981 3847 sophistarum
1017 3778 1304 3849 principe,
1361 3793 1495 3831 cum
1527 3778 1648 3831 suis
1700 3776 2225 3846 gyll‘lllOSOphiSlis,

578 3870 757 3936 atque
787 3867 1024 3921 Persina
1055 3867 1209 3936 regis
1253 3883 1453 3921 uxore.
1482 3866 1736 3921 Postulat
1797 3864 2096 3919 Chariclea
2141 3867 2227 3919 sui

577 3954 933 4010 defendendi
954 3962 1309 4025 potestatem
1332 3956 1456 4010 ﬁeri
1484 3955 1646 4027 apud
1673 3956 2015 4026 Hydaspen.
2038 3952 2230 4008 Causa

576 4042 735 4099 dicta
764 4049 871 4107 est,
900 4045 1207 4114 judicante
1238 4044 1592 4110 Sisimithre,
1638 4044 2003 4114 testibusque
2031 4059 2231 4113 super-

574 4132 809 4186 stitibus
840 4134 1255 4204 probantibus,
1293 4134 1588 4205 Hydaspis
1620 4148 1689 4187 ac
1747 4132 2001 4187 Persinee
2042 4131 2224 4185 tiliam

572 4233 704 4271 esse
731 4218 1113 4274 Charicleam.
1150 4224 1285 4290 Regi
1320 4237 1439 4275 non
1474 4223 1611 4275 satis
1645 4222 2035 4291 persuadetur
2079 4237 2091 4285 ;
2125 4219 2226 4289 qui

572 4306 745 4359 etiam
780 4306 864 4359 sic
886 4307 1167 4373 hostiam,
1190 4310 1397 4379 patriae
1418 4312 1531 4379 legi
1559 4308 1946 4379 moribusque
1980 4308 2228 4362 obsecu-

574 4400 686 4458 tus,
720 4394 945 4450 csedere
995 4396 1121 4451 illos
1162 4403 1353 4468 parat.
1408 4397 1670 4467 Populus
1704 4397 2077 4452 contradicit.
2136 4398 2227 4451 Sic

2356 1820 2683 1892 πρόσκλησις
2740 1819 2906 1871 αὐτῶν
2974 1818 3056 1871 ἐπὶ
3111 1824 3204 1877 τὴν
3285 1821 3454 1872 οἰκίαν
3526 1820 3784 1891 Ἀρσάκης,
3831 1823 3903 1867 καὶ

2357 1910 2481 1982 ἔρως
2521 1908 2683 1970 αὐτῆς
2731 1912 2859 1980 πρός
2909 1914 3167 1977 Θεαγένην
3218 1908 3594 1980 ἀκατάσχετος,
3640 1914 3719 1958 καὶ
3756 1926 3906 1977 μηχαο

2355 2002 2437 2048 ναὶ
2486 2004 2653 2049 πᾶσαι
2696 2002 2785 2048 καὶ
2832 1993 3049 2067 μέθοδοι
3088 2004 3365 2049 κακώσεὼν
3416 2016 3468 2049 τε
3510 2001 3590 2047 καὶ
3645 1999 3905 2069 θεραπειῶν,

2355 2091 2444 2137 καὶ
2492 2085 2734 2142 ἐπιϐουλὴ
2780 2085 2872 2158 [96
2926 2085 3013 2158 Η.]
3072 2086 3297 2146 Κυϐέλης
3349 2084 3442 2138 δια
3499 2088 3756 2157 φαρμάκου
3795 2086 3909 2134 κατὰ

2358 2174 2682 2247 Χαρικλείας.
2738 2181 2971 2248 Σωτηρία
3016 2176 3325 2248 Χαρικλείας
3370 2198 3381 2208 ·
3433 2182 3518 2226 καὶ
3561 2176 3818 2246 ἀναίρεσις,
3848 2169 3906 2222 δι’

2354 2264 2420 2313 ὧν
2454 2263 2675 2337 ἀναιρεῖν
2704 2262 2993 2334 ἐμελέτησε,
3027 2263 3273 2326 Κυϐέλης.
3312 2264 3629 2338 Στρέϐλωσις
3660 2267 3737 2313 καὶ
3764 2263 3907 2311 κάκωο

2356 2370 2435 2412 σις
2468 2357 2773 2426 Χαρικλείας
2816 2357 2904 2403 καὶ
2932 2358 3236 2423 Θεαγένους,
3269 2356 3350 2405 ὅτι
3382 2358 3451 2425 μη
3500 2353 3775 2403 συντίθεται
3802 2352 3906 2421 πρὸς

2352 2445 2438 2492 τόν
2469 2446 2733 2512 Ἀρσάκης
2781 2445 2945 2514 ἔρωτα
2976 2444 3001 2492 ό
3042 2446 3300 2512 Θεαγένης
3351 2465 3363 2475 ο
3419 2448 3508 2493 καὶ
3532 2440 3822 2512 Χαρικλείας
3859 2437 3914 2494 εἰς

2354 2538 2453 2603 πυρ
2485 2527 2769 2591 καταδίκη,
2797 2535 2886 2582 καὶ
2918 2538 3008 2582 τοῦ
3038 2536 3201 2604 πυρὸς
3243 2528 3338 2582 δια
3382 2540 3473 2590 τῆς
3520 2527 3799 2599 παντάρϐης
3836 2534 3910 2576 τοῦ

2350 2618 2494 2670 λίθου
2526 2619 2860 2681 κατάσϐεσις,
2890 2625 2979 2670 καὶ
3010 2628 3102 2680 τῆς
3135 2620 3450 2693 Χαρικλείας
3478 2626 3601 2680 τέως
3630 2620 3813 2689 ἀφεσις,
3842 2620 3914 2664 καὶ

2350 2708 2583 2779 Ἀρσάκη
2631 2712 2910 2779 μαινομένη
2961 2714 3049 2759 καὶ
3087 2710 3302 2759 θάνατον
3355 2710 3407 2770 ἐς
3444 2713 3619 2778 αὔριον
3667 2704 3915 2773 Χαρικλείᾳ

2351 2796 2747 2869 ιθτρεπίζουσα.
2774 2797 3060 2855 Ἀποστολὴ
3091 2796 3444 2869 Ὀροονδάτου
3466 2805 3557 2849 του
3576 2799 3617 2831 ¹¹
3646 2804 3730 2855 τῆς
3752 2793 3917 2864 ’Ᾱρσοὶυ

2349 2904 2441 2943 κης
2472 2882 2680 2957 ἀνδρὸς,
2715 2890 2803 2936 καὶ
2830 2885 3085 2955 ἀνάληψις
3116 2882 3209 2937 διὰ
3236 2894 3327 2958 τῇς
3351 2890 3542 2947 νυκτὸς
3574 2896 3669 2936 τῶν
3697 2902 3880 2934 νεανιων
3905 2901 3913 2909 ι

2349 2980 2501 3025 τοῦτο
2548 2978 2647 3048 γὰρ
2708 2978 3099 3048 προσετέτακτο,
3146 2974 3253 3026 ἐπεὶ
3314 2977 3340 3027 ό
3398 2983 3521 3034 παῖς
3575 2982 3669 3034 τῆς
3723 2969 3920 3027 Κυϐέλης

2352 3062 2632 3134 ἀποτυχὼν
2662 3071 2751 3114 τοῦ
2783 3066 2905 3136 πρὸς
2951 3063 3260 3135 Χαρίκλειαν
3292 3084 3494 3138 γαμου,
3524 3065 3707 3123 πάντα,
3741 3064 3828 3111 ὅσα
3870 3066 3919 3127 τῇ

2354 3154 2582 3226 Ἀρσάκῃ
2618 3148 2977 3226 διαπίπρακτο
3025 3154 3094 3218 ³³,
3138 3157 3261 3224 πρὸς
3310 3159 3400 3205 τὸν
3454 3151 3713 3208 δεσπότην
3743 3148 3917 3217 ἀπάρας

2352 3239 2675 3310 ἀπήγγειλεν.

2425 3329 2687 3391 Ἐπίθεσις
2737 3338 2834 3380 τῶν
2888 3329 3175 3393 Αἰθιόπων,
3236 3335 3325 3381 καὶ
3388 3331 3605 3404 ἁρπαγὴ
3671 3330 3922 3396 Θεαγένους

2349 3423 2436 3469 καὶ
2490 3418 2816 3489 Χαρικλείας,
2897 3422 2979 3469 καὶ
3050 3423 3176 3492 πρὸς
3246 3415 3530 3477 Ὑδάσπην
3584 3421 3670 3471 τὸν
3732 3412 3925 3487 ﬁssilis

2349 3515 2447 3557 τῶν
2491 3506 2755 3560 Αἰθιόπων
2806 3506 3084 3578 ἀπαγωγὴ.
3133 3506 3259 3559 Εἶτα
3316 3506 3606 3583 ἀφιέρωσις
3656 3510 3832 3557 τούτων
3871 3501 3923 3557 εὶς

2349 3600 2405 3646 τό
2460 3598 2699 3661 τυθῆναι,
2757 3601 2847 3652 την
2893 3600 2982 3666 μεν
3030 3604 3091 3668 τῇ
3145 3596 3357 3667 Σελήνη,
3412 3602 3502 3649 τόν
3556 3595 3615 3649 δε
3662 3615 3731 3665 τῳ
3770 3591 3922 3659 Ἡλίῳ.

2348 3682 2474 3736 Εἶτα
2501 3683 2689 3754 ἀγῶνες
2732 3690 2820 3735 καὶ
2866 3686 3067 3749 θυσίαι,
3118 3690 3206 3737 καὶ
3250 3689 3570 3760 Σισιμίθρου
3620 3693 3708 3737 τοῦ
3745 3688 3923 3755 πρῶτον

2347 3782 2444 3823 των
2494 3781 2925 3844 γυμνοσοφιστών
2977 3779 3065 3825 καὶ
3114 3775 3281 3826 αὐτῶν
3332 3781 3634 3847 παρουσία,
3686 3776 3769 3824 καὶ
3819 3775 3926 3839 Περ-

2350 3867 2497 3921 σίνης
2535 3870 2631 3923 τῆς
2659 3868 2903 3933 γυναικὸς
2934 3872 3023 3914 τοὺ
3056 3861 3332 3935 βασιλέως.
3396 3871 3500 3917 Καὶ
3553 3869 3755 3921 αἴτησις
3786 3867 3925 3929 Χαρι-

2345 3952 2511 4012 κλείας
2571 3952 2651 4002 ἱνα
2706 3949 3080 4024 δικαιολογηθῇ
3130 3952 3397 4026 Ὑδάσπῃ,
3460 3960 3555 4006 καὶ
3606 3950 3925 4018 δικαιολογία,

2345 4047 2434 4092 καὶ
2492 4047 2663 4114 κρίσις
2715 4044 3021 4115 Σισιμίθρου
3070 4048 3153 4093 καὶ
3204 4050 3481 4116 μαρτυρία
3534 4047 3617 4095 ὅτι
3674 4038 3927 4113 Χαρίκλεια

2343 4138 2462 4189 παῖς
2518 4133 2595 4186 εἴη
2657 4126 2924 4182 Ὑδάσπου
2990 4136 3079 4182 καὶ
3140 4137 3422 4205 Περσίνης.
3488 4135 3727 4185 Πείθεται
3803 4126 3925 4198 μολις

2342 4217 2630 4279 Ὑδάσπης.
2666 4219 2819 4270 Ἀλλὰ
2866 4225 2954 4271 καὶ
3001 4220 3164 4281 οὕτως
3212 4222 3358 4290 οἴγειν
3411 4221 3624 4294 ἔμελλεν
3673 4222 3740 4281 εἰς
3773 4221 3928 4270 θυσίαν

2340 4318 2504 4379 τιμῶν
2556 4312 2639 4359 τόν
2687 4310 2903 4380 πάτριον
2952 4312 3128 4380 νόμον.
3190 4308 3248 4360 ’0
3304 4305 3364 4361 δὲ
3414 4308 3599 4381 δῆμος
3646 4309 3930 4379 ἀπηγόρευε,

2341 4403 2431 4448 καὶ
2490 4396 2688 4468 ἀφίεται
2764 4396 3065 4469 Χαρίκλεια,
3141 4402 3230 4448 καὶ
3276 4401 3431 4470 χαρὰ
3490 4401 3703 4451 πάντων
3764 4395 3841 4447 ἐπὶ
3884 4398 3936 4461 τῇ

573 4500 815 4539 sursum
843 4484 1029 4541 libera
1059 4465 1223 4541 abire
1248 4486 1413 4556 jussa
1437 4465 1762 4550 Chariclea,
1807 4502 1943 4556 qua:
1980 4487 2225 4557 quidem

2351 4484 2539 4557 ἀφέσει.
2592 4486 2757 4556 Ἀγὼν
2817 4486 2966 4537 πάλιν
3014 4485 3165 4546 ἄλλος
3214 4487 3531 4560 Χαρικλείᾳ,
3585 4491 3841 4557 Θεαγένης
3874 4483 3939 4531 ἔτι

571 4573 840 4630 liberatio
872 4575 1273 4630 incredibilem
1327 4574 1609 4630 omnibus
1661 4575 1886 4646 peperit
1941 4574 2223 4629 laetitiam.

573 4664 685 4720 Sed
716 4666 926 4721 iterum
958 4665 1274 4721 Charicleaa
1292 4665 1609 4720 discrimen
1651 4670 1937 4721 creatum.
1971 4666 2225 4733 Theage-

569 4766 676 4806 nes
708 4754 961 4820 vinctus,
995 4756 1264 4809 uthostia
1295 4752 1413 4808 aris
1434 4753 1630 4807 adhuc
1657 4752 2010 4807 destinatur.
2040 4752 2228 4807 Varias

566 4840 887 4913 multaque
942 4858 1012 4897 eo
1053 4844 1295 4899 nomine
1326 4842 1491 4914 apud
1523 4847 1825 4913 parentem
1870 4857 2090 4911 preces,
2124 4842 2227 4896 sed

564 4928 658 4986 ille
696 4928 1109 4986 liberationem
1164 4931 1509 5002 Theagenis,
1536 4928 2075 5002 impunitatemque
2115 4930 2225 4985 ab-

562 5018 710 5075 nuit.
738 5019 957 5076 Animo
977 5020 1176 5093 itaque
1196 5025 1501 5075 externata
1521 5019 1842 5089 Charicles,
1870 5020 2075 5075 omnia
2091 5035 2226 5091 quae

565 5108 680 5165 sibi
709 5113 765 5163 et
796 5108 1087 5180 Theageni
1122 5110 1378 5165 adversa
1410 5108 1791 5173 accidissent,
1826 5109 2002 5163 matri
2044 5124 2223 5163 enar-

2341 4572 2559 4646 δέσμιος
2593 4573 2675 4626 ἐπὶ
2723 4583 2783 4647 τῇ
2823 4577 2999 4646 θυσίᾳ,
3046 4580 3135 4627 καὶ
3187 4576 3331 4647 λόγοι
3374 4583 3505 4652 περὶ
3556 4578 3722 4630 αὐτοῦ
3752 4578 3797 4609 ³³
3828 4573 3945 4642 πρὸς

2338 4666 2424 4714 τόν
2474 4667 2669 4734 πατέρα
2708 4662 2889 4714 πολλοὶ
2932 4668 3019 4714 καὶ
3048 4667 3294 4728 ποικίλοι,
3331 4672 3425 4716 τοῦ
3477 4661 3542 4717 δὲ
3586 4667 3785 4738 πατρὸς
3829 4663 3944 4712 ἀπο-

2338 4770 2508 4813 νευσις
2558 4750 2641 4803 ἐπὶ
2694 4760 2753 4823 τῇ
2832 4751 3067 4804 ἀθωώσει
3126 4756 3438 4822 Θεαγένους,
3520 4760 3615 4806 καὶ
3696 4748 3949 4823 ἀδημονία

2340 4838 2671 4913 Χαρικλείας,
2727 4844 2816 4891 καὶ
2866 4843 2986 4914 πρός
3034 4843 3126 4898 τὴν
3175 4844 3375 4914 μητέρα
3436 4840 3781 4915 ἐξαγόρευσις
3834 4840 3948 4890 πάν-

2338 4948 2456 4991 των,
2509 4930 2609 4980 ὅσα
2665 4928 2792 5000 αὐτῇ
2852 4931 3150 5000 συνηνέχθη
3204 4935 3292 4981 καὶ
3353 4936 3635 5001 Θεαγένει.
3702 4933 3803 4983 Καὶ
3851 4926 3951 4997 αρι-

2341 5022 2487 5071 στεία
2523 5022 2803 5089 Θεαγένους
2846 5019 2929 5070 ἐπὶ
2973 5026 3043 5088 τῷ
3097 5021 3293 5093 ταύρῳ,
3326 5024 3414 5071 καὶ
3470 5028 3571 5073 τοῦ
3623 5018 3805 5091 δήμου
3854 5023 3956 5090 τέρ-

2334 5106 2446 5178 ψις.
2491 5106 2607 5160 Ἐτι
2656 5106 2894 5181 ἀριστεία
2945 5107 2992 5158 ἐν
3045 5115 3105 5165 τῆ
3154 5112 3279 5180 πρὸς
3321 5111 3403 5160 τόν
3445 5109 3692 5162 Αἰθίοπα
3734 5112 3825 5160 τόυ
3878 5108 3954 5177 μέ-

1900 5236 1989 5289 VA
2003 5232 2138 5289 BHE
2181 5231 2586 5289 LECTIONES.

632 5359 678 5393 ¹⁸
712 5356 999 5433 Ὀροδάτου
1036 5382 1087 5425 ς’.

555 5433 756 5504 ματέρα
781 5439 1044 5503 ponunt.

1195 5362 1239 5397 ¹⁹
1269 5363 1556 5422 συστάντος
1598 5381 1652 5424 ς.
1731 5362 1779 5395 ²⁰
1813 5362 1929 5435 περὶ
1960 5380 2013 5423 ς.
2094 5360 2135 5394 ¹¹
2172 5365 2263 5410 τοῦ
2295 5357 2410 5413 add
2445 5365 2502 5411 A.
2580 5359 2627 5393 ²²
2660 5352 3012 5431 διεπέπρακτο
3038 5379 3092 5422 ς.
3170 5358 3218 5393 ³³
3240 5362 3354 5433 περὶ
3386 5358 3563 5411 αὐτοῦ
3601 5359 3798 5432 vulgo
3827 5363 3965 5431 post

2134 5551 2366 5609 ΝΟΤΔΕ.

624 5664 739 5739 (63)
771 5662 849 5720 De
868 5678 991 5738 qua
1020 5661 1151 5720 vide
1180 5661 1384 5721 Ctesias
1417 5663 1617 5720 Indica
1637 5678 1826 5736 supr.,
1868 5665 1923 5721 et
1954 5659 2225 5719 Philostr.
2261 5661 2370 5721 lib.
2418 5662 2488 5716 lll
2522 5660 2593 5718 de
2625 5661 2750 5717 Vita
2779 5660 3093 5734 Apollonii.
