4036 6214
613 249 716 312 239
1835 245 2077 308 PHOTII
2118 246 2603 312 PATRIAHCH/E
2641 247 2746 311 cp.
3800 264 3888 330 91,0

824 373 1203 432 Lesbonactis
1255 373 1553 431 orationes
1608 366 1866 445 politiae
1931 395 2046 434 im.

687 468 870 522 Lectae
929 469 1066 520 sunt
1108 467 1166 520 et
1209 464 1596 520 Lesbonactis
1637 464 1942 523 Orationes
1995 469 2266 536 politiae

612 553 874 612 sedecim
899 554 1036 626 (68).
1069 553 1172 609 Hic
1203 557 1403 610 autem
1428 553 1800 626 Lesbonaxm

1322 643 1517 698 LXXV.

609 729 1118 800 Joan.Philoponi
1129 729 1390 802 Libellus
1406 736 1612 787 contra
1627 732 1905 788 Joannem
1922 734 2258 802 patriarch.

897 803 1011 860 ορ.
1051 817 1317 873 cognom.
1357 801 1791 859 Scholasticum
1837 801 1972 876 (69).

682 892 816 963 Legi
843 891 1015 949 Joan.
1045 891 1351 963 Philoponi
1384 890 1666 946 Libellum
1714 891 2004 948 adversus
2025 910 2258 966 ea,quae

606 997 717 1054 pro
761 986 921 1038 certo
951 980 1256 1051 dogmate,
1296 981 1384 1035 De
1409 986 1618 1036 sancta
1648 995 1720 1036 ac
1767 981 2260 1038 consubstantiali

614 1071 905 1128 Trinitate
941 1070 1132 1126 divine
1167 1069 1411 1125 tradidit
1441 1072 1498 1124 Β.
1541 1071 1806 1125 Joannes
1837 1071 2255 1138 Scholasticus,

606 1159 1106 1232 archiepiscopus,
1142 1157 1838 1230 Constantinopolitanus
1901 1158 1961 1213 in
1988 1160 2257 1215 oratione

605 1265 716 1306 sua
736 1248 1122 1315 Catechetica,
1145 1263 1332 1320 quam
1365 1247 1598 1303 Justino
1622 1247 1890 1318 [minore]
1928 1249 2257 1319 imperante

604 1337 818 1395 habuit
847 1336 1042 1409 prima
1065 1336 1389 1392 indictione
1408 1335 1543 1408 (70).

679 1426 960 1483 Uictionis
979 1441 1194 1497 genere
1214 1427 1303 1480 sui
1325 1425 1536 1481 similis
1558 1429 1665 1492 est,
1685 1424 2038 1498 perspicuus
2063 1426 2258 1482 videli-

604 1523 713 1582 cet.
748 1517 1014 1588 nihilque
1042 1517 1342 1572 intensum
1371 1514 1621 1581 habens,
1656 1521 1758 1571 aut
1789 1531 1967 1585 grave
2001 1533 2014 1582 ;
2051 1531 2257 1571 verum

603 1605 1122 1678 argumentationis
1152 1605 1365 1673 forma,
1388 1620 1507 1660 non
1546 1605 1768 1676 impius
1809 1606 2011 1673 modo,
2069 1606 2174 1661 sed
2203 1609 2260 1661 et

603 1696 1047 1768 putidus,atque
1073 1694 1405 1750 imbecillus
1446 1700 1551 1762 est,
1572 1698 1636 1749 ut
1665 1709 1739 1749 ne
1780 1694 2082 1750 umbratili
2132 1711 2260 1767 qui-
2293 1734 2337 1791 Β

602 1787 742 1842 dem
767 1784 1028 1841 veritatis
1059 1785 1275 1856 specie,
1308 1784 1548 1856 propria
1580 1783 2117 1855 potueritcolorare
2157 1785 2259 1840 ad-

602 1876 830 1932 iversus
855 1873 989 1946 pios
1016 1873 1412 1945 sophismata.
1445 1875 1696 1928 Naturas
1724 1874 1940 1928 etenim
1963 1879 2140 1945 atque
2171 1889 2258 1928 es-

605 1965 846 2030 sentias,
870 1964 1136 2034 deosque
1167 1966 1566 2028 commentus,
1592 1961 1788 2017 nullas
1826 1963 1964 2016 inde
1997 1978 2116 2018 non
2155 1978 2257 2018 ore

603 2053 874 2110 nfrenato
912 2053 973 2108 in
1005 2050 1428 2108 Christianiam
1459 2053 1576 2120 (7t)
1626 2050 1808 2105 ﬁdem
1842 2050 2254 2123 blasphemias

603 2143 785 2199 vomit
798 2141 959 2197 istud
987 2139 1308 2196 identidem
1338 2157 1350 2194 :
1382 2161 1410 2188 «
1434 2139 1631 2194 Unum
1662 2155 1844 2212 quam
1874 2138 2062 2195 multa
2078 2139 2257 2210 signi-

602 2231 743 2288 ﬁcat
773 2230 882 2301 (72)
912 2249 941 2281 »
975 2229 1152 2285 anxie
1178 2227 1378 2292 nimis,
1431 2227 1810 2300 nimiumque
1867 2229 2089 2283 minute
2121 2243 2256 2284 con-

602 2323 854 2376 sectans.
884 2320 965 2376 Ita
991 2333 1099 2390 per
1129 2333 1302 2373 suam
1342 2315 1744 2384 artiﬁciosam,
1806 2322 1868 2372 ut
1898 2317 1978 2372 illi
2015 2317 2252 2390 quidem

602 2409 855 2473 videtur,
887 2407 1314 2478 nugacitatem,
1357 2405 1448 2461 vel
1479 2405 1734 2478 pueriles
1756 2407 1952 2478 potius
1978 2405 2252 2478 ineptias,

600 2497 1044 2570 mystagogiam
1062 2500 1326 2552 nostram
1346 2493 1746 2564 theologicam
1768 2493 1934 2549 nihili
1956 2511 2017 2550 se
2040 2494 2252 2560 facere,

600 2587 923 2643 insolenter
941 2583 1204 2658 jactavit.
1239 2586 1312 2638 At
1335 2599 1456 2639 non
1490 2583 1643 2656 52b
1683 2583 1743 2638 in
1775 2583 1888 2638 hoc
1947 2583 2140 2640 solum
2166 2600 2257 2640 ar-

603 2676 995 2748 gumentandi
1028 2689 1244 2746 genere
1274 2674 1550 2729 inﬁrmus
1581 2679 1686 2740 est,
1737 2690 1806 2729 ac
1849 2675 2119 2739 demens,
2147 2675 2255 2730 sed

603 2772 660 2822 et
685 2767 744 2822 in
761 2765 888 2821 aliis
917 2763 1200 2820 omnibus
1232 2763 1639 2835 suis,quorum
1663 2763 1905 2835 quidem
1919 2768 2127 2819 auctor
2146 2769 2252 2831 est,

605 2855 859 2928 scriptis.
895 2854 1134 2926 Excipio
1160 2852 1279 2921 illa,
1305 2868 1462 2925 quae,
1484 2852 1737 2908 aliorum
1767 2855 2008 2908 inventa
2033 2854 2254 2925 compi-

602 2946 761 3010 laus,
810 2943 923 3000 sibi
962 2942 1316 2998 vindicavit.
1383 2940 1749 3010 Longissime
1782 2943 1936 2996 enim
1969 2941 2125 2997 infra
2153 2959 2254 2998 ecs

2294 379 2341 434 A

2691 379 3063 443 Λεσϐώνακτος
3091 382 3232 454 λόγοι
3259 384 3500 440 πολιτικοὶ
3530 387 3616 453 ις’.

2445 469 2872 540 Ἀνεγνώσθησαν
2927 468 2985 523 δὲ
3058 477 3146 524 καὶ
3195 473 3542 538 Λεσϐώνακτος
3593 482 3739 548 Λόγοι
3772 481 3893 533 πολιν

2374 564 2509 611 τικοὶ
2541 556 2742 622 δεκαέξ.
2779 560 2940 620 Οὗτος
2973 556 3032 612 δὲ
3059 563 3083 612 ὁ
3117 562 3466 625 Λεσϐῶναξ...

3099 648 3194 702 ΟΕ’
3208 695 3220 706 .

2451 737 2692 788 Ἰωάννου
2752 743 2843 787 τοῦ
2875 735 3158 789 Φιλοπονου
3215 743 3335 813 πρὸς
3377 743 3457 790 τὸν
3509 741 3725 800 Ἰωάννην
3771 744 3900 818 ἁρχι-

2716 813 3000 859 επίσκοπον
3027 811 3603 873 Κωνσταντινουπὸλεως.

2443 895 2766 967 Ἀνεγνωσθη
2815 897 3052 949 Ἰωάννου
3106 908 3194 950 τοῦ
3279 899 3542 952 Φιλοπὸνου
3616 898 3901 974 βιϐλιδάριον

2369 989 2502 1037 κατὰ
2530 994 2630 1036 τῶν
2652 984 2826 1045 ἐνθέως
2884 983 3333 1059 δογματισθέντων
3387 994 3502 1060 Περὶ
3548 999 3632 1050 τῆς
3672 990 3806 1060 ἁγίας
3829 1000 3902 1044 καὶ

2367 1076 2651 1146 ὁμοουσίου
2682 1071 2909 1146 Τριάδος
2952 1077 3051 1127 ὑπὸ
3106 1085 3194 1129 τοῦ
3248 1077 3293 1128 ἐν
3332 1078 3492 1149 ἁγίοις
3529 1078 3744 1130 Ἰωάννου
3775 1079 3903 1150 ἆρχε·

2368 1183 2654 1216 επισκοπου
2698 1165 3298 1231 Κωνσταντινουπολεοις,
3383 1175 3468 1217 τοῦ
3519 1165 3611 1218 ἀπὸ
3663 1167 3905 1236 Σχολαστιο

2368 1261 2489 1317 κῶν,
2523 1250 2570 1304 ἓν
2593 1261 2664 1322 τῷ
2721 1258 3080 1324 Κατηχητικῷ
3133 1254 3268 1325 λογῳ
3315 1256 3380 1321 ³⁸,
3436 1255 3488 1306 ὃν
3546 1252 3670 1307 εἶπεν
3725 1254 3796 1306 ἐπὶ
3833 1266 3907 1316 τῆς

2368 1347 2571 1412 πρώτης
2600 1339 2808 1412 ἐπινεμή
2819 1361 2915 1393 σεω
2927 1363 2947 1402 ς
2977 1341 3338 1414 βασιλεύοντος
3359 1345 3647 1398 ’[ουστίνου.

2443 1430 2595 1482 ’Ἐστι
2626 1426 2684 1482 δὲ
2715 1435 2807 1488 τήν
2856 1435 3043 1504 φράσιν
3103 1435 3280 1503 ὅμοιος
3323 1433 3482 1502 ἐαυτῷ
3533 1451 3544 1462 ·
3581 1438 3733 1503 σαφής
3758 1452 3803 1484 τε
3824 1436 3905 1504 γὰρ

2368 1525 2456 1572 καὶ
2487 1516 2637 1572 οὐδὲν
2673 1523 2905 1591 μετέχων
2945 1528 3091 1573 τόνου
3139 1524 3166 1579 ή
3223 1530 3549 1593 σεμνότητος,
3600 1525 3708 1582 Τοῖς
3743 1521 3907 1591 ἐπιχει-

2367 1613 2571 1682 ρήμασι
2603 1605 2661 1660 δὲ
2687 1609 2743 1658 οὗ
2803 1615 2954 1680 μονον
3003 1609 3213 1674 ἀσεϐὴς,
3278 1610 3401 1661 ἀλλὰ
3458 1616 3542 1661 καὶ
3594 1609 3699 1661 λίαν
3752 1611 3910 1679 σαθρὸς

2368 1703 2456 1748 καὶ
2497 1696 2782 1770 ἀνίσχυρος
2827 1697 2950 1768 [165
2999 1697 3090 1771 3.]
3144 1705 3232 1750 καὶ
3282 1696 3410 1770 μηδ’
3466 1698 3907 1769 ἐπιπολαίῳφαντα-

2370 1792 2460 1856 σίᾳ
2485 1794 2578 1846 τῆς
2619 1784 2857 1846 ἀληθείας
2888 1790 2950 1838 τὰ
2997 1788 3162 1839 οἰκεῖα
3219 1785 3455 1848 δυνηθεὶς
3509 1787 3913 1860 ἐπιχρωσαικατὸι

2367 1884 2456 1935 τῆς
2504 1874 2758 1936 εὐσεϐείας
2818 1882 3119 1948 σοφίσματα
3166 1893 3178 1903 '
3240 1882 3414 1949 φύσεις
3479 1881 3574 1948 γὰρ
3629 1883 3710 1928 καὶ
3771 1875 3914 1933 οὐσίας

2367 1973 2454 2016 καὶ
2489 1967 2731 2026 θεότητας
2763 1969 2808 1999 ³³
2837 1971 2925 2016 καὶ
2975 1968 3114 2025 θεοὺς
3183 1966 3528 2038 πλασάμενος,
3582 1965 3784 2017 ἐντεῦθεν
3809 1963 3915 2014 ἀθυ-

2366 2058 2636 2127 ροστόμως
2682 2060 2854 2106 πᾶσαν
2900 2051 3242 2127 βλασφημίαν
3297 2065 3391 2118 τῆς
3442 2063 3751 2127 Χριστιανῶν
3789 2072 3916 2103 κατα-

2365 2147 2480 2214 χέει
2511 2145 2555 2176 ³³
2581 2148 2823 2204 πίστεως,
2853 2147 2909 2193 τὸ
2942 2167 2967 2189 ‹‹
2993 2143 3041 2194 ἓν
3077 2150 3217 2195 ποσα
3251 2148 3493 2215 σημαίνει
3527 2167 3551 2192 ‹‹
3585 2143 3912 2217 σμικρολογών’

2367 2231 2467 2282 κὰκ
2492 2239 2581 2292 τῆς
2609 2239 2858 2302 τεχνικῆς
2902 2233 3078 2294 αὑτοῦ,
3135 2235 3198 2293 ὡς
3248 2237 3411 2285 οἴεται
3459 2232 3527 2297 ³⁴,
3577 2231 3917 2305 ματαιολογίας,

2365 2321 2552 2392 μᾶλλον
2608 2318 2666 2372 δε
2715 2318 3114 2391 παιδαριωὸους
3169 2322 3554 2395 ἀπειροκαλίας,
3616 2327 3702 2378 τήν
3775 2318 3917 2370 θεολο-

2364 2416 2517 2482 γικὴν
2569 2413 2714 2482 ἡμῶν
2765 2410 3038 2473 ἐξουθενεῑν
3097 2410 3390 2483 ἐφρυάξατο
3437 2414 3810 2484 μυσταγωγίαν.
3861 2406 3920 2457 0-3

2364 2505 2515 2571 μόνον
2549 2496 2602 2551 δ’
2649 2499 2696 2550 ἐν
2729 2501 2932 2560 τούτοις
2972 2501 3016 2534 ³⁵
3059 2502 3170 2551 ἑστὶ
3214 2509 3327 2562 τοῖς
3381 2501 3772 2571 ἐπιχειρήμασιν
3799 2494 3922 2546 ἀσθε-

2363 2596 2450 2650 νής
2480 2595 2564 2641 καὶ
2600 2587 2831 2652 ἀνόητος,
2888 2587 3013 2639 ἀλλὰ
3066 2593 3154 2640 καὶ
3217 2588 3265 2640 ἔν
3318 2598 3422 2650 τοῖς
3454 2589 3620 2648 α”λλοις
3649 2587 3824 2637 ἅπασιν
3851 2582 3922 2633 αὖ·

2987 2677 3052 2727 ὧν
3107 2677 3246 2729 ἐστιν
3293 2679 3451 2740 αὐτὸς
3499 2683 3686 2748 πατὴρ,
3723 2675 3835 2725 ἀλλὰ
3866 2676 3921 2742 μὴ

3545 2764 3830 2818 ὑπεϐάλλετο
3870 2761 3925 2824 ³⁸,

2363 2688 2454 2732 τοῦ
2511 2681 2892 2749 συντάγμασιν,

2365 2768 2651 2837 αλλαχόθεν
2727 2766 2974 2836 ἐκκλέψας

2363 2859 2474 2910 λίαν
2506 2857 2644 2908 ἐστὶν
2699 2857 2741 2890 ³⁷
2790 2858 3150 2926 ἀπῳκισμενος
3199 2865 3298 2907 τῶν
3362 2853 3590 2909 συνιδεῖν
3640 2854 3843 2926 ἔχοντ-ων
3884 2852 3928 2899 τὸ

3067 2769 3159 2828 τὰς
3233 2768 3461 2841 εὑρέσεις

2362 2943 2558 3017 ψεῦδος
2587 2949 2617 3003 ἣ
2647 2943 2859 3005 τάληθὲς
2881 2949 2970 2995 καὶ
3017 2953 3116 2994 τών
3175 2943 3244 3004 εἰς
3301 2947 3350 2980 ³⁸
3392 2942 3687 3016 δριμύτητα
3709 2947 3927 2993 τεινόντων

604 3039 878 3092 auctores
897 3037 1004 3100 est,
1027 3032 1130 3104 qui
1162 3031 1377 3086 falsum
1409 3035 1628 3085 norunt
1658 3046 1691 3085 a
1732 3045 1869 3085 vero
1899 3029 2252 3100 dijudicare,

2366 3037 2632 3107 νοημάτων
2665 3031 2983 3104 ἐφάψασθαι.
3017 3038 3074 3082 *Α
3130 3029 3179 3084 δ’
3238 3031 3387 3085 ἐστὶν
3423 3034 3562 3104 αὐτῷ
3601 3030 3927 3100 ὑποϐολιμαῖα,

605 3129 662 3180 et
688 3123 1233 3195 adipsasensorum
1250 3119 1531 3176 acumina
1559 3120 1910 3190 pertingere.
1944 3121 2086 3184 Quae
2111 3136 2254 3191 ergo

606 3212 714 3269 sibi
748 3211 1056 3267 subdititia
1071 3213 1328 3279 arrogat,
1349 3213 1583 3264 servant
1609 3207 1708 3263 illa
1725 3209 1970 3279 quidem
1997 3209 2252 3281 scripto-

603 3316 741 3358 rum
771 3301 1172 3356 characterem
1207 3315 1219 3353 :
1253 3302 1516 3354 attamen
1543 3303 1682 3352 sunt
1729 3297 1787 3351 in
1820 3298 1888 3352 iis
1941 3297 2251 3363 nonnulla,

605 3391 873 3460 maligno
891 3388 1208 3462 improboq
1218 3403 1288 3442 ue
1306 3387 1590 3443 orationis
1608 3386 1786 3440 veluti
1809 3386 1966 3441 victu
1987 3386 2252 3458 quodam

607 3485 781 3552 atque
797 3483 1091 3551 apparatu
1105 3478 1181 3532 ab
1195 3478 1325 3548 ipso
1339 3475 1704 3546 corrupta,id
1718 3475 1884 3547 quod
1901 3490 2254 3546 germanum

605 3574 732 3626 erat
769 3570 829 3624 in
861 3567 1006 3640 ipsis
1031 3565 1400 3635 auctoribus,
1429 3580 1498 3620 ac
1531 3565 1866 3619 masculum
1886 3565 2212 3620 amiserunt
2241 3581 2252 3620 ;

605 3662 862 3732 suntque
892 3656 963 3711 iis
989 3654 1208 3711 similia
1225 3654 1593 3726 compositis,
1621 3668 1755 3724 quae
1777 3655 2023 3725 quidem
2044 3661 2259 3711 natura

605 3749 854 3821 optima,
897 3745 975 3802 ob
1006 3744 1124 3800 cibi
1157 3751 1355 3799 tamen
1387 3741 1699 3815 victusque
1730 3744 2044 3808 rationem,
2073 3743 2256 3813 illegi-

604 3839 816 3896 timum
849 3835 1016 3908 quid,
1040 3841 1092 3890 et
1125 3833 1470 3904 improbum
1491 3848 1610 3904 prae
1634 3848 1694 3886 se
1722 3833 1933 3887 ferunt.
1961 3832 2255 3888 Verumta-

605 3944 744 3984 men
792 3929 851 3981 in
883 3927 995 3980 hoc
1035 3925 1166 3995 ipso
1209 3922 1358 3976 libro
1409 3926 1754 3977 sanctorum
1811 3924 2044 3976 Patrum
2101 3923 2258 3978 dicta

605 4016 866 4086 colligit:
904 4020 965 4069 ut
1003 4012 1261 4082 Gregorii
1298 4017 1698 4080 cognomento
1729 4009 2031 4080 Theologi,
2073 4017 2129 4066 et
2160 4014 2257 4068 Ba-

2367 3125 2524 3185 σωζει
2576 3127 2665 3195 μὲν
2713 3133 2810 3173 τών
2890 3125 3085 3192 φύντων
3147 3125 3228 3172 τὸν
3280 3131 3626 3196 χαρακτῆρα,
3677 3120 3793 3176 πλήν
3841 3120 3930 3167 ἔστι

2363 3213 2512 3265 καὶᾶ
2541 3219 2600 3284 τῇ
2647 3213 2901 3283 μοχθηρᾲ
2945 3211 3066 3284 παρ’
3121 3210 3280 3262 αὐτού
3337 3208 3520 3284 διαίτη
3579 3215 3666 3262 καὶ
3709 3205 3928 3260 διασκενὲ

2365 3302 2626 3373 τοῦλόγου
2668 3303 2724 3351 τὸ
2781 3307 3009 3369 γενναῖον
3075 3305 3164 3351 καὶ
3230 3298 3528 3374 ἀρρενωπὸν
3577 3309 3671 3351 τῶν
3719 3312 3931 3368 γεννησα·

2363 3397 2524 3464 μένων
2574 3387 2882 3441 ἀπεϐάλλετο
2951 3391 3018 3452 ³9,
3106 3394 3195 3440 καὶ
3261 3391 3406 3442 ἔστιν
3481 3391 3652 3462 ὥσπερ
3726 3385 3933 3445 σύνθετα,

2367 3485 2497 3552 φυὴν
2527 3483 2614 3547 μὲν
2647 3480 2862 3550 ἄριστα,
2910 3485 3068 3551 τροφῇ
3129 3473 3187 3529 δὲ
3216 3483 3308 3531 καὶ
3361 3476 3545 3551 διαίτη
3606 3481 3662 3530 τό
3707 3477 3837 3526 νόθον
3865 3476 3936 3520 καὶ

2366 3570 2639 3641 μοχθηρὸν
2689 3569 3054 3638 ὑποφαίνοντα.
3110 3566 3249 3624 Πλήν
3311 3566 3425 3619 ἀλλ’
3479 3570 3528 3619 ἓν
3580 3585 3638 3638 γε
3692 3565 3836 3632 τούτῳ
3880 3566 3938 3627 τῷ

2365 3658 2500 3729 λόγῳ
2526 3662 2613 3708 καὶ
2649 3660 2885 3728 Πατέρων
2910 3656 3087 3728 ῥήσεις
3129 3662 3441 3730 παραφέρει,
3477 3665 3571 3708 τοῦ
3624 3673 3675 3706 τε
3717 3651 3939 3718 Θεολογου

2369 3750 2656 3822 Γρηγορίου
2697 3749 2785 3796 καὶ
2838 3753 2930 3794 τοῦ
2980 3743 3204 3814 μεγάλου
3267 3745 3546 3797 Βασιλείου
3580 3745 3868 3798 ’Δθανασίου
3897 3754 3939 3786 τε

2365 3845 2454 3889 τοῦ
2502 3834 2794 3887 πολυάθλου
2852 3838 2940 3883 καὶ
3010 3839 3101 3884 τοῦ
3168 3831 3215 3882 ἕν
3254 3833 3432 3903 ἁγίοις
3515 3831 3802 3907 Κυρίλλου·
3852 3825 3940 3876 ἀλλ’

2367 3923 2517 3978 οὐδὲν
2549 3924 2687 3993 αὐτῷ
2720 3922 3046 3975 συντελουσιν
3084 3918 3199 3974 οὐδ’
3247 3921 3409 3975 αὗται
3468 3924 3542 3984 εἰς
3593 3927 3677 3974 τὸν
3710 3921 3940 3994 προκείμε·

2367 4034 2448 4067 νον
2488 4018 2576 4064 καὶ
2603 4010 2917 4072 ήσεϐημένον
2952 4015 3162 4062 σκοπόν.

601 4106 714 4162 silii
744 4104 956 4174 Magni,
987 4100 1299 4157 Athanasii
1323 4101 1461 4156 item
1489 4099 1642 4154 illius
1671 4100 1846 4154 variis
1878 4098 2049 4155 malis
2079 4106 2337 4174 exerciti,
2363 4120 2451 4161 ac.
2479 4103 2542 4156 Β.
2569 4100 2788 4172 Cyrilli,
2821 4115 2955 4171 quae
2993 4107 3189 4155 tamen
3207 4116 3458 4156 causam
3489 4101 3679 4174 ipsius
3703 4096 3936 4169 impiam,

605 4209 782 4266 quam
814 4191 999 4246 habet
1034 4187 1427 4261 propositam,
1464 4187 1706 4242 minime
1741 4195 2155 4258 promoveant.

1312 4275 1535 4331 LXXVI.

1312 4278 1398 4330 LX
1450 4278 1535 4331 Vl.

679 4371 774 4427 Fl.
801 4278 1484 4437 JosephiAntiquitatzfm
1506 4363 1882 4421 Judaicarum
1907 4366 2047 4422 libri
2067 4384 2164 4423 xx.

683 4512 959 4584 Legimus
994 4507 1175 4566 Flavii
1203 4505 1440 4578 Iosephi
1469 4506 1742 4562 Judaicw
1781 4509 2160 4580 antiquitatis
2186 4511 2260 4568 li-

3100 4276 3242 4358 Ος¹’.

3020 4364 3320 4447 Ἰουὸαξκῆς

3065 4457 3151 4508 γοι
3179 4457 3244 4492 κ.

2443 4511 2535 4584 [98
2568 4510 2660 4583 ΙΙ.]
2700 4511 3022 4581 ’Λνεγνώσθη
3073 4503 3297 4561 ᾧλαϐίου
3357 4509 3630 4570 Ἰωσήπου
3683 4503 3954 4565 Ἰονδαῐκής

2369 4367 2590 4423 Φλαϐίου
2674 4368 2932 4424 Ἰωσήπου
3020 4364 3320 4441 Ἰουὸαξκῆς
3433 4366 3813 4441 ἀρχαιολογίας
3883 4360 3950 4410 λο-

1953 4633 2188 4690 VARl/E
2227 4637 2633 4693 LECTIONES.

686 4741 728 4774 ³1
761 4735 924 4810 λόγῴ]
970 4734 1127 4788 αὐτοῦ
1179 4731 1311 4810 λόγῳ
1366 4751 1422 4796 ς’.
1501 4734 1542 4771 ³⁸
1596 4734 1685 4782 καὶ
1731 4732 1977 4793 θεότητας
2030 4733 2170 4788 add.
2232 4737 2297 4789 A.
2377 4735 2422 4770 ³³
2485 4737 2797 4805 καταχίεται
2855 4754 2911 4796 ς’.
2989 4734 3036 4767 ³⁸
3086 4735 3154 4795 ὡς
3201 4736 3364 4810 οἴεται
3430 4742 3474 4788 Α
3538 4735 3934 4810 επροσοίεταις

931 4808 1028 4880 ἐστὶ
1075 4812 1199 4880 τοῖς.
1243 4803 1647 4880 ἐπιχειρήμασιν
1705 4806 1751 4856 Α
1791 4819 1822 4880 νς
1867 4806 2071 4880 ⁵τούτων
2125 4814 2233 4868 τοῖς
2287 4803 2693 4880 ἐπιχειρήμασίν
2745 4805 2882 4856 ἐστιν
2928 4826 2982 4868 ς’.
3062 4805 3108 4840 ³⁸
3151 4803 3489 4880 ὑπεϐάλλετο]
3551 4803 3764 4864 malim
3823 4803 3962 4858 aori-

1783 4877 1827 4908 ³⁹
1855 4874 2131 4930 ansatum
2173 4874 2411 4949 margo,
2434 4874 2634 4934 nescio
2651 4893 2730 4934 an
2758 4881 2932 4932 recte.

611 4812 658 4846 ³⁵
690 4804 1028 4870 τούτοιξέστὶ
1075 4812 1198 4878 τοῖς,
1243 4804 1647 4878 ἐπιχειρήμασιν
1705 4806 1751 4856 Α
1809 4819 1821 4878 ς

609 4889 789 4940 stum.
867 4882 910 4916 ³⁷
939 4879 1052 4931 λίαν
1083 4874 1142 4930 δέ
1181 4873 1336 4928 ἐστιν
1363 4873 1429 4939 ς-.’
1490 4873 1543 4908 ³⁸
1566 4873 1616 4936 ἐς
1649 4895 1702 4938 ς,

2989 4734 3036 4767 ³⁸
3086 4735 3154 4795 ὡς
3201 4736 3364 4786 οἴεται
3430 4742 3474 4788 Α
3538 4735 3881 4795 επροσοίεται
3911 4747 3959 4791 ς.

2169 4975 2404 5032 ΝΟΤΙΕ.

679 5091 796 5162 (68)
824 5082 1203 5162 Lesbon-actis
1228 5079 1368 5162 duas
1384 5078 1660 5162 leguntur
1689 5079 1995 5162 Orationes
2012 5097 2043 5162 γε,
2067 5082 2259 5162 politi:

611 5151 849 5224 ca‘un’a,
876 5158 950 5212 de
971 5155 1128 5211 bello
1154 5152 1453 5224 Corinthio
1479 5167 1492 5217 ;
1549 5151 1734 5224 altera
1767 5151 2142 5224 protreptica,
2182 5155 2256 5209 ad

655 5221 865 5302 tignum
879 5221 1794 5302 cuinLacedzeinoniisJiistoriam
1813 5221 2254 5302 refert'l‘hucyd.

655 5249 865 5302 ugnam
879 5249 1001 5283 cum
1018 5249 1794 5282 Luceuwunuuua.[naturqu
1813 5249 1984 5278 rclurt
2005 5249 2022 5279 ι
2039 5249 2254 5296 uucyu.

608 5249 713 5359 iis.
763 5320 854 5356 vn.
888 5299 1198 5369 Antiquior
1226 5295 1324 5369 hic
1371 5294 1468 5348 Illo
1503 5294 1861 5369 Lesbonacte
1913 5301 2256 5369 est,_quem

613 5376 727 5430 sub
760 5379 1020 5441 Augusto
1041 5364 1462 5441 philosoiihum
1485 5366 1674 5441 egisse
1692 5364 1891 5441 scribit
1914 5364 2151 5424 Suidas.

685 5445 798 5517 (69)
832 5437 1012 5512 Hujus
1037 5437 1283 5495 Joannis
1316 5437 1668 5517 patriarchae
1701 5438 1920 5517 mentio
1975 5445 2064 5517 e_st
2089 5454 2255 5517 supr.

612 5507 750 5573 cod.
779 5507 877 5569 '24.
912 5507 1100 5577 Quem
1126 5507 1402 5564 sanctum
1440 5510 1663 5563 dictum
1698 5515 1842 5580 puta
1897 5523 1968 5580 ex
2000 5507 2258 5566 formula

612 5593 848 5647 tantum
877 5585 1238 5641 Graecorum.
1267 5581 1406 5635 Vide
1428 5580 1492 5633 D.
1530 5581 1657 5634 Bar.
1682 5579 1827 5637 tom.
1863 5579 1971 5634 VII.

708 5661 800 5732 70)
866 5655 985 5709 Ἐπὶ
1058 5658 1153 5714 τῆς
1215 5657 1421 5728 πρώτης
1476 5648 1818 5724 immitem;
1894 5650 2255 5710 Glossarium

2352 5087 2516 5154 vetus
2547 5081 3390 5154 indictioneminterpretatur.
3413 5082 3654 5154 Sup.in
3688 5075 3964 5151 Hesychia

2351 5151 2628 5211 ἑνδεκάτην
2657 5150 2959 5206 ἰνδικτιὼνα
2979 5150 3204 5209 extulit.

2422 5227 2533 5295 (7t)
2567 5226 2710 5300 Hinc
2736 5232 2915 5298 atque
2941 5224 3182 5300 aliunde
3197 5226 3526 5300 merito,_ut
3553 5241 3594 5281 a
3626 5225 3747 5280 ﬁde
3780 5220 3969 5300 Chris-

2353 5298 2514 5351 tiana
2574 5296 2906 5352 abhorrens
2956 5296 3284 5353 traducitur
3331 5312 3368 5352 a
3423 5297 3687 5352 Conone
3718 5300 3776 5351 et
3807 5296 3969 5349 sociis

2350 5385 2483 5438 sup.
2518 5367 2651 5423 cod.
2694 5369 2781 5423 23.

2420 5437 2535 5510 (72)
2590 5443 2658 5492 Τὸ
2716 5439 2764 5491 ἓν
2813 5445 2953 5492 πόσα
3042 5443 3332 5511 σημαίνει,
3390 5438 3802 5511 σμικρολογῶν.
3859 5437 3976 5511 Quo

2349 5507 2467 5564 fere
2497 5507 2676 5566 modo
2703 5514 2866 5581 apud
2894 5507 3159 5567 Cassiod.
3195 5512 3254 5565 in
3285 5510 3404 5565 vita
3423 5507 3492 5563 Β.
3525 5507 3856 5581 Chrysost.
3910 5507 3977 5559 le-

2349 5581 2547 5656 gimus
2577 5579 2827 5639 Arianos
2869 5584 3168 5656 cecinisse.
3199 5601 3230 5635 ιι
3263 5581 3369 5639 Ubi
3408 5588 3579 5650 sunt,
3646 5579 3752 5656 qui
3782 5579 3985 5637 dicunt

2350 5652 2461 5710 tria
2493 5653 2703 5712 virtute
2736 5670 2923 5711 unum
2944 5654 2972 5710 ?
3013 5673 3045 5706 ν
