4036 6214
596 326 700 383 ΞΒ

1833 323 2071 381 PHOTII
2103 320 2590 379 PATRIARCH/E
2616 322 2726 379 (ΣΡ.
3811 330 3902 386 ﬂii

602 450 895 508 multuari
925 453 1115 525 erepit,
1144 452 1343 509 melius
1369 467 1499 507 esse
1530 454 1656 507 rata
1676 450 1896 506 multos
1919 448 2096 504 simul
2122 448 2251 504 etin

2369 449 2658 521 Ἀγρίππα,
2715 448 3019 521 ἐπετρόπευε
3072 447 3129 503 δε
3186 460 3273 511 τῆς
3320 455 3494 524 Συρίας
3546 456 3629 503 καὶ
3671 450 3906 517 Ἰουδαίας

595 540 886 606 libertate,
916 557 1100 613 quam
1131 541 1287 598 lente
1326 558 1395 596 ac
1427 539 1735 614 paulatim,
1769 545 1824 594 et
1880 540 1937 593 in
1979 537 2255 592 servitute

598 630 918 701 exstingui.
950 630 1144 686 Altero
1182 637 1333 687 certe
1374 630 1735 702 praefecturae
1793 627 1963 690 Flori,
2012 626 2255 682 Neronis

598 733 733 773 vero
756 720 990 776 decimo
1017 735 1195 785 anno,
1214 719 1434 775 bellum
1462 718 1674 788 agitari
1703 722 1980 789 coeptum,
2000 715 2255 786 ﬁnisque

598 810 690 863 est
712 808 955 881 Josepbi
990 809 1289 866 Historiae:
1326 809 1400 864 de
1428 809 1601 879 cujus
1628 807 1779 879 stylo
1832 822 2011 877 supra
2058 804 2253 859 dicere

600 912 869 955 memmi.

2368 541 2541 597 Γέσιος
2599 537 2818 613 Φλῶρος,
2871 538 3108 594 Ἀλϐίνου
3160 537 3433 612 διάδοχος
3493 540 3550 591 οὗ
3593 546 3679 598 τὴν
3715 562 3909 617 κακουρο

2364 631 2484 696 γίαν
2532 631 2620 678 καὶ
2678 629 2926 700 ὠμότητα
2976 632 3035 681 τὸ
3084 626 3352 682 Ἰουδαίων
3412 631 3541 689 ἔθνος
3592 631 3645 681 οὗ
3711 635 3910 704 φέροντες

2366 714 2707 777 ἐστασίασαν,
2787 718 2875 789 [99
2940 719 3029 789 Η.]
3090 727 3330 793 κρεῖσσον
3387 720 3694 790 ἡγησάμενοι
3752 719 3911 792 ἀθρόον

2364 808 2453 856 xui
2507 809 2598 856 σὺν
2658 804 2917 881 ἐλευθερίᾳ
2976 811 3005 867 ἦ
3076 808 3187 860 κατ’
3244 807 3410 878 ὀλίγον
3458 814 3543 859 καὶ
3599 812 3686 859 σὺν
3733 805 3914 881 δουλεία

2368 889 2673 946 ἀπολέσθαι.
2708 899 2948 970 Δεύτερον
3000 893 3049 948 δ’
3107 893 3165 955 ἦν
3210 898 3256 931 ⁵⁵
3303 899 3408 957 ἔτος
3462 905 3552 957 τῆς
3595 897 3783 965 Φλώρου
3827 898 3915 950 ἐπι-

598 995 819 1059 τροπῆς,
854 983 1149 1041 δωδέκατον
1191 985 1249 1040 δὲ
1301 997 1390 1048 τῆς
1440 991 1672 1061 Νέρωνος
1725 985 1920 1060 ἀρχῆς,
1953 985 2034 1036 ὅτε
2087 980 2362 1052 ὀπόλεμος
2416 980 2667 1055 ἐλάμϐανε
2701 989 2926 1044 κίνησινο
2962 985 3011 1037 ἐν
3054 986 3128 1048 οἷς
3160 990 3248 1037 καὶ
3291 982 3382 1048 τῆς
3426 988 3650 1060 ἱστορίας
3680 990 3734 1037 τὸ
3762 991 3913 1061 πέρας.

601 1076 726 1135 Οἵος
760 1072 818 1127 δε
845 1080 937 1135 τὴν
979 1078 1167 1150 φράσιν
1195 1075 1354 1139 ἐστὶν,
1390 1077 1674 1151 ἔμπροσθεν
1711 1078 1933 1149 εἴρηται.

677 1165 872 1219 Genus
892 1164 971 1219 illi
997 1166 1330 1231 Iudaicum,
1362 1172 1419 1220 et
1450 1164 1732 1220 sacerdos
1752 1160 2092 1235 ipse,patris
2113 1174 2258 1232 quo-

602 1271 715 1325 que
743 1255 986 1326 stirpem
1036 1270 1066 1310 e
1097 1254 1510 1310 sacerdotibus
1560 1255 1738 1323 longa
1771 1253 2069 1323 majorum
2112 1250 2257 1304 serie

608 1343 905 1399 ducebat:
933 1358 1075 1400 nam
1108 1349 1298 1399 mater
1327 1344 1467 1414 regii
1526 1343 1834 1411 sanguinis
1868 1342 1970 1396 fuit
2002 1356 2073 1395 ex
2121 1340 2261 1393 Asa-

615 1448 982 1489 monteorum
1018 1433 1117 1488 illa
1145 1432 1367 1499 sobole,
1396 1449 1530 1506 quae
1558 1433 1891 1488 diutissime
1948 1432 2098 1485 inter
2126 1444 2263 1483 con-

608 1520 859 1577 tribules
894 1522 1225 1578 sacerdotio
1256 1523 1442 1595 potita
1472 1537 1732 1590 summo,
1762 1528 1817 1577 et
1846 1536 2051 1589 regno.
2086 1523 2265 1574 Natus

609 1625 747 1680 ergo
768 1611 1062 1683 Iosephus
1092 1628 1163 1667 ex
1195 1611 1292 1667 illa
1324 1617 1534 1676 matre,
1560 1617 1615 1666 et
1643 1610 1902 1674 Matthia,
1924 1609 2076 1683 53b
2104 1624 2263 1663 anno

603 1702 802 1773 primo
833 1700 951 1756 Caii
986 1703 1235 1757 Romani
1261 1700 1793 1774 imperatoris,jam
1823 1700 1959 1755 inde
1983 1715 2018 1754 a
2050 1697 2264 1753 teneris

2441 1158 2595 1212 Ἐστι
2629 1158 2686 1213 δὲ
2726 1164 2825 1214 6⁵⁸
2879 1164 3131 1223 Ἰώσηπος
3170 1167 3313 1233 γένος
3358 1166 3444 1235 μὲν
3480 1159 3743 1223 Ἰουδαιοῖς
3787 1166 3920 1237 ἱερεὺς

2370 1255 2459 1301 καὶ
2516 1250 2569 1311 ἐξ
2619 1253 2787 1324 ἱερέων
2835 1256 2897 1304 τὰ
2947 1255 3075 1327 πρὸς
3124 1256 3319 1327 πατρός
3366 1253 3552 1304 ἄνωθεν
3596 1257 3919 1324 καταγόμενος,

2372 1338 2425 1391 ἐκ
2476 1338 2746 1412 βασιλείου
2795 1339 2853 1393 δε
2880 1344 2923 1377 ⁸⁷
2960 1342 3117 1414 φυλῆς
3156 1344 3256 1393 ὑπὸ
3313 1350 3406 1403 τῆς
3454 1345 3662 1415 μητρός·
3706 1351 3793 1393 τῶν
3839 1345 3920 1414 γὰρ

2371 1428 2735 1500 Ἀσαμωναίου
2792 1428 3011 1495 παίδων,
3068 1433 3117 1483 οἱ
3174 1429 3256 1482 ἐπὶ
3314 1435 3629 1504 μακρότατον
3674 1439 3761 1482 τῶν
3824 1433 3923 1502 όμο-

2373 1518 2538 1590 φύλων
2594 1523 2892 1594 ίεροίτευσάν
2951 1540 3002 1572 τε
3050 1525 3137 1572 καὶ
3190 1520 3602 1584 ἑϐασίλευσαν,ἡ
3654 1526 3923 1591 γεννησαμέ-

2372 1628 2430 1665 νη
2483 1607 2754 1679 ἀπόγονος.
2817 1615 3017 1662 Γίνεται
3080 1607 3147 1668 δὴ
3202 1612 3248 1645 ⁵⁸
3299 1610 3351 1673 ἐξ
3407 1610 3561 1670 αὐτῆς
3609 1614 3688 1661 καὶ
3721 1611 3924 1663 Ματθίου

2373 1700 2507 1749 κατά
2559 1703 2615 1750 τό
2690 1708 2889 1774 πρῶτον
2946 1700 3049 1760 ἐτος
3103 1710 3192 1761 τῆς
3251 1702 3405 1752 Γαίου
3470 1700 3718 1770 Ῥωμαίων
3768 1702 3922 1769 ἡγεμο-

604 1790 941 1862 unguiculis
964 1790 1356 1863 pbi1030pbias
1381 1790 1594 1847 studiis
1626 1806 1753 1845 sese
1772 1789 2259 1845 dedidit.Annum

2372 1792 2483 1848 νίας
2531 1788 2807 1854 Ἰώσηπος,
2859 1788 2913 1840 ἐκ
2965 1794 3075 1850 νέας
3138 1794 3226 1862 μὶν
3279 1788 3575 1860 φιλολογῶν
3632 1794 3739 1863 περὶ
3787 1785 3837 1840 δι
3880 1792 3925 1839 τό

606 1879 820 1936 deinde
847 1880 1142 1951 attingens
1156 1885 1386 1935 sextum
1405 1880 2006 1945 decimum,animum
2024 1892 2265 1949 quoque

617 1970 690 2026 ad
713 1969 1051 2024 Judasorum
1076 1974 1267 2023 sectas
1285 1968 1514 2041 appulit
1534 1970 1670 2039 (tres
1699 1970 1809 2038 (76)
1838 1973 2035 2022 autem
2061 1982 2264 2021 nume-

606 2059 840 2128 rantur)
858 2071 1192 2128 omnesque
1223 2072 1446 2126 magno
1478 2056 1666 2112 animi
1690 2056 1883 2111 studio
1914 2058 2265 2127 persecutus

609 2151 788 2213 est,ut
804 2144 1075 2200 omnium
1089 2150 1263 2215 capto
1278 2144 2002 2216 experimento,0ptimam
2024 2141 2263 2197 tandem

610 2233 1087 2306 amplecteretur.
1118 2238 1304 2305 Atque
1336 2234 1429 2288 hae
1460 2233 1579 2288 fere
1612 2239 1787 2288 sectae
1821 2230 2260 2293 illmszarismi,

610 2321 921 2379 Sadducaai
952 2328 1007 2377 et
1040 2324 1245 2377 Esseni
1278 2322 1580 2393 (77).Ouas
1612 2339 1747 2377 cum
1782 2320 2261 2394 percurrisset,in

612 2411 986 2468 solitudinem
1002 2411 1446 2484 secedit,ibique
1460 2412 1585 2467 viro
1600 2416 1715 2467 tres
1729 2427 1921 2466 annos
1938 2411 2112 2465 utitur
2128 2409 2260 2479 (78),

610 2502 711 2574 qui
732 2500 1057 2556 solitariam
1075 2501 1393 2556 eratvitam
1409 2506 1635 2557 austere
1651 2502 1868 2574 pridem
1889 2500 2259 2571 complexus,

610 2590 707 2646 cui
739 2590 1159 2645 vestimentum
1192 2589 1481 2645 arborum
1532 2590 1691 2656 folia,
1734 2589 2081 2645 alimentum
2125 2606 2261 2646 vero

609 2679 810 2737 herba:
851 2683 1061 2751 sponte
1084 2684 1238 2735 natae
1265 2679 1650 2751 praebebant:
1685 2686 1741 2737 et
1772 2680 1987 2750 frigida
2018 2681 2262 2752 insuper

612 2772 835 2841 sapius
861 2768 1113 2825 interdiu
1154 2774 1456 2842 noctuque
1483 2768 1738 2833 lavabat,
1771 2770 2040 2843 puritatis
2067 2772 2257 2825 conti-

609 2858 944 2930 nentiaeque
979 2858 1183 2928 gratia.
1228 2858 1370 2913 Hinc
1412 2860 1485 2913 ad
1528 2859 2038 2914 undevicesimum
2072 2859 2258 2914 aetatis

610 2962 836 3003 annum
867 2946 1076 3002 urbem
1121 2946 1371 3018 repetiit,
1406 2947 1842 3004 Pharisaeorum
1877 2949 2256 3019 potissimum

610 3036 882 3091 hazresim
907 3041 1355 3108 secutus,quam
1380 3038 1430 3092 ei
1448 3037 1564 3092 fere
1596 3037 1849 3092 similem
1874 3037 2098 3093 faciunt
2123 3040 2255 3106 (79),

2373 1873 2737 1929 ἑκκαιδέκατον
2794 1881 2905 1940 ἔτος
2959 1884 3181 1950 γεγονὼς
3242 1878 3451 1931 ἐπέϐαλε
3511 1882 3597 1929 καὶ
3656 1886 3757 1937 ταῖς
3808 1880 3927 1950 παρὰ

2372 1963 2655 2029 Ἰουδαίοις
2690 1970 2923 2040 αἱρέσεσι
2949 1974 3102 2041 (τρεῖς
3153 1964 3207 2019 δ’
3260 1967 3387 2036 εἰσι)
3415 1971 3503 2018 καὶ
3546 1969 3712 2027 πασας
3748 1966 3929 2025 εὐτόνως

2372 2061 2550 2128 μετῄει
2589 2059 2713 2129 ὑπὲρ
2767 2064 2855 2109 τοῦ
2906 2066 3086 2109 πασῶν
3132 2064 3315 2130 πεῖραν
3369 2056 3611 2128 εἰληφότα
3646 2056 3829 2107 ἑλέσθαι
3853 2059 3928 2112 τὴν

2373 2145 2581 2214 ἀμείνω.
2630 2147 2745 2198 Εἰσὶ
2796 2143 2846 2198 δ’
2909 2150 2962 2198 ui
3019 2149 3245 2220 αἱρέσεις
3298 2153 3576 2218 Φαρισαῖοι
3620 2141 3928 2197 Σαδδουκαῖοι

2370 2239 2459 2286 καὶ
2514 2235 2774 2293 Ἐσσηνοί·
2827 2236 2888 2296 ἀς
2970 2232 3182 2287 διελθὼν
3236 2236 3424 2298 ἔξεισιν
3478 2235 3558 2287 ἐπὶ
3614 2238 3701 2291 τὴν
3751 2236 3926 2307 ἔρημον,

2370 2321 2520 2375 κάκεῖ
2598 2320 2953 2396 συνδιατρίϐει
3050 2322 3304 2394 ἀνθρώπῳ
3381 2329 3477 2375 τινὶ
3565 2326 3646 2374 τόν
3720 2320 3927 2395 ἐρημικόν

2372 2411 2611 2464 ἀθλοῦντι
2642 2410 2758 2485 βίον
2791 2412 2875 2464 ἐπὶ
2907 2414 2992 2469 ἔτη
3024 2417 3163 2482 τρία.
3197 2412 3294 2465 Ἦν
3337 2408 3395 2464 δὲ
3425 2420 3493 2483 τῷ
3539 2410 3772 2484 ἀνθρώπῳ
3798 2408 3928 2469 ὶσθὴς

2368 2504 2457 2573 μὲν
2488 2501 2541 2552 ἐκ
2573 2497 2821 2573 δένδρων,
2862 2505 2946 2553 xui
2983 2505 3143 2575 τροφή
3196 2510 3295 2552 τῶν
3339 2501 3606 2573 αὐτοφυῶν
3647 2501 3698 2550 αἱ
3724 2498 3927 2570 βοτάναι,

2368 2597 2454 2642 καὶ
2471 2591 2691 2662 ψυχροῦ
2710 2587 2905 2652 ὓδατος
2924 2590 3135 2663 λουτρόν
3162 2589 3407 2650 πολλάκις
3437 2595 3524 2641 καὶ
3546 2597 3631 2649 τῆς
3660 2590 3835 2660 ἡμέρας
3857 2590 3929 2637 καὶ

2366 2689 2461 2741 τῆς
2502 2684 2682 2740 νυκτὸς
2720 2684 2849 2754 πρὸς
2882 2680 3107 2749 ἁγνείαν.
3141 2681 3371 2732 Ἐκεῖθεν
3404 2684 3519 2752 περὶ
3552 2682 3608 2730 τὸ
3654 2672 3926 2730 ἕννεακαιδέ-

2366 2788 2519 2820 κατον
2551 2768 2655 2830 ἒτος
2687 2767 2917 2821 ἐπάνεισι
2963 2772 3091 2840 πρὸς
3120 2772 3214 2826 τὴν
3263 2768 3413 2820 πόλιν
3448 2772 3540 2825 τὴν
3573 2769 3844 2840 Φαρισαίων
3868 2769 3929 2813 αἱ·

2364 2877 2507 2929 ρεσιν
2537 2862 2786 2931 στέργων,
2814 2861 2873 2916 ἧν
2904 2863 2993 2909 καὶ
3023 2865 3083 2928 τῇ
3139 2857 3262 2929 παρ’
3298 2856 3521 2915 ’Ἕλλησί
3553 2875 3700 2929 φασιν
3730 2857 3771 2890 ⁵⁹
3796 2853 3925 2904 ἔοίκέ·

2364 2968 2447 2998 ναι
2484 2946 2812 3019 ἐπιλεγομένη
2849 2954 3071 3019 Στωῐκῇ.
3115 2942 3240 2999 Εἶτα
3281 2952 3401 3019 περὶ
3440 2951 3498 2998 τὸ
3528 2948 3814 3018 τριακοστόν
3842 2944 3930 2993 ἔτος

2366 3040 2619 3108 πέμπεται
2694 3038 2837 3107 παρά
2884 3044 2982 3087 τῶν
3034 3034 3465 3107 Ἱεροσολυμιτῶν
3514 3044 3609 3088 τῶν
3684 3037 3729 3086 εν
3802 3030 3923 3084 Γαλι-

610 3141 745 3198 qua:
774 3125 933 3198 apud
950 3130 1154 3196 gentes
1168 3126 1360 3181 Stoica
1386 3126 2047 3199 estappellata.Annum
2074 3142 2259 3195 agens

2369 3125 2488 3196 λαίᾳ
2535 3130 2838 3197 προνοὴσων
2890 3126 2957 3159 ⁶⁰·
2998 3123 3173 3197 ἀρχὴν
3217 3127 3319 3197 γὰρ
3379 3132 3617 3200 ταραχῆς
3648 3118 3841 3192 ἐδέχετο
3882 3119 3933 3168 τὰ

615 3220 826 3286 postea
867 3215 1246 3281 tricesimum,
1282 3214 1358 3270 ab
1392 3216 1940 3289 Hierosolymitanis
1994 3217 2070 3272 ad
2112 3216 2259 3273 Gali-

610 3303 779 3359 lzeam
810 3304 1253 3375 procurandam
1278 3304 1544 3360 mittitur.
1573 3307 1705 3361 Jam
1736 3306 1893 3361 enim
1914 3305 2135 3362 turbari
2166 3322 2259 3362 res

612 3398 911 3463 cceperant
938 3393 1304 3461 Iudaeorum,
1335 3394 1658 3468 multisque
1676 3395 1780 3467 ipsi
1805 3395 2010 3465 agitari
2042 3395 2257 3451 tumul-

613 3482 790 3537 tibus.
833 3482 975 3537 Dein
1006 3482 1385 3539 Galilazorum
1427 3485 1639 3539 ductor
1670 3484 2257 3556 creatus,rempubli-

612 3582 744 3622 cam
773 3566 922 3621 bene
945 3567 1437 3637 gessit,etmultas
1452 3568 1768 3641 variasque
1785 3568 2258 3639 aemulorum(80)

613 3657 669 3711 in
693 3654 1002 3728 republica
1026 3656 1503 3713 administranda
1542 3658 1787 3714 insidias
1822 3658 2072 3713 evitavit.
2110 3660 2254 3713 Cum

610 3745 866 3803 inimicis
888 3746 1067 3802 etiam
1101 3745 1470 3802 moderatius
1498 3748 1754 3817 agendo,
1774 3764 1894 3805 non
1924 3764 2057 3804 raro
2084 3748 2257 3803 eosin

612 3849 783 3890 suam
810 3833 1036 3907 redegit
1064 3838 1435 3905 potestatem.
1472 3835 1691 3892 Bellum
1733 3837 1895 3904 item,
1945 3837 2105 3910 quod
2156 3837 2258 3892 ad-

611 3938 821 3980 versus
861 3926 1160 3979 Romanos
1186 3924 1405 3980 invitus
1427 3926 1703 3997 suscepit,
1746 3928 1965 3982 fortiter
1992 3927 2259 3998 Jotapitis

611 4014 905 4069 sustinuit.
936 4013 1110 4069 Vivus
1132 4019 1326 4070 tamen
1357 4014 1414 4070 in
1450 4014 1817 4088 Vespasiani,
1852 4019 2258 4072 Romanorum

611 4104 799 4177 capiis
827 4104 1103 4176 praefecti,
1146 4110 1493 4177 potestatem
1531 4108 1725 4163 venit:
1757 4124 1935 4180 quem
1961 4108 2020 4162 in
2057 4123 2117 4161 se
2149 4108 2257 4162 hu~

611 4209 862 4251 manum
895 4193 1095 4258 sensit,
1127 4209 1196 4249 ac
1227 4195 1663 4266 perbenignum
1686 4197 1814 4269 jam
1848 4204 1994 4261 tum,
2024 4205 2077 4251 et
2129 4212 2261 4251 vero

610 4280 871 4351 amplius
903 4285 1221 4352 postquam
1253 4284 1586 4340 Romanum
1628 4285 1880 4341 obtinuit
1920 4284 2257 4357 imperium:

612 4384 808 4442 neque
836 4367 1031 4425 solum
1056 4368 1220 4424 illum
1240 4370 1417 4426 talem
1444 4377 1714 4443 expertus
1742 4380 1847 4439 est,
1873 4377 1976 4430 sed
2005 4376 2180 4432 etiam
2206 4378 2264 4434 li-

2368 3207 2660 3281 Ἰουδαίων,
2704 3214 2916 3276 πολλαῖς
2989 3213 3226 3276 ἀταξίαις
3282 3212 3395 3273 ἢδη
3486 3212 3927 3282 συναλλοιουμένων.

2370 3301 2493 3358 Εἶτα
2540 3310 2628 3356 καὶ
2674 3307 2964 3377 στρατηγὸς
3019 3312 3117 3354 τῶν
3159 3308 3276 3375 περὶ
3332 3308 3425 3362 τὴν
3473 3302 3735 3355 Γαλιλαίαν
3776 3316 3925 3370 χειροο

2370 3396 2601 3454 τονηθεὶς
2633 3390 2685 3445 εὖ
2726 3412 2779 3445 τε
2826 3396 3063 3465 προῦστη
3098 3393 3140 3427 ⁸³
3173 3400 3264 3444 τοῦ
3299 3394 3494 3456 ἔθνους,
3535 3396 3623 3442 καὶ
3656 3392 3825 3462 μυρίας
3856 3390 3929 3437 καὶ

2370 3482 2749 3543 ποικιλωτάτας
2799 3483 2899 3534 ὑπὸ
2955 3488 3054 3534 τῶν
3107 3477 3630 3553 ἀντιπολιτευομένων
3696 3475 3928 3531 ἐπιϐουλὰς

2370 3574 2602 3633 ὑποστὰς
2674 3569 2799 3644 [169
2868 3570 2955 3641 IL]
3012 3571 3186 3631 πάσας
3239 3569 3471 3641 ἐξέφυγε,
3532 3574 3617 3620 xui
3668 3569 3858 3640 μετρίως
3890 3564 3927 3596 ⁶¹

2370 3669 2478 3722 τοῖς
2508 3660 2719 3734 ἐχθροῖς
2767 3662 2901 3732 ἔχων
2947 3659 3288 3721 υπεξουσίους
3322 3660 3369 3694 ⁸³
3402 3658 3648 3719 πολλάκις
3676 3657 3925 3729 ἐχρήσατο.

2375 3754 2470 3802 Καὶ
2513 3754 2597 3801 τόν
2653 3752 2782 3822 πρός
2837 3748 3121 3821 Ῥωμαίους
3182 3747 3405 3818 πόλεμον
3464 3750 3601 3800 οἴκων
3660 3740 3926 3811 ἀναδεξάμε-

2369 3859 2448 3899 νος
2502 3843 2588 3889 καὶ
2638 3834 2881 3911 ἀνδρείως
2930 3833 3225 3907 διενεγκὼν,
3258 3836 3313 3887 ἐκ
3372 3838 3710 3895 Ἰωταπάτοις
3730 3834 3771 3869 ⁸⁸
3817 3833 3928 3899 ὅμως

2372 3929 2601 4002 ζωγρείᾳ
2675 3928 2720 3963 ⁸⁵
2795 3926 3175 3995 Οὐεσπασιανῷ
3245 3931 3496 3995 Ρωμαίων
3576 3930 3687 3977 τότε
3775 3936 3928 3992 στρατ-

2372 4025 2584 4089 ηγοῦντι
2613 4015 2899 4068 ἁλίσκεται.
2948 4010 3072 4067 Εἶτα
3102 4016 3356 4085 τυγχάνει
3407 4014 3520 4067 λίαν
3553 4014 3774 4086 εὐμενοῦς
3799 4012 3928 4061 αὑτοῦ

2373 4112 2486 4159 τότε
2547 4125 2598 4157 τε
2657 4106 2703 4139 ⁸⁸
2747 4109 2835 4156 καὶ
2892 4102 2974 4155 ἐπὶ
3024 4103 3173 4156 πλέον
3244 4103 3513 4175 Ῥωμαίων
3567 4103 3815 4176 ἄρξαντος,
3857 4094 3928 4146 οὐκ

2375 4197 2533 4249 αὐτου
2567 4193 2623 4247 δὲ
2672 4200 2828 4268 μόνου
2860 4193 2988 4246 ἀλλά
3038 4199 3127 4245 καὶ
3165 4202 3262 4245 τῶν
3308 4190 3518 4246 παίδων
3568 4198 3717 4245 Τίτου
3746 4193 3823 4241 καὶ
3858 4193 3928 4238 Ao-

2375 4293 2614 4356 μετιανοῠ
2638 4284 2691 4337 ἐκ
2715 4281 2985 4355 διαδοχῆς
3016 4284 3057 4318 σῖ
3087 4282 3559 4356 βεϐασιλευκοτων,
3596 4286 3661 4343 ὡς
3687 4285 3769 4331 καὶ
3805 4272 3928 4335 τῆςθ⁸

2371 4373 2662 4448 Ῥωμαῖκῆς
2711 4381 2892 4445 τυχεῖν
2946 4372 3201 4432 πολιτείας
3258 4376 3349 4424 καὶ
3397 4374 3602 4425 πάντων
3657 4371 3703 4422 ἐν
3754 4366 3935 4439 ἀφθονίᾳ

610 4457 787 4515 beros
836 4457 965 4529 ejus
1032 4459 1213 4514 Titum
1271 4474 1341 4514 ac
1386 4460 1796 4529 Domitianum,
1848 4466 1947 4535 qui
1998 4468 2259 4537 parentis

2378 4474 2721 4524 καταστῆναι.
2782 4463 3113 4537 Ἀπηρτίσθη
3194 4463 3223 4519 ἡ
3287 4464 3332 4496 ⁶⁹
3386 4463 3597 4534 ἱστορία
3646 4458 3722 4523 νς¹
3785 4458 3934 4524 ἄγοντι

1946 4616 2182 4673 νΑΒυΕ
2224 4618 2623 4676 LECTIONES.

683 4775 729 4808 ⁵⁵
754 4770 805 4826 δ’
832 4770 891 4833 ἦν
1001 4770 1105 4832 τδή
1137 4796 1192 4838 ς.
1227 4775 1274 4809 ⁵⁸
1301 4774 1327 4825 ό
1365 4773 1505 4830 add.
1535 4776 1602 4829 A.
1645 4777 1689 4811 ⁸⁷
1725 4775 1780 4828 ἐκ
1812 4774 1942 4848 βασ.
1979 4800 2031 4842 ς’.
2112 4780 2158 4814 ⁵⁸
2184 4776 2249 4837 δὴ
2280 4786 2318 4833 Δ
2356 4798 2368 4834 ;
2403 4775 2470 4837 δὴ
2498 4776 2584 4830 οὖν
2620 4800 2670 4842 ς.
2750 4778 2797 4812 ⁵⁸
2823 4776 3001 4847 φασιν]
3031 4775 3231 4830 malim
3266 4795 3442 4848 φησιν.
3480 4776 3552 4831 cf.
3586 4771 3815 4848 Joseph;
3838 4765 3930 4848 vii

611 4845 645 4899 2
674 4850 823 4901 extr.
934 4847 981 4882 ⁸ο
1011 4850 1426 4919 προνοησόμενος
1476 4868 1530 4910 ς’.
1666 4850 1709 4884 ⁶¹
1745 4845 1971 4919 προέστη
2004 4872 2057 4913 ς’.

611 4919 949 5061 ἷμπῗτὲιςος.
1032 4920 1076 4954 ⁸⁵
1110 4918 1332 4993 ζωγρείᾳ
1379 4934 1529 4975 corr.
1563 4919 1607 4973 A
1636 4937 1647 4973 :
1684 4918 1911 4993 ζωγρίαν
1942 4944 1994 4987 ς.

691 5009 717 5046 Ω
815 5007 835 5041 τ
862 5007 891 5046 η
927 5008 983 5053 ς’.

2199 4853 2245 4887 ⁸³
2276 4855 2482 4923 μέτριον
2515 4858 2575 4904 Α.

2076 4924 2122 4957 ⁸⁸
2162 4928 2277 4976 τότε
2308 4942 2359 4976 τε
2387 4930 2424 4976 Α
2462 4941 2474 4978 :
2509 4942 2561 4976 τε
2593 4926 2705 4973 τότε
2738 4942 2790 4984 ς’.

2717 4851 2761 4883 ⁵³
2794 4842 3118 4909 ὑᾶτεξουσίως
3150 4849 3213 4911 Α,
3248 4842 3581 4911 ὕπεξουσίοις
3614 4868 3665 4911 ς’.
3724 4842 3736 4844 ⁷
3798 4844 3839 4875 δ’
3869 4842 3938 4888 ἱα-

2872 4921 2917 4954 "
2948 4923 3081 4972 κατά
3114 4914 3384 4991 διαδοχὴν
3419 4941 3475 4983 ς.
3554 4919 3599 4954 ⁸⁸
3632 4924 3723 4976 τῆς
3745 4928 3853 4969 om.
3880 4911 3933 4962 A.

2172 5154 2401 5212 NOTAE.

678 5304 798 5375 (76)
844 5305 923 5359 De
975 5303 1190 5376 quibus
1230 5304 1469 5376 copiose
1524 5306 1586 5360 D.
1620 5307 1832 5361 Baron.
1867 5305 2031 5360 card.
2092 5305 2259 5362 initio

609 5378 754 5431 tom.
790 5376 809 5428 1
850 5376 1076 5432 Annal.
1108 5376 1307 5433 eccles.
1368 5379 1427 5431 Et
1489 5383 1690 5433 noster
1716 5376 1897 5433 Nico].
1962 5378 2259 5434 Serrarius

607 5445 893 5519 singulari
915 5447 1476 5519 suoiTribaeresium
1517 5449 1829 5519 opusculo.

681 5517 792 5587 (77)
828 5517 969 5573 Vide
1000 5518 1304 5574 Philonem
1345 5517 1619 5575 Judaauin
1686 5519 1783 5574 lib.
1851 5520 2018 5585 Quod
2070 5520 2258 5577 omnis

599 5588 821 5659 probus
855 5588 1021 5659 liber,
1053 5590 1111 5644 in
1138 5590 1294 5644 med.
1320 5595 1375 5645 et
1395 5590 1497 5645 lib.
1544 5593 1623 5647 De
1641 5592 2256 5659 vilacontemplativa,

607 5662 748 5716 toto.
799 5658 961 5716 Suid.
1032 5676 1273 5733 quoque
1351 5663 1586 5718 vocibus
1645 5663 1885 5715 Ἐσσαῖοι
1952 5658 2009 5719 et
2092 5670 2255 5737 Φαρι-

608 5737 748 5785 σαῖοι

2436 5306 2547 5376 (78)
2580 5304 2682 5361 Cui
2736 5319 2956 5359 nomen
3016 5304 3205 5372 Bano,
3256 5305 3402 5358 teste
3435 5300 3699 5372 Josepho
3746 5298 3837 5353 lib.
3876 5294 3941 5346 De

2366 5379 2485 5434 vita
2524 5393 2644 5440 sua,
2688 5376 2876 5432 initio.
3021 5444 3050 5446 ﬂ
3365 5442 3377 5446 Α
3728 5439 3813 5446 ___

2437 5450 2547 5520 (79)
2578 5437 2721 5503 Hinc
2749 5447 2893 5520 forte
2913 5450 2969 5520 et
3000 5444 3094 5520 illa
3126 5445 3319 5520 Stoica
3344 5442 3634 5520 dogmata
3666 5457 3699 5495 a
3728 5437 3940 5520 Philone

2363 5508 2609 5575 tractata
2635 5518 2883 5587 singulis
2913 5515 3115 5571 libellis
3142 5534 3156 5569 :
3180 5514 3398 5571 Omnes
3424 5508 3642 5582 probos
3670 5528 3790 5566 esse
3816 5508 3941 5561 libe-

2362 5607 2480 5655 ros,
2514 5597 2569 5645 et
2593 5606 2803 5645 omnes
2834 5587 3137 5658 improbos
3168 5603 3294 5641 esse
3327 5603 3550 5658 servos.

2435 5661 2549 5735 (βο)
2582 5662 2641 5717 lu
2674 5661 2894 5735 quibus
2922 5656 3142 5714 llustus
3173 5656 3521 5714 Tiberiensis
3552 5656 3627 5711 de
3658 5668 3774 5728 quo
3808 5662 3928 5719 sup.

2364 5733 2496 5792 cod.
2526 5737 2614 5790 33.
