4036 6214
569 303 671 359 247
1648 298 1661 321 ‘

1792 300 2035 356 PHOTII
2082 297 2569 357 PATHIARCHE
2610 297 2718 354 CP.

3771 312 3859 366 2&8

572 424 972 485 Christianam
998 426 1277 500 pietatem
1304 426 1670 500 petulantius
1702 430 1877 483 antea
1903 430 2217 499 sparserat,

2330 422 2632 492 ίσκέδαζεν,
2670 423 3030 495 ὑποτέμνεται,
3069 421 3197 495 [17⁸2
3249 422 3338 495 8.]
3390 428 3443 478 τὸ
3495 424 3551 479 δε
3595 427 3753 483 λοιπὸν
3789 442 3866 496 τῆς

568 515 841 575 nonnihil
880 516 1193 583 contrahit,
1241 532 1310 573 ac
1351 516 1643 590 reliquum
1688 516 1907 572 deinde
1956 516 2216 572 historias

546 624 788 681 corpus
813 611 1113 680 utcunque
1149 612 1526 676 connectens,
1554 608 1804 671 Novam,
1840 612 1903 662 ut
1930 607 2071 675 dixi,
2100 606 2218 663 edi-

571 699 784 753 tionem
818 695 1103 762 inscribit,
1135 712 1271 768 qua;
1302 695 1691 751 nihilominus
1739 695 1949 750 furoris
1975 695 2130 750 illius
2160 698 2216 750 et

567 785 767 850 rabiei,
801 800 924 857 qua
950 786 1209 857 primum
1238 788 1470 841 tomum
1497 784 1914 857 compleverat,
1948 800 2069 839 non
2100 782 2218 839 exi-

569 889 751 944 guam
782 874 1111 930 etiamnum
1140 880 1372 946 partem
1399 878 1797 946 repraasentat.
1819 872 2104 945 Equidem
2134 873 2218 928 in-

569 962 823 1019 cidimus
890 964 949 1018 in
1005 963 1280 1036 antiquos
1334 964 1641 1035 utriusque
1688 962 1963 1018 editionis
2010 961 2213 1028 libros,

572 1051 819 1107 seorsim
851 1052 929 1108 ab
970 1051 1224 1107 invicem
1255 1052 1474 1107 divisos
1505 1058 1557 1107 et
1595 1055 1962 1124 compactos,
1995 1052 2215 1121 quibus

570 1140 749 1207 lectis,
770 1141 1081 1214 utriusque
1101 1140 1419 1197 discrimen
1450 1140 1971 1213 deprehendimus.
1997 1140 2220 1195 Accidit

571 1232 771 1284 autem
810 1230 870 1283 in
914 1244 1074 1285 nova
1103 1229 1360 1285 editione
1386 1228 1549 1285 locos
1589 1228 1896 1301 plurimos,
1925 1228 2004 1284 ob
2033 1228 2217 1285 dicto-

570 1333 699 1372 rum
736 1316 890 1373 facta
920 1317 1299 1389 compendia,
1330 1316 1582 1373 obscure
1614 1322 1919 1373 truncatos
1960 1332 2108 1382 esse,
2138 1322 2219 1371 ta-

569 1405 739 1461 metsi
765 1404 1208 1478 perspicuitatis
1237 1406 1531 1462 rationem
1562 1411 1767 1461 auctor
1797 1421 2084 1474 magnam
2116 1405 2220 1460 ha-

566 1494 777 1559 buerit,
810 1495 997 1553 nihilo
1026 1500 1229 1552 tamen
1278 1496 1479 1551 minus
1513 1494 1665 1568 54b
1695 1495 1879 1567 (quod
1910 1494 1965 1549 id
1996 1495 2218 1550 factum

2329 521 2635 587 συγγραφῆς
2685 522 2837 584 σῶμα
2889 516 3130 585 συνείρας
3158 516 3287 565 Νέαν
3324 511 3543 580 ἔκδοσιν,
3588 522 3647 579 ὡς
3683 522 3861 591 ἔφημεν,

2326 604 2616 678 ἐπιγράφει,
2663 605 2739 654 ἔτι
2788 601 2949 654 πολ.λά
2998 610 3093 663 τῆς
3142 600 3299 655 έκείσε
3355 604 3547 668 λύσσης
3594 609 3867 679 ὑποφαίνου-

2327 713 2440 746 σαν.
2477 695 2692 764 Ἀμφοῖν
2740 688 2799 743 δὲ
2841 698 2954 752 ταῖς
2999 687 3271 743 ἐκδόσεσιν
3311 691 3355 742 ἓν
3398 693 3623 757 παλαιοῖς
3660 696 3865 768 ἐνετύχοο

2325 802 2413 855 μεν
2454 781 2699 854 βιϐλίοις,
2748 777 2897 841 ἰδίως
2944 780 3185 853 ἑκατέραν
3231 782 3277 815 ⁷⁸
3319 780 3363 832 έν
3412 782 3554 856 έτέρῳ
3600 787 3762 855 τεύχει
3794 792 3867 837 καὶ

2326 871 2476 945 ἑτέρῳ
2510 873 2921 941 συντεταγμένην
2966 890 2977 902 ο
3017 868 3071 931 έξ
3112 870 3177 919 ὧν
3208 870 3372 921 αὐτῶν
3401 876 3487 922 καὶ
3531 877 3616 930 την
3647 870 3866 944 διαφορὰν

2327 960 2687 1027 ἀναλεξάμενοι
2721 962 2960 1031 ἔγνωμεν.
2996 957 3270 1029 Συμϐαίνει
3306 955 3389 1010 οὖν
3422 958 3466 1010 ἐν
3496 968 3553 1032 τῇ
3583 966 3663 1031 νέᾳ
3689 958 3868 1015 ἐκδόσει

2326 1050 2487 1102 πολλά
2516 1058 2612 1101 τὼν
2642 1053 2853 1121 χωρίων
2885 1044 2979 1100 διὰ
2996 1051 3081 1108 τάς
3097 1053 3432 1119 γεγενημένας
3454 1058 3547 1099 τῶν
3570 1051 3725 1123 ῥητῶν
3752 1071 3870 1124 περι-

2326 1140 2491 1199 κοπὰς
2532 1138 2743 1210 ἀσαφῶς
2781 1136 3066 1201 ἐκκεῖσθαι,
3113 1142 3285 1189 καίτοι
3329 1145 3622 1209 φροντιστής
3658 1138 3754 1189 ἔστι
3797 1148 3870 1191 τοῦ

2330 1236 2520 1300 σαφοῦς
2568 1250 2579 1261 ο
2630 1227 2736 1278 ἀλλ’
2782 1230 2881 1298 ὅτῳ
2922 1234 3097 1299 τρόπῳ
3138 1227 3300 1298 λέγειν
3352 1227 3443 1278 οὐκ
3491 1230 3593 1297 ἔχω
3632 1232 3696 1298 μὴ
3735 1228 3875 1288 καλῶς

2327 1320 2462 1369 κατά
2506 1320 2595 1379 τὰς
2640 1319 2925 1389 περικοπὰς
2968 1316 3204 1388 ἁρμόσας
3254 1320 3371 1376 τοὺς
3398 1315 3577 1387 λόγους
3606 1315 3649 1367 έν
3678 1324 3732 1388 τῇ
3770 1313 3875 1369 δευ-

2330 1411 2451 1480 τέρᾳ
2477 1403 2684 1458 ἐκδόσει
2716 1410 2801 1457 τόν
2828 1412 2943 1457 νοῦν
2972 1405 3276 1477 λυμαίνεται
3301 1407 3349 1439 ’³⁷
3380 1413 3476 1457 τῶν
3508 1404 3875 1477 ἀναγινωσκομέ-

2328 1517 2442 1550 νων,
2479 1494 2561 1549 Ἐν
2592 1498 2669 1558 οἷς
2698 1501 2786 1547 καὶ
2820 1499 2877 1546 τὸ
2909 1494 3072 1555 τέλος.

569 1584 644 1640 sit
673 1585 876 1650 modo,
909 1584 1133 1655 nescio)
1165 1600 1287 1642 non
1316 1590 1493 1652 recte,
1525 1601 1647 1657 qua
1689 1584 2046 1656 compendia
2075 1590 2415 1650 occurrunt,
2449 1585 2772 1640 connexuit
2800 1586 3129 1640 orationem
3182 1583 3241 1639 in
3272 1600 3430 1640 nova
3478 1583 3733 1638 editione.
3764 1584 3879 1638 Sen-

570 1689 704 1733 sum
733 1674 891 1731 enim
925 1675 1254 1748 corrumpit
1288 1690 1496 1731 eorum
1536 1690 1671 1746 quae
1697 1674 1772 1729 ibi
1797 1674 2095 1744 leguntur.
2129 1677 2318 1746 Atque
2343 1673 2439 1730 hic
2471 1674 2604 1729 ﬁnis
2630 1678 2775 1729 esto.

1258 1763 1528 1820 LXXVIII.

648 1854 879 1911 Male/ti
900 1852 1185 1923 Sophistas
1214 1853 1562 1923 Byzantina:
1588 1852 1850 1909 Historias
1878 1851 2016 1907 libri
2052 1867 2147 1906 v11.

640 1944 789 1999 Lecti
821 1948 959 1999 sunt
987 1943 1190 1999 Malchi
1224 1943 1337 2012 (83)
1372 1942 1661 2014 Sophistaa
1692 1942 1964 1997 Historia
1993 1943 2223 2011 Byzan-

569 2033 707 2089 tina
753 2031 889 2087 libri
919 2036 1165 2103 septem.
1200 2032 1552 2102 Auspicatur
1580 2031 1658 2086 ab
1688 2047 1753 2085 eo
1787 2036 2070 2101 tempOre,
2098 2047 2219 2103 quo

570 2120 816 2176 morbus
838 2120 1091 2176 Leonem
1123 2121 1233 2192 (84)
1263 2120 1684 2190 imperatorem
1713 2120 1965 2191 septimo
1987 2118 2219 2176 decimo

566 2208 798 2281 imperii
827 2222 987 2265 anno
1012 2209 1300 2265 exstinxit.
1328 2210 1536 2265 Narrat
1562 2209 1742 2279 igitur
1775 2208 2023 2264 Zenonis
2056 2208 2221 2265 inau-

566 2297 964 2368 gurationem,
998 2301 1178 2370 atque
1208 2301 1271 2353 ut
1301 2298 1456 2353 idem
1483 2298 1725 2353 extorris
1754 2296 2005 2369 imperio
2037 2305 2216 2369 atque

566 2388 833 2459 privatus
875 2387 1103 2453 vixerit,
1133 2390 1195 2442 ut
1241 2387 1381 2443 item
1414 2387 1749 2453 Basiliscus,
1780 2386 1860 2442 illi
1909 2386 2213 2457 suffectus,

564 2492 894 2548 purpuram
924 2475 1140 2531 deinde
1171 2477 1449 2548 posuerit.
1484 2479 1613 2533 Mox
1646 2477 1895 2531 Zenonis
1928 2475 2002 2531 ad
2031 2475 2217 2549 impe-

563 2566 721 2621 rium
751 2565 1032 2631 reditum,
1054 2565 1402 2638 caedemque
1428 2565 1557 2637 ejus
1577 2581 1756 2639 quem
1785 2565 1904 2620 dixi
1930 2565 2211 2635 Basilisci,

565 2669 748 2711 uxore
778 2653 957 2710 etiam
984 2669 1053 2710 ac
1082 2653 1306 2721 liberis,
1335 2654 1542 2726 iniqua
1568 2653 1714 2724 lege,
1744 2670 1864 2711 una
1892 2653 2213 2710 trucidatis.

565 2744 875 2799 Armatum
928 2744 1042 2814 (85)
1093 2758 1355 2815 quoque,
1387 2743 1491 2815 qui
1535 2746 1830 2799 Zenonem
1871 2743 2214 2812 reduxerat,

566 2833 824 2890 similem
865 2832 1165 2904 accepisse
1222 2833 1570 2897 mercedem,
1620 2849 1757 2887 cum
1808 2832 1858 2886 is
1911 2832 1989 2887 ab
2039 2833 2218 2888 Onul-

563 2923 687 2996 pho
734 2923 849 2993 (86)
898 2921 1027 2977 neci
1076 2921 1251 2977 datus
1295 2926 1402 2977 est.
1455 2921 1646 2977 Refert
1701 2921 1841 2976 item
1892 2921 2215 2977 Theuderi-

564 3012 659 3069 chi
688 3012 803 3084 (87)
846 3010 1077 3068 Otriarii
1106 3012 1168 3068 F.
1214 3011 1559 3066 seditionem
1593 3029 1605 3066 :
1632 3010 2014 3066 Theuderichi
2045 3011 2222 3066 Mala-

564 3102 697 3159 miri
728 3102 789 3158 F.
810 3100 1154 3165 amicitiam,
1189 3104 1243 3155 et
1290 3115 1427 3155 cum
1461 3100 1559 3155 illo
1593 3099 1777 3156 altero
1817 3098 2220 3155 Theudericho

566 3190 835 3247 bellum:
885 3194 1184 3246 certamen
1232 3189 1411 3245 etiam
1475 3189 1767 3244 adversus
1816 3191 2133 3253 Zenonem,
2166 3193 2222 3243 et

568 3279 843 3337 Marciani
868 3278 1276 3343 rebellionem,
1308 3282 1365 3333 et
1408 3282 1545 3333 ante
1574 3277 1731 3332 hanc
1764 3275 1981 3331 Berinaa
2014 3292 2220 3332 socrus

570 3368 648 3440 [in
667 3368 983 3442 Zenonem]
1004 3367 1271 3432 insidias,
1287 3366 1684 3438 Marcianique
1698 3370 2055 3437 perpetuum
2072 3366 2223 3421 exsi-

568 3458 735 3514 lium.
782 3460 1036 3513 Rursum
1082 3456 1304 3512 Berinaa
1335 3456 1564 3528 priores
1611 3454 1758 3510 Hillo
1786 3458 2029 3527 paratas
2077 3455 2222 3510 insi-

566 3545 700 3602 dias
715 3546 841 3613 (88),
863 3550 1043 3617 utque
1058 3545 1454 3616 Epidamnum
1472 3537 2221 3599 TheuderichusMalamiri

569 3637 627 3691 F.
663 3634 870 3691 fraude
913 3633 1238 3704 occuparit.
1277 3634 1411 3689 Haec
1458 3633 1557 3688 ubi
1589 3632 1805 3699 retulit,
1837 3647 1931 3686 res
1977 3648 2219 3704 quoque

566 3728 972 3781 Romanorum
1005 3724 1267 3793 attingit:
1301 3722 1557 3795 ﬁnisque
1606 3723 1840 3793 septimi
1883 3721 2014 3776 libri
2059 3738 2220 3777 mors

565 3819 651 3870 est
676 3814 928 3887 nepotis,
956 3813 1059 3885 qui
1085 3812 1416 3885 Glycerium
1437 3812 1703 3867 Cmsarea
1732 3815 2009 3883 potestate
2038 3812 2215 3877 exuit,

566 3906 1092 3975 Romanorumque
1140 3902 1356 3958 invasit
1394 3901 1729 3973 imperium,
1765 3906 1821 3955 et
1866 3900 2217 3956 clericorum

566 3994 681 4050 ritu
725 3993 891 4049 illum
941 3996 1266 4060 attonsum,
1308 4007 1416 4063 pro
1459 3990 1816 4063 imperatore
1870 3990 2219 4062 episcopum

566 4082 868 4140 constituit
888 4082 1023 4153 (89),
1046 4098 1080 4138 a
1101 4097 1223 4154 quo
1246 4081 1491 4135 demum
1508 4079 1736 4135 insidiis
1757 4080 1994 4150 petitus,
2016 4079 2211 4149 periit.

567 4171 633 4228 Hi
657 4176 884 4243 septem
902 4170 1293 4227 historiarum
1313 4169 1466 4234 libri,
1483 4170 1663 4225 etiam
1686 4168 2087 4241 praecedentes
2108 4170 2220 4239 (90)

566 4258 763 4335 plures
796 4257 873 4315 ab
902 4274 973 4314 eo
1002 4258 1185 4314 libros
1215 4258 1391 4313 fuisse
1429 4257 1812 4329 conscriptos,
1850 4256 2135 4325 indicant,
2169 4262 2224 4312 et

567 4347 803 4403 initium
834 4346 967 4403 libri
998 4346 1175 4419 primi
1207 4345 1281 4402 de
1312 4351 1535 4419 septem
1568 4345 1727 4402 idem
1766 4345 2043 4402 ostendit.
2078 4345 2221 4411 Quin

568 4438 624 4492 et
652 4434 934 4506 deinceps
964 4435 1272 4493 historiam
1302 4438 1757 4509 persecuturum
1788 4432 1989 4500 fuisse,
2022 4434 2069 4489 si
2096 4434 2221 4490 lon-

2257 1764 2298 1816 B
3067 1763 3194 1819 OII'.

2532 1852 2753 1924 Μάλχου
2796 1859 3048 1924 σοφιστοῦ
3086 1853 3416 1912 Βυζαντιακά
3457 1850 3629 1923 βιϐλία
3665 1848 3723 1911 ζ’.

2400 1941 2725 2011 Ἀνεγνώσθη
2783 1942 3006 2013 Μάλχου
3064 1950 3319 2013 σοφιστοῦ
3370 1942 3684 2001 Βυζαντιακά
3734 1937 3775 1989 έν
3813 1934 3881 2007 βι-

2331 2029 2490 2092 ϐλίοις
2521 2031 2665 2084 ἑπτά.
2714 2030 2972 2105 Ἀρχεται
3016 2034 3105 2102 μὲν
3150 2031 3201 2093 ἐξ
3245 2032 3307 2082 οὗ
3341 2035 3532 2083 Λέοντα
3574 2033 3654 2080 τόν
3693 2025 3885 2099 βασιλέα

2330 2120 2358 2176 ἡ
2392 2124 2541 2179 νόσος
2573 2118 2760 2184 ἐπίεζε,
2798 2122 2963 2191 τούτῳ
3002 2118 3059 2172 δε
3099 2127 3193 2181 τῆς
3235 2118 3506 2192 βασιλείας
3536 2119 3641 2178 ἔτος
3673 2117 3883 2168 ἑπτακαι-

2330 2204 2546 2260 δέκατον
2604 2213 2922 2280 παρετείνετο
2955 2231 2966 2241 ο
3002 2206 3275 2282 διέρχεται
3338 2206 3396 2261 δε
3453 2212 3543 2265 τήν
3586 2226 3637 2258 τε
3683 2210 3885 2261 Ζήνωνος

2329 2295 2635 2371 ἀνάῤῥησιν,
2678 2303 2767 2349 καὶ
2820 2302 2913 2355 τὴν
2958 2300 3228 2369 ὑπερόριον
3280 2306 3378 2360 τῆς
3433 2295 3693 2369 βασιλείου
3748 2289 3883 2353 δόξης

2329 2381 2621 2458 διατριϐὴν,
2654 2392 2743 2439 καὶ
2772 2392 2864 2443 τὴν
2892 2386 3212 2439 Βασιλίσκου
3256 2386 3562 2461 ἀνάρρησιν,
3591 2388 3675 2434 καὶ
3699 2386 3782 2437 τήν
3806 2387 3884 2438 τῆς

2326 2472 2634 2547 ἀλουργίδος
2663 2474 2930 2541 ἀπόθεσιν,
2964 2481 3051 2527 καὶ
3087 2480 3180 2533 τὴν
3210 2479 3295 2528 ἐπὶ
3337 2474 3385 2511 ’⁷⁸
3423 2482 3483 2547 τῇ
3530 2471 3762 2545 βασιλείᾳ
3796 2470 3885 2518 πά-

2324 2564 2400 2615 λιν
2431 2561 2655 2617 κάθοδον
2687 2571 2936 2628 Ζήνωνος,
2980 2570 3073 2622 τήν
3112 2584 3163 2617 τε
3212 2572 3308 2617 τοῦ
3350 2566 3709 2637 προειρημένου
3749 2565 3885 2610 Βασι-

2324 2652 2506 2705 λίσκου
2557 2650 2651 2705 διά
2692 2654 2864 2726 ξίφους
2908 2655 3193 2727 ἀναίρεσιν,
3229 2654 3286 2713 ἧς
3326 2659 3418 2705 καὶ
3458 2656 3585 2723 γυνὴ
3631 2653 3714 2700 καὶ
3757 2650 3885 2697 τέκνα

2327 2746 2608 2813 παρανόμῳ
2660 2748 2829 2814 κρίσει
2890 2743 3254 2800 ἐκοινώνησαν.
3308 2748 3407 2797 Καὶ
3457 2743 3535 2793 ὅτι
3574 2739 3810 2811 Ἀρμάτος
3844 2734 3881 2765 τ’

2328 2832 2352 2881 ό
2410 2836 2615 2889 Ζήνωνα
2667 2834 2904 2902 κατάγων
2953 2834 3194 2892 τοιαύτης
3263 2830 3599 2904 ἀντιμισθίας
3654 2826 3885 2885 ἀπώνατο,

2332 2916 2424 2972 διά
2457 2920 2735 2991 Ὀνούλφου
2777 2923 2823 2955 ⁸ο
2860 2917 3134 2994 δεξάμενος
3172 2926 3265 2979 τὴν
3321 2928 3546 2993 σφαγήν.
3582 2912 3887 2985 Διαλαμϐάνιι

2336 3010 2454 3077 [101
2500 3009 2589 3081 HJ
2626 3006 2683 3061 δὲ
2713 3015 2801 3061 καὶ
2843 3015 2935 3068 τὴν
2973 3006 3305 3084 Θευδερίχου
3338 3019 3431 3062 τοῦ
3466 3010 3754 3081 Ὀτριαρίου
3781 3000 3893 3053 στά-

2254 3142 2291 3196 C
2335 3116 2435 3160 σιν,
2487 3104 2575 3149 καὶ
2622 3102 2715 3155 τὴν
2750 3096 3075 3172 θευδερίχου
3126 3107 3215 3150 τοὺ
3253 3099 3590 3171 Μαλαμείρου
3619 3093 3793 3165 φιλίαν,
3818 3090 3890 3138 καί

2372 3188 2380 3196 ι
2534 3190 2541 3196 ι
2663 3190 2671 3196 .
2821 3195 2824 3196 ,
2879 3188 2919 3196 Α.
2967 3187 2978 3196 ι
3001 3194 3012 3196 ,
3199 3192 3206 3196 .
3335 3195 3340 3196 ,
3445 3183 3466 3196 Α
3485 3190 3493 3196 .
3732 3178 3763 3196 ολ.

2332 3188 2417 3236 τόν
2453 3190 2580 3259 πρὸς
2622 3190 2707 3237 τόν
2748 3195 2838 3238 τοῦ
2878 3188 2921 3221 ⁸¹
2967 3187 3268 3261 Ὀτριαρίου
3316 3183 3645 3262 Θευδέριχον
3685 3178 3895 3250 πόλεμον,

2331 3278 2415 3324 καὶ
2458 3279 2550 3332 τὴν
2597 3277 2733 3327 κατὰ
2762 3281 2993 3337 Ζήνωνος
3029 3274 3180 3327 πάλιν
3214 3280 3406 3328 στάσιν
3440 3277 3509 3343 ⁸³,
3541 3278 3626 3326 καὶ
3656 3276 3741 3328 τὴν
3770 3274 3898 3337 Μαρ-

2331 3372 2510 3415 κιανοῡ
2539 3366 2911 3428 ἐπανάστασιν,
2944 3369 3032 3416 καὶ
3079 3370 3177 3438 πρό
3224 3385 3283 3436 γε
3330 3369 3521 3417 τούτου
3553 3368 3641 3420 τήν
3680 3367 3767 3417 τῆς
3802 3373 3895 3407 πῖν’

2334 3454 2480 3525 Θερᾶς
2524 3459 2743 3525 Βηρίνης
2782 3452 3075 3519 ἐπιϐουλὴν,
3118 3460 3206 3506 καὶ
3254 3459 3346 3511 τὴν
3395 3451 3489 3507 διὰ
3537 3460 3683 3504 τοῦτο
3725 3449 3767 3481 ⁸³
3816 3464 3897 3514 φυ-

2331 3538 2547 3611 γαδείαν
2607 3548 2697 3600 τὴν
2757 3540 2945 3605 ἀίδιον,
2992 3547 3080 3595 καὶ
3135 3548 3223 3600 τὴν
3279 3546 3420 3595 κατά
3476 3542 3635 3595 Ίλλοῠ
3682 3539 3894 3608 πρότῑρθν

2332 3629 2605 3689 ἐπιϐουλήν
2674 3637 2859 3705 Βηρίνη
2932 3634 3406 3697 συσκευασθεῖσαν,
3470 3638 3560 3683 καὶ
3624 3633 3708 3685 τὴν
3764 3626 3893 3675 Ἐπι-

2333 3716 2532 3790 δάμνου
2564 3721 2610 3754 ⁸⁸
2642 3722 2740 3772 ὑπὸ
2769 3718 3098 3793 Θευδερίχου
3125 3729 3216 3772 του
3235 3720 3579 3794 Μαλαμείρου
3599 3718 3644 3769 ἐν
3671 3712 3792 3781 δόλῳ
3818 3727 3893 3760 κα-

2330 3810 2610 3877 τάσχεσιν.
2652 3816 2828 3861 Ταῦτα
2870 3808 3074 3872 διεξιὼν
3119 3806 3335 3872 διέξεισι
3388 3804 3480 3862 κάὶ
3523 3812 3587 3861 τὰ
3617 3806 3695 3859 έπὶ
3725 3804 3897 3871 Ῥώμης

2330 3902 2418 3947 καὶ
2475 3901 2615 3958 τέλος
2669 3906 2758 3950 τοῦ
2802 3895 3026 3969 ἑϐδόμου
3079 3898 3233 3969 λόγου
3275 3906 3506 3951 ποιεῖται
3556 3901 3639 3949 τόν
3690 3897 3898 3946 Νέπωτος

2334 3988 2569 4049 θάνατον,
2622 3988 2674 4049 ὃς
2719 3987 2942 4039 ἐκϐαλὼν
2987 3997 3081 4047 τῆς
3127 3988 3302 4061 ἀρχῆς
3351 3990 3629 4061 Γλυκέριον
3673 3988 3756 4041 τήν
3791 3998 3835 4031 τε
3862 3977 3901 4010 ⁸³

2331 4082 2623 4147 Ῥωμαὶκὴν
2674 4078 2833 4149 ἰσχὺν
2876 4077 3223 4152 περιεϐάλετο,
3271 4082 3361 4129 καὶ
3408 4079 3483 4139 εἰς
3530 4084 3718 4146 σχῆμα
3761 4073 3901 4137 κείρας

3779 4176 3888 4225 η,

2335 4256 2393 4307 οὗ
2438 4261 2526 4306 καὶ
2567 4255 2940 4317 ἐπιϐουλευθεὶς
2992 4255 3262 4328 ἀνῄρηται.
3308 4256 3473 4307 Οὗτοι
3515 4257 3563 4307 οἱ
3597 4255 3641 4314 ζ’
3672 4259 3758 4309 τῆς
3793 4250 3907 4298 ἱστο·

2333 4166 2583 4239 κληρικου
2634 4165 2743 4218 ἀντὶ
2793 4166 3054 4239 βασιλέως
3104 4165 3354 4240 ἀρχιερέα
3406 4172 3728 4223 κατέστησεν

2334 4350 2453 4417 ρίας
2498 4344 2637 4416 λόγοι
2684 4350 2771 4397 καὶ
2820 4350 3239 4419 προηγουμένους
3274 4344 3321 4379 ⁸⁸
3367 4346 3745 4418 ὑποφαινουσιν
3793 4333 3909 4401 αὖτῴ

2337 4434 2522 4505 λόγους
2552 4432 2732 4495 ἄλλους
2764 4431 3185 4492 διαπεπονῆσθαι
3233 4454 3243 4465 ·
3292 4439 3379 4486 καὶ
3411 4436 3443 4492 ἡ
3488 4434 3709 4507 ἀπαρχὴ
3739 4424 3791 4480 δι
3829 4432 3914 4474 τῶν

1907 4586 2146 4641 νΑΒυΕ
2188 4587 2581 4644 LECTIONES.

637 4714 687 4749 ⁷⁸
717 4712 926 4837 quidni
966 4712 1182 4786 ἑκατέρᾳ
1219 4744 1272 4752 -
1305 4714 1683 4782 συντεταγμένη
1712 4710 1739 4765 ?
1816 4711 1857 4744 ⁷⁷
1884 4712 1967 4761 τόν
1993 4712 2093 4782 γὰρ
2123 4717 2238 4761 νοῦν
2271 4710 2641 4780 ἑκλαμϐάνεται
2674 4733 2727 4775 ς’.
2806 4712 2852 4745 ’⁷⁸
2885 4710 2967 4763 ἐπὶ
2997 4718 3031 4763 Α
3068 4730 3079 4767 :
3111 4712 3158 4765 ἐν
3182 4735 3238 4778 ς’.
3314 4715 3364 4749 7’
3398 4713 3660 4787 ἁρμάτιος
3681 4721 3820 4765 corr.
3847 4704 3907 4756 Α.

569 4786 617 4822 ⁸ο
649 4784 733 4836 ὅνύ
757 4804 862 4837 ,σου
893 4800 955 4837 rc
983 4787 1047 4837 A.
1078 4783 1350 4837 οοιούλφου
1383 4783 1475 4837 vel
1505 4782 1773 4837 νοιούλφου
1809 4797 1894 4837 nr.
1998 4782 2039 4817 ⁸³
2080 4789 2169 4833 τοῦ
2206 4781 2347 4836 add.
2379 4784 2445 4837 A.
2551 4786 2597 4819 ⁸³
2630 4783 2783 4836 πάλιν
2811 4786 2997 4835 στάσιν
3026 4790 3061 4835 Α
3101 4801 3111 4837 :
3147 4784 3314 4837 πάλην
3338 4806 3391 4837 ε·-
3476 4787 3524 4821 ⁸³
3561 4781 3655 4837 διὰ
3681 4786 3824 4833 τοῦτο
3845 4781 3878 4826 Α
3906 4820 3907 4823 η

649 4804 733 4836 ονυ

757 4804 862 4858 «pou
893 4800 955 4841 rc
983 4787 1047 4858 ᾼ,
1074 4782 1350 4858 ροιούλφου
1383 4783 1477 4858 vel
1505 4782 1773 4853 νοιούλφου
1809 4797 1894 4853 pr.

567 4859 755 4912 τούτου
775 4855 835 4922 ξ.
912 4858 959 4892 ⁸⁸
992 4855 1272 4911 έπιδαύνου
1300 4878 1355 4921 ς’.
1434 4856 1480 4890 ⁸⁵
1507 4874 1559 4907 τε
1588 4860 1625 4907 Α
1662 4870 1671 4908 :
1707 4858 1821 4906 τότε
1853 4875 1905 4917 ς.

1998 4782 2039 4817 ⁸³
2069 4781 2169 4833 τοῦ
2206 4781 2347 4836 add.
2379 4784 2445 4837 A.

1986 4853 2033 4887 ⁸⁸
2060 4858 2455 4927 προηγουμένως
2487 4876 2543 4918 ς’.

2551 4786 2597 4819 ⁸³
2630 4783 2783 4836 πάλιν
2811 4786 2997 4835 στάσιν
3026 4790 3061 4835 Α
3101 4801 3111 4837 :
3147 4784 3314 4843 πάλην
3338 4806 3391 4849 ς·-
3431 4781 3440 4787 ’
3469 4781 3524 4821 ’⁸³
3561 4781 3655 4837 διὰ
3681 4786 3824 4833 τοῦτο
3845 4781 3878 4826 Α
3906 4790 3915 4825 ;

2128 4976 2366 5034 ΝΟΤίΕ.

643 5117 759 5188 (83)
806 5113 1089 5188 Malchus,
1124 5112 1414 5188 Syrorum
1446 5110 1648 5188 lingua
1696 5110 1971 5188 designat
2000 5124 2221 5188 regem,

572 5181 719 5245 teste
740 5181 1015 5259 'Eunapio
1044 5186 1126 5259 De_
1153 5181 1289 5259 uitis
1315 5184 1756 5259 Sophistqrum,
1786 5182 1842 5259 in
1877 5181 2221 5259 Eorphyrio.

569 5260 649 5316 De
675 5260 788 5315 hoc
814 5252 993 5331 porro
1023 5256 1249 5331 Malcho
1278 5252 1407 5327 lege
1447 5255 1712 5318 Suidam,
1741 5255 1843 5325 qui
1877 5252 2224 5322 Byzantium

573 5346 709 5386 eum
743 5328 1078 5400 sophistam
1106 5328 1264 5400 facit.

671 5403 759 5471 84)
819 5393 1149 5465 Seniorem,
1200 5398 1273 5451 de
1341 5413 1461 5471 quo
1524 5397 1705 5471 hujus
1766 5393 1984 5471 iMalchi
2052 5398 2224 5464 κρίσιν

572 5469 762 5527 habes
794 5487 830 5527 a
862 5471 1042 5528 Suida
1072 5474 1408 5540 excerptam
1449 5469 1505 5524 in
1540 5470 1731 5523 Leone
1764 5470 1906 5539 imp.

645 5542 760 5614 (85)
810 5543 897 5614 Al.
944 5542 1282 5598 Harmatius
1328 5540 1565 5596 dicitur.
1608 5543 1675 5596 Ut
1721 5544 1881 5613 apud
1912 5542 2075 5596 Suid.
2123 5544 2225 5599 ubi

574 5613 1031 5687 deipsoplura.

648 5682 761 5759 (8'6)
810 5682 871 5741 In
917 5683 1105 5742 frusta
1144 5682 1465 5741 dissectam
1515 5683 1691 5741 refert
1732 5683 1863 5743 infr.
1913 5685 2050 5743 cod.
2096 5700 2219 5758 seq.

2408 5111 2518 5181 (87)
2553 5110 2645 5165 Sic
2670 5110 2933 5183 plerique
2957 5116 3169 5168 vocant
3188 5112 3377 5170 Graeci
3398 5113 3663 5175 codices,
3688 5114 3744 5164 et
3764 5105 3927 5183 scrip-

2337 5178 2517 5307 torels,
2564 5178 2742 5305 'recte,
2786 5178 2855 5239 ei
2896 5189 3096 5255 etymo
3140 5183 3432 5251 Gotthico,
3474 5201 3585 5259 pro
3618 5178 3926 5238 VirtutibUS

2337 5270 2453 5307 onu
2484 5271 2552 5307 en
2585 5269 2639 5307 ο.

2336 5260 2639 5309 onulento.

2377 5272 2710 5395 p(l88‘)n(30uas
2733 5324 2905 5380 refert
2930 5325 3062 5380 infr.
3094 5326 3393 5383 Candidus
3422 5327 3561 5383 cod.
3600 5340 3729 5397 seq.

2411 5400 2522 5467 (89)
2584 5396 2943 5467 Episcopum
3000 5398 3387 5454 Portuensem
3457 5396 3785 5463 ordinavit,

2337 5469 2556 5525 Paulus
2594 5468 2905 5532 diaconus,
2944 5468 3043 5523 lib.
3082 5486 3177 5523 xw
3209 5470 3425 5525 Histor.
3458 5470 3762 5524 miscellar.

2407 5542 2521 5610 (90)
2558 5542 2708 5609 Lego
2737 5544 3155 5611 προηγουμένους
3186 5542 3348 5596 Suid.
3376 5558 3409 5595 a
3438 5539 3839 5595 Constantino
3865 5532 3934 5589 ad

2334 5612 2716 5668 Anastasium
2748 5627 2935 5685 usque
2959 5611 3310 5683 produxisse
3328 5612 3645 5669 historiam
3667 5612 3927 5667 testatur.

3862 5392 3931 5447 ait
