4036 6214
194 338 277 393 2J9
1121 330 1619 390 BIBLIOTHECA.
1650 361 1720 371 —
1751 325 1913 388 COD.
1948 333 2487 391 LXXVIII-LXXIX.

3380 335 3486 391 250

191 463 294 516 imi
332 468 411 514 τοῦ
453 465 647 533 πρώτου
705 458 863 533 λόγου
919 467 1076 514 τοῦτο
1136 456 1456 534 παραδηλοῖο
1507 463 1566 511 οὗ
1622 463 1716 532 μὴν

1839 460 1972 529 gior
1997 460 2132 514 vita;
2160 475 2342 517 usura
2371 459 2733 531 contigisset,
2761 462 3028 518 extremo
3050 459 3204 518 libro
3233 462 3486 533 septimo

188 552 290 604 ἀλλὰ
334 556 411 603 καὶ
458 550 746 622 ἑπομένους,
789 550 832 603 εἰ
887 552 946 602 τὸ
995 550 1091 623 ζῇν
1129 557 1331 623 προσῆν
1383 558 1456 601 τῶ
1494 568 1726 622 συγγρα-

190 649 264 713 γεῖ,
291 644 349 702 ὡς
373 646 456 692 τοῦ
480 635 698 711 ἑϐδόμου
728 638 886 711 λόγου
913 642 970 692 τό
999 643 1157 713 πίρας
1185 635 1520 694 ἱνδείκνυσιν.

239 729 366 782 Ἐστι
406 725 507 780 δ’ὁ
560 732 894 801 συγγραφεὺς
943 725 1300 801 Φιλαδελφεὺς,
1352 731 1503 788 εἴτις
1551 727 1720 794 ἄλλος,

184 821 289 870 κατὰ
344 822 637 890 συγγραφὴν
695 819 934 892 ἱστορίας
999 818 1234 892 ἄριστος,
1291 819 1538 891 καθαρός,
1605 817 1726 870 ἁπέ-

181 927 334 980 ριττος,
399 907 652 981 εὖκρινής,
737 907 916 970 λέξεων
994 914 1106 968 ταῖς
1174 905 1554 981 ἀνθηροτάταις
1633 913 1723 959 καὶ

181 997 382 1068 εὐσήμοις
428 1001 515 1049 καὶ
567 996 634 1057 εἰς
705 1001 858 1068 ὄγκον
903 997 1017 1048 τινὰ
1070 994 1380 1068 ἁνηγμέναις
1431 1002 1720 1070 χρώμενος’

178 1087 300 1138 ut"
327 1081 440 1138 οὐδε
477 1088 533 1138 αἱ
577 1094 935 1158 καινοπρεπεῖς
966 1086 1128 1156 αὐτῷ,
1159 1087 1281 1138 ὅσαι
1331 1089 1388 1138 τὸ
1442 1085 1721 1158 ἐμφατικόν

176 1181 242 1227 καὶ
280 1179 452 1246 εὔηχον
492 1181 584 1227 καὶ
635 1175 901 1246 μεγαλεῖον
948 1178 1154 1247 ἔχουσι,
1206 1174 1623 1248 παραϐλέπονται
1650 1178 1718 1212 ⁸⁸·

175 1270 241 1316 ui
286 1263 394 1324 ὅλως
422 1265 467 1299 ⁸⁹
496 1270 666 1316 κανών
714 1263 854 1317 ἐστιν
910 1267 1176 1336 ἱστορικοῦ
1231 1264 1408 1335 λόγου.
1465 1271 1722 1337 Σοφιστὴς

175 1350 212 1404 δ’
269 1351 321 1410 ἦν
391 1357 444 1405 τό
505 1350 858 1423 ἐπιτήδευμα,
923 1359 1012 1407 καὶ
1085 1354 1366 1428 ῥητορικῆς
1437 1354 1504 1415 εἰς
1563 1356 1720 1427 ἄκρον

173 1441 397 1507 ιληλακὼς,
449 1448 537 1495 καὶ
568 1447 665 1501 τὴν
698 1445 976 1517 θρησκείαν
1007 1443 1101 1496 οὐκ
1147 1443 1243 1506 ἔξω
1272 1451 1364 1496 τοῦ
1414 1449 1723 1518 Χριστιανι-

169 1539 239 1584 κού
261 1533 427 1584 θιάσου
455 1534 527 1589 θο.

855 1709 985 1767 08⁷.

509 1797 785 1856 Κανδίδου
807 1800 1058 1875 Ἱστορίας
1082 1800 1230 1872 λόγοι
1252 1799 1322 1872 γ’.

218 1890 320 1961 [173
345 1889 431 1964 R.]
471 1891 906 1962 ’Δνεγνὼσθησαν
958 1887 1224 1944 Κωδὶδου
1268 1890 1524 1964 Ἱστορίας
1571 1889 1717 1962 λόγοι

164 1986 283 2050 quis.
327 1980 586 2052 ’Δρχεται
630 1984 722 2052 μὶν
777 1989 867 2042 τῆς
926 1984 1157 2053 ἱστορίας
1201 1980 1302 2034 ἀπὸ
1355 1990 1450 2044 τῆς
1500 1985 1717 2043 Λέοντος

163 2066 466 2142 ἀναρρήσεως,
502 2072 561 2130 ὃς
611 2071 674 2128 ἧν
723 2069 778 2122 ἐκ
831 2075 1020 2133 Δακίας
1069 2074 1159 2143 μεν
1203 2079 1298 2129 τῆς
1328 2069 1376 2122 ἕν
1431 2069 1716 2144 Ἰλλυριοῖς,

166 2168 480 2231 στρατιωτικῷ
537 2159 895 2233 παραγγείλας
947 2163 1174 2232 τάγματι
1220 2165 1308 2212 καὶ
1364 2159 1518 2213 τελῶν
1557 2160 1721 2232 ἄρξας

161 2254 236 2298 τῶν
261 2246 304 2299 ἐν
331 2248 651 2324 Σηλυμϐρίᾳ,
685 2254 779 2307 τὴν
811 2247 1084 2321 βασιλείαν
1112 2247 1170 2302 δι
1199 2251 1244 2285 ⁸1
1279 2247 1487 2322 σπουδῇ
1515 2255 1719 2303 Ἀσπα-

157 2354 224 2407 ρος
293 2336 662 2411 ίγχειρισθεὶς,
714 2340 765 2399 ὃς
833 2335 893 2397 ἦν
969 2338 1181 2401 Ἀλανός
1213 2342 1303 2410 μεν
1330 2341 1378 2374 ’³
1436 2343 1601 2409 γένος,
1663 2338 1718 2391 ἔκ

156 2432 299 2498 νεαρᾶς
341 2423 396 2479 δί
445 2429 902 2501 στρατευσάμενος
939 2427 1166 2495 ἡλικίας,
1206 2432 1295 2480 καὶ
1328 2425 1717 2486 παιδοποιησά-

155 2533 273 2582 μενος
333 2515 384 2567 ίκ
456 2525 617 2589 τριῶν
689 2519 872 2588 γάμων
948 2514 1348 2591 Ἀρδαϐούριον,
1410 2523 1712 2590 Πατρίκιόν,

155 2601 506 2677 Ἐρμε-δάριχον,
558 2610 647 2658 καὶ
699 2605 904 2666 θηλείας
959 2602 1076 2658 δύο.
1110 2613 1342 2659 Ποιεῖται
1370 2610 1460 2679 μεν
1508 2609 1534 2659 ό
1579 2626 1715 2678 συγ-

152 2699 358 2765 γραφεὺς,
422 2698 487 2756 ὡς
547 2699 772 2768 εἴρηται,
837 2694 1012 2768 ἀρχὴν
1090 2705 1184 2758 τῆς
1225 2698 1272 2732 ⁸³
1329 2699 1564 2771 ἱστορίας
1621 2702 1714 2756 τήν

154 2780 295 2852 ἀρχὴν
328 2791 413 2845 τῆς
461 2789 688 2847 Λέοντος
720 2783 1014 2857 βασιλείας,
1051 2785 1263 2856 τελευτᾷ
1289 2783 1339 2838 δ’
1371 2786 1438 2847 εἰς
1467 2791 1560 2844 τὴν
1590 2785 1710 2839 ἁνα-

150 2877 352 2941 γόρευσιν
405 2875 784 2927 Ἀναστασίου.
814 2874 966 2928 Ἐστι
1010 2871 1070 2927 δι
1115 2872 1371 2950 πατρίδος
1417 2878 1508 2948 μεν
1538 2877 1712 2930 Ἰσαυ-

152 2965 256 3031 ρίας,
293 2967 356 3024 ὡς
395 2963 554 3024 αὐτὸς
598 2983 749 3036 φησι,
802 2972 894 3026 τῆς
945 2969 1212 3037 τραχείας,
1273 2962 1600 3038 ἐπιτήδευμα
1652 2962 1711 3018 δι

151 3051 274 3121 ίτχιν
322 3053 650 3128 ὑπογραφεὺς
693 3063 792 3106 τῶν
845 3053 893 3106 ἕν
951 3057 1212 3126 Ίσαύροις
1252 3055 1492 3108 πλεῖστον
1545 3055 1712 3127 ἰσχυ-

1835 551 2152 621 signiﬁcat.

1907 728 2421 801 Philadelphensis
2451 734 2541 786 est
2568 730 2664 786 hic
2690 730 2962 803 scriptor,
2996 735 3048 786 et
3079 729 3123 786 si
3153 730 3289 803 quis
3329 730 3484 787 alius

1834 817 1892 873 in
1907 819 2153 874 historia
2166 820 2481 875 scribenda
2495 820 3251 891 prasstantissimusmtpote
3274 835 3482 891 purus,

1833 907 2070 962 minime
2092 907 2463 974 redundans,
2487 925 2607 964 non
2639 910 2942 974 confusus,
2977 909 3171 965 verbis
3219 909 3481 964 maxime

1832 995 2079 1062 ﬂoridis,
2113 1013 2181 1052 ac
2213 997 2686 1067 signiﬁcantibus
2711 1015 2869 1064 usus,
2911 1013 3047 1070 quae
3078 997 3155 1052 ad
3183 998 3484 1066 magnitu-

1831 1084 2032 1140 dinem
2064 1101 2133 1140 ac
2174 1101 2461 1158 pompam
2512 1087 2775 1159 aliquam
2814 1087 3078 1151 tendant,
3127 1102 3201 1142 ne
3250 1086 3481 1142 novatis

1831 1173 2075 1246 quidem
2101 1175 2368 1240 vocibus,
2401 1177 2650 1249 quando
2673 1177 2768 1232 ille
2797 1177 3118 1232 vehemens
3149 1177 3295 1248 quid
3317 1181 3374 1232 et
3394 1193 3484 1232 so-

1830 1279 2068 1329 norum,
2103 1271 2204 1320 aut
2235 1265 2635 1334 granditatem
2667 1266 2931 1339 aliquam
2957 1265 3202 1331 habent,
3248 1271 3482 1338 praeter-

1830 1353 2052 1409 missis.
2078 1357 2278 1426 Itaque
2299 1361 2828 1428 quantusquantus
2857 1361 2961 1420 est,
2992 1371 3202 1410 norma
3224 1355 3484 1411 historici

1831 1444 2124 1498 sermonis
2155 1449 2259 1508 est,
2307 1445 2462 1518 55a
2494 1445 2828 1517 sophistam
2863 1461 3002 1500 vero
3033 1445 3322 1516 agens,ad
3352 1445 3483 1501 rhe-

1830 1532 2028 1588 toricas
2060 1549 2366 1589 summum
2388 1535 2617 1607 apicem
2641 1534 2927 1606 pervenit,
2946 1537 3096 1590 inter
3121 1533 3482 1590 Christianos

1829 1619 2134 1691 religionis
2165 1623 2329 1679 cultu
2344 1624 2764 1679 recensendus.

2542 1713 2758 1769 LXXIX.

2146 1799 2402 1858 Candidi
2415 1801 2813 1859 Historiarum
2835 1802 2996 1858 libri.
3025 1817 3105 1857 ιιι.

1904 1889 2055 1944 Lecti
2089 1896 2229 1945 sunt
2268 1890 2516 1945 Candidi
2572 1891 2838 1947 historici
2888 1891 3027 1946 libri
3065 1897 3204 1948 tres.
3237 1891 3484 1947 Inchoat

1830 1977 2138 2034 historiam
2170 1978 2244 2033 ab
2265 1978 2550 2034 electione
2582 1980 2812 2046 Leonis,
2846 1980 2949 2052 qui
2971 1986 3028 2036 et
3049 1979 3222 2035 Dacia
3247 1979 3483 2052 Illyrica

1831 2066 2142 2131 oriundus,
2185 2083 2323 2122 cum
2365 2067 2600 2123 militari
2630 2070 2854 2142 agmini
2884 2071 2990 2138 (91)
3023 2068 3483 2140 Selymbrianis-

1831 2170 1947 2228 que
1969 2155 2316 2211 cohortibus
2349 2163 2645 2228 praeesset,
2666 2159 2901 2229 Asparis
2929 2157 3128 2212 studio
3156 2158 3478 2229 imperium

1831 2244 2085 2316 adeptus
2112 2249 2216 2302 est.
2256 2245 2356 2301 Hic
2386 2251 2576 2318 Aspar
2603 2262 2816 2316 genere
2847 2246 3068 2302 Alanus
3099 2251 3243 2313 erat,
3277 2262 3312 2301 a
3344 2261 3482 2318 pue-

1829 2333 1964 2390 ritia
2004 2334 2273 2390 militiam
2303 2341 2540 2390 secutus
2573 2336 2706 2408 (92),
2731 2338 2831 2407 qui
2867 2337 3042 2391 ternis
3085 2335 3306 2406 nuptiis
3357 2336 3482 2391 toti-

1829 2422 1965 2479 dem
1993 2423 2166 2485 tilios,
2191 2423 2610 2489 Ardaburium,
2629 2424 2969 2490 Patricium,
2992 2424 3480 2480 Ermenarichum

1831 2514 1940 2584 (93)
1971 2512 2248 2584 duasque
2269 2512 2421 2568 tilias
2443 2513 2701 2568 sustulit.
2738 2513 2945 2584 Incipit
3000 2529 3162 2582 ergo,
3199 2513 3281 2568 uti
3336 2512 3484 2567 dixi-

1829 2617 1982 2667 mus,
2015 2601 2332 2657 historicus
2362 2602 2440 2658 ad
2488 2601 2655 2658 initio
2695 2603 2905 2658 Leonis
2947 2601 3322 2672 imperatoris
3378 2600 3481 2655 de-

1828 2689 1966 2747 sinit
1996 2706 2133 2747 vero
2173 2706 2309 2746 cum
2351 2691 2700 2746 Anastasius
2744 2692 3065 2763 imperator
3103 2689 3482 2746 renuntiatus

1826 2785 1934 2834 est.
1969 2779 2158 2835 Patria
2189 2779 2269 2834 illi
2302 2795 2373 2835 ea
2419 2780 2645 2836 Isauria
2691 2785 2798 2841 est.
2837 2785 2896 2834 ut
2928 2780 3053 2851 ipse
3084 2781 3316 2842 fatetur,
3349 2793 3482 2850 quae

1833 2867 2100 2924 Trachea
2148 2868 2301 2941 [sive
2345 2867 2582 2940 aspera]
2611 2868 2844 2923 dicitur.
2906 2867 3162 2924 Tabellio
3203 2867 3309 2922 fuit
3342 2865 3481 2921 vitae

1824 2957 2094 3016 instituto
2120 2958 2233 3013 sub
2265 2957 2335 3012 iis
2375 2957 2477 3030 qui
2505 2957 2668 3029 apud
2717 2958 2952 3012 Isauros
2987 2960 3261 3029 poterant
3297 2955 3478 3027 pluri-

1826 3063 2022 3102 mum:
2050 3047 2330 3118 religione
2353 3062 2491 3102 vero
2518 3046 2967 3113 Christianus,et
2995 3045 3242 3119 quidem
3275 3047 3482 3102 ortho-

152 3142 458 3200 aa’mm.T1‘,~v
507 3139 575 3196 δὲ
629 3145 911 3218 θρησκείαν
959 3149 1277 3218 Χριστιανός
1324 3142 1386 3203 ἦν
1424 3149 1512 3197 καὶ
1556 3145 1710 3217 ὀρθό-

1834 3137 2034 3192 joxus.
2078 3137 2353 3202 Quartam
2385 3137 2544 3192 enim
2599 3136 2893 3208 synodum
2950 3135 3239 3191 laudibus
3282 3140 3478 3204 ornat,

151 3223 288 3292 δοξος·
319 3238 404 3290 τήν
442 3252 497 3285 τε
546 3235 653 3307 γὰρ
698 3237 947 3304 τετάρτην
993 3231 1212 3287 σύνοδον
1252 3235 1481 3296 ἐπαίνοις
1515 3239 1705 3308 στέφει,

150 3323 218 3370 καὶ
257 3325 365 3384 τοὺς
412 3325 460 3358 ⁹⁴
512 3323 633 3374 κατ’
689 3323 849 3383 αὐτῆς
903 3332 1335 3396 καινοτομοῦντας
1388 3327 1709 3378 καθάπτεται

153 3402 347 3471 δικαίως.
404 3411 513 3470 Τὴν
571 3408 630 3464 δε
681 3414 870 3484 φράσιν
926 3413 1019 3465 οὐκ
1068 3416 1180 3484 ἔχει
1232 3419 1530 3488 πρέπουσαν
1573 3413 1711 3486 λόγῳ

154 3498 378 3570 ἱστορικῷ.
412 3509 544 3562 Ταῖς
595 3521 651 3554 τε
708 3505 810 3574 γὰρ
859 3511 1156 3564 ποιητικαῖς
1199 3502 1392 3566 λέξεσιν
1439 3503 1712 3578 ἀπειροκά-

152 3583 223 3645 λως
273 3607 317 3640 τε
368 3596 632 3662 κέχρηται
679 3597 770 3644 καὶ
816 3588 1199 3666 μειρακιωδῶς,
1245 3599 1333 3645 καὶ
1387 3595 1416 3652 ἠ
1477 3594 1710 3650 συνθήκη

154 3674 262 3745 rite;
300 3679 364 3740 εἰς
407 3685 462 3732 τό
511 3683 867 3754 τραχύντερον
896 3686 984 3733 καὶ
1025 3677 1272 3753 δύσηχον
1302 3680 1716 3756 ίκδιθυραμϐοῡ-

155 3769 419 3840 ται,ὤσπιρ
451 3767 516 3822 αὖ
571 3770 724 3822 πάλιν
756 3769 826 3832 εἰς
867 3775 923 3822 τό
967 3769 1290 3843 ἐκλελυμένον
1332 3792 1386 3825 τε
1441 3777 1531 3825 καὶ
1573 3773 1719 3843 ἔκμε-

153 3852 210 3912 λὶς
244 3857 488 3919 ὑπτιάζει.
543 3860 854 3933 Νεωτερίζει
906 3855 965 3912 δε
1006 3865 1090 3912 καὶ
1118 3868 1232 3922 ταῖς
1261 3861 1586 3928 συντάξεσιν,
1626 3860 1721 3912 οὐκ

156 3941 205 3999 ii;
246 3950 293 3995 τό
335 3945 600 4022 γλαφυρὸν
646 3947 838 4019 μᾶλλον
873 3953 961 4001 καὶ
1000 3947 1366 4024 ἐπαφρόδιτον,
1400 3952 1572 4025 ὥσπερ
1613 3952 1721 4005 ἔτε-

155 4051 234 4099 ροι,
269 4032 365 4085 ἀλλ’
405 4039 544 4090 ὥστε
579 4032 851 4109 δυσχερὴς
882 4036 1103 4090 ἀκοῦσαι
1129 4044 1213 4092 καὶ
1246 4047 1337 4092 τοῦ
1367 4037 1522 4102 ἡδέος
1560 4043 1719 4115 ὑπερ-

159 4120 290 4191 όριος.
341 4125 476 4184 Πλὴν
527 4126 686 4187 αὐτὸς
742 4126 927 4179 ἑαυτοῦ
991 4128 1120 4180 πολὺ
1205 4127 1420 4202 βελτίων
1500 4129 1715 4204 ἕνιαχοῦ

159 4217 244 4271 τοῖς
287 4211 446 4284 λόγοις
494 4219 673 4268 πάντα
722 4221 1006 4288 γινόμενος,
1051 4227 1289 4291 συμμιγῆ
1337 4224 1430 4278 τὴν
1481 4222 1715 4296 ἱστορίαν

159 4306 225 4351 ui
280 4301 327 4365 ἔξ
377 4303 761 4378 ἁνομοιοτάτων
832 4307 1074 4380 ἁρμόζων
1123 4307 1388 4362 ἁλίσκέται
1444 4309 1573 4383 [102
1628 4313 1714 4386 3.]

159 4387 290 4452 Οὗτος
335 4393 673 4468 ἰσχυρίζεται
716 4400 810 4454 τὴν
844 4395 1108 4472 Ἰσαυρίαν
1153 4397 1253 4452 ἀπὸ
1284 4408 1375 4452 τοῦ
1403 4399 1572 4453 Ἡσαῦ
1613 4401 1712 4456 λα-

160 4474 239 4528 θεῖν
271 4487 348 4539 τὴν
376 4486 694 4557 ἐπωνυμίαν.

216 4576 456 4643 Διίρχεται
509 4569 570 4626 δὲ
614 4572 663 4624 ἓν
709 4577 798 4645 μεν
846 4581 916 4645 τῷ
966 4580 1153 4650 πρώτῳ
1195 4576 1332 4650 λόγῳ
1379 4582 1472 4638 τὴν
1512 4579 1716 4634 ’Ἄσπα-

161 4674 228 4726 ρος
271 4669 351 4715 καὶ
386 4671 487 4715 τῶν
544 4661 753 4716 παίδων
805 4664 963 4717 αὐτοῦ
1004 4661 1334 4735 δυναστείαν,
1365 4673 1458 4728 τὴν
1498 4669 1717 4748 ἀνάρρη-

166 4763 225 4796 σιν
260 4745 342 4802 διὰ
381 4761 472 4805 τοῦ
505 4753 783 4828 ’Λσπαρος
833 4759 1068 4822 Λέοντος,
1094 4759 1178 4808 τόν
1220 4757 1492 4830 συμϐάντα
1533 4745 1601 4833 τῇ
1627 4745 1719 4815 πό-

162 4833 217 4886 λιι
263 4839 579 4917 ἐμπρησμὸν,
604 4849 695 4897 καὶ
749 4847 849 4898 ὅσα
891 4851 1129 4921 ’Δσπαρι
1177 4853 1294 4921 περὶ
1337 4852 1520 4903 τούτου
1548 4849 1630 4905 ἐπὶ
1660 4858 1718 4906 τὸ

164 4936 274 4998 καθῇ
312 4938 565 5008 συμφέρον
612 4929 1022 5008 διαπέπρακται.
1071 4941 1170 4989 Καὶ
1221 4943 1340 5011 περὶ
1387 4945 1629 4994 Τιτιανοῦ
1672 4944 1719 4978 ⁸⁵

1751 4516 1799 4573 D

1823 3227 2148 3297 meritoque
2178 3224 2522 3298 perstringit
2538 3240 2658 3289 eos,
2675 3224 2777 3296 qui
2800 3240 2932 3280 eam
2951 3229 3327 3297 oppugnant.
3349 3227 3480 3296 Sty-

1820 3315 1946 3370 lum
1978 3314 2158 3370 habet
2177 3313 2439 3370 historiae
2461 3329 2581 3370 non
2605 3313 2751 3369 satis
2775 3313 3482 3370 accommodatum.Nam

1823 3410 1878 3460 et
1909 3409 2220 3476 poetarum
2261 3403 2580 3475 phrasibus
2607 3403 2735 3458 sine
2765 3403 3018 3468 delectu,
3045 3418 3116 3457 ac
3137 3403 3482 3472 juveniliter

1823 3493 2106 3555 abutitur,
2141 3497 2195 3548 et
2223 3491 2586 3561 compositio
2625 3492 2754 3562 ejus
2784 3492 2991 3547 durior
3016 3495 3074 3547 et
3111 3491 3362 3556 absona,
3396 3491 3482 3547 di-

1824 3582 2285 3655 thyramborum
2309 3580 2584 3653 ritu,qute
2611 3580 2759 3636 alias
2783 3581 2997 3636 iterum
3027 3581 3086 3635 in
3117 3579 3474 3636 dissolutum

1827 3675 2006 3743 atque
2031 3670 2456 3725 inconcinnum
2486 3668 2786 3724 dilabitur.
2809 3667 3290 3725 Constructiones
3314 3669 3481 3724 inno-

1827 3765 1930 3815 vat
1960 3775 2077 3815 non
2110 3759 2187 3814 ad
2240 3766 2518 3814 ornatum
2572 3758 2857 3828 majorem
2892 3773 2960 3812 ac
2994 3762 3388 3820 venustatem,
3418 3764 3481 3811 ut

1830 3849 2038 3921 reliqui
2073 3850 2280 3912 solent,
2331 3848 2436 3903 sed
2468 3847 2566 3911 ita,
2620 3853 2682 3902 ut
2739 3846 2945 3900 auditu
3006 3845 3290 3900 molestus
3354 3844 3478 3911 ﬁat,

1831 3938 2148 4010 omnisque
2174 3937 2324 3993 adeo
2348 3951 2558 4006 eXpers
2587 3935 2912 3990 suavitatis.
2939 3933 3243 3988 Interdum
3275 3938 3478 3988 autem

1831 4045 1894 4084 se
1927 4031 2057 4099 ipso
2105 4026 2297 4082 verbis
2339 4025 2547 4080 melior
2598 4039 2840 4094 prorsus
2891 4022 3172 4085 evadens,
3229 4022 3482 4094 promis-

1829 4133 2004 4172 cuam
2030 4116 2359 4179 historiam,
2390 4113 2565 4169 etiam
2589 4127 2659 4167 ex
2693 4111 3022 4167 admodum
3057 4109 3477 4178 dissimilibus,

1825 4207 2183 4263 concinnare
2213 4203 2694 4276 deprehenditur.
2736 4201 2837 4257 Hic
2869 4201 3156 4258 Isauriam
3196 4199 3273 4257 ab
3329 4202 3482 4256 Esau

1828 4313 2046 4354 nomen
2080 4299 2412 4352 mutuatam
2451 4292 2646 4349 dicere
2672 4292 2871 4349 audet.

1902 4583 2096 4640 Primo
2121 4581 2273 4638 libro
2304 4582 2508 4637 narrat
2546 4577 2807 4651 Asparis,
2869 4577 3316 4647 liberorumque
3349 4576 3479 4646 ejus

1828 4673 2179 4748 potentiam,
2208 4675 2265 4727 et
2285 4669 2492 4725 Leonis
2519 4684 2622 4741 per
2660 4671 2944 4740 Asparem
3004 4665 3371 4721 electionem.
3403 4667 3481 4722 De

1832 4763 1992 4820 urbis
2023 4760 2492 4832 conﬂagratione
2515 4762 3000 4827 exorta,quaeque
3020 4753 3114 4809 hic
3133 4753 3211 4809 ab
3230 4759 3478 4824 Aspare,

1831 4852 2170 4926 reipublicae
2200 4849 2522 4906 commodo
2560 4851 2725 4920 gesta
2750 4844 2886 4900 sint.
2928 4844 3006 4899 De
3043 4844 3270 4900 Titiano
3298 4850 3354 4900 et
3392 4844 3480 4899 Vi-

1834 4942 2031 5006 viano,
2067 4947 2249 5014 utque
2288 4938 2363 4995 de
2386 4937 2502 4992 illis
2525 4938 2719 5008 Aspar
2755 4950 2892 4990 cum
2937 4933 3296 5006 imperatore
3341 4949 3481 4989 con-

1458 5028 1700 5088 VARIE
1739 5032 2137 5090 LECTIONES.

164 5175 195 5209 η
216 5107 359 5209 ’τὶξαὶ
385 5115 607 5209 οωτκ.
680 5113 733 5209 εἴ
762 5112 1198 5209 παραϐλέπονται]
1233 5117 1647 5190 παραϐλέπονται
1670 5123 1913 5195 ὥσπερ...
1945 5125 2071 5175 τὸ...
2101 5124 2190 5173 καὶ
2220 5117 2516 5171 τοιαῦθενια
2545 5117 2608 5170 Α.
2687 5113 2734 5148 ³⁸
2764 5111 2878 5175 ὅλος
3037 5114 3087 5149 ⁹⁰
3124 5113 3376 5209 ςθεειαηονμρῦ
3403 5118 3469 5168 Α,

282 5199 297 5209 ι
335 5196 428 5209 Anu
511 5205 514 5209 .
793 5188 873 5209 Α).-.
949 5188 1016 5209 -.ιγ
1079 5191 1126 5209 -Ξ
1341 5192 1388 5209 α.
1475 5199 1496 5209 ο
1575 5193 1584 5204 ⁸
1682 5191 1704 5209 'I
1779 5197 1790 5209 ι
1879 5196 1890 5208 ο
2039 5192 2055 5209 Δ
2203 5191 2248 5209 ιι
2348 5198 2382 5209 -ν
2469 5208 2474 5209 ,
2493 5187 2883 5209 .r_.,-_-__--'.-___...
2996 5206 3007 5209 _
3271 5190 3469 5209 .._._..-.‘

162 5174 450 5308 ἰὼῗθοω.
498 5185 569 5238 Α.
680 5186 729 5220 ⁹²
786 5174 896 5258 μίν]
942 5188 1033 5259 μεν
1076 5191 1132 5240 τό
1306 5174 1388 5226 ’9³
1436 5199 1526 5252 τῆς
1572 5174 1984 5267 ἱστ.]
2203 5191 2250 5226 ⁸⁴
2303 5198 2402 5243 τῶν
2449 5174 2885 5259 καινοτομούντων
2914 5174 3008 5239 λι
3124 5185 3171 5219 ⁸⁵
3222 5174 3479 5237 Τατιανοῦ

326 5269 410 5308 σε.

1687 5388 1913 5448 ΝΟΤᾸΕ.

232 5500 314 5566 9i)
584 5504 746 5583 ἄρξας
810 5513 909 5583 ⁴τῶν
965 5505 1014 5559 ἕν
1068 5507 1393 5583 ξηλυμϐρία.
1461 5510 1722 5583 Thraciae

164 5575 278 5653 urbs
298 5579 380 5630 est
407 5575 759 5648 Selymbria,
792 5577 866 5634 de
899 5593 1020 5651 qua
1063 5575 1346 5653 Stepha'n.
1399 5581 1632 5647 Strabo,
1668 5588 1723 5638 et

161 5640 435 5788 ³1’ἶείἢςιιιί
456 5733 594 5778 cum
613 5723 857 5795 parente
880 5720 1216 5783 Ardabnrio
1239 5723 1719 5784 Valentinianum

1832 5514 1975 5582 imp.
2009 5509 2262 5578 reduxit,
2297 5511 2441 5564 teste
2473 5501 2899 5576 Olympiodoro
2950 5503 3090 5561 intr.
3137 5503 3271 5561 cod.
3305 5505 3375 5562 80
3417 5505 3479 5562 in

1831 5583 2015 5728 ﬁn(liti)
2035 5647 3018 5721 Hermonarichus,Armenerichus
3029 5647 3186 5708 idem
3203 5653 3474 5708 vocatur.
