4036 6214
550 302 649 359 251

552 426 824 493 tenderit,
865 431 922 482 et
970 442 1104 497 qum
1161 442 1231 483 ac
1284 426 1488 499 qualia
1531 428 1681 483 inter
1711 441 1814 482 eos
1843 423 2025 481 verba
2075 428 2201 480 tum

544 517 768 588 jactata
794 516 929 571 sint.
969 516 1394 587 Imperatorem
1418 532 1567 572 eaex
1597 532 1779 571 causa
1810 531 1946 569 cum
1977 515 2203 568 Isauro-

551 624 672 661 rum
702 621 909 671 genere
936 605 1273 659 societatem
1308 606 1533 671 iniisse,
1575 621 1679 677 per
1733 602 2203 660 Tarasicodisam

549 693 1040 750 Busumbladeoti
1092 694 1151 746 F.
1185 710 1364 765 quem
1397 696 1573 750 etiam
1632 696 1943 753 (Zenonem
1976 696 2203 746 mutato

550 783 791 839 nomine
850 787 1148 843 vocatum)
1197 798 1483 853 generum
1536 782 1645 838 sibi
1707 782 1933 846 ascivit,
1990 798 2124 835 cum
2156 780 2202 834 is

549 873 805 944 priorem
831 872 1171 942 conjugem,
1202 872 1535 927 mortalium
1570 872 1697 941 lege
1754 871 2068 933 amisisset,
2102 871 2202 923 Ar-

548 961 868 1017 daburium
930 961 1092 1025 item,
1129 961 1282 1033 55b
1312 977 1435 1033 quo
1464 958 1804 1033 imperatori
1858 959 2198 1014 adversare-

552 1057 660 1115 tur,
692 1052 926 1105 Isauros
954 1066 1126 1121 reque
1156 1067 1399 1105 suarum
1442 1050 1700 1121 partium
1739 1049 1931 1103 facere
1988 1048 2199 1102 consti-

550 1140 737 1195 tuisse
768 1156 780 1194 :
818 1144 999 1211 atque
1031 1140 1343 1195 Martinum
1376 1139 1726 1211 quemdam,
1769 1137 2084 1193 Ardaburii
2117 1136 2197 1192 fa-

550 1228 861 1297 miliarem,
893 1228 1310 1284 Tarasicodisae
1363 1229 1681 1298 indicasse,
1722 1242 2086 1298 quiscunque
2139 1226 2197 1280 in

548 1318 967 1387 imperatorem
994 1317 1435 1373 machinaretur
1465 1317 1848 1373 Ardaburius.
1884 1314 2198 1381 Quomodo

548 1406 761 1461 exinde
784 1408 1052 1476 asperius
1071 1406 1127 1461 in
1155 1406 1282 1461 dies
1296 1410 1595 1462 crescente
1614 1410 1819 1461 mutua
1835 1404 2196 1474 suspicione,

552 1497 658 1550 Leo
682 1496 997 1566 imperator
1028 1504 1313 1565 Asparem
1356 1495 1609 1559 sustulit,
1660 1493 1911 1565 ejusque
1957 1492 2196 1553 liberos,

549 1584 941 1639 Ardaburium
976 1591 1028 1639 et
1056 1585 1371 1639 Patricium
1420 1586 1711 1640 Caesarem
1749 1601 1759 1637 :
1810 1582 1940 1639 etsi
2005 1583 2199 1637 Caesar

549 1680 795 1743 excepta
828 1675 1003 1743 plaga
1052 1673 1359 1745 inopinato
1392 1674 1589 1728 salvus
1634 1673 1839 1735 evasit,
1892 1672 2150 1741 vixitque
2183 1687 2195 1735 ;

548 1767 605 1817 et
618 1763 767 1817 alius
785 1763 921 1818 item
937 1763 1009 1817 de
1027 1763 1269 1835 Asparis
1287 1763 1421 1818 filiis
1435 1760 2196 1831 Armenerichus(94),quod

548 1851 921 1907 abessettum
936 1852 1082 1906 forte
1100 1868 1134 1906 a
1152 1852 1569 1921 patre,caedem
1584 1850 1830 1922 perinde
1853 1849 2076 1917 effugit.
2097 1851 2198 1903 Ta-

548 1940 944 1995 rasicodisam
970 1956 1113 2008 ergo
1144 1940 1251 1995 sibi
1286 1940 1740 2010 generum,data
1767 1938 2024 1993 Ariadna
2054 1937 2196 2001 tilia,

547 2028 860 2101 imperator
872 2028 1506 2101 ascivit.Zenonemque
1520 2030 1871 2083 nominatum
1888 2028 2200 2094 (93),exer-

548 2119 696 2172 citus
728 2119 785 2173 in
816 2117 1046 2173 Oriente
1076 2119 1288 2173 ducem
1319 2117 1561 2173 creavit.
1599 2117 1787 2172 Refert
1810 2116 2026 2171 deinde
2064 2132 2198 2186 qua:

546 2208 607 2261 in
636 2206 829 2263 Africa
862 2207 1131 2262 secunda
1164 2207 1531 2279 adversaque
1576 2206 1825 2275 gesserit
1866 2205 2195 2261 Basiliscus.

548 2296 803 2351 Leonem
846 2311 1087 2368 quoque
1137 2296 1323 2351 multa
1369 2295 1659 2351 volentem
1712 2294 2198 2366 molientemque,

546 2402 664 2457 quo
695 2386 988 2440 Zenonem
1040 2400 1323 2453 generum
1357 2386 1776 2458 imperatorem
1820 2384 2199 2442 renuntiaret,

547 2474 717 2546 plebe
749 2481 1145 2545 repugnante,
1179 2475 1423 2529 minime
1459 2474 1515 2529 id
1550 2474 1794 2545 quidem
1822 2473 2051 2527 etlicere
2100 2490 2203 2544 po-

547 2563 752 2618 tuisset
802 2580 813 2616 :
861 2562 968 2617 sed
1040 2562 1220 2633 paulo
1282 2570 1423 2618 ante
1490 2561 1743 2626 obitum,
1794 2570 2071 2632 nepotem
2131 2577 2201 2617 ex

544 2651 806 2707 Ariadna
835 2657 890 2707 et
928 2654 1160 2707 Zenone
1192 2656 1421 2717 natum,
1456 2666 1688 2707 creasse
1743 2668 1754 2705 :
1789 2652 1868 2705 ita
1902 2656 2033 2721 post
2064 2650 2200 2706 Leo-

545 2743 636 2796 nis
653 2757 960 2797 excessum
995 2757 1030 2796 a
1069 2741 1262 2797 Leone
1306 2741 1431 2797 ﬁlio
1460 2744 1754 2796 Zenonem
1798 2745 2047 2812 patrem,
2112 2756 2200 2795 as-

546 2832 831 2887 sentiente
862 2837 1093 2895 senatu,
1144 2847 1276 2887 esse
1346 2832 1768 2903 imperatorem
1824 2837 2196 2886 coronatum.

546 2921 687 2978 Hinc
716 2921 1046 2975 Isaurorum
1080 2925 1333 2976 stemma
1366 2936 1470 2992 per
1518 2920 1696 2975 series
1741 2920 2047 2990 descripsit
2098 2936 2200 2974 au-

544 3015 689 3073 ctor,
727 3015 902 3081 atque
932 3010 1062 3064 illos
1098 3025 1226 3064 esse
1260 3012 1412 3065 Esau
1469 3014 1736 3080 posteros
1794 3025 1863 3062 ac
1929 3008 2197 3064 sobolem

545 3097 807 3152 studiose
840 3097 1197 3168 persuadere
1225 3104 1502 3152 conatur.
1532 3100 1597 3153 Ut
1619 3114 1654 3151 a
1682 3097 1893 3151 Verina
1914 3096 2197 3168 deceptus

544 3186 740 3241 Zenon
774 3189 909 3254 (96),
944 3185 1161 3253 fugerit
1191 3201 1329 3239 cum
1365 3200 1551 3240 uxore
1584 3201 1651 3239 ac
1686 3190 1870 3239 matre
1924 3201 1993 3239 ex
2031 3188 2194 3251 urbe,

543 3273 949 3344 imperioque:
978 3279 1159 3343 utque
1187 3275 1401 3329 Verina
1429 3289 1534 3342 spe
1566 3274 1933 3343 adjungendi
1958 3273 2069 3328 sibi
2093 3275 2197 3329 Pa-

544 3361 776 3416 tricium
811 3360 1441 3434 magistrum,foreque
1472 3367 1532 3417 ut
1562 3363 2195 3433 imperaret,generum

543 3446 1365 3521 suum[Zenonem]fugaverit
1388 3467 1492 3523 per
1524 3451 1962 3522 fraudem,quze
1998 3459 2191 3507 tamen

544 3554 681 3611 spes
703 3555 838 3594 eam
864 3538 1149 3603 fefellerit,
1183 3556 1308 3594 cum
1328 3539 1384 3605 ii,
1411 3539 1594 3611 quiin
1627 3540 1978 3609 magistratu
2006 3548 2193 3604 erant,

542 3627 886 3685 Basiliscum
941 3628 1069 3698 ejus
1127 3627 1365 3684 fratrem
1427 3629 1848 3700 imperatorem
1898 3632 2193 3685 renuntia-

540 3722 696 3772 runt.
724 3718 802 3772 De
825 3718 1164 3772 Isaurorum
1189 3716 1521 3773 incredibili
1544 3717 2196 3789 Constantinopolitana

539 3806 600 3860 in
632 3804 777 3860 urbe
808 3805 1183 3877 caede,utque
1201 3810 1335 3877 post
1359 3811 1637 3877 nepotem
1658 3808 2063 3862 Romanorum
2090 3808 2194 3862 im-

537 3901 896 3968 peratorem,
957 3896 1187 3950 Orestes
1244 3900 1413 3966 pater
1471 3898 1875 3964 Augustulum
1924 3898 2193 3952 Romano

539 3982 866 4056 praefecerit
900 3984 1168 4056 imperio.
1206 3986 1271 4040 Et
1299 3983 1425 4040 haec
1457 3983 1575 4041 fere
1624 3984 1776 4040 libro
1810 3985 2002 4056 primo
2057 4001 2194 4041 nar-

536 4081 628 4130 rat
654 4074 976 4129 Candidus.

608 4163 801 4218 Altero
832 4178 971 4217 vero
1003 4162 1155 4218 libro
1195 4162 1331 4217 ista.
1396 4162 1679 4218 Patricius
1727 4164 2030 4230 magister,
2088 4162 2191 4235 qui

536 4266 673 4306 cum
714 4251 923 4304 Verina
950 4250 1448 4305 consuetudinem
1504 4251 1791 4315 habebat,
1843 4252 2191 4324 indignante

537 4340 669 4409 ipso
690 4337 989 4402 Basilisco,
1026 4338 1216 4409 periit.
1256 4340 1584 4411 Eapropter
1610 4340 1668 4394 in
1700 4339 1944 4397 fratrem
1978 4342 2193 4397 Verina

536 4425 677 4482 odio
702 4431 1015 4497 concepto,
1047 4442 1115 4480 ac
1142 4429 1436 4481 Zenonem
1478 4427 1695 4498 opibus
1734 4430 1808 4483 ad
1842 4446 2189 4501 recuperan-

535 4515 674 4571 dum
700 4514 1017 4587 imperium
1042 4513 1631 4586 adjuvans,extrema
1662 4533 1916 4591 quisque
1953 4536 1984 4573 a
2012 4518 2189 4575 fratre

534 4604 792 4673 pertulit,
834 4620 903 4660 ac
936 4604 1043 4659 nisi
1075 4620 1103 4657 e
1130 4603 1350 4674 templo
1382 4605 1658 4659 Armatus
1698 4622 1829 4660 eam
1870 4607 2021 4661 clam
2056 4609 2191 4663 sub-

536 4695 818 4757 duxisset,
852 4693 1000 4749 forte
1040 4697 1095 4749 et
1148 4694 1279 4764 ipsa
1318 4708 1347 4747 e
1407 4694 1604 4749 medio
1663 4695 1899 4751 sublata
1958 4696 2187 4752 fuisset.

538 4784 682 4838 Cum
714 4782 978 4839 Basilisci
1005 4782 1221 4839 deinde
1252 4798 1435 4837 uxore
1454 4782 1568 4853 (97)
1596 4783 1965 4839 adulteratus
1994 4791 2191 4842 Arma-

538 4877 654 4940 tus,
686 4872 759 4926 ad
795 4889 1098 4928 summam
1127 4872 1393 4944 pervenit
1415 4873 1761 4945 potentiam,
1800 4874 1950 4929 adeo
1982 4881 2041 4931 ut
2072 4882 2193 4932 tan~

533 4960 672 5017 dem
703 4959 755 5015 ei
789 4959 1205 5033 bellum,quod
1227 4960 1519 5017 adversus
1533 4963 1833 5018 Zenonem
1854 4964 2187 5033 gerebatur,

1798 298 2045 355 PHOTIl
2076 295 2345 355 PATRIA
2360 296 2575 353 RCHE
2601 296 2709 355 ΟΡ.

3762 310 3853 361 252

2236 422 2282 477 Α
2316 428 2405 477 καὶ
2458 423 2719 486 Βιϐιανοῦ,
2752 428 2842 476 xui
2896 425 2961 485 ὡς
3010 429 3124 496 περὶ
3175 426 3334 479 αὐτῶν
3384 424 3627 498 διηνέχθη
3668 429 3854 506 Ἀσπαρ

2314 518 2403 565 καὶ
2452 515 2475 564 ό
2536 512 2806 585 βασιλεὺς,
2832 518 2918 565 καὶ
2961 516 3045 565 οἷα
3095 516 3163 577 εἰς
3208 515 3449 577 ἀλλήλους
3493 516 3854 588 ἀπεφθέγξαντο.

2318 606 2415 653 Καὶ
2446 604 2508 661 ὡς
2550 604 2574 653 ὁ
2622 601 2872 673 βασιλεὺς
2904 600 2997 654 διὰ
3034 612 3184 655 τοῦτο
3215 606 3514 678 ᾑταιρίσατο
3556 610 3608 657 τό
3637 610 3679 640 9‘
3708 606 3856 659 ἰσαύ-

2312 710 2413 762 ρων
2460 695 2601 761 γένος
2649 688 2742 743 διὰ
2783 689 3227 763 Ταρασικοδίσσα
3255 696 3299 729 97
3328 692 3854 763 Ῥουσουμϐλάδεὼτου,

2313 782 2366 831 ὅν
2414 786 2502 832 καὶ
2550 786 2759 838 Ζήνωνα
2802 784 3161 852 μετονομάσας
3199 782 3425 855 γαμϐρόν
3469 782 3747 847 ἐποιήσατο,
3777 790 3855 843 τὴν

2312 874 2558 943 προτέραν
2618 877 2842 941 γυναῖκα
2914 873 3134 923 θανάτου
3190 878 3323 943 νόμῳ
3376 872 3701 927 ἀποϐαλόντα.
3770 881 3855 927 Καὶ

2310 961 2375 1019 ὡς
2422 957 2803 1033 Ἀρδαϐούριος
2857 960 2926 1022 εἰς
2981 964 3038 1011 τὸ
3095 960 3315 1012 ἐναντίον
3372 961 3573 1031 μελετῶν
3623 981 3687 1033 τῳ
3724 960 3856 1033 βασι-

2308 1048 2385 1100 λεῖ
2440 1054 2528 1099 καὶ
2581 1049 2731 1108 αύτὸς
2796 1049 3288 1107 οἰκειοποιὴσασθαι
3332 1054 3449 1110 τοὺς
3498 1050 3745 1120 ἰσαύρους
3790 1047 3855 1102 ὄι-

2310 1140 2513 1196 ενοήθη·
2558 1143 2645 1189 καὶ
2692 1141 2771 1190 ὅτι
2824 1146 3102 1210 Μαρτὶνος,
3153 1142 3339 1201 οἰκεῖος
3385 1141 3448 1190 ὡν
3493 1136 3856 1212 Ἀρδαϐουρίου,

2308 1230 2489 1299 μηνύει
2542 1224 2986 1300 Ταρασικοδίσσα
3040 1229 3167 1302 ἅπερ
3234 1225 3595 1302 Ἀρδαϐουρίῳ
3646 1228 3689 1261 9⁸
3747 1230 3860 1279 κατὰ

2309 1314 2567 1388 βασιλέως
2611 1315 2889 1389 έτυρεύετο·
2946 1323 3035 1369 καὶ
3087 1319 3151 1377 ὡς
3197 1316 3419 1370 ἐντεῦθεν
3480 1318 3529 1378 ἐς
3587 1320 3641 1369 τό
3690 1319 3862 1387 τραχύ·

2310 1424 2449 1477 τερον
2507 1414 2602 1467 τῆς
2650 1404 2693 1466 ές
2752 1406 2995 1466 ἀλλήλους
3050 1408 3293 1467 ὑπονοίας
3340 1409 3386 1442 ’9
3426 1409 3698 1477 προϊούσης
3744 1404 3862 1456 ἀναι-

2306 1501 2385 1565 ρεῖ
2436 1498 2573 1546 Λέων
2620 1496 2643 1545 ό
2694 1493 2941 1566 βασιλεύς
2980 1501 3229 1568 Ἀσπαρα
3257 1501 3345 1547 καὶ
3391 1500 3505 1556 τούς
3542 1492 3739 1555 παῖδας,
3768 1494 3865 1565 Ἀρ-

2309 1579 2587 1656 δαϐούριον
2635 1590 2724 1635 καὶ
2766 1589 3043 1655 Ιῐατρίκιον
3097 1588 3183 1636 τόν
3244 1590 3502 1656 Καίσαρα.
3556 1583 3679 1636 Ἀλλ’
3720 1585 3742 1633 ό
3789 1584 3863 1653 μὲν

2310 1678 2511 1745 Καῖσαρ
2562 1682 2659 1723 τῶν
2715 1673 2920 1743 πληγῶν
2977 1673 3255 1744 ἀνενεγκὼν
3308 1669 3611 1745 παραδόξως
3664 1669 3862 1728 διεσώθη

2234 1772 2277 1829 Β
2307 1766 2395 1811 καὶ
2428 1758 2691 1821 διέζησεν.
2721 1762 2876 1816 Ἀλλά
2924 1768 3012 1814 καὶ
3050 1765 3071 1814 ό
3128 1764 3298 1836 ἕτερος
3339 1771 3436 1813 τῶν
3475 1757 3669 1813 παίδων
3712 1761 3865 1832 Ἀρμε-

2307 1855 2513 1922 νέριχος
2570 1851 2628 1901 ού
2680 1856 2963 1923 συμπαρὼν
3009 1860 3079 1922 τῷ
3131 1854 3279 1922 φύντι
3334 1854 3417 1903 τόν
3471 1856 3611 1922 φόνον
3659 1855 3761 1902 τότε
3800 1844 3865 1899 δι-

2310 1944 2478 2012 έφυγε.
2508 1938 2975 2013 Ταρασικοδίσσαν
3005 1937 3064 1993 δὲ
3115 1940 3353 2013 ’γαμϐρόν
3384 1942 3598 2011 θυγατρὶ
3645 1933 3863 2011 Ἀριάδνη

2312 2033 2449 2082 Λέων
2484 2032 2497 2063 ¹
2534 2032 2558 2080 ό
2616 2028 2867 2101 βασιλεύς
2922 2038 3166 2100 ποιεῖται,
3238 2035 3330 2082 καὶ
3396 2029 3720 2102 μετονομάζει
3786 2031 3869 2083 Ζή-

2309 2138 2459 2183 νωνα,
2496 2122 2790 2190 στρατηγόν
2821 2126 2915 2180 τῆς
2950 2118 3051 2173 Ἐω
3099 2125 3502 2190 χειροτονήσας.
3551 2122 3644 2171 Καὶ
3672 2120 3731 2168 τά
3757 2116 3870 2168 κατά

2312 2206 2558 2281 Ἀφρικὴν
2616 2208 2930 2261 Βασιλίσκου
2984 2208 3332 2279 εὐτυχήματά
3388 2228 3439 2262 τε
3484 2212 3569 2259 καὶ
3620 2203 3871 2276 δυστυχή-

2312 2316 2471 2369 ματα.
2525 2302 2623 2350 Καὶ
2677 2301 2740 2359 ὡς
2795 2301 2931 2351 Λέων
2978 2297 3141 2349 πολλὰ
3195 2296 3472 2370 βουληθεὶς
3514 2302 3599 2349 καὶ
3632 2292 3873 2367 διαμηχα-

2310 2389 2595 2457 νησάμενος
2647 2393 2856 2444 Ζήνωνα
2907 2391 2992 2439 τόν
3048 2386 3284 2460 γαμϐρόν
3370 2386 3583 2439 ἀνειπεῖν
3660 2383 3872 2457 βασιλέα,

2312 2484 2409 2526 τῶν
2436 2477 2676 2533 ὑπηκόων
2701 2480 2770 2548 μὴ
2800 2472 3263 2547 παραδεχομένων,
3299 2476 3425 2548 [176
3453 2475 3545 2547 R.]
3570 2474 3658 2526 οὐχ
3681 2476 3873 2544 ἶσχνσε.

2316 2570 2414 2616 Καὶ
2457 2569 2524 2627 ὡς
2572 2568 2670 2637 πρό
2728 2564 2963 2626 τελευτῆς
3010 2564 3168 2616 αὑτοῦ
3219 2568 3304 2617 τὸν
3357 2568 3560 2637 ἔγγονον
3608 2567 3692 2635 μὲν
3740 2562 3874 2613 αὑτοῦ

2310 2652 2363 2704 ἐκ
2395 2660 2624 2715 Ζήνωνος
2656 2657 2819 2725 φύντα
2858 2662 2925 2725 τῇ
2959 2650 3234 2728 Ἀριάδντγ
3268 2659 3361 2707 καὶ
3391 2658 3459 2716 ὡς
3505 2655 3630 2725 μετά
3667 2651 3873 2709 τελευτὴν

2314 2746 2529 2804 Λέοντος
2558 2746 2582 2795 ό
2631 2751 2754 2804 παῖς
2796 2747 2935 2797 Λέων
2976 2748 3187 2800 Ζήνωνα
3224 2746 3312 2795 τὸν
3353 2747 3571 2816 πατέρα,
3618 2744 3873 2794 συναινέσει

2308 2842 2397 2892 τῆς
2450 2831 2662 2905 βουλῆς,
2723 2830 2946 2904 βασιλέα
2978 2832 3259 2906 ²ἕστρεψι
3319 2837 3650 2907 Λεπτομερης
3699 2849 3745 2882 τε
3796 2836 3877 2889 τῆς

2308 2921 2558 2994 Ἰσαύρων
2611 2920 2933 2992 γενεαλογίας
2986 2920 3263 2994 ἀφήγησις
3295 2926 3387 2974 καὶ
3442 2925 3505 2981 ὡς
3552 2924 3722 2978 εἴησαν
3766 2916 3874 2969 ἀπό-

2309 3030 2447 3079 γονοι
2483 3018 2572 3061 τού
2618 3010 2804 3075 Ἠσαυ,
2839 3010 2995 3069 πολλὴ
3047 3007 3253 3069 σπουδὴ
3298 3016 3389 3064 xui
3435 3007 3876 3083 διήγησις.’οπως

2228 3127 2268 3181 C
2305 3118 2356 3151 τε
2433 3106 2605 3157 Ζήνων
2677 3101 2775 3151 ὑπό
2858 3104 3075 3172 Βηρίνης
3127 3099 3415 3163 ἀπατηθεὶς
3470 3103 3640 3172 φεύγει
3690 3100 3875 3168 γυναικὶ

2306 3190 2415 3259 ἅμα
2471 3194 2559 3241 καὶ
2611 3193 2770 3263 μητρὶ
2819 3196 2913 3250 τῆς
2959 3188 3151 3250 πόλεως
3197 3195 3287 3241 καὶ
3336 3199 3432 3250 τῆς
3486 3187 3762 3261 βασιλείας⁵
3800 3188 3877 3237 καὶ

2307 3279 2375 3338 ὡς
2407 3283 2617 3349 Βηρῖνα,
2669 3273 2841 3329 ἐλπίδι
2890 3285 2981 3329 τού
3016 3279 3339 3348 συναφθῆναι
3395 3281 3656 3352 Πατρικίῳ
3706 3283 3769 3343 τῲ
3795 3293 3876 3343 μα-

2304 3371 2503 3438 γίστρῳ
2552 3371 2639 3417 xui
2694 3365 2983 3419 Βασιλεύειν
3032 3366 3185 3417 αὑτὸν
3217 3367 3350 3417 ³ϊόν
3404 3366 3637 3439 γαμϐρόν
3685 3362 3876 3422 αὐτῆς⁸

2306 3451 2686 3527 φυγαδεύσασα
2717 3454 2768 3517 ἐξ
2794 3454 3017 3521 ἀπάτης,
3060 3460 3149 3506 καὶ
3196 3455 3327 3513 αύτὴ
3376 3465 3475 3517 τῆς
3506 3452 3709 3514 ἐλπίδος
3737 3452 3877 3523 ἐσφάο

2304 3541 2387 3605 λη,
2422 3552 2519 3594 τῶν
2552 3542 2598 3593 έν
2644 3543 2770 3594 τέλει
2806 3543 3115 3595 Βασιλίσκον
3156 3546 3241 3595 τόν
3294 3543 3459 3604 αὐτῆς
3516 3540 3725 3614 ἀδελφόν
3763 3539 3875 3590 ἀνει-

2304 3636 2499 3683 πόντων
2548 3630 2789 3702 βασιλέα.
2829 3638 2951 3707 Περί
3004 3651 3057 3683 τε
3112 3640 3204 3694 τῆς
3238 3632 3496 3705 Ἰσαύρων
3548 3630 3594 3683 ἒν
3639 3638 3877 3684 Κωνσταν-

2304 3720 2591 3773 τινουπόλει
2646 3720 2914 3791 ἀμυθήτου
2968 3729 3190 3791 σφαγῆς.
3250 3724 3345 3772 Καὶ
3402 3724 3467 3781 ὡς
3514 3724 3639 3792 μετά
3686 3723 3881 3771 Νέπωτα

2306 3808 2529 3882 βασιλέα
2595 3810 2791 3882 Ῥώμης
2845 3809 3240 3880 Αύγούστουλον
3300 3810 3325 3861 ό
3402 3815 3579 3882 πατὴρ
3659 3810 3881 3882 Ὀρέστης

2301 3900 2497 3971 Ῥωμης
2561 3898 2916 3972 κατεπράξατο
2966 3896 3287 3971 βασιλεύειν.
3372 3906 3556 3952 Ταύτα
3629 3900 3653 3950 ό
3702 3905 3881 3970 πρῶτος

2302 3988 2471 4059 λόγος.

2372 4164 2428 4216 ιΟ
2487 4160 2543 4218 δε
2600 4160 2856 4239 δεύτερος,
2911 4167 3044 4225 ὅπως
3094 4169 3369 4239 Πατρίκιος
3433 4168 3459 4218 ό
3517 4168 3815 4239 μάγιστρος,
3860 4162 3880 4211 ὁ

2306 4258 2491 4328 Βηρίνη
2598 4256 3055 4328 συμφθειρόμενος,
3134 4254 3665 4326 ἐπαγανακτησαντος
3761 4253 3883 4318 αὐτῷ

2304 4343 2618 4395 Βασιλίσκου
2664 4341 2877 4408 amem,
2910 4349 3003 4396 xui
3053 4340 3145 4395 διὰ
3191 4352 3343 4396 τοῦτο
3374 4351 3571 4420 Βηρῖνα
3599 4342 3672 4396 δι’
3709 4344 3885 4414 ἔχθρας

3134 4254 3665 4326 ἐπαγανακτησαντος

2226 4475 2271 4531 D
2302 4437 2425 4505 πρὸς
2478 4438 2563 4485 τὸν
2617 4430 2837 4504 ἀδελφὸν
2884 4439 3215 4496 καταστᾶσα,
3260 4438 3349 4485 καὶ
3384 4440 3587 4493 Ζήνωνι
3634 4430 3723 4486 διὰ
3765 4450 3886 4504 χρη·

2301 4523 2475 4593 μάτων
2534 4526 2626 4578 τὴν
2669 4527 2770 4583 ’τῆς
2815 4520 3088 4592 βασιλείας
3144 4520 3399 4591 ἀνάληψιν
3464 4524 3881 4595 συμπράττουσα,

2301 4613 2366 4662 τὰ
2412 4614 2620 4681 ἔσχατα
2660 4612 2889 4681 ἔπασχεν
2944 4612 3041 4663 ὑπὸ
3084 4612 3103 4645 ⁵
3144 4618 3231 4663 τοῦ
3287 4608 3538 4682 ἀδελφοῦ,
3600 4616 3690 4664 xui
3741 4610 3780 4662 εἰ
3822 4612 3884 4679 μὴ

2302 4696 2564 4770 διέκλεψεν
2598 4698 2757 4756 αὐτὴν
2788 4698 3039 4773 Ἀρμάτος
3071 4701 3090 4733 ⁶
3118 4698 3171 4750 ix
3223 4707 3313 4751 τοῦ
3344 4708 3492 4768 ναού,
3544 4704 3690 4771 τάχα
3733 4700 3789 4750 οἶν
3812 4699 3887 4747 xui

2303 4785 2585 4859 διεφθάρη.
2641 4787 2722 4847 Ὠς
2755 4789 2773 4820 ’³
2807 4786 2931 4860 [103
2986 4788 3069 4857 Η.]
3106 4787 3364 4861 Ἀρμάτος
3395 4795 3457 4859 τῇ
3490 4796 3690 4861 γαμετῇ
3721 4789 3741 4823 ⁸
3785 4806 3892 4839 συν-

2303 4874 2727 4947 διαφθειρόμενος
2808 4875 3121 4928 Βασιλίσκου
3204 4876 3286 4928 ἐπὶ
3371 4880 3507 4948 μέγα
3590 4874 3889 4934 δυναστείας

2302 4967 2461 5037 ἡρθη,
2502 4970 2589 5016 καὶ
2631 4968 2700 5025 ὡς
2751 4964 2961 5037 ὕστερον
3003 4968 3089 5017 τόν
3142 4967 3276 5017 κατά
3321 4972 3560 5027 Ζήνωνος
3607 4966 3892 5023 πιστευθεὶς

1876 5053 2106 5110 VABIE
2148 5054 2545 5112 LECTIONES.

604 5178 651 5212 ⁰⁶
681 5175 764 5249 τὸ]
805 5178 861 5253 τό
892 5184 991 5253 τῷν
1025 5197 1081 5239 ς.
1159 5177 1205 5212 ⁸⁷
1236 5171 1667 5253 Τηρρισικοδίσαῌ
1694 5197 1746 5253 ς.
1773 5250 1778 5253 _
1827 5178 1873 5212 ⁹⁸
1918 5175 2300 5253 ’Λρδαϐούριος
2338 5201 2391 5243 ς’.
2434 5252 2439 5253 γ
2472 5181 2521 5253 θῆ
2566 5176 2787 5238 ἐπινοίας
2819 5181 2882 5233 Α.
2964 5179 2979 5213 ¹
3012 5178 3134 5253 λέων
3160 5178 3377 5231 λαϐὼνὸ

1350 5246 1464 5308 irit;
1496 5268 1549 5311 ς’.
1650 5249 1670 5282 ⁵
1698 5248 1823 5321 ὑπὲρ
1858 5270 1911 5313 ς’.
1983 5246 2013 5285 ’⁸
2044 5246 2276 5324 ἁρμάτος
2296 5266 2384 5323 pr.
2414 5252 2460 5304 A
2499 5250 2752 5323 ἁρμάτιος
2787 5265 2938 5305 corr.

536 5244 665 5318 βασ.
689 5244 764 5321 ς.-
840 5252 858 5282 ³
893 5248 1059 5321 αὐτῶν
1091 5268 1144 5311 ς.
1244 5248 1264 5280 ⁴
1301 5244 1464 5308 αὐτῆς
1496 5268 1549 5311 ς’.
1650 5249 1670 5282 ⁵
1698 5248 1823 5321 ὑπὲρ
1858 5270 1911 5313 ς’.

534 5322 673 5369 ναικὶ
702 5319 786 5374 sic
812 5323 868 5375 et
898 5319 1053 5375 intra
1075 5340 1131 5381 ς·-

3571 5182 3592 5215 :
3629 5177 3788 5252 sua.)
3812 5182 3894 5230 xui

3418 5251 3437 5285 ⁸
3458 5260 3666 5323 γαμετῇ
3692 5255 3736 5306 Α
3767 5251 3782 5305 ξ
3811 5271 3895 5321 γυ-

3014 5251 3033 5283 ⁷
3070 5254 3158 5302 καὶ
3180 5253 3248 5311 ὡς
3284 5272 3339 5315 ς’.

2099 5442 2325 5501 ΝΟΤΕ.

603 5531 844 5672 ἐθωΑι.
888 5530 1363 5608 Ετωευιιτίοὶιυε.

628 5606 717 5670 95)
751 5602 938 5658 Multis
977 5603 1049 5657 de
1088 5602 1203 5657 hoc
1238 5602 1363 5658 Suic

628 5606 717 5670 95)
751 5602 938 5658 Multis
977 5603 1049 5657 de
1088 5602 1203 5657 hoc
1238 5601 1406 5658 Suid.

599 5674 710 5747 (96)
738 5676 894 5731 Duas
925 5673 1037 5747 ipsi
1068 5671 1578 5745 Constantinopoli
1607 5678 1829 5731 erectas
1871 5673 2183 5733 columnas

2294 5532 2602 5603 descripsit
2631 5532 2798 5589 Suid.
2836 5534 2897 5591 in
2924 5534 3149 5590 Verina.

2365 5604 2481 5675 (97)
2526 5606 2839 5681 Zen‘onid‘e.
2868 5608 3019 5677 Lege
3054 5605 3227 5678 plura
3253 5620 3395 5662 voce
3434 5603 3753 5679 ’Appdnog,
3783 5607 3897 5681 Ἀρ-

2293 5676 2452 5749 μάτος
2485 5676 2649 5749 apud
2680 5675 2845 5734 Suid.
