4036 6214
180 326 264 380 233

1261 311 1754 367 BlBLlOTHECA.
1794 342 1861 351 -ο
1901 311 2061 368 COD.
2110 315 2354 373 LXXIXI.

3394 318 3502 375 254

180 423 356 493 πόλεμον
400 415 650 469 ἀπέκλινεν
703 413 789 467 ἰπὶ
872 414 1159 474 συνθήκαις
1232 407 1304 464 δι’
1375 412 1535 464 Ἰλλου
1614 415 1727 484 πρὸς

1853 416 2143 469 creditum
2168 415 2359 482 fuerit,
2382 415 2457 471 ad
2490 431 2671 488 quem
2696 420 2893 474 tamen
2928 416 3101 473 certis
3122 416 3311 488 pactis
3345 418 3501 490 56a

180 512 321 574 αὑτὸν,
350 512 425 558 καὶ
476 502 770 576 εὐδοκιμῶν
828 502 913 556 ἰπὶ
967 507 1218 567 Ζήνωνος,
1277 503 1347 563 ὡς
1389 505 1480 552 καὶ
1520 504 1604 552 τὸν
1626 502 1736 552 υἱὸν

180 599 437 655 Βασιλίσκον
490 598 737 667 Καίσαρα
785 589 936 656 ἰδεῖν,
984 592 1198 665 ὕστερον
1243 588 1615 663 ἐκρεουργήθη,
1647 593 1737 641 καὶ

175 692 318 747 ὀπαῖς
364 684 413 737 έκ
470 690 559 736 τοῦ
615 684 635 717 ⁹
696 686 967 753 Καίσαρος
1045 680 1110 740 εἰς
1151 683 1271 739 τοὺς
1326 677 1374 731 έν
1424 678 1736 751 Βλαχέρναις

178 778 462 847 ἀναγνώστας
522 771 766 824 ἐτέλεσεν.
845 769 935 831 Ὠς
1012 772 1111 842 πρὸ
1184 770 1377 820 τούτων
1426 767 1735 828 Βασιλίσκος

176 866 442 941 Μάρκοντὸν
496 858 635 914 ἴδιον
671 862 783 912 υἱὸν
838 862 1081 932 Καίσαρα
1127 855 1326 910 ἀνεῖπεν
1374 858 1443 923 ¹⁰,
1488 854 1601 909 εἶτα
1646 861 1733 909 καὶ

173 953 369 1024 βασιλέα.
416 952 517 1005 Καὶ
582 951 647 1009 ὡς
698 946 886 1008 Ἰλλοῡς
940 945 1127 1003 συνέϐη
1187 952 1384 1003 Ζήνωνι
1428 945 1495 1005 εἰς
1538 944 1730 1016 φιλίαν,

169 1049 239 1095 καὶ
282 1042 416 1093 πάλιν
485 1036 757 1090 ἀναλαϐεῖν
838 1038 1195 1110 παρεσκεύασε
1274 1039 1368 1093 τὴν
1433 1032 1726 1106 βασιλείαν.

169 1137 246 1185 Καὶ
302 1133 364 1190 ὡς
411 1127 900 1187 καταστασιασθεὶς
958 1123 1211 1197 βασιλεὺς
1263 1128 1357 1175 σύν
1407 1130 1469 1195 τῇ
1516 1126 1729 1194 γυναικὶ

168 1216 380 1277 Ζηνωνίδι
413 1221 501 1269 καὶ
548 1222 743 1276 τέκνοις
799 1217 1109 1287 καταφεύγει
1161 1213 1233 1273 εἰς
1259 1218 1351 1271 τὴν
1391 1212 1727 1278 Ἐκκλησίαν,

164 1309 353 1361 κάκεῖθεν
408 1306 585 1379 ἀπάτη
642 1305 907 1377 Ἀρμάτου
986 1302 1246 1363 ἐκϐληθεὶς
1319 1302 1609 1376 ἐξορίζεται
1658 1302 1730 1363 εἰς

166 1394 519 1461 Καππαδοκίαν,
566 1392 678 1447 εἶτα
726 1398 972 1465 παγγενεὶ
1054 1394 1099 1429 ﬂ
1175 1393 1589 1464 κατασφάζεται.
1646 1391 1729 1451 Ὠς

162 1493 319 1563 Πέτρου
348 1493 434 1538 τοῦ
464 1482 763 1544 δυσσεϐοῦς
800 1486 895 1545 τὰς
922 1490 1017 1545 τῆς
1067 1481 1349 1545 Ἀνατολῆς
1374 1484 1731 1554 ταράσσοντος

162 1576 425 1635 Ἐκκλησίας
498 1569 846 1627 Καλανδίωνα
901 1577 1075 1630 Ζήνων
1129 1572 1154 1623 ὁ
1229 1568 1480 1639 βασιλεὺς
1558 1570 1624 1631 εἰς
1670 1573 1728 1621 τό

162 1667 357 1739 ἱερᾶσθαι
380 1666 714 1734 Ἀντιοχείας
767 1659 1033 1713 ἀπέστειλε
1072 1662 1130 1725 ¹²,
1185 1666 1274 1712 καὶ
1320 1655 1557 1730 δεόμενος
1586 1679 1731 1732 χρη-

1852 501 1980 556 Hilli
2009 503 2125 575 (98)
2151 519 2333 577 opera
2367 505 2823 571 conditionibus,
2858 506 3083 561 defecit.
3116 506 3239 562 Sub
3271 510 3499 562 Zenone

1847 591 2025 661 igitur
2058 594 2200 648 tanti
2240 610 2374 649 cum
2425 602 2577 651 esset
2616 597 2877 651 nominis
2908 598 3202 659 Armatus,
3241 602 3384 652 utet
3430 596 3503 651 ﬁ-

1846 680 1988 735 lium
2012 682 2353 737 Basiliscum
2374 683 2669 739 Caesarem
2706 685 2930 753 viderit,
2949 690 3083 756 post
3110 684 3500 741 nihilominus

1849 769 1903 823 in
1930 769 2118 826 frusta
2142 771 2474 843 discerptus
2504 778 2595 829 est
2627 774 2738 844 (99)
2771 779 2827 829 et
2848 790 2995 846 puer
3020 775 3148 845 ipse
3179 790 3245 829 ex
3271 776 3501 831 Cassare

1847 857 1998 913 inter
2032 858 2280 915 lectores
2312 862 2369 915 in
2404 861 2736 917 Blachernis
2766 863 3025 935 proﬁteri
3070 863 3268 934 ccepit.
3304 863 3501 919 Basili-

1844 964 1978 1003 scus
2006 953 2142 1004 ante
2170 949 2298 1005 haec
2328 951 2596 1007 Marcum
2625 952 2810 1006 tilium
2838 951 3125 1008 Caesarem
3158 958 3403 1017 crearat,
3430 970 3499 1010 ac

1845 1042 1977 1108 post
2019 1037 2194 1094 etiam
2227 1038 2660 1111 imperatorem.
2695 1040 2875 1095 Hillus
2918 1057 3051 1096 cum
3085 1044 3315 1097 Zenone
3356 1058 3501 1098 con-

1840 1126 2035 1182 ciliata
2054 1128 2313 1183 amicitia
2334 1130 2648 1201 imperium
2674 1130 2865 1185 eidem
2886 1146 3236 1201 recuperare
3256 1130 3494 1186 studuit.

1842 1215 2149 1272 Basiliscus
2180 1218 2379 1289 itaque
2407 1235 2442 1273 a
2472 1219 2764 1274 seditiosis
2797 1224 3125 1290 superatus.
3151 1236 3290 1275 cum
3321 1224 3501 1277 Zeno-

1840 1304 1977 1360 nide
1995 1309 2248 1377 conjuge
2271 1325 2340 1363 ac
2360 1307 2553 1364 liberis
2580 1310 2635 1363 in
2670 1308 2955 1381 templum
2986 1325 3046 1364 se
3079 1309 3317 1382 recepit,
3341 1310 3499 1366 unde

1840 1394 2061 1449 Armati
2090 1395 2402 1452 fraudibus
2434 1403 2749 1465 extractus,
2772 1405 2827 1454 et
2856 1400 2911 1453 in
2945 1399 3391 1471 Cappadociam
3409 1416 3501 1455 re-

1840 1483 2092 1553 legatus,
2122 1501 2254 1541 mox
2304 1502 2439 1541 cum
2476 1492 2598 1542 tota
2645 1488 2824 1559 stirpe
2858 1504 3047 1543 caesus
3076 1494 3179 1543 est.
3215 1488 3362 1543 Cum
3404 1489 3500 1544 Pe-

1841 1580 1961 1628 trus
2007 1574 2088 1647 (l)
2151 1575 2243 1630 ille
2293 1576 2507 1647 impius
2557 1578 2808 1634 Orientis
2876 1579 3137 1633 turbaret
3189 1579 3495 1646 Ecclesias,

1842 1665 2003 1719 misit
2026 1668 2177 1719 Zeno
2205 1665 2527 1737 imperator
2554 1668 3002 1731 Calandionem,
3031 1673 3093 1722 ut
3117 1667 3496 1723 Antiochenaa

158 1759 298 1825 μάτων
325 1754 374 1805 ἑκ
403 1754 722 1825 μηνυμάτων
768 1753 1008 1822 ἐπέτυχε,
1064 1754 1152 1802 καὶ
1186 1748 1364 1801 πολλοὶ
1388 1753 1725 1820 νεωτερίσαν-

1838 1752 1992 1808 sedis
2021 1754 2338 1826 episcopus
2386 1764 2737 1811 sacraretur.
2774 1759 2919 1813 Cum
2957 1757 3094 1812 item
3127 1758 3381 1828 pecunia
3410 1758 3497 1812 in-

163 1862 221 1904 τες
242 1842 342 1895 κατ’
364 1843 522 1895 αὐτοῦ
556 1846 647 1893 καὶ
678 1840 949 1900 ἔαλωκότες
1004 1836 1158 1897 δίκην
1188 1835 1398 1891 ἔδοσαν.
1424 1837 1508 1898 Ὠς
1538 1837 1727 1899 Ἰλλοῡς

158 1932 367 2004 πολλὰτῇ
423 1931 695 2003 Ῥωμαίων
766 1933 1045 2000 συνήνιγκε
1088 1927 1319 1999 πολιτείᾳ
1380 1935 1489 1987 ταῖς
1518 1930 1729 1979 τεκατά

157 2020 334 2091 πόλεμον
379 2018 768 2093 ἀνδραγαθίαις
840 2022 925 2070 καὶ
979 2025 1095 2079 ταῖς
1158 2019 1294 2069 κατά
1344 2016 1490 2069 πόλιν
1534 2015 1726 2089 φιλοτι-

156 2116 272 2181 μίαις
316 2130 365 2163 τε
420 2116 512 2162 καὶ
568 2106 1027 2180 δικαιοπραγίαις.
1081 2105 1170 2169 Ὠς
1199 2110 1327 2177 μετά
1382 2109 1471 2164 τὴν
1526 2103 1728 2176 ἀναίρε-

159 2218 221 2250 σιν
260 2207 341 2251 τοῦ
388 2198 655 2271 βασιλέως
690 2200 935 2259 Νέπωτος
986 2195 1183 2268 Ῥώμης
1222 2200 1313 2247 καὶ
1358 2198 1440 2247 τόν
1494 2190 1726 2267 διωγμόν

153 2296 224 2339 τοῦ
261 2288 359 2359 μετ’
387 2288 546 2340 αὐτὸν
580 2285 980 2357 Αύγουστούλου
1039 2281 1327 2357 Ὀδόακρος
1372 2284 1594 2346 Ἰταλίας
1636 2288 1725 2337 καὶ

157 2377 284 2437 ὁτῆς
334 2377 593 2451 ίκράτησε
674 2375 895 2447 Ῥώμης·
976 2378 1067 2426 καὶ
1134 2375 1532 2426 στασιασάντων
1584 2372 1725 2443 αύτῷ

152 2475 229 2517 τῶν
283 2464 553 2538 δυσμικῶν
615 2464 875 2527 Γαλατῶν,
930 2460 1486 2536 διαπρεσϐευσαμένων
1539 2482 1588 2515 τε
1636 2462 1725 2514 αύ-

153 2564 231 2605 re»
262 2561 341 2608 καὶ
376 2552 678 2628 Ὀδοάκρου
724 2557 854 2627 πρὸς
880 2552 1129 2620 ὶΖήνωνα,
1163 2548 1435 2626 Ὀδοάκρῳ
1478 2551 1667 2625 μᾶλλον
1698 2553 1724 2604 ὁ

152 2649 295 2701 Ζήνων
348 2643 634 2698 ἀπέκλινεν.
699 2642 787 2703 Ὠς
856 2641 1065 2702 Ἀλανός
1121 2660 1199 2702 τις
1278 2641 1467 2696 Ἰλλοῦν
1536 2640 1723 2694 ἀνελεῖν

154 2732 387 2803 βουληθεὶς
431 2739 523 2786 καὶ
578 2733 773 2795 πλῆξας
804 2732 1083 2786 Ἐπινίκιον
1132 2727 1285 2795 εἶπεν,
1337 2731 1387 2791 ὃς
1429 2726 1491 2788 ἦν
1539 2730 1725 2793 οἰκεῖος

154 2827 331 2897 Βτρίνη,
402 2828 497 2881 τήν
550 2821 818 2896 ἀναίρεσιν
873 2822 1179 2873 ὑποθέσθαι·
1232 2826 1320 2873 καὶ
1390 2821 1455 2881 ὡς
1508 2816 1720 2883 ἐξεδόθη

153 2911 394 2973 ’ἱπινίκιος
444 2912 636 2965 Ἰλλοῦ-
665 2916 749 2962 καὶ
786 2912 851 2971 ὡς
892 2912 1185 2981 ὑποσχέσει
1214 2914 1302 2961 καὶ
1350 2908 1644 2981 ἀμνηστίας
1677 2911 1722 2945 ¹³

155 3006 223 3051 mi
286 3001 589 3074 εὐεργεσιῶν
662 3000 825 3063 ἐξεῖπε
886 3001 1053 3050 πάντα
1110 2998 1409 3063 Ἐπινίκιος,
1465 3000 1564 3051 ὅσα
1640 2996 1722 3050 έπ-

152 3087 341 3142 ῑςούλιυε
370 3097 571 3162 Βηρίνοι
618 3091 751 3142 κατά
782 3087 963 3141 ’ἰλλοῦο
1012 3088 1135 3159 [177
1182 3086 1273 3160 8.]
1320 3092 1409 3140 καὶ
1441 3090 1507 3149 ὡς
1547 3093 1722 3146 Ζήνων

154 3182 332 3248 Βηρίναν
380 3176 473 3231 διὰ
522 3186 684 3231 τοῦτο
725 3173 1087 3240 έκδίδωσιν,ό
1140 3172 1199 3228 δι
1244 3176 1406 3234 αὐτὴν
1447 3176 1517 3237 εἰς
1569 3179 1719 3250 φρού-

149 3285 235 3335 ριον
286 3266 515 3328 Κιλικίας
571 3268 889 3339 ύπερορίσας
932 3264 1282 3337 ἠσφαλίσατο.
1345 3264 1433 3327 Ὠς
1482 3271 1723 3339 Παμπρι-

152 3360 231 3425 aio
253 3365 317 3426 τῷ
343 3354 605 3410 δυσσεϐεῖ
636 3354 728 3409 διὰ
766 3358 985 3430 Μάρσου
1018 3354 1209 3417 ’Ῑλλοῡς
1237 3355 1491 3426 φιλιωθεὶς
1520 3354 1725 3407 ἄπαντα

1754 3044 1800 3105 C

150 3449 253 3497 ιατά
300 3451 479 3523 μικρὸν
551 3451 770 3517 συνέχεε
823 3448 888 3497 τά
939 3446 1121 3497 αὐτοῦ.
1166 3444 1254 3505 Ὠς
1307 3444 1550 3517 ἐμφύλιος
1608 3464 1723 3497 συν-

151 3538 244 3590 ἐστι
294 3542 487 3593 Ζήνωνι
526 3536 583 3572 1⁸
633 3534 853 3606 πόλεμος
909 3533 1225 3608 ἐξάρχοντος
1277 3540 1581 3605 Μαρκιανοῦ
1634 3539 1723 3586 καὶ

154 3628 428 3695 Προκοπίου,
485 3626 618 3677 υἱῶν
684 3633 772 3677 τοῦ
832 3623 1244 3697 βασιλεύσαντος
1302 3623 1497 3695 Ῥώμης
1552 3623 1721 3677 Ἀνθε-

153 3717 261 3779 latior
313 3721 396 3767 καὶ
452 3722 822 3785 κρατήσαντος
866 3718 1097 3773 Ζήνωνος
1149 3708 1222 3765 δι’
1272 3711 1434 3765 Ἰλλοῦ
1500 3711 1723 3786 πρεσϐύ-

154 3818 268 3875 τερος
315 3809 401 3877 μεν
445 3808 758 3879 Μαρκιανὸς
806 3802 1262 3877 ἔχειροτονὴθη,ό
1316 3798 1375 3854 δε
1435 3806 1727 3873 Προκόπιος

154 3896 254 3962 πρὸς
279 3890 615 3966 Θεοδώριχον
657 3896 745 3945 τὸν
791 3891 839 3944 ἐν
869 3894 1045 3963 Θρᾴκη
1086 3888 1317 3963 διέφυγε.
1353 3895 1452 3944 Καὶ
1482 3892 1545 3952 ὡς
1574 3894 1725 3967 ὑπερ-

160 3983 346 4051 quaesi;
392 3985 699 4058 Μαρκιανὸς
764 3980 811 4033 ἓν
881 3976 1233 4053 Καππαδοκίᾳ
1295 3984 1383 4032 καὶ
1455 3977 1726 4054 διαφυγὼν

156 4070 329 4140 ἐτάραξε
375 4079 466 4131 τὴν
523 4072 641 4124 κατ’
700 4071 978 4144 Ἀγκυραν
1029 4069 1303 4137 Γαλατίαν,
1358 4068 1468 4123 εἶτα
1540 4072 1729 4132 συλληο

159 4159 270 4225 ehi;
296 4161 357 4221 εἰς
398 4162 675 4236 Ἰσαυρίαν
724 4158 1010 4231 διῳκισθη.
1049 4163 1149 4213 Καὶ
1196 4161 1265 4221 ὡς
1294 4161 1324 4217 ἡ
1366 4163 1495 4234 πρὸς
1537 4160 1727 4214 ’Ῑλλοῦν

156 4249 289 4345 ἐΰθρα
332 4259 399 4321 τῷ
457 4250 681 4324 βασιλεῖ
738 4253 960 4307 συνίστη
1021 4252 1111 4300 καὶ
1162 4248 1385 4311 ηὐξήθη.
1443 4250 1592 4303 Ούτω
1634 4254 1797 4348 jaka

158 4332 222 4384 οὖν
246 4340 285 4372 ¹³
312 4348 394 4392 καὶ
415 4342 441 4391 ό
469 4338 733 4411 δεύτερος,

1837 1841 2060 1911 digeret
2091 1842 2435 1914 imperator,
2463 1845 2799 1916 quaerendae
2830 1844 2908 1899 illi
2940 1845 3209 1917 pecunia:
3236 1846 3498 1901 rationes

1836 1938 2089 1987 ostensaa
2118 1939 2270 1987 sunt.
2320 1933 2471 1989 Multi
2508 1934 2683 1989 rebus
2724 1934 2895 1989 novis
2926 1942 3133 1991 contra
3164 1934 3327 1989 illum
3374 1942 3498 1990 stu-

1835 2020 2063 2086 dentes,
2095 2022 2247 2093 capti
2277 2037 2489 2093 poenas
2516 2022 2828 2078 dederunt.
2857 2023 3035 2079 Multa
3068 2023 3251 2079 Hillus
3281 2025 3494 2079 Roma-

1842 2124 1935 2164 nas
1982 2110 2326 2181 reipublicae
2351 2110 2619 2173 contulit,
2642 2128 2777 2167 cum
2825 2111 3043 2167 militia:
3072 2112 3249 2167 rebus
3276 2112 3497 2168 fortiter

1835 2198 2041 2269 gestis,
2078 2204 2201 2254 tum
2226 2201 2391 2255 domi
2417 2200 2681 2255 honestis
2708 2200 2937 2265 studiis,
2958 2218 3028 2256 ac
3047 2200 3288 2273 justitiaa
3312 2202 3491 2255 cultu.

1834 2290 1969 2343 Post
2014 2289 2434 2360 interemptum
2466 2291 2800 2346 Romanum
2854 2292 3148 2347 Caesarem
3190 2296 3490 2361 nepotem,

1831 2382 1885 2433 et
1912 2377 2039 2448 ejus
2071 2394 2476 2433 successorem
2506 2378 2905 2447 Augustulum
2937 2378 3272 2451 expulsum,
3304 2379 3495 2436 Odoa-

1832 2482 1928 2522 cer
1955 2466 2137 2532 Italia,
2166 2471 2345 2539 atque
2375 2467 2510 2539 ipsa
2536 2469 2689 2522 adeo
2722 2467 2865 2523 urbe
2898 2469 3121 2539 potitus
3152 2474 3256 2523 est.
3291 2468 3493 2524 Rebel-

1830 2555 2095 2612 lantibus
2128 2561 2327 2612 autem
2350 2556 2490 2611 huic
2521 2556 2853 2613 Occidentis
2879 2556 3081 2620 Gallis,
3110 2562 3165 2612 et
3197 2555 3492 2626 legatione

1831 2643 1908 2700 ab
1940 2645 2105 2717 ipsis,
2130 2646 2365 2717 aliaque
2392 2646 2469 2701 ab
2490 2646 2759 2702 Odoacro
2782 2645 2858 2701 ad
2883 2649 3176 2723 Zenonem
3205 2646 3406 2710 missa,
3429 2645 3491 2699 in

1831 2734 2168 2791 Odoacrum
2206 2735 2396 2805 magis
2438 2736 2687 2791 Zenonis
2719 2736 2956 2790 animus
2987 2733 3312 2789 inclinavit.
3360 2735 3489 2789 Ala-

1833 2841 1940 2879 nus
1980 2825 2221 2897 quidam
2270 2824 2538 2880 occidere
2588 2824 2798 2881 Hillum
2847 2830 3117 2887 conatus,
3160 2839 3297 2878 cum
3350 2838 3487 2879 eum

1832 2915 2241 2986 percussisset,
2267 2915 2339 2969 ab
2363 2914 2649 2987 Epinicio,
2669 2914 2773 2986 qui
2804 2920 2928 2969 erat
2950 2912 3182 2967 Verinaa
3213 2912 3492 2969 domesti-

1834 3020 1959 3067 cus,
1996 3003 2392 3059 subornatum
2422 3020 2482 3058 se
2510 3004 2587 3059 ad
2618 3003 2838 3059 caedem
2872 3003 2975 3067 ait,
3005 3003 3205 3072 itaque
3236 3001 3493 3059 traditus

1835 3093 1979 3149 Hillo
2026 3092 2324 3165 Epinicius
2357 3097 2466 3159 est,
2495 3092 2599 3163 qui
2643 3092 2781 3147 data
2823 3092 2941 3147 ﬁde
2972 3096 3027 3147 et
3066 3090 3406 3162 oblivionis,
3436 3094 3493 3147 et

1834 3182 2240 3255 praemiorum,
2273 3182 2483 3237 ordine
2515 3188 2730 3237 cuncta
2761 3183 3078 3245 enarravit,
3109 3194 3245 3250 quae
3276 3178 3334 3234 in
3385 3181 3491 3235 Hil-

1834 3271 1958 3327 lum
1991 3272 2206 3327 Verina
2250 3270 2573 3326 moliretur.
2608 3272 2800 3336 Quare
2833 3275 2983 3328 Zeno
3029 3270 3307 3327 Verinam
3343 3269 3492 3325 Hillo

1833 3360 2095 3430 tradidit,
2128 3360 2230 3433 qui
2279 3376 2415 3415 eam
2462 3360 2520 3414 in
2554 3359 2766 3415 Cilicia:
2810 3361 3121 3417 castellum
3171 3357 3489 3429 ablegavit,

1834 3457 2011 3524 atque
2054 3452 2135 3507 ita
2182 3456 2373 3507 tutum
2418 3466 2545 3505 sese
2579 3450 2858 3505 reddidit.
2902 3451 3082 3506 Hillus
3115 3448 3489 3521 Pamprepio,

1832 3539 2063 3596 homini
2088 3539 2295 3611 impio,
2320 3539 2489 3593 Marsi
2518 3554 2719 3610 opera,
2746 3538 2958 3604 factus,
2982 3555 3171 3603 carus,
3197 3536 3492 3609 paulatim

1833 3629 2039 3685 omnia
2084 3628 2275 3700 ipsius
2342 3626 2580 3695 negotia
2629 3628 3010 3698 perturbavit.
3050 3627 3225 3683 Civile
3275 3624 3492 3681 Zenoni

1833 3718 2055 3774 bellum
2093 3717 2215 3779 fuit.
2250 3722 2429 3788 atque
2474 3715 2820 3771 intestinum
2854 3716 3303 3785 insurgentibus
3350 3716 3492 3769 Mar-

1835 3810 2007 3864 ciano
2051 3812 2107 3862 et
2132 3806 2427 3878 Procopio,
2460 3805 2593 3861 ﬁliis
2633 3806 2760 3875 ejus
2790 3806 2893 3876 qui
2938 3808 3139 3861 Roma:
3169 3805 3491 3875 imperave-

1835 3904 1926 3953 rat
1967 3896 2263 3951 Anthemii
2315 3912 2468 3967 quos
2499 3912 2638 3952 cum
2689 3894 2869 3951 Hillus
2917 3893 3169 3950 Zenonis
3213 3891 3490 3963 auspiciis

1834 3986 2163 4057 devicisset,
2192 3986 2521 4042 Marcianus
2564 3984 2811 4057 quidem
2841 3986 2986 4040 natu
3024 3981 3301 4053 grandior
3328 3980 3492 4037 ordi-

1836 4081 2012 4131 natus
2043 4080 2129 4131 est
2158 4075 2491 4147 presbyter:
2521 4074 2843 4146 Procopius
2876 4088 3018 4127 vero
3049 4070 3125 4126 ad
3168 4068 3489 4126 Theuderi-

1836 4166 2015 4221 chum
2061 4166 2119 4221 in
2150 4165 2461 4222 Thraciam
2504 4164 2791 4235 confugit.
2835 4163 2985 4229 Quin
3037 4167 3092 4217 et
3139 4160 3386 4216 extorris
3429 4160 3489 4215 in

1834 4254 2220 4327 Cappadocia
2258 4255 2604 4318 Marcianus,
2638 4253 2780 4326 fuga
2810 4251 3070 4323 elapsus,
3104 4265 3238 4323 quae
3269 4248 3346 4304 ad
3376 4253 3491 4304 An-

1834 4359 2039 4416 cyram
2064 4346 2312 4417 pertinet
2333 4343 2645 4410 Galatiam,
2669 4341 2950 4407 turbavit,
2974 4340 3166 4396 donec
3192 4344 3401 4410 captus
3425 4338 3488 4395 in

158 4420 395 4484 Isauriam
443 4433 535 4485 est
558 4427 879 4497 relegatus.
914 4430 979 4482 In
1025 4425 1243 4482 Hillum
1292 4442 1535 4501 quoque
1585 4429 1662 4485 ab
1696 4430 2050 4505 imperatore
2082 4434 2286 4490 odium
2342 4437 2699 4506 conceptum
2726 4436 2836 4497 est,
2870 4435 3258 4503 auctumque.
3299 4430 3487 4501 Atque

157 4510 251 4569 hac
271 4515 410 4573 libro
437 4515 713 4573 secundo
741 4515 997 4588 prodita.

208 4600 253 4653 ’0
274 4600 323 4657 δε
357 4610 524 4679 τρίτος
556 4605 689 4657 ἀλλα
732 4622 785 4657 τε
814 4608 1069 4679 περιέχει,
1103 4609 1192 4657 καὶ
1234 4607 1303 4667 ὡς
1349 4605 1415 4666 εἰς
1445 4608 1503 4659 τὸ
1553 4605 1712 4680 ἔμφα-

160 4692 217 4749 ῖίς
255 4692 422 4754 Ἰλλοῠς
479 4693 774 4754 ὶπαναστάς
820 4698 1008 4752 Ζήνωνι
1054 4691 1279 4765 βασιλέα
1330 4698 1570 4749 Λεόντιον
1620 4702 1714 4749 σὺν

166 4781 310 4853 Βξρίνη
359 4782 578 4847 ἀνεῖπεν,
614 4786 753 4845 ὅπως
792 4801 846 4835 τε
900 4780 1376 4858 δυσπραγήσαντες
1424 4783 1716 4857 έπολιορκήυ

165 4867 290 4921 εισι»
320 4878 403 4925 καὶ
454 4874 660 4934 ἁλόντες
711 4872 1106 4945 ἀπετμήθησαν,
1137 4878 1225 4925 καὶ
1271 4873 1431 4926 τᾶλλα
1485 4875 1574 4935 ἕως
1618 4882 1714 4935 τῆς

166 4959 341 5022 Ζήνωνος
365 4962 571 5021 τελεντῆ
585 4984 626 5025 ς.

1901 4616 2053 4689 56b
2100 4614 2325 4671 Tertius
2373 4611 2589 4669 deinde
2633 4610 2782 4666 liber
2835 4625 2974 4665 cum
3024 4608 3143 4664 alia
3201 4607 3484 4678 continet,

1824 4710 1951 4762 tum
1976 4704 2288 4777 quomodo
2314 4703 2515 4775 palam
2544 4701 2602 4756 in
2626 4702 2921 4755 Zenonem
2950 4697 3133 4753 Hillus
3160 4697 3485 4752 insurrexe-

1823 4796 1914 4862 rit,
1951 4795 2379 4865 Leontiumque
2408 4793 2832 4862 imperatorem
2869 4787 3085 4843 Verina
3111 4786 3487 4841 renuntiave-

1822 4885 1913 4953 rit,
1960 4889 2145 4956 utque
2194 4898 2255 4938 re
2304 4879 2612 4937 infeliciter
2672 4884 2859 4948 gesta,
2912 4876 3143 4933 obsessi
3206 4874 3485 4946 captique

1822 4976 2016 5048 capite
2064 4971 2320 5033 truncati
2346 4970 2482 5033 sint,
2514 4967 2749 5041 aliaque
2784 4965 2862 5024 ad
2909 4968 2986 5038 (2)
3036 4964 3258 5023 exitum
3292 4977 3483 5035 usque

1820 5066 2098 5125 Zenonis.

1456 5172 1699 5228 νΑΒῙιΕ
1739 5169 2143 5230 LECTIONES.

213 5272 400 5349 ’ἑκτοῦ
426 5280 469 5333 Α
498 5295 513 5333 ;
546 5276 653 5330 ἀπό
684 5299 739 5343 ς.
819 5280 867 5313 ¹⁰
897 5274 1032 5330 εἶπεν
1058 5282 1120 5332 Δ.
1200 5278 1242 5313 ¹¹
1278 5285 1507 5349 nar/7m?!
1540 5284 1600 5332 Δ.
1680 5280 1727 5315 ¹²
1749 5275 2041 5332 ἀπέσταλκε
2075 5296 2129 5339 ς.

166 5342 294 5415 ’³μῠ
322 5345 401 5400 οὖν
428 5366 551 5407 om.
599 5352 667 5404 Α.

2207 5272 2254 5309 ¹³
2284 5269 2601 5343 ἀμνηστείας
2629 5288 2685 5330 ς’.
2764 5266 2810 5301 ¹⁴
2840 5261 3062 5336 Ζήνωνι]
3091 5270 3164 5334 τῷ
3193 5266 3391 5320 Ζήνωνι
3423 5283 3478 5325 ς’.

1686 5474 1909 5531 NOTAE.

216 5573 307 5715 (98%
332 5579 576 5636 Zenoni;
608 5578 769 5636 hunc
799 5582 1034 5648 Magum
1067 5578 1247 5635 fuisse
1277 5580 1513 5652 scripsit
1545 5580 1703 5637 Suid.

216 5644 285 5711 (99
356 5651 614 5707 Ialchus
669 5667 797 5715 sup.
852 5650 931 5707 ab
997 5650 1275 5715 Onulpho
1334 5652 1703 5710 interfectum

165 5644 306 5766 ’,ἔξω
356 5651 614 5707 Ialchus
669 5667 797 5724 sup.
852 5644 931 5707 ab
997 5650 1275 5724 Onulpho
1334 5644 1707 5710 interfectum

2019 5574 2363 5658 Haereticus,
2412 5588 2574 5644 supr.
2628 5568 3110 5653 cognominatur,
3153 5568 3287 5627 cod.
3339 5571 3400 5624 lit
3440 5583 3477 5635 ;.

1884 5667 1896 5707 ι
1945 5667 1958 5705 ι
1987 5649 2181 5707 Fullo.
2215 5644 2599 5703 Antiocheam
2627 5638 2784 5699 sedis
2812 5647 3041 5707 raptor.

1818 5638 1960 5710 alibi
1987 5649 2181 5713 Fullo,
2204 5638 2599 5717 AntiOche'nm
2627 5638 2784 5725 sedis
2812 5647 3041 5767 raiitor.

1890 5721 1964 5794 (2)
1998 5718 2346 5793 Quem_lege
2387 5716 2551 5791 apud
2580 5714 2739 5773 Suid.
2778 5716 2838 5771 in
2913 5727 3120 5769 enone.
