4036 6214
509 274 616 330 255

1240 402 1449 458 LXXX.

771 493 1171 565 Olympiodori
1201 494 1588 548 historiarum
1621 488 1759 546 libri
1788 503 1928 543 xm.

596 584 744 638 Lecti
777 588 916 637 sunt
955 582 1358 653 Olympiodori'
1392 580 1781 634 Historiarum
1813 576 1942 631 libri
1976 574 2097 630 duo
2125 577 2179 629 et

521 671 745 739 viginti,
801 672 980 726 ducto
1026 671 1193 725 initio
1244 670 1321 725 ab
1347 671 1583 724 Honorii
1634 666 1886 723 Romani
1924 664 2176 734 impera-

520 761 662 814 toris
716 760 1027 815 consulatu
1082 759 1354 829 septimo,
1406 765 1461 813 et
1506 756 1819 813 Theodosii
1866 753 2173 809 secundo:

519 849 881 920 deducitque
931 848 1244 902 historiam
1286 848 1359 901 ad
1413 846 1470 900 id
1526 861 1716 917 usque
1769 850 2025 914 tempus,
2058 858 2178 912 quo

527 938 988 1001 Valentinianus,
1026 936 1269 991 Placida:
1300 942 1356 992 et
1389 935 1709 990 Constantii
1756 933 1927 997 ﬁlius,
1972 935 2181 987 Roma-

522 1044 636 1081 nus
676 1027 1000 1096 imperator
1048 1026 1383 1081 declaratus
1415 1030 1525 1082 est.
1575 1024 1832 1094 Scriptor
1858 1023 1951 1077 hic
1983 1030 2173 1076 ortum

522 1115 683 1169 ducit
732 1114 1090 1186 Egyptiacis
1116 1113 1350 1179 Thebis,
1383 1112 1747 1184 professione
1783 1117 1977 1183 poeta,
2013 1116 2074 1165 ut
2105 1110 2179 1165 de

524 1221 584 1258 se
616 1204 848 1268 fatetur,
883 1203 1168 1271 religione
1204 1219 1337 1257 vero
1370 1202 1633 1271 gentium
1675 1200 1959 1256 imbutus.
1992 1199 2178 1254 Dictio

525 1293 603 1347 illi
637 1293 831 1357 clara;
862 1292 1113 1346 remissa
1146 1298 1339 1347 tamen
1373 1309 1442 1346 ac
1468 1292 1778 1356 dissoluta,
1804 1296 1860 1346 et
1886 1290 1945 1345 in
1972 1289 2180 1362 protri—

523 1388 647 1437 tam
676 1381 955 1436 devoluta
979 1382 1295 1435 verborum
1330 1380 1718 1436 afﬂuentiam.
1750 1380 1947 1436 Oratio
1979 1380 2179 1451 itaque

525 1471 773 1540 indigna
816 1476 876 1524 ut
902 1470 1161 1525 historiae
1206 1471 1629 1525 adnumeratur
1657 1488 1668 1524 :
1700 1469 1869 1540 cujus
1912 1470 2041 1540 ipse
2072 1468 2179 1523 for-

525 1564 682 1615 tasse
712 1559 1007 1623 conscius,
1043 1575 1161 1614 non
1195 1559 1501 1615 historiam
1533 1559 1689 1614 hanc
1720 1576 1753 1613 a
1782 1575 1846 1614 se
1877 1556 2177 1621 adornari,

528 1648 634 1703 sed
663 1647 975 1703 materiam
1006 1647 1315 1714 duntaxat,
1342 1664 1445 1703 seu
1474 1649 1977 1704 Commentarium
2004 1647 2182 1702 Histo-

1720 266 1955 324 PHOTII
1988 263 2469 320 PATRIABCHAZ
2493 267 2602 324 (ΣΡ.

2207 392 2251 447 Α
3041 402 3119 456 η’.

2572 484 3006 561 Ὀλυμπιοδώρου
3040 493 3272 565 ἱστορίας
3300 493 3438 565 λόγοι
3474 495 3541 568 κβ
3563 536 3576 550 .

2359 571 2790 643 Ἀνεγνώσθησαν
2863 578 3293 655 Ὀλυμπιοδώρου
3365 583 3628 656 Ἰστορικοὶ
3709 586 3836 658 λόγοι

2287 660 2397 732 κβ,
2444 661 2701 737 ’Ἃρχεται
2736 665 2837 718 ἀπὸ
2868 676 2962 730 τῆς
2992 669 3239 742 Ὀνωρίου
3282 680 3369 724 τοῦ
3402 672 3836 748 βασιλέωςῬώμης

2288 758 2381 811 τῆς
2411 753 2654 813 ὑπατείας
2684 758 2740 806 τό
2771 754 2992 829 ἕϐδομον
3022 765 3109 811 xui
3142 757 3424 813 Θεοδοσίου
3454 766 3511 814 τὸ
3538 760 3749 836 δεύτερον
3776 768 3834 832 1⁸,

2288 844 2598 910 κατέρχεται
2648 839 2707 894 δὲ
2758 848 2949 917 μέχρις
3005 849 3123 899 ὅτου
3172 848 3542 911 Βαλεντινιανός
3598 854 3621 901 6
3669 853 3837 905 Πλακι-

2289 924 2407 989 δίας
2440 930 2479 963 ¹⁷
2532 936 2620 981 xui
2674 939 3055 988 Κωνσταντίνου
3102 939 3146 971 1⁸
3190 945 3308 998 παῖς
3354 940 3421 1000 εὶς
3473 944 3560 997 τὴν
3610 939 3838 994 ϐασίλειον

2288 1025 2381 1088 τῇς
2426 1017 2623 1089 Ῥώμης
2661 1019 2913 1095 ἀνερῥὴθη
2968 1025 3092 1094 [104
3124 1025 3213 1098 Η.]
3258 1026 3448 1098 ἀρχὴν.
3495 1028 3694 1087 Οὖτοςό
3730 1048 3839 1099 συγ-

2288 1110 2509 1177 γραφεὺς
2566 1108 2787 1170 Θηϐαῖος
2843 1117 2932 1183 μέν
2991 1112 3233 1179 ἐστιν,ἕκ
3280 1124 3379 1166 τῶν
3430 1120 3555 1189 πρὸς
3608 1120 3841 1188 Αἴγυπτον

2290 1195 2476 1254 Θηϐῶν
2526 1204 2580 1249 τό
2622 1204 2766 1270 γένος
2811 1204 2967 1273 ἔχων,
3001 1209 3213 1265 ποιητὴς
3244 1207 3315 1273 ¹⁹,
3347 1209 3409 1265 ὡς
3458 1206 3601 1267 αὐτὸς
3639 1226 3770 1277 φησι,
3796 1210 3843 1258 τὸ

2289 1284 2633 1360 ἐπιτήδευμα,
2687 1288 2870 1348 Ἐλλην
2922 1298 3013 1349 τὴν
3073 1295 3371 1367 θρησκείαν,
3428 1300 3591 1365 σαφὴς
3634 1297 3713 1365 μεν
3766 1299 3845 1351 τὴν

2291 1378 2498 1448 φράσιν,
2565 1378 2745 1439 ἄτονος
2800 1376 2858 1433 δὲ
2928 1386 3017 1433 xui
3073 1381 3399 1455 ἐκλελυμένος
3453 1389 3538 1435 xui
3592 1387 3707 1456 πρὸς
3763 1388 3844 1439 τὴν

2288 1472 2651 1537 πεπατημένην
2744 1475 3170 1543 κατενηνεγμένος
3268 1470 3661 1545 χυδαιολογίαν,
3734 1474 3849 1523 ὥστε

2290 1552 2420 1626 μηδ’
2459 1556 2600 1618 ἄξιος
2646 1557 2715 1618 εἰς
2761 1565 3069 1632 συγγραφὴν
3120 1560 3509 1635 ἀναγράφεσθαι
3548 1563 3570 1612 6
3614 1561 3766 1631 λόγος.
3793 1558 3848 1611 ⁷0

2290 1649 2379 1696 xui
2425 1645 2581 1706 αὐτὸς
2632 1650 2759 1708 ἴσως
2808 1646 3033 1700 συνιδών
3088 1650 3144 1701 οὗ
3183 1655 3487 1722 συγγραφὴν
3530 1652 3657 1718 αὑτῷ
3708 1657 3851 1701 ταῦτα

525 1737 629 1791 riae
655 1736 1018 1807 suppeditari
1051 1737 1373 1792 contendit.
1407 1737 1570 1793 Adeo
1597 1736 1866 1792 informis
1894 1752 1962 1791 ac
1990 1737 2181 1809 specie

2292 1738 2804 1801 κατασκευασθῆναι,
2860 1737 2986 1789 ἀλλὰ
3042 1738 3165 1796 ὕλην
3215 1748 3523 1812 συγγραφῆς
3574 1738 3852 1811 ἐκπορισθῆ·

528 1840 753 1891 carens,
776 1826 951 1879 etiam
979 1826 1233 1896 ipsemet
1253 1826 1527 1881 dictionis
1550 1843 1673 1880 suae
1692 1826 1995 1881 character
2019 1827 2182 1880 visus

528 1919 631 1969 est.
671 1917 734 1969 Et
779 1930 917 1969 vero
967 1914 1131 1969 nulla
1178 1915 1315 1969 idea
1359 1915 1453 1969 hic
1481 1916 1681 1977 enitet,
1715 1915 1823 1968 nisi
1873 1915 2008 1986 quis
2046 1930 2183 1969 eum

530 2002 671 2058 alibi
724 2002 1085 2073 simplicitati
1116 2003 1398 2058 accedere
1453 2004 1809 2069 contendat;
1846 2004 1951 2058 etsi
1992 2019 2184 2075 neque

530 2091 687 2145 hanc
722 2091 991 2159 attingat,
1026 2092 1167 2145 dum
1218 2091 1396 2147 nimis
1430 2092 1639 2148 humili
1672 2110 1739 2147 ac
1774 2093 1868 2147 vili
1912 2092 2184 2148 dictionis

532 2194 746 2250 genere
767 2196 929 2245 usus,
946 2181 1003 2234 in
1026 2180 1393 2236 idiotismum
1410 2181 1827 2254 plebeiumqne
1847 2198 2182 2237 sermonem

533 2283 777 2338 prorsus
810 2268 1123 2325 delabitur.
1156 2273 1218 2325 Et
1258 2270 1388 2325 licet
1417 2270 1641 2327 Silvam
1681 2289 1853 2325 suum
1886 2272 2007 2343 ipse
2034 2288 2185 2342 opus

534 2357 807 2428 appellet,
843 2357 1007 2413 libris
1039 2365 1239 2415 tamen
1266 2360 1593 2431 distinguit,
1618 2361 2185 2433 prtefationibnsque

535 2461 749 2501 ornare
776 2448 996 2501 nititur.
1031 2447 1347 2503 Historiam
1396 2449 1665 2505 inscribit
1703 2449 2033 2505 TheodOsio
2075 2448 2188 2519 [Mi-

536 2532 693 2606 nori]
723 2533 1064 2604 imperatori
1096 2536 1197 2608 qui
1226 2537 1460 2593 Arcadii
1490 2538 1663 2603 filius,
1701 2538 1936 2595 Honorii
1969 2556 2038 2595 ac
2067 2541 2190 2598 Pla-

537 2622 702 2677 cidiaa
731 2623 1014 2693 patruelis
1040 2624 1166 2679 fuit.

609 2805 818 2858 Narrat
863 2803 1061 2874 itaque
1091 2804 1490 2861 Stelichonem
1537 2808 1611 2863 ad
1658 2825 1940 2880 magnam
1992 2828 2190 2882 perve-

539 2890 695 2945 nisse
754 2893 1103 2962 potentiam,
1147 2909 1283 2948 cum
1339 2912 1474 2951 eum
1524 2898 1888 2953 Theodosius
1949 2903 2190 2969 Magnus

538 2996 756 3052 parens
794 2981 940 3052 ipse,
976 2984 1097 3037 suis
1146 2982 1344 3039 liberis
1392 2988 1641 3042 Arcadio
1694 2996 1868 3060 atque
1932 2990 2189 3045 Honorio

544 3074 795 3124 tutorem
822 3071 1221 3142 imposuisset,
1244 3090 1311 3128 ac
1330 3080 1615 3145 praeterea
1642 3094 1881 3133 uxorem
1910 3082 2187 3136 Serenam

540 3158 828 3223 duxisset,
858 3176 892 3215 a
922 3162 1247 3217 Theodosio
1277 3180 1447 3234 aeque
1501 3165 1611 3236 ipsi
1644 3166 2020 3237 desponsam.
2060 3172 2194 3223 Post

542 3246 742 3315 etiam,
773 3247 893 3303 ﬁlia
929 3266 1039 3304 sua
1068 3252 1444 3309 Thermantia
1480 3256 1687 3325 nuptui
1725 3256 1977 3310 Honorio
2010 3256 2188 3327 impe-

543 3336 725 3391 ratori
765 3336 923 3403 data,
944 3338 1107 3393 illum
1138 3341 1248 3395 sibi
1273 3357 1556 3411 generum
1590 3345 1867 3399 ascivisse
1895 3368 1905 3399 :
1936 3347 2193 3419 indeque

544 3423 621 3479 ad
671 3441 971 3482 summam
1018 3444 1257 3499 prorsus
1308 3438 1577 3487 evectum
1630 3434 1974 3504 potentiam.
2021 3438 2195 3492 Multa

544 3530 653 3586 pro
703 3516 984 3571 Romanis
1017 3535 1151 3572 cum
1202 3520 1382 3574 variis
1428 3523 1702 3589 gentibus
1752 3525 1905 3579 bella
1937 3526 2193 3591 gessisse

552 3604 814 3669 feliciter,
830 3606 1020 3661 donec
1043 3609 1426 3677 sanguinaria
1448 3612 1523 3683 (3)
1540 3613 1682 3667 imm
1694 3615 1910 3685 anique
1939 3614 2195 3685 Olympii

545 3709 729 3765 opera
773 3695 896 3766 (qui
928 3711 1031 3765 per
1063 3697 1453 3754 Stelichonem
1493 3702 1835 3773 imperatori
1884 3704 2193 3760 familiaris

548 3784 739 3839 factus
774 3784 980 3840 fuerat)
1010 3785 1165 3841 ferro
1198 3794 1446 3843 mortem
1481 3792 1708 3863 excepit
1740 3792 1837 3863 (4).

617 3872 793 3927 Addit
844 3873 1182 3929 Alarichum
1248 3876 1571 3932 Gothorum
1628 3882 1994 3951 praefectum,
2043 3883 2197 3955 57a

546 3977 726 4034 quem
776 3961 916 4017 olim
967 3971 1244 4020 evocarat
1286 3966 1558 4035 Stelicho,
1595 3975 1653 4024 ut
1709 3971 1960 4025 Honorio
2014 3973 2198 4044 Illyri-

548 4068 684 4106 cum
718 4053 900 4106 armis
949 4058 1167 4108 teneret
1197 4053 1348 4123 (haac
1379 4059 1535 4112 enim
1570 4058 1647 4112 illi
1680 4061 1981 4130 provincia
2031 4077 2066 4117 a
2098 4078 2197 4133 pa-

548 4147 710 4196 rente
763 4142 1094 4197 Theodosio
1142 4144 1201 4197 in
1260 4145 1575 4215 partitione
1642 4150 1805 4217 regni
1854 4150 2200 4223 obvenerat)

550 4235 675 4285 tum
703 4229 781 4283 ob
825 4230 1172 4285 Stelichonis
1204 4233 1449 4299 caedem,
1486 4242 1605 4289 tum
1637 4238 1797 4307 quod
1835 4241 2198 4309 promissum

550 4318 629 4372 illi
661 4318 865 4372 datum
901 4333 1015 4373 non
1064 4324 1237 4386 esset,
1273 4324 1542 4388 cinxisse,
1577 4330 1631 4380 et
1663 4328 1893 4397 cepisse
1926 4331 2196 4395 Romam,

2293 1843 2374 1874 ναι
2429 1820 2841 1877 διαϐεϐαιονταιο
2872 1826 3029 1887 οὕτως
3068 1830 3299 1902 ἄμορφος
3350 1834 3437 1881 καὶ
3487 1825 3672 1887 ἀνίδεος
3698 1830 3741 1862 ²⁰
3775 1831 3853 1876 xui

2294 1912 2430 1981 αὐτῴ
2485 1922 2576 1964 του
2634 1913 2787 1979 λόγου
2846 1918 2871 1967 6
2920 1922 3200 1991 χαρακτὴρ
3256 1922 3603 1989 κατεφαίνετο.
3651 1920 3743 1968 Καὶ
3769 1917 3853 1985 γὰρ

2294 1997 2516 2073 οὐδεμιᾷ
2546 2012 2644 2054 τῶν
2694 2001 2843 2056 ἰδεῶν
2892 2005 3291 2073 καλλωπίζεται,
3328 2007 3457 2064 πλὴν
3499 2009 3540 2058 εἰ
3587 2025 3660 2066 τις
3697 2007 3739 2057 ἓν
3766 2023 3858 2055 τισι

2294 2098 2355 2162 τῇ
2417 2090 2621 2164 ἀφελείᾳ
2672 2092 2982 2157 πλησιάζειν
3037 2093 3357 2147 ἐκϐιάσοιτο·
3392 2104 3462 2166 τῷ
3509 2098 3605 2168 γὰρ
3653 2093 3753 2144 λίαν
3790 2111 3858 2143 τα-

2293 2189 2448 2251 πεινῷ
2494 2188 2582 2233 xui
2636 2182 3039 2256 ἐξηυτελισμένῳ
3087 2190 3176 2236 xui
3228 2187 3425 2247 ταύτης
3500 2184 3743 2236 ἐκπίπτων
3806 2181 3862 2239 εἰς

2298 2264 2607 2341 ἰδιωτισμόν
2658 2271 2782 2333 ὅλως
2836 2273 3189 2330 ὑπενηνεκται.
3231 2273 3389 2330 ’Υλην
3442 2270 3498 2324 δὲ
3550 2273 3694 2331 αὐτὸς
3748 2288 3864 2321 ιστο-

2296 2363 2411 2433 ρίας
2454 2368 2619 2411 ταῦτα
2662 2360 2848 2425 καλῶν,
2878 2364 3016 2431 ὅμως
3056 2367 3146 2413 καὶ
3184 2362 3361 2433 λόγοις
3414 2359 3604 2434 διαιρεί
3637 2365 3718 2412 καὶ
3755 2378 3863 2432 προ-

2300 2454 2490 2520 οιμίοις
2538 2456 2778 2521 πειρᾶται
2848 2459 3079 2522 κοσμεῖν,
3128 2456 3216 2503 xui
3270 2455 3404 2523 πρὸς
3474 2446 3739 2504 Θεοδόσιον
3789 2450 3861 2498 τὸν

2299 2536 2541 2609 βασιλέα,
2592 2540 2641 2598 ὃς
2684 2536 2893 2609 ἀνεψιὸς
2936 2538 3291 2612 ἐχρημάτιζεν
3339 2539 3579 2612 Ὀνωρίον
3622 2541 3704 2589 xui
3742 2535 3861 2589 [ιλι-

2298 2624 2496 2691 χιδίας,
2532 2625 2817 2700 Ἀρκαδίου
2854 2624 2912 2679 δὲ
2956 2638 3095 2695 παῖς,
3131 2632 3260 2701 πρὸς
3305 2637 3486 2681 τοῦτον
3524 2632 3611 2685 τὴν
3655 2629 3857 2696 ἱστορίαν

2298 2715 2565 2789 ἀναφωνεῐ.

2370 2806 2712 2878 Διαλαμϐάνει
2761 2811 2929 2858 τοίνυν
2975 2812 3090 2880 περὶ
3140 2806 3479 2879 Στελίχωνος,
3529 2806 3650 2863 ὁσην
3705 2824 3752 2856 τε
3798 2821 3849 2853 πε

2298 2895 2593 2970 ριεϐεϐλητο
2640 2893 2883 2967 δύναμιν,
2926 2899 3186 2957 καταστὰς
3226 2896 3510 2972 ἐπίτροπος
3547 2898 3587 2931 ²¹
3638 2902 3725 2947 τῶν
3756 2896 3861 2944 παί-

2232 2981 2403 3037 {tam
2460 2982 2743 3058 Ἀρκαδίου
2793 2990 2881 3037 καὶ
2932 2985 3177 3057 Ὀνωρίου
3214 2986 3302 3037 ὑπ’
3356 2986 3513 3038 αὑτοῦ
3561 2991 3647 3036 τοῦ
3698 2984 3864 3051 πατρὸς

2227 3096 2267 3151 C
2301 3075 2467 3125 αὐτῶν
2500 3071 2788 3127 Θεοδοσίου
2836 3082 2924 3126 του
2966 3075 3219 3145 Μεγάλου,
3253 3080 3347 3127 xui
3392 3078 3455 3135 ὡς
3504 3081 3708 3146 Σερῆναν
3748 3075 3864 3141 νόμῳ

2299 3169 2471 3237 γάμου
2522 3165 2767 3235 ἠγάγετο,
2817 3160 3106 3217 Θεοδοσίου
3155 3168 3242 3216 xui
3292 3167 3486 3223 ταύτην
3534 3163 3666 3232 αὐτῷ
3712 3178 3868 3228 κατεγ-

2300 3259 2606 3325 γυησαντος.
2659 3253 2779 3304 "On
2836 3273 2887 3305 τε
2958 3256 3086 3324 μετά
3140 3261 3307 3305 ταῦτα
3371 3252 3623 3324 Στελίχων
3676 3249 3740 3309 εἰς
3788 3251 3865 3304 τὴν

2303 3342 2486 3394 ἑαυτοῦ
2543 3347 2865 3413 Θερμαντίαν
2922 3345 3007 3393 τὸν
3068 3339 3291 3412 βασιλέα
3366 3342 3604 3414 Ὀνώριον
3662 3335 3868 3410 γαμϐρὸν

2304 3432 2600 3497 ἐποιήσατο,
2635 3438 2723 3484 xui
2768 3435 2829 3491 ὡς
2870 3430 2953 3483 ἐπὶ
2996 3431 3233 3483 πλεῖστον
3275 3434 3355 3483 ἔτι
3396 3430 3582 3503 μᾶλλον
3623 3430 3744 3491 ἤρθη
3790 3422 3865 3477 δυ·

2302 3524 2518 3592 νάμεως,
2570 3527 2658 3573 xui
2695 3519 2915 3581 πολλοὺς
2970 3519 3218 3591 πολέμους
3280 3522 3413 3593 ὑπὲρ
3466 3520 3717 3590 Ῥωμαίων
3762 3516 3870 3585 πρὸς

2303 3611 2464 3662 πολλὰ
2514 3620 2610 3661 τών
2664 3609 2814 3662 ἐθνῶν
2863 3611 3194 3682 κατώρθωσε·
3230 3614 3319 3660 xui
3377 3611 3457 3662 ὅτι
3513 3606 3867 3679 μιαιοόνῳ,καὶ

2306 3702 2631 3774 ἀπανθρώπῳ
2674 3696 2880 3770 σπουδῇ
2916 3698 3225 3769 Ὀλυμπίου,
3260 3699 3312 3749 ὃν
3370 3698 3522 3758 αὐτὸς
3573 3704 3641 3765 τῷ
3693 3690 3865 3768 βασιλεῖ

2306 3794 2689 3863 προσῳκείωσε,
2722 3791 2807 3839 τόν
2841 3784 2933 3839 διὰ
2965 3787 3136 3859 ξίφους
3163 3788 3403 3857 ὑπέμεινε
3436 3788 3664 3839 θάνατον.

2379 3879 2502 3950 [180
2552 3878 2644 3950 8.]
2671 3876 2791 3928 ’Ὀτι
2832 3876 3118 3947 Ἀλάριχος
3158 3877 3183 3926 6
3232 3884 3330 3927 τῶν
3380 3879 3581 3928 Γότθων
3619 3873 3870 3946 φύλαρχος,

2306 3972 2359 4020 όν
2411 3968 2663 4038 Στελίχων
2717 3965 3090 4038 μετεκαλέσατο
3144 3964 3225 4016 ἐπι
3280 3972 3350 4016 τῶ
3410 3964 3631 4036 φυλάξαι
3680 3961 3873 4031 Ὀνωρίῳ

2307 4063 2364 4111 τὸ
2397 4062 2442 4093 ²²
2499 4057 2777 4129 Ἰλλυρικόν
2823 4059 2903 4127 (τῇ
2961 4058 3060 4126 γὰρ
3106 4054 3265 4107 αὐτοῦ
3308 4050 3370 4110 ἧν
3432 4056 3576 4128 παρὰ
3622 4045 3873 4104 Θεοδοσίου

2308 4157 2398 4201 τοῦ
2439 4150 2629 4219 πατρὸς
2679 4146 3065 4217 ἐκνενεμημένον
3115 4142 3407 4215 βασιλείᾳ),
3437 4144 3582 4201 οὗτος
3612 4143 3635 4191 6
3666 4143 3708 4175 ³³
3752 4134 3878 4190 Ἀλεί-

2247 4226 2462 4312 (ίριχος
2514 4234 2605 4287 διά
2662 4254 2713 4287 τε
2756 4237 2839 4286 τὸν
2889 4242 3035 4304 φονον
3080 4232 3410 4303 Στελίχωνος,
3448 4237 3538 4283 xui
3581 4232 3654 4281 ὅτι
3708 4228 3739 4278 οἱ
3782 4241 3880 4275 συν·

2310 4334 2470 4381 ἐκειτο
2524 4326 2663 4396 αὐτῷ
2718 4324 2810 4375 οὐκ
2867 4322 3135 4395 ἐλάμϐανε,
3190 4322 3459 4395 πολιορκεῖ
3508 4324 3597 4372 καὶ
3675 4314 3883 4387 ἐκπορθεῖ

552 4407 610 4462 in
664 4422 853 4478 eaque
902 4409 1045 4464 urbe
1093 4410 1500 4467 incredibilem
1551 4417 1778 4483 argenti
1830 4417 1945 4471 vim
1998 4420 2187 4489 praeda

2310 4423 2401 4476 τὴν
2447 4418 2493 4451 ²⁴
2537 4415 2754 4485 Ῥώμην·
2818 4411 2868 4474 ἐξ
2934 4414 2996 4473 ἧς
3066 4412 3320 4486 χρήματα
3379 4430 3434 4462 τε
3503 4412 3689 4480 ἄπειρα
3744 4402 3881 4464 ἐξεκό-

552 4498 847 4554 avertisse.
901 4498 1050 4564 Quin
1096 4506 1152 4555 et
1207 4502 1441 4557 Honorii
1492 4503 1810 4561 Placidiam
1869 4508 1965 4579 (ὃ),
2003 4511 2201 4565 Romae

553 4592 677 4643 tum
725 4593 1024 4658 agentem,
1060 4588 1359 4662 captivam
1414 4591 1717 4649 habuisse.
1767 4602 1911 4651 Ante
1961 4603 2201 4668 captam

554 4693 694 4732 vero
736 4678 942 4733 urbem
994 4678 1283 4736 illustrem
1339 4685 1462 4736 tum
1514 4683 1727 4751 virum,
1763 4686 1852 4739 cui
1885 4686 2078 4742 Attalo
2128 4690 2199 4759 (6)

2311 4526 2452 4578 μισε,
2516 4510 2605 4557 καὶ
2694 4508 2786 4561 τὴν
2859 4498 3084 4572 ἀδελφήν
3150 4500 3401 4573 Ὀνωρίου
3486 4492 3760 4551 Πλακιδίαν
3846 4492 3882 4538 ἐν

2308 4602 2473 4667 Ῥώμη
2525 4590 2814 4664 διάγουσαν
2859 4589 3219 4662 ἡχμαλώτισε.
3271 4594 3370 4641 Καὶ
3411 4592 3511 4662 πρὸ
3558 4594 3645 4646 τῆς
3682 4583 3885 4635 ἁλώσεως

2314 4682 2371 4738 δε
2401 4687 2486 4737 ἕνα
2530 4682 2645 4734 τινα
2691 4690 2788 4733 τῶν
2833 4681 2967 4731 κατά
3016 4684 3107 4736 τὴν
3141 4678 3339 4750 Ῥώμην
3383 4673 3637 4737 ἐπιδόξων
3695 4671 3886 4738 (Ἀττα-

1890 4810 2125 4866 VARLE
2168 4811 2575 4871 LECTIONES.

630 4929 675 4964 ¹⁶
705 4934 797 4979 τοῦ
830 4924 1073 5002 δευτέρου
1101 4953 1154 4995 ς.
1234 4932 1279 4968 1⁷
1310 4928 1571 4993 πλακίδας
1603 4950 1616 5001 ι
1644 4949 1689 4987 ι’.
1723 4934 1785 4988 Α.

1867 4934 1911 4969 ¹⁸
1946 4941 2305 4989 Κωνσταντίου
2335 4935 2623 4993 Schottus,
2657 4928 3028 5001 Sylburgius.
3063 4926 3355 5001 Labbeus.

3437 4928 3482 4962 ¹⁹
3530 4927 3745 4981 ποιητὴς
3790 4918 3821 4971 l.
3849 4930 3893 4977 ες

556 5005 835 5080 operator
864 4993 1197 5080 chy'micus.
1230 5004 1357 5061 Vid.
1398 4993 1618 5080 ξοδ-[πίας
1659 5005 1921 5080 Biblioth.
1962 5006 2054 5080 Gr.
2103 5014 2140 5062 t.
2176 5010 2285 5074 Vll,
2316 5024 2373 5080 p.
2424 5006 2549 5069 541,
2579 5004 2671 5059 ed.
2696 4993 2932 5057 'Harles.
3010 5001 3058 5035 ³ο
3084 4994 3313 5061 ἁνείδεος
3339 4998 3496 5055 libri-
3577 4998 3617 5030 ²¹
3650 4993 3895 5062 ἐπίτροπος

558 5071 698 5129 add.
729 5072 797 5129 A.
876 5071 1050 5148 ²²’τῷ]
1074 5080 1130 5128 τὸ
1163 5077 1230 5131 Α.
1309 5080 1354 5111 ³³
1387 5076 1437 5148 ὁ]
1474 5071 1561 5127 οὖν
1593 5077 1616 5127 ό
1650 5098 1706 5140 ς’.

1784 5078 1829 5112 ²⁴
1857 5082 1946 5136 τὴν
1977 5079 2122 5131 πόλιν
2155 5078 2335 5155 ῥώμην
2368 5085 2427 5133 Α.

2134 5205 2363 5263 NOTAE.

633 5328 712 5397 (3)
754 5328 836 5402 ita
868 5327 1083 5393 pietate
1101 5328 1407 5402 insignem
1439 5328 1633 5385 virum
1662 5329 2056 5385 Christianum
2090 5346 2209 5402 per

563 5400 797 5468 stringit
822 5399 1005 5472 homo
1040 5400 1330 5465 ethnicus,
1364 5406 1423 5457 ut
1448 5407 1505 5456 et
1534 5402 1821 5472 Zosimus,
1854 5402 1957 5456 lib.
1988 5419 2039 5457 v.
2077 5399 2220 5456 Lau-

563 5473 665 5525 dat
710 5477 906 5525 tamen
939 5470 1094 5526 binis
1125 5472 1201 5526 ad
1253 5488 1385 5527 cum
1417 5474 1572 5529 datis
1615 5470 1821 5529 litteris
1856 5476 1912 5530 Β.
1950 5473 2222 5542 Augusti~

565 5544 703 5609 nhs,
733 5543 905 5609 epist.
944 5545 1059 5608 124,
1098 5544 1216 5598 129.

638 5559 713 5685 23.3
733 5557 806 5668 iii

792 5628 913 5669 anu
930 5612 1278 5680 Heracliani,
1293 5613 1396 5686 qui
1422 5614 1601 5687 hujus
1617 5614 1896 5675 facinoris
1906 5614 2222 5693 praemium

2330 5327 2553 5398 accepit
2578 5325 2783 5380 Africa:
2802 5321 3235 5393 prtefecturam.
3261 5321 3393 5392 Ejus
3418 5327 3474 5374 et
3494 5317 3597 5373 inf.
3625 5309 3833 5372 mentio
3851 5307 3903 5361 lit

2331 5400 2407 5456 ab
2442 5401 2552 5453 hoc
2582 5403 2841 5452 auctore.

2402 5471 2478 5541 (5)
2510 5471 2651 5532 Quae
2680 5467 2841 5523 Galla
2870 5462 3125 5541 Placidia
3157 5462 3333 5518 dicta.

2402 5532 2477 5610 (6)
2513 5542 2741 5594 Priscus
2768 5536 2993 5592 Attalus
3028 5541 3270 5590 vocatus
3290 5537 3391 5601 est,
3429 5536 3572 5587 teste
3604 5532 3906 5587 Sozomeno

2332 5611 2435 5669 lib.
2467 5628 2539 5678 ιχ,
2579 5626 2709 5683 cap.
2740 5613 2793 5664 8.
