  <div class='ocr_page' id='page_1' title='image "/cluster/home/n/w/nwhite01/storage/ocr_20150623/103/hvd.32044054112495/140.png"; bbox 0 0 4036 6214; ppageno 0'>
   <div class='ocr_carea' id='block_1_1' title="bbox 187 246 270 312">
    <p class='ocr_par' dir='ltr' id='par_1_1' title="bbox 187 246 270 312">
     <span class='ocr_line' id='line_1_1' title="bbox 187 246 270 312; baseline -0.012 0"><span class='ocrx_word' id='word_1_1' title='bbox 187 246 270 312; x_wconf 59' lang='grc' dir='ltr'><em>ὥῖ</em></span> 
     </span>
    </p>
   </div>
   <div class='ocr_carea' id='block_1_2' title="bbox 185 377 1782 453">
    <p class='ocr_par' dir='ltr' id='par_1_2' title="bbox 185 377 1782 453">
     <span class='ocr_line' id='line_1_2' title="bbox 185 377 1782 453; baseline 0.003 -21"><span class='ocrx_word' id='word_1_2' title='bbox 185 384 249 442; x_wconf 77' lang='grc' dir='ltr'>λος</span> <span class='ocrx_word' id='word_1_3' title='bbox 283 377 331 438; x_wconf 72' lang='grc' dir='ltr'>ἦν</span> <span class='ocrx_word' id='word_1_4' title='bbox 364 383 502 450; x_wconf 79' lang='grc' dir='ltr'>ὄνομα</span> <span class='ocrx_word' id='word_1_5' title='bbox 545 377 708 450; x_wconf 74' lang='grc' dir='ltr'>αὐτ-ῳ)</span> <span class='ocrx_word' id='word_1_6' title='bbox 762 383 860 436; x_wconf 75' lang='grc' dir='ltr'>τὴν</span> <span class='ocrx_word' id='word_1_7' title='bbox 898 381 1244 453; x_wconf 78' lang='grc' dir='ltr'>ἑπαρχότητα</span> <span class='ocrx_word' id='word_1_8' title='bbox 1287 385 1402 434; x_wconf 84' lang='grc' dir='ltr'>τότε</span> <span class='ocrx_word' id='word_1_9' title='bbox 1459 379 1708 436; x_wconf 78' lang='grc' dir='ltr'>διέποντα</span> <span class='ocrx_word' id='word_1_10' title='bbox 1737 390 1782 442; x_wconf 81' lang='grc' dir='ltr'>Α</span> 
     </span>
    </p>
   </div>
   <div class='ocr_carea' id='block_1_3' title="bbox 183 466 1710 542">
    <p class='ocr_par' dir='ltr' id='par_1_3' title="bbox 183 466 1710 542">
     <span class='ocr_line' id='line_1_3' title="bbox 183 466 1710 542; baseline 0.011 -22"><span class='ocrx_word' id='word_1_11' title='bbox 183 471 236 529; x_wconf 77' lang='grc' dir='ltr'>εἰς</span> <span class='ocrx_word' id='word_1_12' title='bbox 277 467 463 541; x_wconf 76' lang='grc' dir='ltr'>βασιλέα</span> <span class='ocrx_word' id='word_1_13' title='bbox 505 466 870 539; x_wconf 79' lang='grc' dir='ltr'>ἀνηγόρευσεν.</span> <span class='ocrx_word' id='word_1_14' title='bbox 914 470 1193 542; x_wconf 74' lang='grc' dir='ltr'>Ἐπράχθη</span> <span class='ocrx_word' id='word_1_15' title='bbox 1243 468 1301 522; x_wconf 73' lang='grc' dir='ltr'>δὲ</span> <span class='ocrx_word' id='word_1_16' title='bbox 1344 471 1484 542; x_wconf 69' lang='grc' dir='ltr'>αὖτῷ</span> <span class='ocrx_word' id='word_1_17' title='bbox 1541 481 1710 524; x_wconf 71' lang='grc' dir='ltr'>ταῦτα</span> 
     </span>
    </p>
   </div>
   <div class='ocr_carea' id='block_1_4' title="bbox 186 555 1710 633">
    <p class='ocr_par' dir='ltr' id='par_1_4' title="bbox 186 555 1710 633">
     <span class='ocr_line' id='line_1_4' title="bbox 186 555 1710 633; baseline 0.003 -24"><span class='ocrx_word' id='word_1_18' title='bbox 186 555 253 610; x_wconf 72' lang='grc' dir='ltr'>διά</span> <span class='ocrx_word' id='word_1_19' title='bbox 284 576 326 608; x_wconf 83' lang='grc' dir='ltr'>τε</span> <span class='ocrx_word' id='word_1_20' title='bbox 361 559 436 616; x_wconf 80' lang='grc' dir='ltr'>τὰς</span> <span class='ocrx_word' id='word_1_21' title='bbox 465 561 832 630; x_wconf 74' lang='grc' dir='ltr'>προειρημένας</span> <span class='ocrx_word' id='word_1_22' title='bbox 882 557 1073 620; x_wconf 83' lang='grc' dir='ltr'>αἰτίας,</span> <span class='ocrx_word' id='word_1_23' title='bbox 1125 563 1213 610; x_wconf 82' lang='grc' dir='ltr'>καὶ</span> <span class='ocrx_word' id='word_1_24' title='bbox 1261 560 1342 611; x_wconf 85' lang='grc' dir='ltr'>ὅτι</span> <span class='ocrx_word' id='word_1_25' title='bbox 1391 562 1569 633; x_wconf 83' lang='grc' dir='ltr'>Σάρον,</span> <span class='ocrx_word' id='word_1_26' title='bbox 1620 566 1710 613; x_wconf 83' lang='grc' dir='ltr'>καὶ</span> 
     </span>
    </p>
   </div>
   <div class='ocr_carea' id='block_1_5' title="bbox 183 645 1712 721">
    <p class='ocr_par' dir='ltr' id='par_1_5' title="bbox 183 645 1712 721">
     <span class='ocr_line' id='line_1_5' title="bbox 183 645 1712 721; baseline 0.003 -24"><span class='ocrx_word' id='word_1_27' title='bbox 183 649 299 697; x_wconf 62' lang='grc' dir='ltr'>αὐτόν</span> <span class='ocrx_word' id='word_1_28' title='bbox 333 647 497 697; x_wconf 84' lang='grc' dir='ltr'>Γότθον</span> <span class='ocrx_word' id='word_1_29' title='bbox 547 649 686 710; x_wconf 83' lang='grc' dir='ltr'>ὄντα,</span> <span class='ocrx_word' id='word_1_30' title='bbox 737 650 829 697; x_wconf 82' lang='grc' dir='ltr'>καὶ</span> <span class='ocrx_word' id='word_1_31' title='bbox 882 645 1126 709; x_wconf 78' lang='grc' dir='ltr'>πλήθους,</span> <span class='ocrx_word' id='word_1_32' title='bbox 1181 649 1271 717; x_wconf 79' lang='grc' dir='ltr'>μεν</span> <span class='ocrx_word' id='word_1_33' title='bbox 1326 646 1499 718; x_wconf 83' lang='grc' dir='ltr'>ὀλίγου</span> <span class='ocrx_word' id='word_1_34' title='bbox 1558 648 1712 721; x_wconf 84' lang='grc' dir='ltr'>ἐπάρ-</span> 
     </span>
    </p>
   </div>
   <div class='ocr_carea' id='block_1_6' title="bbox 181 733 1709 808">
    <p class='ocr_par' dir='ltr' id='par_1_6' title="bbox 181 733 1709 808">
     <span class='ocr_line' id='line_1_6' title="bbox 181 733 1709 808; baseline 0.003 -23"><span class='ocrx_word' id='word_1_35' title='bbox 181 735 467 806; x_wconf 76' lang='grc' dir='ltr'>χοντα(ᾶχρι</span> <span class='ocrx_word' id='word_1_36' title='bbox 495 736 594 808; x_wconf 78' lang='grc' dir='ltr'>γὰρ</span> <span class='ocrx_word' id='word_1_37' title='bbox 642 733 688 785; x_wconf 88' lang='grc' dir='ltr'>σ’</span> <span class='ocrx_word' id='word_1_38' title='bbox 734 735 762 792; x_wconf 76' lang='grc' dir='ltr'>ἡ</span> <span class='ocrx_word' id='word_1_39' title='bbox 815 739 903 786; x_wconf 78' lang='grc' dir='ltr'>καὶ</span> <span class='ocrx_word' id='word_1_40' title='bbox 936 733 972 786; x_wconf 82' lang='grc' dir='ltr'>τ’</span> <span class='ocrx_word' id='word_1_41' title='bbox 1013 734 1154 805; x_wconf 74' lang='grc' dir='ltr'>αὐτῷ</span> <span class='ocrx_word' id='word_1_42' title='bbox 1180 737 1206 786; x_wconf 93' lang='lat'>6</span> <span class='ocrx_word' id='word_1_43' title='bbox 1235 735 1358 797; x_wconf 87' lang='grc' dir='ltr'>λαός</span> <span class='ocrx_word' id='word_1_44' title='bbox 1397 735 1709 807; x_wconf 83' lang='grc' dir='ltr'>ἐξετείνετο),</span> 
     </span>
    </p>
   </div>
   <div class='ocr_carea' id='block_1_7' title="bbox 183 819 1713 897">
    <p class='ocr_par' dir='ltr' id='par_1_7' title="bbox 183 819 1713 897">
     <span class='ocr_line' id='line_1_7' title="bbox 183 819 1713 897; baseline 0.003 -23"><span class='ocrx_word' id='word_1_45' title='bbox 183 823 307 884; x_wconf 63' lang='grc' dir='ltr'>ἄλλως</span> <span class='ocrx_word' id='word_1_46' title='bbox 349 819 399 874; x_wconf 75' lang='grc' dir='ltr'>δε</span> <span class='ocrx_word' id='word_1_47' title='bbox 443 825 663 896; x_wconf 67' lang='grc' dir='ltr'>ἡρωϊκόν</span> <span class='ocrx_word' id='word_1_48' title='bbox 713 842 830 874; x_wconf 89' lang='grc' dir='ltr'>τινα</span> <span class='ocrx_word' id='word_1_49' title='bbox 877 829 965 875; x_wconf 83' lang='grc' dir='ltr'>καὶ</span> <span class='ocrx_word' id='word_1_50' title='bbox 1023 823 1072 874; x_wconf 86' lang='grc' dir='ltr'>ἐν</span> <span class='ocrx_word' id='word_1_51' title='bbox 1130 827 1332 895; x_wconf 79' lang='grc' dir='ltr'>μάχαις</span> <span class='ocrx_word' id='word_1_52' title='bbox 1387 825 1713 897; x_wconf 81' lang='grc' dir='ltr'>ἀκαταγωνι-</span> 
     </span>
    </p>
   </div>
   <div class='ocr_carea' id='block_1_8' title="bbox 182 909 1713 988">
    <p class='ocr_par' dir='ltr' id='par_1_8' title="bbox 182 909 1713 988">
     <span class='ocr_line' id='line_1_8' title="bbox 182 909 1713 988; baseline 0.003 -25"><span class='ocrx_word' id='word_1_53' title='bbox 182 932 289 979; x_wconf 71' lang='grc' dir='ltr'>στον,</span> <span class='ocrx_word' id='word_1_54' title='bbox 339 919 499 964; x_wconf 69' lang='grc' dir='ltr'>τοῦτον</span> <span class='ocrx_word' id='word_1_55' title='bbox 555 914 635 964; x_wconf 83' lang='grc' dir='ltr'>ὅτι</span> <span class='ocrx_word' id='word_1_56' title='bbox 689 911 935 983; x_wconf 85' lang='grc' dir='ltr'>Ῥωμαῖοι</span> <span class='ocrx_word' id='word_1_57' title='bbox 991 915 1330 984; x_wconf 75' lang='grc' dir='ltr'>ᾑταιρίσαντο</span> <span class='ocrx_word' id='word_1_58' title='bbox 1386 909 1458 965; x_wconf 85' lang='grc' dir='ltr'>δι’</span> <span class='ocrx_word' id='word_1_59' title='bbox 1520 917 1713 988; x_wconf 82' lang='grc' dir='ltr'>ἔχθρας</span> 
     </span>
    </p>
   </div>
   <div class='ocr_carea' id='block_1_9' title="bbox 179 998 1712 1074">
    <p class='ocr_par' dir='ltr' id='par_1_9' title="bbox 179 998 1712 1074">
     <span class='ocr_line' id='line_1_9' title="bbox 179 998 1712 1074; baseline 0.003 -24"><span class='ocrx_word' id='word_1_60' title='bbox 179 1001 392 1074; x_wconf 70' lang='grc' dir='ltr'>Ἀλαρίχῳ</span> <span class='ocrx_word' id='word_1_61' title='bbox 425 1005 562 1070; x_wconf 76' lang='grc' dir='ltr'>ὄντα,</span> <span class='ocrx_word' id='word_1_62' title='bbox 593 998 861 1054; x_wconf 81' lang='grc' dir='ltr'>ἄσπονδον</span> <span class='ocrx_word' id='word_1_63' title='bbox 907 1000 1097 1074; x_wconf 76' lang='grc' dir='ltr'>ἐχθρόν</span> <span class='ocrx_word' id='word_1_64' title='bbox 1144 1001 1425 1074; x_wconf 79' lang='grc' dir='ltr'>Ἀλάριχον</span> <span class='ocrx_word' id='word_1_65' title='bbox 1465 1006 1510 1038; x_wconf 74' lang='grc'>³⁵</span> <span class='ocrx_word' id='word_1_66' title='bbox 1543 1003 1712 1063; x_wconf 73' lang='grc' dir='ltr'>ἐποιή-</span> 
     </span>
    </p>
   </div>
   <div class='ocr_carea' id='block_1_10' title="bbox 177 1089 1711 1165">
    <p class='ocr_par' dir='ltr' id='par_1_10' title="bbox 177 1089 1711 1165">
     <span class='ocr_line' id='line_1_10' title="bbox 177 1089 1711 1165; baseline 0.002 -23"><span class='ocrx_word' id='word_1_67' title='bbox 177 1110 312 1142; x_wconf 75' lang='grc' dir='ltr'>σαντο.</span> <span class='ocrx_word' id='word_1_68' title='bbox 353 1089 458 1141; x_wconf 78' lang='grc' dir='ltr'>Ὀτι</span> <span class='ocrx_word' id='word_1_69' title='bbox 516 1091 566 1141; x_wconf 86' lang='grc' dir='ltr'>ἐν</span> <span class='ocrx_word' id='word_1_70' title='bbox 624 1099 686 1163; x_wconf 76' lang='grc' dir='ltr'>τῇ</span> <span class='ocrx_word' id='word_1_71' title='bbox 750 1090 1023 1165; x_wconf 77' lang='grc' dir='ltr'>πολιορκίᾳ</span> <span class='ocrx_word' id='word_1_72' title='bbox 1076 1099 1170 1152; x_wconf 83' lang='grc' dir='ltr'>τῆς</span> <span class='ocrx_word' id='word_1_73' title='bbox 1230 1090 1430 1163; x_wconf 68' lang='grc' dir='ltr'>Ῥώμης</span> <span class='ocrx_word' id='word_1_74' title='bbox 1494 1091 1711 1152; x_wconf 76' lang='grc' dir='ltr'>ἀλληλο-</span> 
     </span>
    </p>
   </div>
   <div class='ocr_carea' id='block_1_11' title="bbox 177 1178 1713 1255">
    <p class='ocr_par' dir='ltr' id='par_1_11' title="bbox 177 1178 1713 1255">
     <span class='ocr_line' id='line_1_11' title="bbox 177 1178 1713 1255; baseline 0.004 -27"><span class='ocrx_word' id='word_1_75' title='bbox 177 1184 298 1249; x_wconf 57' lang='grc' dir='ltr'>φαγία</span> <span class='ocrx_word' id='word_1_76' title='bbox 345 1188 431 1230; x_wconf 77' lang='grc' dir='ltr'>τῶν</span> <span class='ocrx_word' id='word_1_77' title='bbox 478 1182 810 1232; x_wconf 73' lang='grc' dir='ltr'>ἐνοικούντων</span> <span class='ocrx_word' id='word_1_78' title='bbox 864 1178 1084 1250; x_wconf 86' lang='grc' dir='ltr'>ἐγίνετο.</span> <span class='ocrx_word' id='word_1_79' title='bbox 1143 1178 1264 1231; x_wconf 76' lang='grc' dir='ltr'>Ὀτι</span> <span class='ocrx_word' id='word_1_80' title='bbox 1312 1180 1594 1255; x_wconf 81' lang='grc' dir='ltr'>Ἀλάριχος</span> <span class='ocrx_word' id='word_1_81' title='bbox 1638 1186 1713 1234; x_wconf 84' lang='grc' dir='ltr'>ἔτι</span> 
     </span>
    </p>
   </div>
   <div class='ocr_carea' id='block_1_12' title="bbox 176 1268 1714 1343">
    <p class='ocr_par' dir='ltr' id='par_1_12' title="bbox 176 1268 1714 1343">
     <span class='ocr_line' id='line_1_12' title="bbox 176 1268 1714 1343; baseline 0.004 -27"><span class='ocrx_word' id='word_1_82' title='bbox 176 1272 318 1329; x_wconf 70' lang='grc' dir='ltr'>ζῶντος</span> <span class='ocrx_word' id='word_1_83' title='bbox 369 1268 679 1339; x_wconf 80' lang='grc' dir='ltr'>Στελίχωνος</span> <span class='ocrx_word' id='word_1_84' title='bbox 727 1268 780 1339; x_wconf 91' lang='grc' dir='ltr'>μ’</span> <span class='ocrx_word' id='word_1_85' title='bbox 836 1271 1144 1343; x_wconf 81' lang='grc' dir='ltr'>κεντηνάρια</span> <span class='ocrx_word' id='word_1_86' title='bbox 1193 1271 1383 1340; x_wconf 80' lang='grc' dir='ltr'>μισθόν</span> <span class='ocrx_word' id='word_1_87' title='bbox 1435 1271 1582 1322; x_wconf 77' lang='grc' dir='ltr'>ἔλαϐε</span> <span class='ocrx_word' id='word_1_88' title='bbox 1625 1280 1714 1330; x_wconf 81' lang='grc' dir='ltr'>τῆς</span> 
     </span>
    </p>
   </div>
   <div class='ocr_carea' id='block_1_13' title="bbox 172 1355 1716 1431">
    <p class='ocr_par' dir='ltr' id='par_1_13' title="bbox 172 1355 1716 1431">
     <span class='ocr_line' id='line_1_13' title="bbox 172 1355 1716 1431; baseline 0.005 -26"><span class='ocrx_word' id='word_1_89' title='bbox 172 1355 457 1428; x_wconf 65' lang='grc' dir='ltr'>ἐπιστρατείας.</span> <span class='ocrx_word' id='word_1_90' title='bbox 516 1356 640 1408; x_wconf 67' lang='grc' dir='ltr'>Ὀτι</span> <span class='ocrx_word' id='word_1_91' title='bbox 685 1359 817 1429; x_wconf 85' lang='grc' dir='ltr'>μετὰ</span> <span class='ocrx_word' id='word_1_92' title='bbox 865 1359 1082 1409; x_wconf 85' lang='grc' dir='ltr'>θάνατον</span> <span class='ocrx_word' id='word_1_93' title='bbox 1129 1357 1445 1429; x_wconf 84' lang='grc' dir='ltr'>Στελίχωνος</span> <span class='ocrx_word' id='word_1_94' title='bbox 1489 1357 1716 1431; x_wconf 75' lang='grc' dir='ltr'>ἀναιρεῖ-</span> 
     </span>
    </p>
   </div>
   <div class='ocr_carea' id='block_1_14' title="bbox 171 1444 1710 1520">
    <p class='ocr_par' dir='ltr' id='par_1_14' title="bbox 171 1444 1710 1520">
     <span class='ocr_line' id='line_1_14' title="bbox 171 1444 1710 1520; baseline 0.005 -27"><span class='ocrx_word' id='word_1_95' title='bbox 171 1462 230 1494; x_wconf 78' lang='grc' dir='ltr'>ται</span> <span class='ocrx_word' id='word_1_96' title='bbox 283 1444 670 1516; x_wconf 61' lang='grc' dir='ltr'>ὲναποπνιγείσα</span> <span class='ocrx_word' id='word_1_97' title='bbox 726 1451 814 1497; x_wconf 79' lang='grc' dir='ltr'>καὶ</span> <span class='ocrx_word' id='word_1_98' title='bbox 872 1453 1064 1519; x_wconf 82' lang='grc' dir='ltr'>Σερῆνα</span> <span class='ocrx_word' id='word_1_99' title='bbox 1122 1448 1168 1480; x_wconf 78' lang='grc'>³⁸</span> <span class='ocrx_word' id='word_1_100' title='bbox 1227 1449 1256 1504; x_wconf 84' lang='grc' dir='ltr'><strong>ἡ</strong></span> <span class='ocrx_word' id='word_1_101' title='bbox 1320 1450 1505 1500; x_wconf 82' lang='grc' dir='ltr'>τούτου</span> <span class='ocrx_word' id='word_1_102' title='bbox 1558 1453 1710 1520; x_wconf 83' lang='grc' dir='ltr'>γυνὴ,</span> 
     </span>
    </p>
   </div>
   <div class='ocr_carea' id='block_1_15' title="bbox 168 1532 1710 1609">
    <p class='ocr_par' dir='ltr' id='par_1_15' title="bbox 168 1532 1710 1609">
     <span class='ocr_line' id='line_1_15' title="bbox 168 1532 1710 1609; baseline 0.005 -28"><span class='ocrx_word' id='word_1_103' title='bbox 168 1533 281 1583; x_wconf 76' lang='grc' dir='ltr'>αἰτία</span> <span class='ocrx_word' id='word_1_104' title='bbox 327 1537 629 1606; x_wconf 82' lang='grc' dir='ltr'>νομισθεῑσα</span> <span class='ocrx_word' id='word_1_105' title='bbox 677 1543 771 1594; x_wconf 85' lang='grc' dir='ltr'>τῆς</span> <span class='ocrx_word' id='word_1_106' title='bbox 815 1534 897 1586; x_wconf 82' lang='grc' dir='ltr'>ἐπὶ</span> <span class='ocrx_word' id='word_1_107' title='bbox 921 1533 1120 1606; x_wconf 79' lang='grc' dir='ltr'>Ῥώμην</span> <span class='ocrx_word' id='word_1_108' title='bbox 1157 1532 1348 1607; x_wconf 75' lang='grc' dir='ltr'>ἐφόδου</span> <span class='ocrx_word' id='word_1_109' title='bbox 1375 1536 1662 1609; x_wconf 74' lang='grc' dir='ltr'>Ἀλαρίχου</span> <span class='ocrx_word' id='word_1_110' title='bbox 1698 1559 1710 1571; x_wconf 91' lang='grc'><strong>·</strong></span> 
     </span>
    </p>
   </div>
   <div class='ocr_carea' id='block_1_16' title="bbox 167 1620 1714 1697">
    <p class='ocr_par' dir='ltr' id='par_1_16' title="bbox 167 1620 1714 1697">
     <span class='ocr_line' id='line_1_16' title="bbox 167 1620 1714 1697; baseline 0.005 -26"><span class='ocrx_word' id='word_1_111' title='bbox 167 1621 401 1694; x_wconf 70' lang='grc' dir='ltr'>ἀναιρεῖται</span> <span class='ocrx_word' id='word_1_112' title='bbox 450 1620 508 1674; x_wconf 76' lang='grc' dir='ltr'>δὲ</span> <span class='ocrx_word' id='word_1_113' title='bbox 563 1629 811 1696; x_wconf 86' lang='grc' dir='ltr'>πρότερον</span> <span class='ocrx_word' id='word_1_114' title='bbox 867 1627 996 1694; x_wconf 79' lang='grc' dir='ltr'>μετὰ</span> <span class='ocrx_word' id='word_1_115' title='bbox 1049 1627 1142 1682; x_wconf 73' lang='grc' dir='ltr'>τὴν</span> <span class='ocrx_word' id='word_1_116' title='bbox 1200 1623 1328 1695; x_wconf 78' lang='grc'>[105</span> <span class='ocrx_word' id='word_1_117' title='bbox 1376 1625 1464 1696; x_wconf 80' lang='grc' dir='ltr'>Η.]</span> <span class='ocrx_word' id='word_1_118' title='bbox 1511 1625 1714 1697; x_wconf 78' lang='grc' dir='ltr'>ἀναίρε-</span> 
     </span>
    </p>
   </div>
   <div class='ocr_carea' id='block_1_17' title="bbox 164 1712 1715 1787">
    <p class='ocr_par' dir='ltr' id='par_1_17' title="bbox 164 1712 1715 1787">
     <span class='ocr_line' id='line_1_17' title="bbox 164 1712 1715 1787; baseline 0.013 -27"><span class='ocrx_word' id='word_1_119' title='bbox 164 1729 274 1781; x_wconf 77' lang='grc' dir='ltr'>ρεσιν</span> <span class='ocrx_word' id='word_1_120' title='bbox 317 1712 620 1783; x_wconf 79' lang='grc' dir='ltr'>Στελίχωνος</span> <span class='ocrx_word' id='word_1_121' title='bbox 671 1714 718 1746; x_wconf 70' lang='grc'>³⁷</span> <span class='ocrx_word' id='word_1_122' title='bbox 772 1714 796 1762; x_wconf 88' lang='grc' dir='ltr'><strong>ὁ</strong></span> <span class='ocrx_word' id='word_1_123' title='bbox 845 1715 1035 1772; x_wconf 77' lang='grc' dir='ltr'>ταύτης</span> <span class='ocrx_word' id='word_1_124' title='bbox 1082 1712 1317 1765; x_wconf 77' lang='grc' dir='ltr'>κάκείνου</span> <span class='ocrx_word' id='word_1_125' title='bbox 1368 1722 1491 1775; x_wconf 85' lang='grc' dir='ltr'>παῖς</span> <span class='ocrx_word' id='word_1_126' title='bbox 1543 1715 1715 1787; x_wconf 72' lang='grc' dir='ltr'>Εὗχέ·</span> 
     </span>
    </p>
   </div>
   <div class='ocr_carea' id='block_1_18' title="bbox 162 1798 1718 1878">
    <p class='ocr_par' dir='ltr' id='par_1_18' title="bbox 162 1798 1718 1878">
     <span class='ocr_line' id='line_1_18' title="bbox 162 1798 1718 1878; baseline 0.006 -30"><span class='ocrx_word' id='word_1_127' title='bbox 162 1817 266 1871; x_wconf 61' lang='lat' dir='ltr'>pug.</span> <span class='ocrx_word' id='word_1_128' title='bbox 312 1798 419 1850; x_wconf 80' lang='grc' dir='ltr'>Ὀτι</span> <span class='ocrx_word' id='word_1_129' title='bbox 474 1804 533 1851; x_wconf 86' lang='grc' dir='ltr'>τὸ</span> <span class='ocrx_word' id='word_1_130' title='bbox 596 1800 964 1874; x_wconf 77' lang='grc' dir='ltr'>Βονκελλάριος</span> <span class='ocrx_word' id='word_1_131' title='bbox 1012 1805 1173 1872; x_wconf 79' lang='grc' dir='ltr'>ὄνομα</span> <span class='ocrx_word' id='word_1_132' title='bbox 1225 1800 1272 1852; x_wconf 75' lang='grc' dir='ltr'>ἐν</span> <span class='ocrx_word' id='word_1_133' title='bbox 1324 1810 1438 1863; x_wconf 88' lang='grc' dir='ltr'>ταῖς</span> <span class='ocrx_word' id='word_1_134' title='bbox 1499 1806 1718 1878; x_wconf 78' lang='grc' dir='ltr'>ἡμέραις</span> 
     </span>
    </p>
   </div>
   <div class='ocr_carea' id='block_1_19' title="bbox 1600 1893 1718 1946">
    <p class='ocr_par' dir='ltr' id='par_1_19' title="bbox 1600 1893 1718 1946">
     <span class='ocr_line' id='line_1_19' title="bbox 1600 1893 1718 1946; baseline -0.008 0"><span class='ocrx_word' id='word_1_135' title='bbox 1600 1893 1718 1946; x_wconf 80' lang='grc' dir='ltr'>Ῥω-</span> 
     </span>
    </p>
   </div>
   <div class='ocr_carea' id='block_1_20' title="bbox 163 1977 1715 2046">
    <p class='ocr_par' dir='ltr' id='par_1_20' title="bbox 163 1977 1715 2046">
     <span class='ocr_line' id='line_1_20' title="bbox 163 1977 1715 2046; baseline 0.006 -20"><span class='ocrx_word' id='word_1_136' title='bbox 163 1981 291 2046; x_wconf 70' lang='grc' dir='ltr'>μαίων</span> <span class='ocrx_word' id='word_1_137' title='bbox 335 1977 453 2028; x_wconf 77' lang='grc' dir='ltr'>ἀλλὰ</span> <span class='ocrx_word' id='word_1_138' title='bbox 502 1985 598 2030; x_wconf 86' lang='grc' dir='ltr'>καὶ</span> <span class='ocrx_word' id='word_1_139' title='bbox 643 1981 849 2032; x_wconf 77' lang='grc' dir='ltr'>Γότθων</span> <span class='ocrx_word' id='word_1_140' title='bbox 896 1988 1045 2030; x_wconf 88' lang='grc' dir='ltr'>τινῶν</span> <span class='ocrx_word' id='word_1_141' title='bbox 1076 2001 1087 2012; x_wconf 76' lang='grc' dir='ltr'><strong>ο</strong></span> <span class='ocrx_word' id='word_1_142' title='bbox 1122 1983 1191 2040; x_wconf 80' lang='grc' dir='ltr'>ὡς</span> <span class='ocrx_word' id='word_1_143' title='bbox 1232 1977 1282 2031; x_wconf 75' lang='grc' dir='ltr'>δ’</span> <span class='ocrx_word' id='word_1_144' title='bbox 1314 1981 1484 2043; x_wconf 76' lang='grc' dir='ltr'>αὕτως</span> <span class='ocrx_word' id='word_1_145' title='bbox 1529 1989 1620 2034; x_wconf 79' lang='grc' dir='ltr'>καὶ</span> <span class='ocrx_word' id='word_1_146' title='bbox 1658 1988 1715 2036; x_wconf 85' lang='grc' dir='ltr'>τό</span> 
     </span>
    </p>
   </div>
   <div class='ocr_carea' id='block_1_21' title="bbox 161 1888 1524 1963">
    <p class='ocr_par' dir='ltr' id='par_1_21' title="bbox 161 1888 1524 1963">
     <span class='ocr_line' id='line_1_21' title="bbox 161 1888 1524 1963; baseline 0.003 -24"><span class='ocrx_word' id='word_1_147' title='bbox 161 1888 362 1958; x_wconf 69' lang='grc' dir='ltr'>’ῦιωρίου</span> <span class='ocrx_word' id='word_1_148' title='bbox 415 1889 620 1962; x_wconf 62' lang='grc' dir='ltr'>ἐγέρετο</span> <span class='ocrx_word' id='word_1_149' title='bbox 675 1895 810 1942; x_wconf 85' lang='grc' dir='ltr'>κατά</span> <span class='ocrx_word' id='word_1_150' title='bbox 865 1899 1193 1962; x_wconf 80' lang='grc' dir='ltr'>στρατιωτῶν</span> <span class='ocrx_word' id='word_1_151' title='bbox 1249 1891 1306 1942; x_wconf 75' lang='grc' dir='ltr'>οὐ</span> <span class='ocrx_word' id='word_1_152' title='bbox 1370 1898 1524 1963; x_wconf 90' lang='grc' dir='ltr'>μόνον</span> 
     </span>
    </p>
   </div>
   <div class='ocr_carea' id='block_1_22' title="bbox 162 2062 1716 2145">
    <p class='ocr_par' dir='ltr' id='par_1_22' title="bbox 162 2062 1716 2145">
     <span class='ocr_line' id='line_1_22' title="bbox 162 2062 1716 2145; baseline 0.006 -29"><span class='ocrx_word' id='word_1_153' title='bbox 162 2062 430 2137; x_wconf 60' lang='grc' dir='ltr'>ῖοιδιράτων</span> <span class='ocrx_word' id='word_1_154' title='bbox 485 2071 626 2125; x_wconf 76' lang='grc' dir='ltr'>κατὰ</span> <span class='ocrx_word' id='word_1_155' title='bbox 699 2066 954 2142; x_wconf 77' lang='grc' dir='ltr'>διαφόρου</span> <span class='ocrx_word' id='word_1_156' title='bbox 1012 2075 1102 2121; x_wconf 81' lang='grc' dir='ltr'>καὶ</span> <span class='ocrx_word' id='word_1_157' title='bbox 1162 2079 1461 2141; x_wconf 72' lang='grc' dir='ltr'>συμμιγοῦς</span> <span class='ocrx_word' id='word_1_158' title='bbox 1517 2071 1716 2145; x_wconf 76' lang='grc' dir='ltr'>ἐφέρετο</span> 
     </span>
    </p>
   </div>
   <div class='ocr_carea' id='block_1_23' title="bbox 161 2153 1719 2233">
    <p class='ocr_par' dir='ltr' id='par_1_23' title="bbox 161 2153 1719 2233">
     <span class='ocr_line' id='line_1_23' title="bbox 161 2153 1719 2233; baseline 0.007 -30"><span class='ocrx_word' id='word_1_159' title='bbox 161 2153 364 2216; x_wconf 67' lang='grc' dir='ltr'>πλήθους.</span> <span class='ocrx_word' id='word_1_160' title='bbox 413 2156 533 2210; x_wconf 82' lang='grc' dir='ltr'>Ὀτι</span> <span class='ocrx_word' id='word_1_161' title='bbox 592 2157 879 2230; x_wconf 76' lang='grc' dir='ltr'>Ὀλύμπιος</span> <span class='ocrx_word' id='word_1_162' title='bbox 927 2160 952 2209; x_wconf 97' lang='lat'>6</span> <span class='ocrx_word' id='word_1_163' title='bbox 993 2157 1365 2220; x_wconf 78' lang='grc' dir='ltr'>ἐπιϐουλεύσας</span> <span class='ocrx_word' id='word_1_164' title='bbox 1423 2160 1719 2233; x_wconf 86' lang='grc' dir='ltr'>Στελίχωνα</span> 
     </span>
    </p>
   </div>
   <div class='ocr_carea' id='block_1_24' title="bbox 157 2245 1719 2319">
    <p class='ocr_par' dir='ltr' id='par_1_24' title="bbox 157 2245 1719 2319">
     <span class='ocr_line' id='line_1_24' title="bbox 157 2245 1719 2319; baseline 0.015 -35"><span class='ocrx_word' id='word_1_165' title='bbox 157 2245 407 2317; x_wconf 51' lang='grc' dir='ltr'>μγιστρος</span> <span class='ocrx_word' id='word_1_166' title='bbox 460 2255 566 2298; x_wconf 80' lang='grc' dir='ltr'>τῶν</span> <span class='ocrx_word' id='word_1_167' title='bbox 617 2246 872 2319; x_wconf 75' lang='grc' dir='ltr'>ὀφφικίων</span> <span class='ocrx_word' id='word_1_168' title='bbox 925 2251 1147 2318; x_wconf 78' lang='grc' dir='ltr'>γέγονεν,</span> <span class='ocrx_word' id='word_1_169' title='bbox 1209 2246 1320 2299; x_wconf 83' lang='grc' dir='ltr'>εἶτα</span> <span class='ocrx_word' id='word_1_170' title='bbox 1370 2247 1573 2310; x_wconf 79' lang='grc' dir='ltr'>ἐξέπεσε</span> <span class='ocrx_word' id='word_1_171' title='bbox 1624 2259 1719 2312; x_wconf 79' lang='grc' dir='ltr'>τῆς</span> 
     </span>
    </p>
   </div>
   <div class='ocr_carea' id='block_1_25' title="bbox 159 2330 1716 2404">
    <p class='ocr_par' dir='ltr' id='par_1_25' title="bbox 159 2330 1716 2404">
     <span class='ocr_line' id='line_1_25' title="bbox 159 2330 1716 2404; baseline 0.004 -20"><span class='ocrx_word' id='word_1_172' title='bbox 159 2330 319 2401; x_wconf 73' lang='grc' dir='ltr'>ἀρχῆς,</span> <span class='ocrx_word' id='word_1_173' title='bbox 374 2331 479 2386; x_wconf 81' lang='grc' dir='ltr'>εἶτα</span> <span class='ocrx_word' id='word_1_174' title='bbox 535 2335 693 2388; x_wconf 84' lang='grc' dir='ltr'>πάλιν</span> <span class='ocrx_word' id='word_1_175' title='bbox 753 2334 906 2393; x_wconf 77' lang='grc' dir='ltr'>ἐπέϐη</span> <span class='ocrx_word' id='word_1_176' title='bbox 961 2339 1178 2402; x_wconf 79' lang='grc' dir='ltr'>ταύτης,</span> <span class='ocrx_word' id='word_1_177' title='bbox 1232 2339 1408 2388; x_wconf 82' lang='grc' dir='ltr'>ἔπειτα</span> <span class='ocrx_word' id='word_1_178' title='bbox 1465 2336 1716 2404; x_wconf 82' lang='grc' dir='ltr'>ἐξέπεσεν,</span> 
     </span>
    </p>
   </div>
   <div class='ocr_carea' id='block_1_26' title="bbox 155 2415 1714 2498">
    <p class='ocr_par' dir='ltr' id='par_1_26' title="bbox 155 2415 1714 2498">
     <span class='ocr_line' id='line_1_26' title="bbox 155 2415 1714 2498; baseline 0.005 -28"><span class='ocrx_word' id='word_1_179' title='bbox 155 2415 244 2471; x_wconf 81' lang='grc' dir='ltr'>εἶτα</span> <span class='ocrx_word' id='word_1_180' title='bbox 281 2422 498 2474; x_wconf 81' lang='grc' dir='ltr'>ἐκπεσὼν</span> <span class='ocrx_word' id='word_1_181' title='bbox 543 2424 793 2498; x_wconf 72' lang='grc' dir='ltr'>ῥοπάλοις</span> <span class='ocrx_word' id='word_1_182' title='bbox 838 2426 1050 2497; x_wconf 73' lang='grc' dir='ltr'>ὕστερον</span> <span class='ocrx_word' id='word_1_183' title='bbox 1099 2426 1198 2476; x_wconf 77' lang='grc' dir='ltr'>ὑπό</span> <span class='ocrx_word' id='word_1_184' title='bbox 1247 2432 1606 2478; x_wconf 81' lang='grc' dir='ltr'>Κωνσταντίου</span> <span class='ocrx_word' id='word_1_185' title='bbox 1647 2430 1714 2493; x_wconf 72' lang='grc' dir='ltr'>η,</span> 
     </span>
    </p>
   </div>
   <div class='ocr_carea' id='block_1_27' title="bbox 156 2509 1720 2589">
    <p class='ocr_par' dir='ltr' id='par_1_27' title="bbox 156 2509 1720 2589">
     <span class='ocr_line' id='line_1_27' title="bbox 156 2509 1720 2589; baseline 0.006 -31"><span class='ocrx_word' id='word_1_186' title='bbox 156 2509 198 2569; x_wconf 83' lang='grc' dir='ltr'>ὃς</span> <span class='ocrx_word' id='word_1_187' title='bbox 239 2511 444 2581; x_wconf 68' lang='grc' dir='ltr'>ἠγάγετο</span> <span class='ocrx_word' id='word_1_188' title='bbox 512 2511 835 2579; x_wconf 77' lang='grc' dir='ltr'>Πλακιδίαν,</span> <span class='ocrx_word' id='word_1_189' title='bbox 909 2519 1180 2586; x_wconf 82' lang='grc' dir='ltr'>παιόμενος</span> <span class='ocrx_word' id='word_1_190' title='bbox 1247 2513 1554 2589; x_wconf 80' lang='grc' dir='ltr'>ἀναιρεῖται,</span> <span class='ocrx_word' id='word_1_191' title='bbox 1633 2521 1720 2578; x_wconf 79' lang='grc' dir='ltr'>τὰς</span> 
     </span>
    </p>
   </div>
   <div class='ocr_carea' id='block_1_28' title="bbox 161 2595 1720 2678">
    <p class='ocr_par' dir='ltr' id='par_1_28' title="bbox 161 2595 1720 2678">
     <span class='ocr_line' id='line_1_28' title="bbox 161 2595 1720 2678; baseline 0.006 -30"><span class='ocrx_word' id='word_1_192' title='bbox 161 2595 290 2660; x_wconf 72' lang='grc' dir='ltr'>ἀκοὰς</span> <span class='ocrx_word' id='word_1_193' title='bbox 325 2607 574 2676; x_wconf 81' lang='grc' dir='ltr'>πρότερον</span> <span class='ocrx_word' id='word_1_194' title='bbox 613 2602 850 2663; x_wconf 81' lang='grc' dir='ltr'>ἐκκοπείς</span> <span class='ocrx_word' id='word_1_195' title='bbox 883 2620 894 2632; x_wconf 82' lang='grc'><em>’</em></span> <span class='ocrx_word' id='word_1_196' title='bbox 929 2607 1014 2655; x_wconf 76' lang='grc' dir='ltr'>καὶ</span> <span class='ocrx_word' id='word_1_197' title='bbox 1060 2604 1089 2660; x_wconf 81' lang='grc' dir='ltr'><strong>ἠ</strong></span> <span class='ocrx_word' id='word_1_198' title='bbox 1144 2599 1268 2660; x_wconf 82' lang='grc' dir='ltr'>δίκη</span> <span class='ocrx_word' id='word_1_199' title='bbox 1314 2608 1402 2656; x_wconf 83' lang='grc' dir='ltr'>τόν</span> <span class='ocrx_word' id='word_1_200' title='bbox 1447 2603 1720 2678; x_wconf 78' lang='grc' dir='ltr'>ἀνοσιουρ-</span> 
     </span>
    </p>
   </div>
   <div class='ocr_carea' id='block_1_29' title="bbox 158 2689 1720 2764">
    <p class='ocr_par' dir='ltr' id='par_1_29' title="bbox 158 2689 1720 2764">
     <span class='ocr_line' id='line_1_29' title="bbox 158 2689 1720 2764; baseline 0.006 -29"><span class='ocrx_word' id='word_1_201' title='bbox 158 2690 228 2754; x_wconf 73' lang='grc' dir='ltr'>γὸν</span> <span class='ocrx_word' id='word_1_202' title='bbox 281 2689 343 2748; x_wconf 84' lang='grc' dir='ltr'>εἰς</span> <span class='ocrx_word' id='word_1_203' title='bbox 393 2690 538 2752; x_wconf 71' lang='grc' dir='ltr'>τελος</span> <span class='ocrx_word' id='word_1_204' title='bbox 602 2690 696 2742; x_wconf 74' lang='grc' dir='ltr'>οὐκ</span> <span class='ocrx_word' id='word_1_205' title='bbox 741 2689 932 2762; x_wconf 72' lang='grc' dir='ltr'>ἀφῆκεν</span> <span class='ocrx_word' id='word_1_206' title='bbox 967 2693 1014 2726; x_wconf 69' lang='grc'>³³</span> <span class='ocrx_word' id='word_1_207' title='bbox 1064 2689 1412 2764; x_wconf 80' lang='grc' dir='ltr'>ἀτιμώρητον.</span> <span class='ocrx_word' id='word_1_208' title='bbox 1458 2691 1579 2744; x_wconf 70' lang='grc' dir='ltr'>Ὀτι</span> <span class='ocrx_word' id='word_1_209' title='bbox 1621 2703 1720 2746; x_wconf 86' lang='grc' dir='ltr'>τῶν</span> 
     </span>
    </p>
   </div>
   <div class='ocr_carea' id='block_1_30' title="bbox 154 2774 1720 2854">
    <p class='ocr_par' dir='ltr' id='par_1_30' title="bbox 154 2774 1720 2854">
     <span class='ocr_line' id='line_1_30' title="bbox 154 2774 1720 2854; baseline 0.007 -30"><span class='ocrx_word' id='word_1_210' title='bbox 154 2778 257 2844; x_wconf 72' lang='grc' dir='ltr'>μετὰ</span> <span class='ocrx_word' id='word_1_211' title='bbox 295 2774 633 2850; x_wconf 81' lang='grc' dir='ltr'>Ῥοδογάῑσον</span> <span class='ocrx_word' id='word_1_212' title='bbox 680 2781 884 2832; x_wconf 87' lang='grc' dir='ltr'>Γότθων</span> <span class='ocrx_word' id='word_1_213' title='bbox 934 2781 981 2832; x_wconf 82' lang='grc' dir='ltr'><strong>οἱ</strong></span> <span class='ocrx_word' id='word_1_214' title='bbox 1018 2780 1368 2852; x_wconf 69' lang='grc' dir='ltr'>κεφαλαιῶται</span> <span class='ocrx_word' id='word_1_215' title='bbox 1399 2782 1446 2818; x_wconf 80' lang='grc' dir='ltr'>³ο</span> <span class='ocrx_word' id='word_1_216' title='bbox 1493 2781 1720 2854; x_wconf 79' lang='grc' dir='ltr'>ὀπτίμα-</span> 
     </span>
    </p>
   </div>
   <div class='ocr_carea' id='block_1_31' title="bbox 154 2866 1721 2942">
    <p class='ocr_par' dir='ltr' id='par_1_31' title="bbox 154 2866 1721 2942">
     <span class='ocr_line' id='line_1_31' title="bbox 154 2866 1721 2942; baseline 0.006 -28"><span class='ocrx_word' id='word_1_217' title='bbox 154 2884 214 2915; x_wconf 82' lang='grc' dir='ltr'>τοι</span> <span class='ocrx_word' id='word_1_218' title='bbox 254 2867 533 2935; x_wconf 71' lang='grc' dir='ltr'>ἐκαλοῦντο,</span> <span class='ocrx_word' id='word_1_219' title='bbox 584 2869 652 2929; x_wconf 81' lang='grc' dir='ltr'>εἰς</span> <span class='ocrx_word' id='word_1_220' title='bbox 694 2866 905 2922; x_wconf 78' lang='grc' dir='ltr'>δώδεκα</span> <span class='ocrx_word' id='word_1_221' title='bbox 949 2874 1286 2932; x_wconf 83' lang='grc' dir='ltr'>συντείνοντες</span> <span class='ocrx_word' id='word_1_222' title='bbox 1315 2869 1591 2942; x_wconf 73' lang='grc' dir='ltr'>χιλιάδας,</span> <span class='ocrx_word' id='word_1_223' title='bbox 1633 2871 1721 2934; x_wconf 74' lang='grc' dir='ltr'>οὓς</span> 
     </span>
    </p>
   </div>
   <div class='ocr_carea' id='block_1_32' title="bbox 154 2955 1725 3034">
    <p class='ocr_par' dir='ltr' id='par_1_32' title="bbox 154 2955 1725 3034">
     <span class='ocr_line' id='line_1_32' title="bbox 154 2955 1725 3034; baseline 0.008 -33"><span class='ocrx_word' id='word_1_224' title='bbox 154 2956 557 3028; x_wconf 70' lang='grc' dir='ltr'>καταπολεμήσας</span> <span class='ocrx_word' id='word_1_225' title='bbox 648 2957 909 3029; x_wconf 84' lang='grc' dir='ltr'>Στελίχων</span> <span class='ocrx_word' id='word_1_226' title='bbox 986 2955 1324 3028; x_wconf 78' lang='grc' dir='ltr'>Ῥοδογάῑσον</span> <span class='ocrx_word' id='word_1_227' title='bbox 1382 2966 1725 3034; x_wconf 74' lang='grc' dir='ltr'>προσῃταιρί-</span> 
     </span>
    </p>
   </div>
   <div class='ocr_carea' id='block_1_33' title="bbox 153 3044 1794 3121">
    <p class='ocr_par' dir='ltr' id='par_1_33' title="bbox 153 3044 1794 3121">
     <span class='ocr_line' id='line_1_33' title="bbox 153 3044 1794 3121; baseline 0.003 -28"><span class='ocrx_word' id='word_1_228' title='bbox 153 3060 267 3096; x_wconf 69' lang='grc' dir='ltr'>οπο.</span> <span class='ocrx_word' id='word_1_229' title='bbox 295 3052 406 3097; x_wconf 76' lang='grc' dir='ltr'>Ὀτι</span> <span class='ocrx_word' id='word_1_230' title='bbox 438 3047 746 3120; x_wconf 82' lang='grc' dir='ltr'>Ἀλαρίχου</span> <span class='ocrx_word' id='word_1_231' title='bbox 778 3051 914 3118; x_wconf 85' lang='grc' dir='ltr'>νόσῳ</span> <span class='ocrx_word' id='word_1_232' title='bbox 942 3047 1338 3108; x_wconf 79' lang='grc' dir='ltr'>τελευτήσαντος</span> <span class='ocrx_word' id='word_1_233' title='bbox 1359 3045 1622 3121; x_wconf 75' lang='grc' dir='ltr'>διάδοχος</span> <span class='ocrx_word' id='word_1_234' title='bbox 1636 3049 1723 3101; x_wconf 58' lang='grc' dir='ltr'>αὐ-</span> <span class='ocrx_word' id='word_1_235' title='bbox 1755 3044 1794 3098; x_wconf 92' lang='lat' dir='ltr'>C</span> 
     </span>
    </p>
   </div>
   <div class='ocr_carea' id='block_1_34' title="bbox 153 3131 1726 3210">
    <p class='ocr_par' dir='ltr' id='par_1_34' title="bbox 153 3131 1726 3210">
     <span class='ocr_line' id='line_1_34' title="bbox 153 3131 1726 3210; baseline 0.008 -32"><span class='ocrx_word' id='word_1_236' title='bbox 153 3138 223 3180; x_wconf 69' lang='grc' dir='ltr'>τοῦ</span> <span class='ocrx_word' id='word_1_237' title='bbox 261 3131 580 3207; x_wconf 71' lang='grc' dir='ltr'>Ἀδαοῡλφος</span> <span class='ocrx_word' id='word_1_238' title='bbox 628 3137 988 3202; x_wconf 78' lang='grc' dir='ltr'>καθίσταται,</span> <span class='ocrx_word' id='word_1_239' title='bbox 1032 3137 1057 3187; x_wconf 92' lang='lat'>6</span> <span class='ocrx_word' id='word_1_240' title='bbox 1089 3144 1182 3197; x_wconf 81' lang='grc' dir='ltr'>τῆς</span> <span class='ocrx_word' id='word_1_241' title='bbox 1217 3142 1461 3207; x_wconf 84' lang='grc' dir='ltr'>γυναικός</span> <span class='ocrx_word' id='word_1_242' title='bbox 1507 3135 1726 3210; x_wconf 75' lang='grc' dir='ltr'>ἀδελφός</span> 
     </span>
    </p>
   </div>
   <div class='ocr_carea' id='block_1_35' title="bbox 150 3217 1726 3300">
    <p class='ocr_par' dir='ltr' id='par_1_35' title="bbox 150 3217 1726 3300">
     <span class='ocr_line' id='line_1_35' title="bbox 150 3217 1726 3300; baseline 0.006 -29"><span class='ocrx_word' id='word_1_243' title='bbox 150 3217 242 3271; x_wconf 78' lang='grc' dir='ltr'>Ὀτι</span> <span class='ocrx_word' id='word_1_244' title='bbox 271 3225 346 3274; x_wconf 82' lang='grc' dir='ltr'>τόν</span> <span class='ocrx_word' id='word_1_245' title='bbox 375 3223 534 3299; x_wconf 73' lang='grc' dir='ltr'>ξηρόν</span> <span class='ocrx_word' id='word_1_246' title='bbox 572 3226 731 3299; x_wconf 79' lang='grc' dir='ltr'>ἄρτον</span> <span class='ocrx_word' id='word_1_247' title='bbox 764 3223 1110 3296; x_wconf 82' lang='grc' dir='ltr'>βουκελλάτον</span> <span class='ocrx_word' id='word_1_248' title='bbox 1141 3227 1167 3275; x_wconf 90' lang='lat'>6</span> <span class='ocrx_word' id='word_1_249' title='bbox 1210 3231 1531 3300; x_wconf 70' lang='grc' dir='ltr'>συγγραφεὺς</span> <span class='ocrx_word' id='word_1_250' title='bbox 1561 3228 1726 3280; x_wconf 84' lang='grc' dir='ltr'>καλεῖ-</span> 
     </span>
    </p>
   </div>
   <div class='ocr_carea' id='block_1_36' title="bbox 153 3309 1727 3388">
    <p class='ocr_par' dir='ltr' id='par_1_36' title="bbox 153 3309 1727 3388">
     <span class='ocr_line' id='line_1_36' title="bbox 153 3309 1727 3388; baseline 0.007 -31"><span class='ocrx_word' id='word_1_251' title='bbox 153 3309 249 3359; x_wconf 74' lang='grc' dir='ltr'>σθαὶ</span> <span class='ocrx_word' id='word_1_252' title='bbox 283 3331 418 3381; x_wconf 54' lang='lat' dir='ltr'>eam,</span> <span class='ocrx_word' id='word_1_253' title='bbox 451 3320 545 3366; x_wconf 83' lang='grc' dir='ltr'>καὶ</span> <span class='ocrx_word' id='word_1_254' title='bbox 602 3314 854 3384; x_wconf 76' lang='grc' dir='ltr'>χλευάζει</span> <span class='ocrx_word' id='word_1_255' title='bbox 884 3320 978 3372; x_wconf 80' lang='grc' dir='ltr'>τὴν</span> <span class='ocrx_word' id='word_1_256' title='bbox 1015 3322 1114 3364; x_wconf 84' lang='grc' dir='ltr'>τῶν</span> <span class='ocrx_word' id='word_1_257' title='bbox 1160 3324 1491 3388; x_wconf 88' lang='grc' dir='ltr'>στρατιωτῶν</span> <span class='ocrx_word' id='word_1_258' title='bbox 1537 3315 1727 3368; x_wconf 83' lang='grc' dir='ltr'>ἐπωνυ-</span> 
     </span>
    </p>
   </div>
   <div class='ocr_carea' id='block_1_37' title="bbox 150 3401 1510 3479">
    <p class='ocr_par' dir='ltr' id='par_1_37' title="bbox 150 3401 1510 3479">
     <span class='ocr_line' id='line_1_37' title="bbox 150 3401 1510 3479; baseline 0.007 -32"><span class='ocrx_word' id='word_1_259' title='bbox 150 3401 264 3466; x_wconf 73' lang='grc' dir='ltr'>μίαν,</span> <span class='ocrx_word' id='word_1_260' title='bbox 300 3402 362 3461; x_wconf 81' lang='grc' dir='ltr'>ὡς</span> <span class='ocrx_word' id='word_1_261' title='bbox 389 3401 442 3453; x_wconf 77' lang='grc' dir='ltr'>ἐκ</span> <span class='ocrx_word' id='word_1_262' title='bbox 472 3405 671 3456; x_wconf 80' lang='grc' dir='ltr'>τούτου</span> <span class='ocrx_word' id='word_1_263' title='bbox 709 3403 1089 3479; x_wconf 85' lang='grc' dir='ltr'>Βουκελλαρίων</span> <span class='ocrx_word' id='word_1_264' title='bbox 1120 3401 1510 3460; x_wconf 79' lang='grc' dir='ltr'>ἐπικληθέντων.</span> 
     </span>
    </p>
   </div>
   <div class='ocr_carea' id='block_1_38' title="bbox 209 3573 1729 3656">
    <p class='ocr_par' dir='ltr' id='par_1_38' title="bbox 209 3573 1729 3656">
     <span class='ocr_line' id='line_1_38' title="bbox 209 3573 1729 3656; baseline 0.005 -28"><span class='ocrx_word' id='word_1_265' title='bbox 209 3573 310 3628; x_wconf 73' lang='grc' dir='ltr'>Ὀτι</span> <span class='ocrx_word' id='word_1_266' title='bbox 352 3584 748 3640; x_wconf 72' lang='grc' dir='ltr'>Κωνσταντῖνος</span> <span class='ocrx_word' id='word_1_267' title='bbox 793 3581 861 3640; x_wconf 84' lang='grc' dir='ltr'>εἰς</span> <span class='ocrx_word' id='word_1_268' title='bbox 914 3577 1201 3655; x_wconf 80' lang='grc' dir='ltr'>τυραννίδα</span> <span class='ocrx_word' id='word_1_269' title='bbox 1243 3579 1413 3656; x_wconf 78' lang='grc' dir='ltr'>ἀρθεὶς</span> <span class='ocrx_word' id='word_1_270' title='bbox 1456 3581 1729 3656; x_wconf 77' lang='grc' dir='ltr'>πρεσϐεύε-</span> 
     </span>
    </p>
   </div>
   <div class='ocr_carea' id='block_1_39' title="bbox 156 3667 1730 3745">
    <p class='ocr_par' dir='ltr' id='par_1_39' title="bbox 156 3667 1730 3745">
     <span class='ocr_line' id='line_1_39' title="bbox 156 3667 1730 3745; baseline 0.007 -32"><span class='ocrx_word' id='word_1_271' title='bbox 156 3680 222 3714; x_wconf 78' lang='grc' dir='ltr'>ται</span> <span class='ocrx_word' id='word_1_272' title='bbox 289 3672 413 3739; x_wconf 78' lang='grc' dir='ltr'>πρὸς</span> <span class='ocrx_word' id='word_1_273' title='bbox 489 3669 768 3745; x_wconf 79' lang='grc' dir='ltr'>Ὀνωριον,</span> <span class='ocrx_word' id='word_1_274' title='bbox 827 3671 966 3721; x_wconf 81' lang='grc' dir='ltr'>ἄκων</span> <span class='ocrx_word' id='word_1_275' title='bbox 1029 3667 1272 3742; x_wconf 77' lang='grc' dir='ltr'>βιασθεὶς</span> <span class='ocrx_word' id='word_1_276' title='bbox 1326 3669 1730 3744; x_wconf 80' lang='grc' dir='ltr'>ἀπολογούμενος</span> 
     </span>
    </p>
   </div>
   <div class='ocr_carea' id='block_1_40' title="bbox 157 3751 1731 3831">
    <p class='ocr_par' dir='ltr' id='par_1_40' title="bbox 157 3751 1731 3831">
     <span class='ocr_line' id='line_1_40' title="bbox 157 3751 1731 3831; baseline 0.006 -28"><span class='ocrx_word' id='word_1_277' title='bbox 157 3751 297 3824; x_wconf 71' lang='grc' dir='ltr'>εἶρξαι,</span> <span class='ocrx_word' id='word_1_278' title='bbox 341 3765 668 3831; x_wconf 79' lang='grc' dir='ltr'>συγγνώμην</span> <span class='ocrx_word' id='word_1_279' title='bbox 720 3755 780 3811; x_wconf 75' lang='grc' dir='ltr'>δὲ</span> <span class='ocrx_word' id='word_1_280' title='bbox 831 3758 987 3810; x_wconf 86' lang='grc' dir='ltr'>αἰτῶν</span> <span class='ocrx_word' id='word_1_281' title='bbox 1035 3765 1124 3810; x_wconf 77' lang='grc' dir='ltr'>καὶ</span> <span class='ocrx_word' id='word_1_282' title='bbox 1174 3764 1266 3817; x_wconf 74' lang='grc' dir='ltr'>τὴν</span> <span class='ocrx_word' id='word_1_283' title='bbox 1318 3767 1408 3820; x_wconf 79' lang='grc' dir='ltr'>τῆς</span> <span class='ocrx_word' id='word_1_284' title='bbox 1462 3759 1731 3830; x_wconf 79' lang='grc' dir='ltr'>βασιλείας</span> 
     </span>
    </p>
   </div>
   <div class='ocr_carea' id='block_1_41' title="bbox 156 3839 1732 3908">
    <p class='ocr_par' dir='ltr' id='par_1_41' title="bbox 156 3839 1732 3908">
     <span class='ocr_line' id='line_1_41' title="bbox 156 3839 1732 3908; baseline 0.008 -17"><span class='ocrx_word' id='word_1_285' title='bbox 156 3839 276 3900; x_wconf 68' lang='grc' dir='ltr'>ἀξιῶν</span> <span class='ocrx_word' id='word_1_286' title='bbox 323 3853 604 3898; x_wconf 79' lang='grc' dir='ltr'>κοινωνίαν</span> <span class='ocrx_word' id='word_1_287' title='bbox 659 3869 672 3880; x_wconf 90' lang='grc'><strong>·</strong></span> <span class='ocrx_word' id='word_1_288' title='bbox 706 3852 795 3899; x_wconf 82' lang='grc' dir='ltr'>καὶ</span> <span class='ocrx_word' id='word_1_289' title='bbox 853 3847 1098 3908; x_wconf 84' lang='grc' dir='ltr'>Βασιλεὺς</span> <span class='ocrx_word' id='word_1_290' title='bbox 1155 3844 1249 3900; x_wconf 82' lang='grc' dir='ltr'>διὰ</span> <span class='ocrx_word' id='word_1_291' title='bbox 1307 3851 1370 3900; x_wconf 82' lang='grc' dir='ltr'>τὰ</span> <span class='ocrx_word' id='word_1_292' title='bbox 1425 3852 1732 3908; x_wconf 78' lang='grc' dir='ltr'>ἐνεστηκότα</span> 
     </span>
    </p>
   </div>
   <div class='ocr_carea' id='block_1_42' title="bbox 158 3923 1734 4009">
    <p class='ocr_par' dir='ltr' id='par_1_42' title="bbox 158 3923 1734 4009">
     <span class='ocr_line' id='line_1_42' title="bbox 158 3923 1734 4009; baseline 0.007 -28"><span class='ocrx_word' id='word_1_293' title='bbox 158 3923 358 4006; x_wconf 71' lang='grc' dir='ltr'>δυσχερῆ</span> <span class='ocrx_word' id='word_1_294' title='bbox 401 3940 529 3998; x_wconf 78' lang='grc' dir='ltr'>τέως</span> <span class='ocrx_word' id='word_1_295' title='bbox 571 3931 933 4007; x_wconf 79' lang='grc' dir='ltr'>καταδέχεται</span> <span class='ocrx_word' id='word_1_296' title='bbox 969 3942 1061 3993; x_wconf 81' lang='grc' dir='ltr'>τὴν</span> <span class='ocrx_word' id='word_1_297' title='bbox 1112 3944 1203 3998; x_wconf 84' lang='grc' dir='ltr'>τῆς</span> <span class='ocrx_word' id='word_1_298' title='bbox 1246 3935 1518 4009; x_wconf 79' lang='grc' dir='ltr'>βασιλείας</span> <span class='ocrx_word' id='word_1_299' title='bbox 1549 3959 1734 3992; x_wconf 85' lang='grc' dir='ltr'>κοινω-</span> 
     </span>
    </p>
   </div>
   <div class='ocr_carea' id='block_1_43' title="bbox 153 4021 1733 4100">
    <p class='ocr_par' dir='ltr' id='par_1_43' title="bbox 153 4021 1733 4100">
     <span class='ocr_line' id='line_1_43' title="bbox 153 4021 1733 4100; baseline 0.009 -34"><span class='ocrx_word' id='word_1_300' title='bbox 153 4022 258 4072; x_wconf 68' lang='grc' dir='ltr'>νία-ι.</span> <span class='ocrx_word' id='word_1_301' title='bbox 302 4026 438 4076; x_wconf 76' lang='grc' dir='ltr'>Κατὰ</span> <span class='ocrx_word' id='word_1_302' title='bbox 472 4028 578 4086; x_wconf 79' lang='grc' dir='ltr'>τὰς</span> <span class='ocrx_word' id='word_1_303' title='bbox 629 4030 931 4098; x_wconf 79' lang='grc' dir='ltr'>Βρεττανίας</span> <span class='ocrx_word' id='word_1_304' title='bbox 980 4021 1039 4077; x_wconf 71' lang='grc' dir='ltr'>δὲ</span> <span class='ocrx_word' id='word_1_305' title='bbox 1085 4027 1111 4077; x_wconf 91' lang='lat'>6</span> <span class='ocrx_word' id='word_1_306' title='bbox 1158 4032 1539 4087; x_wconf 70' lang='grc' dir='ltr'>Κωνσταντίνος</span> <span class='ocrx_word' id='word_1_307' title='bbox 1587 4031 1733 4100; x_wconf 76' lang='grc' dir='ltr'>ἐτύγ-</span> 
     </span>
    </p>
   </div>
   <div class='ocr_carea' id='block_1_44' title="bbox 161 4113 1731 4191">
    <p class='ocr_par' dir='ltr' id='par_1_44' title="bbox 161 4113 1731 4191">
     <span class='ocr_line' id='line_1_44' title="bbox 161 4113 1731 4191; baseline 0.009 -34"><span class='ocrx_word' id='word_1_308' title='bbox 161 4126 286 4174; x_wconf 63' lang='grc' dir='ltr'>χανεν</span> <span class='ocrx_word' id='word_1_309' title='bbox 356 4113 794 4190; x_wconf 75' lang='grc' dir='ltr'>ἀνηγορευμένος,</span> <span class='ocrx_word' id='word_1_310' title='bbox 883 4117 1067 4168; x_wconf 78' lang='grc' dir='ltr'>στάσει</span> <span class='ocrx_word' id='word_1_311' title='bbox 1139 4125 1238 4167; x_wconf 88' lang='grc' dir='ltr'>τῶν</span> <span class='ocrx_word' id='word_1_312' title='bbox 1319 4119 1483 4170; x_wconf 71' lang='grc' dir='ltr'>ἐκεῖσε</span> <span class='ocrx_word' id='word_1_313' title='bbox 1576 4137 1731 4191; x_wconf 88' lang='grc' dir='ltr'>στρα-</span> 
     </span>
    </p>
   </div>
   <div class='ocr_carea' id='block_1_45' title="bbox 157 4203 1733 4278">
    <p class='ocr_par' dir='ltr' id='par_1_45' title="bbox 157 4203 1733 4278">
     <span class='ocr_line' id='line_1_45' title="bbox 157 4203 1733 4278; baseline 0.009 -32"><span class='ocrx_word' id='word_1_314' title='bbox 157 4206 318 4251; x_wconf 72' lang='grc' dir='ltr'>τιωτῶν</span> <span class='ocrx_word' id='word_1_315' title='bbox 388 4204 459 4265; x_wconf 79' lang='grc' dir='ltr'>εἰς</span> <span class='ocrx_word' id='word_1_316' title='bbox 542 4207 746 4262; x_wconf 79' lang='grc' dir='ltr'>ταύτην</span> <span class='ocrx_word' id='word_1_317' title='bbox 815 4203 1102 4276; x_wconf 81' lang='grc' dir='ltr'>ἁνηγμένος</span> <span class='ocrx_word' id='word_1_318' title='bbox 1170 4210 1264 4263; x_wconf 80' lang='grc' dir='ltr'>τὴν</span> <span class='ocrx_word' id='word_1_319' title='bbox 1341 4204 1541 4278; x_wconf 78' lang='grc' dir='ltr'>ἀρχὴν,</span> <span class='ocrx_word' id='word_1_320' title='bbox 1635 4213 1733 4260; x_wconf 77' lang='grc' dir='ltr'>Καὶ</span> 
     </span>
    </p>
   </div>
   <div class='ocr_carea' id='block_1_46' title="bbox 158 4289 1735 4368">
    <p class='ocr_par' dir='ltr' id='par_1_46' title="bbox 158 4289 1735 4368">
     <span class='ocr_line' id='line_1_46' title="bbox 158 4289 1735 4368; baseline 0.006 -29"><span class='ocrx_word' id='word_1_321' title='bbox 158 4290 237 4358; x_wconf 68' lang='grc' dir='ltr'>γάρ</span> <span class='ocrx_word' id='word_1_322' title='bbox 298 4289 343 4340; x_wconf 72' lang='grc' dir='ltr'>ἓν</span> <span class='ocrx_word' id='word_1_323' title='bbox 398 4297 628 4355; x_wconf 81' lang='grc' dir='ltr'>ταύταις</span> <span class='ocrx_word' id='word_1_324' title='bbox 699 4301 816 4355; x_wconf 85' lang='grc' dir='ltr'>ταῖς</span> <span class='ocrx_word' id='word_1_325' title='bbox 888 4299 1238 4368; x_wconf 83' lang='grc' dir='ltr'>Βρεττανίαις,</span> <span class='ocrx_word' id='word_1_326' title='bbox 1300 4300 1421 4367; x_wconf 80' lang='grc' dir='ltr'>πρὶν</span> <span class='ocrx_word' id='word_1_327' title='bbox 1490 4296 1519 4354; x_wconf 76' lang='grc' dir='ltr'><strong><em>ἦ</em></strong></span> <span class='ocrx_word' id='word_1_328' title='bbox 1579 4295 1735 4348; x_wconf 82' lang='grc' dir='ltr'>Ὁνώ-</span> 
     </span>
    </p>
   </div>
   <div class='ocr_carea' id='block_1_47' title="bbox 1269 242 2332 316">
    <p class='ocr_par' dir='ltr' id='par_1_47' title="bbox 1269 242 2332 316">
     <span class='ocr_line' id='line_1_47' title="bbox 1269 242 2332 316; baseline 0.004 -5"><span class='ocrx_word' id='word_1_329' title='bbox 1269 242 1761 316; x_wconf 78' lang='lat' dir='ltr'>BieLiOTHEcA.</span> <span class='ocrx_word' id='word_1_330' title='bbox 1802 290 1870 299; x_wconf 91' lang='lat'><em>—</em></span> <span class='ocrx_word' id='word_1_331' title='bbox 1911 257 2075 314; x_wconf 87' lang='lat' dir='ltr'>Coo.</span> <span class='ocrx_word' id='word_1_332' title='bbox 2114 245 2332 316; x_wconf 82' lang='lat' dir='ltr'>LXXX.</span> 
     </span>
    </p>
   </div>
   <div class='ocr_carea' id='block_1_48' title="bbox 3373 253 3478 319">
    <p class='ocr_par' dir='ltr' id='par_1_48' title="bbox 3373 253 3478 319">
     <span class='ocr_line' id='line_1_48' title="bbox 3373 253 3478 319; baseline 0.01 -1"><span class='ocrx_word' id='word_1_333' title='bbox 3373 253 3478 319; x_wconf 72' lang='lat'>238</span> 
     </span>
    </p>
   </div>
   <div class='ocr_carea' id='block_1_49' title="bbox 1815 386 3484 461">
    <p class='ocr_par' dir='ltr' id='par_1_49' title="bbox 1815 386 3484 461">
     <span class='ocr_line' id='line_1_49' title="bbox 1815 386 3484 461; baseline 0.004 -21"><span class='ocrx_word' id='word_1_334' title='bbox 1815 400 2056 451; x_wconf 85' lang='lat' dir='ltr'>nomen,</span> <span class='ocrx_word' id='word_1_335' title='bbox 2093 401 2398 442; x_wconf 80' lang='lat' dir='ltr'>summam</span> <span class='ocrx_word' id='word_1_336' title='bbox 2420 386 2836 457; x_wconf 63' lang='lat' dir='ltr'>praefecturam</span> <span class='ocrx_word' id='word_1_337' title='bbox 2863 394 3189 457; x_wconf 74' lang='lat' dir='ltr'>gerentem,</span> <span class='ocrx_word' id='word_1_338' title='bbox 3217 387 3484 461; x_wconf 83' lang='lat' dir='ltr'>impera-</span> 
     </span>
    </p>
   </div>
   <div class='ocr_carea' id='block_1_50' title="bbox 1820 474 3480 549">
    <p class='ocr_par' dir='ltr' id='par_1_50' title="bbox 1820 474 3480 549">
     <span class='ocr_line' id='line_1_50' title="bbox 1820 474 3480 549; baseline 0.004 -22"><span class='ocrx_word' id='word_1_339' title='bbox 1820 478 2005 528; x_wconf 86' lang='lat' dir='ltr'><strong><em>torem</em></strong></span> <span class='ocrx_word' id='word_1_340' title='bbox 2036 474 2432 530; x_wconf 87' lang='lat' dir='ltr'>renuntiasse.</span> <span class='ocrx_word' id='word_1_341' title='bbox 2451 476 2713 547; x_wconf 89' lang='lat' dir='ltr'>Actaque</span> <span class='ocrx_word' id='word_1_342' title='bbox 2744 490 2873 530; x_wconf 90' lang='lat' dir='ltr'>esse</span> <span class='ocrx_word' id='word_1_343' title='bbox 2892 474 3021 530; x_wconf 64' lang='lat' dir='ltr'>haec</span> <span class='ocrx_word' id='word_1_344' title='bbox 3062 475 3141 531; x_wconf 91' lang='lat' dir='ltr'>ob</span> <span class='ocrx_word' id='word_1_345' title='bbox 3169 491 3291 542; x_wconf 87' lang='lat' dir='ltr'>eas,</span> <span class='ocrx_word' id='word_1_346' title='bbox 3329 495 3480 549; x_wconf 86' lang='lat' dir='ltr'>quas</span> 
     </span>
    </p>
   </div>
   <div class='ocr_carea' id='block_1_51' title="bbox 1819 561 3476 634">
    <p class='ocr_par' dir='ltr' id='par_1_51' title="bbox 1819 561 3476 634">
     <span class='ocr_line' id='line_1_51' title="bbox 1819 561 3476 634; baseline 0.004 -19"><span class='ocrx_word' id='word_1_347' title='bbox 1819 561 2082 616; x_wconf 85' lang='lat' dir='ltr'>diximus</span> <span class='ocrx_word' id='word_1_348' title='bbox 2108 579 2338 628; x_wconf 86' lang='lat' dir='ltr'>causas,</span> <span class='ocrx_word' id='word_1_349' title='bbox 2368 564 2523 619; x_wconf 88' lang='lat' dir='ltr'>etob</span> <span class='ocrx_word' id='word_1_350' title='bbox 2575 563 2791 619; x_wconf 89' lang='lat' dir='ltr'>Sarum</span> <span class='ocrx_word' id='word_1_351' title='bbox 2825 563 2926 634; x_wconf 87' lang='lat'>(7),</span> <span class='ocrx_word' id='word_1_352' title='bbox 2994 563 3278 620; x_wconf 85' lang='lat' dir='ltr'>Gottbum</span> <span class='ocrx_word' id='word_1_353' title='bbox 3337 566 3476 622; x_wconf 93' lang='lat' dir='ltr'>item</span> 
     </span>
    </p>
   </div>
   <div class='ocr_carea' id='block_1_52' title="bbox 1821 652 3481 726">
    <p class='ocr_par' dir='ltr' id='par_1_52' title="bbox 1821 652 3481 726">
     <span class='ocr_line' id='line_1_52' title="bbox 1821 652 3481 726; baseline 0.004 -22"><span class='ocrx_word' id='word_1_354' title='bbox 1821 666 2054 720; x_wconf 86' lang='lat' dir='ltr'>genere,</span> <span class='ocrx_word' id='word_1_355' title='bbox 2077 652 2177 705; x_wconf 89' lang='lat' dir='ltr'>sed</span> <span class='ocrx_word' id='word_1_356' title='bbox 2211 668 2544 723; x_wconf 86' lang='lat' dir='ltr'>paucorum</span> <span class='ocrx_word' id='word_1_357' title='bbox 2589 653 2908 708; x_wconf 81' lang='lat' dir='ltr'>hominum</span> <span class='ocrx_word' id='word_1_358' title='bbox 2958 652 3310 724; x_wconf 70' lang='lat' dir='ltr'>praefectum</span> <span class='ocrx_word' id='word_1_359' title='bbox 3363 656 3481 726; x_wconf 80' lang='lat' dir='ltr'>(vix</span> 
     </span>
    </p>
   </div>
   <div class='ocr_carea' id='block_1_53' title="bbox 1821 740 3478 810">
    <p class='ocr_par' dir='ltr' id='par_1_53' title="bbox 1821 740 3478 810">
     <span class='ocr_line' id='line_1_53' title="bbox 1821 740 3478 810; baseline 0.004 -17"><span class='ocrx_word' id='word_1_360' title='bbox 1821 740 1980 794; x_wconf 89' lang='lat' dir='ltr'>enim</span> <span class='ocrx_word' id='word_1_361' title='bbox 2009 740 2320 804; x_wconf 87' lang='lat' dir='ltr'>ducentos,</span> <span class='ocrx_word' id='word_1_362' title='bbox 2354 746 2456 796; x_wconf 90' lang='lat' dir='ltr'>aut</span> <span class='ocrx_word' id='word_1_363' title='bbox 2484 747 3115 804; x_wconf 89' lang='lat' dir='ltr'>summum,trecentos</span> <span class='ocrx_word' id='word_1_364' title='bbox 3148 742 3478 810; x_wconf 88' lang='lat' dir='ltr'>ductabat),</span> 
     </span>
    </p>
   </div>
   <div class='ocr_carea' id='block_1_54' title="bbox 1821 830 3480 901">
    <p class='ocr_par' dir='ltr' id='par_1_54' title="bbox 1821 830 3480 901">
     <span class='ocr_line' id='line_1_54' title="bbox 1821 830 3480 901; baseline 0.004 -19"><span class='ocrx_word' id='word_1_365' title='bbox 1821 835 2032 884; x_wconf 49' lang='lat' dir='ltr'>caetera</span> <span class='ocrx_word' id='word_1_366' title='bbox 2084 845 2440 898; x_wconf 85' lang='lat' dir='ltr'>generosum</span> <span class='ocrx_word' id='word_1_367' title='bbox 2518 832 2730 895; x_wconf 87' lang='lat' dir='ltr'>virum,</span> <span class='ocrx_word' id='word_1_368' title='bbox 2808 830 3112 901; x_wconf 87' lang='lat' dir='ltr'>armisque</span> <span class='ocrx_word' id='word_1_369' title='bbox 3167 831 3480 899; x_wconf 86' lang='lat' dir='ltr'>invictum,</span> 
     </span>
    </p>
   </div>
   <div class='ocr_carea' id='block_1_55' title="bbox 1821 917 3483 990">
    <p class='ocr_par' dir='ltr' id='par_1_55' title="bbox 1821 917 3483 990">
     <span class='ocr_line' id='line_1_55' title="bbox 1821 917 3483 990; baseline 0.004 -19"><span class='ocrx_word' id='word_1_370' title='bbox 1821 932 2002 990; x_wconf 87' lang='lat' dir='ltr'>quem</span> <span class='ocrx_word' id='word_1_371' title='bbox 2034 917 2198 990; x_wconf 89' lang='lat' dir='ltr'>quod</span> <span class='ocrx_word' id='word_1_372' title='bbox 2225 919 2454 972; x_wconf 90' lang='lat' dir='ltr'>socium</span> <span class='ocrx_word' id='word_1_373' title='bbox 2487 919 2596 972; x_wconf 85' lang='lat' dir='ltr'>sibi</span> <span class='ocrx_word' id='word_1_374' title='bbox 2625 919 2874 974; x_wconf 81' lang='lat' dir='ltr'>Romani</span> <span class='ocrx_word' id='word_1_375' title='bbox 2912 919 3483 989; x_wconf 83' lang='lat' dir='ltr'>adjunxissenl,Ala-</span> 
     </span>
    </p>
   </div>
   <div class='ocr_carea' id='block_1_56' title="bbox 1822 1006 3482 1079">
    <p class='ocr_par' dir='ltr' id='par_1_56' title="bbox 1822 1006 3482 1079">
     <span class='ocr_line' id='line_1_56' title="bbox 1822 1006 3482 1079; baseline 0.003 -19"><span class='ocrx_word' id='word_1_376' title='bbox 1822 1006 1965 1060; x_wconf 88' lang='lat' dir='ltr'>richi</span> <span class='ocrx_word' id='word_1_377' title='bbox 2007 1007 2286 1061; x_wconf 85' lang='lat' dir='ltr'>infestum</span> <span class='ocrx_word' id='word_1_378' title='bbox 2310 1006 2566 1073; x_wconf 83' lang='lat' dir='ltr'>hOstem,</span> <span class='ocrx_word' id='word_1_379' title='bbox 2599 1010 2655 1061; x_wconf 90' lang='lat' dir='ltr'>in</span> <span class='ocrx_word' id='word_1_380' title='bbox 2683 1015 3038 1079; x_wconf 79' lang='lat' dir='ltr'>perpetuum</span> <span class='ocrx_word' id='word_1_381' title='bbox 3067 1008 3292 1063; x_wconf 91' lang='lat' dir='ltr'>idcirco</span> <span class='ocrx_word' id='word_1_382' title='bbox 3318 1009 3482 1066; x_wconf 89' lang='lat' dir='ltr'>hunc</span> 
     </span>
    </p>
   </div>
   <div class='ocr_carea' id='block_1_57' title="bbox 1822 1094 3483 1153">
    <p class='ocr_par' dir='ltr' id='par_1_57' title="bbox 1822 1094 3483 1153">
     <span class='ocr_line' id='line_1_57' title="bbox 1822 1094 3483 1153; baseline 0.002 -4"><span class='ocrx_word' id='word_1_383' title='bbox 1822 1097 2202 1150; x_wconf 72' lang='lat' dir='ltr'>renuntiasse</span> <span class='ocrx_word' id='word_1_384' title='bbox 2227 1094 2351 1150; x_wconf 88' lang='lat' dir='ltr'>Sari</span> <span class='ocrx_word' id='word_1_385' title='bbox 2383 1097 2674 1151; x_wconf 78' lang='lat' dir='ltr'>amicitiae.</span> <span class='ocrx_word' id='word_1_386' title='bbox 2710 1096 2773 1150; x_wconf 94' lang='lat' dir='ltr'>In</span> <span class='ocrx_word' id='word_1_387' title='bbox 2801 1096 2914 1150; x_wconf 89' lang='lat' dir='ltr'>hac</span> <span class='ocrx_word' id='word_1_388' title='bbox 2973 1096 3132 1150; x_wconf 90' lang='lat' dir='ltr'>urbis</span> <span class='ocrx_word' id='word_1_389' title='bbox 3165 1097 3483 1153; x_wconf 85' lang='lat' dir='ltr'>obsidione</span> 
     </span>
    </p>
   </div>
   <div class='ocr_carea' id='block_1_58' title="bbox 1821 1183 3482 1253">
    <p class='ocr_par' dir='ltr' id='par_1_58' title="bbox 1821 1183 3482 1253">
     <span class='ocr_line' id='line_1_58' title="bbox 1821 1183 3482 1253; baseline 0.004 -17"><span class='ocrx_word' id='word_1_390' title='bbox 1821 1190 2031 1238; x_wconf 87' lang='lat' dir='ltr'>mutua</span> <span class='ocrx_word' id='word_1_391' title='bbox 2062 1199 2241 1238; x_wconf 88' lang='lat' dir='ltr'>carne</span> <span class='ocrx_word' id='word_1_392' title='bbox 2275 1189 2480 1253; x_wconf 89' lang='lat' dir='ltr'>pastos</span> <span class='ocrx_word' id='word_1_393' title='bbox 2506 1184 2805 1239; x_wconf 88' lang='lat' dir='ltr'>obsessos.</span> <span class='ocrx_word' id='word_1_394' title='bbox 2841 1183 3203 1248; x_wconf 82' lang='lat' dir='ltr'>Alarichum,</span> <span class='ocrx_word' id='word_1_395' title='bbox 3252 1186 3482 1242; x_wconf 90' lang='lat' dir='ltr'>vivente</span> 
     </span>
    </p>
   </div>
   <div class='ocr_carea' id='block_1_59' title="bbox 1821 1271 3480 1337">
    <p class='ocr_par' dir='ltr' id='par_1_59' title="bbox 1821 1271 3480 1337">
     <span class='ocr_line' id='line_1_59' title="bbox 1821 1271 3480 1337; baseline 0.003 -11"><span class='ocrx_word' id='word_1_396' title='bbox 1821 1271 2149 1326; x_wconf 89' lang='lat' dir='ltr'>etiamnum</span> <span class='ocrx_word' id='word_1_397' title='bbox 2184 1271 2539 1337; x_wconf 87' lang='lat' dir='ltr'>Stelichone,</span> <span class='ocrx_word' id='word_1_398' title='bbox 2584 1272 2804 1328; x_wconf 78' lang='lat' dir='ltr'>militiae</span> <span class='ocrx_word' id='word_1_399' title='bbox 2843 1274 3174 1327; x_wconf 85' lang='lat' dir='ltr'>mercedem</span> <span class='ocrx_word' id='word_1_400' title='bbox 3208 1281 3480 1331; x_wconf 90' lang='lat' dir='ltr'>centena-</span> 
     </span>
    </p>
   </div>
   <div class='ocr_carea' id='block_1_60' title="bbox 1823 1360 3484 1432">
    <p class='ocr_par' dir='ltr' id='par_1_60' title="bbox 1823 1360 3484 1432">
     <span class='ocr_line' id='line_1_60' title="bbox 1823 1360 3484 1432; baseline 0.003 -18"><span class='ocrx_word' id='word_1_401' title='bbox 1823 1361 1942 1415; x_wconf 91' lang='lat' dir='ltr'>rios</span> <span class='ocrx_word' id='word_1_402' title='bbox 1970 1360 2376 1432; x_wconf 83' lang='lat' dir='ltr'>quadraginta</span> <span class='ocrx_word' id='word_1_403' title='bbox 2415 1361 2735 1431; x_wconf 82' lang='lat' dir='ltr'>accepisse.</span> <span class='ocrx_word' id='word_1_404' title='bbox 2795 1362 2929 1416; x_wconf 90' lang='lat' dir='ltr'>Post</span> <span class='ocrx_word' id='word_1_405' title='bbox 2983 1361 3335 1418; x_wconf 87' lang='lat' dir='ltr'>Stelichonis</span> <span class='ocrx_word' id='word_1_406' title='bbox 3394 1366 3484 1419; x_wconf 92' lang='lat' dir='ltr'>in-</span> 
     </span>
    </p>
   </div>
   <div class='ocr_carea' id='block_1_61' title="bbox 1824 1449 3484 1524">
    <p class='ocr_par' dir='ltr' id='par_1_61' title="bbox 1824 1449 3484 1524">
     <span class='ocr_line' id='line_1_61' title="bbox 1824 1449 3484 1524; baseline 0.002 -20"><span class='ocrx_word' id='word_1_407' title='bbox 1824 1451 2082 1514; x_wconf 85' lang='lat' dir='ltr'>teritum,</span> <span class='ocrx_word' id='word_1_408' title='bbox 2118 1449 2473 1505; x_wconf 79' lang='lat' dir='ltr'>suifocatam</span> <span class='ocrx_word' id='word_1_409' title='bbox 2519 1450 2782 1520; x_wconf 88' lang='lat' dir='ltr'>periisse,</span> <span class='ocrx_word' id='word_1_410' title='bbox 2841 1456 2897 1505; x_wconf 88' lang='lat' dir='ltr'>et</span> <span class='ocrx_word' id='word_1_411' title='bbox 2924 1452 3207 1506; x_wconf 86' lang='lat' dir='ltr'>Serenam</span> <span class='ocrx_word' id='word_1_412' title='bbox 3241 1451 3318 1523; x_wconf 91' lang='lat'>(8)</span> <span class='ocrx_word' id='word_1_413' title='bbox 3355 1453 3484 1524; x_wconf 85' lang='lat' dir='ltr'>ejus</span> 
     </span>
    </p>
   </div>
   <div class='ocr_carea' id='block_1_62' title="bbox 1823 1538 3486 1610">
    <p class='ocr_par' dir='ltr' id='par_1_62' title="bbox 1823 1538 3486 1610">
     <span class='ocr_line' id='line_1_62' title="bbox 1823 1538 3486 1610; baseline 0.001 -16"><span class='ocrx_word' id='word_1_414' title='bbox 1823 1539 2338 1610; x_wconf 85' lang='lat' dir='ltr'>conjugem,quod</span> <span class='ocrx_word' id='word_1_415' title='bbox 2362 1538 2617 1593; x_wconf 84' lang='lat' dir='ltr'>Alarichi</span> <span class='ocrx_word' id='word_1_416' title='bbox 2633 1538 2708 1593; x_wconf 86' lang='lat' dir='ltr'>ad</span> <span class='ocrx_word' id='word_1_417' title='bbox 2729 1539 2933 1593; x_wconf 82' lang='lat' dir='ltr'><strong><em>urbem</em></strong></span> <span class='ocrx_word' id='word_1_418' title='bbox 2959 1539 3255 1594; x_wconf 86' lang='lat' dir='ltr'>adventus</span> <span class='ocrx_word' id='word_1_419' title='bbox 3295 1556 3486 1596; x_wconf 89' lang='lat' dir='ltr'>causa.</span> 
     </span>
    </p>
   </div>
   <div class='ocr_carea' id='block_1_63' title="bbox 1825 1627 3484 1700">
    <p class='ocr_par' dir='ltr' id='par_1_63' title="bbox 1825 1627 3484 1700">
     <span class='ocr_line' id='line_1_63' title="bbox 1825 1627 3484 1700; baseline 0.001 -17"><span class='ocrx_word' id='word_1_420' title='bbox 1825 1627 2089 1683; x_wconf 82' lang='lat' dir='ltr'>extitisse</span> <span class='ocrx_word' id='word_1_421' title='bbox 2113 1632 2437 1698; x_wconf 85' lang='lat' dir='ltr'>putaretur.</span> <span class='ocrx_word' id='word_1_422' title='bbox 2484 1627 2864 1681; x_wconf 82' lang='lat' dir='ltr'>Interfectum</span> <span class='ocrx_word' id='word_1_423' title='bbox 2895 1634 3093 1692; x_wconf 86' lang='lat' dir='ltr'>antea,</span> <span class='ocrx_word' id='word_1_424' title='bbox 3129 1627 3484 1700; x_wconf 87' lang='lat' dir='ltr'>interempto</span> 
     </span>
    </p>
   </div>
   <div class='ocr_carea' id='block_1_64' title="bbox 1758 1715 3484 1793">
    <p class='ocr_par' dir='ltr' id='par_1_64' title="bbox 1758 1715 3484 1793">
     <span class='ocr_line' id='line_1_64' title="bbox 1758 1715 3484 1793; baseline 0 -22"><span class='ocrx_word' id='word_1_425' title='bbox 1758 1741 1794 1793; x_wconf 78' lang='grc' dir='ltr'>Β</span> <span class='ocrx_word' id='word_1_426' title='bbox 1821 1718 1942 1787; x_wconf 90' lang='lat' dir='ltr'>jam</span> <span class='ocrx_word' id='word_1_427' title='bbox 1973 1716 2324 1780; x_wconf 85' lang='lat' dir='ltr'>Stelichone,</span> <span class='ocrx_word' id='word_1_428' title='bbox 2358 1715 2546 1770; x_wconf 86' lang='lat' dir='ltr'>ﬁlium</span> <span class='ocrx_word' id='word_1_429' title='bbox 2570 1715 2699 1786; x_wconf 85' lang='lat' dir='ltr'>ejus</span> <span class='ocrx_word' id='word_1_430' title='bbox 2730 1732 2800 1770; x_wconf 85' lang='lat' dir='ltr'>ex</span> <span class='ocrx_word' id='word_1_431' title='bbox 2855 1718 3074 1773; x_wconf 88' lang='lat' dir='ltr'>Serena</span> <span class='ocrx_word' id='word_1_432' title='bbox 3109 1717 3484 1772; x_wconf 86' lang='lat' dir='ltr'>Eucherium.</span> 
     </span>
    </p>
   </div>
   <div class='ocr_carea' id='block_1_65' title="bbox 1826 1805 3486 1878">
    <p class='ocr_par' dir='ltr' id='par_1_65' title="bbox 1826 1805 3486 1878">
     <span class='ocr_line' id='line_1_65' title="bbox 1826 1805 3486 1878; baseline 0.001 -18"><span class='ocrx_word' id='word_1_433' title='bbox 1826 1805 2164 1860; x_wconf 87' lang='lat' dir='ltr'>Buccellarii</span> <span class='ocrx_word' id='word_1_434' title='bbox 2215 1807 2289 1875; x_wconf 89' lang='lat'>(9)</span> <span class='ocrx_word' id='word_1_435' title='bbox 2355 1805 2711 1859; x_wconf 82' lang='lat' dir='ltr'>vocabulum</span> <span class='ocrx_word' id='word_1_436' title='bbox 2793 1806 3030 1860; x_wconf 81' lang='lat' dir='ltr'>Honorii</span> <span class='ocrx_word' id='word_1_437' title='bbox 3109 1807 3486 1878; x_wconf 85' lang='lat' dir='ltr'>imperatoris</span> 
     </span>
    </p>
   </div>
   <div class='ocr_carea' id='block_1_66' title="bbox 1827 1892 3488 1965">
    <p class='ocr_par' dir='ltr' id='par_1_66' title="bbox 1827 1892 3488 1965">
     <span class='ocr_line' id='line_1_66' title="bbox 1827 1892 3488 1965; baseline 0.001 -15"><span class='ocrx_word' id='word_1_438' title='bbox 1827 1893 2204 1965; x_wconf 85' lang='lat' dir='ltr'>temporibus</span> <span class='ocrx_word' id='word_1_439' title='bbox 2247 1892 2532 1947; x_wconf 87' lang='lat' dir='ltr'>tributum</span> <span class='ocrx_word' id='word_1_440' title='bbox 2566 1893 2875 1958; x_wconf 82' lang='lat' dir='ltr'>militibus,</span> <span class='ocrx_word' id='word_1_441' title='bbox 2911 1910 3030 1949; x_wconf 94' lang='lat' dir='ltr'>non</span> <span class='ocrx_word' id='word_1_442' title='bbox 3072 1895 3355 1950; x_wconf 83' lang='lat' dir='ltr'>Romanis</span> <span class='ocrx_word' id='word_1_443' title='bbox 3389 1911 3488 1951; x_wconf 90' lang='lat' dir='ltr'>so-</span> 
     </span>
    </p>
   </div>
   <div class='ocr_carea' id='block_1_67' title="bbox 1827 1981 3489 2053">
    <p class='ocr_par' dir='ltr' id='par_1_67' title="bbox 1827 1981 3489 2053">
     <span class='ocr_line' id='line_1_67' title="bbox 1827 1981 3489 2053; baseline 0.001 -15"><span class='ocrx_word' id='word_1_444' title='bbox 1827 1984 1972 2047; x_wconf 91' lang='lat' dir='ltr'>lum,</span> <span class='ocrx_word' id='word_1_445' title='bbox 2008 1983 2109 2037; x_wconf 91' lang='lat' dir='ltr'>sed</span> <span class='ocrx_word' id='word_1_446' title='bbox 2135 1987 2187 2036; x_wconf 87' lang='lat' dir='ltr'>et</span> <span class='ocrx_word' id='word_1_447' title='bbox 2215 1981 2442 2036; x_wconf 90' lang='lat' dir='ltr'>Gotthis</span> <span class='ocrx_word' id='word_1_448' title='bbox 2464 1983 2856 2053; x_wconf 88' lang='lat' dir='ltr'>quibusdam.</span> <span class='ocrx_word' id='word_1_449' title='bbox 2913 1983 3132 2038; x_wconf 82' lang='lat' dir='ltr'>Eodem</span> <span class='ocrx_word' id='word_1_450' title='bbox 3197 1983 3377 2041; x_wconf 89' lang='lat' dir='ltr'>modo</span> <span class='ocrx_word' id='word_1_451' title='bbox 3433 1991 3489 2040; x_wconf 92' lang='lat' dir='ltr'>et</span> 
     </span>
    </p>
   </div>
   <div class='ocr_carea' id='block_1_68' title="bbox 1821 2071 3488 2142">
    <p class='ocr_par' dir='ltr' id='par_1_68' title="bbox 1821 2071 3488 2142">
     <span class='ocr_line' id='line_1_68' title="bbox 1821 2071 3488 2142; baseline -0.001 -12"><span class='ocrx_word' id='word_1_452' title='bbox 1821 2075 2255 2142; x_wconf 73' lang='lat' dir='ltr'>faderatorum</span> <span class='ocrx_word' id='word_1_453' title='bbox 2306 2086 2522 2125; x_wconf 88' lang='lat' dir='ltr'>nomen</span> <span class='ocrx_word' id='word_1_454' title='bbox 2566 2071 2909 2126; x_wconf 86' lang='lat' dir='ltr'>attributum</span> <span class='ocrx_word' id='word_1_455' title='bbox 2955 2072 3296 2138; x_wconf 61' lang='lat' dir='ltr'>inconditae,</span> <span class='ocrx_word' id='word_1_456' title='bbox 3352 2080 3408 2128; x_wconf 91' lang='lat' dir='ltr'>et</span> <span class='ocrx_word' id='word_1_457' title='bbox 3457 2089 3488 2128; x_wconf 93' lang='lat' dir='ltr'>e</span> 
     </span>
    </p>
   </div>
   <div class='ocr_carea' id='block_1_69' title="bbox 1827 2159 3485 2232">
    <p class='ocr_par' dir='ltr' id='par_1_69' title="bbox 1827 2159 3485 2232">
     <span class='ocr_line' id='line_1_69' title="bbox 1827 2159 3485 2232; baseline 0 -16"><span class='ocrx_word' id='word_1_458' title='bbox 1827 2161 2082 2217; x_wconf 86' lang='lat' dir='ltr'>diversis</span> <span class='ocrx_word' id='word_1_459' title='bbox 2130 2159 2396 2215; x_wconf 70' lang='lat' dir='ltr'>conﬂatm</span> <span class='ocrx_word' id='word_1_460' title='bbox 2451 2159 2837 2215; x_wconf 87' lang='lat' dir='ltr'>multitudini.</span> <span class='ocrx_word' id='word_1_461' title='bbox 2895 2160 3241 2232; x_wconf 83' lang='lat' dir='ltr'>Olympium</span> <span class='ocrx_word' id='word_1_462' title='bbox 3295 2161 3485 2231; x_wconf 89' lang='lat' dir='ltr'>illum,</span> 
     </span>
    </p>
   </div>
   <div class='ocr_carea' id='block_1_70' title="bbox 1827 2248 3489 2322">
    <p class='ocr_par' dir='ltr' id='par_1_70' title="bbox 1827 2248 3489 2322">
     <span class='ocr_line' id='line_1_70' title="bbox 1827 2248 3489 2322; baseline 0.001 -17"><span class='ocrx_word' id='word_1_463' title='bbox 1827 2252 1931 2322; x_wconf 89' lang='lat' dir='ltr'>qui</span> <span class='ocrx_word' id='word_1_464' title='bbox 1991 2249 2308 2306; x_wconf 88' lang='lat' dir='ltr'>Stelichoni</span> <span class='ocrx_word' id='word_1_465' title='bbox 2347 2248 2662 2304; x_wconf 87' lang='lat' dir='ltr'>insidiatus</span> <span class='ocrx_word' id='word_1_466' title='bbox 2703 2256 2848 2313; x_wconf 90' lang='lat' dir='ltr'>erat,</span> <span class='ocrx_word' id='word_1_467' title='bbox 2899 2248 3240 2305; x_wconf 80' lang='lat' dir='ltr'>ofﬁciosum</span> <span class='ocrx_word' id='word_1_468' title='bbox 3270 2251 3489 2320; x_wconf 88' lang='lat' dir='ltr'>magis-</span> 
     </span>
    </p>
   </div>
   <div class='ocr_carea' id='block_1_71' title="bbox 1829 2337 3482 2410">
    <p class='ocr_par' dir='ltr' id='par_1_71' title="bbox 1829 2337 3482 2410">
     <span class='ocr_line' id='line_1_71' title="bbox 1829 2337 3482 2410; baseline 0 -15"><span class='ocrx_word' id='word_1_469' title='bbox 1829 2345 1984 2395; x_wconf 91' lang='lat' dir='ltr'>trum</span> <span class='ocrx_word' id='word_1_470' title='bbox 2008 2338 2254 2404; x_wconf 85' lang='lat' dir='ltr'>factum,</span> <span class='ocrx_word' id='word_1_471' title='bbox 2298 2353 2368 2393; x_wconf 91' lang='lat' dir='ltr'>ea</span> <span class='ocrx_word' id='word_1_472' title='bbox 2411 2345 2544 2410; x_wconf 88' lang='lat' dir='ltr'>post</span> <span class='ocrx_word' id='word_1_473' title='bbox 2574 2337 2868 2408; x_wconf 79' lang='lat' dir='ltr'>dignitate</span> <span class='ocrx_word' id='word_1_474' title='bbox 2915 2339 3226 2394; x_wconf 82' lang='lat' dir='ltr'>excidisse.</span> <span class='ocrx_word' id='word_1_475' title='bbox 3262 2340 3482 2395; x_wconf 86' lang='lat' dir='ltr'>Dehinc</span> 
     </span>
    </p>
   </div>
   <div class='ocr_carea' id='block_1_72' title="bbox 1828 2427 3487 2498">
    <p class='ocr_par' dir='ltr' id='par_1_72' title="bbox 1828 2427 3487 2498">
     <span class='ocr_line' id='line_1_72' title="bbox 1828 2427 3487 2498; baseline 0.001 -15"><span class='ocrx_word' id='word_1_476' title='bbox 1828 2430 2038 2484; x_wconf 89' lang='lat' dir='ltr'>iterum</span> <span class='ocrx_word' id='word_1_477' title='bbox 2065 2427 2339 2498; x_wconf 91' lang='lat' dir='ltr'>potitum,</span> <span class='ocrx_word' id='word_1_478' title='bbox 2384 2443 2626 2482; x_wconf 91' lang='lat' dir='ltr'>rursum</span> <span class='ocrx_word' id='word_1_479' title='bbox 2669 2427 2967 2497; x_wconf 90' lang='lat' dir='ltr'>privatum</span> <span class='ocrx_word' id='word_1_480' title='bbox 3010 2443 3181 2482; x_wconf 88' lang='lat' dir='ltr'>esse:</span> <span class='ocrx_word' id='word_1_481' title='bbox 3241 2428 3487 2484; x_wconf 86' lang='lat' dir='ltr'>tandem</span> 
     </span>
    </p>
   </div>
   <div class='ocr_carea' id='block_1_73' title="bbox 1829 2515 3490 2586">
    <p class='ocr_par' dir='ltr' id='par_1_73' title="bbox 1829 2515 3490 2586">
     <span class='ocr_line' id='line_1_73' title="bbox 1829 2515 3490 2586; baseline -0.002 -13"><span class='ocrx_word' id='word_1_482' title='bbox 1829 2517 2083 2573; x_wconf 78' lang='lat' dir='ltr'>fustibus</span> <span class='ocrx_word' id='word_1_483' title='bbox 2109 2533 2145 2572; x_wconf 90' lang='lat' dir='ltr'>a</span> <span class='ocrx_word' id='word_1_484' title='bbox 2170 2516 2537 2580; x_wconf 84' lang='lat' dir='ltr'>Constantio,</span> <span class='ocrx_word' id='word_1_485' title='bbox 2557 2515 2660 2586; x_wconf 89' lang='lat' dir='ltr'>qui</span> <span class='ocrx_word' id='word_1_486' title='bbox 2689 2515 3004 2570; x_wconf 89' lang='lat' dir='ltr'>Placidiam</span> <span class='ocrx_word' id='word_1_487' title='bbox 3038 2531 3283 2570; x_wconf 82' lang='lat' dir='ltr'>uxorem</span> <span class='ocrx_word' id='word_1_488' title='bbox 3309 2517 3490 2570; x_wconf 86' lang='lat' dir='ltr'>duxe-</span> 
     </span>
    </p>
   </div>
   <div class='ocr_carea' id='block_1_74' title="bbox 1829 2603 3488 2670">
    <p class='ocr_par' dir='ltr' id='par_1_74' title="bbox 1829 2603 3488 2670">
     <span class='ocr_line' id='line_1_74' title="bbox 1829 2603 3488 2670; baseline 0 -11"><span class='ocrx_word' id='word_1_489' title='bbox 1829 2611 1938 2669; x_wconf 89' lang='lat' dir='ltr'>rat,</span> <span class='ocrx_word' id='word_1_490' title='bbox 1969 2610 2296 2658; x_wconf 88' lang='lat' dir='ltr'>mactatum</span> <span class='ocrx_word' id='word_1_491' title='bbox 2344 2603 2720 2670; x_wconf 86' lang='lat' dir='ltr'>occubuisse,</span> <span class='ocrx_word' id='word_1_492' title='bbox 2775 2619 2914 2658; x_wconf 88' lang='lat' dir='ltr'>cum</span> <span class='ocrx_word' id='word_1_493' title='bbox 2963 2603 3016 2657; x_wconf 90' lang='lat' dir='ltr'>ei</span> <span class='ocrx_word' id='word_1_494' title='bbox 3067 2611 3203 2658; x_wconf 89' lang='lat' dir='ltr'>ante</span> <span class='ocrx_word' id='word_1_495' title='bbox 3261 2603 3488 2660; x_wconf 80' lang='lat' dir='ltr'>caedem</span> 
     </span>
    </p>
   </div>
   <div class='ocr_carea' id='block_1_75' title="bbox 1831 2690 3486 2762">
    <p class='ocr_par' dir='ltr' id='par_1_75' title="bbox 1831 2690 3486 2762">
     <span class='ocr_line' id='line_1_75' title="bbox 1831 2690 3486 2762; baseline -0.002 -14"><span class='ocrx_word' id='word_1_496' title='bbox 1831 2693 2111 2750; x_wconf 62' lang='lat' dir='ltr'>auriculas</span> <span class='ocrx_word' id='word_1_497' title='bbox 2141 2697 2384 2746; x_wconf 62' lang='lat' dir='ltr'>resectae</span> <span class='ocrx_word' id='word_1_498' title='bbox 2436 2691 2706 2746; x_wconf 87' lang='lat' dir='ltr'>fuissent.</span> <span class='ocrx_word' id='word_1_499' title='bbox 2743 2695 2828 2745; x_wconf 88' lang='lat' dir='ltr'>lta</span> <span class='ocrx_word' id='word_1_500' title='bbox 2881 2690 3136 2762; x_wconf 90' lang='lat' dir='ltr'>impium</span> <span class='ocrx_word' id='word_1_501' title='bbox 3179 2691 3289 2762; x_wconf 90' lang='lat' dir='ltr'>(l0)</span> <span class='ocrx_word' id='word_1_502' title='bbox 3322 2691 3486 2746; x_wconf 91' lang='lat' dir='ltr'>illum</span> 
     </span>
    </p>
   </div>
   <div class='ocr_carea' id='block_1_76' title="bbox 1832 2780 3489 2852">
    <p class='ocr_par' dir='ltr' id='par_1_76' title="bbox 1832 2780 3489 2852">
     <span class='ocr_line' id='line_1_76' title="bbox 1832 2780 3489 2852; baseline -0.001 -15"><span class='ocrx_word' id='word_1_503' title='bbox 1832 2798 1955 2837; x_wconf 87' lang='lat' dir='ltr'>non</span> <span class='ocrx_word' id='word_1_504' title='bbox 1986 2781 2352 2852; x_wconf 88' lang='lat' dir='ltr'>impunitum</span> <span class='ocrx_word' id='word_1_505' title='bbox 2384 2780 2622 2835; x_wconf 87' lang='lat' dir='ltr'>obiisse.</span> <span class='ocrx_word' id='word_1_506' title='bbox 2679 2781 3046 2846; x_wconf 86' lang='lat' dir='ltr'>Gotthorum,</span> <span class='ocrx_word' id='word_1_507' title='bbox 3086 2781 3190 2852; x_wconf 89' lang='lat' dir='ltr'>qui</span> <span class='ocrx_word' id='word_1_508' title='bbox 3219 2796 3352 2834; x_wconf 92' lang='lat' dir='ltr'>cum</span> <span class='ocrx_word' id='word_1_509' title='bbox 3378 2783 3489 2836; x_wconf 83' lang='lat' dir='ltr'>Ro-</span> 
     </span>
    </p>
   </div>
   <div class='ocr_carea' id='block_1_77' title="bbox 1832 2868 3482 2940">
    <p class='ocr_par' dir='ltr' id='par_1_77' title="bbox 1832 2868 3482 2940">
     <span class='ocr_line' id='line_1_77' title="bbox 1832 2868 3482 2940; baseline 0 -16"><span class='ocrx_word' id='word_1_510' title='bbox 1832 2871 2082 2940; x_wconf 83' lang='lat' dir='ltr'>dogaiso</span> <span class='ocrx_word' id='word_1_511' title='bbox 2113 2876 2300 2934; x_wconf 90' lang='lat' dir='ltr'>erant,</span> <span class='ocrx_word' id='word_1_512' title='bbox 2328 2869 2642 2940; x_wconf 89' lang='lat' dir='ltr'>primarios</span> <span class='ocrx_word' id='word_1_513' title='bbox 2667 2869 2834 2932; x_wconf 87' lang='lat' dir='ltr'>viros,</span> <span class='ocrx_word' id='word_1_514' title='bbox 2874 2868 3192 2937; x_wconf 76' lang='lat' dir='ltr'>optimatos</span> <span class='ocrx_word' id='word_1_515' title='bbox 3225 2869 3482 2940; x_wconf 86' lang='lat' dir='ltr'>appella-</span> 
     </span>
    </p>
   </div>
   <div class='ocr_carea' id='block_1_78' title="bbox 1834 2955 3488 3030">
    <p class='ocr_par' dir='ltr' id='par_1_78' title="bbox 1834 2955 3488 3030">
     <span class='ocr_line' id='line_1_78' title="bbox 1834 2955 3488 3030; baseline -0.001 -15"><span class='ocrx_word' id='word_1_516' title='bbox 1834 2965 1924 3016; x_wconf 91' lang='lat' dir='ltr'>tos</span> <span class='ocrx_word' id='word_1_517' title='bbox 1952 2959 2050 3026; x_wconf 88' lang='lat' dir='ltr'>ait,</span> <span class='ocrx_word' id='word_1_518' title='bbox 2083 2957 2402 3013; x_wconf 91' lang='lat' dir='ltr'>duodecim</span> <span class='ocrx_word' id='word_1_519' title='bbox 2445 2957 2562 3012; x_wconf 90' lang='lat' dir='ltr'>fere</span> <span class='ocrx_word' id='word_1_520' title='bbox 2612 2955 2861 3011; x_wconf 88' lang='lat' dir='ltr'>millium</span> <span class='ocrx_word' id='word_1_521' title='bbox 2919 2973 3170 3012; x_wconf 91' lang='lat' dir='ltr'>numero</span> <span class='ocrx_word' id='word_1_522' title='bbox 3198 2959 3327 3026; x_wconf 76' lang='grc'>(11),</span> <span class='ocrx_word' id='word_1_523' title='bbox 3355 2959 3488 3030; x_wconf 73' lang='lat' dir='ltr'>qui‘</span> 
     </span>
    </p>
   </div>
   <div class='ocr_carea' id='block_1_79' title="bbox 1837 3045 3494 3110">
    <p class='ocr_par' dir='ltr' id='par_1_79' title="bbox 1837 3045 3494 3110">
     <span class='ocr_line' id='line_1_79' title="bbox 1837 3045 3494 3110; baseline 0 -7"><span class='ocrx_word' id='word_1_524' title='bbox 1837 3050 1951 3104; x_wconf 86' lang='lat' dir='ltr'>bus</span> <span class='ocrx_word' id='word_1_525' title='bbox 1981 3048 2262 3103; x_wconf 92' lang='lat' dir='ltr'>omnibus</span> <span class='ocrx_word' id='word_1_526' title='bbox 2292 3045 2624 3110; x_wconf 88' lang='lat' dir='ltr'>debellatis,</span> <span class='ocrx_word' id='word_1_527' title='bbox 2667 3045 3066 3101; x_wconf 87' lang='lat' dir='ltr'>Stelichonem</span> <span class='ocrx_word' id='word_1_528' title='bbox 3121 3063 3258 3102; x_wconf 89' lang='lat' dir='ltr'>cum</span> <span class='ocrx_word' id='word_1_529' title='bbox 3301 3048 3494 3103; x_wconf 83' lang='lat' dir='ltr'>Rodo-</span> 
     </span>
    </p>
   </div>
   <div class='ocr_carea' id='block_1_80' title="bbox 1835 3133 3485 3208">
    <p class='ocr_par' dir='ltr' id='par_1_80' title="bbox 1835 3133 3485 3208">
     <span class='ocr_line' id='line_1_80' title="bbox 1835 3133 3485 3208; baseline -0.001 -16"><span class='ocrx_word' id='word_1_530' title='bbox 1835 3137 2002 3208; x_wconf 88' lang='lat' dir='ltr'>gaiso</span> <span class='ocrx_word' id='word_1_531' title='bbox 2033 3136 2374 3192; x_wconf 89' lang='lat' dir='ltr'>societatem</span> <span class='ocrx_word' id='word_1_532' title='bbox 2402 3133 2601 3188; x_wconf 84' lang='lat' dir='ltr'>iniisse</span> <span class='ocrx_word' id='word_1_533' title='bbox 2626 3133 2761 3205; x_wconf 84' lang='lat' dir='ltr'>(l2).</span> <span class='ocrx_word' id='word_1_534' title='bbox 2798 3134 3066 3190; x_wconf 81' lang='lat' dir='ltr'>Alaricho</span> <span class='ocrx_word' id='word_1_535' title='bbox 3100 3135 3290 3191; x_wconf 89' lang='lat' dir='ltr'>morbi</span> <span class='ocrx_word' id='word_1_536' title='bbox 3318 3135 3368 3190; x_wconf 88' lang='lat' dir='ltr'>vi</span> <span class='ocrx_word' id='word_1_537' title='bbox 3392 3153 3485 3191; x_wconf 82' lang='lat' dir='ltr'>ex-</span> 
     </span>
    </p>
   </div>
   <div class='ocr_carea' id='block_1_81' title="bbox 1835 3223 3490 3295">
    <p class='ocr_par' dir='ltr' id='par_1_81' title="bbox 1835 3223 3490 3295">
     <span class='ocr_line' id='line_1_81' title="bbox 1835 3223 3490 3295; baseline -0.001 -12"><span class='ocrx_word' id='word_1_538' title='bbox 1835 3229 2048 3283; x_wconf 87' lang='lat' dir='ltr'>stincto</span> <span class='ocrx_word' id='word_1_539' title='bbox 2079 3240 2483 3280; x_wconf 90' lang='lat' dir='ltr'>successorem</span> <span class='ocrx_word' id='word_1_540' title='bbox 2507 3223 2715 3278; x_wconf 90' lang='lat' dir='ltr'>datum</span> <span class='ocrx_word' id='word_1_541' title='bbox 2729 3225 3134 3295; x_wconf 85' lang='lat' dir='ltr'>Adaulpbum,</span> <span class='ocrx_word' id='word_1_542' title='bbox 3159 3225 3490 3281; x_wconf 83' lang='lat' dir='ltr'>uxorist&#39;ra-</span> 
     </span>
    </p>
   </div>
   <div class='ocr_carea' id='block_1_82' title="bbox 1835 3313 3491 3386">
    <p class='ocr_par' dir='ltr' id='par_1_82' title="bbox 1835 3313 3491 3386">
     <span class='ocr_line' id='line_1_82' title="bbox 1835 3313 3491 3386; baseline -0.002 -14"><span class='ocrx_word' id='word_1_543' title='bbox 1835 3314 2184 3386; x_wconf 80' lang='lat' dir='ltr'>trem.57b</span> <span class='ocrx_word' id='word_1_544' title='bbox 2217 3314 2434 3368; x_wconf 80' lang='lat' dir='ltr'>Panem</span> <span class='ocrx_word' id='word_1_545' title='bbox 2493 3313 2718 3367; x_wconf 88' lang='lat' dir='ltr'>siccum</span> <span class='ocrx_word' id='word_1_546' title='bbox 2771 3313 3020 3384; x_wconf 88' lang='lat' dir='ltr'>scriptor</span> <span class='ocrx_word' id='word_1_547' title='bbox 3069 3314 3163 3369; x_wconf 88' lang='lat' dir='ltr'>hic</span> <span class='ocrx_word' id='word_1_548' title='bbox 3202 3313 3491 3370; x_wconf 87' lang='lat' dir='ltr'>buccella-</span> 
     </span>
    </p>
   </div>
   <div class='ocr_carea' id='block_1_83' title="bbox 1839 3401 3490 3475">
    <p class='ocr_par' dir='ltr' id='par_1_83' title="bbox 1839 3401 3490 3475">
     <span class='ocr_line' id='line_1_83' title="bbox 1839 3401 3490 3475; baseline -0.002 -14"><span class='ocrx_word' id='word_1_549' title='bbox 1839 3410 1963 3461; x_wconf 86' lang='lat' dir='ltr'>tum</span> <span class='ocrx_word' id='word_1_550' title='bbox 1993 3406 2102 3475; x_wconf 86' lang='lat' dir='ltr'>(l3)</span> <span class='ocrx_word' id='word_1_551' title='bbox 2137 3403 2334 3458; x_wconf 88' lang='lat' dir='ltr'>vocari</span> <span class='ocrx_word' id='word_1_552' title='bbox 2365 3401 2559 3468; x_wconf 84' lang='lat' dir='ltr'>tradit,</span> <span class='ocrx_word' id='word_1_553' title='bbox 2603 3401 2911 3474; x_wconf 86' lang='lat' dir='ltr'>illuditque</span> <span class='ocrx_word' id='word_1_554' title='bbox 2963 3402 3218 3457; x_wconf 89' lang='lat' dir='ltr'>militum</span> <span class='ocrx_word' id='word_1_555' title='bbox 3273 3418 3490 3474; x_wconf 88' lang='lat' dir='ltr'>cogno-</span> 
     </span>
    </p>
   </div>
   <div class='ocr_carea' id='block_1_84' title="bbox 1837 3489 3237 3564">
    <p class='ocr_par' dir='ltr' id='par_1_84' title="bbox 1837 3489 3237 3564">
     <span class='ocr_line' id='line_1_84' title="bbox 1837 3489 3237 3564; baseline -0.004 -15"><span class='ocrx_word' id='word_1_556' title='bbox 1837 3493 2008 3557; x_wconf 91' lang='lat' dir='ltr'>mini,</span> <span class='ocrx_word' id='word_1_557' title='bbox 2035 3493 2218 3564; x_wconf 90' lang='lat' dir='ltr'>utqui</span> <span class='ocrx_word' id='word_1_558' title='bbox 2249 3492 2386 3548; x_wconf 90' lang='lat' dir='ltr'>hinc</span> <span class='ocrx_word' id='word_1_559' title='bbox 2418 3489 2752 3546; x_wconf 87' lang='lat' dir='ltr'>Buccellarii</span> <span class='ocrx_word' id='word_1_560' title='bbox 2782 3492 2897 3546; x_wconf 89' lang='lat' dir='ltr'>sint</span> <span class='ocrx_word' id='word_1_561' title='bbox 2935 3491 3237 3563; x_wconf 90' lang='lat' dir='ltr'>appellati.</span> 
     </span>
    </p>
   </div>
   <div class='ocr_carea' id='block_1_85' title="bbox 1910 3580 3490 3652">
    <p class='ocr_par' dir='ltr' id='par_1_85' title="bbox 1910 3580 3490 3652">
     <span class='ocr_line' id='line_1_85' title="bbox 1910 3580 3490 3652; baseline -0.003 -13"><span class='ocrx_word' id='word_1_562' title='bbox 1910 3582 2336 3639; x_wconf 88' lang='lat' dir='ltr'>Constantinus</span> <span class='ocrx_word' id='word_1_563' title='bbox 2363 3581 2439 3636; x_wconf 88' lang='lat' dir='ltr'>ad</span> <span class='ocrx_word' id='word_1_564' title='bbox 2485 3581 2804 3652; x_wconf 89' lang='lat' dir='ltr'>imperium</span> <span class='ocrx_word' id='word_1_565' title='bbox 2842 3580 3148 3650; x_wconf 71' lang='lat' dir='ltr'>tyrannica</span> <span class='ocrx_word' id='word_1_566' title='bbox 3199 3580 3490 3644; x_wconf 89' lang='lat' dir='ltr'>sublatus,</span> 
     </span>
    </p>
   </div>
   <div class='ocr_carea' id='block_1_86' title="bbox 1839 3667 3494 3738">
    <p class='ocr_par' dir='ltr' id='par_1_86' title="bbox 1839 3667 3494 3738">
     <span class='ocr_line' id='line_1_86' title="bbox 1839 3667 3494 3738; baseline -0.003 -11"><span class='ocrx_word' id='word_1_567' title='bbox 1839 3671 1917 3727; x_wconf 85' lang='lat' dir='ltr'>ad</span> <span class='ocrx_word' id='word_1_568' title='bbox 1949 3669 2274 3726; x_wconf 86' lang='lat' dir='ltr'>Honorium</span> <span class='ocrx_word' id='word_1_569' title='bbox 2332 3667 2560 3738; x_wconf 83' lang='lat' dir='ltr'>legatos</span> <span class='ocrx_word' id='word_1_570' title='bbox 2603 3667 2778 3722; x_wconf 88' lang='lat' dir='ltr'>mittit</span> <span class='ocrx_word' id='word_1_571' title='bbox 2811 3673 3188 3731; x_wconf 85' lang='lat' dir='ltr'>excusantes,</span> <span class='ocrx_word' id='word_1_572' title='bbox 3241 3669 3494 3722; x_wconf 88' lang='lat' dir='ltr'>invitum</span> 
     </span>
    </p>
   </div>
   <div class='ocr_carea' id='block_1_87' title="bbox 1838 3756 3494 3827">
    <p class='ocr_par' dir='ltr' id='par_1_87' title="bbox 1838 3756 3494 3827">
     <span class='ocr_line' id='line_1_87' title="bbox 1838 3756 3494 3827; baseline -0.002 -12"><span class='ocrx_word' id='word_1_573' title='bbox 1838 3760 2026 3825; x_wconf 89' lang='lat' dir='ltr'>illum,</span> <span class='ocrx_word' id='word_1_574' title='bbox 2061 3765 2116 3813; x_wconf 93' lang='lat' dir='ltr'>et</span> <span class='ocrx_word' id='word_1_575' title='bbox 2161 3775 2198 3814; x_wconf 91' lang='lat' dir='ltr'>a</span> <span class='ocrx_word' id='word_1_576' title='bbox 2247 3757 2534 3812; x_wconf 87' lang='lat' dir='ltr'>militibus</span> <span class='ocrx_word' id='word_1_577' title='bbox 2583 3763 2880 3821; x_wconf 88' lang='lat' dir='ltr'>coactum,</span> <span class='ocrx_word' id='word_1_578' title='bbox 2938 3756 3258 3827; x_wconf 89' lang='lat' dir='ltr'>imperium</span> <span class='ocrx_word' id='word_1_579' title='bbox 3299 3773 3494 3812; x_wconf 88' lang='lat' dir='ltr'>susce-</span> 
     </span>
    </p>
   </div>
   <div class='ocr_carea' id='block_1_88' title="bbox 1842 3843 3494 3922">
    <p class='ocr_par' dir='ltr' id='par_1_88' title="bbox 1842 3843 3494 3922">
     <span class='ocr_line' id='line_1_88' title="bbox 1842 3843 3494 3922; baseline -0.002 -19"><span class='ocrx_word' id='word_1_580' title='bbox 1842 3850 1997 3922; x_wconf 88' lang='lat' dir='ltr'>pisse</span> <span class='ocrx_word' id='word_1_581' title='bbox 2053 3865 2068 3913; x_wconf 88' lang='lat'><strong>;</strong></span> <span class='ocrx_word' id='word_1_582' title='bbox 2123 3847 2356 3901; x_wconf 88' lang='lat' dir='ltr'>veniam</span> <span class='ocrx_word' id='word_1_583' title='bbox 2412 3846 2589 3916; x_wconf 82' lang='lat' dir='ltr'>igitur</span> <span class='ocrx_word' id='word_1_584' title='bbox 2648 3843 2971 3915; x_wconf 88' lang='lat' dir='ltr'>postulare,</span> <span class='ocrx_word' id='word_1_585' title='bbox 3031 3845 3494 3917; x_wconf 87' lang='lat' dir='ltr'>societatemque</span> 
     </span>
    </p>
   </div>
   <div class='ocr_carea' id='block_1_89' title="bbox 1841 3933 3496 4009">
    <p class='ocr_par' dir='ltr' id='par_1_89' title="bbox 1841 3933 3496 4009">
     <span class='ocr_line' id='line_1_89' title="bbox 1841 3933 3496 4009; baseline -0.003 -16"><span class='ocrx_word' id='word_1_586' title='bbox 1841 3936 2092 4009; x_wconf 90' lang='lat' dir='ltr'>imperii.</span> <span class='ocrx_word' id='word_1_587' title='bbox 2127 3937 2457 4006; x_wconf 87' lang='lat' dir='ltr'>Imperator</span> <span class='ocrx_word' id='word_1_588' title='bbox 2487 3941 2726 4004; x_wconf 88' lang='lat' dir='ltr'>propter</span> <span class='ocrx_word' id='word_1_589' title='bbox 2756 3933 3171 4004; x_wconf 86' lang='lat' dir='ltr'>impendentes</span> <span class='ocrx_word' id='word_1_590' title='bbox 3193 3934 3496 3989; x_wconf 87' lang='lat' dir='ltr'>molestias</span> 
     </span>
    </p>
   </div>
   <div class='ocr_carea' id='block_1_90' title="bbox 1845 4022 3494 4096">
    <p class='ocr_par' dir='ltr' id='par_1_90' title="bbox 1845 4022 3494 4096">
     <span class='ocr_line' id='line_1_90' title="bbox 1845 4022 3494 4096; baseline -0.004 -13"><span class='ocrx_word' id='word_1_591' title='bbox 1845 4025 2128 4096; x_wconf 85' lang='lat' dir='ltr'>tantisper</span> <span class='ocrx_word' id='word_1_592' title='bbox 2148 4023 2408 4094; x_wconf 89' lang='lat' dir='ltr'>suscepit</span> <span class='ocrx_word' id='word_1_593' title='bbox 2434 4022 2492 4076; x_wconf 90' lang='lat' dir='ltr'>in</span> <span class='ocrx_word' id='word_1_594' title='bbox 2525 4026 2889 4077; x_wconf 89' lang='lat' dir='ltr'>societatem.</span> <span class='ocrx_word' id='word_1_595' title='bbox 2933 4023 3360 4077; x_wconf 88' lang='lat' dir='ltr'>Constantinus</span> <span class='ocrx_word' id='word_1_596' title='bbox 3397 4022 3494 4077; x_wconf 86' lang='lat' dir='ltr'>hic</span> 
     </span>
    </p>
   </div>
   <div class='ocr_carea' id='block_1_91' title="bbox 1842 4110 3495 4176">
    <p class='ocr_par' dir='ltr' id='par_1_91' title="bbox 1842 4110 3495 4176">
     <span class='ocr_line' id='line_1_91' title="bbox 1842 4110 3495 4176; baseline -0.004 -4"><span class='ocrx_word' id='word_1_597' title='bbox 1842 4116 1902 4172; x_wconf 90' lang='lat' dir='ltr'>in</span> <span class='ocrx_word' id='word_1_598' title='bbox 1945 4114 2243 4168; x_wconf 89' lang='lat' dir='ltr'>Britannia</span> <span class='ocrx_word' id='word_1_599' title='bbox 2267 4111 2643 4167; x_wconf 88' lang='lat' dir='ltr'>renuntiatus</span> <span class='ocrx_word' id='word_1_600' title='bbox 2700 4110 2910 4176; x_wconf 84' lang='lat' dir='ltr'>fuerat,</span> <span class='ocrx_word' id='word_1_601' title='bbox 2961 4111 3204 4166; x_wconf 87' lang='lat' dir='ltr'>militari</span> <span class='ocrx_word' id='word_1_602' title='bbox 3237 4110 3495 4166; x_wconf 88' lang='lat' dir='ltr'>tumultu</span> 
     </span>
    </p>
   </div>
   <div class='ocr_carea' id='block_1_92' title="bbox 1843 4200 3497 4274">
    <p class='ocr_par' dir='ltr' id='par_1_92' title="bbox 1843 4200 3497 4274">
     <span class='ocr_line' id='line_1_92' title="bbox 1843 4200 3497 4274; baseline -0.002 -14"><span class='ocrx_word' id='word_1_603' title='bbox 1843 4205 1921 4261; x_wconf 90' lang='lat' dir='ltr'>ad</span> <span class='ocrx_word' id='word_1_604' title='bbox 1960 4202 2279 4274; x_wconf 89' lang='lat' dir='ltr'>imperium</span> <span class='ocrx_word' id='word_1_605' title='bbox 2310 4200 2579 4256; x_wconf 88' lang='lat' dir='ltr'>adactus.</span> <span class='ocrx_word' id='word_1_606' title='bbox 2614 4200 2841 4254; x_wconf 87' lang='lat' dir='ltr'>Etenim</span> <span class='ocrx_word' id='word_1_607' title='bbox 2863 4206 3001 4256; x_wconf 90' lang='lat' dir='ltr'>ante</span> <span class='ocrx_word' id='word_1_608' title='bbox 3030 4201 3264 4256; x_wconf 84' lang='lat' dir='ltr'>Honorii</span> <span class='ocrx_word' id='word_1_609' title='bbox 3284 4216 3497 4256; x_wconf 88' lang='lat' dir='ltr'>consu-</span> 
     </span>
    </p>
   </div>
   <div class='ocr_carea' id='block_1_93' title="bbox 1845 4288 3498 4362">
    <p class='ocr_par' dir='ltr' id='par_1_93' title="bbox 1845 4288 3498 4362">
     <span class='ocr_line' id='line_1_93' title="bbox 1845 4288 3498 4362; baseline -0.003 -12"><span class='ocrx_word' id='word_1_610' title='bbox 1845 4295 2034 4350; x_wconf 88' lang='lat' dir='ltr'>latum</span> <span class='ocrx_word' id='word_1_611' title='bbox 2075 4292 2420 4362; x_wconf 88' lang='lat' dir='ltr'>septimum,</span> <span class='ocrx_word' id='word_1_612' title='bbox 2453 4290 2514 4344; x_wconf 91' lang='lat' dir='ltr'>in</span> <span class='ocrx_word' id='word_1_613' title='bbox 2555 4288 2906 4344; x_wconf 86' lang='lat' dir='ltr'>seditionem</span> <span class='ocrx_word' id='word_1_614' title='bbox 2943 4288 3057 4345; x_wconf 89' lang='lat' dir='ltr'>illic</span> <span class='ocrx_word' id='word_1_615' title='bbox 3097 4305 3304 4345; x_wconf 89' lang='lat' dir='ltr'>versus</span> <span class='ocrx_word' id='word_1_616' title='bbox 3334 4305 3498 4346; x_wconf 84' lang='lat' dir='ltr'><strong><em>exer-</em></strong></span> 
     </span>
    </p>
   </div>
   <div class='ocr_carea' id='block_1_94' title="bbox 159 4379 1723 4457">
    <p class='ocr_par' dir='ltr' id='par_1_94' title="bbox 159 4379 1723 4457">
     <span class='ocr_line' id='line_1_94' title="bbox 159 4379 1723 4457; baseline 0.009 -33"><span class='ocrx_word' id='word_1_617' title='bbox 159 4391 243 4444; x_wconf 69' lang='grc' dir='ltr'>ριον</span> <span class='ocrx_word' id='word_1_618' title='bbox 291 4383 344 4431; x_wconf 80' lang='grc' dir='ltr'>τό</span> <span class='ocrx_word' id='word_1_619' title='bbox 388 4379 620 4456; x_wconf 68' lang='grc' dir='ltr'>ἕϐδομον</span> <span class='ocrx_word' id='word_1_620' title='bbox 672 4384 986 4448; x_wconf 79' lang='grc' dir='ltr'>ὑπατεῦσαι,</span> <span class='ocrx_word' id='word_1_621' title='bbox 1033 4383 1104 4444; x_wconf 83' lang='grc' dir='ltr'>εἰς</span> <span class='ocrx_word' id='word_1_622' title='bbox 1153 4386 1338 4436; x_wconf 86' lang='grc' dir='ltr'>στάσιν</span> <span class='ocrx_word' id='word_1_623' title='bbox 1382 4385 1622 4457; x_wconf 84' lang='grc' dir='ltr'>ὁρμῆσαν</span> <span class='ocrx_word' id='word_1_624' title='bbox 1675 4389 1723 4438; x_wconf 78' lang='grc' dir='ltr'>τέ</span> 
     </span>
    </p>
   </div>
   <div class='ocr_carea' id='block_1_95' title="bbox 1831 4379 3492 4457">
    <p class='ocr_par' dir='ltr' id='par_1_95' title="bbox 1845 4379 3492 4451">
     <span class='ocr_line' id='line_1_95' title="bbox 1845 4379 3492 4451; baseline -0.004 -12"><span class='ocrx_word' id='word_1_625' title='bbox 1845 4383 2017 4449; x_wconf 87' lang='lat' dir='ltr'>citus,</span> <span class='ocrx_word' id='word_1_626' title='bbox 2058 4382 2316 4437; x_wconf 78' lang='lat' dir='ltr'>Marcum</span> <span class='ocrx_word' id='word_1_627' title='bbox 2366 4379 2698 4451; x_wconf 88' lang='lat' dir='ltr'>quemdam</span> <span class='ocrx_word' id='word_1_628' title='bbox 2748 4379 3170 4451; x_wconf 90' lang='lat' dir='ltr'>imperatorem</span> <span class='ocrx_word' id='word_1_629' title='bbox 3220 4384 3492 4436; x_wconf 87' lang='lat' dir='ltr'>crearat:</span> 
     </span>
    </p>
   </div>
   <div class='ocr_carea' id='block_1_96' title="bbox 164 4468 1732 4546">
    <p class='ocr_par' dir='ltr' id='par_1_96' title="bbox 164 4468 1732 4546">
     <span class='ocr_line' id='line_1_96' title="bbox 164 4468 1732 4546; baseline 0.006 -28"><span class='ocrx_word' id='word_1_630' title='bbox 164 4479 196 4511; x_wconf 69' lang='lat' dir='ltr'>rc</span> <span class='ocrx_word' id='word_1_631' title='bbox 250 4468 414 4532; x_wconf 67' lang='grc' dir='ltr'>αὐταὶς</span> <span class='ocrx_word' id='word_1_632' title='bbox 459 4476 849 4546; x_wconf 79' lang='grc' dir='ltr'>στρατιωτικόν</span> <span class='ocrx_word' id='word_1_633' title='bbox 894 4475 1104 4546; x_wconf 82' lang='grc' dir='ltr'>Μάρκον</span> <span class='ocrx_word' id='word_1_634' title='bbox 1157 4492 1272 4524; x_wconf 89' lang='grc' dir='ltr'>τινα</span> <span class='ocrx_word' id='word_1_635' title='bbox 1321 4471 1524 4526; x_wconf 79' lang='grc' dir='ltr'>ἀνεῖπον</span> <span class='ocrx_word' id='word_1_636' title='bbox 1582 4474 1732 4527; x_wconf 64' lang='grc' dir='ltr'>αὐτος</span> 
     </span>
    </p>
   </div>
   <div class='ocr_carea' id='block_1_97' title="bbox 1845 4467 3499 4546">
    <p class='ocr_par' dir='ltr' id='par_1_97' title="bbox 1845 4467 3499 4546">
     <span class='ocr_line' id='line_1_97' title="bbox 1845 4467 3499 4546; baseline -0.002 -18"><span class='ocrx_word' id='word_1_637' title='bbox 1845 4489 1966 4546; x_wconf 90' lang='lat' dir='ltr'>quo</span> <span class='ocrx_word' id='word_1_638' title='bbox 1999 4473 2076 4527; x_wconf 87' lang='lat' dir='ltr'>ab</span> <span class='ocrx_word' id='word_1_639' title='bbox 2107 4471 2256 4542; x_wconf 89' lang='lat' dir='ltr'>ipsis</span> <span class='ocrx_word' id='word_1_640' title='bbox 2287 4467 2543 4534; x_wconf 84' lang='lat' dir='ltr'>sublato,</span> <span class='ocrx_word' id='word_1_641' title='bbox 2573 4469 2890 4525; x_wconf 89' lang='lat' dir='ltr'>Gratianus</span> <span class='ocrx_word' id='word_1_642' title='bbox 2931 4469 3211 4525; x_wconf 77' lang='lat' dir='ltr'>suﬁ‘ectus</span> <span class='ocrx_word' id='word_1_643' title='bbox 3249 4473 3354 4526; x_wconf 88' lang='lat' dir='ltr'>est.</span> <span class='ocrx_word' id='word_1_644' title='bbox 3400 4469 3499 4525; x_wconf 84' lang='lat' dir='ltr'>Hic</span> 
     </span>
    </p>
   </div>
   <div class='ocr_carea' id='block_1_98' title="bbox 1481 4611 2150 4685">
    <p class='ocr_par' dir='ltr' id='par_1_98' title="bbox 1481 4611 2150 4685">
     <span class='ocr_line' id='line_1_98' title="bbox 1481 4611 2150 4685; baseline -0.003 -5"><span class='ocrx_word' id='word_1_645' title='bbox 1481 4611 1712 4682; x_wconf 66' lang='lat' dir='ltr'>VARI/r3</span> <span class='ocrx_word' id='word_1_646' title='bbox 1753 4625 2150 4685; x_wconf 83' lang='lat' dir='ltr'>LECTIONES.</span> 
     </span>
    </p>
   </div>
   <div class='ocr_carea' id='block_1_99' title="bbox 220 4771 3496 4858">
    <p class='ocr_par' dir='ltr' id='par_1_99' title="bbox 220 4771 3496 4858">
     <span class='ocr_line' id='line_1_99' title="bbox 220 4771 3496 4858; baseline 0.002 -33"><span class='ocrx_word' id='word_1_647' title='bbox 220 4771 257 4806; x_wconf 75' lang='grc'>³⁸</span> <span class='ocrx_word' id='word_1_648' title='bbox 273 4771 565 4858; x_wconf 46' lang='grc' dir='ltr'>ἱέλάριᾉος</span> <span class='ocrx_word' id='word_1_649' title='bbox 591 4778 878 4834; x_wconf 76' lang='grc' dir='ltr'>ἐποιήσατο</span> <span class='ocrx_word' id='word_1_650' title='bbox 904 4797 960 4841; x_wconf 82' lang='grc' dir='ltr'>ς.</span> <span class='ocrx_word' id='word_1_651' title='bbox 1037 4778 1085 4811; x_wconf 73' lang='grc'>³⁸</span> <span class='ocrx_word' id='word_1_652' title='bbox 1110 4781 1199 4829; x_wconf 81' lang='grc' dir='ltr'>καὶ</span> <span class='ocrx_word' id='word_1_653' title='bbox 1230 4783 1422 4850; x_wconf 78' lang='grc' dir='ltr'>Σερῆνα</span> <span class='ocrx_word' id='word_1_654' title='bbox 1450 4785 1488 4848; x_wconf 52' lang='grc' dir='ltr'><strong>Α</strong></span> <span class='ocrx_word' id='word_1_655' title='bbox 1519 4796 1531 4834; x_wconf 90' lang='lat'>:</span> <span class='ocrx_word' id='word_1_656' title='bbox 1563 4784 1848 4856; x_wconf 86' lang='grc' dir='ltr'>καισαρίνα</span> <span class='ocrx_word' id='word_1_657' title='bbox 1881 4800 1935 4844; x_wconf 77' lang='grc' dir='ltr'>ς’.</span> <span class='ocrx_word' id='word_1_658' title='bbox 2014 4778 2056 4812; x_wconf 73' lang='grc'>³⁷</span> <span class='ocrx_word' id='word_1_659' title='bbox 2089 4774 2258 4836; x_wconf 86' lang='grc' dir='ltr'>παῖςό</span> <span class='ocrx_word' id='word_1_660' title='bbox 2290 4772 2426 4845; x_wconf 76' lang='grc' dir='ltr'>Εὐχ.</span> <span class='ocrx_word' id='word_1_661' title='bbox 2464 4793 2518 4837; x_wconf 81' lang='grc' dir='ltr'>ς’.</span> <span class='ocrx_word' id='word_1_662' title='bbox 2597 4773 2645 4807; x_wconf 77' lang='grc'>³⁸</span> <span class='ocrx_word' id='word_1_663' title='bbox 2688 4776 3078 4825; x_wconf 77' lang='grc' dir='ltr'>Κωνσταντίνου</span> <span class='ocrx_word' id='word_1_664' title='bbox 3112 4793 3166 4838; x_wconf 83' lang='grc' dir='ltr'>ς’.</span> <span class='ocrx_word' id='word_1_665' title='bbox 3208 4774 3256 4809; x_wconf 77' lang='grc'>¹⁰</span> <span class='ocrx_word' id='word_1_666' title='bbox 3282 4771 3496 4846; x_wconf 73' lang='grc' dir='ltr'>ἀφεῖκεν</span> 
     </span>
    </p>
   </div>
   <div class='ocr_carea' id='block_1_100' title="bbox 176 4844 740 4917">
    <p class='ocr_par' dir='ltr' id='par_1_100' title="bbox 176 4844 740 4917">
     <span class='ocr_line' id='line_1_100' title="bbox 176 4844 740 4917; baseline 0 -17"><span class='ocrx_word' id='word_1_667' title='bbox 176 4859 213 4900; x_wconf 72' lang='grc' dir='ltr'>ζ·</span> <span class='ocrx_word' id='word_1_668' title='bbox 273 4844 317 4882; x_wconf 71' lang='grc' dir='ltr'>³ο</span> <span class='ocrx_word' id='word_1_669' title='bbox 336 4844 657 4917; x_wconf 48' lang='grc' dir='ltr'>κεφαλιῶται</span> <span class='ocrx_word' id='word_1_670' title='bbox 686 4868 740 4912; x_wconf 80' lang='grc' dir='ltr'>ς’.</span> 
     </span>
    </p>
   </div>
   <div class='ocr_carea' id='block_1_101' title="bbox 1710 4999 1936 5058">
    <p class='ocr_par' dir='ltr' id='par_1_101' title="bbox 1710 4999 1936 5058">
     <span class='ocr_line' id='line_1_101' title="bbox 1710 4999 1936 5058; baseline 0 0"><span class='ocrx_word' id='word_1_671' title='bbox 1710 4999 1936 5058; x_wconf 68' lang='grc' dir='ltr'>ΝΟΤΛΕ.</span> 
     </span>
    </p>
   </div>
   <div class='ocr_carea' id='block_1_102' title="bbox 170 5147 1732 5278">
    <p class='ocr_par' dir='ltr' id='par_1_102' title="bbox 170 5147 1732 5278">
     <span class='ocr_line' id='line_1_102' title="bbox 170 5147 1732 5278; baseline -0.001 -69"><span class='ocrx_word' id='word_1_672' title='bbox 170 5147 628 5278; x_wconf 45' lang='lat' dir='ltr'>gilius</span> <span class='ocrx_word' id='word_1_673' title='bbox 641 5152 861 5207; x_wconf 82' lang='lat' dir='ltr'>Asarus</span> <span class='ocrx_word' id='word_1_674' title='bbox 878 5151 1235 5225; x_wconf 86' lang='lat' dir='ltr'>appellatur,</span> <span class='ocrx_word' id='word_1_675' title='bbox 1255 5156 1316 5208; x_wconf 90' lang='lat' dir='ltr'>ut</span> <span class='ocrx_word' id='word_1_676' title='bbox 1337 5153 1501 5226; x_wconf 83' lang='lat' dir='ltr'>apud</span> <span class='ocrx_word' id='word_1_677' title='bbox 1515 5153 1732 5210; x_wconf 89' lang='lat' dir='ltr'>Zosim.</span> 
     </span>
    </p>
   </div>
   <div class='ocr_carea' id='block_1_103' title="bbox 220 5292 743 5366">
    <p class='ocr_par' dir='ltr' id='par_1_103' title="bbox 220 5292 743 5366">
     <span class='ocr_line' id='line_1_103' title="bbox 220 5292 743 5366; baseline -0.004 -18"><span class='ocrx_word' id='word_1_678' title='bbox 220 5292 282 5366; x_wconf 59' lang='grc' dir='ltr'>ιβ)</span> <span class='ocrx_word' id='word_1_679' title='bbox 300 5299 559 5366; x_wconf 60' lang='grc' dir='ltr'>Ῡλρηνίαν</span> <span class='ocrx_word' id='word_1_680' title='bbox 588 5293 743 5362; x_wconf 86' lang='lat' dir='ltr'>lego.</span> 
     </span>
    </p>
   </div>
   <div class='ocr_carea' id='block_1_104' title="bbox 222 5361 1734 5428">
    <p class='ocr_par' dir='ltr' id='par_1_104' title="bbox 222 5361 1734 5428">
     <span class='ocr_line' id='line_1_104' title="bbox 222 5361 1734 5428; baseline 0.005 -14"><span class='ocrx_word' id='word_1_681' title='bbox 222 5361 284 5428; x_wconf 66' lang='lat' dir='ltr'>(9i</span> <span class='ocrx_word' id='word_1_682' title='bbox 298 5361 558 5420; x_wconf 66' lang='lat' dir='ltr'>Bu&#39;ccella</span> <span class='ocrx_word' id='word_1_683' title='bbox 569 5366 634 5419; x_wconf 85' lang='lat' dir='ltr'>rii</span> <span class='ocrx_word' id='word_1_684' title='bbox 653 5361 846 5422; x_wconf 65' lang='lat' dir='ltr'>Suidaa</span> <span class='ocrx_word' id='word_1_685' title='bbox 861 5365 1291 5422; x_wconf 68' lang='lat' dir='ltr'>Gallo-Graeciaa</span> <span class='ocrx_word' id='word_1_686' title='bbox 1309 5363 1543 5422; x_wconf 88' lang='lat' dir='ltr'>milites.</span> <span class='ocrx_word' id='word_1_687' title='bbox 1563 5367 1734 5422; x_wconf 88' lang='lat' dir='ltr'>Plura</span> 
     </span>
    </p>
   </div>
   <div class='ocr_carea' id='block_1_105' title="bbox 169 5424 1732 5508">
    <p class='ocr_par' dir='ltr' id='par_1_105' title="bbox 169 5424 1732 5508">
     <span class='ocr_line' id='line_1_105' title="bbox 169 5424 1732 5508; baseline 0.006 -25"><span class='ocrx_word' id='word_1_688' title='bbox 169 5424 378 5506; x_wconf 77' lang='lat' dir='ltr'>Turneb.</span> <span class='ocrx_word' id='word_1_689' title='bbox 399 5437 504 5491; x_wconf 89' lang='lat' dir='ltr'>lib.</span> <span class='ocrx_word' id='word_1_690' title='bbox 523 5453 838 5508; x_wconf 66' lang='lat' dir='ltr'>xxxv,cap.</span> <span class='ocrx_word' id='word_1_691' title='bbox 868 5438 946 5503; x_wconf 88' lang='lat' dir='ltr'>t6,</span> <span class='ocrx_word' id='word_1_692' title='bbox 975 5438 1147 5493; x_wconf 90' lang='lat' dir='ltr'>etlib.</span> <span class='ocrx_word' id='word_1_693' title='bbox 1169 5440 1573 5508; x_wconf 74' lang='lat' dir='ltr'>xxv1,cap.15.</span> <span class='ocrx_word' id='word_1_694' title='bbox 1596 5437 1732 5493; x_wconf 87' lang='lat' dir='ltr'>Vide</span> 
     </span>
    </p>
   </div>
   <div class='ocr_carea' id='block_1_106' title="bbox 172 5509 1732 5590">
    <p class='ocr_par' dir='ltr' id='par_1_106' title="bbox 172 5509 1732 5590">
     <span class='ocr_line' id='line_1_106' title="bbox 172 5509 1732 5590; baseline 0.006 -33"><span class='ocrx_word' id='word_1_695' title='bbox 172 5511 315 5590; x_wconf 48' lang='lat' dir='ltr'>illam</span> <span class='ocrx_word' id='word_1_696' title='bbox 337 5509 644 5590; x_wconf 68' lang='lat' dir='ltr'>Constant.</span> <span class='ocrx_word' id='word_1_697' title='bbox 666 5509 1248 5590; x_wconf 47' lang='lat' dir='ltr'>Porph‘vrogennetee</span> <span class='ocrx_word' id='word_1_698' title='bbox 1268 5511 1366 5589; x_wconf 83' lang='lat' dir='ltr'>lib.</span> <span class='ocrx_word' id='word_1_699' title='bbox 1402 5509 1474 5565; x_wconf 86' lang='lat' dir='ltr'>De</span> <span class='ocrx_word' id='word_1_700' title='bbox 1499 5509 1732 5590; x_wconf 39' lang='lat' dir='ltr'>thema-</span> 
     </span>
    </p>
   </div>
   <div class='ocr_carea' id='block_1_107' title="bbox 172 5570 1730 5649">
    <p class='ocr_par' dir='ltr' id='par_1_107' title="bbox 172 5570 1730 5649">
     <span class='ocr_line' id='line_1_107' title="bbox 172 5570 1730 5649; baseline 0.008 -24"><span class='ocrx_word' id='word_1_701' title='bbox 172 5570 270 5649; x_wconf 60' lang='grc' dir='ltr'>αι..</span> <span class='ocrx_word' id='word_1_702' title='bbox 299 5579 392 5631; x_wconf 86' lang='lat' dir='ltr'>ubi</span> <span class='ocrx_word' id='word_1_703' title='bbox 420 5588 659 5635; x_wconf 81' lang='lat' dir='ltr'>sextum</span> <span class='ocrx_word' id='word_1_704' title='bbox 688 5570 1490 5636; x_wconf 41' lang='lat' dir='ltr'>describit“Buccellariorum</span> <span class='ocrx_word' id='word_1_705' title='bbox 1524 5581 1730 5649; x_wconf 79' lang='lat' dir='ltr'>fuisse,</span> 
     </span>
    </p>
   </div>
   <div class='ocr_carea' id='block_1_108' title="bbox 174 5648 1660 5723">
    <p class='ocr_par' dir='ltr' id='par_1_108' title="bbox 174 5648 1660 5723">
     <span class='ocr_line' id='line_1_108' title="bbox 174 5648 1660 5723; baseline 0.002 -18"><span class='ocrx_word' id='word_1_706' title='bbox 174 5648 219 5697; x_wconf 72' lang='grc' dir='ltr'>ει</span> <span class='ocrx_word' id='word_1_707' title='bbox 241 5659 342 5717; x_wconf 72' lang='lat' dir='ltr'>pne</span> <span class='ocrx_word' id='word_1_708' title='bbox 369 5653 605 5707; x_wconf 61' lang='lat' dir='ltr'>ceteris</span> <span class='ocrx_word' id='word_1_709' title='bbox 631 5650 810 5708; x_wconf 81' lang='lat' dir='ltr'>Nico].</span> <span class='ocrx_word' id='word_1_710' title='bbox 839 5651 1071 5723; x_wconf 81' lang='lat' dir='ltr'>Rigaltii</span> <span class='ocrx_word' id='word_1_711' title='bbox 1099 5652 1359 5710; x_wconf 79' lang='lat' dir='ltr'>Glossar.</span> <span class='ocrx_word' id='word_1_712' title='bbox 1390 5661 1660 5708; x_wconf 75' lang='grc' dir='ltr'>τακτικὸν.</span> 
     </span>
    </p>
   </div>
   <div class='ocr_carea' id='block_1_109' title="bbox 1913 5146 3499 5223">
    <p class='ocr_par' dir='ltr' id='par_1_109' title="bbox 1913 5146 3499 5223">
     <span class='ocr_line' id='line_1_109' title="bbox 1913 5146 3499 5223; baseline 0 -18"><span class='ocrx_word' id='word_1_713' title='bbox 1913 5150 2027 5223; x_wconf 90' lang='grc'>(10)</span> <span class='ocrx_word' id='word_1_714' title='bbox 2068 5149 2181 5215; x_wconf 88' lang='lat' dir='ltr'>Sic,</span> <span class='ocrx_word' id='word_1_715' title='bbox 2209 5148 2392 5223; x_wconf 84' lang='lat' dir='ltr'>homo</span> <span class='ocrx_word' id='word_1_716' title='bbox 2422 5147 2626 5223; x_wconf 80' lang='lat' dir='ltr'>impie,</span> <span class='ocrx_word' id='word_1_717' title='bbox 2659 5146 3064 5204; x_wconf 83' lang='lat' dir='ltr'>Christianum</span> <span class='ocrx_word' id='word_1_718' title='bbox 3086 5152 3142 5205; x_wconf 91' lang='lat' dir='ltr'>et</span> <span class='ocrx_word' id='word_1_719' title='bbox 3180 5147 3499 5206; x_wconf 86' lang='lat' dir='ltr'>laudatum</span> 
     </span>
    </p>
   </div>
   <div class='ocr_carea' id='block_1_110' title="bbox 1844 5219 3497 5374">
    <p class='ocr_par' dir='ltr' id='par_1_110' title="bbox 1844 5219 3497 5374">
     <span class='ocr_line' id='line_1_110' title="bbox 1844 5219 2608 5292; baseline -0.005 -14"><span class='ocrx_word' id='word_1_720' title='bbox 1844 5219 2034 5278; x_wconf 79' lang='lat' dir='ltr'>virum</span> <span class='ocrx_word' id='word_1_721' title='bbox 2057 5221 2356 5292; x_wconf 88' lang='lat' dir='ltr'>appellare</span> <span class='ocrx_word' id='word_1_722' title='bbox 2381 5219 2608 5275; x_wconf 84' lang='lat' dir='ltr'>audes?</span> 
     </span>
     <span class='ocr_line' id='line_1_111' title="bbox 1911 5289 3497 5374; baseline 0 -26"><span class='ocrx_word' id='word_1_723' title='bbox 1911 5296 2025 5374; x_wconf 63' lang='lat' dir='ltr'>_(_i_l)</span> <span class='ocrx_word' id='word_1_724' title='bbox 2058 5292 2222 5348; x_wconf 88' lang='lat' dir='ltr'>Unde</span> <span class='ocrx_word' id='word_1_725' title='bbox 2253 5294 2465 5374; x_wconf 63' lang='lat' dir='ltr'>Zosimi</span> <span class='ocrx_word' id='word_1_726' title='bbox 2498 5289 2867 5374; x_wconf 76' lang='lat' dir='ltr'>calculusde</span> <span class='ocrx_word' id='word_1_727' title='bbox 2921 5290 3497 5374; x_wconf 78' lang='lat' dir='ltr'>quadringentorum</span> 
     </span>
    </p>
   </div>
   <div class='ocr_carea' id='block_1_111' title="bbox 1845 5361 3497 5432">
    <p class='ocr_par' dir='ltr' id='par_1_111' title="bbox 1845 5361 3497 5432">
     <span class='ocr_line' id='line_1_112' title="bbox 1845 5361 3497 5432; baseline 0.001 -12"><span class='ocrx_word' id='word_1_728' title='bbox 1845 5361 2093 5420; x_wconf 81' lang='lat' dir='ltr'>millium</span> <span class='ocrx_word' id='word_1_729' title='bbox 2112 5363 2370 5418; x_wconf 81' lang='lat' dir='ltr'>exercitu</span> <span class='ocrx_word' id='word_1_730' title='bbox 2389 5361 2570 5417; x_wconf 81' lang='lat' dir='ltr'>ﬁdem</span> <span class='ocrx_word' id='word_1_731' title='bbox 2588 5377 2703 5416; x_wconf 92' lang='lat' dir='ltr'>non</span> <span class='ocrx_word' id='word_1_732' title='bbox 2740 5361 2916 5432; x_wconf 85' lang='lat' dir='ltr'>plane</span> <span class='ocrx_word' id='word_1_733' title='bbox 2941 5361 3224 5419; x_wconf 82' lang='lat' dir='ltr'>excedere</span> <span class='ocrx_word' id='word_1_734' title='bbox 3243 5363 3497 5422; x_wconf 90' lang='lat' dir='ltr'>videtur.</span> 
     </span>
    </p>
   </div>
   <div class='ocr_carea' id='block_1_112' title="bbox 1915 5433 3498 5506">
    <p class='ocr_par' dir='ltr' id='par_1_112' title="bbox 1915 5433 3498 5506">
     <span class='ocr_line' id='line_1_113' title="bbox 1915 5433 3498 5506; baseline 0.001 -15"><span class='ocrx_word' id='word_1_735' title='bbox 1915 5441 2021 5502; x_wconf 80' lang='lat' dir='ltr'>(l2)</span> <span class='ocrx_word' id='word_1_736' title='bbox 2055 5437 2232 5506; x_wconf 85' lang='lat' dir='ltr'>Atqui</span> <span class='ocrx_word' id='word_1_737' title='bbox 2262 5451 2297 5490; x_wconf 89' lang='lat' dir='ltr'>a</span> <span class='ocrx_word' id='word_1_738' title='bbox 2339 5433 2942 5506; x_wconf 10' lang='lat' dir='ltr'>Stelichoneicaptum</span> <span class='ocrx_word' id='word_1_739' title='bbox 2995 5437 3173 5506; x_wconf 86' lang='lat' dir='ltr'>atque</span> <span class='ocrx_word' id='word_1_740' title='bbox 3221 5441 3498 5493; x_wconf 89' lang='lat' dir='ltr'>necatum</span> 
     </span>
    </p>
   </div>
   <div class='ocr_carea' id='block_1_113' title="bbox 1841 5505 3475 5577">
    <p class='ocr_par' dir='ltr' id='par_1_113' title="bbox 1841 5505 3475 5577">
     <span class='ocr_line' id='line_1_114' title="bbox 1841 5505 3475 5577; baseline 0.001 -13"><span class='ocrx_word' id='word_1_741' title='bbox 1841 5509 2118 5570; x_wconf 80' lang='lat' dir='ltr'>referunt,</span> <span class='ocrx_word' id='word_1_742' title='bbox 2149 5505 2417 5577; x_wconf 88' lang='lat' dir='ltr'>Prosper,</span> <span class='ocrx_word' id='word_1_743' title='bbox 2449 5505 2858 5577; x_wconf 80' lang='lat' dir='ltr'>Cassiodorus,</span> <span class='ocrx_word' id='word_1_744' title='bbox 2902 5505 3171 5573; x_wconf 75' lang='lat' dir='ltr'>Orosius,</span> <span class='ocrx_word' id='word_1_745' title='bbox 3210 5515 3268 5564; x_wconf 89' lang='lat' dir='ltr'>et</span> <span class='ocrx_word' id='word_1_746' title='bbox 3305 5509 3475 5565; x_wconf 85' lang='lat' dir='ltr'>S.Au</span> 
     </span>
    </p>
   </div>
   <div class='ocr_carea' id='block_1_114' title="bbox 1841 5575 3100 5659">
    <p class='ocr_par' dir='ltr' id='par_1_114' title="bbox 1841 5575 3100 5659">
     <span class='ocr_line' id='line_1_115' title="bbox 1841 5575 3100 5659; baseline -0.002 -24"><span class='ocrx_word' id='word_1_747' title='bbox 1841 5581 2118 5659; x_wconf 65' lang='lat' dir='ltr'>gustinus</span> <span class='ocrx_word' id='word_1_748' title='bbox 2280 5575 2306 5630; x_wconf 77' lang='lat' dir='ltr'>v</span> <span class='ocrx_word' id='word_1_749' title='bbox 2336 5576 2410 5632; x_wconf 89' lang='lat' dir='ltr'>de</span> <span class='ocrx_word' id='word_1_750' title='bbox 2436 5575 2671 5659; x_wconf 69' lang='lat' dir='ltr'>civitate</span> <span class='ocrx_word' id='word_1_751' title='bbox 2705 5576 2985 5659; x_wconf 74' lang='lat' dir='ltr'>Dei,_cap.</span> <span class='ocrx_word' id='word_1_752' title='bbox 3009 5581 3100 5659; x_wconf 66' lang='grc' dir='ltr'>29τ</span> 
     </span>
    </p>
   </div>
   <div class='ocr_carea' id='block_1_115' title="bbox 1914 5647 3393 5724">
    <p class='ocr_par' dir='ltr' id='par_1_115' title="bbox 1914 5647 3393 5724">
     <span class='ocr_line' id='line_1_116' title="bbox 1914 5647 3393 5724; baseline 0.003 -18"><span class='ocrx_word' id='word_1_753' title='bbox 1914 5651 2028 5724; x_wconf 80' lang='lat' dir='ltr'>(l3)</span> <span class='ocrx_word' id='word_1_754' title='bbox 2056 5649 2198 5706; x_wconf 89' lang='lat' dir='ltr'>Vide</span> <span class='ocrx_word' id='word_1_755' title='bbox 2221 5664 2384 5722; x_wconf 88' lang='lat' dir='ltr'>supr.</span> <span class='ocrx_word' id='word_1_756' title='bbox 2417 5647 2597 5722; x_wconf 89' lang='lat' dir='ltr'>paulo</span> <span class='ocrx_word' id='word_1_757' title='bbox 2616 5647 3069 5716; x_wconf 79' lang='lat' dir='ltr'>Buccellarii,ex</span> <span class='ocrx_word' id='word_1_758' title='bbox 3093 5650 3393 5711; x_wconf 87' lang='lat' dir='ltr'>Turnebo.</span> 
     </span>
    </p>
   </div>
  </div>
