4036 6214
498 272 602 329 259
1726 271 1962 329 PHO'I‘II
2003 260 2484 331 PATRIARCHE
2523 269 2632 328 ep.
3763 272 3865 331 260

497 399 593 456 ubi
627 416 859 457 menses
880 404 1157 473 quatuor,
1188 397 1301 454 illis
1322 401 1452 469 jam
1484 396 1720 455 fastidio
1750 396 1964 465 ductis,
1994 415 2091 472 pra

2274 400 2487 473 ιράτορα
2516 418 2531 433 ο
2563 405 2657 452 τοῦ
2694 396 2753 452 δὲ
2794 400 2884 453 ὑπ’
2910 398 3077 453 αὐτῶν
3110 400 3153 436 ⁸¹
3191 398 3547 473 ἀναιρεθέντος
3583 404 3868 475 Γρατιανός

494 489 809 555 terfuisset,
845 489 1207 545 interﬁcitur.
1235 488 1386 543 Tum
1426 486 1843 542 Constantinus
1895 494 2088 559 Augus

2275 489 2430 549 ιύτοῖς
2464 486 2897 542 ἀποκαθίσταται
2930 510 2945 524 ·
2993 488 3101 543 ἐπεὶ
3145 486 3205 542 δὲ
3230 495 3319 541 καὶ
3362 488 3508 550 οὗτος
3556 490 3628 552 εἰς
3690 494 3869 566 τετρά-

495 580 737 635 nomine
777 579 1081 635 salutatur.
1144 577 1195 631 Is
1251 576 1570 640 Iustinum,
1616 581 1672 630 et
1725 577 2089 647 Neovigastel

2270 596 2413 635 ιηνον
2467 577 2645 640 αὐτοῖς
2703 582 3001 652 προσκορὴς
3051 583 3279 651 γεγονὼς
3355 577 3659 651 ἀπεσφάγη,
3732 587 3864 633 Κων-

494 668 837 724 militarium
860 669 1167 738 copiarum
1200 665 1384 721 duces
1417 680 1651 731 creans,
1698 666 1898 721 relicta
1924 667 2088 722 Britai

2270 675 2519 728 τταντῖνος
2562 673 2678 721 τότε
2722 668 2789 729 εἰς
2837 672 2895 721 τό
2941 676 3032 720 τοῦ
3065 669 3449 744 αὐτοκράτορος
3486 667 3864 730 ἀναϐιϐάζεται

492 758 611 821 nia,
643 772 780 811 cum
823 755 944 809 suis
982 755 1222 825 trajecit.
1284 753 1562 825 venitque
1620 755 1947 811 Bononiam
2007 757 2086 825 (14

2276 760 2431 829 ἵνομα.
2478 756 2593 827 [181
2655 756 2745 829 8.]
2806 754 2973 819 Οὗτος
3022 757 3311 811 ’1ουστῖνον
3371 762 3461 810 καὶ
3504 757 3870 830 Νεοϐιγάστην

494 845 853 900 maritimam
896 844 1103 898 urbem
1136 842 1217 897 sic
1260 841 1505 910 dictam,
1542 843 1798 913 primam
1844 844 1902 898 in
1944 842 2084 900 Galli

2274 850 2580 920 ττρατηγοὺς
2650 845 3031 919 προϐαλόμενος
3084 848 3153 910 ⁸²,
3212 853 3303 899 καὶ
3380 851 3473 910 τάς
3557 855 3868 921 Βρεττανίας

489 934 713 990 ﬁnibus
736 934 1013 1005 pasitam.
1045 932 1129 987 lbi
1174 938 1464 995 moratus.
1500 930 1731 985 Gallum
1791 946 2060 999 omnem,

2276 937 2431 999 άσας,
2477 944 2782 1009 περαιοῦται
2830 937 2941 1008 οἶμα
2990 939 3036 973 ³³
3084 946 3183 989 τῶν
3238 938 3396 989 αύτοῦ
3449 937 3533 989 ἐπὶ
3591 944 3867 1007 Βονωνίαν,

490 1024 805 1095 Acytarum
864 1024 976 1092 (l5)
1022 1020 1266 1076 militem
1307 1019 1418 1075 sibi
1468 1020 1827 1091 adjungens,
1857 1023 2021 1077 omni
2054 1038 2084 1077 e

2274 1024 2397 1076 τόλιν
2450 1025 2586 1077 οὕτω
2628 1024 2966 1098 καλουμένην,
3020 1024 3472 1098 παραθαλασσίαν
3525 1032 3615 1080 καὶ
3654 1033 3868 1099 πρώτην

489 1112 672 1169 Gallia
699 1112 920 1184 potitus
950 1111 1027 1166 ad
1054 1110 1230 1181 Alpes
1252 1124 1611 1181 usque,qute
1641 1109 1859 1165 italiam
1891 1128 1927 1167 a
1957 1110 2078 1167 Gall

2276 1135 2299 1165 ν
2328 1121 2433 1174 τοῖς
2470 1122 2571 1166 τῶν
2616 1113 2838 1166 Γαλλιῶν
2890 1116 2937 1149 ³⁸
2987 1115 3150 1189 ὁρίοις
3208 1120 3473 1187 κειμένην.
3528 1113 3689 1168 Ἔνθα
3748 1113 3870 1169 δια.

489 1211 786 1273 separant.
822 1202 964 1256 Huic
991 1199 1095 1255 ﬁlii
1139 1200 1260 1255 duo
1296 1204 1481 1263 erant,
1537 1198 1846 1269 Constans,
1881 1206 1936 1255 et
1959 1199 2083 1255 Juli.

2276 1201 2464 1276 phitag,
2496 1208 2585 1254 καὶ
2629 1202 2740 1254 ὅλον
2786 1206 2870 1255 τόν
2903 1203 3091 1255 Γάλλον
3139 1209 3229 1255 καὶ
3281 1204 3566 1257 Ἀκύτατον
3613 1205 3658 1239 ³⁸
3708 1224 3870 1279 στρα-

487 1307 620 1346 nus.
656 1290 823 1345 illum
855 1289 1152 1345 Caesarem
1183 1288 1488 1343 constituit
1522 1308 1533 1352 ;
1562 1287 1863 1343 lulianum
1919 1289 2081 1344 deinc

2273 1298 2437 1348 ἰώτην
2502 1288 2985 1363 ἰδιοποιησάμενος,
3054 1299 3241 1365 κρατεῖ
3286 1295 3485 1345 πάντων
3535 1302 3632 1345 τῶν
3690 1301 3867 1365 μερῶν

486 1380 707 1450 eoipso
740 1385 1003 1450 tempore
1031 1377 1470 1433 nobilissimum
1499 1378 1847 1433 nominavit.

2274 1388 2341 1439 ’ῆς
2396 1379 2647 1440 Γαλατίας
2707 1383 2755 1416 ³⁸
2822 1386 2985 1452 μέχρι
3044 1389 3144 1432 τῶν
3203 1380 3435 1433 Ἀλπεων
3491 1390 3590 1433 τῶν
3664 1381 3868 1453 μεταξύ

486 1469 707 1530 Ἰταλίας
731 1487 785 1521 τε
812 1470 852 1503 ³⁷
888 1472 976 1519 καὶ
1004 1466 1260 1527 Γαλατίας
1292 1465 1339 1499 ³⁸
1384 1486 1397 1497 ·
1437 1466 1583 1527 οὗτος
1617 1462 1713 1517 δύο
1744 1462 1939 1527 παῖδας
1960 1468 2107 1539 ἔσχε,
2145 1473 2458 1521 Κώνσταντα
2480 1474 2568 1520 καὶ
2600 1468 2902 1533 Ἰουλιανόν,
2932 1469 2999 1521 ὧν
3032 1473 3118 1522 τόν
3154 1474 3243 1543 μεν
3275 1476 3587 1524 Κώνσταντα
3614 1476 3869 1546 Καίσαρα

484 1565 792 1630 χειροτονεῖ,
826 1555 935 1609 εἶτα
962 1557 1178 1629 ὕστερον
1208 1557 1344 1607 κατά
1372 1558 1461 1615 τὰς
1491 1554 1653 1614 αὐτὰς
1686 1557 1881 1628 ἠμέρας
1907 1560 1994 1607 καὶ
2024 1559 2110 1608 τὸν
2140 1557 2417 1609 Ἰουλιανόν
2459 1556 2855 1629 νωϐελίσσιμον.

554 1649 781 1703 Attalus
814 1653 1021 1702 contra
1052 1646 1379 1701 Honorium
1439 1645 1768 1715 imperans,
1803 1645 1880 1700 ad
1922 1646 2146 1700 Raven-

2322 1645 2444 1699 Ὀτι
2489 1646 2742 1709 ’Ἄτταλος
2787 1646 3110 1719 βασιλευσὰς
3146 1651 3282 1701 κατὰ
3311 1648 3559 1721 Ὀνωρίου
3606 1647 3691 1701 ἐπὶ
3737 1647 3869 1702 Ῥοὶ·

484 1753 627 1793 nam
642 1740 1099 1793 castrametatus
1114 1734 1571 1806 est,missusque
1589 1734 1663 1789 ad
1680 1732 1845 1788 illum
1864 1738 2078 1806 tanqua

2268 1734 2429 1787 Ξενναν
2503 1734 2918 1809 ἔκστρατεύεται,
2976 1742 3063 1789 καὶ
3150 1742 3405 1810 πέμπεται
3481 1741 3607 1811 πρὸς
3670 1737 3862 1803 αὐτόν,

488 1828 566 1882 ab
588 1826 846 1882 Honorio
893 1827 1250 1896 imperatore
1291 1823 1365 1879 ad
1409 1824 1825 1895 imperatorem
1860 1823 1970 1893 (l6)
1998 1825 2082 1877 Joi

2269 1826 2319 1885 Li;
2357 1824 2413 1877 ἐκ
2457 1823 2715 1897 βασιλέως
2755 1824 3003 1897 Ὀνωρίου
3050 1830 3175 1897 πρὸς
3226 1824 3471 1898 βασιλέα,
3518 1825 3763 1887 Ἰοϐιανὸς
3811 1828 3863 1862 ⁸⁸

482 1917 699 1971 niauus
719 1914 1032 1986 praefectus
1049 1919 1227 1985 atque
1259 1911 1560 1984 patricius,
1590 1918 1646 1967 et
1669 1910 1901 1978 Valens,
1930 1911 2076 1966 utriu

2272 1916 2489 1988 ῗπαρχος
2525 1920 2615 1965 καὶ
2657 1919 2951 1988 πατρίκιος,
2993 1919 3083 1966 καὶ
3140 1915 3349 1977 Οὐάλης
3399 1918 3689 1988 στρατηγός
3739 1914 3866 1968 ἕκα-

492 2022 609 2077 que
650 2005 870 2060 militiae
911 2004 1051 2068 dux,
1082 2010 1137 2057 et
1189 2002 1489 2057 Potamius
1521 2004 1802 2073 quaestor,
1863 2006 1919 2056 et
1967 1998 2081 2055 Juli

2269 2006 2400 2074 ripa;
2474 1998 2761 2075 δυνάμεως,
2834 2008 2924 2055 καὶ
3013 2005 3274 2075 Ποτάμιος
3326 2006 3350 2055 ό
3412 2009 3705 2077 κυαίστωρ,
3764 2009 3863 2056 καὶ

484 2109 598 2149 nus
630 2094 997 2149 notariorum
1030 2090 1421 2163 primicerius.
1471 2090 1535 2145 Hi
1565 2089 1758 2144 Attalo
1802 2088 2074 2158 signiﬁca

2271 2091 2532 2151 1ου).ιανός
2587 2095 2927 2165 πριμικήριος
2993 2100 3093 2144 τῶν
3164 2097 3409 2166 νοταρίων
3461 2112 3475 2126 ·
3535 2094 3585 2145 οἰ
3632 2090 3863 2151 ἐδήλουν

483 2184 561 2239 ab
592 2183 845 2238 Honorio
873 2196 1002 2236 sese
1034 2180 1253 2235 missos
1288 2185 1350 2235 ut
1379 2195 1515 2233 cum
1558 2178 1662 2233 illo
1684 2177 1758 2233 de
1790 2178 2024 2249 imperii
2056 2194 2077 2232 s

2273 2180 2484 2251 Δττάλῳ
2563 2179 2645 2232 έπὶ
2720 2184 2961 2251 κοινωνίᾳ
3032 2188 3122 2241 τῆς
3186 2178 3455 2253 βασιλείας
3528 2180 3862 2234 ἀπεστάλθαι

480 2272 685 2328 cietate
726 2274 995 2327 tractent.
1032 2269 1251 2324 Abnuit
1292 2284 1427 2323 vero
1461 2267 1555 2323 ille
1604 2284 1618 2322 :
1680 2267 2005 2323 concedere
2053 2271 2074 2321 t

2269 2272 2394 2341 ταρά
2438 2269 2706 2341 Ὀνωρίου.
2754 2268 2811 2322 Ὀ
2860 2266 2918 2322 δι
2971 2267 3269 2333 ἀπένευσεν,
3316 2269 3447 2323 ἀλλά
3493 2281 3652 2330 νῆσον
3690 2271 3863 2323 οἰκεῖν

481 2376 617 2416 men
646 2376 728 2430 se,
763 2365 824 2415 ut
844 2359 1105 2415 insulam
1130 2357 1423 2413 inhabitet
1468 2356 1766 2412 malorum
1795 2371 2007 2427 expers
2036 2355 2075 2410 H

2265 2360 2281 2417 ᾖ
2334 2359 2501 2433 ἕτερόν
2554 2377 2671 2410 τινα
2722 2364 2899 2423 τόπον,
2969 2358 3022 2410 ὃν
3095 2357 3156 2410 ἀν
3214 2358 3477 2431 βούλοιτο,
3551 2368 3859 2435 συγχωρεῖν

478 2451 703 2515 norius,
737 2449 828 2504 vel
859 2449 1042 2504 alium
1059 2453 1209 2502 certe
1239 2462 1419 2519 quem
1452 2445 1833 2501 velitlocum.
1876 2445 2072 2517 Respo

2267 2453 2510 2520 Ονὼριον,
2566 2456 2737 2499 κακῶν
2795 2445 2992 2505 ἀπαθῆ.
3056 2448 3415 2519 Ἀποκρίνεται
3492 2446 3551 2501 δε
3603 2447 3861 2511 Ὶοϐιανός

479 2534 1870 2606 detadhaaclmtabundusJovianus,indicatque
1894 2541 2073 2589 exutu

2266 2538 2444 2601 δοθεὶς,
2500 2536 2621 2607 [106
2678 2535 2770 2608 Η.]
2823 2534 3251 2609 έπαγγελλόμενος
3304 2542 3393 2589 καὶ
3446 2546 3669 2589 σινῶσαι
3728 2540 3860 2591 καθ’

475 2628 601 2699 jam
628 2628 706 2682 ab
736 2627 927 2683 Attalo
957 2640 1079 2681 una
1104 2625 1268 2695 regni
1302 2632 1466 2697 parte
1483 2623 1805 2679 Honorium
1829 2624 2069 2695 imperat

2261 2625 2352 2685 ἑνός
2400 2625 2585 2697 μέλους
2637 2626 2685 2660 ⁴⁰
2734 2628 2819 2676 τόν
2871 2623 3097 2697 βασιλέα
3132 2624 3395 2699 Ὀνώριον.
3452 2627 3561 2698 Ἐφ’
3680 2626 3855 2680 έπετί-

477 2732 624 2772 rem.
643 2718 833 2781 Quare
846 2716 1079 2770 Jovium
1095 2714 1323 2769 Attalus
1339 2713 1728 2783 increpando,
1747 2711 1970 2767 nullum
1988 2711 2071 2767 fer

2259 2734 2411 2772 μιησεν
2468 2712 2719 2776 ’Ἄτταλος
2758 2713 2989 2783 Ἰοϐιανῷ
3034 2715 3103 2781 ⁴¹,
3143 2716 3208 2775 ὡς
3246 2714 3451 2775 ούθενός
3500 2717 3646 2778 ἴθους
3700 2720 3853 2778 ὄντος

477 2820 705 2860 morem
740 2804 903 2869 dixit,
952 2809 1014 2858 ut
1045 2802 1286 2873 spoliari
1321 2801 1609 2856 dicendus
1659 2801 1732 2856 sit
1788 2801 2071 2871 imperato

2261 2805 2522 2855 τινοῦσθαι
2572 2801 2796 2875 βασιλέα
2850 2802 3016 2855 ἑκοντὶ
3068 2808 3161 2860 τὴν
3218 2801 3489 2875 βασιλείαν
3542 2803 3855 2877 ἀποτιθέμε-

476 2894 580 2965 qui
612 2900 823 2965 sponte
856 2909 965 2948 sua
998 2892 1247 2962 imperio
1268 2890 1593 2945 abdicaret.
1618 2890 1829 2945 Verum
1848 2889 2070 2945 Jovianl

2257 2911 2345 2943 ρον.
2397 2891 2552 2943 Ἀλλά
2613 2890 2864 2953 Ἰοϐιανὸς
2916 2894 3005 2963 μὲν
3063 2892 3308 2953 πολλάκις
3372 2891 3703 2966 πρεσϐεύσας
3752 2900 3851 2946 καὶ

482 2983 636 3055 580
652 2998 1063 3055 saepenumero
1080 2981 1370 3049 legatione
1384 2980 1569 3043 obita,
1589 2979 2076 3052 nequequidqum

2258 2978 2408 3039 ιηδεν
2465 2980 2662 3043 ἀνύσας
2720 2985 2992 3053 καταμένει
3061 2985 3191 3055 πρὸς
3248 2981 3523 3049 Ἀτταλον,
3571 2988 3852 3055 πατρίκιος

476 3073 815 3145 proﬁciens,
842 3072 1061 3127 mansit
1102 3070 1346 3125 tandem
1378 3069 1538 3141 apud
1567 3068 2070 3141 Attalum,illiusqi

2261 3069 2492 3122 Αττάλου
2534 3068 2864 3142 ὀνομασθείς,
2920 3075 3229 3142 μετέρχεται
3284 3067 3343 3123 δι
3391 3074 3527 3123 κατά
3573 3077 3667 3130 τὴν
3724 3072 3851 3124 Ῥά-

477 3161 759 3232 patricius
788 3167 873 3215 est
903 3158 1253 3230 appellatus.
1276 3159 1574 3213 Ravennae
1588 3157 1819 3212 interim
1836 3158 2071 3213 delabitl

2256 3158 2414 3211 ξενναν
2446 3159 2529 3211 ἐπὶ
2574 3163 2659 3211 τόν
2699 3165 3009 3233 πρεπόσιτον
3056 3158 3301 3212 Εύσέϐιον
3350 3162 3379 3217 ἡ
3430 3158 3731 3227 δυναστεία,
3790 3162 3850 3223 ὃς

476 3250 552 3304 ad
586 3248 901 3303 Eusebium
933 3248 1049 3317 (17)
1084 3247 1471 3318 praepositum
1504 3245 1619 3314 (l8)
1675 3251 1938 3316 potestas
1980 3265 1992 3301 :
2028 3263 2065 3317 q

2252 3250 2369 3299 κετά
2413 3250 2584 3299 ἱκανόν
2632 3253 2824 3320 χρόνον
2872 3247 3184 3319 Ἀλλοϐίχου
3230 3251 3278 3285 ⁸³
3326 3248 3542 3324 ἐπηρείᾳ
3584 3255 3675 3302 καὶ
3714 3252 3846 3303 ὑπο-

475 3342 614 3408 post
642 3352 761 3392 non
812 3336 913 3390 diu
943 3337 1079 3406 (19),
1116 3334 1397 3389 Allovichi
1446 3333 1745 3399 violentia,
1776 3349 1845 3389 ac
1894 3334 2067 3390 decre

2254 3338 2375 3409 9ήκῃ
2439 3334 2676 3409 δημοσίᾳ
2726 3342 2812 3389 καὶ
2861 3336 2939 3389 ἐπ’
2983 3336 3137 3408 ὄψεσι
3176 3346 3266 3390 τοῦ
3317 3337 3571 3411 βασιλέως
3617 3336 3848 3414 ῥάϐδοις

474 3425 737 3498 publico,
762 3424 819 3479 in
843 3424 1029 3479 oculis
1055 3424 1427 3495 imperatoris
1468 3423 1724 3477 fustibus
1755 3428 1845 3477 est
1874 3425 2068 3479 occisu

2252 3423 2547 3499 ἀναιρεῖται.
2584 3430 2774 3499 Χρόνος
2804 3425 3039 3500 ἕρῥευσεν
3072 3428 3265 3495 ἱκανὸς,
3311 3433 3400 3480 καὶ
3430 3434 3502 3500 μὴ
3535 3430 3846 3499 πειθόμενος

476 3515 613 3569 Post
643 3513 983 3570 etiamdum
1027 3511 1303 3567 Alaricho
1331 3512 1443 3581 (20)
1477 3528 1595 3566 non
1629 3512 1953 3583 acquiescit
1974 3514 2066 3568 Att

2246 3512 2491 3577 ’Δτταλος
2542 3514 2841 3589 Ἀλαρίχῳ,
2909 3511 3116 3587 σπουδῇ
3175 3512 3233 3568 δι
3280 3517 3512 3588 μάλιστα
3562 3516 3840 3584 Ἰοϐιανοῦ,

473 3605 587 3667 lus,
616 3610 672 3659 et
697 3620 835 3659 vero
869 3603 1127 3659 maxime
1149 3602 1295 3657 Jovii
1327 3617 1528 3671 opera,
1563 3600 1665 3673 qui
1708 3602 1944 3657 Honorii
1974 3602 2067 3672 leg

2250 3600 2295 3662 ὃς
2347 3598 2407 3659 ἧν
2458 3607 2551 3661 τὴν
2598 3603 2845 3676 Ὁνωρίου
2904 3603 3177 3679 πρεσϐείαν
3231 3601 3601 3681 προδεδωκως,
3653 3608 3844 3660 καθαι-

476 3699 564 3749 tos
578 3689 1485 3765 prodiderat,imperiodejicitur
1500 3695 1819 3762 manetque
1834 3692 2062 3762 privata

2250 3698 2405 3744 οείται
2461 3700 2554 3755 τῆς
2616 3693 2909 3758 Βασιλείας,
2962 3699 3053 3747 καὶ
3107 3700 3242 3767 μένει
3284 3699 3369 3747 τόν
3424 3693 3641 3754 ἰδιώτην
3693 3701 3844 3772 παρὰ

474 3783 635 3855 apud
665 3781 1005 3837 Alarichum
1038 3781 1222 3835 vitam
1255 3781 1504 3848 degens.
1536 3778 1757 3833 Deinde
1797 3795 1916 3835 non
1942 3780 2065 3835 mul

2244 3779 2511 3854 Ἀλαρίχῳ
2568 3782 2683 3855 βίον
2741 3782 3108 3858 ἀνθηρημένος.
3189 3783 3401 3837 Ἔπειτα
3456 3788 3588 3857 μετὰ
3642 3790 3838 3858 χρόνον

471 3877 607 3943 post
632 3872 844 3926 iterum
880 3868 1216 3941 imperavit,
1248 3885 1316 3924 ac
1331 3883 1566 3923 rursum
1585 3868 1867 3923 abdicare
1891 3875 2065 3925 coacti

2246 3872 2355 3921 τινά
2413 3869 2705 3943 βασιλεύει,
2767 3869 2879 3925 εἶτα
2932 3875 3278 3945 καθαιρεῖται.
3340 3880 3438 3927 Καὶ
3491 3879 3619 3947 μετά
3669 3884 3840 3928 ταῦτα

472 3965 583 4015 est.
616 3963 753 4015 Post
784 3961 910 4015 haec
950 3958 1194 4015 tandem
1234 3957 1309 4013 ad
1340 3960 1684 4012 Ravennam
1727 3958 2046 4028 profectus,

2247 3958 2453 4033 ὕστερον
2511 3959 2593 4013 ἐπὶ
2649 3960 2917 4014 Ῥάϐενναν
2974 3967 3335 4036 παραγεγονὼς
3406 3968 3497 4016 καὶ
3563 3968 3683 4027 τούς
3740 3974 3841 4027 τῆς

473 4050 724 4104 summis
750 4048 1008 4103 dexteras
1034 4063 1249 4105 manus
1280 4045 1481 4115 digitis
1526 4052 1829 4100 truncatus
1870 4062 2067 4118 proscx

2242 4043 2415 4111 δεξιᾶς
2460 4052 2638 4124 χειρὸς
2678 4047 2967 4113 δακτύλους
3015 4049 3460 4127 ἀκρωτηριασθεὶς
3509 4051 3683 4127 έξορίᾳ
3731 4074 3836 4106 πα-

475 4138 653 4193 bitur.
685 4137 1023 4192 Allovichus
1049 4136 1186 4191 item
1214 4140 1348 4207 post
1379 4135 1579 4205 paulo,
1608 4133 1771 4206 quod
1810 4134 2061 4190 Eusebiu

2244 4142 2560 4209 ραπέμπεται
2605 4140 2672 4195 ⁸³.
2716 4138 2838 4191 Ὀτι
2870 4138 3181 4211 Ἀλλόϐιχος
3227 4144 3355 4214 μετά
3398 4141 3604 4216 βραχύ,
3636 4148 3730 4201 τήν
3764 4146 3838 4216 ἓφ¹

473 4226 864 4297 praepositum
890 4224 1242 4286 sustulisset,
1270 4223 1647 4293 imperatoris
1680 4223 1975 4279 sententia
2006 4240 2067 4293 pc

2240 4226 2278 4295 ᾧ
2340 4231 2425 4278 τὸν
2496 4232 2810 4302 πρεπόσιτον
2880 4228 3125 4282 Εύσέϐιον
3201 4230 3361 4283 ἀνεῖλε
3432 4229 3587 4290 δίκην
3642 4236 3833 4299 τιννύς,

471 4330 583 4368 nas
614 4313 794 4376 dedit,
825 4317 1003 4383 atque
1037 4314 1097 4365 in
1127 4311 1251 4383 ejus
1283 4316 1606 4382 conspectu
1657 4312 1944 4368 occiditur
1992 4312 2065 4384 (21

2247 4319 2414 4387 γνωμῃ
2456 4324 2549 4368 τοῦ
2605 4316 2862 4390 βασιλέως
2905 4321 3042 4371 κατὰ
3086 4324 3365 4391 πρόσωπον
3404 4321 3565 4373 αὑτοῦ
3615 4320 3841 4396 ἀναιρεί-

472 4400 894 4457 Constantinus
934 4404 1247 4471 tyrannus,
1317 4400 1559 4467 cognita
1595 4400 1882 4457 Allovichi
1913 4407 2066 4458 mort

2246 4422 2324 4455 ται
2373 4424 2387 4438 ·
2428 4409 2517 4457 καὶ
2565 4405 2956 4468 Κωνσταντῖνος
3002 4408 3027 4458 ό
3068 4411 3327 4481 ’τύραννος
3378 4413 3463 4462 τόν
3515 4410 3840 4483 Ἀλλοϐίχου

1810 4559 2041 4615 VARle
2082 4561 2373 4618 LECTION
2384 4563 2488 4622 ES.

540 4724 582 4759 si
617 4721 775 4774 αὐτοῦ
809 4742 862 4786 ς,
941 4719 986 4753 ³³
1021 4711 1654 4799 Ιὶῢιδξβπ-ροσϐαλλόμενοξ,
1723 4714 1767 4745 ³³
1800 4729 1898 4799 των
2007 4730 2020 4767 :
2058 4720 2162 4799 toi;
2182 4735 2303 4799 εκ,
2324 4717 2371 4799 ξι
2403 4712 2542 4768 Γαλα
2571 4717 2838 4799 riu-ﬂeat;
2865 4738 2920 4799 ςς.
2978 4720 3023 4754 ³⁵
3056 4716 3339 4799 ἀκύταλλοᾼν
3365 4722 3431 4788 Α,
3465 4719 3729 4799 ἀκύταρον
3768 4746 3833 4790 ς.

468 4794 717 4869 correxit
745 4782 1037 4869 Schottus.
1066 4859 1113 4869 Α.
1134 4789 1180 4822 ³⁸
1207 4782 1503 4869 Γαλλίαςςί.
1607 4784 1654 4818 ⁸⁷
1684 4801 1735 4835 τε
1758 4782 1899 4839 add.
1932 4784 2005 4837 A.
2110 4786 2156 4821 ³³
2182 4785 2400 4849 Γαλλίας
2434 4808 2494 4851 ς’.
2591 4789 2637 4822 ³⁸
2671 4782 2930 4851 Ἰὡϐιανός
2964 4811 2999 4854 ς·
3032 4792 3117 4847 sic
3146 4795 3205 4848 et
3232 4782 3428 4850 infra."
3468 4795 3518 4829 ⁴⁰
3547 4782 3741 4869 μέρους
3774 4782 3842 4861 ξ,

468 4868 513 4903 ιι
549 4864 729 4936 ’[ωϐίῳ
761 4886 815 4929 ς,
895 4865 939 4898 ⁴²
967 4859 1219 4933 ἀλοϐίχου
1254 4866 1319 4914 Δ.
1397 4860 1440 4892 ’⁸³
1470 4874 1848 4930 περιπεμπεται
1887 4876 1942 4921 ς.

2033 5009 2257 5068 NOTAE.

540 5171 646 5243 (14)
672 5165 1032 5224 Burboniam
1054 5161 1265 5233 legitur
1285 5160 1449 5233 apud
1482 5162 1882 5217 Sozomenum
1914 5159 2019 5216 lib.
2044 5176 2117 5227 ix,
2240 5188 2245 5193 -
2279 5159 2421 5243 _(18_)_
2448 5166 2751 5243 Δυναστεία.
2782 5162 3217 5243 Ιουίιξπαρχίαν
3246 5175 3342 5243 τῆς
3367 5168 3527 5243 αὐλῆς
3544 5171 3643 5226 hic
3675 5175 3847 5231 acci-

468 5232 673 5315 Bahal
684 5243 731 5295 1.
821 5309 832 5315 Δ
1120 5232 1133 5233 ί
1280 5303 1293 5315 ι
1328 5232 1339 5233 ί
1498 5304 1527 5315 ἢ
1997 5308 2004 5315 ι
2036 5302 2086 5315 Α.
2234 5232 2359 5315 ρὶοζ
2382 5234 2543 5313 Hanc
2573 5234 2732 5315 enim
2760 5236 3031 5315 secundae
3052 5232 3190 5315 post
3216 5240 3547 5314 principem
3576 5247 3841 5315 potesta-

539 5302 653 5382 (15)
686 5309 1051 5383 Aquitanum
1082 5303 1358 5372 emenda,
1391 5318 1463 5359 ex
1496 5304 1729 5359 Sozom.
1764 5308 2011 5375 supr.et
2034 5302 2116 5359 Si-
2233 5302 2533 5383 tis‘l'uiss‘e,
2566 5305 2680 5383 viri
2699 5306 2856 5361 docti
2887 5302 3189 5383 notarunt.

469 5374 838 5456 gon._'lib.'x.
1246 5453 1254 5456 Α
1357 5449 1375 5456 _
1464 5447 1473 5456 _
1628 5448 1639 5456 _
1848 5374 1855 5375 ί
2021 5450 2030 5456 Δ
2259 5446 2272 5456 _
2304 5374 3382 5456 (19)Ellobicllum_vocatsigon.lib.
3421 5401 3495 5449 xi,
3540 5384 3640 5442 hic
3672 5388 3842 5443 Occi-

540 5454 652 5527 (l6)
676 5455 941 5530 zosimus
1102 5464 1137 5530 κζ
1166 5453 1310 5504 extr.
1345 5447 1587 5530 lovium
1628 5448 1787 5530 bunc
1829 5450 2117 5518 perpetuo
2231 5446 2632 5530 deﬁgjzzpe‘r:
2659 5446 3297 5530 .Ebodichumsozom.
3330 5455 3428 5509 lib.
3450 5446 3538 5530 ix,
3569 5474 3705 5530 cap.
3753 5462 3836 5515 l3.

467 5518 661 5584 vocat.
698 5524 877 5598 Photii
910 5523 1092 5598 editio
1120 5518 1559 5598 inconstantior
1580 5524 1685 5574 est.
1984 5592 1993 5598 ‘
2032 5588 2083 5598 __
2230 5520 2419 5598 mag)
2452 5518 2531 5574 De
2552 5519 2827 5576 Africana
2854 5522 3229 5594 expeditione
3252 5518 3541 5597 legendus
3555 5518 3844 5588 Zosimus

539 5596 869 5723 (17?.bSacri
899 5592 1177 5651 cubiculi.
1214 5591 1351 5648 Vide
1392 5592 1693 5647 Zosimum
1725 5588 1828 5645 lib.
1860 5604 1913 5655 v,
1944 5592 2000 5644 et
2030 5588 2120 5644 Si-

539 5686 610 5723 in.
650 5686 667 5723 1
716 5684 804 5723 .x.

468 5659 804 5743 goh.Iib.x.
2301 5659 2414 5735 (2t)
2440 5660 2617 5719 Aliter
2640 5662 2768 5719 haec
2795 5664 3028 5722 Sozom.
3060 5664 3167 5724 lib.
3200 5686 3276 5739 ix,
3308 5683 3443 5742 cap.
3478 5671 3565 5727 l8.
