4036 6214
183 283 257 339 itii
1336 279 1828 345 BIBLIOTHECA.
1859 319 1927 332 -—-
1965 282 2125 346 COD.
2171 283 2390 349 LXXX.
3422 289 3525 346 262

184 408 371 458 θάνατον
390 408 593 477 μαθὼν,
629 409 952 480 ἐπειγόμενος
993 409 1119 479 πρὸς
1143 406 1408 461 Ῥάϐενναν
1447 413 1581 464 ὥστε
1623 417 1761 464 σπεί‹

1880 415 2180 470 Ravenam
2207 416 2738 483 accedens,utcum
2761 415 3014 473 Honorio
3027 413 3527 488 fmdusiniret(22)

183 498 352 547 σασθαι
373 495 631 568 Ὀνωρίῳ,
666 495 912 569 φοϐηθεὶς
944 498 1278 569 ὑποστρέφει.

234 583 344 635 Ὀτι
379 587 441 636 τὸ
491 584 698 655 Ῥήγιον
745 585 1065 658 μητρόπολίς
1112 584 1222 638 ἐστι
1264 596 1363 650 τῆς
1403 593 1642 658 Βρεττίας
1692 591 1761 657 ⁴⁸,

180 673 225 734 ἐξ
241 673 294 724 οὗ
333 691 493 744 φησιν
536 676 563 724 6
607 676 866 748 ἱστορικός
920 673 1204 746 Ἀλάριχον
1250 674 1334 727 ἐπὶ
1374 677 1602 729 Σικελίαν
1635 677 1767 750 βου-

177 761 357 832 λόμενον
383 765 746 834 περαιωθῆναι
777 763 1126 834 ἐπισχεθῆναι
1158 781 1168 792 °
1212 765 1429 836 ἄγαλμα
1451 770 1572 840 γὰρ,
1606 772 1760 838 φησὶ,

176 851 508 922 τετελεσμένον
565 853 839 923 ἱστάμενον
907 851 1133 904 ἐκώλυσε
1191 853 1240 887 ⁴⁶
1294 857 1386 910 τὴν
1456 860 1761 928 περαίωσιν·

173 941 428 993 τετέλεστο
461 938 544 1009 δε,
587 943 653 1002 ὡς
696 942 993 1013 μυθολογεῖ,
1033 944 1174 1016 παρὰ
1203 950 1302 993 τῶν
1345 941 1586 1015 ἀρχαίων
1636 945 1762 997 ἁπο-

172 1037 403 1100 τροπαιον
430 1049 487 1082 τε
516 1037 612 1082 τοῦ
639 1029 742 1082 ἀπὸ
772 1039 868 1091 τῆς
891 1033 1078 1091 Αἴτνης
1115 1036 1280 1104 πυρὸς
1319 1037 1408 1084 καὶ
1439 1038 1565 1108 πρὸς
1602 1035 1764 1085 κώλυ-

171 1137 240 1169 σιν
271 1115 510 1192 παρόδου
557 1116 654 1172 διὰ
702 1119 974 1180 θαλάσσης
1019 1117 1302 1192 βαρϐάρων
1335 1141 1348 1154 ο
1384 1120 1433 1172 ἐν
1460 1124 1560 1195 γὰρ
1588 1131 1661 1194 τῷ
1691 1124 1762 1180 ἑνὶ

168 1204 279 1259 ποδὶ
319 1215 426 1280 πῦρ
465 1207 750 1280 ἀκοίμητον
795 1208 1070 1280 ἐτύγχανε,
1118 1215 1208 1260 καί
1239 1208 1289 1260 ἐν
1321 1217 1392 1280 τῷ
1424 1209 1576 1284 ἑτέρῳ
1615 1210 1759 1286 ὕδωρ

169 1293 490 1370 ἀδιάφθορον.
541 1298 618 1348 Οὔ
646 1297 1024 1358 καταλυθέντος
1062 1297 1275 1371 ὕστερον
1319 1302 1373 1350 ἔκ
1413 1317 1467 1351 τε
1495 1308 1587 1351 τού
1635 1302 1756 1353 Αἰτ-

169 1391 296 1436 ναίου
327 1389 492 1456 πυρός
536 1391 627 1437 καὶ
673 1388 729 1437 ἑκ
767 1394 868 1437 τῶν
900 1383 1178 1459 βαρϐάρων
1228 1385 1429 1458 βλάϐας
1473 1390 1502 1445 ἡ
1557 1389 1762 1441 Σικελία

165 1471 381 1536 ἐδέξατο.
429 1474 761 1546 Κατέστρεψε
791 1471 850 1526 δὲ
879 1478 938 1526 τὸ
982 1475 1196 1546 ἄγαλμα
1234 1475 1555 1539 Ἀσκληπιὸς
1589 1479 1615 1528 6
1661 1487 1761 1530 τῶν

163 1563 203 1614 ἓν
226 1563 434 1635 Σικελίᾳ
462 1567 741 1635 κτημάτων
790 1568 1152 1616 Κωνσταντίου
1183 1570 1272 1617 καὶ
1305 1564 1597 1628 [Ιλακιδίας
1629 1565 1762 1620 διοι-

164 1657 286 1710 ut!)
297 1673 319 1713 ς
341 1654 614 1713 καταστάς
626 1697 640 1710 ,

1880 509 2038 558 metu
2068 505 2379 575 perculsus
2420 507 2674 562 revertit.

1952 593 2235 661 Rhegium
2258 595 2774 664 metropolimesse
2798 592 3309 665 (23)Bruttiorum,
3343 608 3375 647 e
3404 609 3529 666 qua

1879 680 2051 735 refert
2083 681 2401 737 historicus
2427 684 2783 748 Alarichum,
2816 685 2962 738 dum
2988 684 3048 738 in
3081 681 3338 738 Siciliam
3368 682 3530 752 traji-

1880 783 2009 823 cere
2036 775 2524 840 parat,retentum
2555 772 2968 827 fuisse.Statua
2997 773 3178 835 enim,
3198 771 3408 841 inquit,
3445 772 3529 826 in-

1879 864 2192 926 augurata,
2221 859 2302 914 ibi
2333 866 2498 914 stans
2533 860 2843 930 trajectum
2870 860 3123 915 vetabat.
3155 861 3363 915 Fuerat
3390 874 3529 916 vero

1876 943 2025 1012 haac,
2059 951 2122 1000 ut
2143 945 2462 1011 fabulatur,
2493 947 2570 1002 ab
2597 948 2856 1019 antiquis
2885 947 3265 1019 inaugurata,
3287 963 3424 1002 cum
3467 953 3532 1004 ut

1876 1036 2058 1089 Aﬂtuae
2093 1035 2309 1090 montis
2340 1036 2510 1104 ignes
2543 1041 2850 1100 averteret,
2893 1042 3020 1090 tum
3051 1041 3111 1091 ut
3163 1037 3342 1091 maris
3372 1044 3528 1092 tran-

1881 1125 1995 1178 situ
2028 1123 2316 1179 Barbaros
2343 1125 2702 1195 prohiberet.
2730 1125 2924 1181 Altero
2951 1126 3110 1181 enim
3133 1125 3285 1196 pede
3320 1139 3530 1196 perpe-

1877 1219 2043 1267 tuum
2065 1213 2290 1282 ignem,
2323 1212 2506 1268 altero
2548 1229 2683 1269 vero
2707 1229 3030 1284 perennem
3057 1229 3283 1285 aquam
3333 1220 3526 1283 gesta-

1873 1300 1996 1355 bat.
2029 1303 2105 1355 Ea
2132 1300 2307 1369 igitur
2341 1305 2536 1357 statua
2567 1301 2893 1365 confracta,
2920 1303 3161 1357 tandem
3200 1317 3273 1356 ex
3308 1301 3530 1357 zEtmeo

1874 1390 2009 1460 igne
2038 1389 2170 1460 (24),
2205 1395 2262 1444 et
2287 1405 2323 1444 a
2370 1390 2641 1446 Barbaris
2671 1391 3084 1445 detrimentum
3129 1389 3386 1446 Siciliam
3439 1405 3531 1446 ce—

1873 1479 2051 1549 pisse.
2088 1480 2363 1534 Eversam
2386 1494 2528 1534 vero
2560 1485 2817 1535 statuam
2840 1480 2920 1536 ab
2950 1479 3306 1550 lEsculapio,
3331 1479 3436 1550 qui
3467 1479 3527 1534 in

1876 1566 2068 1623 Sicilia
2092 1568 2537 1638 possessionum
2555 1566 2882 1624 Constantii
2908 1575 2964 1624 et
2981 1567 3260 1624 Placidia;
3291 1575 3529 1623 curator

1873 1661 2017 1711 erat.

223 1741 340 1793 Ὀτι
395 1746 788 1794 Κωνσταντίνου
840 1743 886 1777 ⁸⁸
928 1749 1018 1794 τοῦ
1057 1744 1308 1817 τυράννου
1349 1749 1439 1796 καί
1489 1751 1759 1797 Κώνσταν-

1944 1744 2334 1800 Constantino
2367 1749 2645 1817 tyranno,
2678 1752 2732 1801 et
2763 1748 3082 1802 Constante
3102 1745 3224 1802 filio
3256 1745 3385 1817 (qui
3408 1746 3529 1818 pri-

159 1849 234 1892 τος
281 1837 373 1882 τοῦ
424 1827 636 1892 παιδὸς,
685 1832 742 1892 ὃς
790 1836 1036 1906 πρότερον
1083 1835 1174 1901 μεν
1229 1838 1432 1906 Καῖσαρ
1485 1836 1664 1885 ἔπειτα
1703 1831 1763 1885 δὲ

162 1925 240 1971 καί
275 1917 528 1991 βασιλεὺς
561 1918 691 1992 [181-
739 1920 824 1989 R.]
872 1919 1314 1992 ἐκεχειροτόνητο,
1365 1923 1560 1972 τούτων
1604 1923 1761 1979 ἡττη-

160 2010 330 2060 θέντων
384 2012 476 2060 καὶ
525 2012 853 2080 πεφευγότων
898 2013 1158 2080 Γερόντιος
1207 2011 1233 2060 6
1292 2014 1606 2082 στρατηγὸς,
1667 2015 1759 2068 τὴν

161 2101 275 2170 πρὸς
335 2101 455 2158 τσὺς
519 2094 824 2171 βαρϐάρους
886 2095 1167 2168 ἀσμενίσας
1233 2097 1459 2169 εἰρήνην,
1523 2098 1761 2170 Μάξιμον

158 2191 233 2237 τον
287 2185 476 2237 ἑαυτοῦ
525 2183 717 2252 παῖδα,
777 2186 844 2245 εἰς
907 2191 997 2244 τὴν
1055 2194 1153 2238 τῶν
1213 2182 1538 2258 δομεστίκων
1614 2189 1762 2250 τάξιν

160 2274 410 2341 τελοῦντα,
446 2272 671 2345 βασιλέα
723 2274 1026 2349 ἀναγορεύει
1071 2296 1082 2308 ·
1134 2272 1248 2326 εἶτα
1293 2272 1574 2338 ἐπιδιώξας
1625 2283 1760 2330 Κών-

164 2382 347 2414 σταντα
405 2364 770 2435 κατεπράξατο
823 2362 1177 2438 ἀναιρεθῆναι,
1259 2370 1347 2416 καί
1399 2368 1536 2417 κατὰ
1591 2363 1762 2428 πόδας

163 2456 321 2504 εἷπετο
376 2449 587 2503 διώκων
644 2456 732 2504 καὶ
798 2455 883 2504 τὸν
939 2457 1137 2525 πατέρα
1217 2460 1624 2507 Κωνσταντῐνον.
1679 2455 1764 2507 Ἐν

161 2541 195 2610 ᾧ
245 2537 304 2592 δε
381 2549 553 2592 ταῦτα
625 2539 834 2612 ίγίνετο,
914 2543 1267 2602 Κωνστάντιος
1344 2546 1434 2593 καὶ
1505 2542 1764 2615 Ούλφιλᾶς

162 2629 560 2682 ἀποστέλλονται
636 2631 780 2702 παρὰ
832 2628 1078 2702 Ὁνωρίου
1132 2634 1269 2682 κατὰ
1345 2637 1762 2700 Κωνσταντίνου,

160 2725 238 2770 καί
284 2718 665 2778 καταλαϐοντες
714 2723 810 2776 τὴν
840 2718 1144 2792 ’Δρήλατον,
1193 2721 1316 2772 ἔνθα
1359 2723 1448 2780 τὰς
1488 2717 1762 2794 διατριϐὰς

160 2807 367 2859 ἐποιεῖτο
415 2814 807 2869 Κωνσταντίνος
849 2812 943 2859 σὺν
987 2808 1251 2878 Ἰουλιανῷ
1299 2818 1372 2879 τῷ
1410 2806 1589 2875 παιδὶ,
1635 2813 1764 2862 ταύ-

160 2914 240 2953 την
285 2896 637 2970 πολιορκοῦσι
686 2916 699 2928 ⁸

161 2984 421 3059 ἀκτήριον
507 2983 854 3059 πρεσϐύτερος
933 2990 1046 3037 τότε
1131 2993 1530 3058 χειροτονεῖται,
1597 2987 1762 3058 ὅρκων

753 2900 843 2948 καὶ
895 2903 1276 2958 Κωνσταντίνος
1323 2903 1635 2968 καταφυγὼν
1691 2898 1764 2958 εἰς

158 3074 288 3143 αὐτῷ
341 3077 474 3144 ὑπερ
529 3082 792 3148 σωτηρίας
839 3071 1093 3126 δοθέντων
1128 3093 1144 3110 ο
1172 3080 1263 3126 καὶ
1308 3082 1412 3134 τοῖς
1461 3075 1765 3147 πολιορκοῦ-

160 3182 233 3213 σιν
278 3166 335 3213 αἱ
387 3162 555 3213 πύλαι
599 3171 696 3223 τῆς
735 3162 932 3224 πόλεως
979 3162 1435 3218 ἁναπετάννυνται.
1489 3169 1588 3216 Καὶ
1636 3169 1762 3234 πέμ-

156 3270 296 3304 πεται
335 3255 436 3303 σὺν
467 3259 544 3321 τῷ
575 3253 672 3322 υἱῷ
707 3257 1093 3312 Κωνσταντίνος
1137 3256 1268 3328 πρὸς
1311 3252 1552 3325 Ὀνὼριον
1586 3274 1597 3285 ·
1632 3254 1658 3304 6
1702 3249 1762 3305 δε

152 3349 490 3410 μνησικακῶν
539 3340 717 3400 αὐτοῖς
769 3341 896 3412 ὑπὲρ
968 3350 1068 3392 τῶν
1138 3339 1361 3412 ἀνεψιῶν
1421 3341 1607 3405 αὐτοῦ,
1674 3341 1763 3404 οὓς

153 3434 406 3500 ετύγχανε
506 3435 895 3490 Κωνσταντῖνος
987 3429 1194 3500 ἀνελὼν,
1290 3434 1391 3504 πρὸ
1485 3433 1764 3502 τριάκοντα

149 3527 235 3580 τῆς
311 3517 596 3580 Ῥαϐέννης
676 3517 859 3580 μιλίων
933 3521 1078 3593 παρὰ
1151 3523 1268 3580 τοὺς
1351 3520 1533 3593 ὅρκους
1598 3539 1762 3594 προσ-

144 3613 312 3661 τάττει
371 3611 600 3668 τούτους
665 3606 1019 3679 ἀναιρεθῆναι.
1081 3613 1345 3681 Γεροντιος
1412 3605 1472 3661 δὲ
1536 3628 1764 3682 παραγε-

145 3705 366 3768 νομένων
416 3697 656 3770 Οὐλφιλᾶ
689 3695 816 3769 [107
867 3696 958 3769 [1.]
1006 3704 1097 3750 καὶ
1140 3704 1524 3751 Κωνσταντίνου
1564 3703 1760 3770 φεύγει,

147 3794 230 3839 καὶ
285 3787 671 3858 καταληφθεὶς,
741 3788 819 3838 ὅτι
885 3787 1151 3858 ἐγκρατῶς
1228 3784 1365 3862 ἦρχε
1419 3795 1512 3839 τοῦ
1569 3789 1762 3840 οἰκείου

148 3885 401 3948 στρατοῦ,
459 3877 550 3927 ὑπ’
592 3875 764 3928 αὐτῶν
814 3875 1012 3928 ἆκείνων
1057 3875 1441 3928 ἐπιϐουλεύεται
1471 3898 1482 3909 ·
1527 3885 1627 3951 πῦρ
1658 3881 1760 3952 γὰρ

145 3967 278 4016 κατὰ
322 3973 419 4024 τῆς
472 3965 644 4024 οἰκίας
715 3965 878 4017 αὐτοῦ
928 3963 1154 4036 ἀνῆψαν.
1208 3964 1266 4017 ’0
1333 3962 1392 4018 δε
1460 3969 1591 4040 πρὸς
1642 3971 1764 4028 τοὺς

147 4053 544 4116 ἀπαναστάντες
605 4062 864 4128 κρατερῶς
912 4053 1162 4126 έμάχετο,
1221 4055 1308 4106 ἕνα
1375 4059 1761 4125 συναγωνιστὴν

149 4143 284 4211 ἔχων
334 4143 554 4196 Ἀλανὸν
599 4148 658 4194 τὸ
705 4148 872 4214 γένος,
929 4143 996 4202 εἰς
1063 4140 1281 4204 δούλους
1335 4142 1495 4194 αὐτοῦ
1552 4142 1599 4177 ⁴⁷
1653 4143 1760 4214 ἀρι-

149 4232 454 4303 θμούμενον.
500 4232 658 4292 Τέλος
709 4238 796 4284 τὸν
847 4251 899 4284 τε
954 4232 1166 4285 Ἀλανὸν
1217 4237 1307 4283 καὶ
1364 4237 1458 4291 τὴν
1511 4239 1756 4304 γυναῖκα,

1872 1851 2036 1889 mum
2092 1835 2339 1905 quidem
2369 1837 2724 1908 Caesampost
2744 1836 2923 1892 etiam
2951 1835 3272 1906 imperator
3297 1842 3532 1891 creatus

1870 1921 2064 1977 fuerat
2093 1921 2278 1988 victis,
2310 1922 2574 1995 fugaque
2605 1924 2876 1995 dilapsis,
2903 1925 3215 1980 Gerontius
3247 1923 3378 1978 belli
3406 1923 3529 1978 dux

1870 2026 2009 2066 cum
2036 2011 2309 2066 Barbaris
2340 2028 2480 2083 pace
2511 2013 2704 2068 libens
2736 2013 2883 2068 inita
2922 2012 3111 2067 ﬁlium
3150 2029 3325 2067 suum
3359 2012 3532 2068 Maxi-

1873 2114 2040 2153 mum
2071 2100 2174 2172 qui
2205 2100 2357 2156 inter
2386 2102 2749 2157 domesticos
2783 2103 2895 2172 (25)
2931 2101 3380 2171 numerabatur,
3406 2104 3526 2156 Ca;-

1871 2203 2065 2243 sarem
2112 2189 2430 2245 renuntiat.
2465 2192 2852 2246 Constantem
2877 2190 3095 2245 deinde
3143 2191 3467 2254 insecutus,
3499 2204 3532 2245 e

1873 2278 2069 2334 medio
2115 2279 2367 2344 sustulit,
2401 2285 2455 2335 et
2508 2280 2762 2352 vestigia
2810 2284 3183 2344 consectans,
3245 2280 3534 2334 Constan-

1875 2367 2063 2422 tinum
2094 2383 2335 2439 quoque
2389 2374 2620 2439 patrem
2656 2369 3143 2440 persequebatur.
3192 2370 3344 2422 Dum
3402 2367 3532 2423 hac

1873 2463 2177 2525 geruntur,
2231 2456 2654 2512 Constantinus
2705 2458 2818 2528 ('26)
2863 2462 2920 2512 et
2973 2457 3238 2528 Ulphilas
3287 2457 3365 2512 ab
3421 2457 3534 2511 Ho—

1874 2546 2045 2600 norio
2075 2545 2360 2601 adversus
2391 2545 2813 2600 Contantinum
2844 2545 3009 2600 missi
3041 2563 3058 2610 ;
3092 2561 3351 2617 cumque
3392 2547 3532 2600 Are-

1873 2632 2050 2688 latem
2085 2633 2499 2704 pervenissent
2515 2635 2667 2706 58b
2695 2635 2796 2689 ubi
2823 2635 3245 2689 Constantinus
3266 2649 3406 2688 cum
3436 2634 3532 2688 Ju-

1870 2721 2032 2777 liauo
2064 2722 2182 2778 tilio
2212 2724 2446 2794 agebat,
2482 2725 2636 2783 hanc
2665 2721 2964 2778 obsident.
3001 2722 3422 2777 Constantinus
3454 2722 3527 2778 ad

1873 2811 2138 2883 templum
2152 2813 2807 2882 confugiens,sacerdos
2821 2811 3530 2882 ordinatur,jurejurando

1873 2901 1947 2957 de
1966 2902 2155 2956 salute
2187 2900 2266 2955 illi
2293 2901 2560 2967 dato;sic
2594 2902 2755 2956 urbis
2773 2906 2959 2973 porta:
2973 2900 3388 2956 obsidentibus
3418 2901 3531 2955 mi-

1871 2989 2074 3046 litibus
2105 2996 2325 3061 apertaa
2357 2996 2514 3056 sunt,
2543 2990 2883 3062 missusque
2914 2995 3004 3045 est
3031 3006 3169 3045 cum
3199 2989 3434 3045 Juliauo
3461 2990 3531 3043 ti-

1873 3077 1953 3133 lio
1983 3079 2410 3134 Constantinus
2463 3079 2538 3134 ad
2571 3079 2916 3134 Honorium.
2969 3078 3071 3136 llle
3113 3095 3246 3133 vero
3280 3077 3531 3134 minime

1872 3169 2015 3239 ipsis
2038 3168 2374 3236 ignoscens,
2411 3168 2490 3222 ob
2519 3167 2854 3223 interfectos
2901 3184 2936 3222 a
2979 3168 3370 3224 Constantino
3431 3183 3532 3223 co-

1875 3261 2088 3324 gnatos
2119 3272 2262 3311 suos
2294 3259 2430 3326 (27),
2463 3257 2540 3312 ad
2567 3257 2806 3328 triginta
2839 3259 2952 3327 (28)
3008 3274 3044 3312 a
3071 3258 3356 3312 Ravenna
3409 3255 3534 3311 mil-

1874 3343 2060 3408 liaria,
2089 3351 2294 3399 contra
2317 3344 2713 3415 jurisjurandi
2733 3344 2914 3400 ﬁdem
2944 3343 3193 3400 interﬁci
3213 3360 3315 3399 eos
3339 3343 3530 3415 jubet.

1875 3433 2184 3487 Gerontius
2215 3434 2376 3499 dein,
2405 3433 2828 3488 accedentibus
2887 3433 3121 3506 Ulphila
3151 3438 3205 3488 et
3245 3432 3535 3488 Constan-

1879 3520 2238 3591 tino,fugam
2261 3521 2556 3592 capessit:
2589 3521 3118 3594 deprehensusque
3149 3523 3312 3594 quod
3343 3523 3536 3595 impo-

1873 3609 2094 3666 tentius
2122 3611 2402 3666 exercitui
2436 3610 3293 3682 praefuisset,suoruminsidiis
3320 3611 3533 3682 petitus

1873 3705 1976 3753 est.
2021 3699 2225 3769 Ignem
2255 3699 2456 3772 itaque
2488 3701 2678 3771 ipsius
2739 3700 2972 3755 uadibus
3027 3701 3362 3770 injecerunt
3410 3715 3421 3751 :
3474 3703 3535 3754 at

1874 3787 1967 3844 ille
1992 3788 2212 3845 fortiter
2227 3789 2284 3843 in
2301 3790 2680 3844 adversarios
2709 3797 3087 3860 pugnat,uno
3106 3788 3201 3857 adj
3215 3793 3429 3843 uvante
3449 3787 3531 3842 fa-

1875 3878 2169 3949 mulo,qui
2199 3878 2420 3932 Alanus
2447 3881 2680 3933 erat.Be
2713 3886 2912 3932 tamen
2937 3877 3182 3932 tandem
3213 3875 3535 3946 desperata

1871 3965 2126 4020 Alanum
2156 3965 2343 4029 illum,
2388 3982 2676 4036 suamque
2705 3981 2948 4020 uxorem
2977 3965 3113 4036 (29),
3143 3969 3204 4019 ut
3249 3965 3362 4035 ipsi
3395 3979 3533 4034 pos-

1874 4055 2148 4121 tularant,
2193 4053 2496 4120 interimit,
2527 4070 2597 4109 ac
2627 4053 2890 4124 denique
2920 4057 3099 4109 etiam
3131 4053 3242 4108 sibi
3278 4058 3528 4107 mortem

1871 4142 2206 4198 consciscit.
2261 4142 2549 4198 Maximus
2579 4141 2707 4212 ejus
2733 4140 2914 4208 filius,
2963 4157 3024 4196 rc
3078 4140 3396 4204 intellecta,
3453 4137 3534 4196 ad

1872 4232 2193 4288 foederatos
2214 4230 2483 4300 confugit
2507 4232 2818 4286 Barbaros.

147 4329 296 4371 τοῦτο
323 4323 809 4394 προθυμουμένους,
845 4320 1061 4394 ἀναιρεῖ,
1090 4321 1508 4393 ἐπικατασφάζει
1536 4317 1595 4374 δε
1624 4327 1714 4374 καὶ
1758 4321 1958 4376 ἑαυτὸν.
2005 4320 2241 4393 Μάξιμος
2273 4317 2332 4372 δε
2373 4321 2398 4371 6
2425 4327 2548 4381 παῖς
2578 4326 2744 4372 ταῦτα
2771 4321 2948 4392 μαθὼν
2973 4322 3099 4393 πρὸς
3124 4323 3245 4380 τοὺς
3269 4320 3529 4372 ὑποσπόν-

152 4404 274 4470 δους
303 4415 486 4480 φεύγει
520 4408 848 4483 βαρϐάρους.

214 4497 333 4550 Ὀτι
369 4499 579 4560 Ἰοϐἰνος
609 4501 656 4534 ⁴⁸
687 4498 737 4550 έν
769 4495 1087 4570 Μουνδιακῷ
1131 4501 1176 4534 ⁸⁸
1217 4508 1311 4560 τῆς
1358 4498 1531 4573 ἐτέρας
1567 4505 1762 4572 Γερμα-

153 4591 254 4646 νίας
295 4593 436 4640 κατὰ
485 4585 730 4647 σπουδὴν
787 4590 836 4622 ⁵ο
891 4593 1037 4661 Γὼαρ
1089 4595 1180 4641 τοῦ
1232 4588 1454 4644 Ἀλανοῡ
1501 4594 1592 4641 καὶ
1637 4595 1762 4641 Γυν-

154 4683 375 4748 rupis»,
425 4679 486 4739 ὃς
541 4677 811 4751 φύλαρχος
861 4675 1189 4752 ἐχρημάτιζε
1233 4686 1333 4729 τῶν
1386 4684 1759 4752 Βουργουντιό-

1947 4499 2216 4556 Jovinius
2243 4498 2406 4571 apud
2431 4497 2807 4555 Mundacium
2824 4497 3277 4571 (30)Germaniaa
3290 4497 3529 4554 alterius

1873 4590 2105 4655 urbem,
2133 4588 2329 4644 studio
2359 4587 2570 4644 Goaris
2631 4588 2821 4653 Alani,
2862 4593 2920 4644 et
2959 4587 3228 4644 Guntiari
3259 4587 3529 4657 Burgun-

1870 4678 2103 4734 diorum
2134 4676 2397 4750 praefecti
2432 4681 2724 4748 tyrannus
2754 4681 2989 4732 creatus
3020 4681 3128 4733 est.
3169 4674 3274 4732 Cui
3317 4679 3380 4731 ut
3399 4689 3527 4732 sese

1509 4819 1738 4876 VARLE
1777 4819 2182 4877 LECTIONES.

159 5011 168 5018 .
221 4945 267 5018 ξδ
301 4949 570 5018 Βρετανίας
596 4965 651 5009 ς’.
733 4945 784 4980 ⁸⁵
815 4943 1001 5018 ἓκώλυε
1029 4965 1085 5018 gf

155 5012 352 5073 infra.‘
404 5017 451 5051 δ’
483 5023 864 5088 Μογουντιακῷ
895 5015 1284 5073 Hmschelius.

1163 4945 1211 5017 ‘3
1238 4944 1632 5017 Kmqravrivoy
1665 4951 1850 5017 pr.-'A.
1883 4948 2245 4998 Κωνσταντίου
2277 4959 2429 5002 corr.

1365 5016 1413 5051 ⁵ο
1447 5013 1686 5074 σπονδὴν
1714 5023 1778 5071 Α.

2523 4945 2572 4980 ⁸⁷
2603 4942 2742 5015 αύτῷ
2776 4964 2832 5008 ς’.
2932 4943 2980 4978 ⁴⁸
3010 4941 3238 5006 ’Ῑωϐῖνος
3269 4964 3326 5012 ς’,
3360 4941 3444 4999 sic
3467 4946 3525 5000 et

1725 5142 1958 5200 ΝΟΤίΕ.

215 5265 332 5338 (22)
365 5270 536 5323 Anno
566 5267 781 5324 Christi
811 5270 934 5323 litt.
972 5269 1098 5326 Car.
1139 5266 1340 5337 Sigon.

211 5342 330 5414 (23)
362 5341 624 5414 Qmuino
655 5344 896 5414 Βρεττίας
926 5340 1242 5409 legendum
1278 5341 1397 5394 hic.

211 5407 330 5478 (24)
362 5411 446 5466 Ex
477 5427 633 5467 vana
663 5407 888 5466 scilicet
916 5407 1647 5482 gentiumgsuperstitione.

210 5488 333 5546 (25)
360 5483 440 5537 De
469 5483 817 5538 Domesticis
848 5479 1141 5538 videndus
1173 5479 1516 5552 CurOpalat.
1551 5481 1760 5537 libello

141 5549 478 5636 delofticial.
499 5554 958 5636 Constantinop.
985 5553 1226 5636 Brisson
1249 5549 1527 5634 inl'ex'ico,
1549 5559 1605 5610 et
1631 5553 1754 5610 alii.

209 5624 332 5704 (ᾧ)
362 5626 525 5684 idem
550 5627 659 5700 qui
686 5624 1018 5683 Placidiam
1050 5630 1265 5698 postea
1291 5624 1610 5698 conjugem
1659 5641 1758 5683 ac-

141 5703 327 5768 cepit.
1697 5749 1704 5754 .

1943 5268 2054 5340 (27)
2085 5268 2479 5325 Verenianum
2509 5283 2580 5324 ac
2606 5266 2931 5338 Didymum
2963 5265 3256 5340 intelligit,
3282 5264 3523 5340 diequi-

1871 5337 1982 5420 ξμς
2004 5337 2278 5404 Zosimus
2325 5348 2504 5411 atque
2533 5337 2918 5405 Sozomenus,
2973 5343 3032 5420 et
3061 5353 3135 5394 ex
3165 5338 3260 5394 bis
3315 5337 3518 5409 Sigon.

1867 5410 1970 5466 lib.
2003 5427 2060 5466 χ.

1937 5483 2050 5556 (28)
2085 5481 2178 5556 ἐξά
2210 5481 2484 5556 Mincium
2526 5480 2772 5556 flumen,
2816 5481 3018 5551 Sigon.

1964 5551 2050 5624 29)
2078 5553 2477 5610 Nonniohiam
2519 5554 2645 5624 car.
2687 5551 2889 5624 Sigon.
2936 5555 3124 5624 vocat.

1964 5553 2037 5608 29'
2078 5553 2477 5610 Nonniohiam
2519 5554 2645 5608 Car.
2687 5553 2889 5624 Sigon.
2936 5555 3124 5608 vocat.

1937 5553 2050 5699 ἕως
2076 5624 2522 5698 Moguntiacum
2542 5620 2801 5682 debebat
2829 5623 3085 5681 scribere
3106 5623 3446 5698 Olympiod.
