4036 6214
467 242 572 309 263

1674 240 1912 307 PHOTII
1954 240 2433 308 PATRIAHCHE
2491 240 2601 307 CP.

3717 242 3820 307 261

468 378 823 451 adjungeret
866 376 1181 449 Adaulpho
1212 381 1418 435 auctor
1446 377 1558 433 fuit
1596 377 1839 433 Attalus.
1885 379 1953 433 Et
1980 393 2113 434 vero

2232 398 2328 428 νων
2359 378 2427 443 ⁸¹,
2464 380 2711 451 τύραννος
2748 374 3089 450 ἀνηγορεύθη.
3122 376 3261 450 Πρὸς
3284 373 3339 427 ὃν
3368 374 3417 411 ⁸³
3442 379 3825 449 παραγενέσθαι

466 469 560 524 hic
586 485 726 524 cum
751 466 940 538 copiis
969 467 1045 521 ad
1080 466 1246 522 illum
1266 482 1326 521 se
1340 465 1584 522 confert.
1616 466 1890 521 Jovinius
1918 472 2119 521 tamen

469 558 764 629 Adaulphi
796 556 1055 611 adventu
1086 556 1368 620 offensus,
1401 555 1675 618 obscure,
1722 562 1776 610 et
1813 554 1985 610 veluti
2018 572 2120 627 per

469 647 789 716 aenigmata
808 643 1511 715 Attalumaccusat;quod
1540 643 1865 698 adventum
1899 644 2120 698 suasis-

471 741 577 789 set.
604 737 782 789 Sarus
823 734 934 803 (31)
977 732 1113 787 item
1160 733 1235 787 ad
1266 732 1569 787 Jovinium
1629 740 1910 787 venturus
1944 739 2065 787 erat
2101 749 2113 797 ;

468 825 572 878 sed
603 821 955 893 Adaulphus
986 824 1223 890 cognita
1239 820 1609 886 re,collectus
1632 822 1835 876 decem
1853 821 2116 876 millibus

468 911 1015 975 militum,occurrit
1047 914 1212 973 Saro,
1232 912 1388 964 viros
1418 911 1748 965 octodecim
1780 914 1883 965 aut
1911 910 2115 981 viginti

467 1001 628 1073 apud
662 1018 722 1055 se
750 1001 985 1055 habenti
1019 1016 1199 1071 quem
1233 1006 1397 1069 gesta
1457 999 1715 1063 heroica,
1774 1007 1831 1053 et
1872 1007 2116 1070 stupore

467 1091 652 1159 digna
682 1088 955 1145 edentem
982 1089 1117 1159 (32),
1153 1088 1336 1143 scutis
1372 1086 1671 1153 adhibitis,
1732 1088 1930 1143 vivum
1962 1104 2116 1158 aegre

468 1194 679 1251 capere
706 1184 1042 1249 potuerunt,
1086 1176 1451 1247 tandemque
1499 1178 1801 1231 occidunt.
1855 1178 2115 1231 Descive-

467 1275 561 1323 rat
588 1274 787 1323 autem
819 1266 896 1321 ab
925 1266 1180 1321 Honorio
1204 1266 1403 1330 Sarus,
1435 1264 1640 1320 audito
1657 1264 1997 1320 Belleridem
2015 1265 2119 1321 do-

467 1358 781 1413 mesticum
814 1371 991 1410 suum
1022 1353 1379 1409 interfectum
1410 1373 1426 1424 ;
1454 1353 1680 1409 nullam
1721 1359 1918 1409 tamen
1938 1354 2117 1409 caedis

467 1447 759 1503 rationem
780 1445 1022 1499 duxisse
1042 1444 1599 1515 imperatorem,nec
1618 1444 1677 1498 in
1700 1459 2114 1515 percussorem

466 1535 824 1607 inquirendo
876 1532 1229 1587 vindicasse.

538 1624 733 1680 Refert
758 1626 893 1677 item
933 1622 1005 1676 de
1036 1621 1283 1687 Donato,
1308 1625 1363 1677 et
1390 1621 1639 1688 Hunnis,
1667 1620 1862 1692 deque
1905 1636 2116 1690 regum

467 1714 579 1784 (33)
620 1728 826 1768 eorum
851 1710 1175 1779 sagittandi
1215 1712 1445 1781 peritia.
1482 1711 1754 1780 Seipsum
1797 1711 1872 1765 ad
1901 1710 2031 1765 illos
2061 1716 2119 1765 et
2146 1734 2189 1788 Β

467 1807 1088 1865 Donatum,oratorem
1123 1801 1378 1854 missum
1411 1800 1660 1869 scriptor
1685 1798 2116 1870 ait;multisque

466 1893 649 1948 maris
704 1890 1039 1952 erronibus,
1092 1888 1488 1959 periculisque
1522 1888 1833 1956 jactatum,
1898 1889 2116 1957 tragice

465 1979 989 2035 narrat.Donatum
1002 1976 1273 2047 quoquej
1286 1975 1405 2045 urej
1417 1977 1646 2029 urando
1662 1975 2113 2032 circumventum

467 2076 674 2124 contra
701 2068 787 2122 fas
816 2065 1157 2136 jugulatum
1212 2080 1344 2117 esse
1382 2080 1392 2117 :
1428 2070 1484 2118 et
1522 2064 1917 2120 Charatonem
1966 2067 2117 2121 inter

464 2172 635 2225 reges
657 2156 941 2227 primum,
955 2152 1033 2206 ob
1048 2152 1270 2208 caedem
1286 2152 1376 2206 ira
1397 2151 1813 2216 incensum,im
1824 2151 2115 2223 peratoris

464 2245 638 2301 donis
655 2260 891 2299 rursum
926 2241 1284 2309 mitigatum,
1312 2243 1736 2311 placatumque
1754 2238 1932 2295 fuisse
1960 2240 2115 2311 590

468 2336 534 2389 Et
563 2334 691 2387 htec
717 2332 962 2403 quidem
990 2328 1632 2401 primaoperisdecade
1646 2330 2041 2384 continentur.

535 2507 793 2561 Alteram
827 2520 966 2560 vero
998 2504 1137 2559 hinc
1179 2503 1539 2575 auspicatur.
1573 2503 1820 2559 Jovinus
1873 2503 2115 2560 fratrem

465 2612 636 2651 suum
657 2594 1281 2656 Sebastianum,invito
1308 2591 1645 2662 Adaulpho,
1690 2592 2115 2663 imperatorem

466 2700 695 2748 creans,
730 2685 789 2738 in
827 2684 955 2752 ejus
984 2682 1189 2736 odium
1225 2680 1488 2736 incurrit.
1522 2680 1875 2753 Adaulphus
1915 2684 2115 2753 itaque

464 2790 570 2847 per
596 2772 989 2829 internuntios
1028 2772 1224 2841 capita
1253 2785 1315 2825 se
1341 2773 1733 2841 tyrannorum
1769 2772 2113 2836 missurum,

466 2877 801 2935 pacemque
831 2861 1114 2915 initurum
1146 2858 1402 2913 Honorio
1426 2858 1752 2929 pollicetur.
1780 2860 1838 2915 Hi
1865 2861 2115 2915 domum

467 2960 531 3007 ut
561 2952 942 3014 redierunt,et
980 2948 1401 3018 jusjurandum
1430 2948 1759 3018 praestitum
1791 2950 2113 3018 est,Sebas-

467 3042 608 3096 tiani
650 3054 791 3095 mox
812 3042 993 3107 caput
1020 3036 1358 3107 imperatori
1380 3036 1641 3090 mittitur.
1667 3037 1910 3091 Jovinus
1936 3038 2112 3092 etiam

466 3130 592 3199 ipse
616 3129 694 3183 ab
734 3125 1048 3195 Adaulpho
1061 3127 1342 3178 obsessus
1357 3140 1417 3177 se
1431 3123 1676 3193 dedidit,
1688 3124 2024 3198 missusque
2038 3127 2116 3181 ad

464 3218 888 3287 imperatorem
932 3218 1018 3267 est
1054 3228 1065 3265 :
1095 3227 1274 3283 quem
1308 3212 1623 3266 Dardanus
1666 3213 1975 3283 praefectus
2006 3232 2119 3271 sua

466 3319 653 3359 manu
680 3302 1037 3372 percutiens,
1057 3300 1357 3364 interimit,
1388 3300 1695 3371 utriusque
1734 3308 1916 3373 caput
1952 3310 2117 3359 extra

468 3388 1624 3460 Carthaginem(34)palisinﬁxumzubiet
1651 3390 2019 3447 Constantini
2046 3410 2116 3448 ac

465 3480 681 3535 Juliani
713 3484 890 3534 antea
919 3483 1211 3532 resectum
1242 3493 1255 3543 ;
1288 3476 1587 3531 Maximini
1625 3478 1764 3532 item
1778 3480 2112 3551 etEugenii,

467 3570 569 3642 qui
601 3568 716 3623 sub
746 3566 1076 3621 Theodosio
1100 3580 1321 3635 magno
1349 3566 1727 3636 tyrannidem
1746 3568 2111 3636 aﬂ‘ectantes,

467 3657 750 3715 eumdem
790 3660 928 3709 sunt
975 3656 1196 3709 exitum
1241 3654 1447 3709 sortiti.
1493 3655 1855 3712 Postulatum
1896 3665 1983 3713 est
2037 3659 2115 3714 ab

467 3743 1007 3817 Adaulpho,studio
1038 3742 1300 3798 maxime
1328 3744 1649 3799 Constantii
1680 3744 1804 3815 ejus
1831 3748 1930 3816 qui
1952 3747 2113 3804 illam

466 3844 678 3909 postea
702 3849 944 3889 uxorem
973 3833 1160 3898 duiut,
1185 3831 1503 3886 Placidiam
1530 3848 1715 3903 quam
1734 3836 1896 3906 apud
1928 3852 1991 3893 se
2005 3839 2115 3893 Ro-

468 3941 581 3981 mae
619 3930 855 3995 captam
903 3920 1185 3989 habebat,
1247 3920 1505 3976 Honorio
1536 3921 1699 3977 fratri
1733 3930 1792 3978 ut
1821 3925 2111 3983 redderet.

469 4016 581 4072 Sed
593 4014 756 4086 quod
771 4010 1084 4081 Adaulpho
1098 4010 1392 4081 promissu
1403 4054 1416 4078 ,
1427 4013 1755 4081 praisertim
1769 4014 1841 4068 de
1855 4018 2116 4073 curanda

466 4120 729 4169 annona,
762 4101 1020 4173 perfecta
1046 4115 1166 4155 non
1197 4099 1666 4172 fuissent,neque
1694 4103 1892 4173 ipsam
1920 4106 2115 4161 reddi-

466 4194 569 4258 dit,
602 4199 657 4247 et
683 4206 892 4263 pacem
920 4189 1077 4243 bello
1098 4194 1572 4244 commutaturus
1604 4191 1933 4248 videbatur.

2150 3080 2189 3137 C

537 4362 887 4434 Adaulphus
911 4378 1075 4432 ergo,
1106 4378 1239 4418 cum
1281 4363 1537 4419 Placidia
1575 4370 1953 4439 repeteretur,
1998 4368 2114 4425 fru-

464 4432 750 4511 mentum—
790 4452 1052 4508 vicissim
1105 4452 1233 4524 ipse
1289 4451 1652 4522 promissum
1693 4455 1875 4526 petiit.
1934 4458 2112 4528 Cujus
2145 4432 2189 4485 Ι)

464 4542 828 4609 conferendi,
858 4541 967 4598 etsi
993 4541 1096 4614 qui
1134 4541 1534 4614 promiserant
1595 4545 1833 4615 copiam
1884 4548 2111 4604 nullam

462 4634 773 4701 haberent,
855 4631 1041 4688 nihilo
1094 4636 1291 4687 tamen
1346 4632 1538 4686 secius
1605 4635 2006 4703 consentiunt,
2062 4637 2112 4693 si

461 4724 782 4780 Placidiam
809 4722 1154 4793 reciperent,
1206 4726 1611 4791 accepturum.
1645 4722 1733 4777 Ad
1769 4739 1905 4795 qua:
1937 4726 2114 4782 simili

461 4812 582 4870 fere
608 4818 665 4868 et
688 4813 814 4883 ipse
835 4812 1133 4866 Barbarus
1165 4810 1543 4866 simulatione
1574 4810 1862 4869 utebatur.
1916 4815 2114 4873 Mess»

460 4902 863 4964 liaminterea,
877 4901 960 4955 sic
989 4900 1213 4955 dictam
1228 4898 1439 4955 urbem
1470 4898 1793 4973 profectus,
1809 4901 1950 4960 dolo
1976 4920 2111 4963 eam

2233 466 2481 526 ”Ατταλος
2531 462 2853 537 Ἀδαοῡλφον
2900 472 3139 536 παραινεῖ
3170 487 3181 497 ·
3230 469 3321 516 καὶ
3372 470 3715 538 παραγίνεται
3753 469 3825 535 ⁵³,

2229 556 2338 627 ἅμα
2367 563 2456 607 τοῦ
2488 555 2735 617 πλήθους.
2774 560 2873 607 Καὶ
2904 553 3113 616 Ἰοϐῑνος
3145 552 3352 607 ἀνιᾶται
3378 552 3459 606 ἐπὶ
3485 562 3547 626 τῇ
3572 552 3828 609 Ἀδαουλ-

2229 664 2323 715 τρου
2367 650 2651 716 παρουσίᾳ,
2696 650 2785 696 καὶ
2835 649 3089 716 μέμφεται
3142 641 3214 695 δι’
3260 644 3575 714 αἰνιγμάτων
3617 653 3685 716 τῷ
3732 666 3831 698 πα-

2224 739 2521 807 ραινέσαντι
2556 734 2798 805 Ἀττάλῳ
2842 738 2934 791 την
2977 734 3172 805 ἄφιξιν.
3221 738 3320 785 Καὶ
3352 736 3504 805 Σάρος
3549 731 3609 786 δε
3653 734 3829 806 ἔμελλε

2227 828 2350 896 πρὸς
2411 823 2619 877 Ἰοϐῑνον
2671 826 3055 898 παραγενέσθαι
3089 844 3101 855 ·
3148 822 3252 875 ἀλλ’
3300 820 3625 895 Ἀδαουλφος
3668 833 3829 877 τοᾶτο

2225 915 2404 983 μαθὼν
2450 914 2883 987 προϋπαντιάζει,
2931 910 3183 983 χιλιάδας
3237 909 3367 964 δέκα
3418 921 3833 984 συνεπαγόμενος

2228 1009 2554 1075 στρατιώτην
2586 1004 2653 1066 ⁵⁸,
2703 1006 2881 1073 ἔχοντι
2928 1000 3127 1074 ἄνδρας
3157 1008 3272 1073 περὶ
3304 1002 3457 1054 αὐτὸν
3486 1000 3722 1076 [Ἀσάρω
3754 1002 3832 1076 ⁵³]

2228 1088 2589 1143 ὀκτωκαίδεκα
2637 1092 2667 1149 ἡ
2725 1097 2813 1143 καὶ
2881 1094 3099 1145 εῖκοσιν.
3161 1091 3253 1143 ’ον
3310 1093 3433 1163 ἔργα
3480 1093 3684 1165 ἠρωῑκά
3735 1099 3835 1145 καὶ

2229 1181 2499 1250 θαυμάσαι
2549 1180 2672 1241 ἄξια
2723 1177 3107 1251 ἐπιδειξάμενον
3162 1180 3306 1251 μολις
3357 1199 3563 1240 σοκκοις
3621 1183 3669 1215 ⁵⁸
3702 1180 3835 1243 ἐζώ-

2226 1287 2452 1339 γρησαν,
2501 1274 2590 1320 καὶ
2631 1268 2846 1340 ὕστερον
2885 1267 3177 1341 ἀναιροῦσι.
3214 1272 3373 1343 Σάρος
3419 1266 3471 1321 δ’
3503 1266 3563 1327 ἦν
3595 1269 3836 1332 ἀποστὰς

2225 1356 2493 1431 Ὀνωρίου,
2546 1360 2625 1410 ὅτι
2683 1353 3007 1431 Βελλερίδου,
3056 1358 3111 1418 ὃς
3182 1354 3241 1415 ἦν
3295 1358 3435 1429 αὐτῷ
3490 1355 3833 1431 δομέστικος,

2230 1446 2574 1521 ἀναιρεθέντος
2624 1443 2797 1507 οὐδεὶς
2853 1446 3005 1518 λόγος
3062 1454 3134 1515 τῷ
3194 1445 3405 1518 βασιλεῖ
3454 1457 3549 1510 τῆς
3619 1447 3839 1521 ἀναιρέ-

2230 1554 2359 1597 σεως
2383 1532 2505 1588 οὐδὲ
2530 1543 2620 1587 τοὺ
2650 1540 2801 1607 φονου
2832 1540 3028 1606 γίνεται
3053 1538 3100 1571 ⁸⁷
3138 1536 3428 1608 εἰσπραξις.

2295 1623 2415 1676 Ὀτι
2480 1622 2817 1697 διαλαμϐάνει
2895 1630 3013 1697 περὶ
3084 1627 3306 1677 Δονάτου
3378 1630 3466 1676 καὶ
3528 1630 3645 1696 περὶ
3725 1634 3836 1677 τῶν

2227 1716 2452 1777 Οὔννων,
2501 1719 2591 1765 καὶ
2648 1719 2766 1788 περὶ
2818 1722 2915 1765 τῶν
2961 1715 3136 1787 ρηγών
3186 1714 3354 1766 αὐτῶν
3399 1722 3493 1775 τῆς
3546 1714 3839 1787 εὐφυεστά-

2226 1822 2321 1862 της
2376 1802 2594 1872 τοξείας,
2665 1807 2752 1854 καὶ
2809 1804 2876 1863 ὡς
2952 1807 3080 1874 πρὸς
3140 1803 3329 1865 αὐτοὺς
3381 1810 3469 1855 καὶ
3527 1805 3743 1856 Δονάτον
3810 1807 3835 1856 ὁ

2228 1894 2488 1964 ἱστορικὸς
2536 1890 2811 1963 ἐπρέσϐευε
2862 1911 2873 1922 ’
2904 1895 2993 1942 καὶ
3043 1896 3135 1949 τὴν
3182 1889 3275 1943 διὰ
3342 1891 3613 1954 θαλάσσης
3661 1893 3838 1946 αὐτοῦ

2224 1981 2420 2037 πλάνην
2452 1976 2775 2052 ἐκτραγῳδεῖ
2820 1984 2909 2031 καὶ
2950 1983 3034 2032 τὸν
3073 1977 3331 2033 κίνδυνον.
3388 1986 3487 2034 Καὶ
3519 1983 3660 2043 ὅπως
3690 1984 3839 2055 ὅρκῳ

2227 2072 2445 2130 Δονάτος
2546 2067 2832 2129 ἀπατηθεὶς
2924 2066 3189 2137 έκθέσμως
3277 2068 3658 2141 ἀποσφάζεται,

2227 2160 2365 2218 ὅπως
2396 2159 2650 2227 Χαράτων
2695 2158 2720 2209 ὁ
2752 2166 2848 2208 τῶν
2877 2158 3049 2230 ῥηγὼν
3092 2165 3295 2228 πρῶτος
3334 2156 3417 2209 ἐπὶ
3455 2166 3526 2228 τῷ
3575 2166 3710 2231 φόνῳ
3764 2162 3841 2221 εἰς

3738 2078 3840 2123 καὶ

2229 2248 2389 2317 θυμὸν
2416 2244 2717 2311 ἀνάπτεται,
2750 2246 2887 2307 ὃπως
2909 2264 2963 2297 τε
2981 2245 3136 2297 πάλιν
3164 2244 3458 2318 βασιλικοῖς
3483 2243 3679 2319 δώροις
3708 2245 3745 2301 δ
3753 2269 3843 2301 ια-

2226 2334 2506 2405 πραΰνεται
2536 2339 2624 2385 καὶ
2655 2333 2926 2405 ἡσυχάζει
2960 2354 2973 2367 ·
2999 2332 3046 2385 έν
3070 2334 3147 2395 οἷς
3170 2340 3259 2387 καί
3284 2336 3313 2392 ἡ
3347 2340 3525 2408 πρώτη
3560 2344 3650 2396 τῆς
3683 2339 3840 2389 ἱστο-

2224 2427 2343 2496 ρίας
2372 2419 2672 2492 δεκάλογος.

2297 2511 2557 2586 Ἀρχεται
2602 2508 2662 2564 δε
2704 2514 2732 2569 ἠ
2787 2508 3007 2587 δευτέρα
3044 2509 3168 2578 ὧδε,
3225 2515 3301 2565 ὅτι
3347 2512 3552 2575 Ἰοϐῖνος
3590 2515 3637 2549 ⁸⁸
3683 2521 3843 2588 ποιρὰ

2225 2607 2435 2672 γνώμην
2478 2598 2805 2672 Ἀδαούλφου
2844 2604 2930 2652 τὸν
2971 2598 3108 2653 ῖδιον
3144 2598 3361 2673 ἀδελφὸν
3406 2602 3747 2656 Σεϐαστιανον
3786 2606 3839 2638 ⁵9

2229 2688 2452 2761 βασιλέα
2485 2694 2859 2762 χειροτονήσας
2888 2690 2960 2749 εἰς
3002 2692 3198 2763 ἔχθραν
3230 2688 3535 2762 Ἀδαούλφῳ
3569 2696 3837 2749 κατέστη.

2231 2784 2330 2831 Καὶ
2404 2783 2593 2850 πέμπει
2669 2776 2993 2851 Ἀδαουλφος
3064 2784 3193 2853 πρὸς
3255 2780 3495 2853 Ὀνώρίον
3541 2781 3671 2854 [185
3732 2780 3838 2854 8.]

2227 2866 2480 2939 πρέσϐεις,
2525 2869 2888 2939 ὑποσχομενος
2926 2870 3016 2929 τάς
3059 2887 3111 2919 τε
3150 2877 3249 2919 τῶν
3292 2871 3551 2942 τυράννων
3601 2868 3841 2941 κεφαλὰς

2227 2962 2315 3008 καὶ
2371 2956 2577 3029 εἰρήνην
2634 2958 2795 3027 άγειν.
2849 2962 2947 3007 *Ων
3000 2957 3434 3031 ὑποστρεψάντων
3505 2963 3594 3010 καὶ
3663 2961 3838 3031 ὅρκων

2226 3048 2637 3117 μεσιτευσάντων
2692 3044 3035 3098 Σεϐαστιανοῡ
3086 3050 3174 3118 μὲν
3221 3052 3478 3119 πέμπεται
3524 3056 3596 3118 τῷ
3655 3047 3838 3119 βασι-

2225 3133 2357 3191 λεῖή
2393 3133 2607 3205 κεφαλὴ,
2650 3135 2858 3195 Ἰοϐἰνος
2903 3132 2962 3187 δι
3004 3136 3103 3187 ὑπὸ
3149 3132 3476 3208 Ἀδαούλφου
3520 3136 3839 3209 πολιορκού-

2225 3241 2374 3294 μενος
2426 3222 2606 3274 ἑαυτὸν
2658 3219 2938 3277 ἐκδίδωσι.
3003 3230 3102 3277 Καὶ
3158 3229 3411 3296 πέμπεται
3465 3224 3701 3287 κάκεῖνος
3751 3234 3833 3277 τῶ

2226 3310 2458 3383 βασιλεῖ,
2490 3313 2543 3362 ὃν
2572 3312 2891 3373 αὑθεντήσας
2935 3309 3195 3387 Δάρδανος
3243 3316 3268 3365 ὁ
3313 3317 3538 3389 ἔπαρχος
3570 3313 3783 3387 ἀναιρεῖ
3817 3337 3831 3349 ·

2224 3406 2311 3451 καὶ
2364 3399 2691 3453 ἀποτίθενται
2762 3402 2915 3473 ἄμφω
2986 3405 3040 3453 αὶ
3098 3403 3312 3473 κεφαλαὶ
3383 3406 3721 3478 Καρθαγένης
3779 3406 3832 3439 ⁶⁰

2224 3488 2425 3555 ἔξωθεν,
2476 3488 2597 3543 ἔνθά
2648 3496 2738 3542 καὶ
2782 3493 2810 3549 ἡ
2861 3497 3251 3545 Κωνσταντίνου
3300 3497 3389 3544 καὶ
3444 3494 3473 3550 ἡ
3540 3492 3833 3546 Ἰουλιανοῡ

2225 3577 2599 3650 ἀπετμήθησαν
2628 3586 2894 3654 πρότερον,
2947 3583 2976 3639 ἦ
3023 3600 3077 3633 τε
3116 3582 3407 3654 Μαξιμίνου
3455 3587 3543 3633 καὶ
3590 3584 3619 3639 ἠ
3658 3582 3830 3654 Εὐγε-

2222 3671 2356 3733 νίου,
2397 3666 2444 3719 οἱ
2487 3666 2570 3721 ἐπὶ
2600 3664 2885 3721 Θεοδοσίου
2926 3677 3019 3721 τοῦ
3069 3671 3305 3741 Μεγάλου
3352 3667 3625 3745 τυραννίδι
3656 3669 3830 3723 ἐπιθέ-

2222 3774 2365 3827 μενοι
2416 3755 2487 3817 εἰς
2531 3764 2683 3809 τοῦτο
2728 3757 2898 3818 τέλους
2945 3759 3320 3832 κατέστρεψαν.
3378 3758 3703 3832 Ἀδαοῡλφος
3761 3756 3825 3813 δι

2225 3841 2515 3897 Πλακιδίαν
2583 3844 2830 3917 ἀπῃτεῖτο
2904 3851 3040 3899 κατὰ
3091 3844 3331 3907 σπουδὴν
3390 3848 3625 3921 μάλιστα
3685 3855 3828 3902 Κων-

2226 3938 2517 3999 σταντίνου,
2546 3934 2601 3993 ὃς
2630 3935 2673 3969 σί
2704 3935 2918 4010 ὕστερον
2950 3936 3081 4009 αὐτῇ
3127 3944 3217 3989 καὶ
3244 3937 3315 3997 εἰς
3344 3941 3542 4010 γάμους
3572 3938 3775 4001 ἔζευξεν
3810 3960 3826 3973 ·

2224 4020 2352 4075 ἀλλά
2388 4030 2488 4074 τῶν
2536 4026 2660 4097 πρὸς
2711 4021 3029 4097 Ἀδαοῡλφον
3078 4027 3418 4098 ὑποσχέσεων
3466 4032 3539 4099 μὴ
3586 4046 3829 4100 περαινο-

2222 4114 2383 4182 μένων
2414 4112 2483 4176 ⁶²,
2514 4116 2606 4163 καὶ
2636 4112 2868 4179 μάλιστα
2912 4122 3003 4173 τῆς
3052 4120 3419 4187 σιτοπομπίας,
3466 4120 3583 4168 οὔτε
3625 4122 3827 4175 ταύτην

2224 4195 2482 4251 ἀπεδίδου
2508 4204 2597 4251 καὶ
2627 4200 2697 4262 εἰς
2725 4204 2911 4273 μάχην
2940 4202 3149 4273 ἐμελέτα
3178 4206 3225 4239 ⁸³
3254 4207 3317 4257 τὰ
3341 4212 3437 4266 τῆς
3462 4205 3675 4278 είρώνης
3704 4204 3826 4259 δια-

2222 4288 2459 4342 λύεσθαι.

2292 4376 2409 4429 Ὀτι
2461 4374 2785 4451 Ἀδαοῡλφος
2835 4379 3210 4454 ἀπαιτούμενος
3271 4380 3562 4436 Πλακιδίαν
3627 4382 3831 4437 ἀνταπ-

2224 4471 2334 4539 ῄτει
2386 4470 2470 4519 τὸν
2546 4469 2819 4541 ὁρισθέντα
2872 4470 3000 4543 [108
3063 4471 3159 4545 Η.]
3240 4480 3402 4525 σῖτον.
3477 4472 3709 4547 ’Δπόρων
3771 4471 3825 4528 δ’

2224 4559 2378 4607 ὄντων
2410 4564 2507 4608 τῶν
2536 4558 2912 4631 ὑποσχομένων
2944 4560 3015 4623 εἰς
3038 4564 3097 4612 τὸ
3142 4558 3344 4628 δοῦναι,
3378 4557 3529 4614 οὐδὲν
3579 4559 3638 4616 δε
3664 4564 3829 4620 ἧττον

2224 4644 2624 4717 ὁμολογούντων,
2658 4647 2702 4699 εἰ
2738 4647 2936 4702 λάϐοιεν
2987 4646 3297 4716 Πλακιδίαν,
3354 4660 3674 4726 παρασχεῖν,
3733 4659 3831 4706 καὶ

2223 4734 2249 4784 ό
2306 4732 2569 4807 βάρϐαρος
2616 4738 2683 4787 τὰ
2724 4738 2878 4809 ὃμοια
2920 4739 3236 4812 ὑπεκρίνετο,
3287 4745 3375 4793 καὶ
3417 4744 3547 4816 πρὸς
3598 4744 3833 4797 Μασσαο

2222 4821 2357 4891 λίαν,
2406 4823 2551 4876 πόλιν
2603 4824 2737 4877 οὕτω
2795 4826 3134 4900 καλουμένην,
3210 4835 3621 4904 παραγενόμενος
3683 4828 3831 4904 δόλῳ

2222 4914 2417 4971 ταύτην
2468 4912 2639 4967 λαϐεῖν
2692 4914 2931 4978 ἤλπιζεν.
2987 4916 3147 4972 Ἔνθα
3207 4918 3421 4992 πληγεὶς
3494 4922 3831 4993 Βονηφατίου

1802 5043 2044 5101 VARUE
2079 5049 2486 5113 LECTIONES.

534 5194 578 5228 δι
608 5190 1016 5265 Βουργυντιόνων
1046 5207 1099 5251 ς’.
1171 5181 1349 5265 ξ’βν]
1383 5182 1466 5244 οὓς
1490 5188 1827 5265 rc._:A‘:_pr.
1858 5193 2016 5249 enim
2044 5210 2165 5251 om.

463 5280 553 5349 pr.
577 5266 645 5320 A.
709 5258 767 5297 ’⁵⁸
800 5264 1015 5320 σάκκοις
1036 5279 1091 5323 ς’·
1168 5258 1211 5292 ⁵⁷
1237 5259 1430 5349 ἐσχίζετο
1456 5277 1509 5349 ς’ς
1589 5258 1635 5291 ⁸⁸
1661 5258 1903 5347 ἰοϐιοςβ.
1925 5332 1946 5349 ³
1982 5266 2028 5299 ⁵³
2059 5267 2360 5321 σεϐαστῑνον
2384 5258 2453 5327 Ἀ,

464 5327 517 5389 δν
543 5340 605 5390 Α,
684 5335 729 5368 ει
759 5335 1137 5407 παραιουμένων
1169 5335 1235 5384 Α.
1270 5327 1273 5328 ν
1321 5330 1366 5363 ⁸³
1400 5327 1662 5399 έμελετᾱτο
1697 5339 1735 5386 Α
1767 5349 1781 5389 :
1810 5332 2069 5390 ἀπεδίδου
2102 5361 2159 5404 ς’.

2265 5198 2313 5284 ξδ
2343 5206 2415 5284 τᾷ(
2446 5199 2631 5284 τελέθει
2658 5223 2713 5267 ς.
2809 5204 2857 5284 ξι
2890 5212 3183 5284 στρατιώτῃ
3220 5227 3277 5271 ς.
3299 5277 3310 5284 _
3355 5206 3650 5284 ⁸⁸.Ἀσάρῳ
3679 5224 3815 5284 om.

2534 5275 2579 5308 σο
2600 5279 2916 5348 καρταγένης
2945 5275 2981 5343 ς
3000 5275 3279 5335 Schottus
3298 5275 3591 5343 Ῥαϐέννηςί
3622 5275 3632 5281 ’
3671 5283 3717 5316 ⁸¹
3745 5280 3827 5355 ὃς]

2030 5462 2071 5517 Ν
2080 5462 2259 5519 ΟΤιΕ.

561 5584 651 5655 3t)
675 5581 763 5655 Al.
805 5583 1048 5637 Asarus.
1080 5578 1185 5655 inf.
1220 5578 1385 5655 apud
1412 5581 1715 5655 Zosimum
1739 5580 1874 5637 cod.
1906 5586 1997 5642 98.

561 5586 651 5655 3t)
675 5586 763 5638 Al.
805 5586 1048 5637 Asarus.
1080 5586 1185 5635 int.
1220 5586 1385 5652 apud
1412 5586 1715 5637 Zosimum
1739 5586 1874 5637 cod.

533 5586 648 5734 232)
710 5653 821 5710 Pro
862 5655 1077 5715 σάκκοις
1106 5651 1238 5722 lego
1281 5654 1463 5715 σάκοις
1524 5653 1617 5709 vel
1655 5656 1888 5710 σάκεσιν.

2286 5591 2402 5664 (33)
2421 5589 2615 5664 Ῥογῶν
2642 5595 2850 5655 Latina
2876 5611 3022 5654 voce
3063 5597 3237 5656 dixit.

2286 5661 2397 5737 (34)
2430 5661 2775 5727 Ravennam
2806 5668 3067 5729 arbitror
3100 5670 3448 5744 legendum.
