4036 6214
169 285 248 340 265'

1271 278 1755 341 BlBLIUTllECA.
1787 314 1856 328 -—
1896 283 2058 343 COD.
2096 287 2319 348 LXXX.

3354 310 3459 364 266

167 417 237 460 τοῦ
266 410 592 478 γενναιοτάτου
642 404 894 478 βαλόντος
922 405 990 468 “,
1023 409 1112 457 xui
1158 405 1307 476 μόλις
1353 409 1438 458 τὸν
1486 409 1673 460 θάνατο

1813 411 2158 484 intercipere
2190 418 2454 486 tentavit,
2493 421 2593 476 sed
2651 439 2682 478 θ
2726 422 3046 491 Bonifacio,
3089 427 3465 490 nobilissimo

165 496 410 567 διαφυγὼν,
462 496 523 556 εἰς
578 498 669 558 τὰς
730 495 919 555 οἰκείας
965 495 1282 567 ὑπεχώρησε
1333 498 1547 563 σκηνὰς,
1608 503 1701 555 τὴν

165 586 276 638 πόλιν
318 585 360 636 ἓν
400 585 613 657 εὐθυμία
643 585 806 636 λιπὼν
846 590 935 635 καὶ
963 581 1036 635 δι’
1068 583 1286 636 ἐπαίνων
1314 591 1402 637 καὶ
1448 587 1701 658 εὐφημίας

160 679 415 745 ποιουμένην
470 677 802 746 Βονηφάτιον.
833 672 953 725 Ὀτι
1004 670 1326 745 Ἀδαούλφος
1384 678 1470 726 τόν
1535 679 1699 747 γάμον

160 760 411 829 Πλακιδίας,
496 764 861 817 Κωνσταντίου
931 764 977 798 ⁸³
1051 765 1245 820 ταύτην
1357 762 1701 828 ἀπαιτοῦντος

157 851 396 925 βαρυτέρας
449 855 736 923 προῦτεινεν
785 851 1040 915 αἰτήσεις,
1093 853 1176 903 ἶνα
1222 848 1316 904 διὰ
1372 857 1465 911 τὴν
1509 852 1700 906 ἀποτυ·

154 946 252 1010 χίαν
293 948 379 992 τῶν
441 940 696 998 αἰτήσεων
753 941 960 1010 εῶ.ογον
1019 937 1148 1013 δόξῃ
1209 946 1301 999 τὴν
1367 946 1697 1014 κατάσχεσιν

153 1030 280 1089 tiri;
305 1035 642 1087 πεποιηκέναι.

201 1119 299 1170 Ὀτι
367 1122 723 1180 Κωνστάντιος
791 1115 1093 1190 δισίγνατος
1141 1122 1189 1154 ⁸⁸
1244 1120 1404 1172 παλαι
1472 1127 1696 1192 γεγονὼς

148 1210 299 1268 ὕπατος
364 1211 490 1259 κατα
571 1213 665 1266 τὴν
745 1207 1010 1260 Ῥάϐενναν
1071 1213 1404 1284 προέρχεται,
1462 1213 1580 1282 μεθ’
1635 1209 1694 1264 οὗ

146 1301 245 1347 κατὰ
286 1300 367 1354 τὴν
420 1296 961 1349 Κωνσταντινούπολιν
1007 1298 1251 1350 ὑπατεύει
1305 1304 1570 1360 Κώνστας·
1604 1305 1693 1352 καὶ

144 1390 325 1456 χρυσίον
395 1389 480 1456 μεν
562 1389 858 1458 σύμμετρον
913 1391 1001 1438 καὶ
1056 1388 1228 1438 ἱκανόν
1285 1390 1415 1460 πρός
1466 1390 1523 1439 τὸ
1599 1397 1692 1450 τῆς

140 1475 339 1534 ὑπατείας
415 1473 664 1546 ἀνάλωμα
721 1475 934 1547 εὕρηται
991 1475 1044 1526 ἐκ
1097 1483 1196 1527 τὼν
1243 1483 1332 1528 τοῦ
1391 1475 1690 1551 Ἠρακλεια-

140 1570 204 1612 τοῦ
249 1564 306 1626 ⁸⁷,
342 1565 393 1624 ὃς
444 1560 736 1636 τυραννίδα
784 1564 1000 1635 μελετῶν
1051 1564 1326 1639 ἀνῄρηται,
1361 1565 1418 1617 οὗ
1477 1569 1579 1638 μὴν
1631 1587 1689 1638 γε

137 1659 334 1702 τοσοῦτον
396 1652 579 1724 εὑρέθη
654 1651 775 1703 ὅσον
837 1657 925 1704 καὶ
989 1653 1256 1714 ἠλπίζετο.
1315 1659 1544 1728 Χρυσίον
1598 1659 1686 1727 μὲν

1813 500 1939 556 viro
1983 501 2344 576 vulneratus,
2389 513 2445 564 et
2495 510 2589 565 vix
2646 511 2805 568 salvo
2857 515 3048 584 capite
3102 515 3354 587 fugiens,
3401 522 3464 579 in

1811 605 1921 644 sua
1967 606 2030 646 se
2072 595 2319 650 tentoria
2362 597 2625 669 recepit:
2665 600 2811 656 urbe
2849 603 3095 669 omissa,
3143 621 3275 678 quae
3321 609 3465 668 lasti-

1810 678 1904 733 tiaa
1936 679 2130 751 plena,
2168 681 2469 748 laudibus.
2494 703 2564 743 ac
2582 687 2757 743 bonis
2771 689 3075 747 ominibus
3090 694 3463 756 Bonifacium

1810 773 1897 822 est
1922 775 2254 839 prosecuta.
2280 774 2628 847 Adaulpbus
2648 777 2807 833 idem
2823 778 2897 834 de
2927 780 3196 839 Placidiaa
3237 790 3460 859 nuptiis

1809 861 2108 926 satagens,
2163 860 2511 919 Constantio
2573 880 2706 922 eam
2762 868 3089 938 postulanti
3155 877 3462 943 graviores

1809 949 2075 1016 praetexit
2102 950 2536 1019 postulationes
2571 969 2584 1008 :
2621 961 2682 1010 ut
2711 957 2758 1010 si
2785 972 3032 1031 compos
3071 960 3306 1020 illarum
3336 981 3460 1024 non

1805 1034 1990 1103 ﬁeret,
2023 1037 2124 1092 illa
2141 1038 2297 1108 juste
2320 1047 2546 1098 retenta
2573 1043 2886 1102 videretur.

1879 1126 2255 1182 Constantius
2294 1128 2434 1185 olim
2475 1131 2836 1204 designatus,
2881 1139 3091 1195 consul
3129 1139 3457 1213 aliquando

1806 1213 2100 1270 Ravennae
2131 1221 2383 1282 creatur,
2404 1233 2541 1274 cum
2571 1236 2694 1292 quo
2730 1224 3455 1300 Constantinopolitanum

1805 1302 2182 1359 consulatum
2236 1308 2524 1362 Constans
2557 1309 2725 1378 gerit.
2771 1312 2912 1368 Auri
2949 1315 3036 1369 vis
3062 1316 3244 1386 justa,
3287 1321 3456 1377 sufﬁ-

1802 1390 1965 1445 ciens
1981 1392 2055 1446 ad
2073 1393 2417 1450 consulatus
2442 1403 2718 1469 sumptus
2736 1400 2848 1472 (35)
2865 1402 3208 1461 tolerandos
3221 1415 3456 1480 reperta

1799 1477 1858 1534 in
1888 1481 2213 1536 Heracliani
2233 1481 2668 1558 bonis(36),qui
2689 1491 3021 1560 tyrannidis
3044 1477 3454 1565 (37)aﬂ‘ectata

1800 1569 2043 1624 nomine
2072 1575 2157 1625 est
2198 1570 2588 1644 interemptus
2616 1593 2629 1641 ;
2663 1577 2770 1632 etsi
2797 1582 3004 1636 tamen
3033 1586 3258 1639 tantum
3277 1601 3454 1658 pecu-

1799 1657 1912 1713 niae
1953 1664 2251 1731 repertum
2293 1676 2410 1716 non
2451 1667 2556 1728 est,
2590 1671 2887 1736 quantum
2928 1677 3233 1741 speratum
3286 1657 3441 1736 erat.

135 1741 208 1808 γὰρ
268 1737 378 1792 οὐδὲ
445 1745 615 1815 μέχρι
679 1747 1021 1817 κεντηναρίων
1092 1748 1179 1793 καὶ
1237 1744 1470 1815 εὕρηται,
1521 1746 1550 1802 ἡ
1629 1741 1674 1797 δὲ

1802 1747 1954 1819 5θό
1985 1749 2124 1804 Auri
2152 1751 2311 1806 enim
2352 1752 2623 1840 nondum
2654 1737 2993 1825 duosmillia
3023 1758 3447 1840 [denariorum]

134 1826 326 1890 ἀκίνητος
355 1829 510 1881 αὑτοῦ
556 1829 717 1882 οὐσία
768 1835 855 1882 καὶ
902 1830 1033 1888 αύτὴ
1085 1831 1152 1891 εἰς
1201 1827 1474 1902 δισχιλίας
1513 1832 1686 1904 λίτρας

136 1923 350 1971 εννέτεινε.
394 1924 492 1971 Καὶ
553 1921 752 1977 ταύτην
799 1919 1007 1971 ἅπασαν
1057 1924 1149 1977 τὴν
1206 1921 1499 1973 ὑπόστασιν
1549 1929 1684 1974 Κων-

135 2006 320 2066 miluo;
359 2007 414 2058 ἐκ
460 2014 591 2079 μιᾶς
647 2008 906 2070 αἰτήσεως
963 2012 1104 2080 παρὰ
1147 2009 1394 2083 Ὀνωρίου
1467 2010 1679 2081 εἰλήφει.

129 2091 199 2144 Ἦν
231 2091 280 2146 δε
310 2099 667 2157 nmmum;
696 2095 744 2147 ἐν
770 2103 859 2168 μεν
887 2106 1001 2159 ταῖς
1031 2095 1281 2172 προόδοις
1325 2104 1563 2170 κατηφὴς
1593 2103 1681 2151 καὶ

133 2183 401 2253 σκυθρωπός,
454 2184 886 2257 μεγαλόφθαλμός
935 2205 986 2237 τε
1037 2191 1126 2238 καὶ
1183 2185 1526 2258 μεγαλαύχην
1591 2189 1679 2238 καὶ

126 2269 475 2343 πὶατυκέφαλος,
523 2277 686 2326 νεύων
730 2270 801 2326 δι’
845 2275 959 2326 ὅλου
1008 2275 1092 2327 ἐπὶ
1138 2280 1223 2327 τὸν
1274 2277 1539 2351 τράχηλον
1587 2287 1678 2330 τοῦ

124 2364 311 2431 γέροντος
338 2362 488 2413 αὐτὸν
534 2365 724 2427 ἵππου,
766 2368 854 2415 καὶ
886 2363 1020 2416 οὕτω
1046 2365 1093 2399 ⁸⁸
1119 2361 1248 2436 τῇδε
1295 2364 1504 2418 κάκεῖσε
1530 2366 1675 2430 λοξὸν

120 2446 336 2519 ἐκπέμπων
389 2454 446 2503 τό
504 2452 676 2522 ὄμμα,
729 2455 817 2517 ὡς,
875 2456 931 2504 τό
989 2461 1079 2505 τοῦ
1125 2453 1303 2525 λόγου,
1363 2462 1496 2507 πᾶσι
1559 2460 1675 2528 φαί-

116 2539 255 2588 νεσθαι
303 2537 433 2602 εἶδος
487 2541 640 2603 ἄξιον
695 2538 1015 2612 τυραννίδος.
1070 2541 1149 2596 Ἐν
1208 2540 1268 2595 δὲ
1303 2539 1533 2606 δείπνοις
1581 2551 1670 2598 xui

117 2634 384 2694 συμποσίοις
460 2634 685 2702 τερπνός
737 2636 826 2683 καὶ
887 2632 1170 2700 πολιτικὸς,
1221 2634 1290 2694 ὡς
1337 2639 1426 2686 καὶ
1484 2633 1670 2707 ἐρίζειν

115 2722 194 2775 τοίς
216 2722 377 2787 μίμοις
404 2719 665 2780 πολλάκις
688 2720 938 2781 παίζουσι
966 2725 1066 2795 πρὸ
1095 2729 1183 2782 τῆς
1207 2724 1489 2795 τραπέζης.

165 2892 596 2970 ὈτιἈδαούλφῳ
650 2895 860 2970 σπουδῇ
893 2905 981 2952 καὶ
1025 2901 1262 2975 ὑποθήκῃ
1314 2898 1668 2956 Κανδιδιανοῦ

119 2981 253 3056 ὁπρος
298 2984 584 3040 Πλακιδίαν
643 2988 956 3040 συντελεῖται
994 2991 1182 3061 γάμος,
1213 2995 1315 3063 μὴν
1363 2992 1388 3043 ό
1437 2993 1670 3046 Ἰανουά-

1796 1835 2118 1902 inventa,et
2135 1838 2530 1895 immobilium
2549 1841 3106 1914 insuperbonorum
3120 1851 3197 1906 ad
3218 1851 3308 1907 bis
3321 1835 3447 1911 mil:

1793 1923 1846 1980 le
1875 1924 2245 1992 libras.Quas
2271 1929 2516 1999 quidem
2539 1929 2848 1989 facultates
2863 1950 3075 1992 omnes
3105 1954 3224 1996 una
3238 1948 3447 2012 postu-

1791 2015 2005 2072 latione
2061 2017 2138 2072 ab
2198 2018 2455 2075 Honorio
2510 2021 2889 2079 Constantius
2981 2029 3230 2099 accepit.
3311 2034 3448 2091 Erat

1789 2104 1914 2174 ipse
1955 2105 2356 2178 Constantius,
2391 2125 2530 2164 cum
2564 2111 2849 2182 prodiret,
2879 2114 3142 2173 subtristi
3177 2119 3342 2177 vultu
3371 2138 3444 2180 ac

1791 2194 2014 2265 tetrico,
2060 2195 2402 2264 ingentibus
2444 2198 2632 2254 oculis
2680 2200 3032 2275 sublataque
3101 2207 3346 2276 cervice,
3389 2215 3445 2269 et

1788 2281 1969 2353 plano
2025 2285 2236 2356 capite,
2281 2285 2578 2342 inclinans
2610 2303 2670 2343 se
2723 2291 2972 2348 omnino
3017 2293 3079 2349 in
3129 2296 3288 2368 equi,
3321 2313 3442 2370 quo

1787 2371 2128 2440 vehebatur,
2156 2372 2377 2430 collum
2423 2396 2435 2441 ;
2488 2381 2546 2431 et
2585 2377 2668 2432 sic
2693 2377 2810 2435 huc
2841 2379 2980 2436 illuc
3026 2382 3270 2455 oblique
3329 2393 3444 2444 tor-

1783 2475 1976 2532 quens
2029 2462 2256 2529 oculos,
2305 2467 2384 2530 ut,
2467 2467 2633 2537 quod
2698 2469 2878 2525 veteri
2949 2471 3126 2528 verbo
3202 2474 3438 2544 dicitur,

1784 2570 1811 2602 «
1843 2549 2094 2622 imperio
2114 2551 2298 2620 digna
2321 2552 2512 2610 forma
2529 2556 2642 2627 (38)
2671 2576 2698 2608 »
2725 2558 3010 2614 omnibus
3029 2568 3438 2633 appareret.ln

1781 2639 1964 2694 caenis
1994 2644 2192 2695 tamen
2213 2645 2390 2712 atque
2411 2645 2757 2714 symposiis,
2784 2645 3095 2718 jucundus
3125 2651 3279 2708 adeo
3301 2653 3438 2710 civi-

1778 2725 1971 2798 lisque
2000 2727 2125 2795 fuit,
2157 2733 2298 2784 utet
2325 2745 2465 2786 cum
2518 2731 2724 2788 mimis
2787 2735 3088 2793 interdum
3139 2739 3218 2795 ad
3271 2756 3437 2798 men-

1779 2831 1908 2870 sam
1943 2815 2284 2873 ludentibus
2317 2821 2706 2877 contenderit.

1849 2902 2184 2975 Adaulpho,
2205 2904 2404 2962 studio
2445 2923 2515 2964 ac
2535 2908 2783 2965 consilio
2807 2911 3178 2980 Candidiani,
3210 2916 3433 2988 nuptim

1779 3009 1910 3047 cum
1946 2991 2205 3049 Placidia
2233 2995 2613 3051 conveniunt.
2639 2996 2927 3068 Januario
2967 3017 3174 3058 mense
3205 3007 3430 3077 nuptiis

117 3087 193 3136 ριος
257 3073 550 3140 ἐνειστήκει,
606 3079 695 3127 ἰπὶ
749 3072 808 3128 δε
886 3083 975 3136 τῆς
1029 3077 1222 3140 πόλεως
1276 3079 1569 3152 Νάρϐωνος,
1620 3081 1668 3134 ἐν

1789 3081 1970 3137 iictus
1999 3081 2421 3148 dies,Narbone
2454 3085 2566 3156 (39)
2599 3086 2792 3142 Galliae
2825 3089 2986 3154 urbe,
3011 3089 3072 3146 in
3113 3072 3311 3149 domo-
3343 3095 3433 3151 In-

117 3157 221 3230 οίκίᾳ
259 3162 491 3232 Ἰγγενίου
537 3168 683 3224 τινὸς
730 3172 934 3238 πρώτου
989 3173 1089 3217 τῶν
1132 3165 1180 3218 ἐν
1231 3175 1293 3240 τῇ
1348 3170 1510 3221 πόλειο
1549 3173 1668 3224 ἔνθα

114 3252 501 3317 προκαθεσθείσης
557 3251 860 3316 Πλακιδίας
908 3254 955 3306 ἐν
999 3253 1238 3308 παστάδι
1265 3258 1312 3292 ⁸9
1354 3278 1406 3310 τε
1451 3258 1668 3332 Ῥωμαῖ-

114 3331 203 3395 ιῶί
231 3336 564 3414 ianuae-Iubar:
656 3347 747 3394 xui
803 3349 1048 3416 σχήματι
1121 3343 1384 3417 βασιλικῷ
1439 3352 1666 3420 συγκαθ-

113 3425 239 3481 έζιται
280 3429 400 3501 αὐτῇ
447 3436 539 3483 xui
579 3427 912 3503 Ἀδαοῡλφος
946 3429 1282 3506 ἐνδεδυμένος
1311 3433 1545 3506 χλανίδα
1574 3442 1662 3490 καὶ

113 3527 175 3567 tr:
211 3515 347 3574 ἀλλην
389 3519 666 3591 Ῥωμαίων
714 3518 928 3578 ἐσθῆτα.
975 3523 1057 3576 Ἐν
1116 3525 1192 3586 οἷς
1245 3528 1374 3596 μετὰ
1427 3535 1526 3578 τῶν
1569 3527 1660 3579 ἄλ-

113 3597 180 3651 lar.
219 3617 434 3678 γαμικῶν
489 3606 683 3684 δώρων
727 3610 853 3680 [188
883 3610 986 3684 IL]
1037 3608 1286 3686 δωρεῖται
1334 3613 1662 3690 Ἀδαοῦλφος

116 3693 230 3740 ιαιν’
265 3693 468 3760 εύειδείς
516 3703 728 3759 νεανίας
766 3705 991 3772 Σηρικὴν
1032 3698 1400 3776 ἕνδεὸυμένους
1441 3704 1654 3772 ἐσθῆτα,

116 3783 294 3850 φέροντος
335 3785 558 3840 ἑκάστου
605 3795 728 3849 ταῖς
769 3793 953 3864 χερσὶν
999 3791 1095 3844 ἀνὰ
1143 3788 1240 3845 δύο
1278 3799 1537 3866 μεγίστων
1578 3793 1660 3849 δί-

118 3873 378 3937 πυδηιῶν
407 3877 433 3927 ὃ
489 3880 584 3949 μὲν
641 3883 879 3949 χρυσίου
925 3879 1148 3955 πλήρης,
1187 3883 1212 3933 ὁ
1258 3879 1316 3935 δὲ
1359 3891 1542 3956 τιμίων
1580 3886 1655 3938 λί-

118 3955 202 4022 θων,
248 3963 420 4031 μᾶλλον
470 3962 531 4018 δὲ
585 3965 859 4038 ἀτιμήτων
907 3969 1208 4041 ἐτύγχανεν·
1255 3971 1288 4023 ἃ
1329 3955 1422 4036 τῆς
1457 3972 1658 4047 Ῥώμης

114 4043 274 4117 ira?”
305 4057 427 4105 κατὰ
472 4058 569 4113 τήν
610 4054 812 4107 ἅλωσιν
854 4064 960 4120 τοῖς
993 4062 1198 4121 raram;
1241 4062 1652 4121 ἀποσυληθέντα.

116 4130 210 4184 Εἶτα
266 4139 482 4212 λέγονται
553 4150 653 4197 xui
735 4143 1086 4219 ἕπιθαλάμιοι,
1144 4149 1393 4206 Ἀττάλου
1455 4163 1653 4229 πρῶτον

115 4222 304 4294 ιὶτοντος,
371 4230 479 4285 εἶτα
553 4234 887 4288 Ῥουστικίου
951 4238 996 4273 ’τί
1060 4242 1148 4292 καὶ
1205 4238 1509 4294 Φοιϐαὸίου·
1566 4250 1654 4297 καὶ

118 4315 362 4372 ⁸’πτελείτειι
410 4325 435 4374 ὁ
487 4327 668 4397 γάμος
718 4329 1005 4390 παιζόντων
1052 4333 1142 4381 xui
1191 4336 1484 4406 χαιρόντων
1525 4335 1654 4406 ὁμοῦ

116 4408 181 4452 τὼ
197 4424 236 4458 τε
262 4411 525 4486 Βαρϐάρων
557 4419 655 4467 καὶ
687 4422 787 4467 τῶν
818 4416 869 4468 ἐν
889 4417 1068 4480 αὐτοῖς
1093 4417 1377 4493 Ῥωμαίων.

161 4489 252 4546 Ὀτι
295 4505 418 4569 μετὰ
474 4508 573 4561 τήν
630 4504 733 4555 ύπό
787 4508 989 4558 Γότθων
1051 4489 1244 4561 ἅλωσιν
1302 4519 1398 4573 τῆς
1450 4510 1650 4586 Ῥώμης

325 4590 349 4639 ό
398 4600 493 4654 τῆς
543 4591 754 4665 Ῥώμης
809 4596 1059 4668 ἔπαρχος,
1090 4594 1200 4657 ἤδη
1253 4602 1449 4664 ταύτης
1497 4578 1650 4655 πάλιν

120 4663 557 4751 ἐπεθεσταμένης,
626 4663 821 4756 ἔγραψε
876 4663 1231 4761 μῆνίξαρκεῑν
1283 4693 1340 4742 τὸ
1386 4694 1652 4766 χορηγού-

1777 3172 1931 3242 genii
1963 3172 2300 3242 cujusdam,
2334 3174 2600 3245 primarii
2630 3175 2762 3246 ejus
2797 3177 2962 3234 urbis
3017 3180 3140 3236 viri.
3197 3182 3300 3239 Hic
3341 3183 3426 3240 di-

1775 3261 1984 3331 gniore
2026 3261 2157 3317 loco
2189 3261 2485 3318 residente
2525 3263 2782 3322 Placidia
2820 3267 2879 3322 in
2942 3268 3113 3337 atrio,
3156 3273 3426 3330 Romano

1774 3365 1940 3406 more
2001 3349 2313 3415 adornata,
2365 3351 2684 3425 habituque
2723 3356 2906 3424 regio,
2969 3359 3185 3415 assedit
3233 3359 3428 3433 ipsiet

1772 3437 2117 3510 Adaulphus
2164 3438 2318 3494 liena
2369 3439 2637 3507 indutus,
2695 3443 2980 3517 omnique
3043 3447 3159 3504 alio
3203 3449 3427 3508 amictu

1773 3529 2062 3583 Romano.
2094 3527 2249 3583 Inter
2278 3528 2394 3584 alia
2426 3529 2772 3602 nuptiarum
2803 3533 2985 3600 dona,
3011 3535 3272 3594 donatur
3311 3539 3423 3611 (4ο)

1770 3616 2120 3689 Adaulphus
2145 3617 2328 3672 etiam
2368 3617 2809 3691 quinquaginta
2852 3621 3133 3680 formosis
3200 3629 3420 3698 pueris,

1769 3707 1954 3762 serica
2005 3714 2161 3761 veste
2193 3705 2434 3769 indutis,
2487 3707 2816 3765 ferentibus
2858 3711 3111 3782 singulis
3169 3719 3421 3788 utraque

1769 3811 1954 3850 manu
1984 3794 2256 3864 ingentes
2286 3795 2488 3850 discos
2521 3796 2696 3852 binos
2731 3815 2744 3852 :
2799 3813 3059 3870 quorum
3103 3801 3243 3858 alter
3290 3805 3418 3861 auri

1767 3883 1998 3956 plenus,
2041 3882 2189 3938 alter
2225 3882 2440 3954 lapillis
2485 3885 2776 3955 pretiosis,
2845 3887 2938 3944 vel
2995 3891 3164 3961 pretii
3223 3893 3420 3964 potius

1764 3971 2220 4037 inaestimabilis,
2245 3987 2376 4042 qua:
2415 3987 2488 4027 ex
2535 3975 2816 4032 Romanas
2857 3977 3021 4032 urbis
3089 3979 3419 4051 direptione

1765 4062 1957 4118 Gottbi
1996 4060 2323 4131 depraedati
2380 4059 2634 4117 fuerant.
2682 4063 2824 4120 Hinc
2879 4081 3082 4122 versus
3124 4075 3420 4127 canuntur

1763 4149 2147 4220 epithalamii,
2180 4147 2374 4204 Attalo
2410 4149 2793 4220 praecinente,
2823 4153 2961 4209 dein
2992 4158 3266 4213 Rustacio
3300 4159 3414 4231 (41)

1765 4245 1941 4310 atque
1970 4237 2309 4304 Phoebadio,
2343 4238 2689 4311 nuptiisque
2712 4240 2846 4298 ﬁnis
2875 4243 3072 4311 datus,
3104 4245 3234 4302 lusu
3268 4263 3418 4317 gau-

1761 4328 1984 4400 dioque
2011 4328 2232 4399 ingenti
2257 4327 2652 4386 Barbarorum
2685 4331 2885 4398 simul,
2919 4339 2974 4390 et
3005 4337 3414 4396 Romanorum

1684 4455 1729 4510 D
1761 4420 1864 4492 qui
1896 4433 2033 4474 cum
2055 4418 2126 4472 iis
2151 4421 2338 4472 erant.

1832 4510 1969 4564 Post
1998 4511 2248 4564 Romam
2281 4523 2317 4564 a
2347 4507 2573 4565 Gotthis
2604 4516 2865 4582 captam,
2925 4512 3176 4571 Albinus
3235 4517 3410 4574 Urbis

1762 4597 2096 4673 praefectus,
2137 4596 2300 4669 quod
2329 4597 2457 4668 jam
2479 4597 2690 4655 eadem
2719 4600 2796 4655 ad
2828 4602 3144 4673 pristinum
3192 4605 3411 4663 rediret

1762 4694 2002 4751 statum,
2028 4685 2265 4758 scripsit
2315 4701 2436 4742 non
2485 4687 2756 4744 sufﬁcere
2821 4691 3133 4760 praabitam
3187 4695 3411 4765 populo

1392 4789 1630 4848 VARle
1667 4787 2064 4850 LECTIONES.

168 4867 582 4958 'fﬁdmocﬂrcr
617 4881 707 4958 A,_
736 4878 981 4958 λαϐόντος
1026 4897 1115 4958 pr.
1142 4882 1466 4958 :ﬁu’llévro;
1525 4911 1578 4954 ς.

118 5003 149 5038 ﬂ
162 5003 452 5072 Ῥτδστέιίου
484 5042 522 5085 ς
536 5067 549 5079 ,

1694 4890 1744 4928 ⁸⁵
1787 4887 2128 4954 Κωνσταντίῳ
2177 4911 2245 4954 τ-
2285 4880 2591 4954 ἀπαιτοῦντι
2640 4904 2701 4947 ς’.

121 4939 293 5030 fit“
316 4968 391 5030 εἶ·-
430 4939 490 4986 7⁸⁷
519 4939 870 5024 Ἡραιὶλιανοῦ
895 4939 979 5008 Α.-
1029 4939 1086 4991 ’σέ
1119 4939 1254 5010 οὕτω
1288 4939 1614 5030 ωεξείὶῦὶῑ
1646 4965 1809 5017 οὔπω.
1889 4959 1934 4994 ⁶⁹
1964 4939 2216 5008 σπαοίτάδ
2222 4973 2238 5004 ι
2274 4959 2332 5006 Α.
2359 4953 2597 5027 ῥωμαίαν
2630 4959 2689 5008 Α.

2821 4885 2867 4921 ⁸⁸
2899 4880 3189 4959 δισίγματο
3200 4910 3221 4950 ς
3273 4897 3412 4944 Κων-

2767 4956 2816 4990 ⁷⁰
2837 4956 3117 5029 μεγίστους
3149 4957 3400 5026 δίσκους.

1612 5160 1651 5214 Ν
1661 5157 1836 5216 ΟΤίΕ.

161 5231 248 5304 (³5)
266 5238 410 5312 Quos
430 5249 485 5300 et
505 5245 567 5300 in
593 5246 797 5304 Dionis
824 5248 984 5306 Cassi
1007 5251 1334 5310 consulatu
1366 5253 1649 5312 tolerasse

213 5311 442 5391 auorum
473 5317 764 5391 Severum
790 5335 956 5391 supr.
986 5323 1199 5380 retulit.
1230 5325 1368 5382 cod.
1397 5331 1488 5383 7t.

160 5373 346 5466 (finio.
365 5386 592 5466 ﬁscum
626 5373 1006 5459 redactisiut—
1024 5373 1204 5466 'ﬁi’iéi
1234 5373 1420 5454 *οἶ-1.·
1441 5373 1537 5456 ἷκε
1569 5399 1654 5455 De

113 5453 220 5503 Μι-
246 5452 370 5508 Cod.
394 5459 624 5514 Theod.

276 5523 401 5607 fide
428 5529 734 5607 oros._lib.
767 5533 1030 5607 vu,_cap.
1064 5539 1156 5592 42.

165 5589 250 5662 (38)
276 5596 456 5668 Enrip.
488 5601 547 5656 in
593 5589 1172 5680 ρεκηίεέίςῗὴῥᾰτὶῖι
1216 5613 1306 5684 μεν
1336 5606 1473 5676 ιῖδος
1511 5611 1656 5678 ἄξιον

407 5688 646 5748 Ριτειοι..
689 5692 792 5752 Gn.
837 5696 982 5756 Clll.

1763 5245 2515 5402 τυῗὲὄῖιέἒςιίο-Οοωθιὶὶειὶῐ
2537 5324 2743 5376 auctor
2780 5321 3055 5380 Μεέοειιδ
3085 5325 3246 5383 Paul.
3281 5329 3408 5386 Dia-

1765 5393 1953 5452 conus
1982 5393 2085 5447 lib.
2107 5405 2224 5445 xm.

1840 5468 1956 5532 (30)
2038 5469 2282 5532 Δωρεὶται
2339 5463 2379 5510 ν’
2447 5457 2665 5524 εὐειδεῖς
2705 5466 2922 5525 νεανίας.
2987 5467 3184 5525 Donat
3217 5470 3400 5530 etiam

1831 5473 1956 5593 ί310)
2038 5473 2282 5536 Δωρείται
2339 5473 2374 5510 ν
2447 5473 2536 5513 cui.

1765 5554 1825 5596 re
1849 5537 2013 5612 dere
2027 5605 2039 5612 _
2059 5533 2281 5612 ρρεεὶεἒ
2503 5601 2536 5612 __

1839 5609 1952 5684 (41)
1981 5601 2315 5664 ΑΙἨιιεαείο
2349 5619 2362 5672 ;
2400 5601 2604 5661 malim
2637 5609 2839 5664 tamen
2867 5608 3156 5670 Rusticio.

3084 5701 3118 5761 9
