4036 6214
633 278 740 332 267

1842 252 2079 313 PHOTII
2119 247 2596 307 PATRIARCHIE
2634 250 2740 305 ΟΡ.
3787 248 3873 305 268

634 403 871 472 partem
894 394 1027 467 (42),
1046 388 1424 449 multitudine
1442 385 1569 457 jam
1595 386 1770 440 aucta
1786 380 2024 436 civitate
2059 395 2072 444 ;
2101 376 2292 432 addit-

2400 378 2740 472 μενον.μέρος
2786 382 2855 443 τῷ
2923 369 3075 444 δήμῳ
3133 371 3195 431 εἰς
3244 370 3424 432 πλῆθος
3470 366 3565 428 ἤδη
3614 377 3694 431 τῆς
3726 372 3879 434 πόλεως

637 469 755 563 que
780 501 901 542 uno
930 484 1025 539 die
1047 493 1368 538 numerum
1394 475 1606 532 initum
1620 486 1748 527 esse
1771 469 1991 525 civium
2006 471 2291 539 quatuor-

639 578 835 635 decim
874 571 1150 630 millium.

709 661 1084 734 Adaulphus,
1118 661 1260 714 nato
1295 654 1409 711 sibi
1449 668 1481 709 e
1512 647 1769 707 Placidia
1798 646 1941 711 ﬁlio,
1982 644 2077 700 cui
2102 643 2289 699 Theo-

640 754 810 812 dosio
822 732 1041 808 nomen
1055 746 1577 810 dedit,Romanam
1592 738 1853 808 amplius
1870 732 2287 805 rempublicam

640 857 844 901 amare
858 837 1421 896 videbatur.Verum
1444 827 1811 890 Constantio,
1856 823 2099 895 ejusque
2128 836 2288 876 asse-

641 932 745 989 clis
765 925 1265 1002 repugnantibus,
1291 922 1421 992 ejus
1448 925 1505 974 et
1543 916 1743 973 uxoris
1776 913 2064 977 Placidite,
2098 909 2289 983 [pacis

642 1018 900 1091 ineudaa]
942 1019 1198 1072 conatus
1232 1012 1453 1068 frustra
1494 1008 1747 1063 fuerunt.
1796 1002 2161 1059 Exstinctum
2192 1015 2292 1054 au-

643 1117 763 1167 tem
781 1114 990 1182 postea
1013 1103 1301 1160 infantem
1351 1098 1731 1155 vehementer
1780 1098 2026 1163 uterque
2076 1104 2294 1160 parens

641 1180 973 1269 luxit60a
1004 1195 1401 1262 argenteaque
1425 1200 1610 1257 capsa
1623 1180 1975 1250 conditum,j
1988 1184 2126 1235 uxta
2156 1180 2292 1232 Bar-

643 1267 919 1345 cinonem
947 1285 1006 1339 in
1036 1278 1257 1353 templo
1279 1276 1547 1349 quodam
1564 1267 2297 1344 sepelierunt.lnterﬁcitur

642 1375 857 1434 deinde
882 1378 937 1429 et
969 1368 1317 1440 Adaulphus
1344 1366 1469 1437 ipse
1501 1366 1667 1433 (dum
1698 1376 1886 1432 equos
1918 1374 2059 1413 suos
2099 1357 2157 1411 in
2175 1362 2293 1411 sta-

642 1465 808 1536 bulo,
842 1463 917 1519 de
950 1475 1137 1525 more,
1180 1452 1641 1526 contemplatur)
1677 1466 1713 1506 a
1758 1449 1976 1505 Gottho
2030 1446 2295 1519 quodam

644 1556 774 1627 ejus
793 1533 1152 1613 domestico,
1189 1544 1398 1601 Dobbii
1433 1542 1693 1605 nomine,
1732 1555 1872 1594 cum
1909 1537 2065 1593 hanc
2090 1533 2296 1591 veteris

644 1623 765 1701 odii
793 1636 1138 1698 vindicandi
1167 1632 1547 1690 occasionem
1589 1629 1683 1686 ille
1722 1630 2065 1698 captasset;
2117 1623 2297 1693 hujus

2398 459 2769 524 ἕπιδιδούσης·
2825 462 3020 535 ἔγραψε
3061 463 3159 535 γὰρ
3197 462 3243 495 τ’
3282 464 3361 511 καὶ
3403 459 3448 511 ἓν
3503 464 3589 530 μιᾷ
3631 461 3769 532 ἡμέρᾳ
3815 481 3879 512 τι-

2397 554 2586 624 τέχθαι
2612 554 2657 586 7³
2683 550 2902 626 ἀριθμὸν
2927 546 3185 622 χιλιάδων
3217 548 3596 618 δεκατεσσάρων.

2471 642 2594 711 [109
2622 642 2710 711 H.]
2745 641 2866 692 Ὀτι
2915 636 3229 711 Ἀδαουλφος
3276 640 3527 709 τεχθέντος
3566 637 3687 705 αὐτῷ
3726 636 3771 688 ἐκ
3814 645 3883 698 τῆς

2400 726 2693 790 Πλακιδίας
2743 726 2958 792 παιδὸς,
3106 727 3299 780 ἐπέθετο
3328 728 3371 761 ⁷⁸
3424 725 3591 784 κλῆσιν
3640 720 3882 787 Θεοδόσιον,

2397 819 2545 871 πλέον
2603 819 2870 879 ἠσπάζετο
2940 822 3031 876 τὴν
3088 821 3213 890 πρὸς
3268 815 3529 887 Ῥωμαίους
3578 813 3739 885 φιλίαν·
3786 820 3887 865 Κων-

2403 912 2642 960 σταντίου
2676 904 2735 960 δε
2782 912 2869 959 καὶ
2917 915 3015 959 τῶν
3058 911 3175 979 περὶ
3228 906 3555 958 Κωνστάντιον
3599 901 3888 973 ἀντιπραττόνο

2402 1018 2500 1049 των
2531 1000 2694 1067 ἔμενεν
2727 998 2988 1068 ἄπρακτος
3018 999 3047 1053 ἡ
3082 998 3261 1047 τούτου
3300 997 3384 1045 καὶ
3419 993 3464 1026 ⁷⁸
3498 986 3747 1051 Πλακιδίας
3771 991 3889 1061 ὁρμή.

2402 1085 2814 1146 Τελευτήσαντος
2840 1083 2899 1137 δὲ
2934 1094 3024 1137 τοῦ
3053 1081 3239 1144 παιδὸς
3269 1085 3440 1142 πένθος
3475 1085 3595 1152 μέγα
3620 1086 3815 1130 ποιοῦσιν
3836 1077 3889 1128 ἐπ’

2404 1175 2566 1245 αὐτῷ,
2598 1180 2687 1226 καὶ
2742 1176 3026 1227 θάπτουσιν
3071 1173 3120 1225 ἐν
3176 1174 3386 1245 λάρνακι
3426 1170 3695 1227 καταθέντες
3743 1165 3898 1238 ἀργυρᾲ

2405 1267 2503 1335 πρὸ
2553 1271 2642 1323 τῆς
2704 1262 3051 1335 Βαρκελλωνος
3101 1265 3148 1313 ἓν
3206 1281 3304 1313 τινι
3348 1260 3601 1331 εὖκτηρίῳ.
3652 1257 3754 1308 Εἶτα
3796 1254 3898 1304 ἀναι-

2403 1359 2571 1426 ρεῖται
2627 1358 2713 1405 xui
2769 1348 3111 1423 Ἀδαοῦλφος,
3168 1351 3236 1411 εἰς
3288 1349 3576 1419 ἑπιτὴρησιν
3625 1354 3706 1395 τῶν
3750 1344 3898 1394 οἰκείων

2407 1444 2596 1506 ῖππων,
2646 1445 2713 1503 ὡς
2762 1444 2957 1493 εἴθιστο
3016 1444 3176 1510 αὐτῷ,
3227 1435 3496 1513 διατρίϐων
3546 1434 3588 1486 ἐν
3632 1442 3692 1502 τῷ
3742 1436 3895 1483 ἱππῶνι.

2406 1530 2635 1602 Ἀναιρεί
2684 1528 2743 1583 δε
2792 1531 2947 1582 αὐτόν
3004 1527 3074 1590 εἷς
3124 1531 3192 1563 ⁷⁸⁸
3246 1538 3342 1580 τῶν
3398 1527 3582 1578 οἰκείων
3618 1524 3780 1575 Γοτθων
3815 1524 3901 1571 Δού-

2406 1619 2517 1679 ϐιος
2568 1622 2615 1654 ⁷⁸
2676 1624 2921 1692 τοῦνομα,
2976 1621 3173 1693 ἔχθραν
3238 1618 3454 1669 παλαιὰν
3511 1612 3899 1683 καιροφυλακησας⁸

644 1733 805 1789 enim
835 1729 997 1803 prior
1025 1725 1329 1787 dominus,
1364 1719 1647 1777 Gotthica:
1694 1715 1879 1789 partis
1924 1731 2047 1779 rex,
2107 1713 2294 1769 fuerat

2405 1709 2567 1761 πάλαι
2595 1714 2696 1783 γὰρ
2743 1706 2803 1767 ἧν
2852 1710 2876 1760 ὁ
2906 1710 2953 1743 ⁷⁷
2987 1711 3171 1760 τούτου
3227 1704 3495 1767 δεσπότης,
3526 1707 3690 1775 μοίρας
3718 1700 3905 1755 rorem];

646 1822 724 1878 ab
750 1801 1067 1889 Adaulpho
1088 1829 1119 1869 e
1148 1810 1349 1868 medio
1375 1808 1661 1864 sublatus.
1719 1804 1939 1860 Exinde
1996 1801 2297 1858 Dobbium

645 1914 947 1981 receptum
974 1901 1329 1973 Adaulphus
1348 1899 1411 1954 in
1434 1913 1604 1952 suam
1636 1894 1923 1951 familiam
1956 1892 2250 1947 asciverat
2283 1907 2295 1943 :

646 2000 750 2071 qui
781 1998 842 2052 in
874 1994 1157 2050 ultionem
1182 1986 1392 2061 prioris
1419 1984 1663 2048 domini,
1693 1984 1941 2038 alterum
1979 1981 2159 2049 hunc,
2210 1977 2301 2032 in-

642 2066 801 2157 jecta
847 2098 1034 2139 manu
1103 2077 1378 2141 violenta,
1456 2072 1711 2129 sustulit.
1769 2070 2016 2126 Moriens
2086 2066 2301 2122 Adaul-

649 2155 807 2248 phus
860 2169 1029 2227 fratri
1080 2182 1189 2222 suo
1244 2162 1522 2234 injunxit,
1575 2160 1833 2215 Placidia
1882 2162 1946 2213 ut
1996 2155 2300 2228 [Honorio]

648 2263 994 2321 redderetur
1016 2276 1033 2329 ;
1064 2260 1267 2326 utque,
1293 2253 1341 2307 si
1372 2267 1493 2324 quo
1521 2250 1701 2305 modo
1723 2252 1987 2320 possent,
2017 2249 2299 2301 Romani?

650 2353 763 2408 sibi
827 2347 1018 2422 gentis
1101 2341 1485 2399 concordiam
1552 2336 1792 2412 [Gotthi]
1842 2336 2300 2403 societatemque

650 2440 1052 2498 conciliarent.
1076 2436 1146 2489 At
1190 2431 1293 2505 qui
1332 2428 1614 2484 successit
1650 2426 1774 2482 Sari
1829 2424 2006 2481 frater
2062 2422 2299 2493 Singiri-

651 2531 801 2586 chus
828 2526 1048 2599 (studio
1073 2522 1271 2595 potius
1294 2536 1361 2575 ac
1404 2519 1481 2580 vi.
1531 2532 1710 2587 quam
1761 2513 2163 2575 successione,
2200 2516 2300 2566 aut

650 2620 779 2689 lege
827 2614 1083 2685 creatus)
1138 2607 1433 2681 Adaulpbi
1466 2623 1494 2662 e
1540 2605 1735 2677 priore
1771 2604 2029 2672 conjuge
2078 2601 2298 2656 liberos

649 2709 707 2763 vi
771 2722 803 2762 e
851 2706 985 2761 sinu
1039 2699 1293 2771 Sigesari
1349 2695 1616 2769 episcopi
1690 2693 1991 2763 abreptos,
2042 2690 2295 2755 occidit;

648 2802 827 2868 atque
882 2794 1070 2865 ipsam
1149 2786 1474 2844 Placidiam
1526 2782 1816 2852 reginam,
1892 2780 1954 2834 in
1998 2778 2299 2850 Adaulpbi

647 2886 871 2943 scilicet
929 2877 1355 2936 contumeliam
1406 2872 1656 2946 pedibus
1724 2876 1859 2925 ante
1909 2885 2129 2940 equum
2178 2884 2302 2923 una

647 2991 785 3032 cum
808 2970 1036 3028 ceteris
1060 2966 1308 3037 captivis
1334 2962 1644 3019 ambulare
1684 2960 1894 3028 coegit,
1945 2958 2126 3028 idque
2178 2961 2300 3012 toto

646 3065 745 3121 illo
777 3059 975 3134 spatio
1005 3055 1173 3129 quod
1203 3060 1291 3109 est
1316 3052 1389 3108 ab
1422 3050 1567 3105 urbe
1602 3049 1679 3103 ad
1734 3047 2155 3103 duodecimum
2204 3062 2297 3099 us-
2328 3082 2368 3135 Ο

646 3168 765 3225 que
784 3149 1067 3222 lapidem.
1127 3146 1360 3214 Septem
1410 3140 1506 3195 ille
1548 3138 1674 3193 dies
1719 3152 1856 3191 cum
1924 3136 2294 3206 imperasset,

646 3223 1036 3308 interemptus
1061 3236 1165 3299 est,
1183 3236 1241 3287 et
1270 3229 1617 3287 Gotthorum
1648 3226 1771 3281 dux
1789 3223 1983 3280 Valias
2014 3224 2127 3294 (44)
2155 3240 2296 3279 con-

648 3328 924 3385 stituitur.

716 3415 1017 3473 Referthic
1036 3412 1289 3483 scriptor
1333 3406 1573 3463 audisse
1624 3420 1687 3459 se
1739 3419 1769 3458 e
1824 3402 2051 3458 Valerio
2099 3402 2298 3458 claris-

648 3508 801 3564 simo
830 3506 976 3569 viro,
1039 3503 1113 3556 de
1153 3496 1448 3568 argenteis
1488 3494 1694 3550 statuis
1740 3492 1815 3547 ad
1873 3490 2165 3547 Barbaros
2208 3509 2298 3548 ar-

647 3596 869 3655 cendos
902 3588 1274 3661 inauguratis
1305 3587 1438 3657 (45).
1472 3587 1619 3639 Nam
1669 3580 2019 3646 Constantii,
2080 3580 2292 3653 inquit,

644 3683 1015 3759 imperatoris
1062 3675 1452 3749 temporibus,
1510 3672 1781 3744 praefecto
1832 3671 1891 3725 in
1931 3670 2135 3725 Tracia
2192 3674 2295 3727 Va-

644 3776 809 3840 lerio,
842 3771 1125 3827 indicium
1157 3768 1380 3822 factum
1417 3762 1675 3818 thesauri
1717 3759 2073 3831 reperiundi.
2134 3760 2295 3816 Vale-

643 3868 766 3922 rius
806 3878 945 3918 vero
977 3859 1053 3916 ad
1080 3858 1279 3913 locum
1308 3854 1619 3915 accedens,
1662 3866 1901 3906 sacrum
1948 3848 2112 3904 illum
2161 3866 2292 3905 esse

644 3954 928 4027 religione
956 3966 1025 4006 ex
1053 3946 1260 4002 incolis
1282 3938 1903 4012 cognovil,elautiquo
1923 3938 2033 3994 ritu
2067 3944 2292 3994 statuas

642 4045 857 4101 ibidem
882 4042 1275 4095 consecratas.
1306 4032 1513 4089 Retulit
1553 4032 1679 4086 haec
1732 4030 1808 4084 ad
1846 4029 2288 4099 imperatorem,

642 4133 1114 4203 rescriptumque
1145 4125 1390 4195 accepit,
1416 4137 1537 4192 quo
1560 4119 1882 4189 jubebatur
1904 4117 2164 4172 indicata
2196 4117 2293 4173 illa

642 4224 805 4279 bona
846 4219 1065 4274 tollere.
1128 4214 1305 4284 Igitur
1357 4211 1571 4265 effosso
1598 4208 1750 4275 loco,
1809 4212 1921 4260 tres
1976 4206 2180 4260 solidae
2220 4224 2291 4261 ex

644 4315 888 4378 argento
906 4305 1206 4360 fabricatae
1219 4305 1466 4369 repertae
1480 4296 2058 4365 suntstatuae,specie
2078 4295 2289 4351 barba-

641 4400 763 4453 rica
789 4395 1259 4460 sitm,etutroque
1289 4386 1537 4441 brachio
1572 4390 1805 4445 ansato,
1836 4391 1991 4437 veste
2010 4390 2290 4454 praeterea

640 4486 945 4554 variegata
974 4477 1284 4536 barbarico
1316 4474 1429 4530 ritu
1468 4472 1708 4535 indutae,
1742 4478 1797 4526 et
1829 4487 2063 4527 comam
2096 4474 2288 4546 capite

642 4579 936 4648 gestantes
963 4576 1141 4641 atque
1162 4568 1221 4622 in
1242 4563 1868 4636 septentrionem,quae
1892 4560 2286 4617 barbarorum

639 4665 803 4736 regio
829 4667 935 4728 est,
956 4660 1243 4718 obversus.
1264 4656 1406 4720 Quae
1430 4650 1606 4708 simul
1622 4654 1799 4721 atque
1813 4652 2016 4705 statum
2038 4649 2287 4707 sublatae

2406 1799 2524 1871 ῥὴξ,
2588 1801 2687 1850 ὑπὸ
2770 1794 3097 1869 ’Λδαούλφου
3183 1795 3507 1868 ἀνῃρημένος,
3560 1791 3604 1853 ἐξ
3649 1790 3697 1841 οὗ
3736 1792 3807 1839 καὶ
3845 1791 3905 1837 τὸν

2409 1887 2619 1941 Δούϐιον
2696 1886 2862 1938 λαϐὼν
2931 1883 3258 1957 Ἀδαουλφος
3328 1884 3622 1955 ᾠκειώσατο·
3673 1881 3693 1929 ὁ
3759 1874 3805 1927 δε
3854 1884 3905 1941 τῷ

2408 1984 2595 2051 πρώτῳ
2648 1974 2877 2049 δεσπότῃ
2928 1974 3132 2047 ἀμύνων
3180 1979 3267 2026 τὸν
3310 1970 3535 2046 δεύτερον
3565 1967 3837 2040 διεχρήσατο
3859 1966 3907 2013 ⁷⁸.

2407 2068 2660 2120 Τελευτῶν
2715 2063 2772 2118 δὲ
2814 2062 3131 2136 Ἀδαοῡλφος
3174 2067 3482 2138 προσέταττε
3521 2068 3585 2129 τῷ
3618 2056 3719 2127 ἰδίῳ
3760 2051 3910 2122 ἁδελφῴ

2410 2153 2699 2208 ἀποδοῦναι
2754 2160 2844 2206 τὶν
2906 2150 3216 2218 Πλακιδίαν,
3273 2158 3381 2218 καὶ,
3414 2150 3455 2202 εἶ
3501 2169 3549 2200 τι
3601 2144 3818 2208 δύναιντο,
3849 2146 3910 2195 τὴν

2407 2246 2667 2317 Ῥωμαίων
2734 2243 2903 2315 φιλίαν
2970 2243 3167 2302 ἑαυτοῖς
3227 2240 3669 2314 περιποιήσασθαι.
3714 2228 3911 2299 Διάδοχος

2411 2332 2470 2387 δε
2514 2336 2538 2385 ὁ
2583 2341 2674 2385 τοῦ
2706 2335 2873 2405 Σάρου
2929 2329 3147 2402 ἀδελφὸς
3196 2335 3519 2403 Σιγγέριχος.
3567 2321 3747 2395 σπουδῇ
3775 2319 3910 2393 μᾶλλον

2409 2430 2497 2475 καὶ
2552 2420 2835 2493 δυναστείᾳ
2879 2422 2906 2479 ἡ
2956 2420 3238 2491 ἀκολουθίᾳ
3280 2424 3369 2471 καὶ
3413 2423 3563 2489 νόμῳ,
3588 2420 3771 2485 γίνεται⁸
3796 2411 3835 2469 ὃς
3868 2410 3911 2457 τά

2408 2531 2461 2564 τε
2510 2508 2720 2575 παιδία,
2768 2511 2803 2561 ἁ
2875 2512 2930 2561 ἐκ
2984 2519 3072 2570 τῆς
3123 2513 3372 2583 προτέρας
3425 2508 3646 2576 γυναικός
3696 2501 3911 2568 ἐτύγχανεν

2410 2598 2721 2672 Ἀδαουλφῳ
2762 2603 3120 2671 γεγεννημένα,
3158 2598 3338 2661 ἀνεῖλε,
3389 2595 3478 2668 βίᾳ
3506 2602 3595 2645 τῶν
3640 2598 3717 2643 τοῦ
3757 2588 3914 2639 ἐπισκο-

2411 2710 2508 2743 που
2550 2692 2847 2760 Σιγησάρου
2890 2688 3089 2739 κόλπων
3126 2687 3456 2748 ἀποσπάσας,
3491 2687 3573 2735 καὶ
3614 2686 3695 2737 τὴν
3721 2668 3914 2750 βασιλίδα

2414 2776 2702 2831 Πλακιδίαν
2752 2778 2819 2837 εἰς
2863 2775 3010 2851 ὕϐριν
3074 2772 3399 2846 Ἀδαούλφου
3456 2772 3508 2825 ἐκ
3558 2765 3703 2829 ποδὸς
3740 2768 3917 2838 προηγὴ·

2413 2870 2609 2920 σασθαι
2660 2874 2751 2918 τοῦ
2802 2868 2961 2917 ἰππου
3008 2866 3116 2937 ἅμα
3163 2864 3355 2916 λοιπῶν
3405 2864 3449 2897 ⁷9
3509 2857 3810 2931 αἰχμαλώτων
3852 2850 3915 2900 ἑπ-

2410 2956 2570 3019 ἐταξε·
2603 2962 2691 3007 καὶ
2735 2960 2792 3007 τὸ
2837 2951 3113 3026 διάστημα
3157 2949 3217 3011 ἧν
3247 2954 3295 2988 ⁸⁰
3325 2960 3419 3013 τῆς
3463 2953 3743 3022 προπομπῆς
3777 2941 3819 2994 ἐκ
3852 2947 3918 2996 τῆς

2408 3045 2599 3106 πόλεως
2651 3048 2814 3117 μέχρι
2872 3039 3174 3095 δωδεκάτου
3228 3046 3465 3113 σημείου.
3496 3040 3642 3092 Ἐπτὰ
3689 3031 3738 3086 δε
3778 3033 3920 3100 ἡμέρας

2408 3134 2563 3207 ἄρξας
2626 3132 2932 3207 ἀναιρεῖται,
2986 3135 3190 3204 ἡγεμὼν
3252 3128 3311 3183 δὶ
3367 3139 3463 3182 τῶν
3521 3129 3696 3180 Γοτθων
3747 3117 3921 3173 Οὗαλίας

2407 3226 2744 3276 καθίσταται.

2478 3401 2598 3454 Ὀτι
2651 3402 2675 3452 ὁ
2723 3402 2984 3472 ἱστορικός
3029 3417 3160 3470 φησι
3198 3401 3347 3469 παρὰ
3401 3393 3683 3461 Οὐαλερίου,
3708 3387 3814 3442 τινὸς
3848 3386 3918 3430 τῶν

2409 3491 2676 3562 ἐπισήμων
2741 3488 2965 3539 ἀκοῦσαι
3020 3494 3137 3561 περὶ
3206 3482 3527 3558 ἀνδριάντων
3577 3481 3777 3553 ἀργυρῶν
3822 3483 3916 3520 τετί-

2406 3579 2659 3651 λεσμένων
2680 3579 2723 3612 ⁸¹
2776 3578 2847 3639 εἰς
2888 3575 3165 3650 βαρϐάρων
3215 3574 3562 3627 ἀποκώλυσιν.
3590 3573 3661 3623 Ἐν
3708 3566 3788 3636 γὰρ
3834 3562 3918 3612 ταῖς

2406 3671 2639 3741 ἡμέραις,
2713 3672 2864 3738 φησὶ,
2944 3669 3309 3718 Κωνσταντίου
3384 3671 3473 3716 τοῦ
3543 3656 3760 3734 βασιλέως
3792 3650 3830 3701 ἐκ
3868 3649 3913 3713 τῖῗ

2406 3737 2587 3831 Θράκῃ
2645 3755 2928 3827 Οὐαλερίου
2978 3756 3231 3825 ἄρχοντος
3288 3759 3514 3824 μήνυσις
3556 3754 3731 3822 γέγονεν
3767 3742 3818 3799 ὡς
3850 3737 3915 3789 θη·

2406 3850 2595 3918 σαυρὸς
2649 3847 2895 3916 εὑρεθείη.
2928 3844 3205 3915 Οὐαλέριος
3251 3839 3312 3895 δε
3354 3846 3495 3915 παρὰ
3528 3844 3607 3892 τὸν
3639 3851 3764 3887 τοπον
3786 3843 3918 3897 παρα·-

2401 3942 2663 4006 γενομενος
2719 3936 2964 4005 μανθάνει
3015 3935 3158 4007 παρά
3210 3933 3255 3966 ⁸³
3322 3940 3424 3984 τῶν
3490 3928 3747 4001 ἐπιχωρίων
3815 3915 3915 3985 ἱερὸν

2403 4022 2530 4076 εἶναι
2579 4028 2664 4075 τὸν
2716 4028 2869 4075 τόπον
2898 4025 3078 4087 ⁸³,καὶ
3131 4020 3182 4082 ἐξ
3226 4019 3457 4091 ἀρχαίας
3504 4018 3685 4071 τελετῆς
3728 4001 3918 4076 ἀνδριάν-

2402 4133 2495 4175 τας
2547 4112 2594 4163 ἐν
2640 4112 2781 4181 αὐτῷ
2840 4110 3180 4185 ἀφιερώσθαι.
3239 4110 3367 4161 Εἶτα
3421 4109 3645 4181 ἀναφέρει
3689 4103 3821 4150 ταῦτα
3864 4094 3915 4154 τῷ

2404 4201 2630 4275 βασιλεῖ,
2664 4206 2751 4251 καὶ
2805 4197 3023 4271 δέχεται
3064 4200 3284 4270 γράμμα
3336 4197 3601 4271 ἐπιτρέπον
3638 4190 3755 4257 αὐτῷ
3780 4178 3917 4234 ἀλαλα-

2402 4292 2504 4345 ϐεἰν
2554 4294 2615 4342 τὰ
2660 4292 2967 4362 μηνυθέντα.
3016 4288 3429 4359 ’Λνορυχθέντος
3478 4291 3637 4338 τοίνυν
3688 4284 3762 4330 τοῦ
3798 4275 3918 4322 τόπου

2401 4384 2725 4453 εὑρίσκονται
2786 4386 2921 4451 τρεῖς
2981 4374 3287 4451 ἀνδριάντες
3342 4374 3416 4428 δι’
3485 4375 3599 4427 ὃλου
3657 4368 3702 4430 ἐξ
3745 4363 3923 4437 ἀργύρου

2398 4474 2754 4542 πεποιημένοι,
2804 4468 2851 4520 ἐν
2883 4469 2928 4502 ⁸⁴
2996 4470 3239 4539 σχήματι
3290 4464 3598 4539 βαρϐαρικῷ
3650 4460 3691 4493 ⁸⁵
3732 4449 3923 4505 κατακεί-

2398 4580 2538 4633 μενοι
2589 4564 2678 4611 καὶ
2726 4557 3159 4629 ἓξηγκωνισμένοι
3211 4556 3326 4606 κατ’
3384 4554 3573 4628 ἀμφοῖν
3624 4554 3724 4601 ταῖν
3768 4543 3926 4613 χεροῖν,

2401 4630 2524 4722 [189
2577 4648 2667 4720 3.]
2724 4642 3052 4719 ἐνδεδυμένοι
3132 4642 3190 4697 δὲ
3261 4643 3529 4719 βάρϐαρον
3600 4630 3928 4702 πεποικιλμένη

1976 4793 2215 4848 VARIIE
2256 4794 2653 4851 LECTIONES.

712 4959 758 4993 ⁷³
815 4956 917 5029 γὰρ
951 4955 1054 5029 ΑλΔ
1086 4948 1144 5005 δὲ
1200 4973 1260 5015 ς,
1358 4948 1427 5029 3³
1464 4944 1740 5029 ’τετάχθαιι
1788 4962 1840 5005 ς’.

639 5029 747 5093 ϐιος
804 5024 1133 5078 -ὲ-’Δὸϐϐιον
1189 5044 1243 5087 ς.

639 5034 747 5093 ϐιος
804 5060 870 5069 ——-
923 5034 1133 5078 Δὸῧὸιον
1189 5044 1243 5087 ς’.
1365 5034 1397 5055 ⁴¹
1454 5037 1479 5069 ο
1527 5034 1647 5072 om.
1699 5034 1764 5067 Α.
1848 5034 1889 5047 ὐ
1947 5034 2029 5065 οιε
2079 5034 2150 5087 ειρ

637 5107 679 5139 ⁸¹
715 5096 1105 5171 τετελεσμένων]
1133 5094 1248 5151 vid.
1283 5091 1514 5147 Kuster.
1552 5087 1629 5144 ad
1654 5085 1817 5143 Suid.
1848 5101 1903 5141 v.
1938 5034 2150 5147 Muigo;

637 5177 683 5212 ³⁵
726 5172 1055 5249 βαρϐαρικοῦ
1097 5189 1151 5232 ς.

1957 4941 2003 4976 ῖ⁴
2060 4940 2275 5000 ἐπέθηκε
2329 4965 2386 5007 ς’.

1358 5021 1399 5055 ’Π
1454 5019 1479 5069 ὁ
1527 5009 1647 5072 om:
1699 5017 1790 5087 A._
1841 5013 1889 5047 ⁷⁸
1947 5009 2309 5087 διεχειρίσατο
2365 5036 2419 5078 ς’.

2233 5088 2277 5121 ⁸²
2306 5087 2447 5159 παρὰ
2472 5084 2516 5136 Α
2551 5101 2565 5137 :
2593 5087 2708 5157 περὶ
2739 5103 2793 5145 ς’.

2498 4942 2545 4975 ⁷⁸
2600 4943 2687 4991 καὶ
2718 4946 2811 4999 τῆς
2846 4936 2938 4989 [Ιλ.
2993 4958 3047 5000 ς.
3160 4936 3228 4972 π’
3281 4935 3352 4998 εἰς
3400 4951 3524 4993 om,
3581 4936 3643 4988 Α,
3718 4918 3928 5000 ξεί-Δὸς-

2536 5013 2583 5046 ⁷⁹
2640 5011 2841 5070 λοιποὶς
2872 4993 3261 5089 ⁸αὶχριαλιιίιτοις
3481 5009 3529 5042 ⁸ο
3568 5002 3655 5089 ἦν]
3707 4996 3759 5052 δε
3799 4993 3849 5053 ἦν
3875 5011 3923 5089 ις.

2872 5082 2916 5115 ⁸³
3064 5084 3219 5131 τόπον
3248 5068 3375 5132 εἶναι
3406 5100 3466 5132 ω.
3544 5079 3591 5111 ⁸⁸
3628 5068 3680 5126 ’ἓν
3716 5084 3821 5127 om.
3864 5068 3917 5116 Α·

2193 5282 2423 5337 NOTAE.

705 5433 816 5501 (42)
850 5426 1111 5501 Subaudi
1138 5421 1434 5501 frumenti
1454 5417 1699 5501 publici,
1732 5414 1890 5501 quod
1928 5414 2147 5501 viritim
2178 5430 2280 5496 pu-

628 5485 783 5586 blice
808 5485 1034 5579 populo
1056 5485 1223 5586 Itoni.
1247 5485 1725 5556 distribuebatur,
1750 5485 1822 5544 de
1849 5502 1969 5559 quo
2008 5485 2194 5541 multa
2222 5486 2283 5541 in

856 5575 1209 5698 Γὲἓὲἓὲυὲέῐ
1254 5636 1353 5714 πρὸ
1426 5642 1520 5697 τῆς
1575 5630 1947 5707 Βαρκελλωνος,
1990 5632 2053 5687 ut
2104 5627 2283 5686 hodie

2392 5413 2608 5469 dicitur
2625 5429 2635 5467 :
2653 5410 2978 5482 antiquitus
2994 5424 3133 5482 vero
3157 5408 3435 5482 Barcino,
3450 5405 3632 5463 Plinio
3645 5407 3697 5459 et
3715 5394 3938 5456 Paulino.

2464 5484 2577 5627 ἐμ)
2611 5480 2819 5553 δίεουῖ
2840 5489 2896 5537 et
2923 5481 3021 5536 alii
3064 5481 3259 5537 Vallia
3288 5480 3619 5535 ediderunt.

2489 5559 2577 5627 45)
2600 5553 3033 5611 Commendare
3056 5557 3304 5610 conatur
3322 5551 3506 5609 homo
3526 5548 3619 5606 eth

2489 5544 2577 5627 45)
2600 5544 3033 5611 Commendare
3056 5557 3304 5610 conatur
3322 5551 3506 5609 homo
3526 5544 3781 5606 ethnicus
3796 5547 3941 5595 suam

2392 5628 2896 5701 superstitionem.
