4036 6214
175 274 254 332 $69

174 399 340 462 έσθῆτα,
386 400 464 449 καὶ
505 404 757 468 κομῶντες
811 396 903 457 τὰς
952 394 1188 467 κεφαλὰς,
1235 398 1462 460 νεύοντες
1499 396 1585 451 ἐπὶ
1632 401 1689 452 τὸ
1723 421 1765 475 Α

168 489 349 562 atra»
384 490 541 559 μέρος,
591 488 832 537 τουτέστι
878 486 1014 536 κατὰ
1062 492 1154 536 τοῦ
1201 483 1528 560 βαρϐαρικοῦ
1582 494 1692 559 χώο

169 597 252 650 ρον.
299 576 376 627 Ὧν
434 571 745 648 ἀνδριάντων
827 573 1214 645 ἀναληφθέντων
1291 577 1536 648 πάραυτα
1599 582 1689 628 καὶ

166 665 249 738 μετ’
269 665 418 735 «ili-1a;
453 665 646 736 ἡμέρας
671 671 870 736 πρῶτον
899 666 988 731 μεν
1019 665 1077 714 τό
1108 663 1157 698 ⁸⁸
1207 666 1409 717 Γότθων
1453 667 1596 728 ἔθνος
1643 667 1686 701 ⁸⁷

167 761 294 807 πᾶσαν
332 751 572 825 έπιτρίχει
619 757 707 810 τὴν
754 753 989 823 Θράκην,
1016 751 1188 823 ἔμελλε
1235 747 1294 805 δε
1326 757 1511 827 μικρὸν
1542 753 1692 806 ύστε-

160 863 227 916 ρον
247 847 320 894 καὶ
357 844 407 893 τό
440 849 536 893 τῶν
579 844 784 893 Ο-Ῑννων
815 845 906 892 καὶ
955 844 1013 892 τό
1059 848 1158 892 τῶν
1201 847 1483 916 Σαρματῶν
1531 862 1691 895 κατα-

161 928 417 1003 δραμεῖσθαι
445 935 500 982 τό
542 949 597 982 τε
643 929 922 1002 Ἰλλυρικόν
951 934 1041 982 καὶ
1086 929 1248 988 αὐτὴν
1291 935 1380 989 τὴν
1424 933 1640 1006 Θρᾴκην
1674 954 1685 965 ·

1273 266 1767 328 BIBLIOTHECA.

1807 303 1875 314 -
1906 272 2066 329 COD.
2119 269 2329 328 LXXX.
3344 275 3450 332 2Ἱο

1801 402 1937 455 sunt
1989 415 2216 471 paucos
2244 401 2380 470 post
2403 399 2552 466 dies,
2595 399 2947 456 Gotthorum
2988 399 3250 472 primum
3297 417 3447 474 gens

1800 487 2714 545 universamincurritThraciam
2741 506 2754 555 ;
2778 488 3110 562 futuraeque
3130 497 3262 562 post
3285 491 3443 565 60b

1801 577 1982 649 paulo
1995 583 2160 633 erant
2183 579 2532 633 Hunnorum
2550 593 2619 634 ac
2636 577 3047 635 Sarmatarum
3068 580 3446 639 incursiones

1797 665 1858 720 in
1890 665 2212 737 Illyricum,
2255 671 2311 721 et
2361 666 2556 737 ipsam
2604 667 2911 722 Thraciam
2947 684 2958 722 :
3023 668 3103 724 uti
3137 669 3447 727 Thraciam

1800 754 1949 810 inter
1979 760 2034 809 et
2080 753 2377 826 Illyricum
2394 759 2654 810 sitasunt
2687 755 2812 811 haec
2827 758 3291 813 consecrationis
3310 759 3444 817 loca

1799 849 1856 899 et
1906 842 2085 897 trium
2129 848 2457 898 statuarum
2511 859 2818 913 numerus,
2887 845 3176 901 adversus
3236 862 3447 904 omnes

1799 937 2004 1000 gentes
2043 931 2332 988 barbaras
2366 933 2754 1003 inauguratus
2794 933 3126 990 videbatur.

158 1019 193 1071 ἓν
210 1026 325 1091 μίτῳ
345 1022 435 1092 γὰρ
459 1018 615 1079 αὐτῆς
638 1038 693 1072 τε
719 1021 934 1092 Θράκης
963 1024 1052 1070 καὶ
1091 1027 1183 1071 τοῦ
1215 1019 1500 1092 Ἰλλυρικοῦ
1528 1024 1792 1074 κατέκειτο
1818 1023 1883 1072 τὰ
1912 1029 2002 1080 τῆς
2027 1021 2247 1086 τελετῆς,
2293 1026 2381 1073 καὶ
2411 1021 2554 1092 ἐῴκει
2585 1030 2682 1074 τῶν
2703 1031 2856 1096 τριῶν
2891 1020 3210 1096 ἀνδριάντων
3244 1026 3268 1077 ό
3293 1024 3443 1098 ἀριθ-

155 1113 228 1182 μός
245 1111 358 1160 κατὰ
382 1112 564 1168 παντὸς
593 1110 764 1169 ἔθνους
794 1109 843 1144 ⁸⁸
872 1107 1168 1162 τετελέσθαι
1194 1109 1241 1144 ⁸³
1271 1105 1564 1182 βαρϐάρου.

207 1198 309 1268 [ΗΟ
356 1197 441 1270 [1.]
490 1197 614 1250 Ὀτι
661 1199 688 1250 ὁ
734 1200 998 1272 ἱστορικός
1054 1203 1171 1271 περὶ
1208 1205 1301 1250 τοῦ
1335 1197 1527 1251 οἰκείου
1572 1196 1687 1252 δια-

151 1285 368 1358 λαμϐάνων
417 1283 642 1339 διάπλου
718 1287 881 1340 πολλά
957 1288 1138 1339 παθεῖν
1190 1291 1280 1339 καὶ
1337 1283 1690 1358 δυστυχῆσαί

151 1394 264 1444 φησι.
291 1379 425 1446 Λέγει
467 1372 526 1428 δε
558 1380 649 1428 καὶ
693 1376 766 1438 εἰς
814 1379 906 1437 τὰς
947 1376 1166 1437 Ἀθήνας
1202 1381 1449 1448 κατᾶραι,
1491 1382 1580 1428 καὶ
1626 1385 1686 1448 τῇ

149 1464 270 1516 αὐτοῦ
320 1461 517 1537 σπνουδῇ
576 1469 667 1517 καὶ
718 1463 978 1536 ἐπιμελείᾳ
1019 1464 1089 1526 εἰς
1143 1467 1193 1500 ⁰⁰
1239 1466 1327 1516 τὸν
1385 1468 1689 1537 σοφιστικὸν

147 1555 283 1624 θρόνον
315 1551 606 1624 ἀναχθῆναι
646 1557 885 1606 Λεόντιον
933 1556 1076 1605 οὔπω
1120 1551 1375 1605 ὶθελοντα.
1427 1557 1581 1624 Λέγει
1630 1549 1690 1606 δε

143 1646 209 1693 καὶ
247 1646 348 1716 περὶ
387 1649 473 1693 τοῦ
515 1641 788 1715 τρίϐωνος,
834 1645 902 1704 ὡς
929 1641 1022 1694 ούκ
1062 1639 1178 1703 ἕξῆν
1217 1644 1352 1694 κατά
1393 1644 1487 1702 τὰς
1536 1641 1690 1700 Ἀθή-

141 1750 210 1791 νας
246 1729 599 1804 περιϐαλέσθαι
637 1731 795 1784 αύτόν
836 1751 972 1794 τινα,
1027 1737 1119 1782 καὶ
1169 1729 1403 1802 μάλιστα
1451 1729 1607 1796 ξένον,

1720 1609 1763 1663 Β

142 1823 195 1890 μὴ
227 1822 261 1855 ⁹¹
297 1827 390 1870 τῶν
436 1827 699 1892 σοφιστῶν
747 1822 776 1879 ἡ
828 1825 1006 1892 γνώμη
1056 1817 1296 1893 έπέτρεπε
1337 1824 1426 1872 καὶ
1471 1822 1525 1873 αἱ
1553 1821 1689 1872 κατά

139 1912 230 1969 τοὺς
261 1913 590 1979 σοφιστικοὺς
623 1913 814 1981 νόμους
856 1908 1050 1962 τελεταὶ
1082 1907 1344 1961 έϐεϐαίουν
1374 1912 1432 1960 τό
1459 1908 1682 1980 ἀξίωμα.

142 1996 211 2049 Ἠν
246 1994 296 2051 δε
335 2000 381 2034 ⁹³
416 2002 479 2050 τὰ
518 1999 804 2072 τελούμενα
841 2006 1058 2051 τοιαῦτα
1110 2020 1121 2032 ·
1172 2005 1379 2072 Πρῶτον
1420 2002 1510 2070 μὲν
1558 2017 1687 2051 κατ-

138 2091 283 2154 ἠγοντο
305 2085 383 2138 ἐπὶ
405 2090 463 2139 τό
496 2084 764 2158 δημόσιον
807 2084 1075 2159 βαλανεῖον
1102 2087 1219 2138 ὅσοι
1243 2083 1501 2152 νεήλυδες,
1533 2087 1594 2137 ἄν
1635 2103 1686 2138 τε

138 2179 275 2246 μικροὶ
319 2177 376 2226 ἄν
418 2194 473 2228 τε
514 2175 758 2249 μεγάλοι.
805 2175 894 2238 Ἐξ
936 2175 1003 2226 ὧν
1047 2181 1136 2226 καὶ
1177 2176 1226 2226 οἱ
1271 2179 1400 2248 πρὸς
1446 2179 1534 2226 τόν
1572 2179 1685 2246 τρί-

135 2261 240 2315 ϐωνα
277 2261 579 2327 ἐπιτήδειοι,
635 2263 842 2324 ἡλικίας
902 2260 1009 2322 ἤδη
1064 2271 1250 2337 καιροῦ
1295 2269 1566 2335 γεγονότες
1603 2262 1687 2324 οὓς

136 2352 188 2411 εἰς
236 2357 374 2423 μέσον
427 2353 641 2406 ἔϐαλλον
686 2355 736 2406 οἱ
780 2355 1091 2425 κατάγοντες
1146 2352 1516 2423 σχολαστικοί.
1567 2348 1689 2406 Εἶτα

131 2449 204 2492 τῶν
381 2444 670 2514 ἔμπροσθεν
724 2447 1014 2515 τρεχόντων
1066 2445 1156 2493 καὶ
1212 2439 1529 2505 κωλυόντων,
1585 2448 1686 2493 τῶν

133 2525 177 2580 δι
217 2532 462 2584 ὠθούντων
536 2537 630 2584 καὶ
696 2533 1009 2603 ἐπεχόντων,
1062 2532 1265 2582 πάντων
1323 2527 1382 2583 δε
1432 2539 1532 2583 τὼν
1584 2551 1684 2584 κω-

129 2617 306 2672 ὶνοντων
355 2629 520 2674 ταῦτα
586 2619 827 2694 βοώντων
883 2642 910 2671 ‹‹
965 2626 1086 2685 Στᾶ,
1149 2625 1270 2685 στᾶ,
1329 2619 1389 2671 ού
1437 2619 1592 2683 λούει,
1656 2644 1683 2669 ››

126 2717 413 2781 κατακρατεῖν
475 2707 645 2770 δῆθεν
717 2716 809 2762 τοῦ
872 2708 1070 2781 ἀγῶνος
1141 2705 1358 2761 ἐδόκουν
1442 2710 1490 2760 οἱ
1571 2707 1687 2762 ἀντ-

124 2797 328 2860 vina-1:1;
380 2798 452 2860 εἰς
505 2802 674 2869 τιμὴν
731 2805 824 2850 τοῦ
876 2801 1230 2868 καταγομένου
1301 2797 1684 2867 σχολαστικοῦ,

125 2886 238 2946 ὅστις
305 2891 427 2959 μετά
499 2887 702 2943 πολλὴν
782 2889 941 2958 ὦραν,
1017 2889 1253 2949 στάσεως
1330 2885 1522 2947 πολλῆς
1601 2885 1684 2938 ἐπὶ

709 2975 908 3047 ἐθίμοις
990 2977 1196 3050 ῥήμασι
1282 2979 1681 3048 προγενομένης,
1716 2959 1758 3016 C

1601 3060 1622 3077 ν

1573 3082 1595 3116 ε
1601 3083 1684 3116 ιτα

127 2982 202 3033 τοῖς
267 2978 519 3051 προαχθεί
525 2995 612 3029 σιν

125 3063 344 3133 εἰσάγεται
371 3066 442 3125 εἰς
493 3069 584 3117 τὸν
632 3066 818 3138 θερμὸν
857 3061 994 3116 οἶκον
1029 3069 1119 3117 καὶ
1158 3063 1468 3117 ἀπολούεται
1509 3085 1522 3096 ·

126 3148 416 3224 ἐνδυσάμενος
441 3151 670 3226 ἐδέχετο
701 3158 794 3211 τὴν
825 3160 916 3205 τοῦ
956 3152 1198 3226 τρίϐωνος
1227 3152 1464 3215 έξουσίαν
1491 3155 1560 3216 9³,
1595 3158 1684 3205 καὶ

126 3240 294 3294 their:
322 3247 445 3315 μετὰ
475 3250 572 3296 τοῦ
603 3241 852 3318 τρίϐωνος
877 3240 931 3294 ἐκ
960 3249 1051 3295 τοῦ
1083 3240 1359 3314 βαλανείου
1389 3241 1573 3312 ἐντίμῳ
1593 3247 1684 3294 καὶ

126 3327 334 3402 τεριδόξῳ
346 3330 798 3405 δορυφορούμενος
812 3338 992 3404 πομπῇ
1009 3329 1115 3403 ἀπῇ
1124 3328 1430 3396 ει,δαπάνας
1445 3329 1684 3401 ἐπιγνούς

125 3423 294 3490 φανερὰς
315 3421 377 3481 εἰς
399 3425 521 3482 τούς
547 3429 654 3473 τῶν
681 3416 716 3472 δ
722 3419 966 3496 ιατριϐῶν
995 3421 1290 3495 προστάτας
1319 3424 1436 3483 τούς
1477 3419 1684 3493 λεγομέ-

123 3524 211 3566 νανς
235 3508 567 3582 ’Δκρωμίτας.

173 3684 270 3738 Ὀτι
307 3690 354 3740 οἱ
399 3685 710 3741 Ούάνδαλοι
741 3691 858 3748 τοὺς
906 3688 1127 3748 Γότθους
1165 3688 1425 3763 Τρούλους
1463 3686 1682 3740 καλοῦσι

125 3766 194 3823 διὰ
227 3780 274 3827 τό
315 3776 446 3848 λιμῷ
474 3778 820 3848 πιεζομένους
870 3775 1058 3838 αύτούς
1106 3775 1324 3850 τρούλαν
1360 3781 1509 3829 σίτου
1541 3779 1685 3851 ποιρά

123 3870 198 3911 τῶν
242 3863 546 3918 Ούανδάλων
598 3864 878 3938 ἀγοράζειν
936 3865 1040 3926 ἑνός
1092 3870 1353 3937 χρυσίνου
1398 3867 1446 3900 9⁸
1495 3887 1508 3898 ο
1547 3867 1576 3923 ἡ
1625 3861 1684 3919 δὲ

125 3951 274 4020 τροῦλα
299 3950 402 4005 οὐδ
394 3974 415 4007 ε
440 3959 620 4029 τρίτον
649 3953 834 4016 ξέστου
859 3961 1046 4027 χωρεῖ.

173 4047 274 4093 Ὀτι
291 4046 420 4095 κατά
443 4047 536 4106 τὰς
563 4043 836 4105 Ἱσπανίας
857 4050 957 4094 τῶν
979 4039 1295 4096 Ούανδάλων
1320 4041 1686 4119 καταδραμόν-

125 4144 221 4192 των,
260 4137 337 4183 καὶ
378 4142 477 4184 τῶν
517 4132 791 4204 Ῥωμαίων
833 4132 902 4192 εἰς
958 4135 1048 4193 τὰς
1084 4138 1479 4206 τετειχισμένας
1511 4134 1685 4195 πόλεις

122 4227 494 4291 uirque/orm,
535 4228 789 4282 τοσοῦτος
815 4221 981 4274 αύτῶν
1026 4221 1178 4295 λιμός
1205 4225 1591 4295 κατεκράτησεν
1621 4227 1686 4284 ὡς

1875 1201 1952 1253 De
1983 1215 2094 1254 sua
2127 1200 2379 1270 scriptor
2404 1199 2497 1255 hic
2528 1200 2908 1268 navigatione
2948 1201 3122 1258 refert
3171 1203 3358 1260 multa
3384 1221 3447 1260 se

1800 1287 2055 1343 adversa
2087 1287 2418 1358 pertulisse.
2451 1288 2710 1344 Athenas
2731 1305 2973 1361 quoque
3005 1292 3308 1363 appulisse
3333 1301 3451 1350 tra-

1798 1375 2141 1448 dit,suoque
2159 1375 2355 1433 studio
2381 1381 2438 1433 et
2461 1391 2603 1432 cura
2625 1377 2703 1433 ad
2735 1379 3120 1449 sophisticam
3151 1381 3332 1437 etiam
3362 1398 3450 1440 se-

1798 1464 1936 1520 dem
1959 1469 2230 1520 evectum
2265 1465 2834 1531 Leontium,tametsi
2857 1466 2917 1521 id
2937 1467 3032 1522 ille
3061 1483 3448 1542 nequaquam

1799 1552 1986 1608 vellet.
2016 1552 2131 1608 Sed
2162 1553 2314 1609 etde
2358 1553 2538 1624 pallio
2587 1554 2912 1625 sophistico
2971 1556 3081 1626 (46)
3141 1559 3447 1615 memoriae

1799 1642 2078 1714 prodidit,
2120 1643 2341 1698 nemini
2372 1643 2724 1714 (praesertim
2760 1659 2898 1699 vero
2947 1650 3146 1701 extero
3171 1646 3442 1720 homini),

1798 1731 2039 1786 Athenis
2071 1731 2128 1786 id
2171 1737 2400 1800 gestare
2430 1731 2666 1787 licuisse
2697 1748 2711 1798 ;
2743 1733 2854 1788 nisi
2886 1733 3296 1804 sophistarum
3325 1736 3450 1792 suf-

1796 1818 1986 1889 fragio
2018 1819 2147 1891 ejus
2176 1821 2426 1889 gestatio
2457 1819 2538 1876 illi
2586 1836 2894 1887 concessa,
2922 1822 3304 1897 dignitasque
3330 1825 3446 1881 ista

1795 1908 2201 1980 sophistarum
2231 1911 2431 1978 legum
2454 1909 2662 1964 ritibus
2692 1915 2847 1966 esset
2867 1910 3245 1968 conﬁrmata.
3281 1913 3445 1968 Ritus

1796 2002 2018 2062 autem,
2047 1997 2152 2070 qui
2185 1996 2640 2068 peragebantur,
2674 1997 2818 2054 tales
2855 2005 3044 2055 erant.
3078 2000 3342 2057 Primum
3373 2001 3445 2058 ad

1796 2085 2099 2156 publicum
2127 2085 2410 2142 balneum
2434 2085 2886 2143 deducebantur
2907 2088 3012 2160 qui
3039 2088 3241 2145 novitii
3273 2089 3446 2146 adve-

1795 2174 2039 2239 nissent,
2065 2175 2187 2230 sive
2210 2175 2399 2246 parvi,
2417 2176 2541 2230 sive
2556 2176 2907 2244 grandiores
2923 2193 2936 2231 :
2953 2183 3133 2249 atque
3160 2178 3308 2233 inter
3334 2179 3444 2234 hos

1795 2265 1973 2320 etiam
2006 2265 2043 2319 ii
2066 2265 2165 2336 qui
2182 2270 2532 2335 pereetatem
2546 2264 2624 2320 ad
2655 2263 2902 2336 pallium
2931 2265 3295 2323 sumendum
3323 2267 3447 2340 apti

1796 2357 1986 2419 erant,
2014 2369 2167 2425 quos
2192 2353 2250 2407 in
2282 2353 2548 2409 medium
2577 2353 3014 2425 protrudebant
3030 2355 3444 2421 scholastici,a

1795 2441 2018 2514 quibus
2039 2441 2512 2509 deducebantur,
2539 2441 2750 2498 deinde
2777 2441 2909 2498 aliis
2943 2444 3444 2516 praecurrentibus

1797 2536 1974 2604 atque
2000 2530 2476 2602 prohibentibus,
2491 2530 2624 2588 aliis
2643 2532 3150 2602 protrudentibus,
3169 2539 3445 2591 etcontra

1795 2619 2214 2676 tendentibus:
2243 2624 2541 2692 quotquot
2569 2626 2767 2676 autem
2799 2619 3199 2692 prohibebant
3232 2622 3444 2680 vocife-

1793 2707 2103 2765 rantibus:
2135 2727 2164 2760 ‹‹
2189 2707 2310 2772 Sta,
2347 2713 2454 2772 sta,
2489 2723 2608 2764 non
2657 2708 2810 2775 lava,
2854 2730 2883 2762 »
2917 2709 3309 2766 nihilominus
3357 2715 3443 2768 ta-

1795 2812 1933 2852 men
1966 2797 2025 2852 in
2051 2797 2372 2852 certamine
2398 2797 2433 2852 ii
2455 2795 2809 2852 videbantur
2823 2796 3218 2870 obtinere,qui
3241 2799 3298 2853 in
3328 2799 3440 2855 ho-

1794 2901 2003 2942 norem
2029 2885 2387 2951 scholastici,
2415 2900 2598 2958 quem
2635 2885 3035 2951 deducebant,
3077 2887 3438 2944 obsistentes

1793 2973 2466 3032 retrudebant.’l‘andem
2486 2978 2617 3046 post
2641 2973 2886 3043 longam
2903 2973 3441 3043 moram,multam-

1791 3080 1906 3138 que
1935 3064 2015 3120 ob
2045 3063 2206 3119 illata
2235 3079 2308 3118 ex
2331 3078 2493 3118 more
2519 3063 2670 3118 ultro
2696 3063 2962 3136 citroque
2987 3063 3169 3120 verba
3199 3070 3440 3122 conten-

1792 3155 2036 3220 tionem,
2066 3155 2116 3208 is
2149 3152 2598 3224 quideducitur,
2621 3152 2680 3206 in
2695 3152 2955 3214 calidam
2977 3153 3187 3210 cellam
3217 3154 3440 3211 induci-

1793 3249 1905 3307 tur,
1937 3243 2139 3314 ibique
2165 3241 2446 3298 abluitur.
2479 3246 2550 3296 At
2572 3247 2893 3313 postquam
2927 3257 2991 3297 se
3031 3241 3244 3308 induit,
3281 3243 3443 3314 pallii

1791 3331 2140 3403 dignitatem
2172 3330 2405 3402 accipit,
2439 3335 2618 3402 atque
2647 3330 2860 3386 exinde
2883 3347 3021 3388 cum
3052 3332 3236 3404 pallio
3261 3350 3292 3388 e
3319 3333 3442 3388 bal-

1790 3437 1925 3487 neo,
1949 3420 2165 3477 celebri
2190 3426 2245 3476 et
2275 3419 2605 3476 honoriﬁca
2633 3420 2885 3492 stipatus
2910 3437 3158 3494 pompa,
3187 3421 3445 3492 digredi-

1791 3518 1904 3577 tur,
1963 3509 2210 3566 decretis
2259 3509 2572 3565 luculentis
2623 3509 2964 3580 sumptibus
3011 3510 3072 3566 in
3101 3511 3442 3569 scholarum

1791 3599 2102 3664 antistites,
2128 3599 2232 3671 qui
2261 3598 2540 3655 dicuntur
2554 3598 2864 3654 Acromitae
2889 3599 3021 3671 (47).

1865 3687 2106 3744 Vandali
2121 3687 2368 3744 Gotthos
2383 3686 2688 3760 appellant
2706 3689 3259 3761 Trulos,propterea
3283 3689 3446 3759 quod

1791 3779 1852 3835 hi
1889 3778 2076 3834 enecti
2098 3776 2425 3848 aliquando
2454 3775 2634 3842 fame,
2669 3775 2838 3832 tritici
2879 3777 3100 3833 trulam
3148 3793 3182 3832 a
3213 3777 3444 3834 Vanda-

1792 3869 1864 3923 lis
1895 3883 2077 3924 aureo
2109 3881 2229 3922 uno
2258 3865 2636 3921 redimerem.
2670 3864 2848 3922 Trula
2878 3880 3018 3922 vero
3039 3866 3310 3922 nondum
3337 3869 3448 3922 ter-

1793 3959 1936 4014 tiam
1965 3955 2202 4012 sextarii
2232 3960 2461 4026 partem
2480 3955 2659 4026 capit.

1869 4049 2016 4102 Dum
2033 4043 2280 4100 Vandali
2293 4043 2600 4114 Hispanias
2614 4044 3078 4115 vastassent,qui
3091 4044 3150 4099 in
3173 4049 3442 4102 muratas

1793 4151 1855 4191 se
1889 4135 2062 4192 urbes
2097 4133 2347 4188 Romani
2372 4131 3044 4204 receperant.eoinediaa
3067 4133 3441 4202 adactisunt,

1793 4230 1860 4280 ut
1877 4222 2133 4278 invicem
2162 4237 2223 4277 se
2247 4219 2535 4277 laniando
2559 4220 2734 4278 edere
2751 4222 3214 4294 cogerentur.lbi
3233 4222 3447 4280 mulier

128 4305 558 4383 ιὶςᾶλληλογαγίαν
591 4308 958 4370 ἐκϐιασθῆναι.
997 4316 1096 4364 Καὶ
1116 4315 1247 4383 γυνή
1280 4314 1515 4386 τέσσαρα
1534 4316 1686 4365 τέκνα

1802 4329 1935 4375 una,
1969 4317 2226 4384 quatuor
2253 4310 2578 4368 liberorum
2607 4317 2817 4377 mater,
2850 4328 3061 4368 omnes
3094 4312 3402 4368 devoravit
3431 4330 3446 4379 ;

124 4394 285 4464 ἔχουσα
309 4401 476 4452 πάντα
503 4402 790 4470 κατέφαγε,
836 4404 1095 4474 πρόφασιν
1135 4399 1207 4473 ἐφ’
1249 4400 1470 4454 ἑκάστου
1514 4421 1686 4454 ποιου-

127 4489 217 4549 μένη
258 4493 344 4545 τήν
389 4497 491 4542 τῶν
540 4487 842 4542 ὑπολοίπων
893 4494 1087 4564 τροφὴν
1135 4494 1226 4542 καὶ
1277 4495 1560 4566 σωτηρίαν,
1592 4490 1682 4552 ἕως

127 4569 169 4622 ὃ
203 4581 350 4631 πάντα
396 4584 792 4652 καταφαγοῦσα
838 4577 1004 4640 λίθοις
1051 4579 1152 4633 ὑπὸ
1199 4586 1296 4633 τοῦ
1339 4575 1514 4652 δήμου
1563 4578 1684 4653 ἀνῃ-

131 4663 238 4727 ρέθηο

176 4747 266 4804 Ὀτι
302 4755 626 4819 εὔπλούτιος
671 4757 698 4808 ὁ
737 4759 1117 4832 μαγιστριανὸς
1158 4761 1288 4830 πρὸς
1336 4757 1578 4822 Ούάλιον,
1627 4757 1681 4821 ὃς

127 4844 197 4886 τῶν
255 4847 441 4898 Γότθων
507 4847 847 4920 ἐχρημάτιζε
928 4845 1218 4920 φύλαρχος,
1311 4846 1680 4900 ἀποστέλλεται

1795 4403 1871 4458 ad
1899 4401 2165 4472 singulos
2195 4401 2810 4474 praetexensmeliquos
2851 4418 2912 4458 se
2943 4402 3200 4468 alerc,ac
3223 4401 3448 4458 salvare

1797 4490 1957 4555 velle,
1981 4491 2173 4546 donec
2201 4490 2479 4548 omnibus
2505 4491 2840 4564 absumptis
2870 4491 3172 4563 lapidibus
3208 4507 3243 4546 a
3272 4491 3446 4563 plebe

1791 4579 2006 4637 obruta
2023 4583 2134 4636 est.

1861 4760 2021 4830 δια
2055 4758 2359 4831 Euplutius
2393 4759 2818 4828 magistrianus
2845 4759 2920 4814 ad
2941 4759 3443 4829 Valiuuii’18)Got-

1791 4848 2029 4905 thorum
2059 4848 2395 4920 praefectum
2429 4848 2693 4914 mittitur,
2721 4848 2823 4920 qui
2866 4849 3032 4920 pacis
3075 4847 3296 4904 imitere.
3336 4847 3444 4903 iui-

1425 4999 1665 5053 VARUE
1707 4998 2106 5056 LECTIONES.

174 5141 300 5220 “se?
329 5149 385 5198 τό
416 5154 516 5220 τᾶς»
548 5167 641 5220 ςίη
685 5147 734 5220 ⁸’ξ
756 5149 896 5220 ἔθνος
923 5152 961 5200 Α
997 5164 1017 5220 εν
1044 5151 1200 5220 μέρος
1231 5168 1286 5212 ς.

1366 5147 1413 5183 88
1442 5150 1618 5184 ﬂium”

174 5150 208 5175 ⁸·
230 5150 300 5216 τό]
329 5150 385 5198 τό
416 5154 516 5198 τῶν
548 5167 608 5211 ς’.
685 5150 734 5181 ⁸⁷
756 5150 896 5210 ἔθνος
923 5152 961 5200 Α
997 5164 1008 5203 :
1044 5151 1200 5220 μέρος
1231 5168 1286 5212 ς.
1366 5150 1413 5183 ⁸⁸
1441 5150 1618 5209 ἔθνους
1651 5165 1771 5205 om.

125 5215 249 5277 ponit
267 5237 318 5280 ς.
390 5219 438 5254 ”
467 5215 531 5277 ἦν
563 5215 644 5290 δέ]
673 5217 749 5275 cf.
779 5219 1183 5291 Wyttenbach.
1214 5221 1444 5292 Eunap.
1478 5224 1530 5286 2,
1563 5238 1620 5293 p.
1647 5224 1773 5276 280.

1808 5150 1869 5203 A.
1949 5149 1995 5183 ⁸9
2029 5148 2287 5200 τελεῖσθαι
2316 5169 2368 5211 ς.

2449 5152 2496 5184 9°
2525 5147 2620 5221 εἰς]
2651 5152 2738 5199 καὶ
2771 5147 2840 5208 εἰς
2876 5146 2940 5210 ς’.
3021 5149 3065 5183 ⁹¹
3101 5151 3129 5206 ἡ
3168 5153 3304 5203 ante
3336 5157 3434 5200 τῶν

1851 5223 1898 5256 οε
1934 5218 1977 5253 ’τ
2091 5225 2099 5235 -
2272 5238 2284 5249 .
2330 5219 2401 5253 ’τ’

1925 5239 2163 5282 ετουσιαν
2192 5222 2236 5274 Α
2272 5260 2284 5271 .
2318 5239 2464 5282 ανιαν
2499 5241 2552 5283 ς’.

2631 5221 2678 5253 ⁸⁸
2710 5224 2938 5292 χρυσίον
2970 5241 3026 5282 ς’.

1653 5373 1862 5430 ΝΟΤιΕ
1875 5416 1888 5429 .

176 5512 425 5598 (ξω-ως
446 5520 784 5598 B_._Gregor.
818 5523 1095 5598 Nazianz;
1116 5528 1265 5580 orat.
1293 5528 1382 5590 20,
1410 5540 1548 5598 quas
1563 5529 1668 5598 est

121 5579 471 5668 3‘3'34'39‘m0
491 5579 728 5668 !a803,
749 5600 887 5668 post
900 5595 1028 5651 init.
1057 5579 1284 5668 Eunap.
1299 5579 1540 5668 quoque
1558 5579 1668 5653 ίέιίέ

122 5654 183 5710 lio
219 5654 672 5730 Prohasresiifet
700 5654 786 5722 Ῐὸ.
837 5665 1056 5741 Gorop.
1107 5654 1408 5725 Becanum
1441 5654 1560 5726 lib.
1610 5683 1666 5726 iv

1778 5523 1923 5592 Orig
1934 5525 1994 5579 in
2007 5565 2019 5577 .

1849 5593 1958 5673 (47)
1991 5597 2056 5673 9i
2092 5593 2322 5673 μείςρνξς
2377 5591 2688 5673 Hesychio,
2727 5599 2781 5649 et
2835 5593 3012 5669 quasi
3073 5596 3442 5668 superiores.

1845 5665 1963 5744 (68)
1992 5665 2134 5741 ευρ.
2178 5665 2414 5723 Veliam
2458 5665 2711 5724 vocavit.
