4036 6214
542 275 641 329 271
1770 273 2006 330 ΡΗΟΤΙΙ
2047 276 2180 331 PAT

2294 274 2524 331 tRCH/E
2565 274 2670 331 ΟΡ.

3794 284 3901 341 272

540 404 646 471 ret,
708 400 1151 473 Placidiamque
1206 400 1509 473 reciperet.
1568 398 1665 455 Ille
1698 414 1840 455 vero
1869 402 2180 458 commode

2301 400 2375 471 ἐφ’
2476 397 2709 462 σπονδάς
2747 420 2800 455 τε
2832 404 3012 455 θέσθαι
3042 403 3303 475 εἰρηνικὰς
3341 409 3431 459 καὶ
3476 406 3753 462 ἀπολαϐεῖν
3802 416 3899 469 τὴν

538 489 778 561 recepit,
807 491 1113 560 missaque
1144 489 1591 545 frumentatione
1623 494 2036 545 sexcentorum
2066 489 2189 543 mil-

537 576 704 643 lium,
736 579 993 635 Placidia
1021 578 1293 651 Euplutio
1342 578 1579 643 tradita,
1614 577 1691 634 ad
1723 576 2050 634 Honorium
2077 578 2190 634 fra-

540 668 690 722 trem
719 666 1054 723 remittitur.

613 845 761 899 Cum
803 844 1042 900 Athenis
1094 843 1314 916 inquiri
1353 846 1616 915 coeptum
1678 848 1853 909 esset,
1919 858 2187 915 quonam

538 930 723 988 modo
748 931 1138 1003 conglutinari
1170 939 1415 1005 possent
1445 931 1601 995 libri,
1622 931 1852 987 discere
1872 934 2188 1003 quaerenti-

536 1019 651 1077 bus
696 1021 946 1077 modum
990 1022 1249 1093 glutinis,
1288 1019 1620 1091 Philtatius,
1659 1020 1960 1091 scriptoris
2004 1021 2185 1091 hujus

538 1110 758 1175 socius,
780 1109 924 1165 in‘re
970 1108 1253 1165 litteraria
1308 1108 1459 1164 bene
1512 1107 1859 1175 industrius,
1904 1109 2180 1175 ostendit,

534 1214 723 1272 quare
775 1204 831 1255 et
870 1197 1110 1255 honoris
1141 1198 1331 1269 gratia
1372 1200 1630 1254 statuam
1663 1195 1745 1252 illi
1801 1196 1962 1253 cives
2009 1197 2188 1254 collo-

536 1295 692 1347 cant.

609 1380 690 1435 De
730 1379 864 1436 Oasi
921 1382 1129 1435 auctor
1180 1376 1369 1435 multa
1416 1383 1619 1434 narrat
1664 1376 2057 1435 incredibilia.
2106 1381 2184 1433 De

534 1468 664 1540 ejus
694 1468 952 1540 primum
981 1466 1267 1540 temperie
1301 1482 1313 1522 :
1342 1471 1399 1521 et
1444 1465 1610 1538 quod
1648 1482 1819 1521 sacro
1857 1466 1940 1522 ibi
1972 1467 2185 1523 morbo

533 1572 656 1613 non
678 1557 861 1613 modo
900 1555 1045 1613 nulli
1073 1556 1368 1625 laborent,
1395 1554 1500 1609 sed
1529 1554 1709 1611 etiam
1738 1555 1787 1610 si
1814 1555 1918 1627 qui
1944 1554 2186 1611 aliunde

533 1646 873 1712 adveniant,
906 1661 977 1702 eo
1002 1645 1344 1712 liberentur,
1364 1644 1440 1699 ob
1482 1643 1809 1715 benignam
1863 1646 2015 1700 aeris
2046 1650 2186 1701 tem-

2302 487 2592 542 Πλακιδίαν
2630 510 2642 523 ·
2676 491 2701 543 ὁ
2736 488 2793 543 δι
2838 492 3051 563 ἑτοίμως
3096 489 3337 565 δέχεται.
3372 500 3471 547 Καὶ
3517 495 3901 562 ἀποσταλέντος

2300 578 2440 649 αὐτῷ
2472 583 2620 631 σίτου
2652 578 2699 631 έν
2729 583 2979 654 μυριάσιν
3029 580 3276 643 ἑξήκοντα
3320 581 3598 637 ἀπολύεται
3629 588 3677 621 ’⁵
3708 588 3899 640 Πλακιο

2302 663 2395 719 δία
2422 664 2787 740 παραδοθεῖσα
2826 669 3125 741 Εὐπλουτίῳ
3168 676 3294 744 πρός
3321 671 3562 747 Ὀνώριον
3592 679 3678 728 τὸν
3710 677 3899 730 οἰκεῖον

2298 756 2429 815 αὐτῆ
2443 778 2463 818 ς
2490 753 2727 827 ἀδελφόν.

2367 844 2488 898 Ὀτι
2512 846 2816 917 ζητήματος
2856 846 2904 898 έν
2952 856 3066 909 ταῖς
3098 848 3346 911 Ἀθήναις
3387 850 3747 923 ἀνακύψαντος
3776 862 3901 931 περὶ

2297 943 2394 986 τῶν
2424 934 2801 1007 κεκολλημένων
2831 938 2879 971 ⁹⁶
2906 935 3123 1009 βιϐλίων
3150 940 3331 1009 μαθεῖν
3365 940 3489 1010 [192
3517 940 3609 1012 3.]
3644 950 3749 1005 τοῖς
3785 942 3905 996 έπι-

2300 1026 2517 1086 ζητοῦσι
2547 1028 2604 1075 rb
2634 1029 2817 1097 μέτρον
2856 1032 2947 1077 τοῦ
2978 1026 3158 1077 κόλλον
3205 1029 3272 1092 ⁹⁷,
3303 1028 3574 1091 Φιλτάτιος
3615 1032 3683 1066 ’7'
3726 1033 3751 1083 ό
3808 1041 3903 1085 τοῦ

2298 1114 2564 1187 ἱστορικοῦ
2610 1113 2831 1185 έταῖρος,
2884 1114 3080 1187 εὐφυῶς
3140 1121 3255 1188 περὶ
3304 1123 3676 1190 γραμματικὴν
3730 1124 3903 1192 ἔχων,

2294 1208 2447 1253 τοῦτο
2482 1198 2711 1263 ἐπέδειξε
2741 1202 2809 1267 ⁸⁸,
2845 1207 2933 1255 καὶ
2960 1201 3319 1275 εὐδοκιμήσας
3341 1208 3597 1279 τυγχάνει
3622 1210 3767 1283 παρὰ
3799 1218 3905 1261 τῶν

2295 1290 2513 1343 πολιτῶν
2541 1290 2756 1352 εἰκόνος.

2363 1386 2481 1432 Ὀτι
2520 1383 2636 1451 περὶ
2667 1389 2756 1441 τῆς
2806 1379 3031 1441 Ὀάσεως
3074 1384 3097 1434 ὁ
3150 1386 3479 1456 συγγραφεὺς
3524 1386 3684 1439 πολλὰ
3726 1407 3906 1463 παρα-

2297 1463 2581 1539 δοξολογεῖ,
2642 1474 2757 1541 περί
2801 1488 2855 1522 τε
2911 1471 3027 1540 [111
3088 1470 3176 1541 Ηο]
3229 1481 3319 1532 τῆς
3377 1473 3659 1546 εὐκρασίας
3706 1477 3906 1541 αὐτῆς,

2294 1561 2384 1608 καὶ
2424 1558 2504 1608 ὅτι
2548 1558 2595 1608 oi
2645 1562 2737 1615 τὴν
2794 1561 2929 1631 ἱερὰν
2986 1564 3135 1611 νόσον
3184 1561 3392 1631 ἔχοντες
3430 1562 3488 1614 οὐ
3530 1570 3681 1634 μόνον
3728 1566 3909 1618 ἐκεῖσε

2297 1644 2354 1696 οὐ
2432 1650 2681 1716 γίνονται,
2764 1646 2891 1698 ἀλλά
2974 1652 3060 1699 καὶ
3136 1646 3421 1719 ἀλλαχόθεν
3488 1660 3907 1725 παραγινόμενοι

535 1734 780 1807 periem.
816 1735 894 1790 De
923 1734 1170 1807 copiosa
1199 1733 1417 1789 deinde
1443 1748 1580 1804 quas
1612 1734 1831 1788 ibidem
1855 1739 1941 1788 est
1980 1749 2180 1799 arena,

2298 1732 2708 1787 ἀπαλλάττονται
2752 1743 2842 1787 τοῦ
2900 1741 3195 1807 νοσήματος
3234 1739 3281 1772 ⁰⁹
3328 1734 3420 1790 διὰ
3466 1744 3558 1797 τὴν
3605 1750 3696 1793 τοῦ
3743 1742 3908 1815 ἀέρος

534 1823 727 1896 deque
748 1824 1067 1897 puteis,qui
1092 1824 1348 1879 fossione
1385 1823 1463 1878 ad
1484 1823 1773 1877 ducentos
1786 1828 1839 1877 et
1872 1829 2182 1892 trecentos,

530 1929 972 1986 nonnunquam
1008 1929 1147 1968 vero
1182 1914 1359 1969 etiam
1415 1911 1494 1968 ad
1545 1912 1902 1983 quingentos
1957 1912 2186 1968 cubitos

531 2002 702 2059 facta.
728 2002 1101 2073 scaturiginis
1154 2002 1309 2057 rivos
1354 2017 1461 2073 per
1490 2002 1783 2057 oriﬁcium
1832 2000 2180 2058 effundunt:

530 2092 691 2145 unde
718 2106 822 2161 per
852 2090 1009 2145 vices
1036 2089 1095 2155 ii,
1144 2090 1248 2161 qui
1274 2090 1576 2145 communi
1607 2088 1811 2143 labore
1849 2104 2002 2160 opus
2032 2088 2185 2145 fece-

531 2183 693 2243 runt,
724 2178 1026 2247 hauriunt,
1049 2184 1104 2233 et
1132 2194 1275 2233 arva
1300 2194 1408 2234 sua
1436 2181 1632 2248 rigant
1662 2177 1959 2247 agricolae.
2000 2178 2183 2234 Arbo-

532 2282 625 2323 res
648 2268 761 2340 (49)
793 2272 1078 2339 perpetuo
1097 2266 1179 2322 ibi
1207 2282 1390 2337 poma
1408 2267 1555 2322 ferre
1586 2273 1641 2321 et
1669 2266 2037 2321 frumentum
2070 2267 2183 2322 illic

530 2362 742 2413 natum
772 2356 938 2411 omni
978 2356 1276 2411 frumento
1315 2371 1446 2411 esse
1492 2355 1892 2427 praestantius,
1926 2356 2181 2427 niveque

530 2444 865 2500 candidius.
898 2444 1202 2499 Interdum
1259 2444 1345 2498 bis
1397 2444 1720 2515 quotannis
1760 2444 2054 2498 hordeum
2100 2442 2180 2497 ibi

530 2534 663 2597 seri,
688 2532 941 2588 millium
972 2538 1171 2589 autem
1211 2538 1501 2605 perpetuo
1531 2537 1637 2588 ter.
1699 2532 1907 2604 Rigare
1950 2531 2178 2587 incolas

529 2620 767 2677 ruscula
797 2637 927 2685 sua,
949 2626 1148 2676 astate
1170 2622 1337 2676 tertio
1364 2636 1605 2693 quoque
1622 2622 1736 2689 die,
1766 2620 2176 2686 hieme,sexto,

530 2715 709 2781 atque
746 2709 888 2765 hinc
940 2713 1168 2765 tantam
1207 2714 1376 2765 terra;
1434 2709 1791 2765 fertilitatem
1854 2708 2175 2765 conciliari.

528 2801 847 2872 Nunquam
870 2798 951 2855 ibi
982 2797 1199 2854 caelum
1228 2798 1415 2854 nubes
1449 2799 1819 2854 contrahere.
1844 2797 1933 2853 Ad
1957 2799 2085 2853 haec
2106 2798 2179 2853 de

527 2887 874 2958 horologiis,
896 2904 1032 2960 quas
1049 2887 1272 2943 ibidem
1295 2887 1925 2944 conﬁciuntur.0asim
1956 2904 2176 2944 memo-

528 2982 620 3036 rat
647 2978 904 3033 insulam
944 2977 1085 3032 olim
1116 2976 1315 3042 fuisse,
1346 2980 1525 3047 atque
1551 2991 1587 3031 a
1625 2977 1966 3031 continente
1996 2976 2181 3032 divul-

528 3083 680 3137 sam,
704 3068 1103 3163 eamdemque
1120 3065 1197 3163 ab
1218 3065 1510 3163 Herodoto
1543 3068 1739 3121 vocari
1762 3064 2005 3137 [Thalia]
2030 3067 2175 3122 Bea-
2210 3106 2251 3163 Ο

532 3161 727 3213 torum
747 3155 1001 3210 insulam
1036 3170 1052 3220 ;
1093 3154 1171 3209 ab
1212 3154 1503 3210 Herodoto
1547 3156 1661 3226 (50)
1715 3160 1913 3211 autem
1968 3172 2038 3211 eo
2078 3156 2178 3227 qui

532 3244 748 3315 Orphei
792 3258 861 3300 ac
892 3244 1089 3298 Musaai
1141 3243 1495 3315 conscripsit
1540 3243 1851 3299 historiam
1882 3246 2177 3300 nominari

529 3332 897 3389 Phaeacidem
929 3332 1064 3403 (5t).
1092 3333 1353 3388 Insulam
1380 3338 1516 3389 ante
1547 3332 1727 3388 fuisse
1754 3350 1825 3389 ex
1878 3349 1949 3388 eo
1984 3335 2182 3406 conje-

528 3428 728 3478 cturas
749 3421 1103 3493 ducit,quod
1121 3428 1279 3477 testas
1295 3424 1565 3491 marinae,
1581 3427 1637 3478 et
1666 3428 1862 3479 ostrea
1878 3423 2178 3495 lapidibus

530 3511 1012 3577 adhaerescentia,
1052 3510 1113 3567 in
1166 3526 1236 3565 eo
1285 3517 1487 3567 monte
1536 3512 1927 3577 inveniantur,
1958 3512 2061 3582 qui
2114 3527 2181 3567 ex

528 3600 825 3657 Thebaide
845 3600 907 3655 in
938 3599 1137 3657 Oasim
1167 3601 1350 3656 ducit.
1378 3600 1595 3655 Deinde
1630 3602 1823 3663 etiam,
1854 3600 2019 3671 quod
2050 3615 2179 3671 per-

525 3695 707 3762 petuo
738 3690 1076 3761 copiosaibi
1102 3706 1284 3746 arena
1310 3695 1753 3761 scatet,tresque
1766 3688 1948 3745 Oases
1969 3689 2175 3761 replet.

527 3782 675 3836 Nam
704 3780 882 3835 etiam
914 3780 1039 3851 ipse
1069 3782 1180 3849 (52)
1210 3783 1325 3834 tres
1356 3780 1536 3835 Oases
1576 3795 1704 3835 esse
1762 3778 1957 3835 tradit.
2018 3779 2177 3835 Duas

526 3884 803 3939 magnas,
849 3870 1198 3925 exteriorem
1231 3884 1438 3931 unam,
1472 3868 1718 3924 alteram
1752 3869 2113 3939 interiorem,
2147 3884 2177 3923 e

524 3959 766 4028 regione
798 3958 911 4014 sibi
944 3958 1197 4015 invicem
1224 3958 1798 4030 oppositas,centum
1831 3958 2175 4013 milliarium

525 4047 684 4120 διὸ
716 4048 911 4119 spatio
967 4048 1291 4121 interjecto,
1327 4062 1466 4101 cum
1513 4046 1681 4103 tertia
1747 4062 1957 4118 parva,
2000 4046 2175 4116 longo

524 4137 836 4194 interstitio
854 4140 931 4194 ab
959 4138 1158 4194 alteris
1186 4136 1425 4191 duabus
1469 4143 1763 4208 separata.
1791 4140 2038 4208 Insuper
2063 4135 2177 4191 hoc

525 4226 705 4281 etiam
722 4233 1074 4296 argumento
1097 4226 1358 4280 insulam
1390 4225 1571 4280 fuisse
1594 4226 1787 4291 tradit,
1810 4227 1973 4296 quod
1993 4241 2176 4295 saepe-

524 4328 777 4369 numero
802 4315 1037 4380 accidit,
1067 4322 1129 4369 ut
1159 4315 1351 4385 pisces
1377 4314 1454 4371 ab
1508 4315 1721 4370 avibus
1758 4330 1829 4369 eo
1884 4312 2066 4369 delati
2098 4315 2176 4367 vi-

527 4409 753 4468 santur,
782 4408 883 4458 aut
912 4411 1065 4459 certe
1105 4419 1443 4458 arrosorum
1486 4404 1731 4473 piscium
1790 4402 2053 4475 reliquie:
2079 4420 2091 4457 :
2117 4410 2177 4458 ut

525 4491 663 4547 inde
688 4492 1021 4563 conjectare
1046 4492 1236 4555 liceat,
1264 4508 1381 4547 non
1414 4492 1745 4547 admodum
1764 4491 1936 4561 longe
1966 4492 2175 4547 abesse

523 4597 709 4639 mare.
733 4583 823 4637 Ait
852 4582 963 4653 (53)
996 4588 1192 4638 autem
1250 4586 1305 4636 et
1337 4582 1656 4636 Homerum
1687 4596 1757 4635 ex
1798 4580 1997 4635 vicina
2035 4580 2174 4636 huic

522 4671 822 4729 Thebaide
862 4687 1053 4742 genus
1083 4672 1320 4726 ducere.

2296 1824 2595 1898 εὐκρασίαν.
2651 1829 2749 1877 Καὶ
2805 1829 2919 1896 περὶ
2966 1834 3055 1885 τῆς
3101 1824 3322 1898 ψάμμου
3370 1837 3465 1889 τῆς
3514 1830 3706 1892 πολλῆς
3760 1833 3908 1884 ἑκεί-

2293 1932 2385 1973 νης
2428 1918 2517 1964 καὶ
2557 1921 2656 1964 τῶν
2697 1913 3062 1987 ὀρυσσομένων
3096 1918 3346 1988 φρεάτων,
3389 1918 3459 1978 ὡς
3486 1917 3557 1979 εἰς
3582 1915 3907 1980 διακοσίους

2292 2007 2379 2054 καὶ
2434 2007 2791 2075 τριακοσίους,
2852 2004 2962 2054 ἔσθ’
3014 2005 3098 2055 ὅτε
3154 2000 3213 2055 δι
3257 2009 3344 2055 καὶ
3402 2005 3473 2067 εἰς
3519 2013 3905 2071 πεντακοσίους

2294 2097 2489 2162 πήχεις
2549 2091 2880 2165 ὀρυσσόμενα
2949 2091 3302 2153 ἀναϐλύζουσι
3354 2098 3411 2145 τό
3467 2096 3668 2169 ῥεῖθρον
3726 2098 3906 2150 αὑτοῦ

3127 2202 3139 2215 ε
3189 2181 3240 2245 ἐξ
3288 2182 3347 2234 οὗ
3422 2189 3555 2236 κατά
3616 2182 3906 2257 διαδοχήν

2290 2267 2582 2340 ἀρυόμενοι,
2631 2270 2775 2329 ὅσοις
2816 2273 2985 2321 κοινὸν
3014 2275 3189 2340 γέγονε
3227 2274 3283 2323 τό
3314 2274 3479 2343 ἔργον,
3514 2275 3645 2333 τόις¹
3693 2276 3907 2338 οἰκείας

2292 2187 2383 2231 τοῦ
2443 2185 2659 2251 στομίου
2714 2185 3060 2253 προχεόμενον

2291 2355 2516 2429 ἀρούρας
2562 2358 2869 2417 ποτίζουσιν
2909 2361 2957 2410 οἱ
2999 2364 3239 2431 γεωργοί.
3296 2363 3398 2414 Καὶ
3453 2363 3532 2413 ὅτι
3579 2365 3634 2413 αἱ
3687 2363 3907 2434 ὀπῶραι

2290 2447 2367 2498 ἀεὶ
2420 2454 2528 2507 τοῖς
2583 2442 2825 2521 δένδρεσι
2865 2453 3123 2520 φέρονται,
3175 2454 3264 2501 καὶ
3303 2451 3383 2501 ὅτι
3436 2452 3461 2501 ό
3511 2459 3655 2513 σῖτος
3695 2458 3909 2517 παντὸς

2289 2541 2531 2608 κρείττων
2574 2538 2595 2571 ³
2638 2541 2785 2588 σίτου
2831 2542 2919 2589 καὶ
2962 2542 3141 2608 χιόνος
3183 2537 3496 2613 λευκότερος,
3530 2546 3619 2592 καὶ
3657 2543 3739 2593 ὅτι
3780 2545 3905 2596 ἔσθ’

2289 2625 2371 2675 ὅτε
2419 2620 2503 2685 δὶς
2544 2631 2635 2676 τοῦ
2678 2627 2818 2684 έτους
2854 2629 3119 2699 σπείρεται
3173 2628 3201 2683 η
3238 2628 3416 2699 κριθή,
3470 2633 3577 2699 τρὶς
3626 2624 3685 2681 δὲ
3734 2628 3817 2682 ἀεὶ
3872 2634 3902 2688 ἡ

2288 2716 2535 2786 κέγχρος,
2569 2708 2883 2785 Ἀρδευουσι
2919 2709 2977 2764 δι
3006 2715 3070 2765 τὰ
3106 2710 3276 2784 γηδια
3317 2713 3484 2767 αὐτῶν
3530 2715 3577 2767 έν
3626 2719 3762 2791 θέρει
3801 2723 3909 2790 μὲν

2290 2798 2383 2853 διά
2425 2806 2601 2875 τρίτης
2649 2802 2864 2873 ἡμέρας,
2902 2802 2949 2853 ἐν
2991 2811 3215 2874 χειμῶνι
3260 2798 3318 2857 δὲ
3364 2800 3457 2857 δ’ιά
3503 2806 3677 2872 ἕκτης,
3733 2805 3791 2869 ἐξ
3836 2810 3909 2860 οὗ

2287 2895 2376 2942 καὶ
2420 2892 2446 2948 ἡ
2487 2889 2699 2962 εὖφορία
2742 2894 2959 2960 γίνεται.
3002 2896 3101 2943 Καὶ
3143 2893 3224 2943 ὅτι
3282 2896 3301 2926 ³
3348 2890 3597 2946 οὐδέποτε
3644 2902 3909 2966 συννεφέα

2286 2983 2501 3050 γίνεται.
2535 2978 2634 3032 Καὶ
2673 2982 2788 3052 περὶ
2828 2986 2926 3029 τῶν
2966 2984 3279 3053 ποιουμένων
3324 2981 3480 3033 αὐτοῦ
3520 2982 3813 3055 ὡρολογίων
3856 2988 3903 3039 ⁸.

2288 3071 2439 3138 Λέγει
2483 3063 2539 3120 δε
2580 3069 2657 3120 ὃτι
2703 3074 2862 3128 νῆσος
2900 3072 2956 3120 τό
3003 3067 3221 3121 παλαιόν
3270 3066 3329 3127 ἧν
3378 3075 3466 3122 καὶ
3514 3070 3901 3144 ἀπεχερσώθη,

2288 3162 2377 3208 καὶ
2424 3158 2503 3208 ὃτι
2552 3158 2745 3213 ταύτην
2802 3156 2948 3208 καλεῖ
2998 3156 3278 3230 Ἡρόδοτος
3329 3162 3585 3234 Μακάρων
3643 3166 3848 3223 νήσους
3886 3183 3899 3194 ο

2285 3242 2572 3320 Ἡρόδωτος
2604 3242 2677 3308 δε,
2727 3246 2752 3297 ό
2794 3249 2885 3303 τὴν
2919 3245 3142 3318 Ὀρφέως
3188 3252 3277 3299 καὶ
3324 3252 3598 3302 Μουσαίου
3642 3254 3900 3322 συγγρά-

2287 3336 2391 3408 ψας
2434 3337 2686 3408 ἱστορίαν,
2730 3332 2994 3389 Φαιακίδα
3042 3338 3235 3394 ταύτην
3284 3337 3451 3395 καλεῖ,
3502 3345 3793 3411 Τεκμηριοί
3834 3338 3901 3393 δε

2287 3432 2445 3484 νῆσον
2491 3424 2649 3483 αὐτὴν
2701 3428 2962 3495 γεγονέναι
3010 3427 3065 3477 ἔκ
3118 3444 3171 3477 τε
3215 3433 3305 3478 τοῦ
3345 3430 3577 3501 ὄστρακα
3628 3428 3908 3481 θαλάσσια

2288 3519 2376 3565 καὶ
2415 3518 2602 3585 ὄστρεα
2648 3513 2815 3575 λίθοις
2862 3521 2952 3565 τοῦ
3000 3518 3149 3585 ὅρους
3191 3516 3666 3589 προσπεπλασμένα
3696 3520 3718 3551 ⁸
3751 3518 3909 3591 εὗρέ-

2290 3603 2509 3655 σκεσθαι
2546 3610 2635 3655 τοῦ
2679 3601 2757 3653 ἐπὶ
2806 3608 2899 3661 τὴν
2943 3602 3135 3655 ”Οασιν
3185 3602 3285 3657 ἀπὸ
3334 3611 3429 3666 τῆς
3477 3602 3751 3667 Θηϐαίδος
3808 3614 3905 3679 φέο

2286 3711 2478 3765 ροντος,
2538 3688 2777 3765 δεύτερον
2830 3693 2909 3745 ὅτι
2956 3692 3203 3765 ψάμαθός
3246 3692 3406 3753 πολλὴ
3454 3693 3760 3765 ἔπεκχείται
3814 3695 3906 3749 ἀεὶ

2287 3786 2376 3833 καὶ
2423 3784 2516 3843 τὰς
2565 3787 2696 3854 τρεῖς
2759 3780 3047 3856 ἀναπληροί
3094 3780 3327 3844 Ὀάσεις.
3374 3790 3521 3858 Τρεῖς
3570 3787 3670 3857 γάρ
3728 3804 3905 3857 φησιν

2288 3870 2496 3931 Ὀάσεις
2559 3875 2648 3922 καὶ
2706 3870 2860 3932 αὐτὸς
2918 3867 3065 3941 εἶναι,
3122 3867 3220 3923 δύο
3276 3872 3507 3943 μεγάλας
3561 3874 3604 3935 ⁸,
3662 3878 3759 3931 τὴν
3800 3878 3906 3946 μὲν

2286 3956 2531 4031 έξωτέρω,
2579 3962 2670 4015 τὴν
2717 3954 2775 4010 δι
2824 3957 3075 4033 ἐσωτέρω,
3126 3964 3442 4034 καταντικρὺ
3499 3965 3736 4032 κειμένας
3796 3961 3907 4013 ἀλ-

2284 4047 2483 4113 λήλαις,
2516 4052 2863 4109 συντείνοντος
2889 4047 2959 4109 εἰς
2990 4048 3168 4101 ἑκατόν
3202 4056 3394 4121 σημεῖα
3420 4057 3509 4101 τοῦ
3538 4050 3732 4121 μεταξὺ
3766 4048 3802 4103 δ
3807 4072 3901 4105 ια-

2288 4142 2555 4208 στήματος
2587 4157 2598 4169 ι
2636 4138 2750 4189 ἔστι
2778 4133 2835 4188 δε
2864 4142 2952 4188 καὶ
3005 4136 3131 4195 ἄλλη
3164 4143 3308 4210 τρίτη
3336 4141 3522 4211 μικρὰ,
3564 4138 3738 4208 πολλῷ
3772 4136 3899 4192 δια-

2287 4230 2515 4297 στήματι
2546 4233 2643 4277 τῶν
2676 4222 2774 4277 δύο
2798 4230 3184 4298 κεχωρισμένη.
3222 4232 3373 4298 Λέγει
3401 4224 3458 4279 δὲ
3484 4227 3552 4287 εἰς
3581 4233 3765 4281 πίστιν
3790 4237 3892 4282 τοῦ

2282 4322 2440 4373 νῆσον
2468 4317 2707 4386 γενέσθαι
2751 4317 2831 4367 ὅτι
2873 4320 2959 4367 καὶ
3000 4317 3099 4368 ὑπὸ
3130 4318 3311 4389 ὀρνέων
3342 4318 3567 4388 ὁρᾶσθαι
3610 4318 3906 4389 συμϐαίνει

2283 4402 2528 4464 πολλάκις
2560 4403 2713 4474 ἰχθῦς
2739 4407 3037 4475 φερομένους
3074 4410 3163 4456 καὶ
3209 4404 3407 4475 ἰχθύων
3437 4404 3618 4457 ἄλλοτε
3642 4405 3903 4477 λείψανα,

2285 4495 2348 4552 ὡς
2374 4492 2593 4544 ἐντεῦθεν
2626 4492 2926 4553 εἰκάζεσθαι
2954 4498 3026 4564 μὴ
3060 4493 3188 4546 πολὺ
3216 4495 3391 4568 πόρρω
3421 4491 3548 4547 εἶναι
3578 4499 3665 4552 τὴν
3697 4497 3913 4551 θάλασο

2288 4599 2402 4632 σαν.
2437 4585 2571 4638 Φησὶ
2615 4586 2632 4615 ⁷
2664 4577 2722 4633 δε
2747 4585 2837 4633 καὶ
2858 4580 3091 4656 Ὅμηρον
3122 4581 3176 4634 έκ
3196 4590 3293 4656 τῇς
3317 4585 3446 4655 πρὸς
3477 4585 3643 4657 ταύτῃ
3678 4586 3912 4644 Θηϐαῖ-

2287 4666 2380 4731 δος
2409 4670 2567 4723 ἕλκειν
2592 4673 2647 4723 τὸ
2668 4674 2833 4743 γένος.

1857 4794 2090 4853 VARl/E
2132 4795 2421 4853 LECTION
2430 4796 2506 4853 ES
2526 4840 2539 4853 .

594 4921 640 4955 9⁵
672 4920 944 4973 ἀπολύεται
964 4923 1009 4976 Α
1030 4938 1041 4976 :
1065 4920 1429 4974 ἀποστέλλεται
1453 4943 1505 4985 ς.

523 4987 661 5055 δειξε
691 5015 771 5067 qs
822 4994 870 5027 ⁹⁹
894 5001 984 5044 τοῦ
1007 4999 1302 5067 νοσήματος
1328 4999 1459 5067 post
1484 4993 1761 5067 εὐκρασίαν
1795 4987 1960 5065 pdnit
1979 4994 2044 5046 A.

520 5070 583 5118 Α.
661 5066 682 5101 ⁴
713 5065 885 5125 αὐτοῖς
911 5066 1219 5139 ὡρολογειών
1246 5070 1316 5122 Α.
1400 5066 1421 5099 ⁸
1454 5065 1785 5138 πεπλασμένα
1817 5086 1876 5129 ς’.

1585 4922 1632 4955 οσ
1657 4920 2023 4993 κεκωλωμένων
2040 4922 2107 4984 Α,
2130 4919 2310 4993 altero
2328 4941 2367 4971 ω
2385 4923 2671 4977 correcto.

2127 4994 2142 5026 ¹
2179 4990 2289 5064 τὰς]
2320 4997 2409 5043 καὶ
2433 4995 2523 5054 τὰς
2558 5014 2609 5057 ς.

1961 5067 1982 5099 ⁸
2008 5064 2235 5137 μεγάλας
2264 5070 2353 5117 καὶ
2384 5070 2475 5123 τὴν
2510 5086 2564 5129 ς.

2752 4922 2800 4957 ⁰⁷
2838 4922 3003 4975 κώλου
3032 4925 3098 4977 Α.
3178 4923 3522 4987 Μ’Φιλλάτιος
3549 4948 3606 4991 ς.

2690 4995 2710 5027 ²
2744 5000 3001 5067 κρείσσων
3037 4999 3228 5059 παντὸς
3258 5018 3312 5061 ς’.

2643 5065 2662 5097 ’⁷
2696 5065 2825 5136 φασὶ
2858 5090 2913 5133 ς’.

3687 4928 3738 4964 ⁸³
3758 4928 3905 4984 ἀπέ-

3393 5001 3411 5032 ³
3440 5002 3530 5051 καὶ
3561 4998 3643 5051 ὁτι
3669 5001 3733 5053 οὐ
3761 5010 3901 5076 περὶ

2072 5185 2304 5242 ΝΟΤΑΞ.

592 5316 705 5387 (49)
757 5318 845 5373 ΑΙ.
908 5317 1101 5373 Zosim
1144 5317 1246 5373 lib.
1300 5333 1331 5369 ν
1389 5331 1494 5370 nec
1542 5314 1813 5372 arborem
1845 5315 1925 5370 ibi
1955 5315 2162 5384 ullam,

517 5402 627 5442 nec
656 5388 1027 5443 domicilium
1054 5405 1197 5446 esse.
1221 5388 1362 5444 Vide
1378 5388 1557 5444 Notas
1589 5390 1651 5443 D.
1687 5390 1896 5443 Baron.
1925 5389 2002 5445 ad
2024 5391 2165 5445 Mar-

518 5463 773 5530 tyrolog.
817 5462 883 5514 t2
922 5462 1097 5516 Junii.

589 5530 705 5601 (50)
737 5533 773 5585 E
831 5532 1000 5601 cujus
1056 5534 1194 5587 item
1237 5530 1394 5587 libris
1438 5540 1535 5583 τῶν
1574 5533 1708 5583 κατὰ
1735 5530 2005 5603 Ἡρακλέα,
2055 5529 2164 5586 fre-

516 5605 759 5673 quentia
780 5605 1007 5673 passim
1039 5604 1419 5659 adducuntur
1443 5603 1803 5660 testimonia.

590 5619 759 5658 ienua
824 5619 1007 5659 assim
1039 5619 1419 5659 adducuntur
1443 5619 1803 5660 testimonia.

590 5674 701 5749 (51)
733 5619 859 5731 Aiia
889 5679 974 5730 est
1014 5674 1249 5731 Homeri
1283 5680 1525 5741 Φαιακία,
1584 5691 1717 5747 quae
1757 5673 1981 5730 caeteris
2021 5674 2159 5729 Cor-

2274 5330 2423 5385 cyra
2453 5313 2689 5371 dicitur.

2343 5388 2453 5457 (52)
2487 5388 2553 5463 Ut
2578 5392 2755 5444 antea
2779 5387 2990 5463 Strabo
3013 5387 3115 5463 lib.
3140 5404 3257 5463 xvii
3282 5389 3693 5463 Geograph.ubi
3721 5394 3905 5451 Ἀναξ-

2276 5476 2400 5536 σεις.
2435 5459 2525 5514 vel
2554 5474 2585 5515 e
2630 5476 2769 5514 mss.
2810 5460 3028 5522 Αὖάσεις
3059 5461 3271 5531 legitur
3314 5480 3327 5517 :
3373 5459 3678 5536 Stephano
3733 5468 3906 5524 Λύσι-

2275 5534 2454 5681 fisa)
2469 5601 2561 5681 -E_x
2580 5600 2853 5681 C_alasi_ri_s
2873 5618 3111 5676 quoque
3129 5604 3423 5663 sententia
3444 5607 3610 5681 apud
3627 5606 3861 5669 Heliod
3876 5658 3895 5673 .

2268 5671 2329 5729 in
2350 5671 2724 5746 )‘Etltt'bpicis,
2766 5674 2869 5731 lib.
2892 5671 2981 5731 in.
