4036 6214
613 326 718 383 275

1871 318 2103 376 PHOTlI
2142 312 2625 373 PATRIARCIIAZ
2664 318 2772 377 (ΖΡ.
3789 338 3878 393 2.76

618 463 798 527 atque
831 452 1216 526 colloquium.
1252 450 1645 523 Abripueruut
1691 448 1891 519 itaque
1930 462 2048 516 me,
2070 446 2167 512 ait,
2196 449 2254 501 ut

2370 452 2537 520 φήμη.
2570 452 2671 501 Καὶ
2710 446 2889 502 ἔλαϐόν
2940 469 3022 521 με,
3057 456 3207 523 φησὶ,
3236 457 3391 528 μέχρι
3417 456 3462 489 ³⁴
3488 455 3631 517 αὐτῆς
3665 466 3745 521 τῆς
3768 461 3877 513 Τάλ-

618 546 746 602 illas
762 559 1004 617 quoque
1027 543 1297 611 regiones
1312 540 1751 612 perlustrarem,
1776 537 1833 592 in
1850 537 2041 609 ipsam
2072 550 2259 607 usque

619 635 870 697 Talmin,
908 648 941 688 a
974 632 1123 687 meis
1154 628 1585 686 contribulibus
1615 628 1883 699 quinque
1912 626 2142 681 dierum
2174 625 2257 679 in-

622 722 866 779 tervallo
896 722 1240 785 distantem,
1278 719 1353 773 ad
1388 717 1595 772 urbem
1631 732 1765 789 qua;
1796 715 2011 770 dicitur
2042 712 2259 770 Prima.

618 814 745 868 Haac
776 811 916 866 olim
949 811 1141 881 prima
1158 806 1469 863 Thebaidis
1503 805 1664 870 urbs,
1697 805 2016 878 proximea
2040 803 2259 858 Barba-

613 902 738 956 rico
768 900 894 955 solo
928 900 1154 963 aberat,
1186 912 1439 967 eamque
1487 895 1567 951 ob
1596 910 1839 950 causam
1896 910 1931 949 a
1974 892 2257 948 Romanis

615 990 816 1045 Latino
847 987 1138 1043 vocabulo
1171 986 1363 1041 Prima
1389 985 1715 1043 nominata.
1740 999 1860 1056 quo
1892 984 2071 1039 etiam
2098 996 2258 1036 nunc

615 1079 857 1134 nomine
913 1078 1220 1139 vocitatur,
1266 1075 1541 1147 quamvis
1588 1074 1768 1143 longo
1810 1072 1936 1143 jam
1987 1077 2252 1142 tempore

620 1167 855 1223 Barbari
888 1182 1021 1221 eam
1063 1164 1176 1219 sibi
1209 1163 1583 1221 vindicarint.
1619 1179 1754 1217 cum
1812 1161 1938 1216 aliis
1995 1166 2253 1231 quatuor

616 1256 854 1329 oppidis
923 1255 1299 1317 Phcenicone,
1368 1252 1618 1316 Cbiride,
1676 1250 1940 1322 Tbapide
2007 1254 2062 1305 et
2134 1248 2253 1303 Tal-

617 1346 795 1401 mide.
826 1345 886 1399 In
911 1345 1023 1400 hac
1054 1343 1291 1413 regione
1319 1340 1617 1412 smaragdi
1673 1357 1733 1395 se
1787 1338 2021 1395 fodinas
2075 1353 2253 1408 repe-

612 1436 761 1491 risse
802 1434 1006 1489 scribit
1059 1448 1069 1486 :
1125 1430 1281 1486 unde
1350 1430 1761 1502 IEhypliorum
1805 1427 2045 1498 regibus
2101 1426 2245 1482 olim

614 1523 919 1592 smaragdi
962 1521 1060 1576 illa
1090 1524 1254 1575 tanta
1299 1518 1470 1591 copia
1527 1517 1965 1589 suppeditabat.
2014 1518 2073 1570 Et
2118 1515 2245 1570 haec

611 1613 856 1685 quidem
886 1610 1282 1666 Barbarorum
1308 1614 1473 1663 vates
1524 1607 1811 1679 inspicere
1864 1604 2201 1660 invitabant
2230 1620 2242 1656 :

616 1717 815 1757 verum
857 1700 915 1756 id
942 1701 1067 1754 sine
1097 1698 1262 1754 bona
1284 1695 1440 1766 regis
1472 1696 1645 1752 venia
1671 1711 1789 1751 non
1823 1694 2059 1750 licebat.

686 1794 762 1845 De
789 1790 1033 1845 Libanio
1060 1786 1324 1860 quodam
1352 1785 1713 1841 admiranda
1735 1783 1926 1851 refert,
1963 1783 2251 1836 Asianum

613 1894 827 1949 genere
854 1879 1013 1933 hunc
1057 1876 1310 1932 Honorio
1342 1880 1396 1929 et
1424 1873 1766 1929 Constantio
1799 1869 2254 1941 imperatoribus

612 1972 959 2024 Ravennam
996 1965 1247 2029 venisse,
1300 1978 1726 2033 summumque
1787 1961 2120 2015 veneficum
2184 1975 2253 2014 ac

613 2072 857 2126 magum
889 2053 1254 2111 fuisse.Dicit
1284 2049 1441 2107 enim
1482 2050 1818 2122 professum
1877 2065 2024 2114 esse,
2065 2047 2255 2103 admi-

613 2146 803 2201 randa
820 2161 993 2214 posse
1012 2161 1074 2199 se
1088 2143 1319 2213 absque
1334 2140 1577 2196 armatis
1598 2138 1947 2194 hominibus
1961 2137 2254 2193 adversus

616 2234 904 2290 Barbaros
938 2238 1193 2304 patrare.
1228 2236 1298 2286 At
1336 2245 1472 2285 cum
1513 2228 1728 2284 deinde
1785 2229 2255 2300 experimentum

612 2321 1247 2396 promissidedissel,et
1273 2319 1434 2374 fama
1462 2317 1697 2388 longius
1717 2333 1972 2372 manans
1995 2316 2072 2371 ad
2096 2316 2255 2387 ipsas

613 2428 804 2484 usque
826 2411 1097 2466 Placidia:
1128 2424 1301 2464 aures
1316 2423 1619 2463 rumorem
1635 2406 1960 2470 detulisset,
1976 2410 2255 2460 necatum

616 2500 780 2556 illum
810 2515 957 2565 esse,
988 2499 1388 2554 comminante
1420 2496 1677 2551 Placidia
1703 2494 1941 2565 conjugi
1974 2496 2255 2549 Constan-

614 2591 695 2647 tio
724 2590 1065 2646 divortium.
1108 2587 1223 2642 nisi
1244 2604 1274 2642 e
1304 2586 1451 2641 vivis
1474 2585 1772 2641 tolleretur
1800 2585 2075 2640 Libanius
2104 2598 2256 2656 pras-

618 2679 886 2749 stigiator
916 2683 1094 2749 atque
1121 2675 1394 2731 infidelis.

687 2766 1069 2824 Constantius
1100 2780 1312 2835 genere
1350 2764 1582 2837 Illyrius
1615 2763 1740 2827 fuit,
1771 2779 1801 2818 e
1835 2765 2077 2819 Panaeso
2110 2763 2255 2819 urbe

616 2859 831 2923 Cadite,
855 2857 957 2929 qui
990 2856 1189 2912 multis
1211 2856 1385 2911 obitis
1411 2856 1537 2925 jam
1562 2854 1698 2909 inde
1730 2870 1765 2909 a
1792 2853 2109 2909 Theodosii
2144 2855 2253 2908 Ma-

616 2950 711 3015 gni
727 2948 1093 3020 temporibus
1116 2945 1331 3000 militias
1349 2944 1697 3000 muneribus
1716 2944 1791 2999 ad
1816 2960 2120 2999 summum
2136 2950 2262 2999 tan-

617 3040 777 3103 dem,
802 3038 883 3092 uti
915 3036 1200 3099 diximus,
1234 3034 1464 3105 imperii
1498 3034 1725 3105 apicem
1782 3038 2019 3087 evectus
2068 3039 2176 3087 est.
2216 3038 2265 3087 Is

2368 557 2521 610 μεως,
2555 541 2687 590 ὥστε
2717 538 2985 601 κάκείνους
3014 545 3136 601 τοὺς
3172 548 3371 617 χώρους
3403 546 3675 616 ἱστορῆσαι,
3704 545 3880 620 διέχον-

2368 647 2457 688 τας
2504 630 2551 663 ³³
2606 626 2706 680 ἀπὸ
2752 638 2851 681 τῶν
2895 630 3055 683 Φιλῶν
3106 632 3153 666 ³⁸
3208 628 3467 704 διάστημα
3516 636 3696 707 ἡμερῶν
3745 642 3879 703 πέντε,

2368 722 2532 792 μέχρι
2573 717 2763 779 πόλεως
2798 728 2891 781 τῆς
2938 719 3210 791 λεγομένης
3252 728 3439 793 Πρῐμα,
3470 726 3576 784 ἣτις
3617 728 3668 775 τό
3702 725 3881 778 παλαιὸν

2368 812 2546 880 πρώτη
2592 808 2738 870 πόλις
2766 817 2861 869 τῆς
2892 806 3165 871 Θηϐαίδος
3192 808 3288 861 ἀπὸ
3327 818 3409 863 τού
3438 810 3732 886 βαρϐαρικοῦ
3766 812 3880 883 ἐτύγ-

2367 916 2498 967 χανε
2540 899 2607 932 ³⁷’
2642 894 2728 949 διὸ
2772 900 2912 971 παρά
2940 908 3039 950 τῶν
3072 898 3328 971 Ῥωμαίων
3352 900 3565 972 Ῥωμαία
3592 909 3713 972 φωνῇ
3742 908 3887 973 Πρίμα

2368 989 2484 1043 ἤτοι
2514 994 2690 1057 πρώτη
2736 988 3037 1059 ὠνομάσθη,
3070 994 3159 1040 καὶ
3202 997 3288 1039 νῦν
3333 988 3460 1041 οὕτω
3507 988 3714 1041 καλεῖται
3746 995 3886 1041 καίτοι

2368 1074 2423 1125 ἐκ
2466 1075 2651 1127 πολλοῦ
2727 1077 3051 1129 οίκειωθεῖσα
3106 1085 3213 1139 τοῖς
3272 1077 3545 1151 βαρϐάροις
3590 1078 3689 1149 μεθ’
3740 1078 3887 1149 ἑτέρων

2366 1167 2632 1237 τεσσάρων
2698 1166 2908 1230 πόλεων,
2981 1173 3298 1230 Φοινικώνος,
3382 1165 3606 1241 Χίριδος,
3678 1163 3885 1229 Θάπιδος,

2366 1251 2650 1325 Τάλμιδος.
2686 1259 2833 1327 Παρά
2877 1259 3085 1314 τούτους
3133 1261 3248 1317 τοὺς
3294 1262 3494 1329 χώρους
3528 1261 3645 1328 φησὶ
3679 1260 3756 1307 καὶ
3784 1274 3890 1325 σμα-

2366 1340 2570 1415 ράγδου
2626 1345 2848 1415 μέταλλα
2893 1347 3021 1397 εἶναι
3079 1348 3279 1416 μαθεῖν,
3313 1345 3363 1407 ἐξ
3417 1346 3480 1396 ὧν
3522 1351 3617 1404 τοῖς
3646 1344 3892 1413 Αἰγυπτίων

2369 1430 2675 1504 βασιλεῦσιν
2706 1435 2734 1491 ἡ
2768 1436 2972 1505 σμάρασ)
2987 1431 3076 1496 δός
3108 1434 3390 1497 ἐπλεόναζε.
3427 1439 3522 1487 Καὶ
3548 1442 3715 1496 ταῦτα,
3745 1436 3891 1504 φησιν,

2366 1521 2415 1572 οἱ
2444 1530 2705 1594 προφῆται
2734 1532 2831 1573 τῶν
2879 1522 3157 1596 βαρϐάρων
3199 1528 3512 1597 προύτρεπον
3542 1542 3599 1594 με
3628 1523 3890 1574 θεάσασθαιι

2368 1609 2473 1661 ἀλλ’
2505 1611 2598 1662 οὐκ
2644 1609 2703 1669 ἦν
2743 1620 2893 1663 τουτο
2925 1610 3144 1664 δυνατόν
3192 1615 3425 1684 ’γενέσθαι
3464 1617 3617 1683 χωρὶς
3658 1609 3894 1682 βασιλικῆς

2366 1702 2709 1773 προστάξεως.

2435 1788 2553 1840 Ὀτι
2609 1789 2851 1843 Λιϐάνιόν
2930 1811 3046 1843 τινα
3089 1792 3425 1864 τερατολογεῖ,
3484 1791 3703 1845 Ἀσιανόν
3746 1790 3794 1838 τό
3832 1788 3897 1855 γέ·

2367 1899 2467 1944 νος,
2502 1884 2637 1932 κατὰ
2690 1885 2781 1938 τὴν
2842 1880 3111 1953 βασιλείαν
3162 1882 3408 1955 Ὀνωρίου
3459 1886 3544 1931 καὶ
3597 1880 3899 1932 Κωνσταντίου

2371 1972 2451 2022 ἐπὶ
2492 1969 2754 2021 Ῥάϐενναν
2804 1974 3206 2043 παραγενέσθαι.
3254 1970 3442 2043 Ἄκρον
3493 1966 3547 2021 δὲ
3596 1975 3755 2019 τοῦτον
3798 1961 3897 2015 εἶναι

2369 2059 2683 2117 τελεστικόν,
2727 2066 2825 2113 Καὶ
2874 2057 3136 2112 δύνασθαι
3182 2058 3239 2113 δὲ
3290 2080 3417 2133 φησι
3446 2063 3530 2110 καὶ
3581 2054 3902 2125 ὑπισχνεῖσθαι

2371 2149 2524 2200 αὐτόν
2583 2155 2752 2222 χωρὶς
2800 2149 3017 2202 ὁπλιτῶν
3067 2157 3155 2201 καὶ
3208 2153 3344 2201 κατὰ
3394 2147 3656 2221 Βαρϐάρων
3704 2145 3899 2213 ἐνεργεῖν.

2372 2235 2493 2291 Εἶτα
2562 2246 2741 2310 πεῖραν
2810 2238 2950 2300 δούς,
3012 2245 3191 2311 φησὶν,
3244 2240 3396 2298 οὗτος
3448 2246 3537 2298 τῆς
3602 2236 3901 2301 ὑποσχέσεως,

2369 2333 2456 2378 καὶ
2495 2336 2585 2387 τῆς
2629 2333 2804 2399 φήμης
2860 2325 3169 2399 δραμούσης
3221 2330 3356 2380 ὥστε
3399 2331 3485 2377 καὶ
3529 2318 3788 2377 Πλακιδίαν
3833 2321 3905 2373 τὴν

2371 2415 2633 2489 βασιλίδα
2710 2420 2909 2488 μαθεῖν,
2977 2419 3267 2491 ἀναιρεῖται
3342 2418 3366 2468 ό
3436 2414 3682 2471 τελεστὴς·
3748 2406 3909 2465 ἠπείλει

2369 2510 2492 2581 γάρς
2545 2511 2721 2577 φησὶν,
2765 2510 2792 2565 ἦ
2853 2505 3113 2559 Πλακιδία
3164 2510 3501 2575 Κωνσταντὶῳ
3551 2500 3798 2575 χωρισμόν
3839 2499 3908 2544 τοῦ

2369 2598 2563 2667 γάμου,
2628 2596 2671 2648 εἰ
2714 2604 2817 2656 τοῖς
2867 2600 2999 2659 ζῶσι
3049 2594 3293 2655 Λιϐάνιος
3326 2595 3372 2628 ³⁸
3428 2590 3763 2665 περιλείποιτο,
3812 2582 3908 2653 ἀνὴρ

2369 2691 2494 2757 γόης
2523 2692 2604 2738 κοὶ
2630 2688 2864 2746 ἄπιστος.

2441 2773 2561 2826 Ὀτι
2614 2778 2969 2834 Κωνστάντιος
3053 2773 3302 2845 Ἰλλυριος
3369 2770 3428 2830 ἦν
3504 2772 3558 2820 τό
3622 2770 3766 2838 γένος,
3832 2759 3910 2811 ἀπὸ

2376 2867 2637 2917 Παναῖσου
2666 2867 2712 2898 ³⁹
2744 2865 2934 2925 πόλεως
2976 2873 3066 2924 τῆς
3093 2863 3220 2935 [113
3400 2856 3616 2918 Καδίάς,
3642 2860 3721 2906 καὶ
3759 2849 3913 2905 πολλὰς

2378 2960 2651 3025 στρατείας
2707 2953 2805 3005 ἀπό
2854 2962 2948 3004 τῶν
3004 2949 3294 3005 Θεοδοσίου
3348 2957 3550 3024 χρόνων
3600 2953 3682 2998 τοῦ
3731 2938 3912 3014 μεγάλου

2377 3039 2589 3096 διελθὼν
2642 3044 2856 3117 ὕστερον
2908 3047 2995 3094 καὶ
3058 3047 3150 3099 τὴν
3203 3043 3248 3075 ³ο
3312 3040 3579 3113 βασίλειον
3636 3034 3808 3107 ἀρχὴν,
3863 3029 3916 3083 ὡς

618 3144 754 3184 cum
788 3131 999 3182 cetera
1024 3124 1131 3179 fuit
1151 3123 1327 3178 laude
1349 3122 1581 3192 dignus,
1611 3129 1730 3177 tum
1751 3124 1915 3193 quod
1947 3122 2073 3177 auri
2104 3122 2254 3177 nulla

2380 3132 2507 3205 [196
2548 3132 2640 3205 3.]
2678 3132 2890 3207 ἐρρηθη,
2934 3128 3120 3183 ὑπέδυ.
3153 3131 3249 3183 Ἦν
3282 3128 3345 3183 δὲ
3376 3124 3533 3181 τᾶλλα
3572 3128 3655 3196 μὲν
3682 3119 3913 3177 ἐπαινετὸς,

616 3216 940 3288 cupiditate
970 3214 1265 3283 ﬂagraret,
1290 3212 1449 3284 62b
1467 3218 1785 3283 antequam
1812 3212 2054 3283 quidem
2082 3211 2260 3268 Placi-

616 3306 729 3362 dia:
760 3304 1234 3373 conjungeretur.
1269 3304 1415 3357 Nam
1448 3318 1514 3356 ea
1547 3317 1729 3356 uxore
1747 3300 1947 3366 ducta,
1981 3302 2263 3372 pecunia-

617 3411 749 3451 rum
775 3390 987 3448 avidus
1013 3390 1217 3447 evasit.
1252 3391 1387 3461 Ipso
1410 3405 1549 3461 ergo
1581 3395 1838 3453 mortuo,
1871 3406 2009 3445 cum
2062 3396 2263 3461 postu-

615 3484 750 3541 latis
806 3481 1083 3536 homines
1141 3482 1485 3535 Ravennam
1547 3478 1810 3551 undique
1863 3478 2253 3549 coﬂuxerunt,

617 3590 773 3647 quos
800 3571 974 3627 bonis
996 3569 1088 3626 ille
1109 3584 1216 3642 per
1246 3568 1525 3639 injuriam
1580 3568 1852 3624 exuisset.
1882 3571 2095 3626 Verum
2154 3571 2263 3629 Ho-

617 3662 790 3730 norii,
838 3660 1050 3733 inquit,
1084 3658 1318 3723 lenitas,
1352 3660 1410 3713 et
1460 3656 1725 3713 Placidia:
1783 3674 1921 3714 cum
1975 3676 2045 3714 eo
2095 3668 2259 3715 arcta

616 3752 797 3808 nimis
824 3748 1217 3814 familiaritas,
1248 3746 1461 3803 frustra
1491 3751 1552 3802 ut
1583 3751 1779 3802 essent
1808 3748 1898 3803 hie
1948 3749 2261 3819 quaerimo-

615 3844 749 3907 nias,
780 3839 1094 3912 omnisque
1117 3838 1267 3894 adeo
1289 3836 1437 3907 juris
1455 3837 1542 3892 vis
1570 3853 1640 3891 ac
1671 3838 1949 3908 potentia,
1979 3837 2187 3893 eﬂ'ecit.

688 3929 927 3987 Honorii
956 3944 1097 3998 erga
1130 3943 1393 3984 sororem
1442 3926 1615 3982 insita
1657 3925 1888 3982 affectio
1920 3931 2079 3982 tanta
2134 3927 2256 3993 fuit,

615 4038 681 4077 ex
713 4036 834 4093 quo
864 4016 1247 4074 Constantius
1286 4016 1415 4086 ejus
1457 4016 1704 4071 maritus
1748 4016 1865 4070 vita
1894 4015 2165 4081 decessit,
2200 4022 2262 4071 ut

613 4110 839 4183 perdite
866 4108 1044 4163 nimis
1076 4105 1360 4171 amando,
1385 4110 1439 4160 et
1465 4104 1701 4160 assidue
1733 4120 1799 4159 os
1824 4104 1952 4175 ejus
1984 4105 2263 4160 osculan-

612 4200 706 4263 do,
735 4198 921 4270 turpis
951 4195 1113 4267 apud
1143 4194 1362 4250 multos
1382 4194 1832 4249 consuetudinis
1857 4196 2259 4266 suspicionem

612 4304 735 4343 non
757 4286 1044 4355 effugerit.
1090 4284 1201 4341 Sed
1236 4283 1331 4338 hic
1363 4298 1534 4338 amor
1564 4282 1623 4337 in
1650 4288 1880 4339 tantum
1905 4284 2063 4340 brevi
2094 4290 2263 4344 vertit

612 4375 835 4437 odium,
860 4372 1325 4429 allaborantibus
1352 4372 1628 4443 Spadusa
1651 4376 1782 4443 (56),
1809 4382 1985 4447 atque
2019 4376 2256 4447 Elpidia,

2376 3228 2464 3274 καὶ
2504 3226 2794 3294 χρημάτων
2847 3221 2904 3273 δὲ
2948 3227 3188 3294 κρείττων
3234 3224 3359 3292 πρὶν
3406 3223 3436 3277 ἤ
3474 3215 3772 3286 συναφθῆναι
3808 3205 3918 3259 Πλα-

2374 3310 2545 3383 κιδία·
2577 3312 2682 3363 ἐπεὶ
2740 3308 2798 3363 δὲ
2848 3311 2976 3380 αὐτῇ
3026 3312 3067 3345 ³³
3124 3310 3455 3372 συνέζευκτο,
3516 3306 3582 3367 εἰς
3634 3300 3913 3374 φιλοχρημαο

2374 3404 2487 3451 τίαν
2540 3399 2767 3458 ἐξώκειλε
2816 3401 2959 3450 Μετά
3009 3402 3182 3468 μέντοι
3226 3402 3310 3447 τόν
3366 3397 3529 3447 αὑτοῦ
3583 3393 3776 3443 θάνατον
3824 3377 3918 3436 δεή-

2378 3509 2483 3549 σεις
2516 3489 2629 3540 κατ’
2666 3488 2821 3539 αὐτοῦ
2865 3495 2963 3539 τῶν
3009 3488 3075 3548 εἰς
3122 3491 3384 3560 χρήματα
3414 3486 3461 3519 ⁸³
3501 3478 3823 3537 ἀδικηθέντων
3854 3470 3919 3520 ἐπὶ

2376 3578 2638 3631 Ῥάϐενναν
2714 3579 3038 3648 πανταχόθεν
3092 3574 3379 3650 συνέρρεον
3430 3572 3537 3626 ἀλλ’
3585 3573 3612 3628 ἡ
3661 3574 3742 3619 τοι)
3788 3562 3921 3614 ’0³⁵³⁵

2372 3673 2508 3740 ρίου,
2566 3672 2715 3739 φησὶ,
2777 3672 3033 3737 κουφότης
3088 3669 3176 3716 καὶ
3244 3666 3273 3722 ἠ
3342 3673 3435 3725 τῆς
3490 3654 3766 3715 Πλακιδίας
3814 3650 3919 3722 πρὸς

2373 3757 2526 3808 αὐτόν
2584 3757 2835 3816 οἰκειότης
2884 3754 3180 3827 ἀπράκτους
3238 3753 3408 3805 αύτῶν
3459 3754 3553 3811 τὰς
3602 3748 3804 3803 αἰτήσεις
3848 3753 3920 3787 καί

2372 3851 2465 3903 τὴν
2499 3846 2658 3916 ἰσχύν
2689 3853 2778 3896 του
2821 3842 3029 3895 δικαίου
3058 3841 3328 3913 ἀπέφηνεν.

2442 3934 2559 3986 Ὀτι
2591 3937 2815 3991 τοσαύτη
2861 3929 3099 3992 διάθεσις
3126 3931 3354 4005 Ὀνωρίῳ
3396 3934 3444 3966 ³³
3476 3931 3600 4002 πρὸς
3640 3929 3725 3981 τὴν
3766 3917 3921 3970 οἰκείαν

2373 4021 2619 4096 ἀδελφὴν,
2675 4021 2728 4085 ἕξ
2793 4023 2946 4096 οὗπερ
3033 4023 3057 4073 ό
3139 4023 3335 4083 ταύτης
3406 4020 3536 4091 ἀνὴρ
3619 4010 3925 4068 Κωνστάντιος

2374 4112 2587 4177 ἀπεςίω,
2656 4114 3058 4186 παρεμπεσύκει,
3157 4113 3227 4172 ὡς
3302 4116 3400 4169 τὴν
3466 4109 3680 4179 ἄμετρον
3753 4096 3921 4167 ἀγάπην

2372 4202 2537 4254 αὐτῶν
2569 4202 2615 4237 ³⁴
2656 4207 2744 4252 καὶ
2795 4203 2860 4252 τὰ
2921 4208 3117 4270 συνεχῆ
3161 4204 3293 4251 κατὰ
3354 4205 3530 4271 στόμα
3583 4192 3825 4267 φιλήματα
3870 4180 3925 4237 εἷς

2371 4291 2629 4361 ὑπόληψιν
2674 4292 2908 4365 αἰσχρὰν
2957 4290 3140 4349 αὐτοὺς
3198 4291 3243 4323 ³⁵
3300 4296 3405 4348 τοῖς
3459 4286 3662 4343 πολλοῖς
3710 4273 3924 4349 ἐμϐαλεῖνο

2374 4381 2527 4435 Ἀλλὰ
2606 4384 2833 4437 τοσαύτη
2917 4380 3069 4430 πάλιν
3154 4378 3331 4437 αὐτοῖς
3416 4372 3727 4445 ἔναπετέχθη
3790 4362 3929 4435 ἔχθρα

611 4463 885 4521 Placidias
908 4462 1154 4531 nutrice,
1183 4461 1405 4534 quibus
1436 4461 1535 4516 illa
1566 4462 1860 4519 tribuebat
1888 4465 2208 4536 plurimum
2245 4485 2254 4533 ;

2375 4468 2581 4543 σπουδῇ
2613 4467 2925 4530 Σπαδούσης
2958 4470 3004 4503 ³⁸
3032 4474 3120 4520 καὶ
3143 4464 3415 4528 Ἐλπιδίας
3442 4466 3652 4536 (τροφός
3678 4456 3724 4511 δ’
3750 4456 3803 4512 ἦν
3819 4452 3925 4502 αὕτη

610 4555 924 4623 adjurante
951 4553 1089 4608 item
1114 4552 1278 4625 ipsas
1315 4552 1565 4606 Leonteo
1619 4550 1772 4606 illius
1803 4559 2072 4609 curatore
2124 4556 2256 4625 (57'),

609 4648 758 4700 utet
811 4642 1124 4699 seditiones
1187 4643 1482 4696 Ravennae
1519 4638 1853 4711 frequenter
1910 4645 2258 4702 exsisterent

610 4733 978 4805 (adhaerebat
1030 4732 1187 4788 enim
1234 4730 1344 4802 ipsi
1390 4729 1588 4787 adhuc
1634 4732 2027 4789 Barbarorum
2058 4737 2252 4804 turba,

608 4838 741 4878 cum
775 4837 846 4877 ex
872 4820 1191 4892 Adaulphi,
1226 4826 1351 4875 tum
1383 4836 1454 4875 ex
1504 4821 1821 4877 Constantii
1884 4824 2254 4896 imperatoris

608 4911 925 4982 conjugiis)
969 4915 1024 4965 et
1069 4911 1317 4967 vulnera
1346 4908 1521 4966 etiam
1556 4911 1829 4983 utrinque
1878 4912 2250 4971 inferrentur.

610 5004 802 5059 Donec
834 5000 1075 5057 tandem
1109 5000 1186 5057 ab
1233 5015 1333 5055 eas
1376 4999 1541 5070 ipsas
1584 5001 1937 5069 inimicitias,
1971 5009 2026 5060 et
2079 5006 2251 5077 priori

2375 4558 2710 4630 Πλακιδίας),
2738 4561 2820 4621 αἶς
2857 4563 2945 4610 καὶ
2976 4560 3037 4609 τὰ
3092 4557 3253 4610 πολλὰ
3298 4562 3579 4631 προσεῖχε,
3615 4544 3932 4621 συμπράττον-

2369 4673 2453 4715 τος
2504 4652 2685 4713 αὐταῖς
2736 4655 2824 4702 καὶ
2892 4653 3145 4708 Λεοντέως
3211 4653 3302 4698 τοῦ
3359 4649 3556 4703 ταύτης
3635 4637 3930 4708 κουράτοροςι

2367 4744 2501 4793 ὥστε
2543 4744 2755 4801 στάσεις
2798 4742 2885 4811 μὲν
2940 4737 3183 4797 πολλάκις
3230 4734 3277 4786 ἐν
3320 4742 3380 4806 τῇ
3426 4733 3663 4803 Ῥαϐέννῃ
3707 4729 3931 4779 συστῆναι

2366 4833 2570 4904 (περιῆν
2624 4833 2724 4903 γάρ
2774 4828 2981 4900 κάκείνῃ
3034 4827 3224 4887 πλῆθος
3280 4823 3567 4899 βαρϐάρων
3621 4824 3674 4872 ἑκ
3719 4825 3805 4877 τῆς
3830 4812 3937 4883 πρὸς

2357 4903 2694 4992 Ἀδαοῦλφον
2754 4924 3027 4992 συναφείας
3083 4920 3171 4968 καὶ
3228 4915 3283 4967 ἐκ
3334 4923 3431 4977 τῆς
3492 4916 3619 4987 πρὸς
3696 4903 3937 4963 Κωνστώι-

2363 5032 2470 5065 τιον
2517 5012 2792 5081 συζυγίας)
2834 5015 2920 5062 καὶ
2967 5009 3169 5079 πληγὰς
3220 5003 3278 5060 δὲ
3320 5007 3588 5080 προελθεῖν
3638 5003 3690 5067 ἔξ
3731 5000 3940 5068 ἐκατέρου

1961 5132 2188 5189 νΑΒΙΑΞ
2218 5134 2615 5194 LECTIONES.

674 5256 737 5332 ’i
761 5256 952 5332 μέχρις
983 5274 1036 5317 ς’.
1117 5254 1162 5332 ³-³
1189 5248 1462 5323 διέχοντος
1488 5273 1542 5332 3".
1578 5251 1848 5332 Labbeus
1880 5250 2132 5332 διέχοντα
2157 5259 2247 5315 vel
2274 5258 2581 5331 διεχούσης.
2660 5263 2708 5297 ³⁵
2741 5260 2896 5332 φίλων
2931 5282 2984 5325 ς.
3064 5262 3109 5295 ³⁷
3146 5257 3463 5332 διετύγχανε
3499 5281 3548 5323 ς.

2351 5336 2397 5369 ³ο
2428 5338 2516 5386 καὶ
2545 5333 2612 5394 εἰς
2640 5338 2732 5391 τὴν
2762 5354 2815 5397 ς.

1133 5322 1373 5387 ζῶσινίς.
1496 5324 1543 5358 ³³
1572 5322 1671 5375 ἀπὸ
1703 5329 1906 5377 Ναῖσου
1958 5322 2244 5386 Habbeus.

606 5326 924 5401 περιλίποιτο
977 5332 1086 5386 τοῖς
1133 5328 1291 5387 ζῶσιν
1322 5345 1373 5387 ς’.
1496 5326 1543 5358 ³³
1572 5326 1643 5374 ἀπ

610 5402 653 5433 ³³
683 5398 931 5467 Ὀνωρίου
957 5417 1012 5459 ς’.
1093 5397 1139 5431 ³⁸
1172 5396 1337 5448 αὐτῶν
1368 5393 1574 5467 ἀγάπην
1609 5415 1644 5458 ς·

1614 5436 1662 5458 3l

610 5402 653 5433 ³³
670 5398 931 5470 ”Ονωρίου
957 5417 1012 5459 ς’.

1741 5396 1788 5431 ³⁵
1820 5397 2033 5473 αύτούς]
2064 5400 2229 5454 αὐτῶν
2256 5404 2322 5457 Α·

3634 5258 3681 5293 η
3724 5249 3945 5308 Αιϐάνιος

2918 5335 2959 5368 ³¹
2997 5332 3127 5403 αὐτῇ
3163 5327 3310 5403 add,
3332 5327 3393 5398 Χ,
3504 5333 3552 5365 ³³
3584 5327 3865 5403 χρημάτων
3896 5337 3941 5379 ς.

2403 5407 2449 5440 ³⁵
2475 5402 2792 5466 Σπαδούσης
2814 5408 2903 5455 καὶ
2931 5405 2969 5457 Α
3009 5422 3020 5458 :
3056 5400 3463 5465 σπουδαζούσης
3493 5425 3549 5466 ς.

2169 5528 2393 5586 ΝΟΤᾺΕ.

678 5648 791 5797 ξ56)
829 5648 980 5716 Lego
1015 5643 1349 5730 ξπαδοξῦσης,
1382 5648 1527 5704 dum
1564 5649 1709 5718 quid
1741 5650 1953 5706 certius
1985 5649 2296 5721 reperiam.

702 5720 790 5795 57)
820 5720 1045 5778 Palam
1074 5718 1341 5790 forsitan,
1382 5718 1487 5793 qui
1519 5720 1895 5792 Curopatates
1930 5736 2176 5797 quoque
2204 5739 2296 5797 ap]

702 5720 790 5795 57)
820 5719 1047 5778 Palatii
1074 5717 1341 5790 forsitan,
1382 5718 1487 5793 qui
1519 5717 1895 5792 Caropalates
1930 5717 2176 5797 quoque
2204 5725 2556 5800 appellatus.
2590 5728 2731 5787 Vide
2760 5733 2817 5787 et
2856 5727 3120 5786 Brisson.
3148 5728 3424 5787 Leria-on.
