4036 6214
209 288 280 342 £77
1267 283 1750 340 BIBLIOTHECA.
1791 317 1859 326 —
1901 285 2059 342 COD.
2105 287 2325 344 LXXX.

3366 286 3471 345 278

198 417 354 484 μέρους.
407 408 535 467 Τέλος
585 406 639 460 ἔκ
714 415 806 469 τῆς
874 407 1193 481 ἀναφθείσης
1262 407 1458 472 ἐκείνης
1519 410 1707 484 ἔχθρας

1825 412 2016 468 amori
2049 427 2153 485 par
2167 427 2329 469 nunc
2358 410 3165 485 odium,Constantinopolim
3193 411 3468 478 Placidia,

197 508 263 553 ui
302 507 377 551 τοῦ
417 496 703 572 ἁντιρῥόπου
739 506 834 560 τῆς
883 503 1006 572 πρὶν
1057 497 1224 571 φιλίας
1274 504 1462 571 μίσους
1506 499 1575 562 εἰς
1614 505 1713 552 Βυ-

198 592 354 649 ςςίιτιον
397 583 657 650 Πλακιδίοι,
707 593 796 638 τοῦ
837 583 1062 659 ἀδελφοῦ
1092 589 1570 660 ὑπερισχύσαντος,
1621 591 1712 640 σὺν

194 687 271 737 τοῖς
328 677 509 737 οἰκείοις
576 681 753 728 παισὶν
816 675 1124 751 ἐξορίζεται.
1199 677 1302 730 Καὶ
1362 681 1514 749 μόνος
1581 677 1708 749 αῦτῇ

193 767 434 835 Βοηφάτιος
485 766 547 815 τὰ
615 767 776 816 πιστὰ
832 765 1096 836 φυλάττων
1146 764 1247 816 ἀπὸ
1306 774 1400 827 τῆς
1463 765 1712 838 Ἀφρικῆς

192 850 379 924 ξςιῖρχε,
419 858 500 904 καὶ
542 858 800 926 χρήματα
844 858 911 915 ὡς
959 849 1172 906 ἐδύνατο
1220 857 1414 926 ἔπεμπε
1463 859 1709 930 καὶπρὸς

1826 499 2000 556 fratre
2024 501 2405 573 prmvalente,
2432 517 2569 558 cum
2593 501 2794 557 liberis
2820 500 3335 570 ablegatur.Solus
3365 503 3472 559 Bo-

1825 589 2076 647 nifacius
2120 591 2290 646 ﬁdem
2345 591 2425 646 illi
2474 606 2740 656 servans,
2801 607 2938 646 cum
2994 605 3064 646 ex
3104 589 3318 656 Africa,
3374 592 3471 648 cui

1824 685 2095 750 praeerat,
2126 680 2466 752 pecuniam,
2500 686 2561 736 ut
2593 684 2837 751 poterat,
2871 679 3167 745 submisit,
3226 685 3354 736 tum
3384 680 3462 736 ad

1821 766 1937 823 alia
1964 768 2015 823 ei
2050 769 2341 841 obsequia
2378 774 2594 840 prtesto
2634 768 2884 834 fuit.Qui
2911 773 3044 840 post
3069 768 3270 832 etiam,
3304 771 3368 823 ut
3391 769 3469 824 ad

1822 856 2138 928 imperium
2160 859 2282 913 haec
2305 858 2539 926 rediret,
2573 858 2715 915 nihil
2741 873 2862 912 non
2891 857 3042 922 fecit,
3086 857 3358 929 tulitque.

188 949 254 998 τὴν
296 943 428 999 ἀλλην
481 942 630 1003 αὐτὸς
689 939 913 995 ἔσπευδε
971 945 1260 1015 θεραπείαν,
1321 944 1535 1016 ὕστερον
1591 941 1649 996 δε
1705 949 1794 996 καὶ
1865 946 1936 1008 εὶς
2003 951 2095 1005 τὴν
2165 956 2261 1009 τῆς
2319 946 2589 1019 βασιλείας
2660 946 2915 1017 ἀνάληψιν
2987 948 3192 999 ἅπαντα
3251 945 3467 999 συνεϐά-

185 1051 279 1083 νετο.

229 1120 323 1171 Ὀτι
375 1121 601 1193 Ὀνωριος
667 1118 895 1195 ὑδερικῷ
959 1125 1215 1192 νοσήματι
1292 1121 1444 1182 ἁλούς
1499 1126 1600 1195 πρὸ
1658 1122 1711 1185 ἒξ

180 1206 390 1261 καλανδῶν
457 1209 810 1283 Σεπτεμϐρίων
894 1210 1102 1281 τελευτᾲ
1173 1232 1185 1242 ·
1269 1216 1357 1263 καὶ
1422 1215 1710 1283 πέμπονται

177 1302 404 1368 γράμματα
439 1302 564 1369 πρὸς
612 1300 656 1333 ³⁷
707 1304 800 1357 τὴν
850 1297 1095 1357 ἀνατολὴν
1142 1302 1229 1350 τόν
1261 1298 1520 1372 βασιλέως
1553 1301 1711 1352 θάνα-

175 1405 234 1437 τον
276 1391 531 1458 μηνύοντα.
586 1389 669 1442 Ἐν
809 1385 868 1441 δι
911 1396 1074 1441 ταῦτα
1118 1387 1421 1461 ἐπέμποντο,
1469 1389 1709 1451 Ἰωάννης

171 1494 226 1535 τις
257 1477 543 1536 αὐθεντησας
589 1485 848 1548 τυραννεῖ.
900 1477 1004 1549 Ἐφ’
1035 1478 1094 1529 οὗ
1131 1482 1219 1529 καὶ
1249 1485 1344 1539 τῆς
1375 1477 1708 1552 ἀναρρήσεως

169 1569 382 1635 γενομένης
435 1568 480 1600 ³⁸
536 1565 733 1640 έρῥήθη
791 1569 965 1639 ὥσπερ
1025 1565 1124 1618 ἀπό
1189 1586 1322 1627 τινος
1373 1566 1706 1641 προρρήσεως

167 1656 378 1723 προαχθέν
397 1657 440 1690 ³9
461 1677 472 1686 ·
501 1678 526 1703 ι(
554 1659 762 1720 Πίπτει,
787 1655 846 1706 οὐ
875 1661 1051 1714 στήκει
1075 1678 1100 1703 ››
1124 1661 1215 1706 καὶ
1232 1659 1290 1708 τὸ
1311 1655 1510 1717 πλῆθος
1529 1658 1701 1728 ὥσπερ
1740 1634 1780 1688 Β

167 1742 410 1804 τιαλύοντες
434 1744 481 1778 ⁴⁰
503 1743 586 1796 ἐπὶ
614 1747 671 1796 τό
698 1745 852 1816 ῥηθὲν
885 1745 929 1779 ⁴¹
959 1742 1282 1816 ἆναφωνοῦσι
1313 1767 1324 1778 ο
1361 1767 1388 1793 ‹‹
1422 1749 1616 1811 Στήκει,
1644 1744 1702 1796 ού

162 1835 313 1883 πίπτει.
344 1855 368 1879 ιι

209 1919 304 1972 Ὀτι
350 1923 662 1993 Βονηφάτιος
712 1920 840 1994 ἀνὴρ
881 1919 944 1980 ἦν
986 1924 1229 1996 ἡρωίκός,
1279 1925 1534 1974 καὶκατὰ
1581 1922 1704 1975 πολ-

159 2007 228 2058 λῶν
291 2008 521 2072 πολλάκις
602 2008 888 2083 βαρϐάρων
963 2010 1289 2081 ἠρίστευσεν,
1374 2011 1553 2064 ἄλλοτε
1614 2016 1704 2083 μεν

160 2098 416 2168 σὼολίγοις
454 2099 828 2171 ἐπερχόμενος,
870 2100 1050 2151 ἄλλοτε
1087 2096 1146 2152 δὲ
1192 2106 1281 2152 καὶ
1318 2105 1410 2153 σὺν
1449 2101 1698 2162 πλείοσιν,

156 2183 275 2238 ἐνίοτε
317 2185 368 2240 ἴε
414 2195 500 2240 καὶ
543 2197 867 2260 μονομαχῶν
903 2210 915 2221 ·
952 2194 1037 2240 καὶ
1092 2189 1260 2249 ἁπλῶς
1315 2190 1490 2255 εἰπεῖν,
1547 2195 1702 2242 παντὶ

154 2280 286 2344 τρόπῳ
327 2277 516 2328 πολλῶν
569 2277 855 2352 βαρϐάρων
900 2283 990 2330 καὶ
1041 2274 1304 2350 διαφόρων
1347 2277 1501 2331 ἐθνῶν
1542 2279 1703 2338 ἀπήλ-

153 2362 242 2425 λαξε
279 2369 360 2421 τήν
398 2368 668 2439 Ἀφρικὴν.
713 2373 808 2419 Ἤν
853 2363 912 2419 δε
963 2372 1051 2419 xui.
1092 2363 1434 2430 δικαιοσύνης
1478 2367 1704 2442 ἐραστὴς

152 2459 216 2502 ιιι
257 2455 529 2526 χρημάτων
584 2461 855 2530 κρείττων.
912 2456 1190 2529 Ἐπράχθη
1248 2453 1308 2509 δι
1347 2457 1486 2527 αύτῷ
1525 2464 1612 2510 καί
1651 2479 1702 2511 τι

150 2548 333 2594 τοιοῦτον
360 2566 372 2576 ·
401 2544 562 2616 Ἀνήρ
601 2565 684 2606 τις
715 2547 982 2617 οῐγροικος,
1028 2548 1164 2617 ἔχων
1195 2545 1451 2598 ἀνθοῦσαν
1480 2555 1703 2618 γυναῖκα

150 2637 217 2686 τὴν
285 2635 427 2702 ὥραν,
506 2636 610 2686 ύπό
685 2653 819 2695 τινος
875 2643 974 2686 τῶν
1051 2637 1350 2707 συμμάχων
1423 2635 1702 2711 βαρϐάρων

615 2731 792 2776 Δείται
861 2731 1138 2798 τοιγαροῦν
1209 2730 1547 2795 Βονηφατίου,
1610 2731 1701 2784 τὴν

147 2807 259 2879 ὕϐριν
318 2811 708 2885 ὤοφυρόμενος.
777 2812 834 2864 Ὀ
900 2809 960 2864 δὲ
1039 2815 1350 2885 Βονηφάτιος
1407 2817 1585 2886 μαθὼν
1644 2817 1701 2866 τὸ

506 2636 610 2686 ύπό
685 2653 819 2695 τινος
875 2643 974 2686 τῶν

150 2717 394 2790 ἐμοιχεύετο
459 2725 524 2776 ⁸³.

149 2892 375 2971 διάστημα
401 2909 491 2952 τοῦ
536 2908 705 2954 τόπου
751 2907 839 2954 καὶ
870 2905 927 2954 τό
961 2906 1119 2974 ὄνομα
1144 2911 1235 2954 τοῦ
1262 2901 1446 2976 ἀγροῦ,
1480 2903 1529 2954 έν
1561 2911 1599 2973 ῷ
1638 2905 1703 2955 τὰ

148 2994 212 3045 τῆς
241 2995 471 3060 μοιχείας
515 2990 822 3064 ἐπράττετο,
872 2994 956 3042 τὸν
1002 2994 1091 3063 μεν
1121 2993 1288 3048 ἱκέτην
1337 2992 1386 3026 ⁴³
1440 2991 1568 3064 [114
1610 2991 1698 3063 Η.]

147 3078 236 3136 τέως
300 3077 585 3150 ἀπέπεμπε,
657 3080 955 3151 προστάξας
1025 3080 1177 3132 πάλιν
1243 3088 1305 3152 τῇ
1378 3081 1497 3142 ἑξῆς
1561 3082 1701 3152 αύτῷ

147 3167 415 3236 προσελθεῖν,
469 3169 635 3240 ὀψίας
696 3165 755 3221 δε
813 3169 980 3221 λαθὼν
1032 3170 1284 3237 ἅπαντας,
1339 3174 1428 3222 καὶ
1486 3170 1568 3223 ἐπὶ
1616 3175 1703 3223 τὸν

148 3250 269 3325 {metu
305 3256 486 3318 ᾗάσας
539 3255 914 3328 ἑϐδομήκοντα
953 3254 1281 3330 διιστάμενον
1322 3255 1582 3327 σταδίοις,
1616 3265 1704 3312 καὶ

147 3342 270 3412 εὲρὼν
310 3349 389 3395 τὸν
430 3345 708 3418 βάρϐαρον
760 3355 819 3418 τῇ
867 3351 1216 3419 μοιχευομένη
1254 3344 1699 3419 συγκαθεύδοντα,

146 3437 275 3500 τέμνει
298 3453 346 3486 τε
386 3435 547 3487 αὐτοῦ
579 3439 678 3492 τὴν
709 3434 931 3506 κεφαλὴν
962 3440 1051 3488 καὶ
1094 3432 1165 3488 δι’
1198 3436 1357 3496 αύτῆς
1395 3437 1706 3508 ὑποστρέφει

147 3524 299 3580 νυκτός.
345 3523 697 3594 Προσελθόντι
749 3520 809 3576 δε
848 3527 983 3576 κατά
1029 3527 1086 3576 τὸ
1134 3530 1451 3598 πρόσταγμα
1500 3525 1565 3584 εἰς
1618 3528 1704 3582 τὴν

147 3611 285 3677 θύριον
313 3619 379 3680 τῷ
406 3610 566 3682 ἀνδρὶ
599 3609 892 3666 ἐπιδίδωσι
919 3621 1008 3666 τοῦ
1045 3611 1314 3687 βαρϐάρου
1340 3619 1434 3672 τὴν
1459 3613 1700 3686 κεφαλὴν,

148 3691 573 3772 διαπυνθανόμενος
610 3701 655 3753 εἰ
685 3702 1018 3772 έπιγινώσκοι
1037 3703 1086 3738 ⁴⁴
1117 3702 1278 3761 αύτήν
1299 3701 1423 3776 [197
1448 3702 1537 3776 Βο]
1565 3702 1623 3752 Ὀ
1647 3698 1705 3755 δὶ

144 3793 226 3846 τοῖς
243 3798 484 3860 παροῦσιν
512 3791 629 3862 οἶμα
649 3790 996 3862 καταπλαγεὶς
1012 3797 1100 3844 καὶ
1127 3791 1504 3864 ἀμηχανήσας,
1530 3794 1703 3844 ἔπειτα

143 3871 341 3943 ἐπιγνούς
363 3885 451 3931 καὶ
494 3880 664 3932 πολλὰ
695 3887 788 3942 τῆς
821 3876 1162 3944 δικαιοσύνης
1210 3881 1604 3955 εὐχαριστήσας
1634 3882 1703 3948 ⁴³,

144 3962 217 4011 "ﬂ
241 3972 375 4037 χαιρᾷ
404 3966 586 4039 ἀπήει-

200 4050 298 4104 Ὀτι
332 4057 550 4118 ἕκαστος
600 4065 704 4108 τῶν
755 4056 988 4127 μεγάλων
1041 4060 1191 4110 οἴκων
1247 4065 1337 4118 τῆς
1376 4057 1598 4130 Ῥώμης,
1639 4060 1708 4121 ὥς

145 4155 288 4205 fana,
315 4143 514 4196 ἅπαντα
541 4142 687 4217 εἶχεν
731 4144 779 4196 ὲν
821 4145 984 4216 ἐαυτῷ
1025 4148 1194 4198 ὁπόσα
1224 4146 1370 4208 πόλις
1417 4149 1706 4221 σύμμετρος

147 4223 334 4284 ἐδύνατο
377 4236 539 4305 ἔχειν,
578 4231 907 4309 ἱππόδρομον
954 4240 1042 4287 καὶ
1091 4240 1273 4309 φόρους
1315 4241 1402 4287 καὶ
1440 4240 1589 4296 ναούς
1619 4242 1707 4289 καὶ

1892 1125 2183 1182 Honorius
2215 1141 2387 1196 aquae
2415 1125 2713 1181 intercutis
2742 1124 2952 1180 morbo
2983 1130 3310 1197 correptus,
3331 1128 3466 1181 ante

1817 1212 1976 1268 diem
2005 1231 2056 1269 vi
2088 1215 2210 1270 Kal.
2245 1212 2667 1286 Septemb.(58)
2711 1214 2890 1270 vitam
2934 1212 3105 1278 ﬁniit,
3149 1214 3467 1286 missaeque

1818 1306 1876 1357 in
1895 1303 2272 1359 Occidentem
2306 1302 2788 1373 litterae,Augusti
2814 1306 3068 1358 mortem
3100 1302 3462 1359 nuntiantes.

1818 1393 1959 1457 Quae
1990 1393 2134 1450 dum
2167 1391 2322 1447 ultro
2366 1391 2634 1464 citroque
2659 1392 2992 1457 mittuntur,
3040 1393 3299 1448 Joannes
3336 1392 3466 1464 qui-

1816 1480 1956 1536 dam
1990 1480 2367 1552 tyrannidem
2399 1479 2734 1552 occupavit,
2761 1484 2940 1552 atque
2965 1481 3095 1551 ejus
3145 1479 3462 1550 inaugura-

1816 1569 1972 1624 tione
1997 1569 2249 1641 imperii,
2298 1574 2587 1640 tanquam
2632 1568 2705 1624 ab
2744 1568 2946 1641 aliquo
2980 1568 3193 1624 futura:
3230 1568 3316 1624 rei
3336 1584 3466 1624 ora-

1813 1657 1968 1723 culo,
1988 1659 2217 1729 jactum
2237 1662 2322 1713 est
2349 1674 2361 1712 :
2401 1677 2423 1707 α
2460 1657 2647 1722 Cadit,
2677 1672 2797 1713 non
2822 1661 2937 1713 stat
2966 1674 2978 1723 ;
3008 1678 3036 1708 »
3068 1657 3232 1729 quod
3251 1656 3464 1728 vulgus

1812 1747 2035 1801 dictum
2083 1746 2380 1801 invertens
2427 1744 2841 1804 exclamabat:
2905 1766 2933 1795 «
2990 1746 3133 1811 Stat,
3194 1759 3317 1802 non
3367 1761 3464 1803 ca-

1813 1835 1910 1890 dit.
1950 1855 1978 1887 »

1885 1923 2217 1980 Bonifacius
2240 1924 2350 1995 (59)
2376 1923 2466 1978 vir
2495 1929 2620 1980 erat
2647 1923 2941 1988 heroicus,
2985 1923 3089 1995 qui
3127 1938 3267 1980 cum
3323 1923 3463 1980 mul-

1813 2015 1887 2071 tis
1907 2030 2063 2086 saape
2096 2013 2370 2082 gentibus
2400 2013 2672 2068 barbaris
2704 2018 2941 2068 strenue
2972 2013 3281 2084 pugnavit,
3313 2027 3462 2084 pau-

1812 2105 1896 2159 cis
1929 2103 2222 2159 interdum
2258 2101 2445 2173 copiis
2485 2101 2786 2166 adhibitis,
2829 2101 3129 2157 interdum
3170 2101 3458 2174 pluribus,

1812 2206 2252 2262 nonnunquam
2278 2205 2419 2245 vero
2459 2193 2516 2245 et
2540 2189 2824 2260 singulari
2863 2190 3188 2244 certamine
3235 2208 3248 2247 :
3291 2193 3367 2254 et,
3399 2194 3463 2246 ut

1812 2280 1988 2336 verbo
2014 2279 2232 2342 dicam,
2290 2278 2581 2335 barbaras
2622 2277 2860 2344 multas,
2884 2277 3202 2349 variasque
3257 2282 3462 2350 gentes

1812 2369 2006 2425 Africa
2031 2367 2275 2440 expulit.
2307 2368 2470 2423 Idem
2509 2368 2749 2438 justitiaa
2781 2367 2868 2424 vel
2899 2367 2960 2423 in
2999 2367 3208 2440 primis
3238 2367 3462 2423 studio-

1812 2475 1931 2524 sus,
1964 2462 2019 2514 et
2049 2457 2356 2513 abstinens
2395 2472 2462 2512 ac
2499 2457 2888 2528 pecuniarum
2928 2459 3302 2527 contemptor
3332 2455 3457 2523 fuit,

1813 2563 1850 2604 a
1878 2561 2000 2618 quo
2031 2546 2210 2600 etiam
2239 2544 2588 2615 hujusmodi
2613 2543 2938 2617 aliquando
2991 2549 3292 2615 patratum
3323 2544 3460 2600 faci-

1812 2651 1950 2691 nus.
1982 2634 2141 2705 63a
2176 2633 2450 2688 Rusticus
2479 2632 2727 2705 quidam
2760 2633 3064 2704 praestanti
3092 2631 3285 2688 forma
3318 2647 3461 2689 uxo-

1813 2739 1936 2779 rem
1962 2739 2137 2777 suam
2165 2738 2301 2777 cum
2340 2721 2598 2777 Barbaro
2646 2721 2915 2792 quodam
2961 2736 2992 2777 e
3045 2719 3460 2776 confmderatis

1813 2811 1996 2867 milite
2023 2825 2409 2866 consuescere
2441 2810 2736 2881 cognovit,
2778 2810 3009 2879 rogavit
3061 2810 3261 2882 itaque
3292 2809 3460 2866 Boni-

1814 2899 2334 2962 facium,dedecus
2357 2897 2501 2954 illud
2532 2897 2771 2955 familiae
2812 2898 3156 2971 deplorans,
3198 2902 3460 2971 utopem

1812 2990 2004 3046 ferret.
2036 2988 2156 3067 Ille,
2191 2989 2427 3057 cognito
2457 2987 2570 3043 loci
2599 2987 2929 3051 intervallo,
2959 2992 3013 3042 et
3036 2987 3163 3058 agri
3193 2986 3456 3054 nomine,

1814 3079 1915 3134 ubi
1945 3077 2302 3132 adulterium
2334 3081 2685 3148 patraretur.
2717 3076 3022 3132 hominem
3055 3080 3183 3132 tum
3214 3076 3460 3149 quidem

1813 3168 2055 3232 dimisit,
2081 3167 2140 3222 in
2181 3172 2480 3238 posterum
2509 3165 2670 3222 diem
2717 3165 2795 3222 ad
2825 3181 2887 3221 se
2942 3164 3133 3221 redire
3195 3165 3456 3237 jussum.

1817 3261 1998 3313 Noctu
2053 3261 2273 3320 autem,
2317 3255 2517 3310 insciis
2576 3255 2861 3310 omnibus
2909 3255 2968 3309 in
3029 3269 3241 3326 agrum
3295 3253 3462 3311 illum

1815 3344 2192 3416 septuaginta
2219 3343 2426 3399 stadiis
2448 3342 2729 3398 dissitum
2758 3341 3076 3415 profectus,
3105 3341 3464 3414 deprehensi

1815 3449 1954 3488 cum
1981 3433 2218 3488 mmcha
2237 3431 2474 3488 Barbari
2507 3436 2690 3503 caput
2737 3431 3090 3504 amputavit,
3133 3429 3465 3504 eademque

1813 3521 2063 3577 domum
2084 3524 2254 3576 nocte
2275 3519 2530 3576 revertit.
2565 3519 2853 3576 Redeunti
2908 3520 3068 3586 dein,
3123 3524 3185 3577 ut
3213 3521 3466 3576 manda-

1816 3615 1942 3666 tum
1972 3610 2182 3674 fuerat,
2216 3609 2500 3682 postridie
2527 3609 2764 3674 marito,
2799 3608 3039 3665 Barbari
3084 3613 3266 3680 caput
3295 3609 3466 3664 obtu-

1811 3699 1894 3766 lit,
1943 3703 2325 3771 percontatus
2359 3713 2438 3754 an
2477 3696 2759 3754 novisset.
2792 3696 2891 3752 llle
2935 3696 3280 3769 spectaculo
3340 3711 3468 3768 per-

1813 3805 2048 3856 cussus,
2081 3794 2137 3843 et
2160 3788 2334 3859 quasi
2374 3801 2559 3842 sensu
2599 3790 2821 3852 motus,
2864 3801 3002 3842 mox
3047 3785 3142 3840 ubi
3199 3785 3464 3854 agnovit,

1816 3876 2017 3934 multis
2041 3876 2285 3948 justititn
2314 3889 2501 3930 causa
2531 3874 2678 3930 actis
2710 3874 2934 3944 gratiis,
2985 3872 3240 3929 domum
3295 3871 3468 3930 latus

1815 3967 1998 4022 rediit.

1888 4058 1926 4110 E
1956 4054 2190 4122 magnis
2220 4052 2501 4108 Romanae
2532 4050 2690 4106 urbis
2713 4049 2992 4106 domibus
3037 4049 3126 4121 (ut
3148 4049 3246 4105 hic
3269 4049 3466 4123 refert)

1815 4145 2020 4202 omnia
2042 4145 2195 4198 intra
2223 4157 2286 4196 se
2310 4154 2691 4212 unaquaeque
2715 4138 3324 4211 habuit,qutecunque
3343 4155 3470 4195 me-

1817 4232 2033 4290 diocris
2051 4231 2229 4286 etiam
2254 4228 2394 4285 urbs
2423 4227 2644 4285 habere
2698 4227 2894 4300 potuit
2926 4243 2940 4294 ;
2973 4226 3465 4300 hippodromum,

145 4322 283 4385 πηγὰς
305 4329 386 4374 καὶ
412 4323 609 4395 λουτρὰ
642 4319 890 4398 διάφορα.
917 4327 1002 4376 Διό
1032 4329 1121 4376 καὶ
1144 4326 1169 4376 ό
1193 4327 1522 4397 συγγραφεὺς
1542 4323 1707 4398 ἀπεφ-

1820 4322 1962 4387 fora,
1997 4319 2268 4390 delubra,
2293 4318 2504 4388 fontes,
2528 4318 2692 4374 varia
2707 4317 2949 4376 balnea.
2973 4315 3117 4373 Hinc
3134 4321 3192 4374 et
3221 4317 3471 4391 scriptor

147 4405 339 4473 ⁵έγξιιλιό.

200 4497 272 4557 Εἷς
297 4496 450 4570 δόμος
476 4503 620 4552 οῖστυ
651 4499 793 4552 πόλει
827 4522 838 4533 ο
869 4501 1015 4564 πόλις
1042 4503 1205 4554 οἰστεα
1235 4507 1400 4575 μυρία
1427 4504 1598 4555 κεύθει
1625 4503 1698 4559 ⁴⁶.

151 4580 283 4636 Ἦσαν
333 4584 392 4640 δε
446 4595 540 4640 καὶ
595 4589 792 4664 λουτρὰ
851 4585 1089 4661 δημόσια
1139 4593 1467 4664 παμμεγέθη.
1533 4593 1600 4646 Αἱ
1651 4587 1710 4644 δε

151 4671 432 4728 ’Δττωνιαναὶ
490 4679 633 4730 οὕτω
688 4677 1000 4750 καλούμεναι
1055 4680 1121 4740 εἰς
1173 4686 1360 4753 χρείαν
1410 4689 1508 4732 τῶν
1560 4681 1711 4733 λουο-

147 4765 271 4826 aram
313 4763 577 4840 καθέδρας
630 4763 775 4839 εἶχον
816 4769 864 4804 ⁴⁷
895 4773 1273 4841 παρακειμένας
1315 4769 1492 4841 χιλίας
1529 4769 1709 4832 ἐξακο-

153 4855 254 4913 me,
297 4856 347 4904 ἐκ
388 4859 676 4928 μαρμάρου
731 4861 1209 4930 κατεσκευασμένας
1250 4859 1433 4921 ξεστοῦ
1480 4874 1493 4888 °
1545 4861 1598 4910 αἱ
1653 4856 1712 4912 δὲ

1817 4411 1900 4468 sic
1919 4409 2216 4466 exclamat
2245 4425 2256 4464 :

1818 4502 1924 4557 Est
1941 4499 2083 4556 urbs
2102 4514 2224 4556 una
2237 4498 2632 4555 domuszmille
2645 4497 2867 4567 oppida
2883 4497 3142 4554 continet
3164 4510 3286 4552 una
3306 4495 3467 4551 urbs.

1818 4590 1930 4647 Sed
1953 4594 2010 4645 et
2031 4588 2266 4644 lavacra
2289 4587 2529 4659 publica
2550 4586 2771 4659 ingenti
2793 4601 3040 4657 prorsus
3066 4585 3229 4641 fuere
3244 4584 3473 4655 magni-

1822 4679 2046 4745 tudine,
2087 4675 2390 4750 equibus,
2438 4691 2574 4748 quae
2629 4674 3040 4732 Antoninianaa
3088 4673 3472 4730 nominantur

1821 4767 2170 4832 thermae,ad
2195 4765 2666 4822 commodiorem
2697 4763 3024 4820 lavantium
3069 4779 3268 4831 usum,
3296 4761 3464 4820 mille

1822 4861 2098 4914 sexcenta
2117 4855 2458 4913 habuerunt
2483 4851 2690 4910 sedilia
2719 4868 2750 4909 e
2771 4867 3069 4911 marmore
3085 4853 3268 4926 polito
3297 4850 3475 4912 fabri-

1466 4999 1698 5054 VARIE
1734 4997 2134 5055 LECTIONES.

267 5140 387 5206 προς
421 5146 456 5191 Δ
493 5138 608 5216 ξμεὶς
641 5159 693 5202 ς’.

145 5214 188 5252 το
212 5214 342 5276 θῦμα
369 5230 422 5272 ς.

150 5291 223 5332 σας
253 5298 300 5339 ς.
379 5282 423 5314 ⁸⁸
446 5282 618 5334 κεύθει
645 5286 690 5336 Α
722 5302 734 5342 :
763 5285 944 5354 τεύχει
971 5303 1024 5347 ς.

774 5138 821 5173 ⁸³
852 5142 1124 5212 γενομένης
1158 5161 1211 5204 ς’.
1253 5211 1260 5212 7
1292 5141 1337 5175 ³⁹
1369 5142 1606 5212 πραχθὲν
1639 5162 1692 5205 ς’.

1105 5283 1152 5318 ⁴⁷
1181 5279 1292 5354 εἶχε
1323 5304 1377 5348 ς’.

505 5209 882 5284 ⁴²ᾲέμοιχεύετο
925 5209 1016 5266 Α’;
1047 5213 1172 5284 ἔγνω
1201 5211 1364 5284 αὐτὴν
1395 5209 1776 5284 μοιχευομένην
1810 5233 1864 5276 ς.

1773 5141 1820 5175 ιο
1851 5137 2168 5209 ἀναλύοντες]
2199 5137 2450 5195 fortasse
2476 5134 2590 5210 leg.
2619 5133 2872 5197 ἀλύοντες.
2950 5132 3108 5210 “fuit
3132 5137 3190 5188 τὸ
3216 5133 3370 5210 ῥηθὲν
3402 5137 3470 5192 Α.

1941 5212 1992 5246 ⁸³
2020 5205 2222 5268 οἰκέτ-ην
2255 5231 2308 5274 ς.
2405 5209 2452 5243 ⁴⁴
2484 5205 2814 5280 ἐπιγινώσκει
2846 5228 2904 5273 ς’.
2998 5207 3044 5244 ⁴⁸
3076 5205 3474 5281 ἀπευχαριστό-

1672 5425 1716 5480 Ν
1723 5426 1895 5482 ΟΤᾸΞ.

199 5540 313 5617 ($81
337 5546 633 5617 Discrepat
678 5548 769 5605 hic
803 5549 1067 5606 calculus
1097 5550 1176 5607 ab
1208 5549 1358 5616 aliis,
1394 5565 1536 5606 nam
1572 5565 1713 5606 xvm

149 5609 578 5686 KaltSeptemb.
607 5620 826 5679 obiisse
869 5622 1193 5680 Honorium
1236 5609 1479 5679 tradunt
1510 5623 1714 5680 Socra-

147 5687 237 5746 tes,
263 5684 533 5763 Prosper,
561 5691 926 5751 Marcellinus
956 5699 1011 5752 et
1049 5693 1460 5753 Cassiodorus.

1894 5548 2012 5621 (59)
2046 5548 2146 5623 ilic
2194 5549 2254 5603 Β.
2296 5546 2647 5623 Augustino
2669 5547 3087 5623 perfamiliaris
3104 5547 3236 5623 fuit,
3264 5557 3328 5610 ut
3351 5564 3478 5609 cre-

1823 5618 1946 5677 brae
1975 5618 2285 5693 utriusque
2323 5618 2528 5678 littera
2559 5618 2904 5680 ostendunt.
