4036 6214
543 279 651 336 979

1768 276 2005 333 ΡΗΟΤΙΙ
2046 276 2208 331 ΡΑΤΙ

2321 276 2526 331 ΗΕΗἈΕ
2566 274 2671 330 CP.
3750 270 3840 325 980

547 408 679 459 cata
713 422 724 460 :
753 400 1153 466 Diocletianae,
1187 401 1372 474 duplo
1400 401 1516 457 fere
1544 402 1717 475 plura
1745 420 1757 457 :
1783 404 2067 459 Romanae
2099 417 2191 457 ve-

2321 399 2667 456 ιιοκλητιαναὶ
2706 396 2862 471 ἔγγὺς
2921 394 2957 451 δ
2963 396 3248 458 ιπλασίους.
3298 399 3366 449 Τό
3411 415 3461 449 τε
3490 403 3649 467 τεῖχος
3688 402 3772 456 τῆς
3803 395 3842 429 ⁸⁸

546 507 614 549 ro
636 491 801 547 urbis
833 492 1056 548 moenia
1086 507 1156 546 ex
1212 492 1521 547 Ammonis
1576 493 1911 561 geometria:
1960 492 2196 547 dimen-

549 581 740 646 sione,
804 596 918 652 quo
970 585 1233 652 tempore
1284 580 1471 635 Gotthi
1522 580 1684 636 illam
1745 581 1941 651 priore
2000 582 2194 635 incur-

550 669 713 725 sione
734 666 1314 737 infestarunt,viginti
1342 673 1396 722 et
1429 668 1603 723 unius
1632 668 1899 724 milliaris
1933 668 2195 742 spatium

548 756 606 812 in
639 757 887 811 circuitu
925 756 1146 812 habere
1185 761 1495 828 comperta
1536 761 1694 812 sunt.

622 845 829 900 Multas
849 848 1048 901 Romae
1068 844 1323 900 familias
1364 860 1599 901 annuos
1618 846 1884 902 redituse
1907 846 2080 901 bonis
2103 860 2197 901 ac-

549 935 774 1005 cepisse
812 933 1216 1005 quadraginta
1247 934 1473 989 circiter
1512 936 1638 990 auri
1667 934 2194 999 centenarios,ahs-

548 1039 665 1095 que
682 1022 974 1079 frumento
992 1028 1047 1077 et
1065 1022 1489 1095 vino,aliisque
1520 1024 1651 1094 ejus
1669 1024 2063 1096 generisque:
2092 1031 2197 1078 ter-

549 1113 690 1168 tiam
710 1111 1035 1184 aaquabant
1051 1113 1178 1168 auri
1218 1112 1525 1185 partem,si
1540 1114 1950 1169 venderentur.
1971 1114 2196 1169 Alteras

548 1218 687 1257 vero
717 1206 855 1273 post
884 1202 1012 1267 has,
1038 1202 1244 1257 decem
1262 1203 1713 1275 autquindecim
1736 1202 2105 1259 centenarios
2136 1203 2194 1257 in

551 1307 733 1346 censu
764 1290 1067 1345 habuisse.
1095 1290 1349 1346 Probum
1384 1290 1572 1363 Alypii
1615 1291 1726 1361 (60)
1754 1292 1942 1347 ﬁlium
1974 1294 2033 1347 in
2050 1307 2197 1363 prae-

552 1384 703 1448 tura,
723 1395 906 1451 quam
930 1379 1179 1435 Joannis
1203 1380 1441 1451 tyranni
1462 1380 1833 1451 temporibus
1847 1382 2042 1449 gessit,
2069 1381 2196 1436 auri

551 1468 921 1524 centenarios
933 1468 1243 1524 duodecim
1257 1468 2039 1541 expendieseSymmachum
2060 1485 2197 1525 vero

551 1556 1164 1622 oratorem,mediocri
1195 1573 1378 1612 censu
1411 1562 1766 1623 senatorem,
1802 1564 1936 1613 ante
1958 1564 2199 1630 captam

551 1645 761 1701 urbem
794 1645 996 1718 (63b)
1031 1644 1147 1701 ﬁlio
1186 1645 1553 1717 Symmacho
1585 1652 1906 1718 praeturam
1940 1652 2196 1717 gerente,

2301 488 2499 561 Ῥώμης
2538 489 2786 561 μετρηθεν
2818 488 2959 561 παρὰ
3002 492 3271 557 ’Δμμωνος
3298 492 3385 537 τοῦ
3428 489 3719 556 γεωμέτρου,
3743 484 3842 535 καθ’

2305 577 2357 628 ὃν
2383 581 2560 650 καιρόν
2588 578 2770 629 Γότθοι
2800 580 2890 634 τὴν
2916 578 3167 647 προτέραν
3194 575 3304 625 κατ’
3336 574 3489 633 αὐτῆς
3515 570 3778 644 ἐπιδρομὴν
3806 574 3843 606 ⁸9

2306 665 2636 731 ἐποιήσαντο,
2670 670 2835 718 εἴκοσι
2867 670 2955 717 καὶ
2986 664 3092 725 ἐνὸς
3123 662 3291 735 μιλίου
3325 658 3588 734 διάστημα
3615 665 3723 731 ἔχον
3746 660 3845 712 ἀπε·

2307 752 2523 826 δείχθη.

2374 843 2493 896 Ὀτι
2540 843 2717 896 πολλοὶ
2762 841 2897 895 οἶκοι
2924 840 3187 913 Ῥωμαίων
3229 836 3515 915 προσόδους
3560 840 3664 891 κατ’
3707 838 3845 889 ἐνιαυ-

2306 936 2391 985 τὸν
2440 930 2689 1004 ἐδέχοντο
2732 932 2833 983 ὰπὸ
2878 940 2975 983 τῶν
3025 934 3295 1001 κτημάτων
3340 928 3499 981 αύτὼν
3539 927 3629 979 ἀνα
3662 927 3709 999 μ’
3735 946 3847 1001 χρυ-

2308 1030 2401 1074 σοῦ
2432 1024 2739 1094 κεντηνάρια
2784 1022 2850 1084 ⁵ο,
2885 1025 3054 1093 χωρὶς
3084 1027 3175 1071 τοῦ
3209 1024 3353 1071 σίτου
3399 1022 3484 1070 καὶ
3513 1026 3599 1069 τοῦ
3627 1020 3749 1068 οἶνον
3776 1022 3849 1067 καὶ

2308 1119 2403 1163 τῶν
2458 1111 2618 1162 ἄλλων
2669 1110 2905 1162 ἁπάντων
2955 1106 3129 1173 εἰδῶν,
3182 1108 3217 1159 ἃ
3258 1107 3326 1169 εἰς
3379 1112 3544 1181 τρίτον
3588 1110 3847 1167 συνέτεινεν,

2307 1200 2350 1251 εἰ
2389 1198 2756 1274 ἐπιπράσκετο,
2810 1206 2898 1251 τού
2946 1196 3305 1269 εἰσφερομένου
3363 1198 3605 1268 χρυσίου.
3658 1202 3755 1247 Τῶν
3805 1190 3853 1245 δι

2307 1291 2432 1360 μετὰ
2506 1292 2621 1348 τούς
2701 1294 2936 1356 πρώτους
3018 1282 3269 1360 δευτέρων
3332 1288 3480 1337 οἶκων
3551 1293 3639 1343 τῆς
3684 1288 3853 1353 Ῥώμης

2307 1374 2677 1430 πεντεκαίδεκα
2728 1382 2816 1427 καὶ
2876 1372 3005 1427 δέκα
3051 1380 3387 1448 κεντηναρίων
3430 1375 3458 1432 ἡ
3504 1368 3745 1445 πρόσοδος
3784 1368 3853 1442 ᾖν.

2312 1471 2410 1519 Καὶ
2467 1469 2542 1517 ὅτι
2592 1464 2792 1539 Προϐος
2843 1467 2867 1517 ό
2919 1472 3037 1523 παῖς
3079 1464 3371 1535 Ὀλυμπίου
3420 1464 3486 1527 εί,
3540 1461 3727 1520 τελέσας
3778 1464 3855 1515 τὴν

2309 1556 2499 1607 οἰκείαν
2531 1564 2844 1628 πραιτουραν
2868 1555 3002 1605 κατὰ
3026 1557 3110 1605 τόν
3136 1554 3315 1623 καιρόν
3340 1559 3427 1611 τῆς
3454 1552 3673 1605 Ἰωάννου
3701 1569 3857 1622 τυραν-

2308 1640 2472 1706 νίδος,
2503 1641 2713 1696 δώδεκα
2738 1646 3045 1713 κεντηνάρια
3074 1649 3286 1715 χρυσοῦ
3319 1639 3544 1699 ἀνήλωσε
3564 1642 3607 1674 ⁵³
3634 1659 3645 1671 θ
3679 1642 3859 1709 Σύμμα-

551 1736 919 1790 centenarios
939 1734 1305 1807 impendisse
1336 1735 1564 1805 viginti.
1589 1736 1907 1791 Maximum
1938 1736 2097 1800 dein,
2127 1753 2200 1791 ex

2321 1753 2409 1803 ζος
2432 1730 2489 1785 δὲ
2516 1735 2540 1785 ό
2565 1732 2907 1806 λογογράφος,
2940 1731 3287 1802 συγκλητικὸς
3314 1730 3379 1781 ὡν
3402 1737 3497 1781 τῶν
3519 1734 3738 1800 μετρίων,
3760 1732 3859 1800 πρὶν

552 1824 843 1895 opulentis
866 1839 934 1879 ac
948 1824 1134 1879 beatis
1156 1840 1365 1890 unum,
1390 1824 1449 1878 in
1464 1824 1566 1879 filii
1600 1831 1920 1896 prmturam
1944 1826 2200 1897 quadra-

552 1912 717 1983 ginta
730 1913 1099 1969 centenarios
1117 1913 1747 1984 impendisse.Septem
1772 1920 1967 1971 autem
1986 1915 2199 1972 diebus

555 2000 856 2058 solemnes
884 2000 1061 2057 ludos
1089 2005 1373 2073 praetores
1405 2000 1809 2059 celebrabant.

628 2266 891 2338 Scriptor
928 2265 1025 2320 hic
1049 2264 1321 2337 Ulyssem
1340 2266 1440 2333 ait,
1468 2282 1591 2324 non
1623 2268 1779 2324 circa
1809 2268 2203 2335 Siciliam,sed

556 2354 628 2411 ad
646 2354 1133 2411 extremasltaliie
1148 2370 1284 2410 oras
1314 2355 1621 2412 oberrasse
1656 2373 1669 2411 :
1694 2357 2004 2429 ettrajecto
2028 2357 2205 2414 Ocea-

556 2458 635 2499 no
667 2444 778 2513 (61)
802 2442 877 2498 ad
917 2442 1137 2499 inferos
1176 2444 1580 2509 descendisse,
1606 2451 1785 2515 atque
1834 2446 1895 2501 in
1952 2462 2019 2502 eo
2052 2448 2201 2502 mari

560 2531 740 2587 variis
771 2531 884 2586 illis
915 2532 1211 2587 erroribus
1238 2534 1526 2605 jactatum
1558 2533 1757 2593 fuisse.
1793 2535 1960 2601 Quod
2007 2536 2205 2591 multis

559 2617 917 2675 conﬁrmare
943 2620 1168 2676 nititur.
1194 2622 1311 2677 Nos
1334 2627 1389 2677 et
1409 2622 1557 2678 alios
1574 2622 1774 2695 plures
1790 2623 2045 2694 legimus
2067 2628 2205 2695 (62),

556 2709 617 2764 in
640 2708 734 2765 his
765 2725 903 2764 cum
933 2708 1031 2765 illo
1074 2710 1429 2767 consentire.

629 2886 897 2943 Remissa
925 2890 1012 2942 est
1038 2887 1540 2959 ConstantinOpoli
1556 2905 1589 2945 a
1603 2888 1935 2946 Theodosio
1954 2890 2210 2949 Placidia

560 2990 698 3031 cum
730 2975 955 3041 liberis,
996 2975 1286 3031 adversus
1302 2976 1584 3033 Joannem
1621 2982 1942 3049 tyrannum
1978 2982 2126 3052 (63):
2154 2984 2212 3036 et

559 3064 660 3119 illa
690 3063 936 3135 quidem
963 3069 1242 3133 Augustae
1278 3080 1516 3134 nomen,
1578 3066 2016 3123 Valentinianus
2070 3085 2210 3127 vero

560 3152 910 3209 Nobilissimi
935 3153 1159 3209 titulum
1173 3154 1447 3225 suscepit.
1460 3155 1796 3210 Submissus
1817 3174 2044 3229 quoque
2060 3175 2212 3213 exer-

565 3241 732 3307 citus,
763 3242 1022 3313 bellique
1048 3243 1373 3313 imperator
1408 3243 1715 3316 utriusque
1746 3244 1989 3312 militiae,
2024 3248 2211 3303 Arda-

563 3329 771 3385 burius
802 3330 1087 3387 nimirum
1108 3348 1242 3388 cum
1274 3334 1499 3405 Aspare
1540 3332 1683 3398 ﬁlio,
1720 3334 1924 3389 addito
1964 3342 2020 3392 et
2047 3338 2213 3392 tertio

568 3418 1044 3475 Candidiano.Ad
1078 3421 1557 3477 Thessalonicam
1585 3422 1743 3492 [cum
1763 3427 2000 3479 ventum
2022 3426 2215 3497 esset,]

570 3507 803 3564 Helicon
817 3508 1149 3565 ofﬁciorum
1169 3512 1451 3581 magister
1467 3527 1501 3566 a
1513 3510 1838 3567 Theodosio
1854 3514 2217 3579 missus,Va—

568 3596 961 3654 lentinianum
994 3600 1053 3654 in
1075 3599 1173 3654 illa
1210 3600 1342 3671 ipsa
1381 3600 1527 3656 urbe
1552 3601 1797 3655 Caesaris
1824 3608 1977 3656 veste
2004 3603 2214 3669 induit,

570 3702 764 3743 annos
785 3692 993 3743 natum
1016 3703 1137 3744 non
1162 3689 1421 3761 amplius
1452 3687 1898 3761 quinque.Cum
1926 3696 2125 3747 autem
2143 3692 2217 3747 ad

571 3774 800 3831 Italiam
822 3775 1671 3846 pervenissent,Ardaburiusa
1687 3778 1916 3849 tyranni
1940 3780 2221 3834 militibus

572 3864 820 3934 capitur,
848 3863 1184 3936 missusque
1213 3865 1471 3921 adillum
1492 3866 1814 3921 amicitiam
1844 3884 1979 3921 cum
2010 3869 2223 3924 eodem

573 3951 701 4007 init.
738 3952 876 4022 Ejus
900 3953 1133 4007 interim
1166 3953 1322 4009 ﬁlius
1363 3952 1603 4027 [Aspar]
1640 3971 1757 4009 una
1797 3972 1933 4011 cum
1968 3957 2226 4013 Placidia

574 4039 634 4094 in
654 4055 876 4111 magna
888 4056 1081 4097 rerum
1095 4041 1510 4113 desperatione
1524 4043 1800 4115 luctuque
1816 4045 2221 4101 versabantur.

579 4129 691 4185 Sed
723 4130 1152 4199 Candidianus,
1186 4131 1385 4187 multis
1411 4134 1715 4203 occupatis
1746 4133 2014 4200 urbibus,
2034 4142 2227 4206 parta-

577 4232 694 4288 que
724 4216 1066 4273 rebusbene
1092 4218 1269 4288 gestis
1284 4220 1539 4275 nominis
1571 4220 2084 4289 claritate,luctum
2112 4224 2227 4278 dis-

578 4304 791 4375 sipavit
822 4305 1175 4378 animosque
1201 4308 1477 4364 reddidit.
1516 4308 1683 4365 Caeso
1710 4310 1844 4365 dein
1885 4313 2111 4367 Joanne
2141 4317 2221 4383 ty-

579 4392 1059 4459 ranno,Placidia
1074 4410 1192 4453 una
1207 4412 1333 4451 cum
1348 4399 1578 4453 Cassare
1595 4398 1711 4453 ﬁlio
1730 4401 2064 4456 Ravennam
2080 4400 2226 4456 iniit.

2311 1824 2339 1881 ἦ
2375 1826 2465 1879 τὴν
2505 1821 2704 1892 Ῥώμην
2736 1822 2783 1856 ⁵³
2810 1820 3023 1885 ἁλῶναι,
3075 1827 3165 1870 τοῦ
3195 1815 3388 1881 παιδός
3435 1820 3707 1889 Συμμάχου
3735 1835 3861 1887 πραι-

2309 1918 2496 1982 τοῦραν
2528 1909 2783 1969 τελοῦντος
2828 1907 2874 1960 κ’
2916 1910 3219 1982 κεντηνάρια
3276 1903 3567 1963 ἐδαπάνησε
3598 1924 3610 1938 °
3658 1905 3860 1975 Μάξιμος

2312 1996 2391 2066 δὲ,
2446 1999 2515 2059 εἷς
2568 2007 2665 2050 τῶν
2708 1997 2952 2070 εὐπόρων,
2994 1997 3063 2057 εὶς
3094 2001 3186 2054 τὴν
3226 2004 3318 2048 τοῦ
3364 1997 3477 2047 υἱοῦ
3508 2000 3797 2066 πραιτοῦραν
3818 1991 3863 2062 μ’

2310 2087 2618 2140 κατεϐάλετο
2643 2089 2967 2160 κεντηνάρια.
3007 2084 3169 2139 Ἐπτὰ
3202 2081 3259 2139 δὲ
3302 2085 3516 2158 ἡμέραις
3542 2085 3587 2135 οἱ
3614 2086 3864 2157 πραίτωρες

2312 2179 2400 2237 τὰς
2430 2178 2743 2251 πανηγύρεις
2775 2176 2991 2229 ἐτέλουν.

2382 2265 2502 2318 Ὀτι
2529 2268 2553 2317 ὁ
2582 2268 2907 2337 συγγραφεύς
2933 2274 3001 2335 τῷ
3031 2260 3293 2317 Ὀδυσσεῖ
3319 2268 3410 2321 τὴν
3450 2262 3635 2319 πλάνην
3676 2258 3727 2311 ού
3753 2259 3865 2309 κατὰ

2317 2355 2543 2408 Σικελίαν
2588 2360 2719 2426 φησὶ
2756 2356 3089 2425 γεγενῆσθαι,
3126 2352 3254 2404 ἀλλὰ
3302 2356 3435 2404 κατὰ
3482 2354 3546 2403 τὰ
3580 2354 3756 2422 πέρατα
3792 2353 3866 2405 τῆς

2316 2443 2539 2505 Ἰταλίας
2566 2445 2612 2479 ⁵⁸
2648 2465 2659 2478 -
2695 2448 2781 2495 καὶ
2814 2448 2906 2500 την
2929 2442 2997 2504 εἰς
3028 2437 3162 2512 ᾅδου
3193 2438 3421 2494 κάθοδον
3451 2443 3587 2512 παρὰ
3611 2442 3688 2490 τόν
3712 2439 3865 2489 Ὠκεα-

2316 2536 2397 2584 νόν
2423 2534 2752 2603 γεγενῆσθαι,
2800 2532 2848 2584 ἐν
2950 2536 3037 2582 καὶ
3080 2532 3109 2587 ἡ
3143 2529 3305 2587 πολλὴ
3354 2528 3540 2585 πλάνη.
3572 2525 3867 2597 Ἀγωνίζεται

2320 2618 2377 2674 δὲ
2405 2618 2498 2674 διὰ
2523 2620 2718 2672 πολλῶν
2752 2628 2901 2673 τουτο
2935 2626 3176 2692 παραστῆ
3189 2624 3307 2675 σάι.
3344 2619 3516 2691 Ἡμεῖς
3537 2614 3592 2670 δε
3614 2621 3695 2667 καὶ
3720 2613 3869 2669 ἄλλους

2319 2708 2598 2785 διαφόρους
2660 2708 2942 2781 ἀνέγνωμεν
2997 2707 3045 2760 ἓν
3104 2711 3312 2769 τούτοις
3387 2708 3524 2777 αύτῷ
3576 2708 3868 2777 συμφωνούν-

2318 2820 2406 2860 τας
2433 2800 2501 2851 ⁸⁵.

2388 2888 2507 2941 Ὀτι
2564 2886 2923 2941 ἀποστέλλεται
2971 2886 3071 2938 ἀπὸ
3138 2884 3707 2944 Κωνσταντινουπόλεως
3754 2881 3873 2953 παρὰ

2322 2974 2610 3030 Θεοδοσίου
2664 2973 2924 3029 Πλακιδία
2965 2977 3074 3047 ἅμα
3132 2982 3286 3027 παισὶ
3330 2978 3465 3027 κατὰ
3505 2981 3592 3027 τοῦ
3638 2975 3869 3043 τυράννου,

2320 3072 2408 3119 καὶ
2454 3065 2863 3137 ἐπαναλαμϐάνει
2898 3065 3027 3123 αὕτη
3076 3067 3164 3136 μεν
3204 3069 3260 3117 τὸ
3297 3074 3393 3125 τῆς
3442 3064 3743 3134 Αύγούστης,
3779 3053 3874 3109 ὁδε

2324 3154 2743 3217 Ούαλεντινιανός
2796 3158 2851 3206 τό
2896 3163 2986 3206 τοῦ
3017 3153 3423 3225 Νωϐελισσίμου
3466 3152 3658 3223 ἀξίωμα
3684 3169 3695 3182 ’
3729 3166 3874 3200 συνεκ-

2323 3250 2575 3317 πέμπεται
2610 3241 2667 3295 δὲ
2712 3244 2889 3303 αὐτοῖς
2940 3248 3028 3295 καὶ
3064 3246 3287 3315 στρατός
3323 3248 3418 3294 καὶ
3453 3234 3874 3316 στρατοπεδάρχης

2326 3333 2566 3405 ἑκατέρας
2621 3329 2889 3403 δυνάμεως
2938 3331 3066 3403 [iis
3118 3334 3207 3400 H.]
3265 3329 3645 3405 Ἀρδαϐούριος
3694 3327 3788 3397 ἅμα
3820 3332 3877 3392 τῷ

2326 3420 2481 3475 παιδὶ
2516 3422 2773 3495 Ἄσπαρι,
2819 3425 2907 3473 καὶ
2960 3425 3130 3493 τρίτος
3174 3416 3538 3481 Κανδιδιανός.
3575 3420 3707 3471 Κατὰ
3731 3413 3780 3467 δὲ
3803 3417 3875 3469 τὴν

2329 3511 2717 3568 Θεσσαλονίκην
2742 3510 2920 3562 Ἠλίων
2964 3512 2987 3560 ό
3036 3516 3134 3561 τῶν
3166 3509 3419 3581 ὁφφικίων
3464 3511 3737 3581 μάγιστρος
3762 3502 3879 3574 παρὰ

2330 3596 2618 3652 Θεοδοσίου
2688 3598 3001 3659 ἀποσταλεὶς
3060 3595 3229 3651 ἑνδύει
3297 3598 3347 3633 ⁸⁸
3420 3598 3769 3650 Βαλεντινιανόν
3816 3589 3878 3641 ἐπ’

2330 3689 2492 3749 αὐτῆς
2567 3687 2958 3747 Θεσσαλονίκης
3032 3692 3123 3744 τὴν
3199 3693 3289 3738 τοῦ
3371 3692 3629 3758 Καίσαρος
3697 3682 3878 3742 ἐσθῆτα,

2332 3783 2560 3849 πέμπτον
2622 3780 2731 3837 ἔτος
2796 3778 2991 3846 οἶγοντα
3059 3783 3149 3837 τῆς
3225 3775 3450 3837 ἡλικίας.
3528 3779 3788 3827 Κατιόντων
3835 3764 3880 3818 δὲ

2333 3866 2501 3918 αύτῶν
2558 3861 2936 3938 Ἀρόαϐούριος
3011 3868 3099 3936 μεν
3156 3864 3428 3917 ἁλίσκεται
3485 3865 3624 3935 παρὰ
3674 3869 3761 3913 τῶν
3809 3862 3881 3907 τοῦ

2336 3959 2604 4027 τυράννου,
2655 3958 2741 4005 καὶ
2790 3954 3142 4026 ἀναπέμπεται
3190 3958 3314 4026 πρός
3361 3954 3536 4019 αὐτόν,
3578 3956 3661 4003 καὶ
3697 3947 3883 4021 γιλιάξῑι

2337 4047 2475 4113 αύτῷ
2506 4065 2515 4075 ·
2544 4044 2568 4093 ὁ
2596 4039 2653 4095 δὲ
2684 4045 2868 4093 τούτου
2910 4050 3030 4104 παῖς
3077 4042 3185 4113 ἅμα
3236 4041 3500 4114 Πλακιδίᾳ
3529 4041 3574 4092 ἐν
3615 4040 3791 4108 ἀθυμίᾳ
3815 4036 3883 4083 καὶ

2336 4132 2470 4203 λύπη
2502 4128 2633 4189 ἦσαν
2664 4153 2674 4164 ·
2709 4128 3059 4191 Κανδιδιανός
3091 4127 3149 4183 δε
3198 4130 3388 4192 πολλὰς
3434 4130 3606 4190 πόλεις
3652 4130 3791 4202 αἱρῶν
3815 4125 3884 4173 καὶ

2339 4217 2627 4291 εὐδοκιμῶν
2664 4220 2913 4294 λαμπρῶς
2955 4223 3009 4271 τό
3059 4219 3250 4271 λυποῦν
3298 4216 3607 4281 διεσκέδαζε
3636 4221 3715 4267 καὶ
3751 4211 3883 4282 ἑψνχ.

2341 4316 2551 4380 αγώγει.
2610 4308 2733 4362 Εἶτα
2806 4310 3060 4381 σφάζεται
3118 4310 3142 4359 ὁ
3202 4310 3447 4380 τύραννος
3514 4309 3755 4368 Ἰωάννης,
3818 4301 3888 4350 καί

2343 4395 2606 4451 Πλακιδία
2646 4398 2754 4470 ἅμα
2804 4402 3027 4470 Καίσαρι
3079 4406 3146 4467 τῷ
3189 4394 3347 4450 παιδὶ
3394 4397 3683 4469 εἰσέρχεται
3721 4393 3783 4452 εἰς
3817 4392 3890 4443 τὴν

582 4479 789 4537 Helion
814 4498 951 4539 vero
986 4484 1275 4556 magister
1299 4491 1353 4541 et
1383 4485 1667 4558 patricius
1734 4490 1983 4543 Romam
2025 4490 2205 4545 invasi

2339 4486 2621 4539 Ῥάϐενναν.
2689 4485 2871 4539 Ἠλίων
2930 4482 2989 4538 δε
3056 4487 3081 4537 ό
3162 4487 3454 4560 μάγιστρος
3522 4490 3608 4536 καὶ
3662 4482 3892 4551 πατρίκιος

583 4570 979 4644 omnibusque
1009 4588 1079 4630 eo
1107 4574 1567 4639 conﬂuentibus,
1597 4575 2074 4632 Valentinianum
2104 4579 2230 4648 jam

586 4664 921 4731 septennem
936 4666 1095 4719 veste
1110 4662 1301 4720 induit
1313 4664 1816 4736 imperatoria;uhi
1828 4665 2085 4721 historias
2102 4666 2233 4721 ﬁnis

588 4752 698 4805 est.

2342 4575 2643 4627 καταλαϐὼν
2688 4580 2774 4633 τὴν
2815 4575 3034 4647 Ῥώμην,
3084 4574 3212 4647 [200
3262 4573 3353 4647 HJ
3396 4580 3485 4627 καὶ
3526 4575 3715 4626 πάντων
3760 4568 3893 4619 ἐκεῖσε

2345 4662 2769 4738 συνδραμόντων,
2847 4669 2933 4721 τὴν
3013 4662 3267 4735 βασιλικὴ
3346 4662 3552 4722 ἔσθῆσα
3623 4655 3893 4725 ἐπταετηρὸν

2344 4758 2464 4806 ὄντα
2506 4749 2675 4806 ἐνδύει
2732 4752 3128 4805 Βαλεντινιανόν.
3176 4751 3256 4805 Ἐν
3303 4752 3381 4814 οἷς
3424 4753 3604 4805 καὶτὰ
3648 4756 3735 4808 τῆς
3776 4747 3896 4797 ἱστο·

2345 4847 2479 4918 ρίας.

1929 4966 2161 5023 νΑΒΙΑΞ
2202 4966 2599 5023 LECTIONES.

666 5091 711 5175 ’13
742 5092 800 5175 r‘é
834 5086 891 5142 δὲ
918 5098 1008 5151 τῆς
1036 5089 1233 5175 ’ξωμης
1262 5097 1439 5163 τεῖχος
1467 5112 1523 5155 ς.

594 5162 642 5198 ⁵²
670 5162 898 5215 ἀνάλωσε
926 5184 980 5226 ς’.

599 5254 652 5297 ς.
730 5236 777 5271 ⁵⁵
806 5231 979 5287 ἐκδύει
1004 5255 1057 5297 ς’.

1626 5093 1669 5127 ⁴⁹
1706 5089 2042 5165 καταδρομὴν
2066 5116 2119 5157 ς.

1060 5164 1106 5197 ⁵³
1136 5162 1331 5233 Ῥώμην
1354 5168 1396 5217 Α
1429 5179 1439 5217 ε
1472 5162 1616 5215 πόλιν
1652 5185 1705 5227 ς’.

2217 5095 2263 5128 ⁸ο
2294 5098 2631 5163 κεντηναρίων
2664 5089 3079 5163 apographum
3115 5089 3415 5163 Stephani.

1804 5166 1848 5199 5‘
1877 5160 2139 5236 Ἰταλίας],
2168 5190 2189 5211 ‹‹
2222 5165 2365 5237 quid
2398 5166 2440 5218 si
2476 5160 2777 5231 Hispania:
2809 5162 2971 5231 legas
3001 5162 3028 5215 ?
3056 5184 3081 5209 ››
3114 5161 3405 5217 Labbeus.
3434 5161 3481 5195 ⁵⁸
3516 5160 3901 5230 συμφρονοῦντας

3516 5088 3559 5122 ⁸¹
3594 5085 3825 5141 Ἀλυπίου
3856 5098 3899 5140 ς.

2168 5361 2391 5417 NOTAE.

674 5481 902 5553 (60)Α1.
935 5482 1215 5551 Olympii.

670 5554 786 5677 361)
817 5556 893 5608 Ex
934 5555 1169 5609 Homeri
1200 5554 1389 5625 ipsius
1418 5555 1710 5609 sententia
1733 5555 1939 5624 Odyss.
1969 5558 2034 5618 Α,
2055 5555 2239 5609 v.136.

605 5628 632 5677 ἦ
709 5624 720 5643 ’
748 5625 818 5677 εἰς
842 5626 1045 5677 πείραθ’
1085 5627 1222 5677 ἵκανε
1267 5624 1559 5677 Βαθυὸόόου
1597 5625 1879 5677 Ὠκεάνοιο-

748 5625 818 5687 εἰς
842 5626 1045 5699 πείραθ’
1085 5624 1237 5677 ῖκανεί
1264 5624 1559 5700 βαθυρρόου
1597 5625 1879 5684 Ὠκεοίνοιο,

2426 5482 2540 5549 (62)
2574 5482 2634 5535 In
2667 5479 2829 5551 quib.
2863 5478 3005 5533 forte
3026 5477 3237 5551 Strabo
3264 5478 3367 5533 lib,
3410 5494 3443 5551 ι.

2426 5543 2535 5625 (63)
2570 5543 2745 5623 Cujus
2771 5551 2931 5625 apud
2964 5550 3124 5605 Suid.
3152 5550 3478 5625 clementia,
3515 5543 3813 5619 prudentia
3839 5543 3908 5595 at-

2354 5621 2469 5697 que
2502 5621 2829 5679 moderatio
2856 5621 3375 5677 commendantur.
