4036 6214
201 293 300 349 285
1165 296 1650 354 BIBLIOTHECA.
1694 331 1761 339 —
1796 297 1955 355 COD.
1985 300 2269 365 LXXXIII,
2296 299 2597 356 LXXXIV.

3456 295 3562 350 286

201 416 446 482 διέξοισιν
495 418 545 471 έν
572 419 795 482 πολλοῖς,
826 424 898 485 ὡς
925 423 1021 475 κάν
1050 425 1272 489 τούτοις,
1302 423 1563 500 Ἀῥριανῷ
1588 427 1637 461 ⁷⁸
1663 428 1792 480 κατὰ

1907 426 1985 483 ab
2013 426 2331 483 Alexandri
2353 443 2598 484 excessu
2622 427 2875 499 imperia
2899 424 3219 483 distribuit.
3243 428 3307 481 In
3332 422 3561 480 casteria

193 513 246 561 τὸ
270 509 515 561 πλεῖστον
546 513 796 582 σύμφωνα
820 514 1034 584 γράφων
1060 513 1130 567 ⁷⁷.

944 695 1067 749 III".

330 787 607 834 Διονυσίου
636 783 1082 855 Ἁλικαρνασσέως
1109 784 1387 857 Ἰστορικοὶ
1413 784 1557 855 λόγοι
1586 783 1653 838 κ’.

258 871 593 941 Ἀνεγνώσθη
632 878 907 925 Διονυσίου
949 873 1396 948 ⁸Αλικαρνασσέως
1440 874 1487 908 ⁷⁸
1523 881 1616 926 τοῦ
1658 873 1794 928 Ἀλεο

190 957 416 1033 ξάνδρου
467 959 654 1032 βιϐλία
711 964 987 1035 ἱστορικῶν
1040 961 1205 1033 λόγων
1259 965 1471 1015 εἱκοσιν.
1531 961 1797 1034 Ἀρχεται

190 1049 286 1101 ἆπό
340 1058 439 1112 τῆς
474 1051 681 1104 Δὶνείου
714 1053 847 1123 μετὰ
872 1052 919 1086 ⁷⁵
949 1056 1135 1125 Τροίας
1173 1051 1366 1103 ἅλωσιν
1398 1050 1481 1103 έπὶ
1524 1056 1616 1107 τὴν
1661 1051 1798 1104 Ἰτα-

186 1139 294 1191 λίαν
349 1138 594 1211 ἀφίξεως,
630 1144 718 1191 καὶ
779 1136 1027 1202 διέξεισιν
1066 1138 1114 1191 έν
1163 1140 1318 1212 πολλῇ
1365 1140 1673 1212 λεπτολογίᾳ
1701 1146 1795 1199 τήν

188 1247 234 1279 τε
289 1235 396 1287 τῆς
447 1227 650 1299 Ῥώμης
719 1232 913 1281 οἵκισιν
971 1229 1019 1264 ⁸⁰
1075 1233 1164 1281 καὶ
1216 1233 1308 1287 τὴν
1358 1228 1536 1300 Ῥἐμου
1590 1228 1633 1264 ³¹
1707 1230 1795 1281 καί

186 1317 452 1389 Ῥωμύλου
508 1322 746 1387 γέννησιν
796 1322 886 1370 καὶ
956 1316 1130 1381 ἁπλῶς
1182 1317 1355 1390 ἐφεξῆς
1416 1319 1639 1383 ἅπαντα,
1698 1321 1793 1389 μέ-

182 1426 303 1479 χρις
357 1408 483 1458 ὅτου
526 1405 799 1478 Ῥωμαίοις
843 1408 870 1458 ό
925 1410 1051 1480 πρός
1102 1406 1300 1481 Πύρῥον
1343 1410 1429 1458 τὸν
1473 1407 1794 1479 Ἠπειρώτην

182 1495 407 1566 πόλεμος
469 1499 717 1553 συνέστη.
785 1499 1058 1569 Διέρχεται
1116 1492 1176 1548 δε
1223 1501 1312 1548 καὶ
1365 1495 1520 1547 αὐτόν
1584 1495 1787 1557 ἐκεῖνον,

180 1591 263 1637 καὶ
317 1584 538 1655 τελευτᾲ
593 1586 639 1645 ἱς
694 1589 789 1643 τὴν
846 1586 894 1657 ρ’
964 1589 1051 1637 καὶ
1100 1584 1180 1642 κη’
1237 1580 1593 1655 Ὀλυμπιάδα,
1649 1587 1795 1647 ἔτους

182 1673 308 1746 [In
373 1673 471 1746 H.]
527 1674 693 1736 αὐτῆς
735 1673 1071 1734 ἐνεστηκότος
1100 1675 1146 1709 ³³
1198 1678 1396 1745 τρίτου·
1457 1672 1542 1746 ἀφ’
1596 1670 1657 1736 ἧς
1704 1679 1794 1727 καί

1904 522 2104 571 autem
2124 516 2417 587 plerisque
2440 516 2908 581 narrationibus,
2928 532 3100 585 aeque
3119 520 3182 570 ut
3201 515 3260 569 in
3286 513 3403 578 his,
3423 528 3560 568 cum

1905 605 2156 661 Arriano
2188 605 2512 677 plurimum
2550 606 2840 677 Dexippus
2871 604 3186 660 consentit.

2594 694 2870 750 LXXXIII.

1986 784 2263 853 Dionysii
2288 785 2744 840 Halicarnassei
2766 784 3169 839 Historiarum
3204 781 3349 837 libri
3375 796 3470 835 xx.

1978 874 2253 942 Legimus
2305 872 2567 944 Dionysii
2620 872 3055 927 Halicarnassei
3098 869 3413 926 Alexandri
3456 867 3561 923 ﬁlii

1904 962 2301 1018 Historiarum
2354 962 2529 1017 libros
2574 961 2688 1030 (80)
2722 961 2950 1031 viginti.
2984 961 3195 1032 Incipit
3223 959 3297 1014 ab
3344 959 3557 1023 lEueaa,

1904 1056 2079 1123 capta
2101 1052 2227 1122 jam
2249 1051 2437 1123 Troja,
2463 1052 2521 1107 in
2550 1050 2779 1106 Italiam
2802 1051 3083 1115 adventu,
3112 1048 3423 1121 pergitque
3446 1047 3562 1101 sin-

1904 1140 2153 1210 gulatim
2177 1155 2416 1196 narrare
2447 1140 2558 1211 (8l)
2579 1143 2829 1195 Romam
2853 1140 3181 1205 conditam,
3202 1136 3560 1207 Romulique

1902 1234 1959 1284 et
1989 1229 2151 1284 Remi
2182 1234 2396 1296 ortum,
2430 1234 2484 1285 et
2513 1230 2720 1285 ordine
2752 1229 3032 1300 deinceps
3064 1228 3339 1283 universa
3370 1239 3560 1297 usque

1905 1318 1981 1373 ad
2011 1321 2414 1373 Romanorum
2447 1334 2584 1373 cum
2618 1318 2836 1389 Pyrrho
2870 1316 3239 1388 Epirotarum
3270 1329 3406 1383 rege
3436 1312 3558 1369 bel-

1902 1406 2027 1461 lum
2056 1406 2243 1477 (quod
2274 1406 2473 1477 ipsum
2506 1422 2748 1477 quoque
2780 1406 3104 1477 describit),
3133 1404 3467 1475 desinitque
3497 1403 3557 1457 in

1903 1494 2260 1566 Olympiadis
2307 1512 2515 1551 cxxvm
2546 1496 2706 1568 65b
2756 1512 2983 1551 annum
3038 1495 3317 1550 tertium:
3354 1508 3389 1547 a
3436 1506 3559 1563 quo

1903 1589 2167 1655 tempore
2198 1584 2502 1641 historiam
2543 1585 2863 1641 inchoasse
2895 1584 3072 1639 refert
3104 1581 3416 1654 Polybium
3452 1582 3560 1636 Me-

1904 1673 2307 1744 galopolitam.
2343 1673 2561 1730 Claruit
2590 1674 2687 1729 hic
2718 1675 2964 1745 scriptor
2995 1672 3240 1742 Augusti
3272 1669 3554 1743 imperio;

182 1782 339 1835 ῖησεν
398 1761 742 1836 ἀπάρξασθαι
792 1766 880 1814 τόν
938 1762 1362 1834 Μεγαλοπολίτην
1410 1761 1662 1816 Πολύϐιον
1702 1771 1792 1824 τῆς

1906 1777 2044 1817 nam
2075 1761 2241 1818 ﬁnito
2260 1763 2390 1835 jam
2417 1762 2695 1818 intestino
2726 1762 2882 1818 bello
2913 1762 3078 1834 quod
3108 1765 3445 1830 Augustum
3473 1759 3559 1814 in-

181 1856 444 1925 ἱστορίας.
509 1849 751 1923 Ἠκμασε
820 1848 880 1903 δε
959 1851 1100 1911 οὗτος
1152 1849 1235 1903 ἰπὶ
1299 1860 1398 1903 τῶν
1485 1851 1792 1922 Αὐγούστου

178 1946 410 2013 χρόνων,
468 1939 837 2001 καταπλεύσας
888 1939 959 2001 εἰς
1006 1939 1228 1993 Ἰταλίαν
1284 1940 1395 2011 ἅμα
1448 1949 1517 2011 τῷ
1566 1940 1794 1993 καταλυ-

182 2032 335 2087 θῆναι
397 2032 489 2079 τόν
533 2028 774 2101 έμφύλιον
828 2028 1068 2101 πόλεμον,
1121 2029 1174 2091 ὃς
1218 2029 1360 2100 αὐτῷ
1403 2049 1455 2082 τε
1506 2029 1793 2101 Αὐγούστῳ

179 2125 263 2171 καὶ
319 2120 592 2188 ’Δντωνίῳ
646 2117 963 2190 ἱπολεμήθησ
1016 2115 1303 2191 διατρίψας
1358 2115 1436 2183 δε,
1493 2120 1555 2179 ὦς
1612 2138 1789 2191 φησιν,

176 2211 259 2264 ἔτη
322 2204 428 2259 δύο
479 2212 569 2258 καὶ
618 2210 796 2269 είκοτι,
827 2213 918 2260 καὶ
972 2212 1066 2266 τόν
1115 2226 1168 2261 τε
1197 2210 1243 2244 ⁸³
1275 2207 1560 2278 Ῥωμαϊκὴν
1592 2208 1795 2281 έξακριι

174 2296 352 2357 ϐώσας
404 2293 696 2361 διαλεκτον,
730 2301 819 2349 καὶ
870 2300 937 2349 τὰ
993 2297 1114 2368 παρ’
1167 2296 1339 2358 αὐτοῖς
1388 2296 1594 2371 ἀρχαῖα
1632 2297 1791 2371 ἰκμα-

178 2389 299 2449 θὼν,
344 2390 440 2437 καὶ
503 2387 671 2437 πάντα
720 2387 822 2437 ὅσα
865 2389 995 2460 πρὸς
1042 2390 1137 2444 τὴν
1198 2388 1432 2458 ἱστορίαν
1490 2390 1640 2440 τείνει
1695 2408 1793 2440 πα-

172 2477 664 2545 ρασκευασάμενος,
722 2475 882 2536 ούτως
956 2476 1181 2549 ἄρχεται
1252 2484 1344 2536 τῆς
1401 2481 1787 2550 πραγματείας.

172 2566 323 2618 ἐστι
372 2561 434 2617 δε
466 2568 561 2621 τήν
620 2566 806 2636 apud“
849 2569 935 2615 xui
986 2569 1079 2623 τὴν
1121 2564 1254 2628 λέξιν
1301 2569 1649 2636 καινοπρεπὴς
1702 2569 1789 2617 καὶ

172 2653 217 2713 ἐς
291 2656 359 2705 τό
438 2652 845 2726 ἁνακεχωρηκός
921 2662 1021 2705 τῶν
1095 2653 1292 2706 πολλῶν
1367 2652 1497 2725 [204
1575 2655 1663 2724 Β.)
1708 2658 1791 2706 τόν

171 2742 325 2813 λόγον
386 2740 752 2811 ἐκϐιαζόμενος
781 2764 793 2774 ·
840 2744 871 2800 ἡ
922 2739 981 2794 δε
1025 2745 1160 2794 κατὰ
1207 2745 1356 2816 μέρος
1400 2740 1650 2813 διήγησις
1675 2762 1792 2814 μετ-

173 2838 314 2902 έχειν
400 2849 453 2883 τε
525 2838 620 2890 τῆς
698 2833 833 2882 κατὰ
909 2827 1143 2883 διάνοιαν
1195 2831 1426 2904 ἀφελείας
1482 2839 1640 2898 ποιεῖ,
1701 2837 1789 2885 καὶ

176 2918 286 2973 οὐδ’
339 2920 410 2980 εἰς
471 2923 532 2971 τό
598 2921 768 2993 ἄχαρι
822 2924 909 2971 καὶ
967 2920 1190 2994 σκληρόν
1238 2922 1499 2995 ἐπιτρέπει
1552 2941 1791 2995 παρασυ-

176 3017 351 3080 pium.
389 3012 665 3082 Κέχρηται
712 3005 771 3061 δί
818 3016 908 3061 καὶ
957 3009 1276 3082 παραϐάσει
1330 3011 1423 3063 ούκ
1473 3010 1642 3084 ὀλίγῃ,
1705 3014 1791 3063 τόν

180 3098 443 3171 ἀκροατὴν
505 3096 607 3149 ἀπό
648 3105 740 3150 τοῦ
784 3103 903 3170 περὶ
953 3103 1045 3156 τὴν
1100 3102 1334 3173 ἱστορίαν
1378 3105 1535 3172 κόρου
1569 3096 1791 3171 διαλαμ-

180 3186 346 3239 ϐαὲνων
404 3190 571 3259 ταύτῃ
628 3192 717 3238 καὶ
767 3185 1043 3238 ἀναπαύων
1112 3194 1197 3240 καὶ
1274 3188 1646 3261 ἀνακτώμενος.
1706 3189 1795 3243 Εἰ-

182 3284 289 3328 πςίν
332 3272 391 3328 δε
417 3281 710 3346 συντόμως,
744 3278 825 3327 ὅτι
853 3282 942 3328 καὶ
974 3280 1029 3328 τό
1060 3276 1265 3349 κομψόν
1310 3285 1399 3330 τοῦ
1430 3277 1607 3349 λόγου,
1640 3286 1702 3350 τῇ
1737 3297 1791 3330 τε

1905 1856 1989 1907 ter
2012 1857 2068 1907 et
2090 1851 2415 1907 Antonium
2447 1856 2769 1917 exarserat,
2796 1851 2855 1905 in
2884 1851 3117 1907 Italiam
3145 1848 3555 1919 adnavigavit.

1906 1941 2013 1997 Ubi
2039 1957 2175 1996 cum
2200 1956 2393 1997 annos
2421 1940 2573 1996 duos
2595 1945 2651 1996 et
2682 1940 2906 2009 viginti,
2928 1944 2989 1995 ut
3020 1941 3146 2011 ipse
3168 1939 3269 2007 ait,
3295 1938 3556 2003 vixisset,

1902 2035 1957 2085 et
1990 2030 2253 2085 Latinam
2285 2031 2548 2101 linguam
2575 2034 2851 2085 accurate
2882 2029 3091 2099 (homo
3118 2028 3378 2097 Grtecus)
3409 2026 3560 2082 didi-

1903 2118 2079 2174 cisset
2100 2118 2605 2190 (82),omnemque
2627 2118 2779 2173 adeo
2800 2118 3217 2190 antiquitatem
3238 2131 3436 2171 rerum
3452 2118 3559 2170 Ro-

1905 2223 2220 2263 manarum
2276 2206 2642 2277 vestigasset,
2696 2206 2921 2279 paratis
2953 2205 3213 2277 denique
3242 2202 3557 2259 ~universis

1901 2295 2227 2352 scribendae
2283 2296 2543 2352 historiae
2606 2295 2977 2359 necessariis,
3028 2295 3107 2352 ad
3170 2309 3296 2349 rem
3361 2293 3556 2363 ipsam

1901 2400 2223 2459 aggressus
2242 2391 2347 2442 est.
2371 2386 2562 2457 Stylus
2585 2385 2713 2456 ejus
2735 2392 2911 2457 atque
2938 2383 3137 2448 dictio,
3157 2398 3291 2455 quae
3315 2386 3558 2438 novato-

1902 2491 2027 2531 rem
2058 2475 2285 2539 deceat,
2320 2480 2374 2530 et
2402 2490 2538 2530 vero
2569 2491 2674 2544 per
2703 2474 3003 2529 insuetam
3034 2472 3211 2542 vulgo
3242 2471 3395 2526 viam
3428 2486 3557 2527 ora-

1901 2566 2123 2620 tionem
2164 2563 2431 2634 impellit.
2464 2566 2533 2618 At
2562 2578 2762 2619 rerum
2793 2562 3165 2633 singularum
3204 2560 3431 2615 minuta
3461 2573 3556 2613 ex-

1902 2651 2137 2725 plicatio
2204 2658 2259 2708 et
2320 2668 2558 2714 sensus,
2594 2651 2674 2707 illi
2727 2651 3062 2723 quamdam
3112 2647 3555 2719 simplicitatem

1901 2741 2090 2805 aﬁert.
2111 2746 2164 2796 et
2186 2756 2258 2797 ue
2279 2740 2355 2795 ad
2379 2742 2673 2812 ingratum
2699 2755 3039 2795 sermonem
3073 2742 3252 2809 atque
3278 2751 3555 2807 asperum

1901 2830 2253 2903 abripiatur,
2286 2833 2463 2885 vetat.
2509 2828 2992 2897 Digressionibus
3025 2826 3206 2881 utitur
3234 2841 3353 2879 non
3381 2839 3514 2880 raro
3541 2839 3553 2878 :

1900 2936 2088 2993 quare
2116 2918 2374 2974 historia
2400 2917 2705 2974 fastidium
2735 2916 2910 2981 levat,
2947 2914 3245 2985 reficitque
3278 2914 3557 2968 lectorem

1902 3008 2221 3077 interdum,
2250 3023 2320 3063 ac
2373 3008 2600 3064 retinet.
2636 3009 2706 3062 Ut
2756 3010 2955 3061 autem
2987 3003 3168 3059 verbo
3219 3002 3557 3074 expediam,

1902 3099 2190 3155 orationis
2211 3096 2504 3167 elegantia
2524 3111 2722 3152 rerum
2746 3093 3091 3167 particulari
3101 3109 3201 3148 um
3222 3091 3560 3148 narratione

1901 3194 1957 3243 et
1977 3187 2344 3260 digressione
2371 3190 2720 3258 temperata,
2737 3184 3062 3240 dictionem
3087 3182 3145 3238 in
3176 3179 3559 3254 asperitatem

1901 3276 2199 3332 abituram
2234 3275 2395 3332 lenit.

181 3368 311 3416 κατᾶ
391 3371 552 3438 μέρος
628 3364 893 3437 ἀφηγήσει
959 3370 1047 3418 καὶ
1100 3374 1161 3438 τῇ
1222 3365 1543 3439 παρεκϐάσιι
1600 3370 1912 3442 κεκραμένον
1961 3366 2031 3430 ⁸⁸,
2090 3369 2184 3423 τὴν
2264 3364 2350 3417 έπὶ
2429 3366 2485 3416 τὸ
2556 3364 2879 3439 τραχύτερον
2956 3360 3219 3436 ῥέπουσαν
3296 3359 3561 3431 θεραπεύει

182 3458 471 3507 σννέπειαν.

930 3542 1049 3599 ΠΔ’.

352 3638 461 3685 Tm)
492 3631 657 3684 αύτοῡ
680 3631 902 3703 Σύνοψις
928 3641 1025 3684 τῶν
1054 3634 1330 3707 εἰρημένων
1353 3634 1404 3693 η’
1429 3634 1612 3706 λόγων.

250 3723 583 3792 Ἀνεγ-νὼσθη
636 3728 729 3773 τοῦ
775 3722 933 3773 αύτού
992 3723 1213 3794 Σύνοψις
1258 3733 1356 3775 τῶν
1409 3732 1502 3786 τῆς
1560 3724 1794 3798 ἰστοριας

186 3811 229 3861 κ’
263 3811 485 3882 βιϐλίων
526 3810 575 3863 έν
630 3810 665 3863 ε’
712 3810 954 3883 βιϐλίοις·
990 3810 1037 3863 έν
1176 3813 1366 3884 μᾶλλον
1423 3811 1568 3866 δοκεί
1610 3813 1793 3867 έαυτοῦ

188 3902 507 3972 κομψότερος
547 3902 596 3936 ⁸⁵
629 3903 741 3972 μὶν,
792 3900 1121 3973 ἀφῃρημένος
1170 3899 1229 3955 δε
1275 3910 1333 3955 τό
1374 3899 1585 3968 ἠδῡνον,
1620 3903 1662 3956 si
1704 3908 1793 3957 καὶ

190 3998 254 4055 τῷ
305 3994 566 4063 χρησίμῳ
618 3989 807 4060 μᾶλλον
866 3986 1166 4062 διαπρέπει,
1214 3991 1304 4043 ἁτε
1353 3997 1520 4065 χωρὶς
1551 4000 1649 4044 τὼν
1700 3991 1793 4042 ἀν-

196 4086 411 4148 τιιαίων
462 4075 632 4149 μηδεν
679 4086 749 4147 τῷ
797 4078 935 4149 λόγῳ
980 4082 1447 4151 καταμιγνύμενος.
1480 4080 1617 4135 Ἀλλ’
1660 4078 1793 4135 εἶπεν

196 4168 252 4217 ἄν
294 4186 385 4230 τις,
431 4168 503 4227 ὡς
572 4168 634 4218 ἄν
702 4165 803 4218 ἀπό
860 4172 1131 4242 σκήπτρου
1188 4170 1523 4241 θεμιστεύων,
1580 4174 1669 4222 καὶ
1721 4177 1793 4241 τῷ

199 4254 436 4329 ἀπερίττῳ
486 4261 576 4308 καὶ
626 4261 1044 4328 συντετμημένῳ,
1078 4256 1167 4310 καί
1214 4260 1289 4310 ἔτι
1338 4266 1397 4329 τῇ
1454 4278 1507 4310 τε
1558 4262 1789 4333 συνθήκῃ

197 4352 275 4397 καὶ
322 4354 383 4417 τῇ
452 4345 605 4407 λέξει,
656 4345 778 4415 ἠχώ
852 4364 967 4397 τινα
1014 4350 1249 4419 πέμπων,
1305 4350 1629 4422 τραχύτερός
1680 4354 1786 4412 πώς

200 4432 294 4484 im
348 4441 461 4495 τοίς
509 4432 792 4503 ἀκροαταῖς
868 4440 1305 4509 προσφερόμενος,
1396 4438 1533 4494 Πλὴν
1578 4437 1792 4508 συνόψει

322 4525 348 4575 ό
384 4522 541 4593 λόγος
585 4521 678 4573 ούκ
737 4520 1081 4596 ἀνάρμοστος,
1118 4533 1187 4576 τῶ
1235 4520 1293 4577 δε
1348 4524 1519 4596 τελείῳ
1563 4531 1652 4579 καὶ
1678 4526 1792 4581 όλο-

202 4610 353 4684 ιλιὲρῳ
390 4620 489 4671 τῆς
547 4613 780 4682 ἱστορίας
819 4615 935 4663 οὔτι
990 4618 1305 4686 πρόσφορος.
1340 4614 1496 4673 Δῆλον
1530 4612 1579 4667 δ’
1612 4618 1675 4676 ὡς
1705 4616 1789 4668 οὗ·

206 4717 278 4759 τος
323 4702 350 4751 ό
404 4704 736 4771 συγγραφεύς
786 4705 970 4761 Δίωνός
1013 4720 1067 4754 τι
1120 4710 1211 4755 τοῦ
1262 4707 1485 4756 Κοκκίου
1526 4709 1615 4756 καὶ
1668 4703 1791 4759 Ἀπ-

2631 3542 2904 3597 LXXXIV.

2073 3633 2355 3703 Ejusdem
2385 3631 2777 3688 Historiarum
2809 3631 3142 3701 Synopseos
3174 3626 3315 3683 libri
3338 3642 3391 3679 v.

1974 3726 2147 3779 Lecta
2176 3725 2266 3776 est
2303 3721 2578 3793 ejusdem
2604 3719 2895 3774 librorum
2934 3716 3140 3787 viginti
3174 3714 3560 3771 historiarum

1901 3811 2184 3883 Synopsis
2206 3812 2341 3881 (83),
2363 3811 2629 3882 quinque
2651 3809 2776 3879 ipsa
2807 3806 2972 3861 libris
3002 3804 3471 3875 comprehensa:
3500 3803 3560 3857 in

1901 3917 2041 3973 qua,
2080 3904 2141 3955 ut
2183 3916 2245 3953 se
2276 3898 2402 3969 ipse
2428 3897 2661 3953 vincere
2692 3895 2981 3964 elegantia
3016 3893 3270 3958 videtur,
3303 3893 3385 3948 ita
3413 3907 3558 3964 quo-

1902 4006 2019 4061 que
2037 3988 2202 4044 omni
2219 3992 2458 4044 exutum
2479 3984 2853 4056 jucundilate
2870 3988 3062 4055 putes.
3090 3984 3229 4047 Quae
3246 3987 3447 4036 tamen
3467 3995 3560 4035 res

1904 4080 1978 4135 ad
2012 4079 2320 4134 utilitatem
2350 4076 2543 4148 magis
2574 4073 2727 4139 facit,
2755 4073 2899 4128 dum
2941 4072 3087 4127 nihil
3116 4076 3329 4143 praeter
3358 4084 3560 4125 neces-

1906 4170 2065 4224 saria
2086 4166 2338 4222 orationi
2361 4163 2675 4219 interserit.
2698 4164 2871 4218 Dicas
2886 4177 3023 4217 eum
3048 4166 3337 4231 tanquam
3356 4173 3559 4228 regem

1903 4273 2039 4312 cum
2068 4255 2317 4328 imperio
2364 4254 2461 4326 jus
2491 4252 2686 4308 dicere
2732 4254 2789 4306 et
2818 4254 3148 4322 temperato
3196 4247 3559 4318 concisaque

1902 4344 2141 4402 dicendi
2188 4358 2422 4414 genere,
2474 4341 2553 4398 ad
2603 4342 2731 4398 hmo
2780 4341 2959 4397 etiam
3008 4336 3441 4410 compositione
3488 4349 3559 4391 ac

1903 4435 2159 4491 dictione
2191 4434 2319 4506 ipsa
2350 4433 2511 4488 vocis
2544 4429 2879 4503 quamdam
2910 4427 3239 4497 imaginem
3271 4425 3467 4490 edere,
3498 4428 3561 4480 ut

1902 4523 2107 4579 durior
2122 4522 2575 4597 quodammodo
2596 4536 2667 4576 ex
2690 4534 2761 4575 eo
2782 4518 2860 4574 ad
2877 4515 3251 4574 audientium
3266 4529 3441 4571 aures
3464 4514 3560 4569 de-

1903 4614 2143 4679 feratur,
2167 4612 2331 4685 quod
2362 4627 2551 4683 genus
2576 4608 2865 4665 orationis
2890 4604 3251 4678 compendio
3278 4602 3424 4659 satis
3457 4618 3561 4674 ap-

1905 4712 2050 4770 tum,
2076 4702 2347 4776 perfectae
2378 4705 2555 4773 atque
2577 4699 2821 4770 integra:
2851 4695 3112 4753 historiae
3142 4692 3390 4750 minime
3417 4707 3561 4750 con-

1538 4828 1777 4885 vitale
1818 4792 2209 4887 LECTIONES.

269 4949 572 5021 ⁷⁶Ἀρειανῷ
614 4971 669 5030 ξ.
742 4950 793 5029 ξιτ
841 4953 975 5019 post
1023 4952 1124 5026 γρά
1165 4972 1231 5003 ων
1280 4951 1338 5007 in
1395 4953 1438 5006 A
1485 4970 1693 5008 versus
1743 4953 1947 5025 viginti
1998 4954 2116 5010 duo
2162 4952 2352 5008 vacui.
2434 4954 2478 4987 ⁷⁸
2520 4950 2903 5025 ἄλικαρνασέως
2931 4969 2986 5013 ς·

272 5026 374 5058 m'np
402 5042 435 5058 ρ
534 5023 581 5056 αθ
621 5020 752 5058 Inhn
784 5024 992 5058 ηῗνηπιν
1103 4972 1160 5058 εἴ
1196 5021 1400 5058 ’νέαι-...Ἰ
1437 5026 1606 5058 λίηυι..
1639 5042 1772 5058 ΑΛ...»
1842 5027 1866 5058 Δ
1979 5027 2025 5058 82
2059 5026 2389 5058 ἔμοι-ιυνιὶιι-Αρ
2419 5023 2583 5058 ..εἶναι
2614 5045 2649 5058 ,-
2759 5022 2808 5057 8⁸
2840 5040 2894 5058 φο
2926 5021 2986 5058 ιιιέ

1103 5021 1147 5058 ⁸¹
1196 5021 1400 5097 Ῥέμου]
1429 5026 1606 5099 ῥώμου
1639 5042 1789 5083 corr.
1804 5021 1900 5083 Ἀ.

208 5020 455 5089 τιοοίαςίς,
534 5023 581 5056 ⁸⁸
620 5020 753 5075 libri
784 5024 1018 5078 οῖκησιν.

210 5096 338 5155 μένον
365 5096 427 5147 Δ.
508 5093 555 5127 ³⁵
588 5095 681 5163 μεν
710 5091 1032 5165 κομψότερος
1065 5115 1119 5158 ς.

3085 4950 3136 5022 7"
3166 4945 3299 5022 μετᾲ
3332 4948 3426 5004 τὴν
3468 4951 3559 5003 τῆς

2759 5022 2808 5057 ⁸⁸
2840 5040 2894 5074 τε
2925 5020 3071 5079 add.
3111 5019 3183 5078 AL
3260 5019 3307 5054 "
3337 5034 3559 5087 κεκρυμ-

1979 5027 2025 5061 ⁸²
2057 5026 2389 5085 ἐνεστηκότος
2419 5023 2583 5086 αὐτῆς
2614 5045 2673 5087 ς’.

1778 5221 2000 5279 NOTE.

271 5340 377 5409 (80)
416 5338 698 5396 Uudecim
750 5336 929 5394 hodie
974 5336 1262 5410 duntaxat
1312 5340 1609 5410 leguntur.
1646 5342 1789 5400 Vide

250 5426 326 5484 uae
349 5411 419 5466 de
449 5411 558 5466 hoc
588 5410 887 5484 scriptore
924 5412 1088 5484 to_t_ol
1121 5409 1271 5484 libro
1306 5409 1625 5484 operarum
1658 5430 1790 5484 pro-

246 5480 477 5554 iditﬂen.
495 5480 699 5554 Steph.
720 5480 937 5554 inedi}.
960 5479 1199 5554 Dionys.
1217 5479 1615 5552 Lugdunensi.
1643 5479 1790 5542 Vide

215 5496 332 5535 mnu
348 5496 477 5537 uen.
495 5496 699 5554 Steph.
720 5496 782 5535 in
796 5496 937 5536 eun.
960 5496 1231 5607 monii]

215 5556 260 5603 et
288 5552 657 5609 Francofurd.
693 5552 835 5608 edit.
869 5551 1093 5608 Graaco~
1190 5556 1231 5606 t.

238 5692 243 5699 ,
275 5624 814 5699 (ΒιὶΑυιειΑΑρρίοῃ.
831 5622 1119 5699 Αιοκιιειεὶἐ
1136 5624 1267 5680 cod.
1284 5625 1373 5699 57,
1398 5632 1453 5683 et
1475 5627 1789 5699 Sex.Aure-

218 5688 312 5749 lius
336 5695 516 5755 Victor
536 5688 848 5768 in'o'rigine
876 5696 1066 5765 gentis
1089 5697 1257 5753 Rom.
1281 5688 1445 5753 Dion.
1476 5698 1617 5756 item
1646 5699 1792 5759 Cas-

1904 5345 2027 5400 sius
2057 5360 2241 5415 supra
2271 5344 2410 5404 cod.
2440 5348 2530 5399 Ἠ.

1970 5416 2085 5486 (82)
2103 5411 2263 5472 Idem
2286 5416 2359 5472 de
2381 5432 2444 5471 se
2462 5415 2604 5471 Plut.
2630 5416 2871 5471 testatur
2898 5412 3067 5486 initio
3086 5413 3229 5486 vitm
3252 5411 3555 5469 Demosth.

1901 5492 1956 5544 et
1981 5483 2059 5542 'de
2092 5488 2349 5544 Diodoro
2383 5486 2580 5544 Siculo
2612 5486 2854 5542 Photius
2882 5483 3017 5541 sub.
3049 5483 3185 5541 cod.
3218 5487 3307 5541 70.

1972 5559 2087 5629 (83)
2133 5561 2211 5631 De
2260 5576 2384 5631 qua
2430 5560 2601 5613 Henr.
2661 5558 2858 5630 Steph.
2911 5572 3040 5628 cap.
3093 5556 3129 5610 ὕ
3171 5558 3228 5613 et
3280 5561 3310 5611 7
3361 5568 3560 5629 opere

1902 5646 2024 5686 suae
2056 5646 2072 5685 ι
2102 5632 2160 5686 in
2192 5630 2354 5687 hunc
2388 5630 2631 5702 Dionys.
