4036 6214
483 293 587 347 287

1718 304 1806 359 PH
1815 305 1949 361 OTlI
1996 306 2476 365 PATBIARCHE
2514 310 2615 366 CP.
3698 320 3785 378 288

484 417 704 474 veniat.
725 418 870 475 Illud
889 427 1137 493 apparet
1154 424 1502 497 scriptorem
1525 428 1683 485 hunc
1704 430 1885 487 Dione
1900 432 2125 499 Cassio,

2258 442 2429 488 τιανοῦ
2484 443 2575 489 τοῦ
2631 434 3025 514 Ἀλεξανδρέως,
3065 447 3163 492 τῶν
3223 442 3313 504 τὰς
3355 440 3624 515 Ῥωμαϊκὰς
3667 447 3792 499 ἱστο-

483 510 539 561 et
570 510 843 579 Appiano
886 510 1307 578 Alexandrino,
1342 518 1747 575 Romanarum
1777 535 2018 594 quoque
2043 537 2135 578 re-

484 612 618 651 rum
644 596 955 665 historicis,
991 601 1247 673 priorem
1279 610 1447 662 (etate
1481 607 1683 664 fuisse.

1191 694 1430 766 Lxxxv.

486 776 843 832 Heracliani
868 777 978 850 (84)
1010 780 1266 852 episcopi
1297 785 1687 843 Chalcedonis
1709 794 1919 846 contra
1946 788 2138 845 Mani-

1072 871 1265 928 cha’os
1295 874 1435 929 libri
1458 893 1556 931 xx.

560 953 716 1009 Lecti
767 959 903 1011 sunt
950 959 1278 1017 Heracliani
1325 965 1435 1033 (84)
1480 966 1977 1023 Chalcedonensis
2017 968 2141 1040 epi-

488 1043 652 1112 scopi
687 1045 988 1101 Adversus
1018 1048 1382 1107 Martia/imos
1412 1053 1544 1109 libri
1572 1056 1794 1127 viginti.
1830 1057 2028 1114 Oratio
2063 1057 2142 1112 illi

489 1132 744 1196 concisa,
779 1136 1023 1191 minime
1075 1139 1441 1207 redundans,
1470 1149 1648 1217 atque
1697 1146 1988 1213 sublimis,
2022 1161 2142 1203 non

488 1221 720 1294 absque
737 1225 1364 1301 perspicuitate,quam
1384 1232 1493 1303 (85)
1509 1235 1815 1302 granditas
1834 1239 2139 1307 temperat.

487 1311 858 1367 Atticismum
887 1315 1041 1370 enim
1078 1333 1212 1373 cum
1238 1319 1511 1377 familiari
1538 1339 1812 1380 sermone
1835 1324 2141 1389 admiscet,

490 1416 554 1453 ac
582 1400 739 1472 65b
768 1402 939 1458 veluti
972 1421 1291 1475 puerorum
1326 1418 1672 1484 praeceptor,
1707 1414 1765 1469 in
1799 1415 2141 1475 certamine,

489 1489 813 1561 plusquam
839 1493 1166 1562 Atticismo,
1184 1503 1245 1553 ut
1271 1500 1352 1554 sic
1373 1500 1606 1571 loquar,
1631 1502 1952 1558 contendit.
1980 1506 2143 1558 Ever-

490 1578 557 1632 tit
572 1594 707 1632 vero
725 1580 782 1635 id
797 1582 957 1653 quod
979 1586 1279 1642 Manichaai
1294 1589 1989 1662 appellantEvangelium
2004 1591 2139 1661 (86),

490 1672 545 1722 et
594 1670 946 1739 Giganteum
983 1674 1223 1741 librum,
1258 1683 1434 1748 atque
1482 1680 1829 1736 Thesauros.
1865 1683 2145 1736 Recenset

490 1756 631 1813 item
685 1775 804 1825 eos,
837 1762 940 1832 qui
1004 1768 1138 1819 ante
1183 1782 1243 1819 se
1320 1767 1380 1821 in
1430 1768 1886 1825 Manichaeorum
1937 1769 2139 1841 impie-
2182 1787 2221 1840 Β

491 1850 671 1915 tatem
725 1848 1026 1906 calamum
1077 1853 1456 1911 strinxerunt.
1503 1859 1923 1927 Hegemonium
1973 1857 2140 1913 nimi-

490 1948 646 2000 rum,
679 1936 779 2007 qui
812 1937 1279 2009 disputationem
1312 1944 1579 2000 Archelai
1628 1945 1915 2001 adversus
1945 1946 2143 2017 ipsum

495 2022 807 2095 [Maneten]
854 2028 1226 2098 perscripsit:
1262 2034 1317 2085 et
1363 2032 1552 2087 Titum
1598 2032 1732 2104 (87),
1763 2033 2035 2105 quicum
2083 2050 2145 2089 se

494 2112 724 2180 putavit
754 2119 962 2170 contra
993 2118 1346 2175 Manichaeos
1392 2120 1670 2187 scribere,
1712 2122 1769 2178 in
1802 2123 1983 2179 Addas
2030 2124 2145 2193 (88)

494 2200 689 2269 magis
736 2201 919 2258 libros
968 2206 1216 2276 scripsit.
1259 2209 1347 2263 Ad
1392 2210 1519 2265 haec
1568 2215 1626 2266 et
1668 2213 1983 2283 Georgium
2032 2213 2143 2284 (89)

498 2288 944 2359 Laodicensem,
976 2295 1079 2365 qui
1110 2295 1323 2352 eadem
1354 2296 1493 2363 fere,
1527 2300 1747 2372 quibus
1780 2317 1924 2355 usus
1956 2306 2039 2357 est
2063 2302 2148 2357 Ti-

495 2379 609 2441 tus,
639 2386 991 2449 argumenta
1020 2398 1127 2452 pro
1154 2384 1395 2441 veritate
1424 2386 1670 2444 adhibet
1703 2389 1835 2458 (90).
1868 2392 2149 2446 Prseterea

497 2466 884 2535 Serapionem
926 2472 1037 2542 (91)
1065 2473 1413 2544 episcopum
1443 2476 1757 2533 Thmueos.
1792 2479 2052 2551 Denique
2092 2484 2148 2536 et

500 2553 823 2611 Diodorum
858 2557 1021 2615 illum
1053 2560 1190 2631 (92),
1224 2563 1325 2634 qui
1363 2564 1527 2620 libris
1560 2566 1826 2639 quinque
1857 2572 1912 2623 et
1943 2568 2148 2639 viginti

498 2657 631 2696 cum
657 2644 992 2702 Manichaeis
1017 2652 1290 2705 certavit:
1315 2668 1573 2723 quorum
1602 2660 1824 2727 septem
1849 2656 2149 2728 prioribus

498 2735 667 2801 putat
679 2732 921 2803 quidem
937 2736 1198 2794 vividum
1217 2755 1277 2793 se
1291 2740 1740 2799 Manichaeorum
1754 2744 2149 2815 Evangelz‘um

498 2818 757 2876 refellere
774 2838 786 2887 ;
802 2826 863 2878 at
877 2839 993 2879 non
1009 2829 1373 2900 assequitur:
1390 2830 1534 2887 dum
1554 2849 1672 2888 non
1688 2835 1853 2903 illud,
1870 2836 1975 2890 sed
1990 2836 2150 2907 quod

408 2952 409 2955 η
498 2908 576 2995 ab
596 2910 765 2965 Adda
787 2915 1071 2987 scriptum
1097 2923 1240 2985 erat,
1261 2923 1315 2973 et
1337 2921 1597 2978 modium
1623 2925 1975 2995 appellatur,
1995 2940 2151 2979 ever-

497 2980 597 3054 tit:
631 3000 874 3072 reliquis
904 2980 1117 3060 deinde
1160 2980 1327 3061 libris
1359 3023 1426 3063 ea
1460 3025 1642 3066 sacrae
1663 2980 1992 3085 ‘S'cripturae
2023 3015 2155 3069 loca

2243 528 2359 598 ρίας
2439 532 2855 600 συντεταχότων,
2906 532 3081 604 χρόνῳ
3166 532 3468 589 καθέστηκεν
3546 531 3793 605 ἀρχαιότε-

2242 630 2352 686 ρος.

2986 706 3109 761 ΠΕ’.

2243 791 2610 866 Ἠρακλειανοῦ
2657 793 2943 870 ἐπισκόπου
2981 793 3310 870 Χαλκηδόνος
3353 800 3482 849 κατά
3517 804 3796 870 Μανιχαίων

2908 867 3091 940 βιϐλία
3119 869 3186 922 κ’.

2322 953 2644 1025 Ἀνεγνὼσθη
2679 954 3041 1029 Ἠρακλειανοῦ
3087 957 3370 1010 ἐπισκόπου
3402 954 3715 1020 Χαλκηδόνος
3758 960 3797 994 ⁸⁸

2257 1045 2400 1095 Κατά
2450 1050 2758 1115 Μανιχαίων
2808 1045 2855 1097 ἐν
2899 1045 3119 1119 βιϐλίοις
3157 1046 3221 1099 κ’.
3250 1046 3399 1099 ⁸Ἐστι
3430 1043 3485 1098 δὲ
3514 1052 3599 1104 τὴν
3637 1049 3800 1119 φράσιν

2256 1138 2665 1206 συντετμημένος
2708 1140 2797 1187 καὶ
2851 1134 3124 1209 ἀπέριττός
3168 1141 3257 1188 καὶ
3309 1135 3520 1205 ὑψηλὸς,
3569 1134 3680 1188 οὐδὲ
3724 1144 3801 1188 τοῦ

2256 1231 2449 1294 σαφοῦς
2506 1223 2762 1277 ἐκκλίνων·
2819 1226 2946 1278 ἀλλὰ
3019 1230 3313 1301 συγκρατος
3355 1225 3506 1277 αὐτοῦ
3560 1234 3625 1295 τῷ
3681 1230 3804 1296 μεγέ-

2257 1313 2330 1361 θει
2383 1313 2411 1369 ἡ
2472 1318 2740 1385 σαφήνεια,
2770 1314 2859 1367 ἁτε
2901 1321 2991 1368 καὶ
3039 1335 3108 1386 τῳ
3155 1316 3473 1385 Ἀττικισμῷ
3519 1315 3573 1365 τὸ
3600 1315 3802 1384 καθωμι-

2253 1399 2465 1472 λημένον
2509 1405 2784 1475 μιγνύντος
2825 1410 2914 1457 καὶ
2957 1401 3160 1457 παίδων
3200 1406 3481 1475 ἡγουμένου
3525 1401 3592 1462 εἰς
3614 1401 3804 1473 ἅμιλλαν

2253 1491 2642 1562 καθισταμένων
2698 1494 2741 1526 ⁸⁷
2794 1497 2901 1557 τόν,
2961 1496 3024 1553 ὡς
3072 1495 3132 1544 οἷν
3182 1495 3317 1544 εἴποι
3368 1511 3464 1555 τις,
3518 1492 3806 1562 ὑπεραττικιο

2256 1582 2405 1651 σμόν.
2432 1580 2731 1653 Ἀνατρέπει
2759 1579 2818 1633 δὲ
2862 1585 2919 1634 τὸ
2947 1585 3086 1651 παρὰ
3117 1590 3224 1643 τοῖς
3254 1584 3564 1651 Μανιχαίοις
3591 1578 3808 1649 καλούμε-

2253 1688 2333 1719 νον
2394 1668 2700 1738 Εὐαγγέλιον
2748 1676 2835 1723 καὶ
2877 1675 2970 1729 τὴν
3024 1672 3319 1741 Γιγάντειον
3371 1667 3544 1741 βίϐλον
3585 1671 3666 1719 καὶ
3707 1671 3808 1727 τοὺς

2254 1760 2589 1829 Θησαυρούς.
2640 1759 2915 1830 Καταλέγει
2958 1765 3047 1811 καὶ
3103 1761 3218 1811 ὅσοι
3259 1762 3359 1831 πρὸ
3403 1758 3555 1809 αὐτοῦ
3588 1758 3710 1807 κατὰ
3733 1764 3810 1816 τῆς

2252 1854 2342 1898 τοι)
2425 1846 2731 1921 Μανιχαίου
2807 1849 3135 1923 συνέγραψαν
3200 1848 3495 1915 ἀθεότητος,
3552 1845 3811 1917 Ἠγεμόνιόν

2252 1956 2305 1988 τε
2342 1941 2428 1989 τὸν
2472 1940 2564 1999 τὰς
2607 1937 2894 2011 Ἀρχελάου
2934 1942 3066 2011 πρὸς
3104 1938 3258 1990 αὐτὸν
3303 1936 3581 2007 ἀντιλογίας
3619 1933 3812 2005 ἀνσγρά·

2252 2026 2443 2096 φαντα,
2491 2031 2578 2078 καὶ
2632 2032 2806 2094 Τίτον,
2860 2028 2915 2089 ὃς
2981 2024 3125 2090 ἔδοξε
3182 2030 3271 2098 μεν
3338 2028 3471 2078 κατά
3534 2028 3812 2095 Μανιχαίων

2252 2117 2483 2189 γράφειν,
2540 2114 2734 2187 ἔγραψε
2786 2112 2844 2168 δε
2897 2117 3085 2188 μᾶλλον
3137 2120 3273 2168 κατά
3325 2123 3421 2167 τῶν
3471 2110 3662 2166 Ἀδδου
3707 2130 3815 2180 συγ·

2254 2206 2593 2278 γραμμάτων,
2646 2208 2719 2257 ἔτι
2772 2202 2830 2257 δε
2867 2210 2957 2257 καὶ
3007 2208 3091 2258 τόν
3131 2203 3401 2258 Λαοδικέα
3441 2209 3698 2273 Γεωργιον,
3729 2204 3816 2257 τοῖς

2256 2294 2434 2356 αὐτοῖς
2489 2291 2685 2364 σχεδόν
2734 2295 2810 2356 οἷς
2847 2296 2871 2347 ὀ
2905 2300 3057 2355 Τίτος
3099 2296 3234 2347 κατά
3280 2302 3374 2356 τῆς
3421 2291 3648 2351 ἀσεϐείας
3674 2290 3715 2323 ⁸⁸
3750 2306 3817 2338 κε·

2255 2386 2516 2454 χρημένον
2586 2382 2967 2458 ἐπιχειρήμασι
3015 2384 3082 2451 ⁸⁸,
3134 2387 3223 2435 καὶ
3270 2386 3563 2456 Σεραπίωνα
3618 2382 3693 2431 τὸν
3744 2383 3818 2435 τῆς

2258 2474 2499 2543 Θμούεως
2544 2472 2842 2535 ἐπίσκοπον,
2893 2476 2981 2524 καὶ
3027 2475 3111 2523 τὸν
3170 2468 3450 2546 Διόδωρον,
3492 2468 3544 2520 ἐκ
3588 2466 3631 2518 κ’
3668 2470 3747 2518 καὶ
3787 2463 3817 2515 ε’

2260 2560 2477 2633 βιϐλίοις
2527 2564 2612 2613 τόν
2670 2564 2805 2614 κατά
2856 2566 3165 2632 Μανιχαίων
3216 2560 3393 2631 ἀγῶνα
3448 2557 3818 2629 ἀγωνισάμενον,

2259 2652 2313 2711 ὃς
2345 2647 2437 2702 διὰ
2462 2655 2549 2724 μεν
2581 2659 2678 2703 τῶν
2724 2656 2938 2724 πρώτων
2979 2649 3106 2723 [118
3138 2651 3223 2721 Η.]
3275 2648 3491 2721 βιϐλίων
3531 2646 3653 2699 ἑπτὰ
3680 2646 3820 2696 οίεται

2260 2744 2347 2810 μὲν
2393 2744 2449 2794 τό
2491 2747 2581 2792 τοῦ
2625 2744 2927 2810 Μανιχαίου
2989 2746 3097 2791 Ζών
3152 2738 3465 2809 Εὗαγγέλιον
3530 2734 3821 2807 ἀνατρέπειν,

2263 2829 2318 2880 οὐ
2374 2831 2627 2900 τυγχάνει
2673 2825 2731 2880 δε
2788 2827 2997 2895 ἐκείνου,
3034 2826 3160 2879 ἀλλὰ
3213 2826 3485 2901 ἀνατρέπει
3536 2826 3582 2859 ⁹⁰
3634 2826 3686 2874 τό
3738 2820 3821 2871 ὑπὸ

2261 2914 2447 2973 "Addat
2488 2921 2860 2992 γεγραμμένον,
2912 2919 2937 2969 ὅ
2981 2917 3211 2970 καλεῖται
3254 2914 3476 2971 Μόδιον·
3511 2910 3600 2967 διὰ
3644 2907 3697 2963 δὲ
3738 2916 3821 2960 τῶν

2263 3006 2439 3078 ἑφεξῆς
2496 3011 2589 3064 τὴν
2642 3015 2739 3058 τῶν
2795 3012 3060 3079 Γραφικὼν
3113 3006 3301 3081 ῥητῶν.
3364 3005 3398 3057 ἃ
3462 3006 3508 3056 οἰ
3564 3004 3824 3069 Μανιχαῖοι

503 3103 649 3159 pure
671 3091 999 3160 explanans
1028 3100 1205 3164 atque
1236 3095 1568 3159 declarans,
1588 3116 1724 3172 quae
1750 3102 2051 3157 Manichaai
2076 3103 2147 3157 ad

2262 3094 2627 3157 ίξοικειοῦνται
2688 3099 2817 3167 πρός
2883 3098 2939 3146 τό
3001 3100 3151 3167 σφίσι
3205 3092 3597 3166 βεϐουλημένον,
3660 3091 3825 3140 ἀνακα-

502 3192 571 3231 ea
589 3193 723 3247 qua:
738 3178 939 3234 animo
954 3182 1386 3253 concepissent,
1402 3189 1860 3244 accommodare
1878 3190 2149 3249 solerent.

505 3266 569 3318 Et
615 3264 741 3318 haec
773 3268 846 3320 de
893 3268 1167 3325 Diodoro.
1206 3274 1421 3328 Horum
1471 3290 1611 3344 ergo
1654 3278 1911 3343 Patrum,
1942 3285 2003 3334 ut
2049 3296 2151 3335 eos

502 3352 907 3423 pientissimus
931 3357 1233 3413 Heracliam
1246 3377 1312 3414 us
1334 3364 1625 3427 nominat,
1652 3363 1804 3420 facta
1829 3367 2147 3435 mentione,

501 3456 880 3515 quaecunque
906 3443 964 3499 in
997 3444 1143 3517 ipsis
1169 3463 1288 3503 non
1322 3451 1461 3505 satis
1492 3451 1741 3507 ﬁrmiter
1774 3458 2151 3524 pronuntiata

501 3534 657 3594 sunt,
682 3529 937 3587 breviter
961 3534 1295 3605 conﬁrmat,
1321 3553 1453 3609 quae
1478 3542 1872 3610 praetermissa
1900 3544 1994 3615 pie
2017 3562 2153 3616 sup-

500 3616 639 3687 plet,
673 3634 809 3690 quas
842 3622 985 3676 satis
1016 3630 1288 3680 accurate
1315 3627 1551 3697 prodita
1580 3629 1803 3699 integre
1833 3631 1991 3701 citat,
2013 3649 2150 3689 cum

504 3706 763 3762 nominis
812 3708 1141 3768 honoriﬁca
1189 3715 1609 3786 appellatione,
1643 3719 1860 3775 additis
1891 3721 2155 3778 similiter

502 3811 639 3869 quae
672 3796 783 3853 sibi
810 3797 871 3853 in
906 3807 1162 3857 mentem
1192 3805 1477 3861 venerint.

579 3885 769 3957 Spirat
786 3886 883 3942 hic
905 3889 987 3944 vir
1006 3889 1487 3964 philosophicum
1516 3896 1719 3964 robur,
1739 3899 1986 3956 aliarum
2012 3917 2158 3973 quo-

500 3988 616 4043 que
648 3977 865 4030 artium
916 3978 1132 4049 opibus
1165 3983 1397 4052 egregie
1425 3984 1774 4046 instructus.
1820 3989 2004 4059 Igitur
2029 4006 2159 4063 quae

506 4061 775 4121 fabulose
824 4073 1125 4135 nugantur
1172 4072 1487 4139 Manichaei,
1518 4075 1880 4133 validissime
1925 4061 2150 4146 evertit,

511 4157 689 4224 atque
712 4170 783 4209 ex
808 4155 938 4226 ipsa
955 4156 1135 4214 etiam
1161 4174 1380 4227 rerum,
1400 4179 1536 4235 qua;
1562 4166 1865 4231 exsistunt,
1893 4170 2160 4224 conside-

509 4241 760 4312 ratione,
795 4243 1103 4301 fabulosas
1132 4246 1401 4318 ipsorum
1430 4252 1505 4307 de
1547 4256 1688 4309 Ente
1715 4270 1903 4326 nugas
1929 4258 2161 4315 refutat.

2265 3186 2430 3257 θαίρει
2458 3193 2657 3259 χρῆσιν
2679 3189 2768 3236 καὶ
2796 3181 3062 3256 διασαφεῖ.
3096 3188 3195 3236 Καὶ
3219 3185 3243 3235 ό
3274 3187 3367 3254 μὲν
3395 3177 3643 3251 Διόδωρος
3667 3176 3826 3233 οὕτως.

2261 3276 2466 3325 Τούτων
2502 3270 2560 3326 δε
2591 3282 2709 3339 τῶν,
2742 3276 2811 3334 ὡς
2846 3273 2996 3333 αὑτός
3036 3292 3193 3343 φησιν
3235 3274 3260 3324 ὁ
3298 3265 3827 3335 θεοσεϐέστατοςἨρα-

2261 3361 2489 3423 κλειανός
2551 3364 2619 3427 ⁵³,
2678 3366 2915 3435 Πατέρων
2964 3366 3172 3432 μνήμην
3247 3362 3569 3421 πεποιηκὼς,
3624 3357 3715 3408 ὅσα
3755 3354 3830 3424 μὶν

2263 3452 2487 3513 ἀσθενῶς
2564 3452 2735 3512 αὐτοῖς
2789 3454 2835 3486 ⁸³
2881 3454 3103 3523 εἴρηται,
3165 3448 3630 3521 ἕπισημαινόμενος
3690 3459 3832 3511 παρα-

2262 3546 2460 3614 τρίχει,
2510 3543 2611 3593 ὅσα
2660 3538 2718 3593 δὲ
2767 3539 2998 3608 ἐλλιπῶς,
3035 3538 3258 3599 εὐλαϐῶς
3303 3537 3613 3611 ἀναπληροῖ,
3640 3536 3721 3585 καὶ
3748 3531 3833 3583 ὅσα

2262 3630 2574 3702 ἀρκούντως,
2636 3628 2938 3689 ἀδεκάστως
3014 3625 3409 3699 ἀποδεχόμενος
3475 3623 3546 3679 δι’
3612 3623 3834 3693 εὐφημίας

2264 3728 2507 3785 ποιεῖται,
2544 3721 2836 3771 συντάττων
2869 3718 3040 3777 αὐτοῖς
3073 3722 3161 3769 καὶ
3190 3716 3318 3789 ἅπερ
3358 3716 3499 3786 αὐτῷ
3526 3711 3772 3769 διενοήθη.

2340 3907 2491 3952 Ἐστι
2518 3895 2575 3950 δὲ
2606 3899 2629 3949 ό
2664 3896 2791 3971 ἀνὴρ
2832 3900 2991 3948 πνέων
3021 3900 3106 3947 καὶ
3159 3900 3251 3951 τὴν
3278 3896 3323 3929 9³
3365 3894 3495 3967 [205
3528 3891 3614 3964 8.]
3644 3889 3737 3941 ἀπὸ
3765 3904 3835 3956 φι-

2268 3989 2512 4060 λοσοφίας
2564 3988 2742 4057 ἰσχὺν,
2772 3990 2861 4037 καὶ
2906 3989 2999 4042 τὴν
3045 3983 3144 4035 ἀπὸ
3194 3991 3292 4034 τῶν
3342 3982 3509 4034 ἄλλων
3546 3978 3837 4051 μαθημάτων

2271 4078 2503 4130 πλουτῶν
2549 4078 2778 4149 θεωρίανο
2832 4072 2915 4127 διὸ
2964 4078 3050 4125 καὶ
3105 4076 3169 4124 τὰ
3215 4072 3526 4145 παραλόγως
3577 4065 3839 4140 μυθολογη-

2276 4170 2423 4220 θέντα
2473 4174 2544 4234 τῲ
2591 4168 2872 4235 Μανιχαίῳ
2920 4162 2989 4224 εἰς
3036 4166 3093 4213 τό
3148 4157 3509 4234 σφοδρότατον
3575 4156 3837 4228 ἀνατρέπει,

2278 4256 2328 4319 ἐξ
2368 4256 2531 4315 αὐτῆς
2560 4262 2656 4315 τῆς
2683 4262 2779 4305 τῶν
2820 4254 2974 4304 ὄντων
3022 4254 3233 4323 θεωρίας
3274 4254 3370 4307 τὴν
3414 4253 3533 4322 περὶ
3581 4252 3668 4298 τοῦ
3692 4250 3825 4294 Ὀντο

1844 4383 2073 4437 νΑΒιΑῖ
2118 4382 2517 4440 LECTIONES.

580 4488 626 4523 ⁸⁵
662 4487 994 4553 Χαλκηδόνος
1024 4516 1074 4559 ς’,
1157 4496 1203 4531 ⁸⁷
1234 4498 1618 4569 καθισταμένου
1650 4510 1720 4570 τῷ
1770 4534 1825 4542 ——
1880 4504 2304 4576 ὑπεραττικισμῷ
2353 4525 2405 4568 ς’.
2484 4501 2871 4585 εὶίεευξεὶίἱξνοεΔ
2899 4498 3065 4580 degit.
3247 4498 3328 4585 8:.
3346 4496 3591 4585 ἀσξίδῖίαξ
3625 4504 3665 4585 ἦ
3699 4490 3845 4585 id“:

580 4564 649 4585 '.._
700 4583 719 4585 ᾉ
818 4564 863 4585 ΩΟ
900 4562 911 4585 2
1118 4571 1127 4583 ι
1445 4573 1492 4585 ΛΑ
1535 4572 1544 4581 ν
1630 4575 1638 4585 1
1727 4576 1735 4585 ι
1887 4574 1897 4585 ς
2054 4581 2061 4585 .
2314 4577 2356 4585 Αι
2443 4580 2451 4585 .
2508 4576 2518 4585 ι

510 4560 649 4647 ςιίας
683 4583 737 4626 ς’-
771 4634 785 4647 .
813 4564 863 4647 ξθ
892 4562 1279 4647 ἐπιχειρήματα
1312 4592 1364 4634 ς’.
1445 4560 1492 4606 ⁰¹ο
1524 4572 1651 4623 ἐπτὰ
1688 4560 1742 4625 τό
1780 4606 1843 4613 -
1877 4560 2146 4647 ἀνατρέπει
2183 4560 2238 4641 ςί
2276 4560 2283 4575 ⁸
2313 4577 2358 4611 ⁹¹
2404 4580 2459 4630 et
2500 4572 2804 4646 ἡρακλιανὸς
2849 4578 2907 4624 Α.
2940 4570 3021 4625 sic
3053 4570 3206 4625 infra
3280 4570 3328 4603 θ’
3358 4569 3538 4633 αὐτοῖς
3565 4568 3774 4625 ἀσθενως
3798 4581 3847 4625 ξι

508 4632 555 4665 ⁹³
588 4637 682 4690 τὴν
714 4634 853 4692 add.
887 4636 951 4690 A.

1994 4767 2220 4824 NOTAE.

579 4891 690 4963 (84)
723 4892 904 4964 Cujus
932 4896 1034 4951 inf.
1060 4896 1393 4954 honoriﬁca
1422 4898 1639 4955 mentio
1661 4902 1810 4956 inter
1840 4891 2038 4957 Patres
2070 4916 2161 4957 or-

508 4963 824 5030 thodoxos,
856 4966 987 5021 cod.
1018 4968 1142 5023 231.

578 5037 691 5114 (85)
720 5039 939 5114 florum
972 5040 1286 5114 originem,
1323 5040 1620 5114 principes
1650 5047 1703 5097 et
1737 5043 1958 5114 scripta
1989 5042 2163 5098 refert

510 5110 565 5162 Β.
601 5108 847 5179 Cyrillus
884 5111 1158 5165 Hierosol.
1189 5108 1482 5167 catechesi
1510 5108 1563 5166 vi
1593 5129 1607 5173 ς
1643 5115 1804 5169 Suid.
1833 5108 1895 5168 ὗι
1925 5115 2158 5178 Manes;

508 5186 776 5256 e_t_nu_per
801 5181 994 5256 editus
1026 5184 1188 5237 Petr.
1227 5184 1456 5239 Siculus
1484 5184 1762 5256 copiosus
1794 5186 1852 5239 in
1905 5187 2056 5240 Hist.
2092 5186 2163 5240 de

508 5250 768 5307 Manis-It.
800 5252 1004 5308 hwrel.

582 5321 694 5391 (86)
726 5322 899 5391 Cujus
949 5324 1248 5399 specimen
1278 5325 1444 5399 apud
1470 5326 1676 5399 eumd.
1712 5326 1906 5398 Cyrill.
1944 5343 2058 5399 sup
2104 5329 2157 5381 Β.

512 5389 748 5465 Hieron.
782 5389 914 5465 cap.
949 5389 1015 5448 T2
1049 5397 1247 5452 Catal.
1278 5389 1617 5465 legendum.

583 5462 693 5539 (87)
718 5462 1066 5539 BOstrenum
1095 5466 1277 5539 episc.
1303 5462 1482 5539 quem
1506 5469 1685 5524 fortes
1705 5469 2023 5529 adversum
2052 5471 2164 5524 Ma-

511 5532 1144 5659 pitgheumisgipsissé
1162 5532 1347 5594 libros
1380 5546 1582 5596 auctor
1605 5542 1665 5594 Β.
1700 5540 1934 5597 Hieron.
1965 5541 2025 5595 in
2051 5541 2163 5596 Ca-

539 5619 573 5659 a
611 5620 786 5659 .can.
931 5648 941 5659 .

513 5609 623 5675 tat.
652 5620 786 5675 cap.
826 5609 941 5675 102.

584 5674 699 5749 (88)
729 5672 983 5731 Ἑουδὸᾶν
1016 5678 1266 5750 Cyrinus
1311 5686 1489 5754 atque
1536 5682 1751 5740 Suidas
1794 5680 2167 5757 appellarunt

2269 4896 2652 4979 Niceph._lib.
2692 4912 2770 4963 v1,
2800 4910 2933 4968 cap.
2980 4897 3068 4961 22,
3102 4894 3331 4953 Addam
3358 4911 3495 4952 cum
3530 4895 3639 4953 hoc
3668 4893 3852 4951 nostro

2269 4975 2558 5026 nominat.

2342 5042 2453 5116 (89)
2496 5044 2570 5095 De
2602 5054 2724 5116 quo
2756 5038 3267 5116 Ni_cepbor._supr:
3300 5042 3357 5116 et
3385 5038 3569 5116 ειξίω.Δ
3754 5102 3766 5116 ν

2342 5109 2453 5181 (⁷90)
2488 5114 2633 5191 Κατά
2664 5119 2757 5171 τῆς
2784 5109 3046 5191 ἀληθείας.
3079 5109 3191 5165 Sed
3241 5109 3388 5191 forte
3417 5110 3585 5191 ,Κατά
3610 5116 3709 5191 ,τῆς
3748 5109 3855 5155 ἀσε-

2271 5183 2431 5245 ϐείας,
2472 5182 2715 5238 totidem
2762 5182 3079 5246 elementis,
3114 5204 3135 5230 ε
3166 5188 3375 5236 contra
3415 5182 3799 5252 impietatem,
3834 5196 3856 5219 »

2271 5255 2704 5325 reponendum.
3526 5321 3557 5325 _
3637 5322 3645 5325 _
3717 5322 3724 5325 _
3810 5315 3821 5325 .

2344 5321 2457 5394 (9t)
2507 5325 2943 5381 Scholasticum
2983 5326 3400 5394 cognomento,
3435 5327 3494 5376 et
3526 5321 3589 5377 Β.
3624 5321 3859 5375 Antonio

2272 5396 2712 5473 cha_i‘umi,iteste
2756 5398 2812 5473 ll.
2840 5395 3073 5473 Hieron.
3108 5393 3291 5473 ϐαιᾳι.
3325 5409 3461 5473 cap.
3498 5397 3587 5473 99_.
3666 5461 3698 5473 υ

2344 5469 2490 5547 (92)⁸
2513 5460 2844 5547 Metropolis
2876 5466 3087 5547 Cilicia:
3141 5460 3620 5547 episc._.Niceph.
3651 5460 3859 5547 ,ωολφ

2272 5530 2398 5610 cap.
2431 5540 2519 5603 32,
2554 5540 2650 5593 ubi
2682 5530 2963 5595 Eusebius
3008 5530 3257 5593 Phoenix
3297 5534 3477 5592 etiam
3520 5530 3735 5593 'contra
3761 5530 3863 5586 hos

2271 5610 2454 5666 fertur
2483 5610 2780 5683 scripisse.
