4036 6214
232 245 312 301 289
1092 232 1578 297 BIBLIOTHECA.
1622 273 1690 282 ——
1729 235 1939 298 CODD.
1985 241 2580 304 LXXXV-LXXXVIII

3414 245 3520 303 290

233 371 335 439 αὐτῷ
364 368 822 442 μεμυθολογημένην
879 365 1182 439 ἁπελέγχων
1232 365 1503 440 φλυαρίαν.
1571 367 1760 444 Ἐγρά..

1890 370 2155 441 icriptum
2196 378 2283 426 est
2332 377 2531 428 autem
2587 372 2769 427 hocce
2821 372 3103 426 adversus
3141 369 3514 428 Manichmos

228 482 276 533 φη
319 457 368 513 δὲ
404 459 526 529 αὐτῷ
569 460 600 516 ἠ
647 454 1006 517 εἰκοσάϐιϐλος
1054 455 1183 512 αὕτη
1217 457 1247 514 ἡ
1285 458 1421 508 κατὰ
1462 464 1560 508 τῶν
1599 463 1761 509 Μανι-

225 555 358 621 χαίων
402 551 513 620 πρὸς
560 546 828 618 ’Δχίλλιον
861 545 910 580 ⁹⁴
941 544 1309 616 αἰτησάμενον,
1356 546 1407 596 ὃν
1438 550 1528 597 καὶ
1574 549 1761 598 πιστόν

227 643 292 689 καὶ
327 639 656 690 ποθεινότατον
700 633 952 687 ἀποκαλεῖ
981 638 1174 685 τέκνονο
1207 634 1232 684 ό
1269 637 1370 706 γὰρ
1402 633 1660 706 ’Δχίλλιος
1691 635 1760 700 ⁸⁵,

221 729 322 799 ὁρῶν
370 731 451 785 τὴν
493 733 589 777 τῶν
639 726 954 795 Μανιχαίων
1003 722 1074 784 εἰς
1155 721 1350 782 πλάτος
1415 720 1763 776 ἐπιδιδοῦσαν

220 815 424 879 ἀσέϐειαν,
471 816 633 887 ᾖτησε
689 817 781 871 τὴν
835 810 948 863 κατ’
1000 811 1166 872 αὐτῆς
1216 810 1578 885 ἀναγραφῆναι
1637 817 1765 871 στή-

216 906 303 972 λην,
333 909 409 956 καὶ
456 904 520 967 εἰς
571 902 982 974 ἆπαράγραπτον
1035 898 1430 975 ἀναγέγραπται
1493 901 1764 975 θρίαμϐον,

217 993 290 1046 Ἦν
308 990 351 1045 δ’
385 993 520 1054 οὗτος
560 993 587 1044 ό
638 989 1038 1051 θεοσεϐέστατος
1084 989 1445 1064 Ἠρακλειανός
1482 994 1616 1042 κατὰ
1647 994 1767 1050 τοὺς

214 1087 396 1152 χρόνονς
419 1083 464 1116 ’⁸
559 1121 572 1135 .
690 1122 703 1134 .
821 1118 835 1132 .
953 1119 964 1130 .

896 1165 1046 1248 ηςν.

211 1259 469 1313 Ἐπιστολαὶ
509 1266 603 1311 τοῦ
652 1256 702 1309 ἄν
745 1260 914 1328 ἁγίοις
960 1256 1200 1308 Ἰωάννου
1234 1262 1327 1331 τοῦ
1358 1261 1766 1331 Χρυσοστόμου,

626 1329 690 1392 οἶς
706 1326 1067 1403 ὑπερορισθιὶς
1088 1326 1302 1400 ἔγραψε.

267 1420 668 1491 Ἀνιγνῶσθησαν
735 1415 1006 1469 ἐπιστολαὶ
1075 1423 1166 1468 τοῦ
1241 1416 1291 1468 ἐν
1347 1414 1515 1488 όιγίοις
1571 1420 1772 1492 Πατρός

209 1510 407 1563 Ἰωάννου
446 1516 536 1562 τοῦ
594 1511 999 1580 Χρυσοστόμου,
1042 1505 1104 1567 οἷς
1148 1507 1280 1577 μετὰ
1325 1509 1418 1563 τὴν
1456 1503 1642 1559 ἄδικον
1682 1512 1770 1559 καὶ

205 1597 507 1674 ἀπάνθρωπον
587 1597 789 1670 ἕξορίαν
873 1598 998 1668 πρὸς
1081 1591 1360 1667 διαφόρους
1425 1595 1664 1667 ἔγραψεν·
1723 1595 1771 1647 ἐν

205 1689 269 1749 εἷς
302 1687 362 1748 εἰς
404 1690 460 1740 τό
501 1681 768 1758 χρειῶδες
805 1683 995 1755 μᾶλλον
1041 1686 1402 1734 συντείνουσαι
1446 1683 1501 1734 αἱ
1551 1703 1601 1735 τε
1643 1687 1773 1757 πρὸς

205 1780 278 1833 τὴν
328 1774 698 1831 εὖλαϐεστάτην
757 1768 1092 1843 Ὀλυμπιάδα
1144 1776 1237 1828 την
1320 1768 1560 1824 διάκονον
1632 1773 1773 1844 αὐτῷ

199 1868 514 1936 γεγραμμέναι
579 1859 860 1924 δεκαεπτὰ,
919 1865 1007 1912 καὶ
1077 1861 1132 1912 αἱ
1178 1863 1310 1932 πρὸς
1360 1861 1680 1913 Ἰννοκέντιον
1725 1864 1771 1897 9⁷

201 1954 270 2001 τόν
307 1950 511 2022 Ῥώμης,
570 1950 617 2003 ἐν
653 1952 738 2010 αῖς
783 1953 872 2000 καὶ
921 1951 1020 2001 ὅσα
1063 1948 1204 2018 αὐτῷ
1266 1951 1563 2021 συνηνέχθη
1613 1953 1677 2011 ὡς
1725 1949 1772 2002 ἕν

197 2037 439 2102 ἕπιστολῆς
493 2035 631 2092 εῖδει
677 2038 951 2110 ἕξιστορεῖ.
1010 2041 1288 2111 Κέχρηται
1327 2033 1387 2090 δί
1433 2037 1527 2089 κάν
1565 2041 1773 2101 ταύταις

198 2136 291 2188 ταῖς
342 2128 644 2190 ἑπιστολαὶς
695 2135 769 2196 τῷ
819 2128 1031 2185 συνήθει
1079 2134 1170 2178 τοῦ
1237 2126 1390 2197 λόγου
1444 2136 1769 2204 χαρακτῆριο

194 2215 397 2289 λαμπρός
436 2237 491 2270 τε
537 2219 647 2290 γάρ
688 2215 797 2268 ὶστι
843 2219 928 2267 καὶ
981 2218 1154 2287 σαφὴς
1194 2220 1283 2267 καὶ
1323 2214 1487 2267 ἀνθῶν
1526 2220 1656 2288 μετὰ
1681 2226 1771 2271 τοῦ

195 2301 322 2365 ἦδίος
394 2313 486 2363 τὴν
563 2307 906 2369 πιθανότητα,
974 2303 1105 2362 πλὴν
1192 2305 1313 2356 ὅσον
1409 2304 1770 2379 ἐμμελέστερόν

194 2412 284 2455 πως
323 2391 580 2448 δοκοῦσιν
619 2397 673 2446 αἱ
716 2397 848 2468 πρός
889 2388 1225 2464 Ὀλυμπιάδα
1271 2393 1410 2463 αὐτῷ
1460 2399 1770 2464 συγκεῖσθαι

192 2481 454 2548 ἐπιστολαὶ,
523 2483 577 2536 αἱ
655 2488 744 2535 καὶ
823 2490 913 2534 τοῦ
974 2481 1370 2554 ἑπιστολιμαίου
1423 2485 1610 2549 τύπου,
1669 2495 1769 2538 τῶν

193 2577 484 2646 πραγμάτων
545 2577 666 2625 τότε
717 2571 789 2632 εἰς
871 2577 964 2628 τὴν
1019 2570 1208 2623 ἑαυτῶν
1272 2571 1432 2643 ἰσχὺν
1496 2575 1614 2635 τοὺς
1670 2583 1769 2627 τῶν

1866 459 2073 529 viginti
2103 458 2393 515 librorum
2415 476 2567 531 opus
2599 459 2676 515 ad
2709 459 3023 514 Achillium
3046 458 3516 531 quemdam,qui

1869 547 1927 602 id
1958 547 2380 620 postulaverat,
2408 565 2589 620 quem
2629 554 2684 604 et
2735 547 2924 603 ﬁdum
2985 554 3040 603 et
3096 547 3518 604 charissimum

1868 636 2058 692 ﬁlium
2091 635 2691 709 appellat.Perspecto
2723 638 2876 691 enim
2911 635 3373 692 Manichaeorum
3406 639 3521 695 im-

1869 726 2151 797 pietatem
2165 725 2398 794 longius
2426 739 2682 797 serpere,
2702 725 2956 796 publicis
2982 741 3116 780 eam
3133 726 3361 796 scriptis
3375 725 3520 782 refu-

1873 814 1980 869 tari
2011 813 2292 869 Achillius
2318 811 2638 883 ﬂagitaret.
2674 816 2738 869 Et
2781 820 2934 868 certe
2991 814 3068 868 ad
3116 820 3402 871 aeternum
3448 814 3523 870 de

1871 901 1985 959 hac
2015 902 2318 974 impietate
2347 903 2732 974 triumphum,
2767 902 3057 972 scriptum
3091 910 3178 957 est
3205 901 3318 958 hoc
3341 918 3518 975 opus.

1876 991 2094 1049 Claruit
2123 1006 2259 1047 vero
2283 990 2378 1046 hic
2407 990 2818 1063 pientissimus
2840 990 3224 1047 Heraclianus
3250 995 3526 1063 tempori-

1873 1080 2929 1136 bus........

2551 1166 2843 1223 LXXXVI.

1875 1258 1948 1313 B.
1975 1257 2227 1312 Joannis
2271 1255 2984 1339 ChrysostomiEpistolw
3027 1271 3173 1328 quas
3219 1258 3524 1329 relegatus

2571 1335 2828 1395 scripsit.

1947 1419 2134 1473 Lecta:
2210 1420 2351 1472 sunt
2421 1417 2685 1488 epistolae
2761 1418 2950 1472 sancti
3024 1417 3204 1474 Patris
3275 1419 3530 1476 Joannis

1878 1505 2285 1578 Chrysostomi
2324 1510 2459 1577 (93),
2482 1521 2633 1578 quas
2671 1505 2889 1577 injuste
2930 1512 3107 1579 atque
3129 1507 3532 1564 inhumaniter

1876 1597 2172 1667 relegatus
2246 1599 2324 1651 ad
2397 1595 2595 1650 varios
2669 1595 2872 1650 misit:
2941 1596 3101 1668 66a
3175 1596 3238 1651 in
3312 1596 3534 1668 quibus

1805 1724 1842 1777 Β
1879 1685 2212 1777 utilissima:
2243 1688 2570 1777 sun_t,quas
2611 1683 2689 1739 ad
2731 1683 3070 1754 piissimam
3112 1685 3532 1777 Olympiadem

1879 1773 2278 1831 diaconissam
2328 1773 2535 1827 decem
2567 1777 2622 1827 et
2670 1777 2898 1843 septem
2951 1773 3322 1844 conscripsit,
3355 1779 3412 1829 et
3458 1773 3536 1828 ad

1883 1863 2293 1918 Innocentium
2325 1863 2490 1916 Pont.
2515 1864 2789 1924 Romam,
2820 1862 3042 1932 quibus
3063 1864 3536 1932 etiamquaacun-

1879 1967 1995 2025 que
2015 1950 2269 2022 pertulit,
2294 1953 2589 2022 quantum
2614 1965 2719 2021 per
2739 1950 3056 2021 epistolam
3084 1951 3238 2016 licet,
3272 1956 3533 2008 enarrat.

1882 2041 2066 2096 Utitur
2091 2039 2150 2094 in
2201 2040 2292 2094 his
2352 2038 2569 2093 usitata
2632 2038 2745 2093 sibi
2796 2038 3032 2094 dicendi
3082 2038 3294 2096 forma.
3331 2040 3538 2096 Clarus

1880 2131 2041 2185 enim
2071 2134 2175 2198 est,
2210 2134 2390 2200 atque
2416 2126 2791 2198 perspicuus,
2813 2132 2868 2183 et
2894 2128 3297 2198 persuadendi
3320 2130 3377 2184 vi
3398 2144 3535 2184 cum

1873 2219 2248 2294 jucunditate
2276 2216 2526 2272 ﬂoridus
2555 2216 2663 2272 nisi
2686 2217 2851 2288 quod
2868 2218 3202 2274 accuratius
3226 2217 3542 2274 videantur

1883 2311 2112 2382 scriptae
2142 2307 2217 2364 ad
2245 2305 2659 2378 Olympiadem
2677 2306 2885 2361 litterae
2906 2321 2918 2362 :
2946 2322 3138 2379 neque
3153 2308 3314 2364 enim
3331 2307 3406 2364 ad
3423 2306 3543 2379 epi-

1883 2399 2156 2456 stolicum
2186 2396 2300 2451 illm
2358 2396 2581 2466 stylum
2624 2411 3060 2470 usquequaque
3091 2397 3542 2453 accommodari

1881 2492 2220 2562 potuerunt,
2254 2484 2420 2556 quod
2445 2499 2644 2540 rerum
2669 2485 2782 2540 ista
2835 2485 3187 2556 magnitudo
3241 2485 3537 2541 scribendi

1878 2576 2111 2652 legibus
2142 2576 2263 2631 vim
2293 2572 2543 2636 afferret,
2570 2588 2794 2645 easque
2825 2574 2899 2629 ad
2926 2589 2988 2628 se
3020 2574 3397 2644 pertraheret.

191 2661 411 2732 ῥημάτων
441 2667 642 2735 νόμους
673 2659 1077 2732 ἐκϐιασαμένων,
1110 2659 1170 2712 οὐ
1208 2659 1322 2712 λίαν
1348 2663 1651 2734 ἐγράφησαν
1687 2673 2099 2744 στοχαζομιναι.

920 2750 1040 2803 ΠΖ’.

189 2838 544 2914 Ἀλεξανδρέως
595 2838 878 2915 ’Δχιλλέως
918 2842 1120 2915 Τατίου.
1152 2843 1264 2915 Τῶν
1309 2844 1422 2915 περὶ
1471 2845 1778 2901 Λευκίππην

599 2908 698 2964 καῖ
727 2910 1078 2982 Κλειτοφῶντα
1106 2908 1253 2980 λόγοι
1284 2909 1348 2967 η’.

248 3000 679 3072 Ἀνιγνώσθησαν
755 2996 1127 3074 ’Δλεξανδρέως
1227 2999 1510 3070 Ἀχιλλέως
1586 3004 1779 3056 Τάτιον

190 3092 281 3137 Τῶν
333 3095 448 3162 περὶ
535 3094 852 3146 Λευκίππην
920 3093 1009 3139 καὶ
1078 3087 1430 3159 Κλειτοφῶντα
1505 3091 1652 3163 λόγοι
1707 3093 1779 3150 η’.

2565 2750 2867 2807 LXXXVII.

1887 2846 2138 2905 Achilles
2186 2841 2388 2899 Tatius
2416 2841 2499 2896 De
2525 2839 2704 2966 νῖρὁξξ
2730 2841 3038 2910 Leucippes
3065 2845 3119 2896 et
3147 2840 3540 2911 Clitophontis

2586 2927 2608 2966 ἲ
2741 2927 2858 2966 VIII.

2586 2927 2704 2966 ιοη
2741 2927 2858 2966 VIII.

1960 3005 2238 3077 Legimus
2259 3000 2498 3058 Achillis
2515 2999 2659 3056 Tatii
2689 2999 3068 3055 Alexandrini
3100 3001 3184 3055 De
3213 3000 3384 3057 rebus
3405 3003 3550 3058 Leu-

1891 3098 2084 3168 cippes
2123 3100 2175 3150 et
2225 3091 2616 3159 Clitophontis
2665 3089 2779 3158 (94)
2835 3094 2971 3144 octo
3010 3088 3212 3145 libros.
3266 3093 3360 3145 Est
3409 3107 3548 3147 vero

191 3172 321 3228 ἰ’Ἁτι
376 3175 435 3230 δε
491 3174 848 3252 δραματικὸν,
902 3177 1092 3248 ἔρωτάς
1137 3195 1280 3237 τινας
1338 3176 1559 3241 ἀτόπους
1614 3180 1776 3234 ἔπεισι

1891 3184 2292 3242 dramaticum
2321 3196 2499 3252 opus,
2535 3194 2772 3235 amores
2797 3178 3099 3250 quosdam
3125 3179 3439 3235 continens
3466 3181 3553 3236 in-

192 3266 317 3333 άγον.
367 3272 469 3319 Καὶ
518 3266 661 3329 λέξει
715 3269 806 3337 μὶν
845 3269 936 3317 καὶ
984 3266 1216 3336 συνθήκῃ
1267 3262 1413 3318 δοκεῖ
1457 3264 1780 3344 διαπρέπειν·

190 3352 382 3426 τόσάμῳ
428 3374 485 3408 τε
516 3358 626 3428 γὰρ
669 3358 759 3406 καὶ
803 3353 887 3405 ἰπὶ
926 3358 1120 3427 τροπὴν
1151 3354 1199 3389 ⁸⁸
1230 3355 1426 3416 οἰκείως
1465 3363 1782 3431 τετραμμένη

191 3443 259 3493 ὅτε
308 3450 396 3496 καὶ
452 3446 628 3516 ταύτῃ
700 3450 904 3514 χρῷτο·
963 3441 1301 3515 ἀφοριστικαί
1351 3463 1406 3496 τε
1461 3450 1550 3498 καὶ
1611 3454 1787 3518 σαφεῖς

189 3536 264 3581 καὶ
305 3536 361 3583 τὸ
410 3530 522 3591 ἡδὺ
554 3535 606 3568 9’
635 3535 890 3604 φέρουσαι
915 3533 968 3583 αἱ
1007 3531 1248 3584 πλεῖσται
1285 3530 1545 3606 περίοδοι,
1573 3541 1663 3588 καὶ
1692 3541 1787 3594 τήν

189 3618 328 3678 ἀκοὴν
379 3629 453 3692 τῷ
514 3625 648 3694 ἤχῳ
694 3620 1012 3673 λεαίνουσαι.
1050 3619 1205 3674 Ἀλλὰ
1252 3626 1310 3674 τό
1366 3641 1424 3694 γε
1481 3623 1593 3676 λίαν
1637 3627 1787 3696 ὑπέρ-

192 3725 397 3781 αισχρον
447 3716 544 3762 καὶ
595 3709 894 3782 ἀκάθαρτον
941 3717 1038 3762 τῶν
1088 3709 1288 3762 ἐννοιῶν
1332 3716 1422 3763 καὶ
1461 3717 1556 3771 τὴν
1585 3721 1676 3765 τοῦ
1706 3732 1790 3784 γε-

185 3805 426 3871 γραφότος
472 3799 722 3872 φαυλίςει
774 3800 1035 3872 γνώμην¹
1096 3798 1143 3850 ἕν
1195 3804 1326 3852 πᾶσι
1376 3806 1463 3853 καὶ
1525 3799 1786 3868 σπουδὴν,

189 3892 264 3937 καὶ
328 3895 434 3950 τοῖς
521 3888 904 3960 ἀναγινώσκειν
967 3886 1200 3941 ἕθελουσι
1272 3891 1639 3943 κατάπτυστον
1695 3895 1790 3950 τὴν

189 3972 463 4048 ἀνάγνωσιν
523 3982 762 4029 ποιεῖται
815 3983 905 4030 καὶ
956 3981 1202 4049 φευκτήν.
1260 3979 1452 4037 Πολλὴν
1498 3975 1558 4032 δὲ
1614 3981 1788 4052 ὁμοιό-

193 4080 308 4120 τητα
340 4065 389 4118 ἰν
438 4075 504 4138 τῇ
571 4063 834 4138 διασκευῇ
879 4071 967 4119 καὶ
995 4067 1183 4119 πλάσει
1224 4075 1325 4119 τῶν
1375 4065 1719 4140 διηγημάτων
1744 4070 1788 4139 ³,

193 4151 307 4211 πλὴν
362 4153 576 4228 σχεδόν
635 4174 690 4207 τι
733 4165 832 4207 τῶν
890 4161 1179 4228 προσώπων
1226 4164 1320 4218 τῆς
1369 4156 1656 4229 ὀνομασίας
1703 4161 1793 4208 καὶ

190 4249 271 4304 τῆς
307 4252 565 4320 μυσαροῖς
625 4243 1005 4318 αἰσχρότητος,
1053 4247 1177 4318 πρὸς
1221 4249 1285 4299 τὰ
1338 4253 1428 4298 τοῦ
1468 4243 1793 4320 Ἡλιοδώρου

191 4326 422 4406 δράματα
446 4335 727 4408 φυλάττει.

925 4423 1053 4479 ΠΗ’.

1892 3272 2292 3347 tempestivos.
2329 3272 2393 3325 Et
2421 3268 2677 3324 dictione
2707 3269 2953 3338 quidem
2999 3283 3068 3323 ac
3121 3269 3551 3340 compositione

1894 3364 2125 3420 videtur
2155 3359 2458 3416 excellere.
2489 3355 2910 3413 Claritudinem
2937 3357 3117 3423 enim,
3141 3365 3320 3431 atque
3352 3365 3555 3431 aptam

1892 3451 2364 3518 translationem,
2393 3448 2623 3519 quoties
2661 3461 2732 3501 ea
2764 3450 2962 3516 utitur,
2987 3447 3254 3502 adhibet.
3290 3447 3552 3504 Deﬁnitio

1895 3548 2178 3616 praeterea
2209 3539 2346 3610 (95),
2370 3541 2426 3592 et
2450 3536 2801 3608 perspicuae,
2820 3550 3076 3608 quaeque
3099 3536 3554 3593 delectationem

1897 3631 2168 3701 afferant,
2202 3627 2493 3699 pleraeque
2532 3629 2669 3679 sunt
2722 3624 2969 3696 periodi,
3007 3624 3277 3680 auditum
3315 3641 3555 3696 quoque

1896 3719 2290 3778 consonantia
2299 3713 2570 3788 quadam
2582 3713 2888 3769 lenientes.
2911 3714 3123 3768 Verum
3136 3711 3556 3768 obscenissimi

1898 3811 2049 3881 ejus,
2080 3812 2136 3863 et
2163 3805 2343 3860 nimis
2371 3803 2589 3875 impuri
2617 3816 2853 3867 sensus,
2885 3815 3024 3856 cum
3078 3801 3383 3872 scriptoris
3427 3817 3558 3857 sen-

1898 3897 2142 3956 tentiam
2172 3895 2233 3949 in
2259 3892 2425 3949 omni
2446 3907 2509 3946 re
2539 3891 2691 3946 seria
2712 3890 2962 3956 elevant,
2980 3893 3106 3945 tum
3132 3890 3326 3960 legere
3351 3890 3555 3946 volen-

1898 3985 2057 4044 tibus
2085 3980 2558 4040 abominandam
2584 3977 3052 4049 fugiendamque
3082 3978 3339 4034 reddunt
3362 3979 3560 4034 lectio-

1899 4091 2059 4132 nem.
2095 4070 2360 4144 Exceptis
2391 4075 2591 4126 autem
2619 4067 2964 4123 nominibus
2989 4066 3108 4122 fere
3139 4083 3556 4140 personarum,

1900 4171 1957 4222 et
2001 4160 2356 4220 detestanda
2409 4157 2511 4214 illa
2563 4156 2953 4221 obscenitate,
2979 4172 3266 4228 magnam
3305 4158 3557 4216 omnino

1901 4251 2349 4323 similitudinem
2376 4247 2609 4304 videtur
2638 4247 2698 4302 in
2728 4252 3022 4319 apparatu
3044 4262 3114 4302 ac
3145 4249 3560 4305 narrationum

1900 4342 2138 4400 ﬁctione
2167 4355 2301 4396 cum
2319 4337 2614 4394 Heliodori
2653 4335 2925 4392 dramate
2953 4335 3196 4393 habere.

2571 4424 2894 4480 LXXXVIII.

193 4510 423 4590 Γιλασίου
504 4511 804 4590 ὶπισκόπου
899 4517 1224 4590 Καισαρείας.
1298 4523 1388 4574 τῆς
1478 4516 1613 4566 κατὰ
1689 4519 1776 4590 Ila

1904 4518 2116 4577 Gelasii
2145 4513 2465 4590 [Cyziceni]
2491 4513 3039 4590 Clesorewjjallesl.
3071 4515 3246 4584 episc.
3278 4514 3556 4574 Historia

246 4583 522 4642 λαιστίνην

248 4673 265 4678 -
282 4675 322 4678 --
352 4677 362 4678 ,
384 4658 396 4678 1

248 4673 325 4725 7°t
348 4673 417 4727 ϊ-

688 4583 940 4659 Ἱστορίας
1074 4583 1274 4644 “Ἐκκλη
1284 4604 1443 4639 σιαστ
1452 4593 1534 4645 ικῆ
1543 4605 1564 4647 ς

249 4735 377 4811 [119
459 4739 562 4812 H.]
623 4739 947 4813 ’Δνεγνώσθη
1025 4739 1248 4814 βιϐλίον,
1317 4742 1382 4802 ὡς
1452 4740 1502 4794 ἓν
1567 4742 1798 4814 ἱστορίας

1708 4584 1796 4637 λο-

2436 4584 2758 4645 écclesiast.
2780 4584 2922 4641 libri
2945 4600 3027 4640 ui.

1975 4734 2252 4805 Legimus
2283 4729 2542 4797 historiae
2572 4727 2767 4784 forma
2803 4727 2908 4784 Res
2951 4727 3014 4784 in
3053 4728 3294 4785 Nicena
3341 4730 3562 4801 synodo

1553 4864 1779 4920 VARl/E
1817 4857 2104 4918 LECTION
2114 4859 2215 4914 ES.

250 4989 294 5024 "
323 4989 646 5064 ’Δγχίλλιον
676 5011 733 5055 ς.
812 4991 860 5026 ⁸⁸
898 4989 1200 5064 Ἀγχίλλιος
1240 5011 1294 5056 ς’.
1375 4992 1423 5026 ⁹⁶
1469 4993 1605 5062 post
1647 4993 1876 5064 χρόνους
1920 4987 1981 5064 i_n
2015 4989 2064 5064 A_
2098 4997 2305 5064 versus
2337 4983 2596 5064 quatuor
2627 4978 2825 5064 vacui.
2911 4979 2956 5013 ’7
2985 4977 3325 5064 ioxs'v‘rtov‘a.
3407 4980 3455 5013 9⁸
3483 4977 3566 5064 ἐπὶ

189 5067 375 5137 τροπὴν
393 5046 486 5137 :A":
525 5046 785 5134 ἕπιτρόπῇ
817 5082 872 5125 ς’.
948 5046 1134 5121 ’δηὴδὺ
1164 5046 1222 5116 οὗ
1251 5046 1506 5137 φέρουσάι
1539 5082 1596 5127 ς.
1647 5046 1956 5134 ’ῗγνωμ-ην]
1985 5060 2074 5110 καὶ
2101 5059 2309 5128 γνώμην
2338 5046 2398 5106 Ᾰ.
2428 5053 2572 5124 πάσῃ
2608 5046 2816 5123 σπουδῇ
2853 5071 2907 5116 ς’.
2985 5053 3006 5085 ²
3033 5057 3167 5107 ante
3200 5050 3328 5108 πλὴν
3360 5066 3498 5106 cum
3521 5053 3566 5103 A

186 5133 354 5190 omisi
384 5132 659 5206 ἄμφαίνειζ

1775 5283 2002 5374 Nom.

277 5430 366 5498 93)
400 5429 662 5499 Exstant
691 5442 837 5482 mss.
856 5427 928 5499 _in
964 5425 1229 5484 Biblioth.
1258 5427 1405 5499 Aug.

275 5497 367 5571 94)
381 5498 828 5571 Exstanthodie
843 5497 1047 5571 Οτι-ωσι)
1075 5499 1261 5555 Lat.in
1276 5497 1801 5571 Germanianuper

190 5569 469 5643 vulgati.
487 5569 884 5643 Huncipsum
915 5570 1268 5643 scriptorem
1297 5569 1646 5627 Christianis
1675 5574 1802 5626 tan-

193 5638 538 5698 demiacris
555 5638 856 5698 initiatum
869 5638 1219 5717 episcopum
1248 5645 1512 5699 creatum
1532 5657 1659 5698 esse
1681 5655 1800 5698 me-

1912 5425 2106 5479 morat
2133 5418 2290 5473 Suid.

1980 5493 2092 5566 (95)
2118 5490 2506 5567 Ἀφοριστικαί.
2539 5484 2752 5567 Quales
2768 5484 2910 5567 ‘fort.
2946 5488 3080 5567 ait.
3127 5487 3313 5567 Tullio
3341 5504 3558 5547 vocan-

1909 5558 2020 5634 tur,
2043 5558 2280 5620 «certus
2291 5563 2350 5616 et
2371 5558 2854 5630 circumscriptus
2879 5558 3142 5616 ambitus
3167 5560 3485 5617 verborum
3507 5579 3557 5619 ν.
