4036 6214
568 249 663 302 291
1793 237 2028 292 ΡΗΟΤΙΙ
2070 236 2216 291 ΡΑΤ]

2337 237 2549 294 ΗΟΗᾹΞ
2591 239 2693 297 CP.
3787 257 3875 311 29.3

567 380 780 444 gestas,
806 371 972 426 libris
997 373 1108 441 (96)
1140 370 1342 425 tribus.
1368 367 1556 422 Refert
1575 369 1782 420 auctor
1808 363 2049 418 Hosium
2087 365 2216 418 Cor-

2328 367 2490 436 τύπῳ,
2548 369 2624 419 Τὰ
2679 369 2814 420 κατὰ
2866 373 2958 427 τὴν
3002 367 3048 420 ἓν
3093 376 3282 442 Νικαίᾳ
3331 369 3546 425 σύνοδον
3582 379 3876 447 πραχθέντα·

567 462 745 517 dubae
775 461 958 533 episc.
994 467 1046 514 et
1078 459 1339 513 Bitonem
1373 457 1484 520 (97)
1511 461 1687 525 atque
1720 452 2090 506 Vincentium
2115 453 2218 504 Ro-

565 567 782 607 manos
813 549 1173 611 sacerdotes,
1197 545 1450 603 Silvestri
1473 543 1720 598 Romani
1751 539 2219 613 pontificislega-

566 645 681 710 tos,
713 639 1000 703 adfuisse,
1029 637 1227 709 ipsum
1250 649 1489 706 quoque
1515 631 1888 687 Eustathium
1914 628 2219 684 Antioche-

564 745 712 784 num
771 726 1187 800 patriarcham,
1245 729 1300 778 et
1346 721 1746 777 Alexandrum
1804 719 2218 792 presbyterum

563 817 955 889 Metrophanis
1005 809 1640 882 ConstantinOpolitani
1688 809 1950 878 legatum
1985 825 1997 873 ;
2027 823 2219 878 neque

565 907 724 964 enim
749 907 868 972 hic,
900 910 1068 960 atate
1094 902 1396 959 confectus
1422 899 1840 968 (centesimum
1894 896 2221 952 excedebat

565 996 838 1066 annum),
861 995 1065 1050 adesse
1079 989 1612 1064 poterat.Adfuisse
1626 986 2093 1043 etAlexandrum
2107 985 2219 1056 (98)

563 1085 933 1143 Alexandria
971 1082 1313 1146 antistitem,
1358 1093 1479 1134 una
1532 1094 1668 1133 cum
1729 1075 2076 1140 Athanasio,
2116 1070 2219 1146 qui

563 1183 698 1250 post
725 1177 903 1231 etiam
937 1175 988 1228 ei
1045 1174 1104 1228 in
1135 1171 1483 1242 episcopatu
1534 1166 1853 1222 successit:
1915 1171 1971 1220 et
2008 1172 2223 1235 praeter

563 1283 664 1323 eos
696 1264 853 1336 69b
914 1261 1234 1319 Macarium
1295 1256 1836 1329 Hierosolymorum
1877 1253 2217 1326 praesulem,

563 1372 698 1411 cum
733 1368 951 1421 magna
981 1355 1225 1421 praetera
1247 1346 1665 1419 episcoporum
1719 1360 1786 1398 ac
1839 1341 2218 1398 sacerdotum

563 1442 962 1500 multitudine.
1003 1438 1290 1493 lndictam
1322 1441 1521 1490 autem
1555 1432 1852 1505 synodum
1908 1435 2216 1494 memorat,

561 1548 723 1590 anno
769 1531 1004 1586 decimo
1058 1533 1222 1582 sexto
1250 1525 1360 1594 (99)
1394 1523 1624 1595 imperii
1657 1521 2024 1577 Constantini
2059 1537 2070 1574 :
2113 1519 2216 1574 du-

561 1637 844 1693 rasseque
887 1618 1148 1675 actiones
1174 1615 1299 1685 ejus
1322 1613 1394 1669 ad
1432 1627 1610 1683 usque
1637 1610 1901 1681 ejusdem
1957 1609 2219 1681 primum

2329 460 2478 525 τόμοι
2525 452 2582 508 δὲ
2627 461 2682 508 τό
2733 456 2935 529 βιϐλίον
2960 459 2980 493 ⁸
3013 466 3166 530 τρεῖς.
3220 466 3368 532 Λέγει
3407 457 3464 513 δε
3501 466 3581 514 τόν
3611 469 3694 535 μεν
3720 465 3884 520 Ὀσιον

2326 546 2408 594 τὸν
2443 553 2530 595 τού
2566 542 2904 616 Κουδρούϐης
2956 545 3082 620 [208
3123 548 3210 618 3.]
3243 555 3330 602 καὶ
3361 556 3553 603 Βίτωνα
3603 559 3684 606 καὶ
3726 562 3883 608 Βικέν-

2328 651 2455 697 τιον,
2512 633 2831 704 Ῥωμαίκούς
2891 639 3072 708 ἱερέας,
3131 635 3185 689 ἔκ
3244 645 3520 712 προσώπου
3607 642 3882 716 Σιλϐέστρου

2328 730 2419 772 τοῦ
2468 722 2670 794 Ῥώμης
2722 733 2980 794 παρεῖναι,
3025 726 3311 779 Εὖστάθιον
3363 724 3420 780 δε
3465 733 3549 780 τὸν
3590 730 3885 803 Ἀντιοχείας

2329 810 2482 861 αύτόν
2536 811 2742 876 έκείνον,
2802 811 3159 888 Ἀλέξανδρον,
3211 817 3262 876 ὃς
3325 835 3434 869 τοτε
3483 820 3502 850 ⁸
3569 819 3884 895 πρεσϐυτέρου

2331 896 2534 970 ἀξίωμα
2585 902 2744 972 εἶχεν,
2801 901 2867 961 εἰς
2911 907 3189 974 πρόσωπον
3241 912 3331 955 τοῦ
3362 905 3382 938 ⁵
3439 910 3881 962 Κωνσταντινουπό-

2328 985 2449 1048 λεως
2526 993 2897 1061 Μητροφάνους
2967 1000 3222 1066 παρεῖναι·
3282 992 3468 1055 ἐκεῖνος
3519 998 3615 1066 γὰρ
3674 995 3885 1051 ἐκωλύετο

2332 1075 2612 1149 βαθυτάτῳ
2664 1085 2821 1151 γήρᾳ,
2857 1082 2963 1132 έπει
3009 1081 3150 1151 αύτῷ
3195 1083 3219 1133 ό
3269 1088 3459 1155 χρόνος
3507 1092 3595 1135 τοῦ
3629 1083 3741 1156 βίου
3779 1089 3884 1158 ὑπερ

2330 1169 2394 1217 τὰ
2447 1166 2622 1218 ἑκατόν
2671 1169 2934 1229 ἐξετείνετο
2977 1171 2998 1204 ⁶
3056 1172 3162 1227 ἔτη.
3215 1178 3555 1243 Συμπαρεῐναι
3603 1179 3686 1224 καὶ
3741 1175 3888 1238 Ἀλέξ-

2332 1252 2518 1328 ανδρον
2558 1260 2642 1308 τόν
2697 1255 3092 1332 Ἀλεξανδρείας
3139 1259 3249 1330 ἃμα
3302 1261 3615 1333 Ἀθανασίῳ,
3667 1263 3712 1323 ὃς
3763 1266 3889 1316 ύστι-

2329 1365 2416 1418 ρον
2447 1351 2533 1397 καὶ
2556 1343 2820 1418 διάδοχος
2846 1356 2933 1399 τοῦ
2966 1349 3145 1422 θρόνου
3178 1353 3428 1406 κατέστη.
3453 1357 3566 1402 Ἔτι
3597 1347 3654 1403 δε
3681 1360 3887 1425 παριῐναι

2329 1442 2418 1488 καὶ
2476 1441 2562 1487 τόν
2625 1436 2992 1510 Ἰεροσολύμων
3056 1441 3326 1511 Μακάριόν
3397 1445 3485 1490 καὶ
3560 1440 3675 1492 ἄλλο
3727 1442 3890 1501 πλῆθος

2328 1524 2612 1598 ἀρχιερέων
2669 1531 2757 1577 καὶ
2813 1529 2998 1595 ἱερέων.
3052 1530 3478 1599 Συγκροτηθῆναι
3535 1525 3592 1580 δέ
3647 1549 3760 1600 φησι
3810 1536 3888 1588 τὴν

2332 1611 2549 1666 σύνοδον
2603 1612 2996 1686 ἑξκαιδεκάτῳτ
3029 1618 3128 1667 ἔτει
3181 1626 3271 1676 τῆς
3329 1623 3712 1670 Κωνσταντίνου
3755 1618 3887 1690 βασια

561 1717 615 1767 et
645 1711 995 1766 vicesimum
1043 1720 1270 1761 annum
1316 1718 1454 1758 cum
1504 1700 1791 1764 semestri,
1823 1705 1886 1754 ut
1936 1698 2216 1753 nimirum

2328 1701 2485 1766 λείας,
2542 1706 2907 1775 παραταθῆναι
2965 1700 3022 1756 δε
3078 1708 3274 1766 ταύτης
3341 1709 3435 1766 τὰς
3498 1707 3696 1779 πράξεις
3750 1712 3888 1779 μέχρι

561 1816 663 1856 sex
694 1801 770 1871 (t)
805 1799 970 1870 ipsos
1001 1811 1192 1852 annos
1245 1792 1488 1864 [Patres]
1531 1789 1931 1846 consederint.

633 1977 1012 2033 Exturbatum
1066 1972 1144 2028 ibi
1200 1969 1374 2026 refert
1419 1967 1640 2032 Arium,
1705 1970 1761 2020 et
1823 1964 2218 2020 anathematis

564 2066 814 2123 fulmine
845 2059 1294 2126 confixum,sed
1323 2057 1460 2112 inde
1490 2057 1694 2111 iterum
1725 2057 2007 2110 conatum
2039 2053 2221 2122 impe-

565 2163 713 2210 trare
742 2144 1572 2212 admissionem,tentantibus
1590 2143 1648 2198 id
1676 2157 2088 2214 saepenumero
2113 2144 2219 2196 Eu-

561 2243 725 2298 sebio
752 2235 1182 2295 Nicomediensi
1217 2233 1488 2306 praesule,
1525 2238 1580 2287 et
1611 2231 1851 2286 Eutocio
1886 2230 1964 2301 (2)
2002 2231 2219 2286 Ariano

559 2331 906 2404 presbytero
955 2327 1246 2389 ordinato,
1297 2337 1476 2394 quem
1513 2320 1917 2393 posteriorem,
1950 2320 2218 2374 animam

560 2435 742 2490 agens
769 2415 1112 2475 Constantia
1136 2411 1500 2484 imperatoris
1517 2425 1702 2473 soror,
1737 2408 1896 2463 fratri
1920 2424 2220 2464 commen-

558 2508 748 2564 darat.
789 2507 1008 2560 Verum
1048 2503 1159 2559 etsi
1190 2503 1391 2555 Arium
1426 2499 1516 2554 isti
1576 2498 1637 2552 in
1685 2497 2004 2552 Ecclesiam
2048 2498 2218 2553 redu-

561 2612 690 2652 cere
721 2595 919 2650 conati
947 2593 1316 2654 fuerint,non
1347 2587 1686 2660 permisisse
1709 2591 1910 2642 tamen
1950 2587 2216 2643 divinam

561 2685 1106 2750 ultionem,bostem
1124 2680 1283 2734 hunc
1298 2677 1568 2733 Ecclesiae
1589 2692 1712 2730 sua:
1730 2675 1949 2747 templo
1968 2678 2216 2731 sanctio-

559 2776 726 2846 rique
750 2773 932 2844 adyto
959 2769 1238 2825 insultare
1264 2768 1408 2821 dum
1442 2766 1563 2820 lata
1615 2765 1673 2820 in
1727 2781 1865 2819 eum
1907 2768 2216 2833 sententia,

561 2865 619 2918 in
648 2863 872 2918 latrinis
911 2860 1096 2915 voluit
1127 2859 1308 2912 vitam
1351 2855 1661 2910 terminare
1705 2855 1914 2911 eodem
1972 2855 2070 2910 illo
2122 2856 2216 2910 die

561 2968 683 3024 quo
704 2953 827 3023 ipse
845 2951 1093 3021 ejusque
1109 2946 1337 3002 sectarii
1359 2952 1414 3000 et
1437 2944 1682 3000 asseclse
1708 2951 2035 3000 statuerant
2063 2945 2215 2999 illius

561 3041 754 3098 reditu
779 3040 876 3095 Dei
910 3038 1328 3099 Ecclesiam,et
1360 3051 1532 3090 sacra
1560 3033 2213 3106 profanare.Accidisse
2255 3067 2293 3120 ρ

563 3137 761 3186 autem
801 3129 962 3183 hunc
986 3124 1201 3198 [impii]
1242 3141 1271 3178 e
1298 3125 1415 3177 vita
1446 3139 1758 3178 excessum
1785 3123 1917 3179 loco
1949 3124 2210 3195 publico,

561 3219 724 3290 quod
765 3233 799 3271 a
832 3217 958 3271 foro
991 3216 1258 3286 proxime
1299 3213 1521 3267 latrinm
1575 3213 1686 3267 illae
1738 3213 2036 3268 abessent.
2067 3214 2216 3268 Con-

562 3309 890 3362 stantinum
914 3307 1187 3371 Magnum
1217 3302 1492 3370 gavisum
1526 3301 1747 3366 scribit,
1775 3303 1936 3373 quod
1966 3303 2192 3374 integer

560 3399 748 3454 rimus
771 3397 961 3469 judex
986 3398 1136 3449 Deus
1162 3392 1620 3449 controversiam
1659 3409 1903 3448 omnem
1925 3393 2217 3450 sententia

560 3487 678 3543 lata
697 3485 1045 3548 diremisset,
1067 3484 1411 3551 misisseque
1431 3497 1572 3536 mox
1594 3484 1671 3536 ad
1697 3482 1893 3537 varios
1911 3483 2212 3554 epistolas,

560 3576 780 3649 quibus
805 3577 1031 3645 justam
1071 3572 1144 3626 de
1171 3571 1306 3626 Ario
1341 3570 1684 3634 vindictam,
1717 3571 1877 3627 velut
1901 3572 2078 3643 cippo
2131 3573 2215 3628 in-

560 3665 845 3736 scriptam
876 3661 1161 3717 omnibus
1192 3658 1618 3730 promulgaret.
1651 3661 1733 3714 lta
1762 3660 1942 3731 hujus
1973 3661 2212 3734 scripto-

561 3755 639 3810 ris
655 3753 916 3809 narratio
933 3751 1372 3806 consentitcum
1396 3748 1720 3804 Athanasio
1740 3751 1951 3819 Magno
1966 3754 2063 3820 (3).
2077 3769 2215 3808 cum

560 3843 926 3900 Theodoreto
985 3841 1083 3910 (4),
1144 3839 1391 3910 aliisque
1448 3838 1719 3910 plurimis
1777 3842 1871 3910 (5).
1906 3842 2216 3898 Nonnullis

561 3934 718 3989 enim
742 3931 972 3987 tradere
990 3931 1180 3983 visum
1209 3928 1304 3996 (6),
1333 3943 1449 3981 non
1470 3928 1835 3982 Constantini
1858 3929 2054 3997 Magni
2076 3936 2219 3986 tem-

561 4021 830 4094 poribus,
857 4019 964 4074 sed
997 4016 1339 4072 Constantio
1370 4016 1492 4070 tilio
1522 4017 1880 4087 imperante,
1908 4025 2026 4072 tam
2061 4019 2217 4075 fmdo

561 4111 764 4167 Arium
822 4110 981 4167 exitu
1023 4105 1330 4162 hominem
1385 4105 1639 4160 exuisse.
1690 4105 1757 4160 Et
1793 4107 1917 4161 haec
1970 4109 2215 4178 quidem

2331 1789 2574 1867 δευτέρου
2604 1798 2693 1844 καὶ
2725 1794 2745 1827 ⁸
2773 1793 3009 1844 εἰκοστοῦ
3062 1795 3305 1865 ἡμίσεος,
3335 1795 3390 1857 ἕξ
3438 1797 3458 1829 θ
3491 1792 3721 1853 δηλονότι
3773 1798 3887 1848 ἔτεσι

2329 1885 2517 1942 ταύτης
2551 1887 3017 1954 συγκροτουμένης.

2400 1975 2536 2028 Φησὶ
2585 1968 2644 2023 δὲ
2693 1973 3066 2045 καθαιρεθῆναι
3116 1975 3206 2042 μὲν
3250 1972 3460 2047 ’Ἄρειον
3513 1977 3597 2025 καὶ
3645 1972 3889 2044 ἁναθέματι

2328 2060 2807 2123 καθυποϐληθῆναε,
2853 2058 2962 2112 εἶτα
3005 2061 3157 2112 πάλιν
3200 2065 3484 2136 πειρᾶσθαι
3524 2065 3652 2114 ὥστε
3679 2065 3722 2099 ¹⁰
3751 2083 3889 2135 παραυ

2331 2147 2610 2222 δεχθῆναι·
2666 2155 2754 2202 καὶ
2833 2158 2984 2202 τοῦτο
3056 2151 3304 2212 πολλάκις
3381 2149 3771 2209 ἔπιτηδευθῆναι
3828 2149 3886 2204 δι’

2330 2239 2601 2306 Εύσεϐίου,
2647 2238 2696 2299 ὃς
2740 2236 2876 2312 ἦρχε
2923 2236 3302 2310 Νικομηδείας,
3334 2246 3422 2292 καὶ
3472 2237 3544 2292 δι’
3574 2241 3805 2293 Εύτοκίου
3842 2237 3890 2291 δι

2330 2338 2422 2381 τοῦ
2489 2330 2778 2402 Ἀρειανού,
2850 2327 3200 2403 πρεσϐυτέρου
3287 2332 3502 2400 ἔχοντος
3570 2332 3887 2402 χειροθεσίαν,

2327 2418 2380 2469 ὃν
2429 2420 2458 2475 ἡ
2520 2425 2610 2470 τοῦ
2666 2416 2921 2488 βασιλέως
2970 2414 3165 2488 ἀδελφὴ
3227 2424 3612 2483 Κωνσταντίνα,
3674 2424 3759 2475 τὴν
3828 2423 3892 2468 τέ-

2325 2505 2454 2558 λειον
2484 2509 2526 2542 ¹¹
2561 2509 2754 2579 ἡμέραν
2809 2507 3142 2576 ὑπερχομένη
3211 2516 3303 2558 τοῦ
3359 2506 3504 2578 βίον,
3555 2509 3786 2579 παρέθετο
3835 2515 3892 2572 τῷ

2328 2592 2557 2666 ἀδελφῷ.
2607 2595 2742 2647 Ἀλλ’
2800 2595 2944 2646 οὗτοι
2991 2598 3080 2665 μεν
3132 2591 3392 2648 ἔσπευδον
3443 2601 3526 2648 τὸν
3582 2596 3772 2670 Ἀρειον
3823 2595 3894 2646 ἐπι

2327 2693 2541 2756 αγαγεῐν
2572 2686 2612 2726 ¹²
2640 2692 2701 2756 τῇ
2764 2684 3066 2755 Ἐκκλησία·
3119 2687 3147 2742 ἡ
3192 2681 3250 2736 δε
3297 2687 3416 2737 θεία
3464 2683 3585 2743 δίκη
3642 2686 3728 2737 ούκ
3776 2688 3893 2735 ιῖασι

2325 2778 2407 2826 τόν
2461 2774 2650 2846 έχθρόν
2681 2775 2727 2808 ¹³
2773 2776 3212 2848 κατορχήσασθαι
3263 2775 3431 2835 αὐτῆς
3461 2783 3550 2827 τού
3581 2780 3668 2827 νεὼ
3702 2780 3782 2826 καὶ
3816 2781 3893 2832 τῆς

2326 2862 2373 2915 έν
2422 2864 2561 2932 αύτῲ
2593 2860 2884 2925 παστάδος,
2921 2861 3025 2913 ἀλλ’
3073 2863 3122 2913 έν
3155 2860 3429 2937 ἁφεδρῶσι
3460 2869 3544 2916 τὸν
3574 2863 3684 2936 βίον
3709 2859 3892 2915 ἐδίκασε

2324 2952 2682 3027 καταστρέψαι
2730 2952 2848 3003 καθ’
2895 2951 2954 3009 ἣν
2987 2951 3142 3012 αὐτὸς
3169 2957 3259 3003 καὶ
3308 2955 3358 3003 οἱ
3393 2950 3720 3005 σπουδασταὶ
3756 2951 3892 3002 αύτού

2325 3045 2520 3114 ὥρισαν
2564 3043 2757 3113 ἡμέραν
2803 3037 2897 3091 διὰ
2927 3048 3016 3100 τῆς
3071 3038 3283 3092 εἰσόδου
3319 3042 3484 3094 αὑτοῦ
3529 3047 3618 3100 τὴν
3648 3041 3889 3097 ἐκκλησίαν

2327 3129 2624 3203 βεϐηλώσαι
2667 3137 2757 3181 τού
2806 3136 2938 3181 Θεοῦ
2965 3136 3053 3180 καὶ
3099 3133 3163 3180 τὰ
3192 3130 3346 3200 ἅγια.
3396 3137 3495 3183 Καὶ
3526 3133 3554 3189 ἡ
3590 3133 3886 3201 καταστροφό

2327 3217 2384 3272 δὲ
2438 3217 2693 3291 δημόσιος
2751 3220 2794 3252 ¹⁴
2832 3223 3049 3288 γίνεται·
3103 3219 3325 3276 πλησίον
3391 3224 3491 3293 ’γὰρ
3545 3223 3589 3271 οἱ
3637 3215 3892 3291 ἁφεδρώνες

2325 3308 2683 3383 ἐχρημάτιζον
2715 3316 2805 3359 τοῦ
2837 3313 3013 3380 φόρου.
3063 3308 3169 3379 Ἐφ’
3216 3309 3254 3378 ᾧ
3286 3310 3521 3367 ἡσθῆναί
3551 3327 3600 3360 τε
3640 3313 3717 3359 τὸν
3754 3311 3890 3378 μέγαν

2328 3406 2706 3452 Κωνσταντῐνον
2757 3400 2961 3470 γράφει,
2993 3399 3062 3458 ὡς
3117 3405 3208 3448 τοῦ
3266 3394 3565 3450 ἀδεκάστου
3627 3404 3792 3469 κριτοῦ
3831 3395 3892 3454 οἷς

2326 3490 2487 3559 ἔκρινε
2545 3486 2798 3546 λύσαντος
2871 3485 3268 3556 ἀμφισϐήτησιν
3345 3493 3544 3544 πᾶσαν.
3607 3484 3790 3558 γράψαι
3849 3501 3891 3532 τι

2325 3577 2480 3628 αὐτόν
2537 3575 2739 3634 πολλοῖς
2791 3574 3085 3639 ἐπιστολὰς,
3133 3581 3226 3633 τὴν
3275 3572 3482 3628 ἔνδικον
3523 3576 3716 3650 ’Δρείου
3761 3591 3892 3624 κατα-

2329 3669 2550 3739 στροφὴν
2595 3663 2960 3720 στηλιτεύοντα
2996 3664 3062 3716 ¹⁶.
3109 3668 3208 3715 Καὶ
3253 3665 3278 3714 ὀ
3319 3667 3412 3735 μὲν
3457 3665 3590 3716 οὕτω
3622 3668 3891 3736 φησὶ,συμο

2328 3764 2500 3828 φωνῶν
2554 3752 2602 3804 ἐν
2652 3755 2818 3822 τούτῳ
2874 3752 3168 3822 Ἀθανασὶῳ
3214 3771 3266 3804 τε
3311 3761 3384 3822 τῷ
3429 3754 3633 3826 μεγάλῳ
3663 3757 3746 3804 καὶ
3788 3757 3891 3802 Θεο-

2329 3841 2548 3918 δωρήτῳ
2579 3847 2667 3893 καὶ
2708 3841 2880 3901 ἄλλοις
2910 3841 3161 3892 πλείοσινσ
3195 3841 3348 3902 ἐνίοις
3390 3840 3450 3895 δε
3497 3846 3702 3916 γράφειν
3747 3836 3888 3898 ἔδοξεν

2327 3937 2454 4004 ούχὶ
2480 3934 2614 3983 κατά
2642 3934 2764 3990 τούς
2797 3935 3184 3982 Κωνσταντίνου
3223 3932 3269 3965 ¹⁶
3291 3939 3384 3982 τοῦ
3416 3932 3652 4002 Μεγάλου
3681 3934 3888 4004 χρόνους,

2330 4023 2455 4074 ἀλλὰ
2505 4029 2594 4072 τοῦ
2653 4016 2840 4078 παιδός
2922 4024 3283 4071 Κωνσταντίου
3341 4019 3706 4092 βασιλεύοντος
3755 4017 3890 4073 οὕτως

2329 4113 2568 4183 αἰσχρῶς
2601 4113 2685 4160 τὸν
2715 4108 2919 4183 ’Λρείον
2951 4107 3002 4170 ἐξ
3033 4107 3306 4180 ἀνθρώπων
3338 4108 3707 4180 ἀφανισθῆναι,

1909 4204 2138 4262 VARl/E
2179 4209 2465 4266 LECTION
2478 4208 2580 4263 ES.

635 4308 656 4341 ³
684 4312 773 4357 τοῦ
806 4303 1013 4376 βιϐλίου
1051 4325 1104 4367 ς’,
1185 4304 1204 4336 ⁸
1237 4305 1352 4354 τότε
1382 4301 1425 4354 Α
1454 4318 1473 4376 ξ
1505 4308 1595 4351 τοῦ
1625 4323 1678 4365 ς.

564 4379 585 4414 ⁹
614 4376 688 4448 ἐξ]
719 4377 770 4438 ἐξ
806 4372 974 4446 ἣμισυ
1009 4379 1070 4427 Α.
1106 4375 1153 4409 ¹⁰
1179 4376 1313 4448 ὥστε
1352 4372 1492 4426 add.
1530 4379 1590 4425 Α.
1672 4374 1710 4407 ¹¹
1746 4373 1938 4448 τελείαν
1970 4398 2024 4440 ς,

563 4451 610 4485 ¹⁵
645 4443 1053 4507 ἐτηλιτέυούσας
1084 4467 1136 4510 ς,
1215 4447 1262 4480 ¹⁶
1287 4449 1646 4497 Κωνσταντίου
1676 4452 1766 4495 τοῦ
1800 4443 1986 4506 παιδὸς
2011 4470 2066 4510 ς’.

1758 4302 1778 4336 ⁵
1809 4309 1898 4354 τοῦ
1924 4304 1968 4356 Α
2000 4321 2011 4358 :
2049 4305 2209 4359 αὐτοῦ
2235 4315 2326 4360 τοῦ
2360 4330 2410 4372 ς’.

2109 4381 2153 4414 ¹¹
2199 4378 2485 4452 ἀπαγαγεῖν
2516 4400 2570 4442 ς.

3518 4307 3537 4339 ⁸
3570 4311 3653 4358 καὶ
3680 4303 3805 4359 add.
3836 4302 3888 4354 Α.

2491 4309 2510 4341 ⁸
2539 4305 2765 4368 ἐξέτεινεν
2791 4326 2856 4376 ς(
2921 4305 2940 4338 ⁷
2976 4301 3330 4376 ἑκκαιδεκάτῳ
3363 4327 3417 4370 ς.

3477 4380 3524 4413 ¹⁸
3557 4375 3812 4450 δημοσίους
3845 4392 3889 4434 ς.

2650 4379 2692 4412 ¹³
2727 4381 2811 4428 τὸν
2843 4375 3030 4449 ἐχθρόν
3051 4377 3144 4428 οὐκ
3176 4375 3316 4430 εἴασε
3340 4399 3393 4441 ς.

2124 4549 2348 4605 NOT/E.

633 4647 744 4718 (96)
775 4648 994 4718 Horum
1034 4643 1188 4698 duos
1244 4640 1430 4718 nobis.
1470 4641 1661 4718 Graece
1709 4644 1767 4718 et
1814 4642 2008 4718 Latine
2061 4643 2221 4718 dedit
2253 4645 2297 4699 D
2327 4645 2410 4718 dit
2441 4642 3188 4718 dimissamquesynodum
3221 4641 3364 4715 ipsis
3384 4643 3744 4701 Constantini
3768 4644 3892 4710 Aug.

560 4712 1284 4774 Rob.'Palforeus.'l‘ertii
1340 4713 1499 4767 enim
1539 4712 1669 4766 loco
1721 4717 1834 4766 tres
1885 4714 2218 4771 admodum

561 4789 925 4846 Constantini
947 4789 1090 4857 imp.
1124 4783 1406 4857 epistolas
1440 4782 1728 4857 exhibuit.
1759 4784 1968 4839 Noster
2017 4793 2219 4843 autem

554 4855 1111 4932 Alphons.Pisanus
1158 4855 1226 4912 ex
1258 4857 1372 4911 hoc
1424 4855 1827 4932 opusculo__et
1885 4858 2219 4930 exemplari

559 4926 825 5004 quodam
880 4930 1151 5004 Arabico,
1186 4933 1648 5004 sanctorumque
1701 4926 1940 5004 aliquot_
1981 4926 2219 5004 Patrum

556 4997 984 5065 monumentis,
1016 4997 1270 5072 quatuor
1301 5015 1441 5054 suos
1472 4997 1565 5053 dei
1602 4997 1714 5053 hac
1750 4997 1985 5072 synodo
2028 5000 2217 5058 libros

558 5075 862 5132 contexuit
891 5069 1093 5128 Franc.
1129 5072 1450 5126 Turrianus
1476 5072 1742 5125 Canones
1770 5069 1976 5128 edidit.

628 5150 737 5218 (97)
783 5154 975 5197 Βιτῶνα
1000 5146 1160 5218 hunc
1186 5142 1360 5218 video
1393 5158 1428 5196 a
1461 5143 1673 5218 Graecis
1704 5142 2214 5215 appellari,quem

557 5213 877 5273 in'Latinis
904 5215 1207 5271 codicibus
1256 5213 1537 5268 Victorem
1565 5213 1838 5282 legimus.

628 5290 746 5358 (98)
779 5289 934 5342 [dem
966 5287 1057 5340 ille
1087 5285 1192 5358 qui
1231 5285 1288 5339 in
1340 5285 1635 5358 demortui
1672 5284 2083 5358 _Metroph_anis
2130 5284 2214 5358 lo-

559 5355 697 5414 cum
711 5355 1093 5427 tiubrogatus,
1107 5355 1338 5428 primus
1351 5363 1438 5410 est
1453 5355 1632 5409 factus
1658 5356 2209 5428 Constantinopolit.

556 5426 960 5502 patriarch.i_m
971 5426 1323 5502 pietatisque
1337 5429 1657 5502 antistitem
1673 5426 1927 5502 (Arium)
1943 5426 2212 5482 oratione

561 5498 986 5628 spagustulit,’
1024 5501 1132 5557 BB.
1161 5498 1442 5555 Athanas.
1472 5505 1528 5554 et
1584 5499 1752 5568 Greg.
1794 5498 2066 5554 Nazianz.
2111 5515 2214 5554 au-

561 5591 589 5628 c
619 5590 704 5628 ori
756 5589 848 5628 us.

559 5573 848 5631 ctoribus.

630 5643 740 5728 (99)
772 5641 1017 5700 Balforei
1049 5645 1308 5716 atqueac
1334 5641 1528 5698 Pisani
1552 5639 1688 5698 edit.
1708 5656 1809 5698 sex
1844 5657 2079 5697 menses
2111 5640 2210 5698 ad-

2329 4715 2764 4772 Vicennalibus.

2398 4788 2473 4858 (1)
2505 4787 2610 4840 Alii
2644 4794 2758 4840 tres
2783 4800 2918 4839 cum
2961 4785 3227 4858 semestri
3259 4800 3452 4858 annos
3496 4787 3891 4858 duntaxatnu-

2327 4864 2580 4914 merant.
2600 4861 2660 4912 ι).
2683 4858 2893 4911 Baron.
2918 4857 3078 4911 card.
3102 4865 3247 4911 tom.
3278 4857 3346 4910 Ill
3367 4859 3578 4913 Annal.
3599 4857 3890 4913 ecclesiast.

2329 4946 2444 4985 uno
2478 4944 2638 4984 anno
2667 4943 2798 4983 esse
2839 4927 3180 5000 absolutam
3214 4929 3508 5000 Nicaanam
3547 4927 3832 5000 pertendit.

2396 5001 2474 5072 (2)
2507 5000 2587 5054 De
2635 5001 2805 5070 cujus
2846 4998 3154 5072 fraudibus
3194 4997 3785 5072 pluraqutaphrast.
3822 4997 3894 5050 De

2321 5071 2496 5142 gestis
2526 5071 2776 5127 Nicena:
2801 5071 3032 5138 synodi,
3066 5071 3106 5132 l,
3141 5088 3212 5131 iv,
3248 5071 3418 5126 Surii.

2395 5145 2470 5213 (3)
2501 5143 2665 5212 Disp.
2705 5143 2744 5201 Ι,
2772 5144 3061 5196 adversus
3091 5143 3339 5196 Arianos
3368 5142 3480 5197 sub
3509 5142 3613 5197 fin.
3640 5147 3694 5197 et
3725 5138 3886 5210 Epist.

2322 5215 2396 5269 ad
2433 5215 2813 5285 Serapionem
2839 5220 2980 5285 tota.

2392 5286 2469 5356 (4)
2502 5280 2626 5339 Lib.
2655 5301 2711 5338 ιν
2746 5284 2996 5354 Epitom.
3030 5291 3237 5340 contra
3269 5285 3466 5340 haeret.
3503 5290 3559 5338 et
3589 5283 3688 5338 lib.
3715 5299 3730 5337 1
3759 5280 3891 5334 Hist.

2323 5357 2546 5412 Eccles.
2579 5372 2705 5426 cap.
2745 5360 2803 5410 t3
2829 5364 2886 5410 et
2914 5359 2992 5410 14.

2393 5428 2469 5497 (is)
2491 5429 2561 5499 rln
2592 5424 2812 5499 quibus
2845 5427 3132 5498 Epiphan.
3162 5431 3219 5483 et
3249 5432 3450 5484 auctor
3483 5425 3631 5482 Vitas
3663 5424 3895 5480 Athana-

2320 5500 2388 5554 sii
2417 5498 2520 5553 inf.
2550 5498 2684 5554 cdd.
2703 5501 2826 5553 258.

2392 5570 2468 5640 (6)
2493 5569 2907 5642 Metaphrasta'.
2930 5569 3096 5628 Orat.
3117 5571 3202 5628 De
3216 5570 3385 5644 gestis
3395 5568 3650 5627 Nicznz
3674 5565 3890 5640 synodi,

2321 5647 2467 5699 tom.
2503 5643 2567 5697 Vl
2589 5642 2765 5699 Surii.

2345 5657 2467 5699 om.
2509 5657 2567 5697 Vl
2589 5657 2765 5700 nuru.
