4036 6214
596 241 700 294 295

1822 230 2057 287 PHOTlI
2099 228 2575 288 PATHIAHCH/E
2616 234 2721 289 (ΖΡ.

3786 256 3876 311 296

596 359 1005 433 commemini]
1034 360 1183 416 liber
1207 360 1366 416 hunc
1427 359 1657 415 titulum
1712 358 1945 430 praefert
2000 375 2011 413 ε
2059 360 2217 411 Prom

2355 365 2629 433 Προοίμιον
2706 360 2989 415 ἐπισκόπου
3064 370 3371 438 Καισαρείας
3441 370 3756 436 Παλαιστίνης
3819 381 3878 440 εἰς

594 459 775 511 mium
805 450 1058 522 episcopi
1089 451 1363 505 Caesarea:
1386 448 1716 504 Palestina?
1763 450 1823 502 in
1867 463 1931 502 ea
1986 462 2111 516 quos
2165 447 2242 501 ad

591 543 1001 601 ecclesiasticam
1034 539 1318 593 historiam
1348 538 1573 592 Eusebii
1601 536 1915 608 Phamphili
1964 536 2235 607 adjiciun-

589 642 701 690 tur.
747 631 951 702 Incipit
990 644 1129 683 vero
1181 628 1293 682 hoc
1347 627 1528 682 modo
1571 643 1653 681 ;·‹‹
1698 629 1951 682 Caeteros
1991 624 2237 697 quidem

588 723 687 795 qui
719 722 795 776 ad
827 718 1207 774 scribendum
1228 716 1497 771 animum
1523 714 2134 787 appulerunt,quique
2152 730 2237 769 re-

585 828 718 867 rum
749 815 1049 880 gestarum
1090 805 1364 861 historias
1396 806 1699 861 memorias
1730 804 1980 877 prodere
2014 808 2233 860 statue-

585 906 722 955 runt
754 898 889 968 (16),
926 917 946 945 ι
983 900 1038 950 et
1066 910 1201 966 qua;
1220 899 1572 965 sequuntur.

659 986 947 1042 Prmdicat
977 1000 1039 1039 se
1071 983 1439 1039 avunculum
1470 981 1755 1037 habuisse
1797 980 2071 1053 Cyrillum
2106 981 2231 1037 Bie-

582 1076 1024 1147 rosolymorum
1054 1073 1427 1144 episcopum,
1462 1072 1564 1142 qui
1596 1075 1653 1125 et
1696 1069 1812 1125 sibi
1840 1070 1911 1125 ad
1938 1069 2067 1125 huic
2100 1069 2230 1142 ipsa

584 1164 900 1224 scribenda
926 1168 1128 1217 auctor
1161 1160 1353 1216 fuerit.
1388 1160 1543 1215 Alibi
1578 1166 1778 1215 autem
1818 1158 2073 1229 legendo
2114 1159 2228 1215 hoc

581 1257 824 1330 quidem
856 1251 1140 1323 comperi,
1178 1248 1460 1321 Cyrillum
1493 1249 1690 1321 ipsum
1731 1264 1870 1303 cum
1910 1248 2023 1304 hoc
2065 1248 2228 1304 Gela-

580 1347 666 1402 sio
680 1346 698 1417 (
712 1346 791 1414 17)
811 1341 1025 1399 Rutﬁni
1040 1338 1287 1395 Romani
1310 1338 1619 1393 historiam
1636 1338 1691 1392 in
1706 1340 1971 1393 Graecum
1988 1337 2227 1392 vertisse

578 1448 938 1499 sermonem,
980 1446 1097 1485 non
1158 1444 1297 1483 vero
1365 1427 1670 1498 propriam
1737 1442 1909 1481 suam
1964 1428 2225 1497 aliquam

578 1522 937 1579 condidisse.
968 1518 1115 1574 Illud
1146 1525 1393 1579 certum,
1419 1515 1719 1571 Gelasium
1771 1516 1955 1585 hunc,
1984 1515 2225 1586 quando

578 1612 769 1685 Cyrilli
849 1606 1363 1678 Hierosolymitani
1439 1604 1687 1676 aequalis
1764 1602 1891 1666 fuit,
1951 1605 2225 1676 proximo

2350 452 2413 499 τὰ
2437 453 2566 520 μετά
2611 455 2701 508 τὴν
2752 450 3226 510 Ἐκκλησιαστικὴν
3267 454 3507 531 Ἱστορίαν
3546 461 3774 515 Εύσεείου
3803 476 3878 518 τοῦ

2350 538 2644 609 Παμφίλου,
2695 541 2921 612 ἄρχεται
2957 538 3016 593 δὲ
3059 544 3193 595 οὕτω
3226 565 3236 576 ο
3275 567 3299 593 ‹‹
3325 550 3450 606 Τοὺς
3490 550 3572 617 μὲν
3612 550 3771 612 ἄλλους
3812 556 3880 607 ἐπὶ

2345 630 2401 678 τό
2453 631 2770 700 συγγράφειν
2819 634 3152 703 ὡρμημένους
3204 640 3290 685 καὶ
3346 644 3437 686 τῶν
3496 643 3753 709 γενομένων
3803 646 3881 705 τὰς

2348 718 2578 788 ἱστορίας
2634 727 2694 791 τῇ
2749 725 2927 792 μνήμῃ
2984 727 3341 794 παραπέμπειν
3404 723 3688 795 ἐγνωκότας,
3738 751 3761 775 ν
3807 737 3879 783 καὶ

2345 804 2455 867 ἑξῆς
2482 808 2551 861 ’⁸.

2412 989 2566 1056 Λέγει
2616 982 2673 1038 δε
2718 986 2871 1038 αὑτὸν
2924 986 3131 1059 ἀνεψιόν
3182 992 3311 1062 πρὸς
3337 993 3520 1063 μητρός
3550 993 3779 1063 Κυρίλλου
3805 1003 3879 1046 τοῦ

2337 1073 2722 1147 Ἰεροσολύμων,
2769 1082 2858 1129 καὶ
2902 1078 2989 1129 ὑπ’
3039 1077 3230 1130 ἐκείνου
3270 1088 3615 1153 προτραπῆναι
3650 1081 3711 1143 εἰς
3748 1080 3880 1141 τήνδε

2337 1167 2423 1220 τὴν
2477 1168 2805 1236 συγγραφήν.
2882 1165 3057 1237 Ἡμεῖς
3112 1163 3171 1218 δὲ
3237 1168 3439 1239 εὕρομεν
3488 1167 3795 1239 ἀνεγνωκότες
3839 1172 3879 1221 ἐν

2337 1251 2509 1313 ἄλλοις
2558 1254 2637 1304 ότι
2686 1253 2833 1313 αύτός
2875 1273 2925 1305 τε
2976 1255 3222 1327 Κύριλλος
3268 1263 3354 1307 καὶ
3394 1256 3625 1317 Γελάσιος
3651 1257 3783 1318 οὗτος
3805 1263 3880 1315 τὴν

2335 1339 2598 1412 Ῥουφίνου
2650 1349 2740 1393 τοῦ
2795 1342 3050 1414 Ῥωμαίου
3096 1346 3142 1379 ²⁶
3199 1350 3515 1416 μετέφρασαν
3568 1347 3777 1417 ἱστορίαν
3825 1346 3879 1406 εἰς

2336 1434 2428 1487 τήν
2470 1427 2695 1482 Ἐλλάδα
2723 1430 2988 1501 γλῶσσαν,
3036 1432 3094 1483 οὒ
3139 1437 3312 1503 μέντοι
3350 1435 3425 1485 ὁτι
3464 1435 3504 1468 ’⁷
3541 1430 3673 1484 ἰδίαν
3703 1437 3878 1487 συνετά-

2336 1517 2485 1579 ξαντο
2519 1520 2772 1591 ἱστορίαν.
2824 1519 2982 1577 Δῆλον
3014 1517 3064 1571 δ’
3113 1524 3177 1580 ὡς
3208 1520 3541 1595 ἀρχαιότερος
3571 1518 3627 1579 ἦν
3652 1521 3781 1582 οὗτος
3804 1529 3877 1573 τοῦ

2335 1610 2726 1678 προειρημένου,
2784 1610 2827 1659 εἰ
2882 1627 2941 1677 γε
2993 1611 3127 1660 κατά
3182 1610 3427 1682 Κύριλλον
3480 1614 3674 1681 ἤκμασε
3725 1613 3799 1660 τόν
3840 1610 3878 1644 ³⁸

573 1703 672 1758 illo
704 1716 835 1756 esse
890 1703 1060 1753 aetate
1105 1697 1381 1767 priorem.
1416 1696 1479 1748 Et
1508 1694 1596 1749 hic
1640 1700 1793 1749 certe
1826 1692 2091 1749 Gelasius
2140 1693 2217 1747 di-

2331 1694 2719 1766 Ἰεροσολύμων.
2786 1696 2919 1748 Ἀλλ’
2988 1696 3134 1758 οὗτος
3190 1702 3279 1768 μὲν
3354 1699 3377 1749 ό
3437 1697 3667 1757 Γελάσιος
3716 1696 3876 1749 ἐκείνου

575 1796 732 1846 serta
753 1802 994 1861 quoque
1016 1784 1249 1839 dicendi
1279 1784 1471 1838 forma
1489 1784 1565 1837 ab
1590 1782 1689 1839 illo
1714 1782 2010 1853 discrepat
2027 1782 2139 1853 67
2154 1783 2185 1837 ὁ
2208 1799 2219 1835 :

571 1893 919 1952 quanquam
950 1884 1193 1944 uterque
1214 1872 1389 1941 longe
1414 1878 1503 1925 est
1532 1873 1729 1942 eo,qui
1760 1872 2053 1926 adversus
2072 1876 2224 1926 Ano-

572 1985 761 2025 mmos
789 1964 1041 2035 scripsit,
1093 1961 1356 2016 inferior.
1386 1960 1494 2025 Qui
1531 1960 1775 2031 quidem
1816 1960 2131 2029 episcopus
2168 1966 2221 2015 et

571 2059 695 2129 ipse
717 2056 986 2126 ejusdem
1013 2049 1338 2105 Palaestinae
1360 2048 1721 2111 inscribitur,
1749 2048 1854 2102 sed
1874 2047 2131 2103 dictione
2150 2064 2220 2103 ac

568 2146 737 2200 varia
752 2142 1039 2204 doctrina,
1066 2138 1387 2208 logicisque
1406 2135 1735 2191 rationibus
1756 2136 1997 2207 (quibus
2016 2142 2216 2202 tamen,

569 2232 769 2289 nescio
796 2230 914 2302 qui,
948 2244 1067 2283 non
1095 2227 1400 2299 aptissime
1427 2230 1513 2281 est
1542 2224 1703 2295 usus)
1737 2232 1982 2280 caeteros
2038 2225 2213 2291 duos,

569 2321 664 2393 qui
687 2318 1024 2375 inferiorem
1055 2316 1322 2371 ordinem
1352 2314 1605 2369 dicendo
1638 2312 1899 2368 tenuisse
1924 2313 2030 2368 visi
2057 2319 2212 2379 sunt,

568 2406 1073 2465 multointervallo
1086 2404 1434 2476 reliquit.An
1452 2418 1590 2459 vero
1612 2402 1826 2457 borum
1848 2401 2063 2474 aliquis
2082 2401 2213 2456 haec

564 2499 723 2554 idem
754 2494 1191 2567 conscripserit,
1227 2499 1283 2549 et
1311 2500 1647 2564 opportune
1690 2491 2007 2561 collegerit,
2046 2490 2213 2545 addi-

563 2588 832 2658 deritque
851 2585 1100 2656 reliqua,
1132 2597 1491 2652 cognoscere
1511 2580 1784 2636 nondum
1809 2580 1995 2653 potui.

1324 2756 1439 2812 XC.

670 2852 908 2908 Libanii
934 2849 1041 2921 (t8)
1073 2847 1344 2917 sophista
1361 2847 1667 2903 Orationes
1706 2852 1761 2904 et
1788 2846 2088 2915 Epistolas.

633 2944 787 2999 Lecti
819 2947 959 2995 sunt
1002 2938 1229 2995 Libanii
1280 2938 1422 2994 tomi
1455 2938 1600 2993 duo.
1656 2938 1707 2991 ls
1735 2938 1794 2991 in
1852 2937 2002 2993 ﬁctis
2058 2936 2207 3003 suis,

2333 1790 2421 1835 καὶ
2466 1792 2526 1855 τῇ
2576 1787 2760 1859 φράσει
2803 1784 2885 1836 ἐπὶ
2926 1788 2983 1837 τό
3014 1786 3319 1860 λογιώτερον
3360 1784 3602 1860 διαφέρει.
3647 1786 3878 1857 Ἐκάτερος

2332 1878 2503 1945 μέντοι
2560 1874 2726 1925 αὐτῶν
2785 1874 2913 1925 πολὺ
2962 1883 3051 1926 τοῦ
3110 1878 3244 1927 κατά
3300 1878 3574 1947 Ἀνομοίων
3628 1892 3878 1947 συγγεγρα-

2331 1968 2483 2034 φότος
2530 1959 2842 2036 ἐνδεέστερος
2895 1964 3145 2035 ὑπάρχει.
3200 1966 3517 2025 Ἐπίσκοπος
3574 1961 3622 2015 δ’
3675 1964 3767 2037 ἄρα
3805 1964 3879 2012 κα-

2328 2059 2491 2113 κεῖνος
2552 2061 2645 2110 τῆς
2703 2051 2865 2112 αὐτῆς
2946 2050 3286 2124 ἐπιγράφεται
3367 2053 3715 2112 Παλαιστίνης.
3765 2050 3876 2103 Ἀλλ’

2328 2138 2515 2200 ἐκεῖνός
2540 2160 2598 2211 γε
2625 2142 2649 2193 ό
2680 2141 2919 2201 Γελάσιος
2948 2149 3008 2213 τῇ
3043 2161 3095 2193 τε
3122 2144 3169 2177 ²⁹
3199 2146 3386 2215 φράσει
3416 2147 3501 2194 καὶ
3530 2149 3588 2214 τῇ
3618 2140 3876 2211 πολυμαθία

2326 2235 2415 2282 καὶ
2452 2237 2567 2290 ταῖς
2596 2230 2831 2300 λογικαὶς
2861 2227 3087 2296 ἐφόδοις,
3122 2233 3201 2292 αἷς
3230 2232 3325 2283 ούκ
3357 2228 3458 2283 οἶδ’
3485 2233 3617 2290 ὅπως
3641 2230 3780 2281 εἰπεῖν
3803 2232 3875 2278 καὶ

2326 2318 2676 2393 ἀπειροκάλως
2710 2326 3099 2391 κατεχρήσατο,
3142 2323 3286 2393 παρά
3318 2322 3444 2373 πολὺ
3487 2322 3688 2379 τούτους
3727 2322 3805 2374 τὴν
3838 2314 3875 2365 ἓν

2323 2416 2431 2469 τοίς
2460 2409 2625 2479 λόγοις
2661 2408 2901 2460 ἐλάττονα
2943 2409 3087 2471 τάξιν
3129 2408 3337 2481 ἐπέχειν
3366 2409 3628 2461 ἀπελαύνει
3658 2408 3718 2459 ³ο.
3756 2405 3807 2458 Εἰ
3830 2401 3877 2455 δέ

2323 2517 2397 2557 τις
2450 2500 2639 2549 τούτων
2694 2497 2849 2558 αύτός
2897 2498 3033 2549 ἐστιν
3064 2499 3089 2548 ὁ
3119 2498 3349 2571 γράψας,
3401 2503 3489 2550 καὶ
3541 2505 3692 2549 ταῦτα
3728 2500 3875 2565 χρόνῳ

2324 2585 2566 2649 συλλέξας
2592 2586 2637 2621 ⁸¹
2666 2590 2755 2638 καὶ
2787 2586 3119 2649 συναυξῆσας
3148 2590 3213 2640 τὰ
3252 2588 3513 2653 λείποντα,
3554 2587 3687 2639 οὔπω
3724 2584 3876 2656 μαθεῖν

2321 2677 2503 2746 ἴσχον.

3082 2766 3152 2828 ς·’.

2454 2851 2704 2905 Λιϐανίου
2736 2855 2783 2904 ἐν
2815 2856 3030 2925 τεύχεσι
3062 2851 3114 2925 β’
3147 2858 3310 2925 Λόγοι
3352 2861 3441 2909 καὶ
3470 2851 3771 2908 Ἐπιστολαί.

2390 2940 2511 3012 [1‘21
2550 2940 2637 3014 Η.]
2681 2941 3005 3011 Ἀνεγνὼσθη
3051 2943 3076 2992 ό
3112 2942 3363 3005 Λιϐάνιος
3401 2944 3448 2995 ἐν
3479 2946 3682 3014 τεύχεσι
3722 2935 3871 2989 δυσίν.

558 3048 828 3108 quasque
862 3028 1285 3086 exercitationis
1318 3033 1547 3083 tantum
1581 3043 1766 3081 causa
1798 3026 2049 3098 scripsit,
2080 3043 2211 3083 ora-

2327 3030 2483 3089 Οὖτος
2531 3026 2589 3081 δε
2633 3028 2680 3080 ἐν
2732 3038 2841 3091 τοῖς
2888 3032 3267 3101 πλασματικοῖς
3314 3036 3478 3085 αὑτοῦ
3526 3033 3641 3102 [212
3690 3026 3767 3097 8.]
3802 3028 3874 3075 καὶ

563 3101 840 3186 tionibus,
878 3135 941 3173 se
976 3120 1104 3189 ipso
1130 3122 1239 3181 est,
1261 3132 1445 3187 quam
1473 3116 1530 3170 in
1559 3116 1689 3170 aliis
1709 3116 2103 3185 praestantior.
2122 3117 2210 3170 Ni-
2249 3101 2285 3121 υ

563 3216 675 3269 mis
697 3211 853 3266 enim
877 3208 1132 3277 diligens
1160 3222 1228 3260 ac
1258 3206 1527 3260 curiosus
1557 3206 1702 3259 dum
1734 3220 1863 3259 esse
1890 3204 2029 3270 vult,
2061 3206 2208 3260 nati-

559 3318 697 3357 vam
715 3299 1087 3368 etfusamque
1120 3295 1413 3349 sermonis
1430 3295 1515 3363 (ut
1542 3294 1622 3348 ita
1651 3293 1928 3363 dixerim)
1952 3294 2203 3361 gratiam

559 3407 629 3448 ac
656 3392 1025 3445 venustatem
1060 3384 1117 3439 in
1151 3382 1264 3437 illis
1295 3381 1423 3437 aliis
1456 3383 1737 3452 corrupit,
1771 3387 1948 3453 atque
2002 3383 2059 3437 in
2102 3382 2205 3438 ob-

562 3479 898 3536 scuritatem
928 3473 1209 3544 delapsus
1222 3477 1331 3536 est,
1351 3469 1799 3542 multaquidem
1817 3470 2205 3543 interpositio-

559 3568 737 3625 nibus
758 3563 1100 3620 obscuriora
1126 3560 1454 3624 reddendo,
1488 3559 1766 3631 quasdam
1789 3560 1966 3615 etiam
1990 3560 2201 3617 ablatis

558 3656 923 3715 necessariis.
958 3650 1179 3722 Regula
1227 3656 1315 3704 est
1346 3648 1571 3720 alioqui
1611 3648 1723 3703 hoc
1770 3650 1830 3705 in
1862 3665 2097 3720 genere,
2132 3666 2201 3706 ac

556 3763 769 3804 norma
786 3741 1078 3799 sermonis
1098 3738 1281 3795 Attici.
1315 3738 1548 3793 Clarum
1588 3739 1727 3793 item
1777 3738 1957 3794 habet
1985 3740 2046 3794 in
2078 3740 2203 3812 epi-

556 3838 716 3893 stolis
760 3834 872 3906 (19)
904 3829 1230 3887 scribendis
1276 3843 1487 3883 nomen
1541 3848 1553 3883 :
1589 3827 1894 3900 multaque
1934 3833 1991 3884 et
2039 3830 2201 3885 varia

554 3923 1051 3981 circumferuntur
1078 3918 1155 3973 ab
1182 3933 1251 3973 eo
1274 3918 1626 3988 conscripta.

1314 4006 1442 4061 XCI.

552 4104 801 4159 Arriani
821 4104 904 4158 De
922 4096 1259 4156 Alexandri
1293 4095 1489 4166 Magni
1522 4096 1691 4151 rebus
1720 4097 1888 4165 gestis
1931 4096 2071 4151 libri
2100 4112 2196 4153 vn.

625 4194 900 4261 Legimus
928 4188 1152 4245 Arriani
1182 4189 1262 4241 De
1292 4186 1461 4241 rebus
1492 4187 1661 4255 gestis
1704 4185 2043 4241 Alexandri
2069 4186 2197 4241 Ma-

550 4282 656 4353 gni
686 4282 797 4352 (20)
814 4278 999 4334 libros
1025 4281 1271 4347 septem.
1296 4272 1488 4329 Refert
1509 4276 1705 4345 ipsum
1727 4290 1860 4329 cum
1885 4274 2197 4330 Athenien-

2316 3126 2691 3190 γυμναστικοίς
2745 3120 2916 3189 λόγοις
2967 3119 3155 3189 μᾶλλόν
3204 3120 3350 3173 ἐστιν
3404 3124 3433 3180 ἢ
3493 3120 3539 3173 ἐν
3589 3126 3685 3177 τοῖς
3729 3113 3875 3170 illam

2318 3208 2473 3268 αὐτὸς
2506 3208 2692 3260 ἑαυτου
2733 3215 3132 3283 χρησιμώτερος
3166 3228 3177 3238 ·
3214 3218 3273 3282 τῇ
3323 3215 3427 3285 γὰρ
3458 3209 3613 3280 πολλῇ
3646 3211 3750 3279 περὶ
3777 3206 3876 3258 τοὺς

2316 3296 2503 3358 α”λλους
2531 3297 2801 3369 φιλοπονίᾳ
2848 3317 2901 3349 τε
2943 3304 3031 3349 καὶ
3062 3305 3337 3372 περιεργίᾳ
3368 3305 3461 3358 τήν
3497 3319 3545 3351 τε
3574 3300 3774 3369 ἔμφυτον
3800 3296 3873 3342 τοῦ

2315 3385 2469 3457 λόγου
2500 3392 2588 3438 καὶ
2620 3384 2991 3457 αὐτοσχέδιον,
3026 3390 3093 3449 ὡς
3124 3388 3183 3439 ἄν
3211 3408 3290 3451 τις
3344 3394 3502 3454 (inci,
3534 3390 3685 3460 χάριν
3717 3382 3875 3452 ἐλυμήο

2313 3495 2434 3527 νατο
2464 3481 2551 3527 καὶ
2597 3475 2795 3549 τέρψιν,
2845 3496 2935 3528 και
2978 3476 3049 3537 εἰς
3096 3482 3154 3529 τό
3201 3477 3555 3551 ἀσαφέστερον
3593 3469 3869 3549 περιέτρεψε,

2312 3564 2475 3616 πολλά
2500 3568 2589 3636 μεν
2617 3565 2961 3625 ἐπισκοτίζων
3004 3568 3381 3637 παρενθήκαις,
3425 3571 3532 3620 ἔνια
3562 3562 3608 3618 δ’
3643 3563 3873 3635 ἀφαιρέσει

2311 3659 2400 3705 καὶ
2427 3661 2517 3705 τοῦ
2550 3652 2854 3723 ἀναγκαίου.
2896 3657 2973 3706 Τά
3022 3651 3073 3706 δ’
3102 3655 3231 3707 ἄλλα
3277 3655 3329 3707 ἐν
3380 3660 3583 3716 τούτοις
3612 3657 3759 3705 κανών
3782 3648 3875 3699 ἐστι

2310 3747 2399 3795 καὶ
2432 3744 2639 3814 στάθμη
2670 3742 2825 3813 λόγου
2868 3743 3129 3798 Ἀττικοῦ.
3158 3744 3315 3797 Ἐστι
3345 3744 3406 3798 δε
3434 3742 3648 3817 δόκιμος
3671 3738 3752 3793 κάν
3778 3740 3872 3795 ταῖς

2311 3830 2627 3891 ἐπιστολαῖς.
2672 3832 2839 3884 Πολλά
2890 3828 2949 3884 δε
2988 3833 3147 3885 αὐτοῦ
3175 3840 3262 3885 καὶ
3294 3832 3610 3888 παντοδαπά
3641 3827 3872 3901 συγγράμ-

2309 3940 2451 3993 ματα
2480 3926 2705 3993 φέρεται.

3049 4012 3165 4075 ςΑ’.

2467 4097 2747 4172 Ἀρριανοῦ
2777 4100 2843 4149 τὰ
2865 4101 2999 4150 κατὰ
3033 4097 3373 4172 Ἀλέξανδρον
3406 4102 3455 4154 ἐν
3486 4102 3650 4172 λόγοις
3682 4096 3735 4159 ζ’.

2382 4185 2707 4257 Ἀνεγνωσθη
2777 4186 3050 4261 Ἀρριανοῦ
3125 4194 3201 4241 Td:
3267 4195 3405 4245 κατά
3460 4184 3786 4260 Ἀλέξανδρον
3833 4178 3869 4229 ἓν

2306 4275 2481 4347 λόγοις
2529 4276 2679 4342 ἑπτὰ,
2737 4276 2785 4327 ἐν
2833 4277 2905 4337 οἷς
2954 4274 3283 4351 διεξέρχεται
3330 4284 3428 4344 τάς
3476 4300 3530 4333 τε
3578 4280 3701 4351 πρὸς
3744 4272 3872 4326 Ἀθη·

1898 4428 2131 4483 VARI/E
2160 4428 2552 4485 LECTIONES.

1171 4579 1218 4613 εδ
1247 4584 1343 4630 τῶν
1372 4576 1614 4651 ῥωμαίων
1645 4576 1733 4651 Α..
1789 4576 1834 4610 ³⁷
1870 4578 1950 4628 ὅτι
1974 4592 2097 4651 om.
2130 4583 2194 4634 Α.

621 4587 668 4621 ³⁵
697 4588 787 4638 καὶ
811 4584 877 4636 τὰ
906 4580 1017 4645 ἑξῆς
1039 4602 1095 4645 ς.
1171 4580 1218 4613 ³⁸
1247 4584 1343 4630 τῶν
1372 4580 1614 4651 ῥωμαίων
1645 4580 1714 4630 A.
1789 4580 1834 4610 ³⁷
1870 4580 1950 4628 ὅτι
1974 4592 2097 4633 om.
2130 4583 2157 4633 Α

643 4674 778 4713 cum
813 4658 857 4710 A
886 4652 1061 4713 omisi
1087 4647 1615 4723 διαγινωσκομένους.
1694 4648 1737 4683 ³¹
1774 4648 2090 4723 Συγγράψας
2120 4672 2157 4715 ς

546 4678 615 4711 νει
643 4674 778 4713 cum
813 4658 857 4710 A
886 4652 1061 4713 omisi
1087 4647 1615 4723 διαγινωσκομένους.

2274 4582 2321 4616 ³⁸
2352 4582 2435 4633 τόν
2464 4587 2501 4633 Α
2538 4598 2549 4635 :
2580 4588 2678 4633 τῶν
2710 4602 2766 4646 ς.

2842 4583 2889 4617 ²⁹
2920 4602 2970 4635 τε
2992 4586 3047 4640 et
3076 4591 3136 4656 τῇ
3165 4599 3285 4640 om.
3317 4590 3379 4641 A.
3464 4586 3511 4620 ³⁰
3536 4589 3667 4641 ante
3688 4578 3877 4633 ἀπελαύ-

2106 4782 2340 4841 NOTAE.

542 4917 682 4975 inde
709 4913 1054 4986 ascriptum,
1104 4909 1235 4966 loco
1277 4922 1401 4963 non
1442 4922 1573 4975 suo,
1605 4907 1722 4962 huc
1754 4906 2187 4964 traducendum
2224 4916 2267 4970 D
2298 4910 2654 4986 rem._Quem
2675 4910 2816 4986 item
2839 4913 3669 4985 egregielaudat'l‘heodoret.
3694 4906 3878 4968 Eram“-

544 4995 689 5133 pugil
678 5004 817 5131 631a
855 5054 1109 5133 Butﬁno,
1143 5058 1288 5133 puta
1320 5070 1333 5133 ς
1365 5050 1567 5133 (ιυὶυειά
1593 5049 1748 5133 hanc
1791 5050 2001 5131 histor.
2041 5052 2188 5133 Lati-

543 5122 685 5189 nam
715 5122 756 5187 'a
786 5146 847 5185 se
874 5128 1113 5188 factam,
1144 5122 1435 5197 adjecisse
1460 5122 1641 5197 libros
1674 5123 1975 5197 decimum
2006 5131 2187 5197 atque

540 5204 953 5264 undecimum,
989 5197 1199 5267 legitur
1223 5193 1327 5269 'ap.
1386 5193 1650 5269 Gennad.
1686 5196 1769 5249 De
1805 5193 2186 5269 scriptoribus

538 5274 761 5330 Eccles.
794 5288 925 5342 cap.
965 5276 1023 5325 17
1045 5266 1069 5335 ξ
1101 5276 1157 5342 et
1182 5266 1431 5342 ipsemet
1465 5266 1669 5342 Ruﬁn.
1704 5266 2007 5336 proﬁtetur
2024 5268 2099 5320 ad
2121 5267 2184 5321 ti—

540 5361 674 5400 nem
706 5344 835 5399 libr.
864 5338 937 5397 ix.
966 5338 1392 5396 Eusebii—enim
1431 5354 1467 5392 x
1500 5338 1681 5392 libros
1712 5342 1772 5391 in
1797 5353 2011 5393 novem
2046 5353 2185 5393 con-

539 5422 815 5473 traxerat.

612 5484 1023 5559 (l7)Eumdem
1040 5484 1197 5559 hanc
1216 5486 1413 5559 statuo
1431 5480 1724 5559 Gelasium
1737 5494 1920 5550 quem
1935 5479 2181 5559 Niceph.

536 5552 638 5615 lib'.
668 5552 770 5623 xu,
800 5572 933 5627 cap.
958 5560 1040 5620 11,
1064 5554 1521 5627 interlaudatos
1554 5552 1875 5627 episcOpos
1904 5558 2182 5607 numerat

538 5622 774 5689 tertium
801 5622 893 5684 ab‘
906 5626 1155 5681 Eusebio
1188 5622 1540 5697 Phamphili,
1572 5629 1628 5679 et
1656 5622 1853 5679 Acacii
1883 5637 2183 5679 successo-

2296 4988 2392 5062 δίας
2414 4981 2553 5063 dial.
2574 4988 2634 5063 _t,
2664 4982 2849 5063 citata
2878 4981 3009 5063 ejus
3026 4988 3333 5063 Aconcione
3364 4988 3757 5063 apparit_io_nis
3784 4985 3875 5063 {)9-

2300 5052 2466 5118 mini,
2495 5056 2630 5131 etB.
2662 5051 2983 5131 Hieronl'in
3016 5058 3193 5113 Catal.
3229 5075 3363 5131 cap.
3402 5051 3486 5126 i3,
3522 5059 3617 5113 ubi
3648 5051 3873 5131 Eusebio

2299 5126 2655 5203 successisse
2680 5127 2909 5188 dicitur.
2933 5144 3113 5203 quem
3146 5122 3385 5202 Niceph.
3416 5122 3586 5203 quod
3613 5128 3743 5183 sede
3769 5122 3877 5196 pul-

2297 5196 2621 5275 sus_t"u.erit,
2656 5213 2779 5275 non_
2811 5196 3006 5275 retulit
3047 5200 3106 5255 in
3144 5196 3397 5275 Acens'um
3431 5196 3868 5275 episcoporum.

2377 5270 2456 5339 18)
2488 5270 2562 5321 De
2593 5284 2715 5339 quo
2749 5270 2912 5325 Suid.
2949 5273 3181 5339 legend.

2367 5338 2481 5410 (19)
2509 5338 2732 5395 Laudat
2780 5346 2837 5394 et
2868 5342 2988 5415 has
3014 5338 3337 5415 fEunapius
3363 5344 3427 5399 in
3470 5341 3698 5399 Libanii
3737 5339 3875 5399 Vita,

2294 5416 2831 5487 nosque_trecentas
2860 5411 2979 5467 fere
3010 5411 3257 5470 ineditas
3290 5418 3645 5487 reperimus.

2364 5482 2476 5551 (20)
2508 5484 2955 5538 ExstantGriece
2976 5492 3032 5540 et
3053 5489 3251 5542 Latine
3268 5482 3423 5543 abH.
3449 5482 3739 5545 S.excusi,
3757 5492 3875 5534 cum

2293 5553 2496 5609 Indica
2520 5553 2787 5621 historia,
2807 5570 2995 5629 quam
3021 5558 3207 5631 aliqui
3231 5560 3264 5613 8
3280 5559 3372 5615 hic
3395 5558 3624 5615 librum
3646 5554 3875 5612 faciunt.
