4036 6214
171 259 272 313 297
1352 254 1861 314 BIBLIOTHECA.
1899 285 1970 300 -
2007 257 2167 313 COD.
2210 256 2355 312 XCI.

3432 263 3538 320 298

164 389 341 444 ναίους
382 377 617 440 σπονδὰς
660 385 752 432 καὶ
787 384 911 442 τοὺς
946 381 1129 443 οῖλλους
1175 380 1449 446 Ἕλληνας,
1479 383 1606 457 ,ἄνευ
1657 386 1768 452 μέν·

1881 383 2048 437 sibus
2079 383 2427 454 caeterisque
2467 383 2700 450 Graecis,
2740 383 3205 444 Lacedaemoniis
3246 388 3532 460 exceptis,

166 492 244 524 τοι
295 467 753 542 Λακεδαιμονίων,
793 473 883 522 καὶ
923 475 1016 528 τὴν
1064 469 1148 522 ἐπὶ
1195 474 1290 528 τὴν
1326 472 1512 522 Ἀσίαν
1550 475 1771 542 περαίω-
1817 475 1848 482 ”

170 581 270 628 σιν,
315 563 457 620 ὅπως
490 578 543 610 τε
591 561 800 630 μάχαις
842 564 986 631 τρισὶ
1027 561 1073 594 ³³
1113 557 1501 631 κατεστρέψατο
1545 563 1768 633 Πέρσας,

169 653 213 701 ἓν
267 655 509 721 Γρανικῲ
584 649 675 718 μὲν
742 651 864 709 τοὺς
912 649 1182 720 σατράπας
1235 652 1467 720 Δαρείου,
1524 650 1771 721 στρατιὰν

167 743 391 808 ἄγοντας
447 733 770 808 δισμυρίους
816 739 906 806 μὶν
961 739 1153 802 ἱππεῖς,
1201 737 1392 798 πεζοὺς
1445 732 1504 788 δὲ
1541 739 1685 808 παρὰ
1724 738 1772 770 ⁸³

165 832 351 900 μικρὸν
399 828 573 888 ἴσους,
648 828 858 885 τούτους
935 827 1240 897 σύμπαντας
1315 826 1771 898 καταπολεμήσας,

167 916 403 985 ἐνἸσσῷ
460 911 520 966 δὲ
577 914 733 966 αὐτόν
787 933 840 966 τε
887 920 1094 987 Δαρεῖον
1142 919 1231 966 καὶ
1277 919 1395 975 τοὺς
1450 914 1575 986 ἀμφ’
1618 919 1772 966 αὑτὸν

168 1010 297 1056 κατά
337 1009 531 1076 κράτος
574 1002 910 1073 τρεψάμενος,
957 1010 1045 1055 καὶ
1099 1002 1365 1055 συλλαϐών
1396 1003 1770 1075 αἰχμαλώτους

166 1090 364 1156 παῖδάς
419 1112 474 1144 τε
519 1099 607 1143 καὶ
657 1092 821 1150 αὐτὴν
864 1101 1106 1162 γυναῖκα»
1145 1091 1191 1144 ἐν
1229 1092 1505 1167 Ἀρϐήλοις
1555 1090 1613 1145 δὲ
1653 1098 1770 1152 ἦτοι

163 1183 208 1234 ἐν
241 1181 618 1254 Γαυγαμήλοις
650 1180 723 1242 εἰς
770 1181 906 1240 τέλος
954 1181 1108 1233 αὐτὸν
1153 1180 1456 1242 ἐκνικήσας,
1501 1181 1673 1242 ’Ὀπως
1717 1203 1769 1235 τε

162 1277 360 1343 φῖᾶγων
409 1278 624 1340 Δαρεῖος
681 1270 782 1321 υπὸ
840 1277 939 1320 τῶν
999 1271 1196 1321 οἰκείων
1251 1269 1494 1342 ἀνῃρέθη,
1557 1269 1768 1345 ἀνερρή-

162 1364 220 1417 Θη
278 1358 340 1412 δὲ
397 1359 511 1410 ἀντ’
558 1358 720 1409 αὐτοῦ
770 1359 869 1410 ὑπὸ
913 1368 1010 1409 τῶν
1062 1364 1180 1433 περὶ
1223 1359 1378 1411 αὑτὸν
1424 1360 1492 1420 εἰς
1543 1358 1769 1432 βασιλέα

161 1457 368 1511 Βῆσσος
404 1471 416 1481 ο
449 1454 588 1508 ὅπως
617 1467 672 1499 τε
703 1447 918 1520 ὕστερον
965 1455 1165 1504 Βῆσσον
1215 1445 1554 1520 Ἀλέξανδρος
1599 1447 1766 1500 λαϐὼν

156 1549 244 1600 τὶς
300 1540 375 1598 εἰς
435 1545 646 1610 Δαρεῖον
697 1537 888 1608 τόλμης
943 1537 1245 1595 ἐλωϐήσατὸ
1302 1557 1355 1590 τε
1413 1543 1501 1590 καὶ
1555 1537 1762 1593 ἀνεῖλεν.

161 1630 269 1680 Ἐτι
297 1647 353 1679 τε
385 1631 528 1688 ὅπως
568 1627 615 1677 ἐν
646 1628 854 1698 μάχαις
890 1624 1224 1699 Ἀλέξανδρος
1265 1628 1478 1687 ἑπτάκις
1523 1627 1718 1701 ἐτρώθη
1751 1648 1762 1660 ο

1879 471 2074 527 foedus
2098 472 2358 535 inivisse,
2379 487 2448 527 ac
2487 472 2779 529 dehincin
2802 475 3000 531 Asiam
3039 475 3357 547 trajecisse,
3388 492 3534 549 pro:-

1878 557 2090 630 liisque
2114 562 2315 615 Persas
2337 559 2599 632 fregisse,
2621 569 2676 618 et
2701 564 2775 618 ad
2802 565 3121 620 Granicum
3151 564 3398 636 quidem
3429 565 3537 622 Da-

1880 648 1947 702 rii
1970 649 2479 721 satrapas,copias
2513 651 3075 724 ducentesequitum
3089 653 3296 724 viginti
3327 653 3533 722 millia,

1882 737 2108 808 pedites
2140 752 2290 807 pene
2321 739 2585 804 totidem,
2613 755 2824 796 omnes
2848 740 3173 796 debellasse
3200 760 3213 797 :
3239 742 3317 797 ad
3344 750 3536 799 Issum

1880 841 2020 880 vero
2052 827 2290 881 Darium
2305 843 2440 882 cum
2460 830 2718 883 exercitu
2744 829 2966 884 fudisse
2989 832 3368 903 fugasseque,
3391 837 3450 887 et
3468 831 3533 886 li-

1879 913 2075 979 beros,
2111 922 2288 986 atque
2310 915 2462 972 adeo
2489 933 2730 972 uxorem
2761 919 3014 989 cepisse.
3039 918 3100 974 ln
3120 919 3368 984 Arbelis,
3407 919 3534 975 sive

1881 1003 1940 1058 in
1973 1004 2352 1073 Gaugamelis
2378 1005 2621 1061 tandem
2648 1008 2910 1078 etipsum
2935 1007 3174 1063 Darium
3199 1024 3532 1079 superasse,

1879 1097 1933 1148 et
1961 1092 2122 1148 hunc
2156 1093 2480 1163 fugientem
2513 1110 2548 1149 a
2574 1095 2694 1150 suis
2724 1097 2985 1151 occisum
3030 1112 3181 1152 esse.
3209 1097 3534 1153 Suﬂ‘ectum

1877 1177 2093 1238 deinde
2124 1182 2200 1238 ab
2224 1183 2429 1237 iisdem
2481 1183 2542 1238 in
2575 1184 2728 1239 Darii
2757 1184 2958 1240 locum
3006 1201 3208 1255 regem
3263 1188 3529 1253 Bessum,

1875 1287 2040 1342 reque
2055 1271 2441 1341 postmodum
2455 1273 2532 1328 ab
2546 1273 2881 1329 Alexandro
2893 1279 3154 1345 captum,
3173 1279 3228 1330 et
3251 1275 3329 1329 ob
3351 1275 3536 1331 auda-

1875 1373 2006 1413 cem
2035 1359 2095 1412 in
2132 1360 2370 1414 Darium
2397 1361 2949 1430 injuriamludibrio
2975 1362 3272 1430 affectum,
3295 1366 3533 1435 vitaque

1876 1447 2195 1519 privatum.
2238 1449 2458 1503 Adhaec
2497 1449 2716 1520 septies
2760 1450 3164 1506 Alexandrum
3221 1452 3372 1506 inter
3428 1467 3534 1524 pu-

1875 1537 2182 1606 gnandum
2217 1536 2396 1590 fuisse
2430 1536 2827 1605 vulneratum,
2849 1539 3165 1610 regiasque
3189 1538 3245 1594 in
3281 1540 3528 1609 Pagasis

1875 1641 2020 1696 opes
2051 1625 2359 1680 sustulisse
2390 1627 2525 1694 (2t).
2561 1629 2703 1680 Cum
2738 1627 2876 1681 item
2912 1643 3260 1698 persuasum
3291 1628 3341 1683 ei
3375 1633 3532 1684 esset

157 1724 242 1768 καὶ
275 1721 411 1776 ὅπως
441 1717 545 1768 εἷλε
590 1718 655 1766 τὰ
685 1719 732 1766 ἐν
787 1718 1054 1785 Ιῖαγάσαις
1093 1715 1140 1748 ³⁴
1173 1713 1420 1786 βασίλεια
1461 1722 1720 1790 χρήματα
1751 1738 1762 1749 ο

1881 1713 2162 1768 Philotam
2192 1714 2436 1769 insidias
2463 1714 2675 1778 moliri,
2703 1731 2839 1769 cum
2873 1723 3112 1786 parente
3144 1717 3530 1772 Parmenione

159 1813 243 1858 καὶ
286 1810 371 1858 ὁτι
419 1807 661 1864 πεισθεὶς
714 1806 784 1865 ὡς
819 1803 1042 1864 Φιλώτας
1091 1808 1167 1861 εἰη
1216 1803 1411 1876 βουλὴν
1453 1811 1564 1856 κατ’
1608 1805 1767 1858 αὐτοῦ

157 1896 402 1967 μελετῶν,
437 1893 632 1946 ἀνεῖλεν
665 1894 821 1944 αὑτὸν
861 1913 912 1944 τε
942 1899 1030 1945 καὶ
1064 1899 1150 1944 τὸν
1177 1899 1376 1968 πατέρα
1410 1900 1764 1967 Παρμενίωνα.

156 1985 388 2054 Ἐγένετο
447 1980 509 2034 δὲ
580 1988 669 2034 καὶ
728 1991 826 2034 τῶν
885 1979 1178 2054 Σογδιανῶν
1233 1980 1512 2055 βασιλείων
1568 1987 1768 2058 κύριος

159 2081 248 2124 καὶ
297 2074 510 2133 Σκύθας
568 2068 627 2123 δὲ
676 2075 798 2132 τοὺς
845 2070 894 2122 ἐν
935 2079 997 2144 τῇ
1047 2071 1204 2144 Ἀσίᾳ
1247 2075 1400 2144 μάχη
1460 2073 1765 2147 ἐκράτησεν.

156 2162 338 2223 Ὀπως
388 2180 446 2214 τε
502 2165 562 2213 τὸ
612 2168 702 2211 τοῦ
755 2160 965 2212 Κλείτου
1013 2162 1237 2232 πάθημα
1277 2169 1349 2231 τῷ
1382 2163 1428 2196 ³⁵
1459 2171 1600 2232 ποτῷ
1641 2183 1770 2235 παρ-

160 2253 462 2322 ενεχθέντος
495 2245 843 2323 Ἀλεξάνδρου
886 2247 1094 2311 συνέϐη,
1141 2255 1230 2301 καὶ
1279 2251 1384 2301 οἷον
1431 2253 1611 2312 πένθος
1651 2250 1770 2303 ἀνα-

155 2341 328 2411 νήψας
376 2335 704 2400 ἐπεδείξατο.
762 2337 878 2390 Ἐτι
927 2335 986 2390 δὲ
1032 2344 1121 2391 καὶ
1179 2340 1207 2396 ἡ
1262 2338 1316 2390 ἐκ
1376 2336 1582 2391 παίδων
1653 2339 1767 2392 κατ’

155 2424 510 2499 Ἀλεξάνδρου
582 2425 851 2491 ἐπιϐουλὴ,
925 2432 1013 2478 καὶ
1066 2429 1095 2485 ἡ
1170 2427 1252 2480 ἐπὶ
1304 2430 1469 2499 τούτῳ
1535 2429 1766 2490 κολασις.

152 2517 336 2579 Ὀπως
371 2536 426 2568 τε
467 2518 498 2574 ἡ
535 2515 584 2566 ἐν
630 2523 692 2587 τῇ
742 2512 996 2588 Σογδιανῇ
1043 2521 1209 2590 πέτρα
1256 2516 1385 2568 ἑάλω
1433 2523 1521 2569 καὶ
1561 2520 1590 2576 ἡ
1635 2523 1765 2590 γυνὴ

154 2607 478 2681 Ὀξυάρτου,
533 2606 591 2664 ὃς
645 2608 841 2666 ταύτης
891 2614 978 2665 τῆς
1023 2611 1206 2678 χώρας
1251 2604 1542 2658 ἐϐασίλευεν
1594 2628 1606 2639 ο
1643 2606 1770 2658 ἀλλὰ

154 2700 248 2748 καὶ
302 2699 330 2753 ἡ
397 2697 640 2767 Θυγάτηρ
707 2693 950 2760 Ῥωξάνη,
1028 2693 1089 2752 ἣν
1157 2694 1371 2767 ὕστερον
1431 2693 1770 2771 Ἀλέξανδρος

155 2790 332 2856 γάμου
382 2791 527 2854 νόμῳ
579 2791 806 2853 γυναῖκα
857 2783 1100 2854 ἠγάγετο.
1168 2788 1263 2836 Καὶ
1319 2787 1387 2844 ὡς
1437 2781 1770 2859 Ἀλέξανδρος

157 2874 216 2925 ἐκ
267 2877 517 2945 Βάκτρων
578 2871 657 2923 ἐπὶ
721 2868 920 2932 Ἰνδοὺς
972 2872 1160 2933 ἐλάσας
1227 2875 1433 2944 μάχαις
1490 2872 1764 2946 ἐκράτησε,

158 2983 248 3014 και
299 2962 479 3022 πόλεις
510 2961 680 3012 αὐτῶν
712 2961 982 3033 πολιορκία
1019 2961 1207 3023 πολλὰς
1253 2963 1380 3014 εἶλεν
1415 2983 1427 2994 ·
1462 2965 1512 3013 ἐν
1561 2964 1632 3023 οἷς
1679 2968 1768 3015 καὶ

1805 1811 1838 1828 ’-
1878 1802 2350 1858 interﬁciendum
2381 1803 2573 1874 ipsum
2605 1820 2866 1870 curasse,
2899 1805 3338 1874 Sogdianorum
3378 1822 3530 1878 quo-

1879 1907 1995 1963 que
2025 1907 2346 1961 regnorum
2378 1894 2628 1963 potitum
2658 1908 2806 1957 esse,
2829 1893 2990 1963 68a
3021 1900 3076 1948 et
3105 1895 3255 1950 Asiae
3284 1895 3532 1967 Scythas

1878 1981 2087 2052 prcelio
2111 1981 2334 2036 vicisse.
2355 1981 2566 2036 Clitum
2593 1981 2670 2036 ab
2703 1981 3035 2038 Alexandro
3070 1989 3214 2054 potu
3231 1989 3528 2056 correpto,

1878 2074 2322 2144 interemptum,
2344 2085 2756 2141 magnumque
2774 2085 2910 2125 mox
2927 2086 3065 2126 eum
3088 2071 3244 2136 facti,
3265 2077 3328 2129 ut
3346 2074 3424 2128 ad
3442 2088 3534 2128 so-

1878 2160 2193 2216 brietatem
2232 2159 2505 2227 redierat,
2538 2173 2856 2214 maerorem
2899 2159 3264 2215 ostendisse:
3298 2161 3374 2214 ad
3406 2159 3536 2214 haec

1879 2256 1936 2305 et
1982 2247 2319 2304 Alexandro
2369 2263 2405 2304 a
2457 2247 2656 2319 pueris
2719 2251 2974 2304 structas
3033 2248 3216 2304 fuisse
3259 2248 3534 2318 insidias,

1879 2355 2212 2412 poenasque
2273 2339 2493 2393 idcirco
2539 2339 2855 2406 irrogatas.
2900 2338 3133 2394 Petram
3179 2339 3344 2395 illam
3391 2339 3530 2410 (22),

1878 2444 2013 2500 qua:
2045 2429 2104 2483 in
2136 2428 2438 2496 Sogdiaua
2467 2427 2706 2496 regione
2731 2431 2840 2494 est,
2872 2434 3231 2500 occupatam
3262 2435 3414 2494 esse,
3442 2443 3539 2484 ca-

1880 2523 1984 2588 pta
2032 2518 2292 2588 Oxyarti,
2320 2516 2423 2587 qui
2453 2515 2679 2586 regioni
2712 2514 2790 2570 illi
2828 2515 3223 2586 imperitabat,
3255 2517 3532 2586 conjuge,

1883 2622 2001 2660 una
2031 2622 2166 2660 cum
2200 2607 2446 2659 Roxana
2475 2603 2618 2668 tilia,
2651 2619 2836 2674 quam
2866 2610 3000 2674 post
3029 2604 3357 2660 Alexander
3388 2618 3535 2660 uxo-

1878 2711 2005 2750 rem
2031 2695 2135 2749 rite
2171 2695 2420 2748 duxerit.
2453 2691 2862 2747 Alexandrum
2893 2708 2963 2747 ex
2996 2693 3216 2748 Bactris
3248 2693 3325 2748 ad
3358 2691 3536 2748 ludos

1879 2783 2232 2856 profectum,
2255 2795 2458 2852 pugna
2483 2780 2613 2835 illos
2651 2795 2985 2851 superasse,
3009 2781 3306 2852 urbesque
3327 2796 3536 2836 eorum

1880 2871 2168 2944 plurimas
2197 2868 2511 2924 obsidione
2553 2869 2814 2939 cepisse:
2844 2867 2904 2922 in
2932 2868 3022 2923 his
3062 2873 3118 2923 et
3146 2871 3344 2925 Aorno
3375 2873 3535 2940 (quas

1878 2960 2112 3030 dicitur)
2144 2963 2456 3028 occupata,
2488 2957 2545 3011 in
2576 2957 2984 3012 Asacanorum
3017 2957 3386 3029 provinciam
3420 2957 3532 3029 ('23)

159 3059 253 3109 τὴν
303 3051 631 3121 καλουμένην
683 3049 901 3124 Ἀορνον
957 3049 1266 3124 παραλαϐὼν
1316 3049 1383 3111 εἰς
1434 3056 1527 3109 τὴν
1569 3053 1768 3105 Ἀσκά-

1882 3050 2240 3121 pervenisse.
2285 3046 2546 3103 Navibus
2575 3051 2864 3118 praeterea
2911 3045 3056 3101 Indo
3093 3045 3341 3103 ﬂumine
3390 3061 3537 3102 con-

157 3162 256 3191 νων
297 3143 348 3174 ⁸⁸
377 3147 567 3211 χώραν
596 3137 851 3210 ἐμϐάλλει.
883 3139 1142 3211 Ἐζευχθη
1179 3135 1238 3190 δε
1264 3139 1401 3209 αὐτῷ
1432 3145 1522 3192 καὶ
1548 3142 1573 3192 ὁ
1603 3138 1772 3203 Ἰνδὸς

157 3237 396 3302 ποταμὸς
448 3229 671 3292 πλοίοις,
727 3234 816 3281 καὶ
875 3225 1065 3291 διαϐὰς
1121 3236 1297 3304 Πῶρον
1356 3249 1408 3282 τε
1451 3235 1538 3282 τὸν
1594 3229 1770 3284 Ἰνδῶν

159 3320 393 3392 .Sam‘u'a
446 3317 652 3374 ἐνίκησε
701 3324 801 3388 μιᾷ
845 3321 997 3391 μάχῃ
1048 3324 1139 3370 καὶ
1198 3316 1296 3370 εἷλε
1350 3319 1601 3392 ζωγρίαν,
1659 3319 1770 3373 εἶτα

155 3417 248 3462 καὶ
309 3408 814 3480 φιλογρονησάμενος
886 3407 1128 3459 πλειονων
1198 3410 1384 3482 ἄρχειν
1439 3409 1468 3467 ἦ
1545 3411 1767 3484 πρόσθεν

159 3497 345 3550 ἔδωκε.
395 3500 548 3566 Λέγει
593 3492 649 3548 δι
693 3499 774 3548 ὅτι
817 3498 866 3548 οἱ
915 3493 1070 3548 Ἰνδοὶ
1107 3503 1356 3569 ποταμοὶ,
1408 3499 1640 3572 καθάπερ
1679 3503 1768 3551 καὶ

161 3587 425 3651 οΝείλος,
484 3585 663 3658 Θέρους
708 3589 800 3657 μὲν
851 3584 1114 3652 αὔξονται,
1163 3595 1426 3658 χειμῶνος
1467 3583 1526 3638 δὲ
1568 3595 1767 3659 μειοῦν-

159 3696 266 3728 ται.
332 3671 682 3745 Διαλαμϐάνει
735 3670 795 3726 δι
843 3680 932 3726 καί
999 3675 1138 3737 ὅπως
1189 3674 1339 3727 ἄλλον
1390 3679 1505 3727 τινα
1565 3682 1763 3749 Πῶρον,

161 3776 250 3818 και
306 3765 466 3816 αὑτὸν
532 3758 706 3814 Ἰνδων
765 3761 1132 3835 βασιλεύοντα,
1187 3763 1240 3814 ὃν
1290 3770 1377 3817 καὶ
1430 3764 1500 3826 εἰς
1580 3771 1766 3818 κακίαν

163 3854 351 3906 ἐλάσαι
375 3854 536 3923 λέγει,
574 3862 752 3904 τουτον
784 3850 988 3904 διώκων
1019 3849 1359 3926 Ἀλέξανδρος
1408 3857 1495 3904 τὸν
1541 3851 1769 3928 Ὑδραώ-

163 3962 255 3999 την
304 3944 352 3976 ³⁷
405 3946 639 4014 ποταμὸν
693 3940 1006 4012 ἐπεραιώθη,
1047 3946 1135 3992 καὶ
1185 3945 1306 4003 τοὺς
1353 3945 1515 4015 ταύτῃ
1571 3943 1770 3995 οἰκοῦν-

165 4051 254 4091 τας
305 4028 507 4092 Ἶνδοὺς
559 4031 905 4104 ἐχειρώσατο,
946 4035 1030 4082 καὶ
1078 4028 1209 4102 [122
1384 4031 1555 4091 πόλεις
1603 4032 1768 4084 αὐτῶν

166 4120 395 4191 μεγάλας
453 4126 541 4171 καὶ
593 4119 1028 4192 πολυανθρώπους
1083 4118 1494 4192 ἐκπολιορκήσας
1551 4121 1635 4173 ἐπὶ
1685 4125 1769 4173 τόν

164 4209 387 4280 Ὕφασιν
450 4211 681 4280 ποταμὸν
757 4207 965 4279 ἐχώρει.
1029 4209 1166 4260 Ἐπεὶ
1230 4206 1289 4260 δὲ
1346 4207 1632 4262 διαϐαίνειν
1681 4215 1770 4262 καὶ

165 4307 348 4349 τοῦτον
404 4294 753 4370 Ἀλέξανδρος
823 4295 952 4368 [213
1010 4295 1101 4368 3.]
1155 4297 1372 4368 ἔμελλεν,
1453 4298 1504 4360 ἐς
1580 4303 1768 4351 στάσιν

169 4386 377 4444 ἐνικήθη
439 4391 500 4437 τὸ
550 4386 761 4448 πλῆθος,
791 4385 850 4436 οὐ
895 4389 1123 4458 φέροντες
1170 4387 1246 4437 ἔτι
1287 4390 1410 4446 τοὺς
1459 4392 1640 4446 πόνους
1679 4390 1768 4437 καὶ

169 4483 259 4532 τήν
313 4478 598 4550 ἀπέραντον
635 4475 971 4547 ἐκστρατείαν
1023 4496 1036 4508 ·
1079 4480 1168 4528 καὶ
1216 4483 1372 4528 τσῡτο
1421 4479 1586 4528 αἴτιον
1625 4475 1767 4530 Ἀλε-

173 4562 372 4637 ξέ-ιδρῳ
430 4573 524 4626 τῆς
570 4564 656 4616 ἀπ’
705 4560 884 4618 Ἰνδῶν
935 4565 1270 4637 ὑποστροφῆς
1316 4566 1566 4623 κατέστη.
1612 4565 1690 4618 Ἐν

173 4663 257 4706 καί
303 4658 329 4706 ὁ
384 4658 624 4727 πέμπτος
702 4661 787 4706 τοῦ
851 4659 1189 4728 συγγραφέως
1250 4653 1670 4729 ἀποπερατοῦται
1721 4653 1768 4688 ⁸⁸

172 4743 337 4815 λόγος.

237 4834 634 4906 ’Υποστρίφοντε
707 4829 768 4885 δι
818 4829 1161 4905 Ἀλεξάνδρῳ,
1221 4835 1288 4896 ὡς
1346 4835 1372 4886 ὁ
1436 4835 1577 4895 ἕκτος
1631 4835 1768 4898 ὑπο-τ

173 4921 414 4994 λαμϐάνει
464 4923 642 4994 λόγος,
696 4924 876 4994 μάχαι
931 4940 986 4975 τε
1033 4921 1173 4994 αὐτῷ
1219 4927 1309 4976 καὶ
1352 4929 1494 4976 νῖκαι
1539 4928 1772 4996 γίνονται

1880 3144 2084 3204 strato,
2116 3135 2438 3207 trajecisse,
2471 3139 2526 3190 et
2572 3136 2789 3191 Porum
2830 3133 3112 3191 ludorum
3156 3149 3360 3205 regem
3412 3151 3532 3192 uno

1879 3228 2182 3284 devictum
2197 3223 2631 3298 prcelio,vivum
2647 3213 3358 3298 cepisse,humaniterque
3375 3241 3538 3282 com-

1879 3319 2144 3392 plexum,
2162 3316 2336 3371 latius
2369 3315 2548 3370 etiam
2569 3328 2755 3386 quam
2781 3319 2957 3370 antea
2982 3328 3234 3384 regnare
3258 3313 3533 3385 jussisse.

1879 3408 2057 3463 Indos
2072 3404 2311 3470 ﬂuvios,
2330 3418 2451 3459 non
2473 3418 2642 3458 secus
2664 3415 2844 3474 atque
2870 3401 3062 3458 Nilum
3085 3407 3286 3459 aestate
3306 3403 3533 3474 augeri,

1878 3497 2074 3554 hieme
2123 3510 2262 3550 vero
2308 3493 2495 3549 minui
2557 3496 2870 3548 memorat.
2916 3490 3109 3548 Refert
3160 3493 3302 3549 item
3346 3491 3529 3549 alium

1876 3586 2204 3660 quemdam
2223 3587 2458 3650 Porum,
2480 3582 2638 3637 Indis
2655 3597 2890 3654 quoque
2907 3581 3324 3653 imperantem,
3347 3595 3533 3654 quem

1877 3681 1936 3732 et
1969 3675 2375 3730 facinorosum
2407 3671 2588 3726 fuisse
2631 3669 2725 3726 ait.
2759 3670 3165 3726 Alexandrum
3199 3686 3335 3726 vero
3379 3671 3534 3726 dum

1877 3767 2036 3822 hunc
2084 3762 2474 3835 persequitur,
2513 3759 2830 3832 Hydaspen
2864 3757 3117 3815 ﬂuvium
3166 3759 3532 3825 transivisse,

1878 3855 1927 3926 ej
1940 3868 2127 3925 usque
2148 3849 2384 3906 accolas
2401 3848 2579 3903 Indos
2598 3847 2756 3908 bello
2781 3863 3101 3919 superasse
3123 3846 3368 3902 :horum
3384 3862 3537 3918 quo-

1878 3959 1994 4016 que
2024 3939 2250 4013 oppida
2279 3938 2563 4007 ingentia,
2593 3942 2646 3992 et
2677 3936 3012 4008 frequenter
3048 3936 3318 3992 habitata
3348 3940 3533 3992 armis

1878 4032 2127 4103 cepisse,
2176 4025 2614 4096 tetendisseque
2662 4040 2842 4096 porro
2907 4025 2985 4079 ad
3035 4023 3363 4096 Hyphasim
3414 4027 3529 4096 (24)

1881 4121 2169 4176 ﬂumen:
2238 4114 2403 4187 quod
2474 4115 2623 4168 dum
2712 4114 3110 4168 transmittere
3198 4113 3534 4170 Alexander

1881 4214 2134 4283 pararet,
2165 4201 2509 4261 tumultuari
2547 4200 2790 4258 militem
2817 4202 3087 4274 coepisse,
3120 4203 3286 4274 quod
3312 4218 3421 4258 nec
3450 4203 3532 4260 la-

1881 4301 2056 4354 bores
2085 4293 2359 4351 assiduos
2391 4295 2679 4355 toleraret,
2714 4306 2823 4346 nec
2864 4291 2997 4346 belli
3026 4290 3530 4363 quietem,ﬁnem-

1879 4402 1996 4460 que
2035 4381 2428 4456 expeditionis
2457 4380 2702 4436 videret.
2734 4383 2852 4437 Hac
2883 4379 2958 4436 de
2983 4396 3186 4444 causa,
3214 4379 3419 4437 relicta
3444 4381 3529 4438 lu-

1879 4477 1999 4540 dia,
2031 4472 2242 4530 reverti
2263 4478 2536 4528 coactum
2567 4470 2990 4535 Alexandrum,
3016 4473 3205 4542 Atque
3235 4470 3330 4526 hic
3359 4471 3532 4543 quin-

1882 4571 2007 4622 tum
2032 4564 2252 4620 librum
2282 4561 2531 4634 scriptor
2561 4560 2795 4617 clausit.

1954 4834 2127 4890 Sexto
2168 4831 2368 4904 itaque
2397 4829 2570 4896 libro,
2603 4825 2942 4900 frequentes
2968 4823 3045 4883 ab
3074 4825 3412 4885 Alexandro
3439 4845 3531 4886 re-

1880 4923 2100 4979 deunte
2114 4935 2358 4994 pugnas
2386 4935 2522 4975 cum
2549 4919 2717 4974 hoste
2740 4915 3121 4982 commissas,
3145 4917 3532 4992 ingentesque

1520 5075 1748 5132 nam;
1785 5053 2195 5132 LECTI'ONES.

241 5203 284 5237 ³²
307 5205 478 5276 τρισὶν
507 5204 556 5256 Α
582 5218 595 5256 :
620 5205 734 5276 τισί
755 5220 812 5276 ς.
889 5201 936 5235 ⁸³
968 5202 1112 5276 παρὰ
1201 5203 1390 5276 Δζηιιατόι
1412 5223 1468 5267 ς.

1548 5201 1595 5236 ³⁸
1629 5197 2013 5274 Πασασγάρδαις
2032 5199 2330 5274 Schottus.

2411 5197 2457 5232 ³⁸
2485 5203 2556 5266 τῷ
2587 5197 2634 5250 Α
2667 5211 2680 5250 :
2708 5202 2801 5247 τοῦ
2821 5200 2893 5265 τῷ
2926 5214 2982 5259 ς.
3061 5194 3107 5228 ³⁸
3138 5193 3440 5246 Ἀσακάνων
3475 5214 3510 5258 ς

167 5273 214 5306 π
238 5257 531 5343 Ὑδραώτην
563 5281 604 5327 Α
637 5289 654 5328 .~
684 5257 957 5331 Ὑδάσπην
987 5257 1052 5340 ςί
1124 5275 1170 5309 η
1200 5273 1335 5330 libri
1368 5257 1765 5348 ἀποπεραιοῦτα

1881 5272 1908 5330 r.
1941 5257 2092 5345 pia.
2121 5272 2246 5337 eoo,
2279 5270 2424 5324 ima.
2451 5257 2577 5337 ηοξ,
2605 5270 2656 5323 9.
2691 5270 2816 5334 905,
2849 5257 2941 5322 46.

1747 5399 1972 5458 ΝΟΤΑΕ.

247 5529 341 5609 (2-1)
373 5525 646 5609 Emenda
673 5539 754 5609 ex.
789 5525 980 5593 editis,
1014 5530 1071 5584 et
1106 5541 1179 5584 ex
1205 5527 1421 5594 Strab.,
1457 5527 1761 5601 Stephano

173 5601 234 5652 et
260 5600 400 5676 aliis,
429 5598 812 5678 Pasagardis.

245 5673 344 5746 (22)
372 5674 440 5739 0.
474 5673 705 5728 Curtius
734 5676 1002 5729 extremo
1028 5668 1134 5729 lib.
1176 5686 1296 5729 vru.

453 5779 693 5837 ΡΛτιιοι..
736 5779 840 5839 GR.
882 5775 1023 5836 CIII.

1944 5523 2058 5598 (23)
2089 5525 2178 5598 Al.
2200 5522 2607 5598 Ascanorum.

1945 5589 2056 5668 (-24)
2085 5595 2171 5668 Al.
2198 5593 2473 5668 Hypasis,
2507 5597 2571 5668 ut
2601 5589 2744 5668 Plin.
2773 5595 2829 5648 et
2861 5589 3252 5667 Solinoﬁltem
3283 5589 3532 5649 Ptolem.

1873 5663 2148 5742 By'odsis,
2177 5663 2459 5722 et'Strab.
2496 5663 2792 5735 Hypanis.

3193 5773 3258 5829 Ui
