4036 6214
195 293 263 350 301
1276 271 1771 334 BIBLIOTHELA.
1801 307 1866 318 ——
1898 277 2057 334 COD.
2091 270 2308 334 XCXll.

3355 279 3462 338 302

189 423 303 491 μόνον
327 391 500 466 rigeant
528 411 692 474 θεοὺς,
727 405 958 482 Οὐρανόν
980 409 1072 456 καὶ
1099 407 1363 457 Διόνυσον.
1400 407 1502 456 Καὶ
1535 409 1693 458 ταῦτα

1809 407 2004 472 ornat,
2024 409 2088 462 ut
2102 405 2163 461 in
2183 405 2412 462 Arabas
2436 404 3103 463 moturus'multitudine
3121 406 3467 466 innumera-

188 501 642 570 παρασκευαζόμενος,
667 501 758 549 καὶ
808 504 899 555 τῆς
945 499 1100 546 νόσου
1132 488 1240 551 ἢδη
1294 487 1696 565 ἕπικρατούσης,

189 563 367 646 καταλύει
392 563 625 661 τὸν-βίον.
647 586 710 640 ’Β
743 583 803 638 δι
832 585 1034 641 τελευτὴ
1066 581 1192 655 [123
1217 582 1306 652 Η.]
1341 563 1499 634 αὐτοῦ
1529 582 1702 644 ἄλλοις

183 683 304 742 ἄλλως
327 680 700 752 ἀναγέγραπται,
733 679 824 727 καὶ
863 672 1046 726 πολλαὶ
1080 675 1198 746 περὶ
1223 670 1387 731 αὐτῆς
1407 673 1455 707 ⁸6
1487 671 1705 742 ἐξηνέχ-

184 777 307 830 θησαν
349 765 624 839 διαγωνίαι.
685 763 844 818 Ἐϐίω
893 760 951 815 δι
1095 766 1186 813 καὶ
1232 760 1278 812 λ’
1333 765 1443 824 ἔτη,
1474 765 1564 812 καὶ
1610 768 1703 812 τοῦ

177 866 308 931 τρίτου
349 867 490 931 μῆνας
542 852 780 907 ἑπελαϐεν
811 852 945 904 ὀκτώ
988 872 1001 885 ·
1050 849 1350 903 ἐϐασίλευσε
1401 847 1460 903 δὲ
1510 853 1704 902 τούτων

179 954 263 1011 τοὺς
287 946 460 1000 τεόκτὼ
492 952 662 1016 μῆνας
707 947 798 995 καὶ
833 944 916 1000 ἔτη
957 939 1054 1013 ιβ’.
1089 939 1317 993 Ἐπαινεῖ
1345 935 1403 992 δὲ
1433 939 1590 991 αὐτὸν
1621 937 1704 991 ἐπὶ

175 1043 316 1098 πάσαις
337 1032 510 1108 σχεδόν
539 1053 593 1086 τι
617 1041 736 1095 ταῖς
767 1031 972 1104 ἀρεταῖς
992 1030 1037 1090 ἐς
1061 1037 1127 1082 τὰ
1156 1029 1387 1101 μάλιστα
1416 1030 1441 1081 ό
1474 1039 1713 1102 συγγρα⁴¹

173 1119 678 1199 φεύς.1ἰαὶόὲϐδομος
729 1121 1082 1193 ἀπαρτίζεται
1126 1119 1294 1190 λόγος,
1333 1120 1386 1171 ὃν
1425 1115 1703 1189 ὶκδέχεται

167 1215 322 1286 βιϐλίον
347 1214 405 1280 ἓν,
443 1214 466 1271 ὂ
503 1208 725 1269 Ἰνδική.

689 1387 817 1462 [214
846 1386 920 1460 Β]
947 1408 982 1451 ς
1007 1385 1094 1443 Β’.

280 1488 366 1533 Τοῦ
389 1480 536 1533 αὐτοῦ
571 1481 639 1530 τὰ
667 1479 801 1550 μετὰ
830 1471 1191 1549 Ἀλέξανδρον,
1221 1473 1268 1526 ἓν
1292 1473 1466 1545 λόγοις
1497 1472 1552 1530 ι’.

211 1642 457 1713 Συνεγροίφη
511 1637 576 1692 δὲ
633 1638 773 1708 αὖτῷ
825 1643 914 1689 καὶ
957 1640 1034 1690 Τὰ
1089 1638 1218 1708 μετὰ
1264 1629 1603 1704 Ἀλέξανδρον

1809 494 1977 560 biles,
2005 495 2108 567 qui
2134 495 2287 550 duos
2307 494 2598 552 duntaxat
2617 495 2781 562 deos,
2809 494 3036 552 Caelum
3064 501 3122 552 et
3144 497 3464 565 Bacchum,

1811 584 2088 640 colerent.
2121 585 2256 640 Haec
2293 585 2439 641 dum
2468 589 2784 658 praparat,
2812 586 2872 641 vi
2900 585 3092 642 morbi
3124 591 3464 658 superatus,

1812 675 1932 730 vita
1970 673 2243 731 decessit.
2279 677 2357 730 De
2394 674 2526 745 ejus
2564 689 2812 730 excessu
2847 673 2993 731 varii
3021 675 3182 731 varie
3219 676 3468 748 scripseé

1811 768 1970 834 runt,
2014 763 2320 836 multaque
2350 764 2527 820 etiam
2557 763 2886 836 pugnantia
2918 764 3309 836 prodiderunt
3329 765 3469 838 (33).

1813 851 1969 907 Vixit
1995 867 2187 908 annos
2227 853 2380 909 duos
2411 869 2596 925 supra
2625 853 2884 924 triginta,
2916 858 2974 910 et
3014 869 3250 910 menses
3281 858 3422 912 octo
3452 872 3468 912 :

1814 941 2036 1012 quibus
2049 949 2181 997 octo
2196 941 2528 1008 mensibus,
2543 942 2839 1015 annisque
2849 942 3169 999 duodecim
3181 944 3466 1014 regnavit.

1819 1032 2118 1086 Laudatur
2153 1031 2401 1087 miriﬁce
2431 1031 2508 1087 ab
2549 1031 2664 1088 hoc
2694 1031 2983 1105 scriptore
3012 1032 3363 1098 Alexander,
3391 1034 3471 1090 ob

1811 1119 2178 1190 singularem
2199 1120 2483 1175 virtutum
2508 1119 2628 1175 fere
2653 1120 2926 1176 omnium
2952 1122 3382 1192 praestantiam,
3408 1122 3472 1178 in

1811 1223 1934 1280 quo
1973 1208 2261 1281 septimus
2300 1207 2520 1265 desinit
2565 1208 2734 1278 liber,
2787 1225 2970 1282 quem
3010 1210 3215 1268 Indica
3256 1210 3472 1284 excipit

1811 1297 2092 1370 Historia,
2131 1297 2281 1355 libro
2321 1297 2633 1371 singulari.

2567 1391 2723 1445 XCII.

1810 1477 2093 1547 Ejusdem
2116 1476 2372 1534 Arriani
2393 1478 2482 1534 De
2505 1479 2828 1606 θὶςέηιεὲἔοει
2857 1479 3280 1538 Alexandrum
3304 1481 3470 1554 gestis

2538 1567 2557 1606 ι
2592 1567 2650 1604 η
2742 1593 2756 1606 .

2538 1567 2650 1606 ιονι
2685 1567 2756 1606 Ᾰ.

1879 1638 2438 1710 69aScripsitidem
2450 1640 2560 1695 Res
2571 1646 2694 1709 post
2704 1640 2752 1694 A
2764 1640 3107 1698 (exande
3113 1647 3296 1713 gestas
3306 1641 3470 1698 libris

156 1728 284 1799 λόγοις
331 1725 464 1793 δέκα,
518 1727 569 1780 ἓν
620 1729 698 1789 οἷς
749 1723 1091 1798 διαλαμϐάνει
1129 1729 1220 1781 τήν
1269 1741 1323 1775 τε
1376 1726 1564 1775 στάσιν
1608 1730 1693 1783 τῆς

1811 1725 2268 1800 decem,quibus
2289 1729 2603 1785 militarem
2619 1729 2911 1785 exercitus
2929 1729 3287 1786 seditionem
3304 1745 3468 1790 com-

159 1824 354 1888 στρατιᾶς
401 1823 484 1870 καὶ
529 1822 627 1876 τὴν
670 1815 956 1890 ἆνάρῥησιν
1007 1809 1334 1888 Ἀρριδαίου,
1369 1812 1420 1872 ὃς
1464 1811 1522 1864 ἐκ
1561 1812 1698 1864 Φιλίο

153 1925 218 1967 νις
256 1916 336 1967 τῆς
386 1907 659 1966 Θεσσαλῆς
729 1905 966 1975 Φιλίππῳ
1018 1911 1090 1972 τῷ
1142 1897 1487 1973 Ἀλεξάνδρου
1540 1913 1702 1975 πατρὶ

153 1992 408 2065 ίγιγέννητο,
457 1995 530 2067 ἐφ’
675 1999 766 2045 καὶ
833 1988 1192 2063 Ἀλέξανδρον,
1253 1991 1307 2041 ὃν
1376 1989 1574 2062 ἔμελλεν
1651 1989 1703 2052 ἐξ

150 2082 432 2156 Ἀλεξάνδρου
507 2089 708 2136 τίκτειν
771 2081 1018 2145 Ῥωξάνη,
1077 2078 1480 2151 συμϐασιλεύειν
1535 2079 1696 2149 αὐτῷ·

151 2171 169 2220 ό
198 2179 269 2224 καὶ
305 2179 492 2244 γέγονεν
537 2174 615 2234 εἰς
659 2180 762 2244 φῶς
807 2170 1056 2242 ἀχθέντος
1081 2177 1172 2221 τοῦ
1204 2165 1421 2230 παιδός.
1455 2173 1554 2221 Τόν
1581 2167 1701 2242 Ἀῤ-

144 2259 306 2332 ῥιδαίον
378 2261 433 2315 δε
510 2261 810 2321 ἀνειπόντας
867 2263 1237 2332 μετωνόμασαν
1291 2258 1561 2312 Φίλιππον.
1617 2266 1700 2309 Δι-

144 2354 298 2422 ιῖέριτο
328 2349 382 2404 δε
409 2353 453 2386 ⁵⁷
485 2351 530 2412 ἐς
577 2349 827 2410 ἀλλήλους
861 2352 919 2402 τό
951 2352 1102 2411 πεζόν
1133 2353 1223 2400 καὶ
1253 2351 1311 2400 τὸ
1354 2351 1586 2412 ἱππικόν,
1628 2344 1698 2398 ὧν

140 2440 175 2488 οι
196 2445 402 2510 μέγιστοι
428 2449 531 2493 τῶν
569 2442 766 2492 ἱππέων
810 2443 899 2490 καὶ
949 2447 1049 2491 τῶν
1097 2440 1360 2509 ἡγεμόνων
1402 2434 1696 2512 Περδίκκας

141 2528 384 2594 ὁὈρόντου
412 2537 498 2582 καὶ
533 2531 823 2590 Λεοννάτος
861 2530 886 2580 6
924 2527 1153 2589 ’Ἄνθους
1183 2529 1232 2563 ⁸³
1262 2532 1351 2580 καὶ
1383 2527 1695 2597 Πτολεμαῖος

139 2616 158 2668 ὁ
187 2620 356 2688 Λάγου,
386 2629 482 2672 τῶν
531 2617 599 2672 δε
647 2619 759 2691 μετ’
791 2617 1008 2678 ἐκείνους
1038 2623 1363 2690 Λυσίμαχός
1390 2636 1444 2668 τε
1483 2618 1508 2668 6
1537 2621 1694 2688 Ἀγα-

139 2708 327 2769 θηλέονς
368 2714 455 2762 καὶ
505 2711 851 2785 Ἀριστόνους
906 2710 932 2760 ὁ
990 2712 1240 2761 Πεισαίου
1303 2713 1393 2759 καὶ
1444 2708 1613 2758 Πίθων
1667 2707 1692 2758 ὁ

140 2800 328 2866 Κρατεύα
360 2800 405 2833 ⁵⁸
447 2804 540 2851 καὶ
592 2799 829 2858 Σέλευκος
864 2799 889 2849 6
935 2799 1216 2868 ’Δντιόχου
1249 2802 1337 2848 καὶ
1389 2797 1618 2867 Εὐμένης
1665 2797 1692 2846 ό

137 2883 397 2956 Καρδιανός.
454 2885 623 2940 Οὗτοι
672 2891 762 2958 μὲν
813 2889 1057 2959 ἡγεμόνες
1113 2889 1162 2922 ⁸ο
1218 2895 1316 2938 τῶν
1371 2889 1566 2939 ἱππέων
1620 2887 1688 2951 θί,

136 2974 376 3048 Μελέαγρος
426 2975 484 3030 δὲ
515 2986 622 3029 τῶν
666 2977 855 3036 πεζῶν.
903 2975 1029 3028 Εἶτα
1059 2973 1523 3050 διαπρεσϐεὐονται
1561 2979 1692 3048 πρὸς

135 3063 332 3126 mihi);
374 3067 648 3129 πολλάκις,
683 3071 772 3117 καὶ
816 3066 950 3125 τέλος
1001 3064 1381 3135 συμϐαίνουσιν
1424 3065 1474 3116 οἱ
1527 3083 1578 3116 τε
1607 3069 1690 3116 τόν

137 3149 316 3219 βασιλέα
358 3155 652 3215 ἁνειποντες
691 3156 841 3215 πεζοὶ
889 3161 976 3206 καὶ
1021 3156 1070 3206 οἱ
1125 3163 1223 3206 τῶν
1279 3157 1470 3206 ἱππέων
1502 3156 1666 3225 ἠγεμό

127 3260 199 3302 τες,
243 3244 303 3314 't?’
333 3243 370 3314 ᾧ
408 3247 759 3318 Ἀντίπατρον
793 3248 887 3313 μὲν
936 3248 1231 3316 στρατηγόν
1275 3241 1404 3295 εἶναι
1435 3252 1534 3295 τῶν
1559 3247 1691 3296 κατὰ

129 3331 200 3382 τὴν
221 3332 464 3404 Εὐρώπην,
502 3338 768 3408 Κρατερόν
801 3330 860 3385 δὲ
903 3336 1202 3408 προστάτην
1245 3341 1341 3392 τῆς
1382 3329 1690 3406 Ἀῤῥιδαίου

130 3413 375 3485 βασιλείας,
425 3421 730 3498 Περδίκκαν
791 3418 850 3474 δὲ
908 3423 1214 3494 χιλιαρχεῖν
1260 3422 1579 3494 χιλιαρχίας
1626 3423 1692 3483 ἧς

129 3500 254 3576 ἦρχεν
302 3510 628 3584 Ἡφαιστίων
679 3516 759 3581 (τό
811 3507 870 3563 δι
929 3508 990 3569 ἦν
1037 3511 1288 3582 ἐπιτροπὴ
1346 3519 1444 3572 τῆς
1487 3511 1690 3582 ξυμπά-

130 3598 258 3656 71K"
287 3597 602 3671 βασιλείας),
626 3600 918 3674 Μελέαγρον
951 3597 1010 3652 δι
1032 3601 1274 3672 ὕπαρχον
1291 3602 1337 3635 ⁸³
1372 3597 1685 3671 Περδίκκου.

129 3681 371 3754 Περδίκκας
413 3687 472 3744 δε
520 3694 618 3744 τόν
666 3693 888 3763 στρατὸν
923 3691 1152 3762 καθᾶραι
1192 3688 1527 3760 σκηψάμενος
1568 3693 1691 3749 τοὺς

127 3770 514 3845 ἐπιφανεστάτους
602 3785 701 3840 τῆς
767 3782 1039 3850 γενομένης
1116 3777 1360 3830 συνέλαϐε
1431 3779 1685 3842 στάσεως,

125 3870 192 3913 ut
237 3866 490 3920 συλλαϐὼν
545 3871 620 3930 ὡς
681 3868 736 3919 ἐκ
792 3867 1116 3942 προστάξεως
1164 3864 1470 3941 Ἀρριδαίου
1529 3866 1688 3918 αὐτοῦ

128 3967 333 4024 πιροντος
381 3957 567 4024 ἀνεῖλε,
636 3953 748 4017 δέος
799 3956 1091 4028 ἐμποιήσας
1136 3965 1209 4027 τῷ
1261 3956 1422 4026 λοιπῷ
1480 3955 1685 4014 πλήθει.

122 4035 304 4115 ’.δίναιρεῐ
345 4044 401 4099 δὲ
444 4048 505 4100 οὐ
538 4046 718 4117 πολλῷ
761 4047 977 4122 ὕστερον
1016 4052 1106 4098 καὶ
1153 4046 1462 4118 Μελέαγρον.
1497 4045 1584 4108 Ἐξ
1622 4046 1688 4097 ὧν

125 4127 372 4199 Περδίκκας
441 4139 685 4198 ὕποπτος
747 4135 798 4200 ές
850 4137 1044 4196 πάντας
1109 4132 1169 4194 ἦν
1227 4139 1316 4186 καὶ
1369 4135 1526 4196 αὐτὸς
1592 4137 1688 4186 ὑπ-

125 4224 320 4278 ὺπτενεν.
377 4226 562 4297 Ὀμως
615 4227 660 4286 ἐς
711 4233 1021 4298 σατραπείας
1077 4226 1125 4260 ⁸⁸
1180 4223 1398 4277 ἀνειπεῖν
1453 4225 1541 4286 οῦς
1590 4225 1690 4276 ὑπ-

128 4325 318 4376 ²πτε·δεν,
374 4318 442 4376 ὡς
510 4311 828 4390 ’Δρῥιδαίου
883 4315 1194 4379 κελεύοντος,
1240 4315 1386 4384 ἔγνω.
1445 4319 1546 4366 Καὶ
1618 4310 1684 4372 δὴ

126 4397 384 4471 Πτολεμαῖος
440 4409 536 4476 μὲν
590 4405 619 4454 ὁ
671 4405 848 4474 Λάγου
891 4403 1166 4474 Αἰγύπτου
1215 4406 1304 4453 καὶ
1342 4400 1564 4466 Λιϐύης,
1605 4407 1728 4480 κοί.ί

127 4483 198 4534 ὅτι
241 4499 321 4550 τῆς
365 4493 613 4564 Ἀράϐων
679 4502 772 4564 γῆς
829 4493 1017 4564 ξύνορα
1076 4492 1324 4564 ΑΞΊύπτῳ
1373 4494 1441 4558 65’
1502 4495 1687 4566 ἄρχειν

124 4569 359 4650 ἐπετάχθη,
419 4583 715 4654 Κλεομένης
771 4578 832 4634 δε
879 4585 906 4633 ὸ
960 4580 1013 4644 ἐξ
1057 4578 1398 4654 Ἀλεξάνδρου
1445 4589 1534 4641 τῆς
1588 4599 1687 4633 σα-

124 4677 318 4730 τἈπιίας
372 4675 575 4732 ταύτης
625 4672 810 4746 ἄρχειν
855 4674 1160 4742 τεταγμένος
1212 4670 1512 4743 Πτολεμαίῳ
1591 4670 1681 4722 51r-

1811 1815 2102 1886 plectitur,
2127 1817 2598 1889 electionemque
2619 1833 2690 1874 ea
2711 1817 3053 1874 conditione
3071 1819 3292 1876 factam
3314 1821 3468 1876 Arri-

1812 1903 1926 1959 dmi
1967 1909 2074 1976 (34)
2115 1907 2320 1978 (quem
2359 1906 2632 1978 Philippo
2671 1907 2826 1978 patri
2865 1907 3185 1964 Alexandri
3239 1909 3471 1980 peperit

1812 1993 2034 2049 Philine
2067 1995 2278 2051 mulier
2305 1995 2602 2060 Thessala)
2645 2001 2708 2051 ut
2735 2001 2794 2050 et
2833 1996 3164 2052 Alexander
3197 1996 3463 2068 [infans],

1810 2098 1990 2154 quem
2031 2087 2275 2140 Roxana
2312 2084 2651 2140 Alexandro
2691 2085 2956 2156 paritura
2993 2092 3138 2152 erat,
3173 2085 3351 2141 simul
3382 2102 3471 2142 re-

1810 2177 2037 2240 gnaret.
2072 2173 2243 2238 Quod
2273 2174 2455 2230 etiam
2483 2174 2700 2240 evenit,
2731 2173 2890 2230 edito
2920 2175 2979 2229 in
3004 2175 3196 2230 lucem
3224 2175 3468 2231 infante.

1807 2261 1990 2330 Igitur
2024 2262 2355 2318 Arridaeum
2404 2277 2610 2332 regem
2657 2264 3085 2331 renuntiantes,
3129 2264 3469 2337 Philippum

1806 2351 2328 2420 cognominarunt.
2363 2351 2728 2408 Tumultuati
2760 2367 2902 2408 vero
2927 2357 3085 2422 sunt,
3118 2358 3176 2409 et
3210 2353 3470 2410 invicem

1805 2439 2211 2496 dissenserunt
2243 2439 2474 2510 pedites
2495 2440 2858 2512 equitesque.
2887 2441 2951 2496 In
2977 2441 3199 2512 quibus
3215 2447 3272 2498 et
3296 2442 3468 2514 equi-

1805 2535 1955 2593 tum,
1983 2535 2040 2584 et
2067 2528 2292 2584 ducum
2317 2529 2620 2600 principes
2649 2535 2820 2585 erant
2841 2530 3150 2585 Perdiccas
3180 2530 3383 2587 Oronti
3406 2533 3464 2587 F.

1801 2623 1862 2673 et
1902 2620 2238 2674 Leonnatus
2284 2616 2516 2673 Authasi
2566 2623 2621 2674 et
2659 2619 3008 2674 Ptolemmus
3049 2619 3186 2689 Lagi
3235 2620 3295 2674 F.
3336 2623 3469 2692 post

1801 2705 1913 2762 hos
1938 2706 2327 2779 Lysimachus
2347 2707 2688 2776 Agathoclis
2717 2710 2772 2763 F.
2794 2713 2850 2763 et
2881 2708 3188 2763 Aristonus
3210 2708 3376 2764 Pisaei
3401 2709 3464 2762 Ρ.

1801 2802 1858 2851 et
1905 2796 2118 2852 Pithon
2158 2797 2418 2852 Cratevee
2462 2799 2518 2852 F.
2563 2802 2620 2852 et
2669 2796 2946 2854 Seleucus
2991 2796 3266 2854 Antiochi
3309 2798 3367 2852 F.
3410 2803 3468 2855 et

1802 2887 2097 2940 Eumenes
2118 2885 2465 2952 Cardianus,
2489 2885 2592 2958 qui
2618 2884 2862 2956 quidem
2893 2885 3161 2958 equitum
3184 2886 3467 2943 ductores

1801 2973 1965 3029 fuere
1998 2989 2011 3028 :
2038 2975 2306 3046 peditum
2333 2990 2474 3030 vero
2499 2973 2810 3043 Meleager.
2838 2974 3024 3030 Missas
3049 2975 3266 3032 dehinc
3287 2977 3467 3033 variae

1801 3066 2078 3136 utrinque
2123 3063 2450 3134 legationes
2491 3082 2504 3119 :
2547 3065 2911 3134 tandemque
2972 3065 3250 3121 convenit
3311 3065 3464 3122 inter

1804 3154 2053 3224 pedites,
2077 3154 2178 3225 qui
2201 3154 2326 3223 jam
2356 3161 2531 3208 antea
2562 3168 2760 3222 regem
2786 3153 3193 3224 nominarant,
3216 3161 3272 3210 et
3293 3156 3463 3228 equi-

1802 3248 1926 3298 tum
1957 3243 2162 3308 duces,
2198 3249 2260 3298 ut
2287 3243 2594 3313 Antipater
2620 3243 2678 3296 in
2702 3245 2934 3314 Europa
2965 3242 3102 3298 belli
3133 3246 3460 3315 imperator

1797 3339 1972 3397 esset,
2015 3333 2284 3388 Craterus
2313 3331 2478 3402 regni
2508 3331 2747 3386 Arridaai
2779 3330 3110 3402 praefectus,
3144 3333 3457 3391 Perdiccas

1797 3437 1936 3476 vero
1965 3421 2236 3492 legionis,
2271 3437 2455 3493 quam
2498 3421 2876 3492 Hephaestion
2906 3421 3176 3489 duxerat,
3214 3423 3454 3480 Chiliar-

1797 3512 1946 3567 chus
1969 3511 2155 3582 (quod
2170 3511 2418 3582 quidem
2435 3510 2603 3580 regni
2624 3510 2805 3565 totius
2827 3516 2954 3566 erat
2977 3514 3457 3583 procurationem

1798 3599 1879 3654 illi
1904 3599 2276 3670 tutelamque
2297 3600 2712 3670 committere),
2737 3599 3032 3670 Meleager
3056 3601 3316 3674 denique
3333 3603 3461 3657 Per-

1796 3688 1982 3744 diccan
2035 3689 2321 3744 vicarium
2376 3687 2720 3760 praefectum
2779 3695 2996 3758 ageret.
3061 3690 3208 3745 Cum
3261 3691 3460 3761 itaque

1797 3784 2006 3850 postea
2028 3776 2344 3833 exercitum
2373 3777 2622 3834 lustrare
2643 3776 2954 3833 Perdiccas
2982 3777 3290 3834 simularet
3314 3779 3456 3850 (35),

1797 3867 2104 3922 seditionis
2131 3871 2404 3921 auctores
2434 3866 2770 3936 praecipuos
2801 3867 3270 3938 comprehendit,
3300 3882 3461 3924 com—

1800 3955 2267 4027 prehensosque,
2299 3958 2589 4024 tanquam
2613 3953 2858 4023 jubente
2889 3955 3174 4025 Arridaao,
3207 3957 3458 4028 ipsoque

1797 4046 2185 4115 inspectante,
2219 4041 2438 4097 occidit
2475 4041 2610 4112 (36).
2645 4043 2773 4107 Quo
2808 4058 2881 4098 ex
2920 4043 3076 4100 facto
3108 4051 3292 4101 terror
3330 4046 3463 4103 reli-

1797 4150 1954 4206 quos
1977 4132 2288 4203 persuasit.
2312 4130 2449 4187 Post
2474 4130 2657 4201 paulo
2685 4137 2742 4186 et
2765 4131 3124 4202 Meleagrum
3149 4133 3457 4194 interfecit.

1801 4223 1943 4279 Hinc
1960 4226 2270 4293 suspectus
2293 4219 2576 4276 omnibus
2597 4220 2923 4287 Perdiccas,
2946 4227 3190 4280 casteros
3213 4240 3458 4298 quoque

1797 4313 1919 4382 ipse
1950 4316 2257 4382 suspectos
2285 4309 2508 4366 habere
2539 4309 2752 4382 coepit:
2780 4328 2930 4383 quos
2964 4318 3163 4370 tamen
3195 4316 3274 4371 ad
3304 4331 3459 4388 prte-

1798 4402 2052 4456 fecturas
2090 4399 2276 4455 nihilo
2307 4399 2520 4464 secius,
2552 4406 2847 4472 tanquam
2885 4402 3150 4458 Arridaeo
3182 4405 3457 4474 jubente,

1798 4489 2124 4564 provehere
2149 4488 2374 4544 statuit.
2404 4488 2470 4544 Et
2497 4505 2632 4545 vero
2660 4490 3013 4547 Ptolemaeus
3041 4493 3179 4563 Lagi
3205 4496 3262 4549 Ρ.
3286 4498 3460 4566 :Egy-

1797 4586 1901 4653 pto
1916 4576 2216 4643 etAfricaa,
2231 4577 2519 4650 omnique
2541 4579 2619 4634 illi
2639 4579 2868 4635 Arabiae
2892 4582 3042 4650 parti
3059 4597 3193 4653 quae
3206 4583 3456 4654 [Egypto

1791 4670 2042 4740 adjacet,
2064 4669 2358 4740 imperare
2376 4668 2584 4739 jussus
2611 4673 2715 4725 est.
2736 4667 3082 4726 Cleomenes
3099 4675 3320 4738 autem,
3351 4674 3456 4744 qui

1437 4813 1666 4870 VARI/E
1699 4812 2103 4896 LECTIONES.

173 4953 207 4985 ⁵⁵
229 4955 377 5016 αὐτὴν
413 4961 483 5013 Α.

571 4959 618 4993 ⁵⁷
650 4953 709 5010 δέ
737 4959 784 5013 Α
818 4975 831 5012 ε
862 4961 963 5029 γάρ
1007 4979 1064 5022 ς·-
1143 4959 1190 4992 ⁵⁸
1219 4956 1440 5018 Ἀντονς
1482 4978 1534 5020 ς.
1615 4958 1660 4991 ⁵9
1691 4957 1716 5007 ὁ
1747 4962 1838 5008 τοῦ
1875 4956 2078 5025 Κρατέα
2109 4973 2163 5015 ς.
2246 4953 2293 4986 ⁶⁰
2315 4953 2404 5029 μξν
2437 4947 2524 5002 οὖν
2547 4953 2633 5023 ἠγ.
2668 4973 2723 5016 ς’.

2803 4954 2845 4987 ⁶¹
2884 4954 3076 5006 ἱππέων
3104 4961 3196 5009 καὶ
3229 4958 3352 5015 Μελ.
3395 4980 3452 5024 ς’.

119 5021 149 5050 ’³
177 5011 509 5097 ξυμπάσης-Α
538 5047 552 5084 :
591 5031 712 5092 ὅλης
868 5011 1213 5104 ἳθῦπόφχον]
1245 5028 1400 5086 adde
1425 5011 1583 5082 εἶναι.
1661 5028 1708 5062 ⁶⁴
1743 5011 2064 5100 σατραπείαν
2231 5024 2278 5057 ⁶⁵
2311 5011 2565 5096 Ἀίγύπτῳ
2754 5039 2842 5096 pr.
2867 5026 2940 5082 Α,

1676 5167 1898 5223 NOTAE.

171 5307 266 5381 (3_3)
305 5309 445 5366 Vide
492 5312 658 5365 Vitas
707 5309 1022 5381 parallelas
1060 5314 1302 5368 nostras
1333 5308 1681 5381 Aristotelis,

117 5377 641 5455 {C‘Demosthenig
683 5377 742 5455 et
780 5383 1028 5455 Joscph.
1075 5383 1444 5455 Stephanum
1486 5379 1676 5452 episc.‘

119 5445 260 5529 Orici.
286 5445 738 5529 gemmenuu'io
760 5453 840 5509 ad
867 5445 1011 5529 cap.
1044 5471 1080 5509 x
1109 5445 1611 5529 Machabmprum-

289 5525 599 5608 Qexippus
615 5522 990 5608 sup.cod.82
1020 5526 1198 5584 unica
1215 5522 1440 5600 tantum
1471 5523 1687 5600 canina

117 5586 274 5666 littera
289 5586 606 5654 Arid'éum
633 5586 932 5666 nominat.

174 5664 266 5739 (³⁵)
305 5673 550 5744 Καυάρσιι
580 5664 768 5741 quasi
792 5664 1034 5744 expiare
1063 5668 1253 5727 dicas.
1286 5667 1472 5742 Cujus
1511 5665 1692 5724 ritum

1793 5313 2004 5386 notatu
2042 5305 2292 5378 dignum
2353 5304 2516 5378 apud
2558 5305 2824 5363 Curtium
2880 5308 3045 5382 legas
3094 5311 3197 5369 lib.
3241 5330 3300 5386 v,
3343 5317 3458 5374 sub

1796 5379 2281 5528 ﬁﬁgﬁﬂuando
2321 5447 2759 5528 elephan_tis__in
2799 5459 3124 5528 conspectu
3171 5459 3464 5517 exercitus

1799 5519 2013 5592 objecti
2042 5519 2302 5600 trecenti,
2331 5519 2543 5577 omnes
2570 5519 2904 5582 belluarum
2942 5519 3198 5598 pedibus
3233 5532 3464 5604 protriti

1800 5598 1959 5650 sunt.
1991 5595 2150 5650 Curt.
2179 5589 2289 5648 lib.
2319 5606 2379 5648 x.
