  <div class='ocr_page' id='page_1' title='image "/cluster/home/n/w/nwhite01/storage/ocr_20150623/103/hvd.32044054112495/163.png"; bbox 0 0 4036 6214; ppageno 0'>
   <div class='ocr_carea' id='block_1_1' title="bbox 546 255 653 311">
    <p class='ocr_par' dir='ltr' id='par_1_1' title="bbox 546 255 653 311">
     <span class='ocr_line' id='line_1_1' title="bbox 546 255 653 311; baseline -0.028 0"><span class='ocrx_word' id='word_1_1' title='bbox 546 255 653 311; x_wconf 85' lang='grc'><strong>303</strong></span> 
     </span>
    </p>
   </div>
   <div class='ocr_carea' id='block_1_2' title="bbox 1774 234 2659 300">
    <p class='ocr_par' dir='ltr' id='par_1_2' title="bbox 1774 234 2659 300">
     <span class='ocr_line' id='line_1_2' title="bbox 1774 234 2659 300; baseline -0.009 -2"><span class='ocrx_word' id='word_1_2' title='bbox 1774 238 2009 300; x_wconf 78' lang='grc' dir='ltr'><strong>ΡΗΟΤΠ</strong></span> <span class='ocrx_word' id='word_1_3' title='bbox 2043 234 2525 298; x_wconf 65' lang='grc' dir='ltr'><strong>ΡΑΤΠΙΑΗΟΗΕ</strong></span> <span class='ocrx_word' id='word_1_4' title='bbox 2554 236 2659 293; x_wconf 85' lang='lat' dir='ltr'><strong>CP.</strong></span> 
     </span>
    </p>
   </div>
   <div class='ocr_carea' id='block_1_3' title="bbox 547 351 2222 446">
    <p class='ocr_par' dir='ltr' id='par_1_3' title="bbox 547 368 2208 446">
     <span class='ocr_line' id='line_1_3' title="bbox 547 368 2208 446; baseline -0.008 -10"><span class='ocrx_word' id='word_1_5' title='bbox 547 378 628 437; x_wconf 89' lang='lat' dir='ltr'><strong>ab</strong></span> <span class='ocrx_word' id='word_1_6' title='bbox 656 374 995 434; x_wconf 80' lang='lat' dir='ltr'><strong>Alexandro</strong></span> <span class='ocrx_word' id='word_1_7' title='bbox 1025 376 1269 446; x_wconf 77' lang='lat' dir='ltr'><strong>satrapa</strong></span> <span class='ocrx_word' id='word_1_8' title='bbox 1287 371 1370 428; x_wconf 88' lang='lat' dir='ltr'><strong>ibi</strong></span> <span class='ocrx_word' id='word_1_9' title='bbox 1393 370 1757 428; x_wconf 85' lang='lat' dir='ltr'><strong>constitutus</strong></span> <span class='ocrx_word' id='word_1_10' title='bbox 1785 369 1999 438; x_wconf 79' lang='lat' dir='ltr'><strong>fuerat,</strong></span> <span class='ocrx_word' id='word_1_11' title='bbox 2032 368 2208 425; x_wconf 89' lang='lat' dir='ltr'><strong>Ptole-</strong></span> 
     </span>
    </p>
   </div>
   <div class='ocr_carea' id='block_1_4' title="bbox 2330 351 3843 446">
    <p class='ocr_par' dir='ltr' id='par_1_4' title="bbox 2330 351 3843 438">
     <span class='ocr_line' id='line_1_4' title="bbox 2330 351 3843 438; baseline -0.008 -22"><span class='ocrx_word' id='word_1_12' title='bbox 2330 384 2483 438; x_wconf 79' lang='grc' dir='ltr'><strong>κρχος</strong></span> <span class='ocrx_word' id='word_1_13' title='bbox 2536 364 2685 415; x_wconf 75' lang='grc' dir='ltr'><strong>εἶναι·</strong></span> <span class='ocrx_word' id='word_1_14' title='bbox 2734 366 2831 422; x_wconf 84' lang='grc' dir='ltr'><strong>τῆς</strong></span> <span class='ocrx_word' id='word_1_15' title='bbox 2885 356 2944 412; x_wconf 66' lang='grc' dir='ltr'><strong>δι</strong></span> <span class='ocrx_word' id='word_1_16' title='bbox 2974 357 3059 411; x_wconf 72' lang='grc' dir='ltr'><strong>επὶ</strong></span> <span class='ocrx_word' id='word_1_17' title='bbox 3107 357 3263 429; x_wconf 78' lang='grc' dir='ltr'><strong>ταύτῃ</strong></span> <span class='ocrx_word' id='word_1_18' title='bbox 3290 356 3335 391; x_wconf 80' lang='grc'><strong>⁸⁸</strong></span> <span class='ocrx_word' id='word_1_19' title='bbox 3363 357 3541 427; x_wconf 81' lang='grc' dir='ltr'><strong>Συρίας</strong></span> <span class='ocrx_word' id='word_1_20' title='bbox 3576 351 3843 425; x_wconf 76' lang='grc' dir='ltr'><strong>Λαομέδων,</strong></span> 
     </span>
    </p>
   </div>
   <div class='ocr_carea' id='block_1_5' title="bbox 548 457 2209 535">
    <p class='ocr_par' dir='ltr' id='par_1_5' title="bbox 548 457 2209 535">
     <span class='ocr_line' id='line_1_5' title="bbox 548 457 2209 535; baseline -0.008 -11"><span class='ocrx_word' id='word_1_21' title='bbox 548 466 686 524; x_wconf 86' lang='lat' dir='ltr'><strong>mai</strong></span> <span class='ocrx_word' id='word_1_22' title='bbox 714 465 965 522; x_wconf 81' lang='lat' dir='ltr'><strong>vicarius</strong></span> <span class='ocrx_word' id='word_1_23' title='bbox 988 461 1304 535; x_wconf 85' lang='lat' dir='ltr'><strong>prafectus</strong></span> <span class='ocrx_word' id='word_1_24' title='bbox 1336 460 1417 516; x_wconf 86' lang='lat' dir='ltr'><strong>ﬁt.</strong></span> <span class='ocrx_word' id='word_1_25' title='bbox 1448 458 1637 532; x_wconf 85' lang='lat' dir='ltr'><strong>Syria</strong></span> <span class='ocrx_word' id='word_1_26' title='bbox 1664 457 1878 514; x_wconf 89' lang='lat' dir='ltr'><strong>deinde</strong></span> <span class='ocrx_word' id='word_1_27' title='bbox 1908 473 2045 529; x_wconf 86' lang='lat' dir='ltr'><strong>qua</strong></span> <span class='ocrx_word' id='word_1_28' title='bbox 2071 458 2209 512; x_wconf 88' lang='lat' dir='ltr'><strong>huic</strong></span> 
     </span>
    </p>
   </div>
   <div class='ocr_carea' id='block_1_6' title="bbox 549 544 2208 626">
    <p class='ocr_par' dir='ltr' id='par_1_6' title="bbox 549 544 2208 626">
     <span class='ocr_line' id='line_1_6' title="bbox 549 544 2208 626; baseline -0.005 -17"><span class='ocrx_word' id='word_1_29' title='bbox 549 554 821 626; x_wconf 82' lang='lat' dir='ltr'><strong>satrapia</strong></span> <span class='ocrx_word' id='word_1_30' title='bbox 862 552 1150 623; x_wconf 85' lang='lat' dir='ltr'><strong>subjacet,</strong></span> <span class='ocrx_word' id='word_1_31' title='bbox 1196 550 1535 606; x_wconf 82' lang='lat' dir='ltr'><strong>Laomedon</strong></span> <span class='ocrx_word' id='word_1_32' title='bbox 1576 547 1910 618; x_wconf 88' lang='lat' dir='ltr'><strong>impositus.</strong></span> <span class='ocrx_word' id='word_1_33' title='bbox 1952 544 2208 600; x_wconf 78' lang='lat' dir='ltr'><strong>Philotas</strong></span> 
     </span>
    </p>
   </div>
   <div class='ocr_carea' id='block_1_7' title="bbox 548 634 2209 713">
    <p class='ocr_par' dir='ltr' id='par_1_7' title="bbox 548 634 2209 713">
     <span class='ocr_line' id='line_1_7' title="bbox 548 634 2209 713; baseline -0.008 -14"><span class='ocrx_word' id='word_1_34' title='bbox 548 642 759 699; x_wconf 88' lang='lat' dir='ltr'><strong>Cilicia</strong></span> <span class='ocrx_word' id='word_1_35' title='bbox 807 639 1115 713; x_wconf 87' lang='lat' dir='ltr'><strong>prafectus</strong></span> <span class='ocrx_word' id='word_1_36' title='bbox 1165 643 1273 705; x_wconf 88' lang='lat' dir='ltr'><strong>est,</strong></span> <span class='ocrx_word' id='word_1_37' title='bbox 1316 644 1376 692; x_wconf 91' lang='lat' dir='ltr'><strong>ut</strong></span> <span class='ocrx_word' id='word_1_38' title='bbox 1416 636 1625 693; x_wconf 78' lang='lat' dir='ltr'><strong>Pithon</strong></span> <span class='ocrx_word' id='word_1_39' title='bbox 1668 634 1866 691; x_wconf 78' lang='lat' dir='ltr'><strong>Media</strong></span> <span class='ocrx_word' id='word_1_40' title='bbox 1916 635 2049 704; x_wconf 88' lang='lat'><strong>(37).</strong></span> <span class='ocrx_word' id='word_1_41' title='bbox 2102 636 2209 687; x_wconf 88' lang='lat' dir='ltr'><strong>Eu-</strong></span> 
     </span>
    </p>
   </div>
   <div class='ocr_carea' id='block_1_8' title="bbox 547 722 2209 798">
    <p class='ocr_par' dir='ltr' id='par_1_8' title="bbox 547 722 2209 798">
     <span class='ocr_line' id='line_1_8' title="bbox 547 722 2209 798; baseline -0.009 -7"><span class='ocrx_word' id='word_1_42' title='bbox 547 746 757 793; x_wconf 86' lang='lat' dir='ltr'><strong>menes</strong></span> <span class='ocrx_word' id='word_1_43' title='bbox 785 745 923 786; x_wconf 85' lang='lat' dir='ltr'><strong>vero</strong></span> <span class='ocrx_word' id='word_1_44' title='bbox 954 728 1279 784; x_wconf 82' lang='lat' dir='ltr'><strong>Cardianus</strong></span> <span class='ocrx_word' id='word_1_45' title='bbox 1307 726 1745 798; x_wconf 83' lang='lat' dir='ltr'><strong>Cappadociam</strong></span> <span class='ocrx_word' id='word_1_46' title='bbox 1786 729 1841 779; x_wconf 90' lang='lat' dir='ltr'><strong>et</strong></span> <span class='ocrx_word' id='word_1_47' title='bbox 1872 722 2209 795; x_wconf 87' lang='lat' dir='ltr'><strong>Paphlago-</strong></span> 
     </span>
    </p>
   </div>
   <div class='ocr_carea' id='block_1_9' title="bbox 549 811 2208 891">
    <p class='ocr_par' dir='ltr' id='par_1_9' title="bbox 549 811 2208 891">
     <span class='ocr_line' id='line_1_9' title="bbox 549 811 2208 891; baseline -0.007 -15"><span class='ocrx_word' id='word_1_48' title='bbox 549 821 736 885; x_wconf 85' lang='lat' dir='ltr'><strong>niam,</strong></span> <span class='ocrx_word' id='word_1_49' title='bbox 761 834 1019 891; x_wconf 86' lang='lat' dir='ltr'><strong>quaque</strong></span> <span class='ocrx_word' id='word_1_50' title='bbox 1040 818 1229 873; x_wconf 84' lang='lat' dir='ltr'><strong>Ponto</strong></span> <span class='ocrx_word' id='word_1_51' title='bbox 1255 816 1529 887; x_wconf 88' lang='lat' dir='ltr'><strong>adjacent</strong></span> <span class='ocrx_word' id='word_1_52' title='bbox 1549 812 1800 869; x_wconf 87' lang='lat' dir='ltr'><strong>Euxinio</strong></span> <span class='ocrx_word' id='word_1_53' title='bbox 1824 812 2107 883; x_wconf 89' lang='lat' dir='ltr'><strong>suscepit,</strong></span> <span class='ocrx_word' id='word_1_54' title='bbox 2130 811 2208 866; x_wconf 91' lang='lat' dir='ltr'><strong>ad</strong></span> 
     </span>
    </p>
   </div>
   <div class='ocr_carea' id='block_1_10' title="bbox 548 900 2208 979">
    <p class='ocr_par' dir='ltr' id='par_1_10' title="bbox 548 900 2208 979">
     <span class='ocr_line' id='line_1_10' title="bbox 548 900 2208 979; baseline -0.007 -14"><span class='ocrx_word' id='word_1_55' title='bbox 548 924 739 979; x_wconf 88' lang='lat' dir='ltr'><strong>usque</strong></span> <span class='ocrx_word' id='word_1_56' title='bbox 750 911 1168 979; x_wconf 70' lang='lat' dir='ltr'><strong>Trapezuntem</strong></span> <span class='ocrx_word' id='word_1_57' title='bbox 1182 905 1595 976; x_wconf 91' lang='lat' dir='ltr'><strong>Sinopensium</strong></span> <span class='ocrx_word' id='word_1_58' title='bbox 1610 900 2208 970; x_wconf 83' lang='lat' dir='ltr'><strong>coloniam.Pamphy-</strong></span> 
     </span>
    </p>
   </div>
   <div class='ocr_carea' id='block_1_11' title="bbox 548 990 2206 1069">
    <p class='ocr_par' dir='ltr' id='par_1_11' title="bbox 548 990 2206 1069">
     <span class='ocr_line' id='line_1_11' title="bbox 548 990 2206 1069; baseline -0.006 -15"><span class='ocrx_word' id='word_1_59' title='bbox 548 998 641 1066; x_wconf 91' lang='lat' dir='ltr'><strong>lis,</strong></span> <span class='ocrx_word' id='word_1_60' title='bbox 669 1002 725 1054; x_wconf 90' lang='lat' dir='ltr'><strong>et</strong></span> <span class='ocrx_word' id='word_1_61' title='bbox 750 997 959 1069; x_wconf 86' lang='lat' dir='ltr'><strong>Lyciis,</strong></span> <span class='ocrx_word' id='word_1_62' title='bbox 988 1009 1339 1067; x_wconf 88' lang='lat' dir='ltr'><strong>magnaque</strong></span> <span class='ocrx_word' id='word_1_63' title='bbox 1361 993 1622 1065; x_wconf 80' lang='lat' dir='ltr'><strong>Phrygia</strong></span> <span class='ocrx_word' id='word_1_64' title='bbox 1647 992 1979 1061; x_wconf 77' lang='lat' dir='ltr'><strong>Antigonus</strong></span> <span class='ocrx_word' id='word_1_65' title='bbox 2008 990 2206 1046; x_wconf 90' lang='lat' dir='ltr'><strong>datus.</strong></span> 
     </span>
    </p>
   </div>
   <div class='ocr_carea' id='block_1_12' title="bbox 553 1078 2207 1157">
    <p class='ocr_par' dir='ltr' id='par_1_12' title="bbox 553 1078 2207 1157">
     <span class='ocr_line' id='line_1_12' title="bbox 553 1078 2207 1157; baseline -0.008 -12"><span class='ocrx_word' id='word_1_66' title='bbox 553 1090 730 1145; x_wconf 80' lang='lat' dir='ltr'><strong>Cares</strong></span> <span class='ocrx_word' id='word_1_67' title='bbox 750 1086 906 1157; x_wconf 80' lang='lat' dir='ltr'><strong>69b</strong></span> <span class='ocrx_word' id='word_1_68' title='bbox 924 1083 1262 1142; x_wconf 85' lang='lat' dir='ltr'><strong>Cassandro</strong></span> <span class='ocrx_word' id='word_1_69' title='bbox 1275 1082 1648 1138; x_wconf 88' lang='lat' dir='ltr'><strong>obvenerunt</strong></span> <span class='ocrx_word' id='word_1_70' title='bbox 1666 1096 1680 1148; x_wconf 84' lang='lat'><strong>;</strong></span> <span class='ocrx_word' id='word_1_71' title='bbox 1700 1079 1842 1152; x_wconf 83' lang='lat' dir='ltr'><strong>Lydi</strong></span> <span class='ocrx_word' id='word_1_72' title='bbox 1855 1078 2174 1135; x_wconf 80' lang='lat' dir='ltr'><strong>Menandro</strong></span> <span class='ocrx_word' id='word_1_73' title='bbox 2194 1094 2207 1132; x_wconf 86' lang='lat'>:</span> 
     </span>
    </p>
   </div>
   <div class='ocr_carea' id='block_1_13' title="bbox 552 1165 2214 1243">
    <p class='ocr_par' dir='ltr' id='par_1_13' title="bbox 552 1165 2214 1243">
     <span class='ocr_line' id='line_1_13' title="bbox 552 1165 2214 1243; baseline -0.007 -12"><span class='ocrx_word' id='word_1_74' title='bbox 552 1180 617 1230; x_wconf 88' lang='lat' dir='ltr'><strong>ut</strong></span> <span class='ocrx_word' id='word_1_75' title='bbox 657 1177 956 1231; x_wconf 90' lang='lat' dir='ltr'><strong>Leonnato</strong></span> <span class='ocrx_word' id='word_1_76' title='bbox 995 1172 1095 1228; x_wconf 92' lang='lat' dir='ltr'><strong>illa</strong></span> <span class='ocrx_word' id='word_1_77' title='bbox 1124 1171 1403 1243; x_wconf 88' lang='lat' dir='ltr'><strong>Phrygia,</strong></span> <span class='ocrx_word' id='word_1_78' title='bbox 1436 1185 1571 1241; x_wconf 88' lang='lat' dir='ltr'><strong>qua</strong></span> <span class='ocrx_word' id='word_1_79' title='bbox 1600 1168 1851 1241; x_wconf 85' lang='lat' dir='ltr'><strong>pertinet</strong></span> <span class='ocrx_word' id='word_1_80' title='bbox 1891 1167 1966 1222; x_wconf 91' lang='lat' dir='ltr'><strong>ad</strong></span> <span class='ocrx_word' id='word_1_81' title='bbox 2002 1165 2214 1221; x_wconf 91' lang='lat' dir='ltr'><strong>Helles-</strong></span> 
     </span>
    </p>
   </div>
   <div class='ocr_carea' id='block_1_14' title="bbox 552 1254 2213 1337">
    <p class='ocr_par' dir='ltr' id='par_1_14' title="bbox 552 1254 2213 1337">
     <span class='ocr_line' id='line_1_14' title="bbox 552 1254 2213 1337; baseline -0.007 -18"><span class='ocrx_word' id='word_1_82' title='bbox 552 1268 801 1337; x_wconf 89' lang='lat' dir='ltr'><strong>pontum</strong></span> <span class='ocrx_word' id='word_1_83' title='bbox 822 1262 954 1333; x_wconf 87' lang='lat'><strong>(38),</strong></span> <span class='ocrx_word' id='word_1_84' title='bbox 970 1276 1149 1333; x_wconf 91' lang='lat' dir='ltr'><strong>quam</strong></span> <span class='ocrx_word' id='word_1_85' title='bbox 1169 1260 1247 1315; x_wconf 90' lang='lat' dir='ltr'><strong>ab</strong></span> <span class='ocrx_word' id='word_1_86' title='bbox 1269 1260 1399 1332; x_wconf 86' lang='lat' dir='ltr'><strong>ipso</strong></span> <span class='ocrx_word' id='word_1_87' title='bbox 1420 1257 1758 1313; x_wconf 86' lang='lat' dir='ltr'><strong>Alexandro</strong></span> <span class='ocrx_word' id='word_1_88' title='bbox 1776 1255 1945 1312; x_wconf 88' lang='lat' dir='ltr'><strong>Calas</strong></span> <span class='ocrx_word' id='word_1_89' title='bbox 1965 1254 2213 1328; x_wconf 88' lang='lat' dir='ltr'><strong>quidam</strong></span> 
     </span>
    </p>
   </div>
   <div class='ocr_carea' id='block_1_15' title="bbox 553 1344 2217 1418">
    <p class='ocr_par' dir='ltr' id='par_1_15' title="bbox 553 1344 2217 1418">
     <span class='ocr_line' id='line_1_15' title="bbox 553 1344 2217 1418; baseline -0.006 -9"><span class='ocrx_word' id='word_1_90' title='bbox 553 1352 798 1409; x_wconf 86' lang='lat' dir='ltr'><strong>nomine</strong></span> <span class='ocrx_word' id='word_1_91' title='bbox 819 1350 1146 1418; x_wconf 89' lang='lat' dir='ltr'><strong>obtinebat,</strong></span> <span class='ocrx_word' id='word_1_92' title='bbox 1169 1354 1224 1404; x_wconf 91' lang='lat' dir='ltr'><strong>et</strong></span> <span class='ocrx_word' id='word_1_93' title='bbox 1241 1347 1527 1417; x_wconf 87' lang='lat' dir='ltr'><strong>sideinde</strong></span> <span class='ocrx_word' id='word_1_94' title='bbox 1542 1345 1870 1402; x_wconf 84' lang='lat' dir='ltr'><strong>Demarcho</strong></span> <span class='ocrx_word' id='word_1_95' title='bbox 1889 1344 2217 1400; x_wconf 87' lang='lat' dir='ltr'><strong>commissa</strong></span> 
     </span>
    </p>
   </div>
   <div class='ocr_carea' id='block_1_16' title="bbox 554 1436 1788 1512">
    <p class='ocr_par' dir='ltr' id='par_1_16' title="bbox 554 1436 1788 1512">
     <span class='ocr_line' id='line_1_16' title="bbox 554 1436 1788 1512; baseline -0.008 -13"><span class='ocrx_word' id='word_1_96' title='bbox 554 1442 732 1499; x_wconf 78' lang='lat' dir='ltr'><strong>fuerit</strong></span> <span class='ocrx_word' id='word_1_97' title='bbox 751 1442 881 1512; x_wconf 84' lang='lat'><strong>(39).</strong></span> <span class='ocrx_word' id='word_1_98' title='bbox 904 1443 990 1497; x_wconf 91' lang='lat' dir='ltr'><strong>lta</strong></span> <span class='ocrx_word' id='word_1_99' title='bbox 1012 1445 1151 1496; x_wconf 90' lang='lat' dir='ltr'><strong>tunc</strong></span> <span class='ocrx_word' id='word_1_100' title='bbox 1174 1439 1316 1494; x_wconf 83' lang='lat' dir='ltr'><strong>Asia</strong></span> <span class='ocrx_word' id='word_1_101' title='bbox 1340 1443 1422 1493; x_wconf 90' lang='lat' dir='ltr'><strong>est</strong></span> <span class='ocrx_word' id='word_1_102' title='bbox 1453 1436 1788 1492; x_wconf 86' lang='lat' dir='ltr'><strong>distributa.</strong></span> 
     </span>
    </p>
   </div>
   <div class='ocr_carea' id='block_1_17' title="bbox 630 1522 2215 1603">
    <p class='ocr_par' dir='ltr' id='par_1_17' title="bbox 630 1522 2215 1603">
     <span class='ocr_line' id='line_1_17' title="bbox 630 1522 2215 1603; baseline -0.006 -18"><span class='ocrx_word' id='word_1_103' title='bbox 630 1532 735 1587; x_wconf 91' lang='lat' dir='ltr'><strong>Per</strong></span> <span class='ocrx_word' id='word_1_104' title='bbox 764 1533 1064 1603; x_wconf 90' lang='lat' dir='ltr'><strong>Europam</strong></span> <span class='ocrx_word' id='word_1_105' title='bbox 1106 1544 1262 1598; x_wconf 84' lang='lat' dir='ltr'><strong>vero,</strong></span> <span class='ocrx_word' id='word_1_106' title='bbox 1303 1526 1565 1583; x_wconf 90' lang='lat' dir='ltr'><strong>Thracia</strong></span> <span class='ocrx_word' id='word_1_107' title='bbox 1605 1525 1852 1597; x_wconf 89' lang='lat' dir='ltr'><strong>quidem</strong></span> <span class='ocrx_word' id='word_1_108' title='bbox 1884 1529 1940 1579; x_wconf 91' lang='lat' dir='ltr'><strong>et</strong></span> <span class='ocrx_word' id='word_1_109' title='bbox 1970 1522 2215 1578; x_wconf 86' lang='lat' dir='ltr'><strong>Cherro-</strong></span> 
     </span>
    </p>
   </div>
   <div class='ocr_carea' id='block_1_18' title="bbox 557 1612 2220 1691">
    <p class='ocr_par' dir='ltr' id='par_1_18' title="bbox 557 1612 2220 1691">
     <span class='ocr_line' id='line_1_18' title="bbox 557 1612 2220 1691; baseline -0.008 -13"><span class='ocrx_word' id='word_1_110' title='bbox 557 1636 721 1689; x_wconf 89' lang='lat' dir='ltr'><strong>neso,</strong></span> <span class='ocrx_word' id='word_1_111' title='bbox 742 1619 1133 1691; x_wconf 80' lang='lat' dir='ltr'><strong>gentibusque</strong></span> <span class='ocrx_word' id='word_1_112' title='bbox 1152 1616 1412 1673; x_wconf 85' lang='lat' dir='ltr'><strong>Thracia</strong></span> <span class='ocrx_word' id='word_1_113' title='bbox 1433 1615 1726 1680; x_wconf 85' lang='lat' dir='ltr'><strong>ﬁnitimis,</strong></span> <span class='ocrx_word' id='word_1_114' title='bbox 1754 1628 1937 1686; x_wconf 86' lang='lat' dir='ltr'><strong>usque</strong></span> <span class='ocrx_word' id='word_1_115' title='bbox 1963 1612 2039 1668; x_wconf 87' lang='lat' dir='ltr'><strong>ad</strong></span> <span class='ocrx_word' id='word_1_116' title='bbox 2057 1627 2220 1667; x_wconf 82' lang='lat' dir='ltr'><strong>mare</strong></span> 
     </span>
    </p>
   </div>
   <div class='ocr_carea' id='block_1_19' title="bbox 556 1700 2219 1783">
    <p class='ocr_par' dir='ltr' id='par_1_19' title="bbox 556 1700 2219 1783">
     <span class='ocr_line' id='line_1_19' title="bbox 556 1700 2219 1783; baseline -0.007 -17"><span class='ocrx_word' id='word_1_117' title='bbox 556 1711 719 1783; x_wconf 89' lang='lat' dir='ltr'><strong>quod</strong></span> <span class='ocrx_word' id='word_1_118' title='bbox 762 1708 1213 1780; x_wconf 87' lang='lat' dir='ltr'><strong>Salmydessum</strong></span> <span class='ocrx_word' id='word_1_119' title='bbox 1256 1705 1427 1761; x_wconf 85' lang='lat' dir='ltr'><strong>Ponti</strong></span> <span class='ocrx_word' id='word_1_120' title='bbox 1468 1705 1671 1760; x_wconf 82' lang='lat' dir='ltr'><strong>Euxini</strong></span> <span class='ocrx_word' id='word_1_121' title='bbox 1714 1703 1924 1758; x_wconf 84' lang='lat' dir='ltr'><strong>urbem</strong></span> <span class='ocrx_word' id='word_1_122' title='bbox 1963 1700 2219 1770; x_wconf 87' lang='lat' dir='ltr'><strong>attingit,</strong></span> 
     </span>
    </p>
   </div>
   <div class='ocr_carea' id='block_1_20' title="bbox 562 1791 2223 1871">
    <p class='ocr_par' dir='ltr' id='par_1_20' title="bbox 562 1791 2223 1871">
     <span class='ocr_line' id='line_1_20' title="bbox 562 1791 2223 1871; baseline -0.006 -16"><span class='ocrx_word' id='word_1_123' title='bbox 562 1799 948 1871; x_wconf 82' lang='lat' dir='ltr'><strong>Lysimachus</strong></span> <span class='ocrx_word' id='word_1_124' title='bbox 988 1797 1305 1869; x_wconf 86' lang='lat' dir='ltr'><strong>prafectus</strong></span> <span class='ocrx_word' id='word_1_125' title='bbox 1343 1795 1539 1850; x_wconf 88' lang='lat' dir='ltr'><strong>datur.</strong></span> <span class='ocrx_word' id='word_1_126' title='bbox 1589 1796 1660 1847; x_wconf 87' lang='lat' dir='ltr'><strong>At</strong></span> <span class='ocrx_word' id='word_1_127' title='bbox 1688 1808 1818 1864; x_wconf 89' lang='lat' dir='ltr'><strong>qua</strong></span> <span class='ocrx_word' id='word_1_128' title='bbox 1853 1791 2005 1846; x_wconf 85' lang='lat' dir='ltr'><strong>ultra</strong></span> <span class='ocrx_word' id='word_1_129' title='bbox 2043 1792 2223 1846; x_wconf 87' lang='lat' dir='ltr'><strong>Thra-</strong></span> 
     </span>
    </p>
   </div>
   <div class='ocr_carea' id='block_1_21' title="bbox 562 1881 2223 1958">
    <p class='ocr_par' dir='ltr' id='par_1_21' title="bbox 562 1881 2223 1958">
     <span class='ocr_line' id='line_1_21' title="bbox 562 1881 2223 1958; baseline -0.007 -14"><span class='ocrx_word' id='word_1_130' title='bbox 562 1889 718 1945; x_wconf 89' lang='lat' dir='ltr'><strong>ciam</strong></span> <span class='ocrx_word' id='word_1_131' title='bbox 775 1901 964 1958; x_wconf 89' lang='lat' dir='ltr'><strong>usque</strong></span> <span class='ocrx_word' id='word_1_132' title='bbox 1003 1885 1081 1940; x_wconf 83' lang='lat' dir='ltr'><strong>ad</strong></span> <span class='ocrx_word' id='word_1_133' title='bbox 1138 1885 1423 1955; x_wconf 83' lang='lat' dir='ltr'><strong>Illyricos,</strong></span> <span class='ocrx_word' id='word_1_134' title='bbox 1466 1881 1774 1945; x_wconf 89' lang='lat' dir='ltr'><strong>Triballos,</strong></span> <span class='ocrx_word' id='word_1_135' title='bbox 1840 1886 1896 1935; x_wconf 90' lang='lat' dir='ltr'><strong>et</strong></span> <span class='ocrx_word' id='word_1_136' title='bbox 1933 1881 2223 1951; x_wconf 88' lang='lat' dir='ltr'><strong>Agrianos</strong></span> 
     </span>
    </p>
   </div>
   <div class='ocr_carea' id='block_1_22' title="bbox 564 1967 2223 2049">
    <p class='ocr_par' dir='ltr' id='par_1_22' title="bbox 564 1967 2223 2049">
     <span class='ocr_line' id='line_1_22' title="bbox 564 1967 2223 2049; baseline -0.006 -18"><span class='ocrx_word' id='word_1_137' title='bbox 564 1976 878 2049; x_wconf 86' lang='lat' dir='ltr'><strong>pertinent,</strong></span> <span class='ocrx_word' id='word_1_138' title='bbox 927 1975 1173 2045; x_wconf 89' lang='lat' dir='ltr'><strong>ipsaque</strong></span> <span class='ocrx_word' id='word_1_139' title='bbox 1212 1972 1364 2026; x_wconf 90' lang='lat' dir='ltr'><strong>adeo</strong></span> <span class='ocrx_word' id='word_1_140' title='bbox 1404 1970 1765 2033; x_wconf 77' lang='lat' dir='ltr'><strong>Macedonia,</strong></span> <span class='ocrx_word' id='word_1_141' title='bbox 1807 1974 1863 2023; x_wconf 93' lang='lat' dir='ltr'><strong>et</strong></span> <span class='ocrx_word' id='word_1_142' title='bbox 1908 1971 2115 2039; x_wconf 87' lang='lat' dir='ltr'><strong>Epirus</strong></span> <span class='ocrx_word' id='word_1_143' title='bbox 2146 1967 2223 2022; x_wconf 88' lang='lat' dir='ltr'><strong>ad</strong></span> 
     </span>
    </p>
   </div>
   <div class='ocr_carea' id='block_1_23' title="bbox 566 2056 2225 2134">
    <p class='ocr_par' dir='ltr' id='par_1_23' title="bbox 566 2056 2225 2134">
     <span class='ocr_line' id='line_1_23' title="bbox 566 2056 2225 2134; baseline -0.005 -15"><span class='ocrx_word' id='word_1_144' title='bbox 566 2065 886 2121; x_wconf 84' lang='lat' dir='ltr'><strong>Ceraunios</strong></span> <span class='ocrx_word' id='word_1_145' title='bbox 920 2077 1110 2134; x_wconf 86' lang='lat' dir='ltr'><strong>usque</strong></span> <span class='ocrx_word' id='word_1_146' title='bbox 1151 2067 1384 2116; x_wconf 89' lang='lat' dir='ltr'><strong>montes</strong></span> <span class='ocrx_word' id='word_1_147' title='bbox 1414 2059 1776 2130; x_wconf 77' lang='lat' dir='ltr'><strong>pertingens,</strong></span> <span class='ocrx_word' id='word_1_148' title='bbox 1822 2074 1956 2112; x_wconf 90' lang='lat' dir='ltr'><strong>cum</strong></span> <span class='ocrx_word' id='word_1_149' title='bbox 2001 2056 2225 2112; x_wconf 89' lang='lat' dir='ltr'><strong>Gracia</strong></span> 
     </span>
    </p>
   </div>
   <div class='ocr_carea' id='block_1_24' title="bbox 568 2146 2223 2219">
    <p class='ocr_par' dir='ltr' id='par_1_24' title="bbox 568 2146 2223 2219">
     <span class='ocr_line' id='line_1_24' title="bbox 568 2146 2223 2219; baseline -0.005 -11"><span class='ocrx_word' id='word_1_150' title='bbox 568 2152 850 2208; x_wconf 89' lang='lat' dir='ltr'><strong>universa</strong></span> <span class='ocrx_word' id='word_1_151' title='bbox 874 2153 1132 2213; x_wconf 86' lang='lat' dir='ltr'><strong>Cratero,</strong></span> <span class='ocrx_word' id='word_1_152' title='bbox 1155 2154 1211 2204; x_wconf 87' lang='lat' dir='ltr'><strong>et</strong></span> <span class='ocrx_word' id='word_1_153' title='bbox 1235 2149 1543 2219; x_wconf 85' lang='lat' dir='ltr'><strong>Antipatro</strong></span> <span class='ocrx_word' id='word_1_154' title='bbox 1572 2146 1962 2203; x_wconf 87' lang='lat' dir='ltr'><strong>obvenerunt.</strong></span> <span class='ocrx_word' id='word_1_155' title='bbox 1989 2149 2075 2200; x_wconf 88' lang='lat' dir='ltr'><strong>lta</strong></span> <span class='ocrx_word' id='word_1_156' title='bbox 2097 2146 2223 2200; x_wconf 89' lang='lat' dir='ltr'><strong>hac</strong></span> 
     </span>
    </p>
   </div>
   <div class='ocr_carea' id='block_1_25' title="bbox 569 2234 2222 2310">
    <p class='ocr_par' dir='ltr' id='par_1_25' title="bbox 569 2234 2222 2310">
     <span class='ocr_line' id='line_1_25' title="bbox 569 2234 2222 2310; baseline -0.005 -13"><span class='ocrx_word' id='word_1_157' title='bbox 569 2240 784 2297; x_wconf 86' lang='lat' dir='ltr'><strong>divisio</strong></span> <span class='ocrx_word' id='word_1_158' title='bbox 810 2239 964 2295; x_wconf 86' lang='lat' dir='ltr'><strong>facta</strong></span> <span class='ocrx_word' id='word_1_159' title='bbox 1002 2255 1016 2293; x_wconf 88' lang='lat'><strong>:</strong></span> <span class='ocrx_word' id='word_1_160' title='bbox 1046 2254 1189 2294; x_wconf 90' lang='lat' dir='ltr'><strong>nam</strong></span> <span class='ocrx_word' id='word_1_161' title='bbox 1222 2237 1479 2310; x_wconf 93' lang='lat' dir='ltr'><strong>plurima</strong></span> <span class='ocrx_word' id='word_1_162' title='bbox 1504 2236 1655 2304; x_wconf 91' lang='lat' dir='ltr'><strong>loca,</strong></span> <span class='ocrx_word' id='word_1_163' title='bbox 1687 2240 1750 2290; x_wconf 89' lang='lat' dir='ltr'><strong>ut</strong></span> <span class='ocrx_word' id='word_1_164' title='bbox 1778 2236 1855 2291; x_wconf 90' lang='lat' dir='ltr'><strong>ab</strong></span> <span class='ocrx_word' id='word_1_165' title='bbox 1887 2234 2222 2290; x_wconf 84' lang='lat' dir='ltr'><strong>Alexandro</strong></span> 
     </span>
    </p>
   </div>
   <div class='ocr_carea' id='block_1_26' title="bbox 568 2323 2226 2398">
    <p class='ocr_par' dir='ltr' id='par_1_26' title="bbox 568 2323 2226 2398">
     <span class='ocr_line' id='line_1_26' title="bbox 568 2323 2226 2398; baseline -0.005 -12"><span class='ocrx_word' id='word_1_166' title='bbox 568 2329 771 2387; x_wconf 87' lang='lat' dir='ltr'><strong>relicta</strong></span> <span class='ocrx_word' id='word_1_167' title='bbox 799 2334 988 2397; x_wconf 90' lang='lat' dir='ltr'><strong>erant,</strong></span> <span class='ocrx_word' id='word_1_168' title='bbox 1020 2327 1314 2398; x_wconf 87' lang='lat' dir='ltr'><strong>indigenis</strong></span> <span class='ocrx_word' id='word_1_169' title='bbox 1331 2327 1600 2398; x_wconf 90' lang='lat' dir='ltr'><strong>parentia</strong></span> <span class='ocrx_word' id='word_1_170' title='bbox 1621 2325 1931 2397; x_wconf 76' lang='lat' dir='ltr'><strong>praefectis,</strong></span> <span class='ocrx_word' id='word_1_171' title='bbox 1965 2323 2226 2379; x_wconf 91' lang='lat' dir='ltr'><strong>indivisa</strong></span> 
     </span>
    </p>
   </div>
   <div class='ocr_carea' id='block_1_27' title="bbox 568 2422 1051 2491">
    <p class='ocr_par' dir='ltr' id='par_1_27' title="bbox 568 2422 1051 2491">
     <span class='ocr_line' id='line_1_27' title="bbox 568 2422 1051 2491; baseline -0.004 -17"><span class='ocrx_word' id='word_1_172' title='bbox 568 2422 1051 2491; x_wconf 86' lang='lat' dir='ltr'><strong>permanserunt.</strong></span> 
     </span>
    </p>
   </div>
   <div class='ocr_carea' id='block_1_28' title="bbox 557 2502 2226 2576">
    <p class='ocr_par' dir='ltr' id='par_1_28' title="bbox 557 2502 2226 2576">
     <span class='ocr_line' id='line_1_28' title="bbox 557 2502 2226 2576; baseline -0.004 -14"><span class='ocrx_word' id='word_1_173' title='bbox 557 2558 563 2563; x_wconf 87' lang='lat'><strong>.</strong></span> <span class='ocrx_word' id='word_1_174' title='bbox 643 2507 874 2562; x_wconf 85' lang='lat' dir='ltr'><strong>Interea</strong></span> <span class='ocrx_word' id='word_1_175' title='bbox 895 2510 950 2561; x_wconf 90' lang='lat' dir='ltr'><strong>et</strong></span> <span class='ocrx_word' id='word_1_176' title='bbox 988 2508 1226 2561; x_wconf 83' lang='lat' dir='ltr'><strong>Roxana</strong></span> <span class='ocrx_word' id='word_1_177' title='bbox 1267 2518 1590 2576; x_wconf 87' lang='lat' dir='ltr'><strong>pragnans</strong></span> <span class='ocrx_word' id='word_1_178' title='bbox 1620 2503 1773 2576; x_wconf 88' lang='lat' dir='ltr'><strong>parit</strong></span> <span class='ocrx_word' id='word_1_179' title='bbox 1797 2502 2011 2568; x_wconf 88' lang='lat' dir='ltr'><strong>ﬁlium,</strong></span> <span class='ocrx_word' id='word_1_180' title='bbox 2045 2516 2226 2573; x_wconf 89' lang='lat' dir='ltr'><strong>quem</strong></span> 
     </span>
    </p>
   </div>
   <div class='ocr_carea' id='block_1_29' title="bbox 571 2590 2228 2665">
    <p class='ocr_par' dir='ltr' id='par_1_29' title="bbox 571 2590 2228 2665">
     <span class='ocr_line' id='line_1_29' title="bbox 571 2590 2228 2665; baseline -0.004 -14"><span class='ocrx_word' id='word_1_181' title='bbox 571 2609 945 2665; x_wconf 86' lang='lat' dir='ltr'><strong>moxregem</strong></span> <span class='ocrx_word' id='word_1_182' title='bbox 962 2593 1233 2649; x_wconf 90' lang='lat' dir='ltr'><strong>militaris</strong></span> <span class='ocrx_word' id='word_1_183' title='bbox 1263 2593 1439 2648; x_wconf 91' lang='lat' dir='ltr'><strong>turba</strong></span> <span class='ocrx_word' id='word_1_184' title='bbox 1467 2592 1827 2648; x_wconf 89' lang='lat' dir='ltr'><strong>renuntiavit</strong></span> <span class='ocrx_word' id='word_1_185' title='bbox 1858 2608 1871 2645; x_wconf 91' lang='lat'><strong>:</strong></span> <span class='ocrx_word' id='word_1_186' title='bbox 1904 2597 1960 2647; x_wconf 89' lang='lat' dir='ltr'><strong>et</strong></span> <span class='ocrx_word' id='word_1_187' title='bbox 1988 2590 2228 2646; x_wconf 87' lang='lat' dir='ltr'><strong>seditio—</strong></span> 
     </span>
    </p>
   </div>
   <div class='ocr_carea' id='block_1_30' title="bbox 558 2680 2227 2752">
    <p class='ocr_par' dir='ltr' id='par_1_30' title="bbox 558 2680 2227 2752">
     <span class='ocr_line' id='line_1_30' title="bbox 558 2680 2227 2752; baseline -0.004 -12"><span class='ocrx_word' id='word_1_188' title='bbox 558 2683 745 2740; x_wconf 79' lang='lat' dir='ltr'><strong>nibus</strong></span> <span class='ocrx_word' id='word_1_189' title='bbox 773 2683 849 2739; x_wconf 86' lang='lat' dir='ltr'><strong>ab</strong></span> <span class='ocrx_word' id='word_1_190' title='bbox 867 2682 1185 2739; x_wconf 78' lang='lat' dir='ltr'><strong>Alexandri</strong></span> <span class='ocrx_word' id='word_1_191' title='bbox 1211 2697 1456 2738; x_wconf 84' lang='lat' dir='ltr'><strong>excessu</strong></span> <span class='ocrx_word' id='word_1_192' title='bbox 1480 2683 1687 2737; x_wconf 84' lang='lat' dir='ltr'><strong>omnia</strong></span> <span class='ocrx_word' id='word_1_193' title='bbox 1712 2680 2112 2752; x_wconf 88' lang='lat' dir='ltr'><strong>replebantur.</strong></span> <span class='ocrx_word' id='word_1_194' title='bbox 2138 2682 2227 2735; x_wconf 87' lang='lat' dir='ltr'><strong>Et-</strong></span> 
     </span>
    </p>
   </div>
   <div class='ocr_carea' id='block_1_31' title="bbox 570 2770 2227 2843">
    <p class='ocr_par' dir='ltr' id='par_1_31' title="bbox 570 2770 2227 2843">
     <span class='ocr_line' id='line_1_31' title="bbox 570 2770 2227 2843; baseline -0.004 -13"><span class='ocrx_word' id='word_1_195' title='bbox 570 2773 735 2830; x_wconf 88' lang='lat' dir='ltr'><strong>enim</strong></span> <span class='ocrx_word' id='word_1_196' title='bbox 792 2772 1091 2843; x_wconf 82' lang='lat' dir='ltr'><strong>Antipater</strong></span> <span class='ocrx_word' id='word_1_197' title='bbox 1156 2787 1293 2827; x_wconf 91' lang='lat' dir='ltr'><strong>cum</strong></span> <span class='ocrx_word' id='word_1_198' title='bbox 1354 2770 1837 2839; x_wconf 87' lang='lat' dir='ltr'><strong>Atheniensibus,</strong></span> <span class='ocrx_word' id='word_1_199' title='bbox 1900 2775 2227 2841; x_wconf 82' lang='lat' dir='ltr'><strong>cateraque</strong></span> 
     </span>
    </p>
   </div>
   <div class='ocr_carea' id='block_1_32' title="bbox 572 2857 2224 2932">
    <p class='ocr_par' dir='ltr' id='par_1_32' title="bbox 572 2857 2224 2932">
     <span class='ocr_line' id='line_1_32' title="bbox 572 2857 2224 2932; baseline -0.004 -14"><span class='ocrx_word' id='word_1_200' title='bbox 572 2861 812 2925; x_wconf 88' lang='lat' dir='ltr'><strong>Gracia,</strong></span> <span class='ocrx_word' id='word_1_201' title='bbox 854 2876 1041 2932; x_wconf 88' lang='lat' dir='ltr'><strong>quam</strong></span> <span class='ocrx_word' id='word_1_202' title='bbox 1080 2860 1440 2915; x_wconf 87' lang='lat' dir='ltr'><strong>Leosthenes</strong></span> <span class='ocrx_word' id='word_1_203' title='bbox 1483 2858 1805 2930; x_wconf 88' lang='lat' dir='ltr'><strong>imperator</strong></span> <span class='ocrx_word' id='word_1_204' title='bbox 1847 2857 2224 2922; x_wconf 81' lang='lat' dir='ltr'><strong>defendebat,</strong></span> 
     </span>
    </p>
   </div>
   <div class='ocr_carea' id='block_1_33' title="bbox 570 2944 2227 3020">
    <p class='ocr_par' dir='ltr' id='par_1_33' title="bbox 570 2944 2227 3020">
     <span class='ocr_line' id='line_1_33' title="bbox 570 2944 2227 3020; baseline -0.005 -13"><span class='ocrx_word' id='word_1_205' title='bbox 570 2950 795 3007; x_wconf 86' lang='lat' dir='ltr'><strong>bellum</strong></span> <span class='ocrx_word' id='word_1_206' title='bbox 821 2950 1003 3020; x_wconf 90' lang='lat' dir='ltr'><strong>gessit</strong></span> <span class='ocrx_word' id='word_1_207' title='bbox 1038 2965 1050 3002; x_wconf 78' lang='grc' dir='ltr'><strong>ί</strong></span> <span class='ocrx_word' id='word_1_208' title='bbox 1082 2948 1467 3020; x_wconf 90' lang='lat' dir='ltr'><strong>primumque</strong></span> <span class='ocrx_word' id='word_1_209' title='bbox 1501 2948 1710 3012; x_wconf 90' lang='lat' dir='ltr'><strong>victus,</strong></span> <span class='ocrx_word' id='word_1_210' title='bbox 1743 2954 1798 3002; x_wconf 89' lang='lat' dir='ltr'><strong>et</strong></span> <span class='ocrx_word' id='word_1_211' title='bbox 1826 2947 1886 3001; x_wconf 91' lang='lat' dir='ltr'><strong>in</strong></span> <span class='ocrx_word' id='word_1_212' title='bbox 1919 2944 2227 3015; x_wconf 87' lang='lat' dir='ltr'><strong>angustias</strong></span> 
     </span>
    </p>
   </div>
   <div class='ocr_carea' id='block_1_34' title="bbox 569 3035 2225 3108">
    <p class='ocr_par' dir='ltr' id='par_1_34' title="bbox 569 3035 2225 3108">
     <span class='ocr_line' id='line_1_34' title="bbox 569 3035 2225 3108; baseline -0.005 -12"><span class='ocrx_word' id='word_1_213' title='bbox 569 3039 893 3103; x_wconf 88' lang='lat' dir='ltr'><strong>adductus,</strong></span> <span class='ocrx_word' id='word_1_214' title='bbox 928 3040 1200 3108; x_wconf 91' lang='lat' dir='ltr'><strong>superior</strong></span> <span class='ocrx_word' id='word_1_215' title='bbox 1232 3037 1475 3093; x_wconf 87' lang='lat' dir='ltr'><strong>tandem</strong></span> <span class='ocrx_word' id='word_1_216' title='bbox 1516 3036 1729 3100; x_wconf 89' lang='lat' dir='ltr'><strong>evasit,</strong></span> <span class='ocrx_word' id='word_1_217' title='bbox 1771 3035 1994 3089; x_wconf 87' lang='lat' dir='ltr'><strong>amisso</strong></span> <span class='ocrx_word' id='word_1_218' title='bbox 2024 3038 2225 3088; x_wconf 87' lang='lat' dir='ltr'><strong>tamen</strong></span> 
     </span>
    </p>
   </div>
   <div class='ocr_carea' id='block_1_35' title="bbox 575 3124 2226 3199">
    <p class='ocr_par' dir='ltr' id='par_1_35' title="bbox 575 3124 2226 3199">
     <span class='ocr_line' id='line_1_35' title="bbox 575 3124 2226 3199; baseline -0.006 -14"><span class='ocrx_word' id='word_1_219' title='bbox 575 3132 898 3193; x_wconf 89' lang='lat' dir='ltr'><strong>Leonnato,</strong></span> <span class='ocrx_word' id='word_1_220' title='bbox 930 3128 1029 3198; x_wconf 91' lang='lat' dir='ltr'><strong>qui</strong></span> <span class='ocrx_word' id='word_1_221' title='bbox 1062 3128 1369 3199; x_wconf 90' lang='lat' dir='ltr'><strong>suppetias</strong></span> <span class='ocrx_word' id='word_1_222' title='bbox 1398 3126 1702 3196; x_wconf 86' lang='lat' dir='ltr'><strong>Antipatro</strong></span> <span class='ocrx_word' id='word_1_223' title='bbox 1732 3126 2021 3181; x_wconf 87' lang='lat' dir='ltr'><strong>attulerat.</strong></span> <span class='ocrx_word' id='word_1_224' title='bbox 2058 3124 2226 3194; x_wconf 90' lang='lat' dir='ltr'><strong>Lysi-</strong></span> 
     </span>
    </p>
   </div>
   <div class='ocr_carea' id='block_1_36' title="bbox 573 3212 2227 3289">
    <p class='ocr_par' dir='ltr' id='par_1_36' title="bbox 573 3212 2227 3289">
     <span class='ocr_line' id='line_1_36' title="bbox 573 3212 2227 3289; baseline -0.005 -14"><span class='ocrx_word' id='word_1_225' title='bbox 573 3219 826 3275; x_wconf 87' lang='lat' dir='ltr'><strong>machus</strong></span> <span class='ocrx_word' id='word_1_226' title='bbox 868 3230 1110 3289; x_wconf 90' lang='lat' dir='ltr'><strong>quoque</strong></span> <span class='ocrx_word' id='word_1_227' title='bbox 1140 3231 1278 3270; x_wconf 91' lang='lat' dir='ltr'><strong>cum</strong></span> <span class='ocrx_word' id='word_1_228' title='bbox 1311 3214 1531 3271; x_wconf 88' lang='lat' dir='ltr'><strong>Seutha</strong></span> <span class='ocrx_word' id='word_1_229' title='bbox 1558 3214 1779 3270; x_wconf 89' lang='lat' dir='ltr'><strong>Thrace</strong></span> <span class='ocrx_word' id='word_1_230' title='bbox 1825 3214 2001 3268; x_wconf 89' lang='lat' dir='ltr'><strong>nimis</strong></span> <span class='ocrx_word' id='word_1_231' title='bbox 2046 3212 2227 3267; x_wconf 90' lang='lat' dir='ltr'><strong>auda-</strong></span> 
     </span>
    </p>
   </div>
   <div class='ocr_carea' id='block_1_37' title="bbox 572 3302 2225 3376">
    <p class='ocr_par' dir='ltr' id='par_1_37' title="bbox 572 3302 2225 3376">
     <span class='ocr_line' id='line_1_37' title="bbox 572 3302 2225 3376; baseline -0.005 -12"><span class='ocrx_word' id='word_1_232' title='bbox 572 3314 695 3364; x_wconf 87' lang='lat' dir='ltr'><strong>cter</strong></span> <span class='ocrx_word' id='word_1_233' title='bbox 706 3305 968 3362; x_wconf 85' lang='lat' dir='ltr'><strong>conﬂixit</strong></span> <span class='ocrx_word' id='word_1_234' title='bbox 980 3320 1088 3376; x_wconf 90' lang='lat' dir='ltr'><strong>pro</strong></span> <span class='ocrx_word' id='word_1_235' title='bbox 1100 3305 1176 3359; x_wconf 89' lang='lat' dir='ltr'><strong>im</strong></span> <span class='ocrx_word' id='word_1_236' title='bbox 1188 3305 1523 3375; x_wconf 87' lang='lat' dir='ltr'><strong>perio.Cum</strong></span> <span class='ocrx_word' id='word_1_237' title='bbox 1541 3304 1744 3374; x_wconf 82' lang='lat' dir='ltr'><strong>paucis</strong></span> <span class='ocrx_word' id='word_1_238' title='bbox 1758 3302 1916 3356; x_wconf 89' lang='lat' dir='ltr'><strong>enim</strong></span> <span class='ocrx_word' id='word_1_239' title='bbox 1930 3317 2225 3374; x_wconf 88' lang='lat' dir='ltr'><strong>pugnans,</strong></span> 
     </span>
    </p>
   </div>
   <div class='ocr_carea' id='block_1_38' title="bbox 576 3390 2228 3462">
    <p class='ocr_par' dir='ltr' id='par_1_38' title="bbox 576 3390 2228 3462">
     <span class='ocr_line' id='line_1_38' title="bbox 576 3390 2228 3462; baseline -0.005 -10"><span class='ocrx_word' id='word_1_240' title='bbox 576 3398 682 3452; x_wconf 92' lang='lat' dir='ltr'><strong>etsi</strong></span> <span class='ocrx_word' id='word_1_241' title='bbox 714 3401 953 3450; x_wconf 90' lang='lat' dir='ltr'><strong>strenue</strong></span> <span class='ocrx_word' id='word_1_242' title='bbox 984 3409 1046 3449; x_wconf 91' lang='lat' dir='ltr'><strong>se</strong></span> <span class='ocrx_word' id='word_1_243' title='bbox 1078 3398 1321 3462; x_wconf 86' lang='lat' dir='ltr'><strong>gereret,</strong></span> <span class='ocrx_word' id='word_1_244' title='bbox 1358 3398 1557 3447; x_wconf 88' lang='lat' dir='ltr'><strong>tamen</strong></span> <span class='ocrx_word' id='word_1_245' title='bbox 1596 3393 1899 3446; x_wconf 86' lang='lat' dir='ltr'><strong>confectus</strong></span> <span class='ocrx_word' id='word_1_246' title='bbox 1945 3398 2048 3445; x_wconf 78' lang='lat' dir='ltr'><strong>est.</strong></span> <span class='ocrx_word' id='word_1_247' title='bbox 2097 3390 2228 3444; x_wconf 87' lang='lat' dir='ltr'><strong>Per-</strong></span> 
     </span>
    </p>
   </div>
   <div class='ocr_carea' id='block_1_39' title="bbox 575 3479 2227 3552">
    <p class='ocr_par' dir='ltr' id='par_1_39' title="bbox 575 3479 2227 3552">
     <span class='ocr_line' id='line_1_39' title="bbox 575 3479 2227 3552; baseline -0.004 -11"><span class='ocrx_word' id='word_1_248' title='bbox 575 3485 779 3542; x_wconf 85' lang='lat' dir='ltr'><strong>diccas</strong></span> <span class='ocrx_word' id='word_1_249' title='bbox 819 3483 960 3539; x_wconf 89' lang='lat' dir='ltr'><strong>item</strong></span> <span class='ocrx_word' id='word_1_250' title='bbox 993 3498 1131 3537; x_wconf 91' lang='lat' dir='ltr'><strong>cum</strong></span> <span class='ocrx_word' id='word_1_251' title='bbox 1170 3480 1475 3537; x_wconf 87' lang='lat' dir='ltr'><strong>Ariarathe</strong></span> <span class='ocrx_word' id='word_1_252' title='bbox 1517 3479 1911 3552; x_wconf 83' lang='lat' dir='ltr'><strong>Cappadocia</strong></span> <span class='ocrx_word' id='word_1_253' title='bbox 1949 3479 2227 3551; x_wconf 83' lang='lat' dir='ltr'><strong>prafecto</strong></span> 
     </span>
    </p>
   </div>
   <div class='ocr_carea' id='block_1_40' title="bbox 577 3568 2226 3643">
    <p class='ocr_par' dir='ltr' id='par_1_40' title="bbox 577 3568 2226 3643">
     <span class='ocr_line' id='line_1_40' title="bbox 577 3568 2226 3643; baseline -0.005 -12"><span class='ocrx_word' id='word_1_254' title='bbox 577 3577 894 3637; x_wconf 88' lang='lat' dir='ltr'><strong>conseruit,</strong></span> <span class='ocrx_word' id='word_1_255' title='bbox 944 3571 1108 3643; x_wconf 91' lang='lat' dir='ltr'><strong>quod</strong></span> <span class='ocrx_word' id='word_1_256' title='bbox 1158 3571 1403 3626; x_wconf 87' lang='lat' dir='ltr'><strong>Eumeni</strong></span> <span class='ocrx_word' id='word_1_257' title='bbox 1432 3569 1512 3625; x_wconf 90' lang='lat' dir='ltr'><strong>ibi</strong></span> <span class='ocrx_word' id='word_1_258' title='bbox 1559 3571 1853 3641; x_wconf 83' lang='lat' dir='ltr'><strong>imperare</strong></span> <span class='ocrx_word' id='word_1_259' title='bbox 1904 3568 2074 3639; x_wconf 89' lang='lat' dir='ltr'><strong>jusso</strong></span> <span class='ocrx_word' id='word_1_260' title='bbox 2105 3584 2226 3623; x_wconf 91' lang='lat' dir='ltr'><strong>non</strong></span> 
     </span>
    </p>
   </div>
   <div class='ocr_carea' id='block_1_41' title="bbox 574 3658 2222 3733">
    <p class='ocr_par' dir='ltr' id='par_1_41' title="bbox 574 3658 2222 3733">
     <span class='ocr_line' id='line_1_41' title="bbox 574 3658 2222 3733; baseline -0.004 -14"><span class='ocrx_word' id='word_1_261' title='bbox 574 3663 867 3720; x_wconf 87' lang='lat' dir='ltr'><strong>cessisset.</strong></span> <span class='ocrx_word' id='word_1_262' title='bbox 897 3664 1019 3717; x_wconf 89' lang='lat' dir='ltr'><strong>Uno</strong></span> <span class='ocrx_word' id='word_1_263' title='bbox 1049 3660 1247 3733; x_wconf 89' lang='lat' dir='ltr'><strong>itaque</strong></span> <span class='ocrx_word' id='word_1_264' title='bbox 1278 3660 1374 3715; x_wconf 93' lang='lat' dir='ltr'><strong>hic</strong></span> <span class='ocrx_word' id='word_1_265' title='bbox 1399 3664 1457 3715; x_wconf 86' lang='lat' dir='ltr'><strong>et</strong></span> <span class='ocrx_word' id='word_1_266' title='bbox 1486 3658 1669 3715; x_wconf 88' lang='lat' dir='ltr'><strong>altero</strong></span> <span class='ocrx_word' id='word_1_267' title='bbox 1696 3658 1900 3729; x_wconf 86' lang='lat' dir='ltr'><strong>pralio</strong></span> <span class='ocrx_word' id='word_1_268' title='bbox 1932 3658 2222 3730; x_wconf 89' lang='lat' dir='ltr'><strong>superior,</strong></span> 
     </span>
    </p>
   </div>
   <div class='ocr_carea' id='block_1_42' title="bbox 576 3748 2226 3824">
    <p class='ocr_par' dir='ltr' id='par_1_42' title="bbox 576 3748 2226 3824">
     <span class='ocr_line' id='line_1_42' title="bbox 576 3748 2226 3824; baseline -0.005 -14"><span class='ocrx_word' id='word_1_269' title='bbox 576 3758 820 3824; x_wconf 91' lang='lat' dir='ltr'><strong>captum</strong></span> <span class='ocrx_word' id='word_1_270' title='bbox 850 3752 1014 3806; x_wconf 91' lang='lat' dir='ltr'><strong>illum</strong></span> <span class='ocrx_word' id='word_1_271' title='bbox 1045 3749 1374 3821; x_wconf 88' lang='lat' dir='ltr'><strong>suspendit,</strong></span> <span class='ocrx_word' id='word_1_272' title='bbox 1409 3751 1853 3818; x_wconf 88' lang='lat' dir='ltr'><strong>Eumenemque</strong></span> <span class='ocrx_word' id='word_1_273' title='bbox 1885 3748 1944 3802; x_wconf 87' lang='lat' dir='ltr'><strong>in</strong></span> <span class='ocrx_word' id='word_1_274' title='bbox 1972 3762 2226 3816; x_wconf 91' lang='lat' dir='ltr'><strong>regnum</strong></span> 
     </span>
    </p>
   </div>
   <div class='ocr_carea' id='block_1_43' title="bbox 576 3837 2227 3910">
    <p class='ocr_par' dir='ltr' id='par_1_43' title="bbox 576 3837 2227 3910">
     <span class='ocr_line' id='line_1_43' title="bbox 576 3837 2227 3910; baseline -0.005 -13"><span class='ocrx_word' id='word_1_275' title='bbox 576 3840 843 3899; x_wconf 85' lang='lat' dir='ltr'><strong>restituit.</strong></span> <span class='ocrx_word' id='word_1_276' title='bbox 872 3838 1144 3896; x_wconf 87' lang='lat' dir='ltr'><strong>Craterus</strong></span> <span class='ocrx_word' id='word_1_277' title='bbox 1172 3854 1311 3894; x_wconf 90' lang='lat' dir='ltr'><strong>vero</strong></span> <span class='ocrx_word' id='word_1_278' title='bbox 1335 3838 1641 3910; x_wconf 87' lang='lat' dir='ltr'><strong>Antipatro</strong></span> <span class='ocrx_word' id='word_1_279' title='bbox 1674 3844 1921 3908; x_wconf 91' lang='lat' dir='ltr'><strong>portans</strong></span> <span class='ocrx_word' id='word_1_280' title='bbox 1943 3837 2227 3892; x_wconf 88' lang='lat' dir='ltr'><strong>adversus</strong></span> 
     </span>
    </p>
   </div>
   <div class='ocr_carea' id='block_1_44' title="bbox 577 3925 2224 3999">
    <p class='ocr_par' dir='ltr' id='par_1_44' title="bbox 577 3925 2224 3999">
     <span class='ocr_line' id='line_1_44' title="bbox 577 3925 2224 3999; baseline -0.004 -11"><span class='ocrx_word' id='word_1_281' title='bbox 577 3931 862 3988; x_wconf 88' lang='lat' dir='ltr'><strong>Graciam</strong></span> <span class='ocrx_word' id='word_1_282' title='bbox 893 3928 1204 3985; x_wconf 82' lang='lat' dir='ltr'><strong>auxiliares</strong></span> <span class='ocrx_word' id='word_1_283' title='bbox 1243 3926 1467 3999; x_wconf 85' lang='lat' dir='ltr'><strong>copias,</strong></span> <span class='ocrx_word' id='word_1_284' title='bbox 1516 3928 1768 3982; x_wconf 89' lang='lat' dir='ltr'><strong>victoria</strong></span> <span class='ocrx_word' id='word_1_285' title='bbox 1800 3925 1955 3981; x_wconf 91' lang='lat' dir='ltr'><strong>illius</strong></span> <span class='ocrx_word' id='word_1_286' title='bbox 2000 3930 2224 3991; x_wconf 85' lang='lat' dir='ltr'><strong>auctor,</strong></span> 
     </span>
    </p>
   </div>
   <div class='ocr_carea' id='block_1_45' title="bbox 575 4015 2229 4094">
    <p class='ocr_par' dir='ltr' id='par_1_45' title="bbox 575 4015 2229 4094">
     <span class='ocr_line' id='line_1_45' title="bbox 575 4015 2229 4094; baseline -0.003 -19"><span class='ocrx_word' id='word_1_287' title='bbox 575 4037 696 4094; x_wconf 86' lang='lat' dir='ltr'><strong>qua</strong></span> <span class='ocrx_word' id='word_1_288' title='bbox 720 4020 855 4075; x_wconf 84' lang='lat' dir='ltr'><strong>victi</strong></span> <span class='ocrx_word' id='word_1_289' title='bbox 885 4017 1087 4084; x_wconf 86' lang='lat' dir='ltr'><strong>Graci,</strong></span> <span class='ocrx_word' id='word_1_290' title='bbox 1121 4018 1356 4073; x_wconf 80' lang='lat' dir='ltr'><strong>exstitit.</strong></span> <span class='ocrx_word' id='word_1_291' title='bbox 1389 4016 1793 4082; x_wconf 87' lang='lat' dir='ltr'><strong>Quamobrem</strong></span> <span class='ocrx_word' id='word_1_292' title='bbox 1826 4016 2053 4087; x_wconf 88' lang='lat' dir='ltr'><strong>utrique</strong></span> <span class='ocrx_word' id='word_1_293' title='bbox 2075 4015 2229 4070; x_wconf 90' lang='lat' dir='ltr'><strong>dicto</strong></span> 
     </span>
    </p>
   </div>
   <div class='ocr_carea' id='block_1_46' title="bbox 576 4104 2230 4180">
    <p class='ocr_par' dir='ltr' id='par_1_46' title="bbox 576 4104 2230 4180">
     <span class='ocr_line' id='line_1_46' title="bbox 576 4104 2230 4180; baseline -0.005 -12"><span class='ocrx_word' id='word_1_294' title='bbox 576 4108 1207 4180; x_wconf 88' lang='lat' dir='ltr'><strong>audientes,imperata</strong></span> <span class='ocrx_word' id='word_1_295' title='bbox 1217 4106 1499 4178; x_wconf 87' lang='lat' dir='ltr'><strong>deinceps</strong></span> <span class='ocrx_word' id='word_1_296' title='bbox 1514 4107 1736 4177; x_wconf 87' lang='lat' dir='ltr'><strong>absque</strong></span> <span class='ocrx_word' id='word_1_297' title='bbox 1752 4104 2230 4174; x_wconf 87' lang='lat' dir='ltr'><strong>tergiversatione</strong></span> 
     </span>
    </p>
   </div>
   <div class='ocr_carea' id='block_1_47' title="bbox 577 4192 2233 4267">
    <p class='ocr_par' dir='ltr' id='par_1_47' title="bbox 577 4192 2233 4267">
     <span class='ocr_line' id='line_1_47' title="bbox 577 4192 2233 4267; baseline -0.003 -13"><span class='ocrx_word' id='word_1_298' title='bbox 577 4197 860 4255; x_wconf 81' lang='lat' dir='ltr'><strong>fecerunt.</strong></span> <span class='ocrx_word' id='word_1_299' title='bbox 908 4197 973 4252; x_wconf 87' lang='lat' dir='ltr'><strong>Et</strong></span> <span class='ocrx_word' id='word_1_300' title='bbox 1001 4197 1130 4254; x_wconf 85' lang='lat' dir='ltr'><strong>hac</strong></span> <span class='ocrx_word' id='word_1_301' title='bbox 1172 4195 1417 4267; x_wconf 87' lang='lat' dir='ltr'><strong>quidem</strong></span> <span class='ocrx_word' id='word_1_302' title='bbox 1457 4194 1624 4250; x_wconf 88' lang='lat' dir='ltr'><strong>libris</strong></span> <span class='ocrx_word' id='word_1_303' title='bbox 1662 4195 1928 4266; x_wconf 90' lang='lat' dir='ltr'><strong>quinque</strong></span> <span class='ocrx_word' id='word_1_304' title='bbox 1969 4192 2233 4265; x_wconf 90' lang='lat' dir='ltr'><strong>comple-</strong></span> 
     </span>
    </p>
   </div>
   <div class='ocr_carea' id='block_1_48' title="bbox 578 4287 770 4343">
    <p class='ocr_par' dir='ltr' id='par_1_48' title="bbox 578 4287 770 4343">
     <span class='ocr_line' id='line_1_48' title="bbox 578 4287 770 4343; baseline -0.016 0"><span class='ocrx_word' id='word_1_305' title='bbox 578 4287 770 4343; x_wconf 90' lang='lat' dir='ltr'><strong>ctitur.</strong></span> 
     </span>
    </p>
   </div>
   <div class='ocr_carea' id='block_1_49' title="bbox 654 4372 2233 4444">
    <p class='ocr_par' dir='ltr' id='par_1_49' title="bbox 654 4372 2233 4444">
     <span class='ocr_line' id='line_1_49' title="bbox 654 4372 2233 4444; baseline -0.003 -13"><span class='ocrx_word' id='word_1_306' title='bbox 654 4376 860 4431; x_wconf 81' lang='lat' dir='ltr'><strong>Sextus</strong></span> <span class='ocrx_word' id='word_1_307' title='bbox 888 4373 1061 4429; x_wconf 84' lang='lat' dir='ltr'><strong>refert</strong></span> <span class='ocrx_word' id='word_1_308' title='bbox 1092 4372 1551 4428; x_wconf 69' lang='lat' dir='ltr'><strong>Demosthenem</strong></span> <span class='ocrx_word' id='word_1_309' title='bbox 1588 4378 1643 4429; x_wconf 88' lang='lat' dir='ltr'><strong>et</strong></span> <span class='ocrx_word' id='word_1_310' title='bbox 1678 4372 2033 4444; x_wconf 86' lang='lat' dir='ltr'><strong>Hyperidem</strong></span> <span class='ocrx_word' id='word_1_311' title='bbox 2064 4372 2233 4427; x_wconf 85' lang='lat' dir='ltr'><strong>Athe-</strong></span> 
     </span>
    </p>
   </div>
   <div class='ocr_carea' id='block_1_50' title="bbox 579 4460 2234 4533">
    <p class='ocr_par' dir='ltr' id='par_1_50' title="bbox 579 4460 2234 4533">
     <span class='ocr_line' id='line_1_50' title="bbox 579 4460 2234 4533; baseline -0.003 -12"><span class='ocrx_word' id='word_1_312' title='bbox 579 4464 817 4521; x_wconf 89' lang='lat' dir='ltr'><strong>nienses</strong></span> <span class='ocrx_word' id='word_1_313' title='bbox 861 4463 1103 4533; x_wconf 84' lang='lat' dir='ltr'><strong>fugisse,</strong></span> <span class='ocrx_word' id='word_1_314' title='bbox 1151 4462 1545 4517; x_wconf 79' lang='lat' dir='ltr'><strong>Aristonicum</strong></span> <span class='ocrx_word' id='word_1_315' title='bbox 1597 4460 1737 4518; x_wconf 92' lang='lat' dir='ltr'><strong>item</strong></span> <span class='ocrx_word' id='word_1_316' title='bbox 1782 4462 2234 4529; x_wconf 80' lang='lat' dir='ltr'><strong>Marathonium,</strong></span> 
     </span>
    </p>
   </div>
   <div class='ocr_carea' id='block_1_51' title="bbox 576 4548 2237 4622">
    <p class='ocr_par' dir='ltr' id='par_1_51' title="bbox 576 4548 2237 4622">
     <span class='ocr_line' id='line_1_51' title="bbox 576 4548 2237 4622; baseline -0.004 -10"><span class='ocrx_word' id='word_1_317' title='bbox 576 4560 634 4612; x_wconf 88' lang='lat' dir='ltr'><strong>et</strong></span> <span class='ocrx_word' id='word_1_318' title='bbox 664 4554 1021 4610; x_wconf 85' lang='lat' dir='ltr'><strong>Himeraum</strong></span> <span class='ocrx_word' id='word_1_319' title='bbox 1055 4549 1325 4607; x_wconf 88' lang='lat' dir='ltr'><strong>Demetrii</strong></span> <span class='ocrx_word' id='word_1_320' title='bbox 1358 4548 1617 4605; x_wconf 87' lang='lat' dir='ltr'><strong>Phalerei</strong></span> <span class='ocrx_word' id='word_1_321' title='bbox 1648 4548 1907 4615; x_wconf 84' lang='lat' dir='ltr'><strong>fratrem,</strong></span> <span class='ocrx_word' id='word_1_322' title='bbox 1940 4550 2237 4622; x_wconf 55' lang='lat' dir='ltr'><strong>[Eginam-</strong></span> 
     </span>
    </p>
   </div>
   <div class='ocr_carea' id='block_1_52' title="bbox 578 4638 2240 4714">
    <p class='ocr_par' dir='ltr' id='par_1_52' title="bbox 578 4638 2240 4714">
     <span class='ocr_line' id='line_1_52' title="bbox 578 4638 2240 4714; baseline -0.003 -14"><span class='ocrx_word' id='word_1_323' title='bbox 578 4660 696 4713; x_wconf 91' lang='lat' dir='ltr'><strong>que</strong></span> <span class='ocrx_word' id='word_1_324' title='bbox 727 4645 986 4714; x_wconf 86' lang='lat' dir='ltr'><strong>primum</strong></span> <span class='ocrx_word' id='word_1_325' title='bbox 1022 4640 1273 4703; x_wconf 85' lang='lat' dir='ltr'><strong>venisse,</strong></span> <span class='ocrx_word' id='word_1_326' title='bbox 1308 4638 1408 4694; x_wconf 88' lang='lat' dir='ltr'><strong>ubi</strong></span> <span class='ocrx_word' id='word_1_327' title='bbox 1435 4639 1577 4694; x_wconf 91' lang='lat' dir='ltr'><strong>dum</strong></span> <span class='ocrx_word' id='word_1_328' title='bbox 1606 4646 2000 4705; x_wconf 89' lang='lat' dir='ltr'><strong>versarentur,</strong></span> <span class='ocrx_word' id='word_1_329' title='bbox 2033 4645 2240 4695; x_wconf 91' lang='lat' dir='ltr'><strong>orante</strong></span> 
     </span>
    </p>
   </div>
   <div class='ocr_carea' id='block_1_53' title="bbox 582 4727 2241 4803">
    <p class='ocr_par' dir='ltr' id='par_1_53' title="bbox 582 4727 2241 4803">
     <span class='ocr_line' id='line_1_53' title="bbox 582 4727 2241 4803; baseline -0.004 -13"><span class='ocrx_word' id='word_1_330' title='bbox 582 4732 861 4797; x_wconf 88' lang='lat' dir='ltr'><strong>Demade,</strong></span> <span class='ocrx_word' id='word_1_331' title='bbox 894 4729 1103 4803; x_wconf 87' lang='lat' dir='ltr'><strong>capitis</strong></span> <span class='ocrx_word' id='word_1_332' title='bbox 1133 4728 1425 4785; x_wconf 87' lang='lat' dir='ltr'><strong>sententia</strong></span> <span class='ocrx_word' id='word_1_333' title='bbox 1457 4727 1535 4784; x_wconf 90' lang='lat' dir='ltr'><strong>ab</strong></span> <span class='ocrx_word' id='word_1_334' title='bbox 1568 4727 2038 4785; x_wconf 86' lang='lat' dir='ltr'><strong>Atheniensibus</strong></span> <span class='ocrx_word' id='word_1_335' title='bbox 2069 4728 2241 4784; x_wconf 89' lang='lat' dir='ltr'><strong>dam-</strong></span> 
     </span>
    </p>
   </div>
   <div class='ocr_carea' id='block_1_54' title="bbox 2314 440 3847 513">
    <p class='ocr_par' dir='ltr' id='par_1_54' title="bbox 2314 440 3847 513">
     <span class='ocr_line' id='line_1_54' title="bbox 2314 440 3847 513; baseline -0.009 -7"><span class='ocrx_word' id='word_1_336' title='bbox 2314 454 2539 513; x_wconf 80' lang='grc' dir='ltr'><strong>Φιλώτας</strong></span> <span class='ocrx_word' id='word_1_337' title='bbox 2582 447 2641 503; x_wconf 68' lang='grc' dir='ltr'><strong>δὲ</strong></span> <span class='ocrx_word' id='word_1_338' title='bbox 2694 450 2929 510; x_wconf 74' lang='grc' dir='ltr'><strong>Κιλικίας</strong></span> <span class='ocrx_word' id='word_1_339' title='bbox 2970 452 3060 500; x_wconf 86' lang='grc' dir='ltr'><strong>καὶ</strong></span> <span class='ocrx_word' id='word_1_340' title='bbox 3103 448 3265 499; x_wconf 81' lang='grc' dir='ltr'><strong>Πίθων</strong></span> <span class='ocrx_word' id='word_1_341' title='bbox 3306 440 3508 503; x_wconf 78' lang='grc' dir='ltr'><strong>Μηδίας</strong></span> <span class='ocrx_word' id='word_1_342' title='bbox 3555 444 3619 507; x_wconf 74' lang='lat'><strong>‘7,</strong></span> <span class='ocrx_word' id='word_1_343' title='bbox 3652 441 3847 512; x_wconf 74' lang='grc' dir='ltr'><strong>Εὐμένης</strong></span> 
     </span>
    </p>
   </div>
   <div class='ocr_carea' id='block_1_55' title="bbox 2318 531 3848 613">
    <p class='ocr_par' dir='ltr' id='par_1_55' title="bbox 2318 531 3848 613">
     <span class='ocr_line' id='line_1_55' title="bbox 2318 531 3848 613; baseline -0.01 -18"><span class='ocrx_word' id='word_1_344' title='bbox 2318 541 2375 595; x_wconf 72' lang='grc' dir='ltr'><strong>δε</strong></span> <span class='ocrx_word' id='word_1_345' title='bbox 2405 544 2430 594; x_wconf 88' lang='grc' dir='ltr'><strong>ὀ</strong></span> <span class='ocrx_word' id='word_1_346' title='bbox 2482 537 2779 613; x_wconf 78' lang='grc' dir='ltr'><strong>Καρδιανός</strong></span> <span class='ocrx_word' id='word_1_347' title='bbox 2838 532 3215 597; x_wconf 75' lang='grc' dir='ltr'><strong>Καππαδοκίας</strong></span> <span class='ocrx_word' id='word_1_348' title='bbox 3272 537 3351 585; x_wconf 82' lang='grc' dir='ltr'><strong>καὶ</strong></span> <span class='ocrx_word' id='word_1_349' title='bbox 3407 531 3754 603; x_wconf 75' lang='grc' dir='ltr'><strong>Παφλαγονίας,</strong></span> <span class='ocrx_word' id='word_1_350' title='bbox 3774 534 3848 580; x_wconf 84' lang='grc' dir='ltr'><strong>καὶ</strong></span> 
     </span>
    </p>
   </div>
   <div class='ocr_carea' id='block_1_56' title="bbox 2317 617 3853 694">
    <p class='ocr_par' dir='ltr' id='par_1_56' title="bbox 2317 617 3853 694">
     <span class='ocr_line' id='line_1_56' title="bbox 2317 617 3853 694; baseline -0.011 -9"><span class='ocrx_word' id='word_1_351' title='bbox 2317 635 2416 685; x_wconf 88' lang='grc' dir='ltr'><strong>ὃσα</strong></span> <span class='ocrx_word' id='word_1_352' title='bbox 2458 638 2548 682; x_wconf 80' lang='grc' dir='ltr'><strong>τοῦ</strong></span> <span class='ocrx_word' id='word_1_353' title='bbox 2580 636 2772 682; x_wconf 78' lang='grc' dir='ltr'><strong>Πόντου</strong></span> <span class='ocrx_word' id='word_1_354' title='bbox 2802 634 2894 679; x_wconf 82' lang='grc' dir='ltr'><strong>τοῦ</strong></span> <span class='ocrx_word' id='word_1_355' title='bbox 2939 626 3180 688; x_wconf 76' lang='grc' dir='ltr'><strong>Εὐξείνου</strong></span> <span class='ocrx_word' id='word_1_356' title='bbox 3213 625 3397 694; x_wconf 82' lang='grc' dir='ltr'><strong>σύνορα</strong></span> <span class='ocrx_word' id='word_1_357' title='bbox 3428 622 3534 672; x_wconf 84' lang='grc' dir='ltr'><strong>ἕστε</strong></span> <span class='ocrx_word' id='word_1_358' title='bbox 3560 620 3604 654; x_wconf 72' lang='grc'>⁵⁸</span> <span class='ocrx_word' id='word_1_359' title='bbox 3630 617 3704 670; x_wconf 73' lang='grc' dir='ltr'><strong>ἐπὶ</strong></span> <span class='ocrx_word' id='word_1_360' title='bbox 3730 617 3853 669; x_wconf 86' lang='grc' dir='ltr'><strong>πόλιν</strong></span> 
     </span>
    </p>
   </div>
   <div class='ocr_carea' id='block_1_57' title="bbox 2313 705 3854 789">
    <p class='ocr_par' dir='ltr' id='par_1_57' title="bbox 2313 705 3854 789">
     <span class='ocr_line' id='line_1_57' title="bbox 2313 705 3854 789; baseline -0.011 -17"><span class='ocrx_word' id='word_1_361' title='bbox 2313 705 2537 772; x_wconf 60' lang='grc' dir='ltr'><strong>εΕλλάδα</strong></span> <span class='ocrx_word' id='word_1_362' title='bbox 2593 720 2640 753; x_wconf 64' lang='grc'><strong>⁸9</strong></span> <span class='ocrx_word' id='word_1_363' title='bbox 2685 715 3069 789; x_wconf 76' lang='grc' dir='ltr'><strong>Τραπεζοῦντα,</strong></span> <span class='ocrx_word' id='word_1_364' title='bbox 3139 712 3390 765; x_wconf 77' lang='grc' dir='ltr'><strong>Σινωπέων</strong></span> <span class='ocrx_word' id='word_1_365' title='bbox 3455 709 3672 759; x_wconf 77' lang='grc' dir='ltr'><strong>ἄποικον·</strong></span> <span class='ocrx_word' id='word_1_366' title='bbox 3727 712 3854 775; x_wconf 83' lang='grc' dir='ltr'><strong>Παμ-</strong></span> 
     </span>
    </p>
   </div>
   <div class='ocr_carea' id='block_1_58' title="bbox 2318 794 3855 881">
    <p class='ocr_par' dir='ltr' id='par_1_58' title="bbox 2318 794 3855 881">
     <span class='ocr_line' id='line_1_58' title="bbox 2318 794 3855 881; baseline -0.011 -21"><span class='ocrx_word' id='word_1_367' title='bbox 2318 811 2484 881; x_wconf 74' lang='grc' dir='ltr'><strong>φύλων</strong></span> <span class='ocrx_word' id='word_1_368' title='bbox 2538 803 2597 859; x_wconf 77' lang='grc' dir='ltr'><strong>δε</strong></span> <span class='ocrx_word' id='word_1_369' title='bbox 2640 811 2728 858; x_wconf 86' lang='grc' dir='ltr'><strong>καὶ</strong></span> <span class='ocrx_word' id='word_1_370' title='bbox 2769 808 2976 857; x_wconf 82' lang='grc' dir='ltr'><strong>Λυκίων</strong></span> <span class='ocrx_word' id='word_1_371' title='bbox 3010 807 3099 856; x_wconf 84' lang='grc' dir='ltr'><strong>καὶ</strong></span> <span class='ocrx_word' id='word_1_372' title='bbox 3144 804 3368 873; x_wconf 77' lang='grc' dir='ltr'><strong>Φρυγίας</strong></span> <span class='ocrx_word' id='word_1_373' title='bbox 3405 804 3491 856; x_wconf 83' lang='grc' dir='ltr'><strong>τῆς</strong></span> <span class='ocrx_word' id='word_1_374' title='bbox 3530 794 3736 881; x_wconf 74' lang='grc' dir='ltr'><strong>μεγάλης</strong></span> <span class='ocrx_word' id='word_1_375' title='bbox 3762 795 3855 846; x_wconf 76' lang='grc' dir='ltr'><strong>Ἀν·</strong></span> 
     </span>
    </p>
   </div>
   <div class='ocr_carea' id='block_1_59' title="bbox 2318 879 3858 969">
    <p class='ocr_par' dir='ltr' id='par_1_59' title="bbox 2318 879 3858 969">
     <span class='ocr_line' id='line_1_59' title="bbox 2318 879 3858 969; baseline -0.011 -20"><span class='ocrx_word' id='word_1_376' title='bbox 2318 879 2539 969; x_wconf 80' lang='grc' dir='ltr'><strong>τίγονος,</strong></span> <span class='ocrx_word' id='word_1_377' title='bbox 2589 902 2768 969; x_wconf 77' lang='grc' dir='ltr'><strong>Καρῶν</strong></span> <span class='ocrx_word' id='word_1_378' title='bbox 2822 890 2877 945; x_wconf 67' lang='grc' dir='ltr'><strong>δε</strong></span> <span class='ocrx_word' id='word_1_379' title='bbox 2927 887 3240 963; x_wconf 83' lang='grc' dir='ltr'><strong>Κάσανδρος</strong></span> <span class='ocrx_word' id='word_1_380' title='bbox 3274 890 3345 951; x_wconf 77' lang='lat'><strong>7°,</strong></span> <span class='ocrx_word' id='word_1_381' title='bbox 3388 882 3565 939; x_wconf 87' lang='grc' dir='ltr'><strong>Λυδῶν</strong></span> <span class='ocrx_word' id='word_1_382' title='bbox 3610 879 3663 935; x_wconf 67' lang='grc' dir='ltr'><strong>δι</strong></span> <span class='ocrx_word' id='word_1_383' title='bbox 3696 886 3858 935; x_wconf 82' lang='grc' dir='ltr'><strong>Μέναν-</strong></span> 
     </span>
    </p>
   </div>
   <div class='ocr_carea' id='block_1_60' title="bbox 2304 972 3862 1061">
    <p class='ocr_par' dir='ltr' id='par_1_60' title="bbox 2304 972 3862 1061">
     <span class='ocr_line' id='line_1_60' title="bbox 2304 972 3862 1061; baseline -0.015 -20"><span class='ocrx_word' id='word_1_384' title='bbox 2304 983 2466 1061; x_wconf 71' lang='grc' dir='ltr'><strong>δρος,</strong></span> <span class='ocrx_word' id='word_1_385' title='bbox 2532 992 2627 1045; x_wconf 81' lang='grc' dir='ltr'><strong>τῆς</strong></span> <span class='ocrx_word' id='word_1_386' title='bbox 2680 980 2737 1035; x_wconf 69' lang='grc' dir='ltr'><strong>δὲ</strong></span> <span class='ocrx_word' id='word_1_387' title='bbox 2790 980 2862 1053; x_wconf 72' lang='grc' dir='ltr'><strong>ἐφ’</strong></span> <span class='ocrx_word' id='word_1_388' title='bbox 2914 979 3276 1047; x_wconf 78' lang='grc' dir='ltr'><strong>Ἑλλησπόντῳ</strong></span> <span class='ocrx_word' id='word_1_389' title='bbox 3331 978 3552 1049; x_wconf 73' lang='grc' dir='ltr'><strong>Φρυγίας</strong></span> <span class='ocrx_word' id='word_1_390' title='bbox 3603 972 3862 1031; x_wconf 75' lang='grc' dir='ltr'><strong>Λεοννάτος,</strong></span> 
     </span>
    </p>
   </div>
   <div class='ocr_carea' id='block_1_61' title="bbox 2321 1059 3861 1143">
    <p class='ocr_par' dir='ltr' id='par_1_61' title="bbox 2321 1059 3861 1143">
     <span class='ocr_line' id='line_1_61' title="bbox 2321 1059 3861 1143; baseline -0.012 -17"><span class='ocrx_word' id='word_1_391' title='bbox 2321 1059 2382 1133; x_wconf 73' lang='grc' dir='ltr'><strong>ἦν</strong></span> <span class='ocrx_word' id='word_1_392' title='bbox 2412 1076 2457 1109; x_wconf 73' lang='grc' dir='ltr'><strong>τί</strong></span> <span class='ocrx_word' id='word_1_393' title='bbox 2511 1073 2565 1136; x_wconf 81' lang='grc' dir='ltr'><strong>ἐξ</strong></span> <span class='ocrx_word' id='word_1_394' title='bbox 2606 1074 2653 1107; x_wconf 79' lang='grc'><strong>’⁷³</strong></span> <span class='ocrx_word' id='word_1_395' title='bbox 2697 1066 3042 1143; x_wconf 74' lang='grc' dir='ltr'><strong>Ἀλεξάνδρου</strong></span> <span class='ocrx_word' id='word_1_396' title='bbox 3073 1070 3162 1140; x_wconf 71' lang='grc' dir='ltr'><strong>μὲν</strong></span> <span class='ocrx_word' id='word_1_397' title='bbox 3210 1066 3379 1125; x_wconf 79' lang='grc' dir='ltr'><strong>Κάλας</strong></span> <span class='ocrx_word' id='word_1_398' title='bbox 3406 1065 3559 1133; x_wconf 83' lang='grc' dir='ltr'><strong>ὄνομα</strong></span> <span class='ocrx_word' id='word_1_399' title='bbox 3593 1059 3861 1129; x_wconf 68' lang='grc' dir='ltr'><strong>κατέχειτθ,</strong></span> 
     </span>
    </p>
   </div>
   <div class='ocr_carea' id='block_1_62' title="bbox 2322 1148 3866 1234">
    <p class='ocr_par' dir='ltr' id='par_1_62' title="bbox 2322 1148 3866 1234">
     <span class='ocr_line' id='line_1_62' title="bbox 2322 1148 3866 1234; baseline -0.013 -18"><span class='ocrx_word' id='word_1_400' title='bbox 2322 1166 2498 1215; x_wconf 77' lang='grc' dir='ltr'><strong>ἔπειτα</strong></span> <span class='ocrx_word' id='word_1_401' title='bbox 2544 1167 2830 1234; x_wconf 82' lang='grc' dir='ltr'><strong>Δήμαρχός</strong></span> <span class='ocrx_word' id='word_1_402' title='bbox 2885 1156 3243 1229; x_wconf 81' lang='grc' dir='ltr'><strong>ἐπετέτραπτο.</strong></span> <span class='ocrx_word' id='word_1_403' title='bbox 3274 1155 3350 1207; x_wconf 84' lang='grc' dir='ltr'><strong>Τὰ</strong></span> <span class='ocrx_word' id='word_1_404' title='bbox 3404 1154 3489 1224; x_wconf 65' lang='grc' dir='ltr'><strong>μεν</strong></span> <span class='ocrx_word' id='word_1_405' title='bbox 3533 1150 3658 1201; x_wconf 83' lang='grc' dir='ltr'><strong>κατὰ</strong></span> <span class='ocrx_word' id='word_1_406' title='bbox 3702 1148 3745 1181; x_wconf 78' lang='grc' dir='ltr'><strong>τ⁴</strong></span> <span class='ocrx_word' id='word_1_407' title='bbox 3788 1149 3866 1202; x_wconf 75' lang='grc' dir='ltr'><strong>τὴν</strong></span> 
     </span>
    </p>
   </div>
   <div class='ocr_carea' id='block_1_63' title="bbox 2324 1246 2918 1321">
    <p class='ocr_par' dir='ltr' id='par_1_63' title="bbox 2324 1246 2918 1321">
     <span class='ocr_line' id='line_1_63' title="bbox 2324 1246 2918 1321; baseline -0.01 -16"><span class='ocrx_word' id='word_1_408' title='bbox 2324 1253 2506 1305; x_wconf 85' lang='grc' dir='ltr'><strong>Ἀσίαν</strong></span> <span class='ocrx_word' id='word_1_409' title='bbox 2536 1246 2639 1303; x_wconf 86' lang='grc' dir='ltr'><strong>ὦδε</strong></span> <span class='ocrx_word' id='word_1_410' title='bbox 2666 1248 2888 1321; x_wconf 84' lang='grc' dir='ltr'><strong>ἐνεμὴθη</strong></span> <span class='ocrx_word' id='word_1_411' title='bbox 2906 1292 2918 1303; x_wconf 92' lang='grc'><strong>.</strong></span> 
     </span>
    </p>
   </div>
   <div class='ocr_carea' id='block_1_64' title="bbox 2397 1497 3873 1583">
    <p class='ocr_par' dir='ltr' id='par_1_64' title="bbox 2397 1497 3873 1583">
     <span class='ocr_line' id='line_1_64' title="bbox 2397 1497 3873 1583; baseline -0.015 -12"><span class='ocrx_word' id='word_1_412' title='bbox 2397 1526 2508 1572; x_wconf 85' lang='grc' dir='ltr'><strong>Τῶν</strong></span> <span class='ocrx_word' id='word_1_413' title='bbox 2562 1513 2621 1569; x_wconf 69' lang='grc' dir='ltr'><strong>δε</strong></span> <span class='ocrx_word' id='word_1_414' title='bbox 2673 1516 2809 1567; x_wconf 79' lang='grc' dir='ltr'><strong>κατὰ</strong></span> <span class='ocrx_word' id='word_1_415' title='bbox 2850 1517 2943 1571; x_wconf 74' lang='grc' dir='ltr'><strong>τήν</strong></span> <span class='ocrx_word' id='word_1_416' title='bbox 2994 1510 3249 1583; x_wconf 79' lang='grc' dir='ltr'><strong>Εὐρώπην</strong></span> <span class='ocrx_word' id='word_1_417' title='bbox 3298 1507 3503 1581; x_wconf 77' lang='grc' dir='ltr'><strong>Θρᾴκης</strong></span> <span class='ocrx_word' id='word_1_418' title='bbox 3530 1507 3615 1576; x_wconf 76' lang='grc' dir='ltr'><strong>μεν</strong></span> <span class='ocrx_word' id='word_1_419' title='bbox 3650 1504 3731 1553; x_wconf 83' lang='grc' dir='ltr'><strong>καὶ</strong></span> <span class='ocrx_word' id='word_1_420' title='bbox 3763 1497 3873 1573; x_wconf 78' lang='grc' dir='ltr'><strong>Χερ-</strong></span> 
     </span>
    </p>
   </div>
   <div class='ocr_carea' id='block_1_65' title="bbox 2328 1588 3879 1689">
    <p class='ocr_par' dir='ltr' id='par_1_65' title="bbox 2328 1588 3879 1685">
     <span class='ocr_line' id='line_1_65' title="bbox 2328 1588 3879 1685; baseline -0.015 -24"><span class='ocrx_word' id='word_1_421' title='bbox 2328 1611 2575 1685; x_wconf 79' lang='grc' dir='ltr'><strong>ῥονὴσου,</strong></span> <span class='ocrx_word' id='word_1_422' title='bbox 2628 1610 2719 1657; x_wconf 80' lang='grc' dir='ltr'><strong>καὶ</strong></span> <span class='ocrx_word' id='word_1_423' title='bbox 2768 1602 2869 1655; x_wconf 88' lang='grc' dir='ltr'><strong>ὁσα</strong></span> <span class='ocrx_word' id='word_1_424' title='bbox 2920 1600 3088 1675; x_wconf 70' lang='grc' dir='ltr'><strong>Θρᾳξὶ</strong></span> <span class='ocrx_word' id='word_1_425' title='bbox 3141 1600 3338 1671; x_wconf 83' lang='grc' dir='ltr'><strong>σύνορα</strong></span> <span class='ocrx_word' id='word_1_426' title='bbox 3387 1597 3521 1659; x_wconf 78' lang='grc' dir='ltr'><strong>ἔθνη,</strong></span> <span class='ocrx_word' id='word_1_427' title='bbox 3552 1594 3658 1644; x_wconf 73' lang='grc' dir='ltr'><strong>ἔστι</strong></span> <span class='ocrx_word' id='word_1_428' title='bbox 3694 1588 3767 1640; x_wconf 71' lang='grc' dir='ltr'><strong>ἐπὶ</strong></span> <span class='ocrx_word' id='word_1_429' title='bbox 3801 1588 3879 1638; x_wconf 81' lang='grc' dir='ltr'><strong>θά-</strong></span> 
     </span>
    </p>
   </div>
   <div class='ocr_carea' id='block_1_66' title="bbox 2256 1681 3878 1774">
    <p class='ocr_par' dir='ltr' id='par_1_66' title="bbox 2256 1681 3878 1774">
     <span class='ocr_line' id='line_1_66' title="bbox 2256 1681 3878 1774; baseline -0.015 -24"><span class='ocrx_word' id='word_1_430' title='bbox 2256 1720 2296 1774; x_wconf 78' lang='lat' dir='ltr'><strong>B</strong></span> <span class='ocrx_word' id='word_1_431' title='bbox 2328 1681 2531 1749; x_wconf 81' lang='grc' dir='ltr'><strong>λασσαν</strong></span> <span class='ocrx_word' id='word_1_432' title='bbox 2577 1699 2671 1752; x_wconf 77' lang='grc' dir='ltr'><strong>την</strong></span> <span class='ocrx_word' id='word_1_433' title='bbox 2700 1695 2748 1728; x_wconf 76' lang='grc'><strong>⁷⁵</strong></span> <span class='ocrx_word' id='word_1_434' title='bbox 2790 1691 2872 1743; x_wconf 83' lang='grc' dir='ltr'><strong>έπὶ</strong></span> <span class='ocrx_word' id='word_1_435' title='bbox 2906 1684 3290 1761; x_wconf 82' lang='grc' dir='ltr'><strong>Σαλμυδησσὸν</strong></span> <span class='ocrx_word' id='word_1_436' title='bbox 3334 1692 3424 1736; x_wconf 85' lang='grc' dir='ltr'><strong>τοῦ</strong></span> <span class='ocrx_word' id='word_1_437' title='bbox 3456 1681 3677 1743; x_wconf 73' lang='grc' dir='ltr'><strong>Εὐξείνου</strong></span> <span class='ocrx_word' id='word_1_438' title='bbox 3715 1682 3878 1729; x_wconf 87' lang='grc' dir='ltr'><strong>Πόντου</strong></span> 
     </span>
    </p>
   </div>
   <div class='ocr_carea' id='block_1_67' title="bbox 2331 1764 3876 1859">
    <p class='ocr_par' dir='ltr' id='par_1_67' title="bbox 2331 1764 3876 1859">
     <span class='ocr_line' id='line_1_67' title="bbox 2331 1764 3876 1859; baseline -0.017 -19"><span class='ocrx_word' id='word_1_439' title='bbox 2331 1786 2459 1859; x_wconf 79' lang='grc'><strong>[124</strong></span> <span class='ocrx_word' id='word_1_440' title='bbox 2490 1782 2582 1857; x_wconf 83' lang='grc' dir='ltr'><strong>Η.]</strong></span> <span class='ocrx_word' id='word_1_441' title='bbox 2612 1784 2928 1845; x_wconf 82' lang='grc' dir='ltr'><strong>καθήκοντα,</strong></span> <span class='ocrx_word' id='word_1_442' title='bbox 2974 1778 3281 1849; x_wconf 81' lang='grc' dir='ltr'><strong>Λυσιμάχῳ</strong></span> <span class='ocrx_word' id='word_1_443' title='bbox 3314 1776 3343 1832; x_wconf 80' lang='grc' dir='ltr'>ἡ</span> <span class='ocrx_word' id='word_1_444' title='bbox 3378 1772 3518 1844; x_wconf 78' lang='grc' dir='ltr'><strong>ἀρχή</strong></span> <span class='ocrx_word' id='word_1_445' title='bbox 3551 1768 3786 1859; x_wconf 72' lang='grc' dir='ltr'><strong>ίπετράπη</strong></span> <span class='ocrx_word' id='word_1_446' title='bbox 3812 1764 3876 1814; x_wconf 74' lang='grc'><strong>⁷⁸.</strong></span> 
     </span>
    </p>
   </div>
   <div class='ocr_carea' id='block_1_68' title="bbox 2331 1856 3885 1939">
    <p class='ocr_par' dir='ltr' id='par_1_68' title="bbox 2331 1856 3885 1939">
     <span class='ocr_line' id='line_1_68' title="bbox 2331 1856 3885 1939; baseline -0.017 -11"><span class='ocrx_word' id='word_1_447' title='bbox 2331 1856 2398 1927; x_wconf 67' lang='grc' dir='ltr'><strong>τὰ</strong></span> <span class='ocrx_word' id='word_1_448' title='bbox 2449 1870 2507 1926; x_wconf 77' lang='grc' dir='ltr'><strong>δε</strong></span> <span class='ocrx_word' id='word_1_449' title='bbox 2555 1872 2787 1925; x_wconf 74' lang='grc' dir='ltr'><strong>ἐπέκεινα</strong></span> <span class='ocrx_word' id='word_1_450' title='bbox 2836 1877 2932 1929; x_wconf 89' lang='grc' dir='ltr'><strong>τῆς</strong></span> <span class='ocrx_word' id='word_1_451' title='bbox 2988 1868 3199 1939; x_wconf 66' lang='grc' dir='ltr'><strong>Θρᾴκης</strong></span> <span class='ocrx_word' id='word_1_452' title='bbox 3265 1867 3336 1924; x_wconf 81' lang='grc' dir='ltr'><strong>ὡς</strong></span> <span class='ocrx_word' id='word_1_453' title='bbox 3392 1861 3473 1914; x_wconf 72' lang='grc' dir='ltr'><strong>ἐπὶ</strong></span> <span class='ocrx_word' id='word_1_454' title='bbox 3524 1857 3772 1929; x_wconf 77' lang='grc' dir='ltr'><strong>Ἰλλυριοὺς</strong></span> <span class='ocrx_word' id='word_1_455' title='bbox 3812 1856 3885 1903; x_wconf 80' lang='grc' dir='ltr'><strong>καὶ</strong></span> 
     </span>
    </p>
   </div>
   <div class='ocr_carea' id='block_1_69' title="bbox 2330 1941 3888 2037">
    <p class='ocr_par' dir='ltr' id='par_1_69' title="bbox 2330 1941 3888 2037">
     <span class='ocr_line' id='line_1_69' title="bbox 2330 1941 3888 2037; baseline -0.017 -21"><span class='ocrx_word' id='word_1_456' title='bbox 2330 1962 2641 2037; x_wconf 86' lang='grc' dir='ltr'><strong>Τριϐαλλοὺς</strong></span> <span class='ocrx_word' id='word_1_457' title='bbox 2696 1964 2785 2011; x_wconf 84' lang='grc' dir='ltr'><strong>καὶ</strong></span> <span class='ocrx_word' id='word_1_458' title='bbox 2838 1959 3135 2029; x_wconf 84' lang='grc' dir='ltr'><strong>Ἀγριᾶνας,</strong></span> <span class='ocrx_word' id='word_1_459' title='bbox 3176 1958 3264 2005; x_wconf 74' lang='grc' dir='ltr'><strong>καὶ</strong></span> <span class='ocrx_word' id='word_1_460' title='bbox 3312 1951 3442 2007; x_wconf 78' lang='grc' dir='ltr'><strong>αὐτὴ</strong></span> <span class='ocrx_word' id='word_1_461' title='bbox 3496 1941 3775 2001; x_wconf 81' lang='grc' dir='ltr'><strong>Μακεδονία</strong></span> <span class='ocrx_word' id='word_1_462' title='bbox 3813 1944 3888 1991; x_wconf 82' lang='grc' dir='ltr'><strong>καὶ</strong></span> 
     </span>
    </p>
   </div>
   <div class='ocr_carea' id='block_1_70' title="bbox 2332 2034 3886 2125">
    <p class='ocr_par' dir='ltr' id='par_1_70' title="bbox 2332 2034 3886 2125">
     <span class='ocr_line' id='line_1_70' title="bbox 2332 2034 3886 2125; baseline -0.016 -21"><span class='ocrx_word' id='word_1_463' title='bbox 2332 2034 2441 2111; x_wconf 31' lang='grc' dir='ltr'><strong>ἐι-⁷⁷</strong></span> <span class='ocrx_word' id='word_1_464' title='bbox 2471 2058 2720 2125; x_wconf 84' lang='grc' dir='ltr'><strong>’Ἡπειρος</strong></span> <span class='ocrx_word' id='word_1_465' title='bbox 2753 2050 2821 2109; x_wconf 84' lang='grc' dir='ltr'><strong>ὡς</strong></span> <span class='ocrx_word' id='word_1_466' title='bbox 2853 2048 2937 2100; x_wconf 80' lang='grc' dir='ltr'><strong>ἐπὶ</strong></span> <span class='ocrx_word' id='word_1_467' title='bbox 2986 2047 3052 2097; x_wconf 85' lang='grc' dir='ltr'><strong>τὰ</strong></span> <span class='ocrx_word' id='word_1_468' title='bbox 3094 2048 3186 2117; x_wconf 83' lang='grc' dir='ltr'><strong>ὅρη</strong></span> <span class='ocrx_word' id='word_1_469' title='bbox 3235 2045 3303 2093; x_wconf 84' lang='grc' dir='ltr'><strong>τὰ</strong></span> <span class='ocrx_word' id='word_1_470' title='bbox 3335 2041 3593 2114; x_wconf 81' lang='grc' dir='ltr'><strong>Κεραύνια</strong></span> <span class='ocrx_word' id='word_1_471' title='bbox 3636 2034 3886 2092; x_wconf 73' lang='grc' dir='ltr'><strong>ἀνήκουσα,</strong></span> 
     </span>
    </p>
   </div>
   <div class='ocr_carea' id='block_1_71' title="bbox 2331 2118 3892 2207">
    <p class='ocr_par' dir='ltr' id='par_1_71' title="bbox 2331 2118 3892 2207">
     <span class='ocr_line' id='line_1_71' title="bbox 2331 2118 3892 2207; baseline -0.017 -13"><span class='ocrx_word' id='word_1_472' title='bbox 2331 2146 2421 2193; x_wconf 83' lang='grc' dir='ltr'><strong>καὶ</strong></span> <span class='ocrx_word' id='word_1_473' title='bbox 2478 2142 2526 2193; x_wconf 84' lang='grc' dir='ltr'><strong>οἱ</strong></span> <span class='ocrx_word' id='word_1_474' title='bbox 2578 2118 2812 2196; x_wconf 62' lang='grc' dir='ltr'><strong>’Έλληνες</strong></span> <span class='ocrx_word' id='word_1_475' title='bbox 2867 2138 3180 2207; x_wconf 79' lang='grc' dir='ltr'><strong>σύμπαντες,</strong></span> <span class='ocrx_word' id='word_1_476' title='bbox 3242 2134 3487 2205; x_wconf 83' lang='grc' dir='ltr'><strong>Κρατερῷ</strong></span> <span class='ocrx_word' id='word_1_477' title='bbox 3541 2129 3627 2177; x_wconf 84' lang='grc' dir='ltr'><strong>καὶ</strong></span> <span class='ocrx_word' id='word_1_478' title='bbox 3678 2118 3892 2175; x_wconf 78' lang='grc' dir='ltr'><strong>Ἀντιπά-</strong></span> 
     </span>
    </p>
   </div>
   <div class='ocr_carea' id='block_1_72' title="bbox 2332 2206 3895 2304">
    <p class='ocr_par' dir='ltr' id='par_1_72' title="bbox 2332 2206 3895 2304">
     <span class='ocr_line' id='line_1_72' title="bbox 2332 2206 3895 2304; baseline -0.018 -19"><span class='ocrx_word' id='word_1_479' title='bbox 2332 2251 2437 2304; x_wconf 82' lang='grc' dir='ltr'><strong>τρῳ</strong></span> <span class='ocrx_word' id='word_1_480' title='bbox 2467 2231 2707 2299; x_wconf 75' lang='grc' dir='ltr'><strong>ἐνεμήθη,</strong></span> <span class='ocrx_word' id='word_1_481' title='bbox 2744 2230 2842 2279; x_wconf 82' lang='grc' dir='ltr'><strong>Καὶ</strong></span> <span class='ocrx_word' id='word_1_482' title='bbox 2872 2226 2902 2283; x_wconf 81' lang='grc' dir='ltr'>ἡ</span> <span class='ocrx_word' id='word_1_483' title='bbox 2934 2206 3022 2295; x_wconf 72' lang='grc' dir='ltr'><strong>μεν</strong></span> <span class='ocrx_word' id='word_1_484' title='bbox 3057 2226 3277 2293; x_wconf 75' lang='grc' dir='ltr'><strong>νέμησις</strong></span> <span class='ocrx_word' id='word_1_485' title='bbox 3321 2220 3502 2277; x_wconf 79' lang='grc' dir='ltr'><strong>οὕτως·</strong></span> <span class='ocrx_word' id='word_1_486' title='bbox 3545 2213 3699 2267; x_wconf 80' lang='grc' dir='ltr'><strong>πολλὰ</strong></span> <span class='ocrx_word' id='word_1_487' title='bbox 3746 2206 3797 2261; x_wconf 71' lang='grc' dir='ltr'><strong>δε</strong></span> <span class='ocrx_word' id='word_1_488' title='bbox 3822 2211 3895 2257; x_wconf 83' lang='grc' dir='ltr'><strong>καὶ</strong></span> 
     </span>
    </p>
   </div>
   <div class='ocr_carea' id='block_1_73' title="bbox 2335 2296 3896 2391">
    <p class='ocr_par' dir='ltr' id='par_1_73' title="bbox 2335 2296 3896 2391">
     <span class='ocr_line' id='line_1_73' title="bbox 2335 2296 3896 2391; baseline -0.016 -20"><span class='ocrx_word' id='word_1_489' title='bbox 2335 2317 2660 2391; x_wconf 79' lang='grc' dir='ltr'><strong>ἀδιανέμητα</strong></span> <span class='ocrx_word' id='word_1_490' title='bbox 2698 2319 2885 2387; x_wconf 77' lang='grc' dir='ltr'><strong>ἔμεινεν</strong></span> <span class='ocrx_word' id='word_1_491' title='bbox 2928 2314 3027 2364; x_wconf 78' lang='grc' dir='ltr'><strong>ὑπὸ</strong></span> <span class='ocrx_word' id='word_1_492' title='bbox 3061 2320 3159 2363; x_wconf 88' lang='grc' dir='ltr'><strong>τῶν</strong></span> <span class='ocrx_word' id='word_1_493' title='bbox 3212 2312 3488 2383; x_wconf 69' lang='grc' dir='ltr'><strong>ἐγχωρίων</strong></span> <span class='ocrx_word' id='word_1_494' title='bbox 3538 2303 3804 2377; x_wconf 78' lang='grc' dir='ltr'><strong>ἀρχόντων,</strong></span> <span class='ocrx_word' id='word_1_495' title='bbox 3843 2296 3896 2353; x_wconf 83' lang='grc' dir='ltr'><strong>ὡς</strong></span> 
     </span>
    </p>
   </div>
   <div class='ocr_carea' id='block_1_74' title="bbox 2335 2396 3453 2479">
    <p class='ocr_par' dir='ltr' id='par_1_74' title="bbox 2335 2396 3453 2479">
     <span class='ocr_line' id='line_1_74' title="bbox 2335 2396 3453 2479; baseline -0.011 -19"><span class='ocrx_word' id='word_1_496' title='bbox 2335 2407 2640 2479; x_wconf 78' lang='grc' dir='ltr'><strong>ἐτάχθησαν</strong></span> <span class='ocrx_word' id='word_1_497' title='bbox 2668 2406 2778 2456; x_wconf 83' lang='grc' dir='ltr'><strong>ὑπὸ.</strong></span> <span class='ocrx_word' id='word_1_498' title='bbox 2798 2396 3162 2472; x_wconf 75' lang='grc' dir='ltr'><strong>Ἀλεξάνδρου,</strong></span> <span class='ocrx_word' id='word_1_499' title='bbox 3196 2396 3453 2469; x_wconf 73' lang='grc' dir='ltr'><strong>ἐχόμενα,</strong></span> 
     </span>
    </p>
   </div>
   <div class='ocr_carea' id='block_1_75' title="bbox 2408 2472 3901 2565">
    <p class='ocr_par' dir='ltr' id='par_1_75' title="bbox 2408 2472 3901 2565">
     <span class='ocr_line' id='line_1_75' title="bbox 2408 2472 3901 2565; baseline -0.019 -16"><span class='ocrx_word' id='word_1_500' title='bbox 2408 2497 2488 2549; x_wconf 87' lang='grc' dir='ltr'><strong>Ἐν</strong></span> <span class='ocrx_word' id='word_1_501' title='bbox 2516 2485 2706 2565; x_wconf 33' lang='grc' dir='ltr'><strong>’τούτῳ</strong></span> <span class='ocrx_word' id='word_1_502' title='bbox 2747 2491 2970 2553; x_wconf 81' lang='grc' dir='ltr'><strong>Ῥωξάνη</strong></span> <span class='ocrx_word' id='word_1_503' title='bbox 3009 2491 3120 2540; x_wconf 81' lang='grc' dir='ltr'><strong>κύει</strong></span> <span class='ocrx_word' id='word_1_504' title='bbox 3165 2492 3257 2538; x_wconf 87' lang='grc' dir='ltr'><strong>καὶ</strong></span> <span class='ocrx_word' id='word_1_505' title='bbox 3303 2490 3489 2548; x_wconf 84' lang='grc' dir='ltr'><strong>τίκτει,</strong></span> <span class='ocrx_word' id='word_1_506' title='bbox 3531 2484 3617 2532; x_wconf 80' lang='grc' dir='ltr'><strong>καὶ</strong></span> <span class='ocrx_word' id='word_1_507' title='bbox 3658 2477 3723 2538; x_wconf 86' lang='grc' dir='ltr'><strong>εἰς</strong></span> <span class='ocrx_word' id='word_1_508' title='bbox 3767 2472 3901 2547; x_wconf 77' lang='grc' dir='ltr'><strong>βασι-</strong></span> 
     </span>
    </p>
   </div>
   <div class='ocr_carea' id='block_1_76' title="bbox 2336 2566 3903 2655">
    <p class='ocr_par' dir='ltr' id='par_1_76' title="bbox 2336 2566 3903 2655">
     <span class='ocr_line' id='line_1_76' title="bbox 2336 2566 3903 2655; baseline -0.018 -16"><span class='ocrx_word' id='word_1_509' title='bbox 2336 2586 2425 2639; x_wconf 83' lang='grc' dir='ltr'><strong>λέα</strong></span> <span class='ocrx_word' id='word_1_510' title='bbox 2452 2589 2510 2637; x_wconf 86' lang='grc' dir='ltr'><strong>τό</strong></span> <span class='ocrx_word' id='word_1_511' title='bbox 2556 2585 2739 2655; x_wconf 56' lang='grc' dir='ltr'><strong>τεχθέν</strong></span> <span class='ocrx_word' id='word_1_512' title='bbox 2780 2579 2950 2632; x_wconf 77' lang='grc' dir='ltr'><strong>ἀνεῖπε</strong></span> <span class='ocrx_word' id='word_1_513' title='bbox 2998 2582 3055 2629; x_wconf 89' lang='grc' dir='ltr'><strong>τό</strong></span> <span class='ocrx_word' id='word_1_514' title='bbox 3104 2576 3329 2636; x_wconf 80' lang='grc' dir='ltr'><strong>πλῆθος.</strong></span> <span class='ocrx_word' id='word_1_515' title='bbox 3370 2573 3496 2647; x_wconf 72' lang='grc'><strong>[217</strong></span> <span class='ocrx_word' id='word_1_516' title='bbox 3547 2566 3651 2641; x_wconf 63' lang='grc'><strong>3.]</strong></span> <span class='ocrx_word' id='word_1_517' title='bbox 3699 2566 3903 2618; x_wconf 79' lang='grc' dir='ltr'><strong>Στάσεων</strong></span> 
     </span>
    </p>
   </div>
   <div class='ocr_carea' id='block_1_77' title="bbox 2338 2654 3901 2747">
    <p class='ocr_par' dir='ltr' id='par_1_77' title="bbox 2338 2654 3901 2747">
     <span class='ocr_line' id='line_1_77' title="bbox 2338 2654 3901 2747; baseline -0.019 -19"><span class='ocrx_word' id='word_1_518' title='bbox 2338 2672 2399 2728; x_wconf 75' lang='grc' dir='ltr'><strong>δε</strong></span> <span class='ocrx_word' id='word_1_519' title='bbox 2440 2676 2570 2747; x_wconf 85' lang='grc' dir='ltr'><strong>μετὰ</strong></span> <span class='ocrx_word' id='word_1_520' title='bbox 2614 2654 2703 2724; x_wconf 79' lang='grc' dir='ltr'><strong>τόν</strong></span> <span class='ocrx_word' id='word_1_521' title='bbox 2755 2664 3098 2741; x_wconf 75' lang='grc' dir='ltr'><strong>Ἀλεξάνδρου</strong></span> <span class='ocrx_word' id='word_1_522' title='bbox 3146 2667 3370 2717; x_wconf 85' lang='grc' dir='ltr'><strong>θάνατον</strong></span> <span class='ocrx_word' id='word_1_523' title='bbox 3421 2663 3591 2713; x_wconf 86' lang='grc' dir='ltr'><strong>πάντα</strong></span> <span class='ocrx_word' id='word_1_524' title='bbox 3632 2654 3901 2727; x_wconf 75' lang='grc' dir='ltr'><strong>ἐπληροῦτο.</strong></span> 
     </span>
    </p>
   </div>
   <div class='ocr_carea' id='block_1_78' title="bbox 2338 2740 3908 2832">
    <p class='ocr_par' dir='ltr' id='par_1_78' title="bbox 2338 2740 3908 2832">
     <span class='ocr_line' id='line_1_78' title="bbox 2338 2740 3908 2832; baseline -0.018 -15"><span class='ocrx_word' id='word_1_525' title='bbox 2338 2740 2450 2818; x_wconf 39' lang='grc' dir='ltr'><strong>Καὶ.</strong></span> <span class='ocrx_word' id='word_1_526' title='bbox 2518 2761 2726 2832; x_wconf 85' lang='grc' dir='ltr'><strong>πολεμεῖ</strong></span> <span class='ocrx_word' id='word_1_527' title='bbox 2798 2740 3136 2829; x_wconf 81' lang='grc' dir='ltr'><strong>Ἀντίπατρος</strong></span> <span class='ocrx_word' id='word_1_528' title='bbox 3192 2758 3327 2826; x_wconf 89' lang='grc' dir='ltr'><strong>πρός</strong></span> <span class='ocrx_word' id='word_1_529' title='bbox 3382 2769 3437 2803; x_wconf 87' lang='grc' dir='ltr'><strong>τε</strong></span> <span class='ocrx_word' id='word_1_530' title='bbox 3492 2748 3788 2804; x_wconf 79' lang='grc' dir='ltr'><strong>Ἀθηναίους</strong></span> <span class='ocrx_word' id='word_1_531' title='bbox 3834 2740 3908 2788; x_wconf 86' lang='grc' dir='ltr'><strong>καὶ</strong></span> 
     </span>
    </p>
   </div>
   <div class='ocr_carea' id='block_1_79' title="bbox 2337 2836 3910 2914">
    <p class='ocr_par' dir='ltr' id='par_1_79' title="bbox 2337 2836 3910 2914">
     <span class='ocr_line' id='line_1_79' title="bbox 2337 2836 3910 2914; baseline -0.018 -10"><span class='ocrx_word' id='word_1_532' title='bbox 2337 2857 2453 2913; x_wconf 85' lang='grc' dir='ltr'><strong>τοὺς</strong></span> <span class='ocrx_word' id='word_1_533' title='bbox 2505 2850 2687 2909; x_wconf 78' lang='grc' dir='ltr'><strong>ἄλλους</strong></span> <span class='ocrx_word' id='word_1_534' title='bbox 2731 2846 2998 2914; x_wconf 74' lang='grc' dir='ltr'><strong>Έλληνας,</strong></span> <span class='ocrx_word' id='word_1_535' title='bbox 3056 2844 3396 2901; x_wconf 78' lang='grc' dir='ltr'><strong>Λεωσθένους</strong></span> <span class='ocrx_word' id='word_1_536' title='bbox 3433 2840 3483 2874; x_wconf 80' lang='grc'><strong>⁷³</strong></span> <span class='ocrx_word' id='word_1_537' title='bbox 3528 2836 3700 2894; x_wconf 79' lang='grc' dir='ltr'><strong>αὐτοῖς</strong></span> <span class='ocrx_word' id='word_1_538' title='bbox 3750 2843 3910 2901; x_wconf 84' lang='grc' dir='ltr'><strong>στρατ·</strong></span> 
     </span>
    </p>
   </div>
   <div class='ocr_carea' id='block_1_80' title="bbox 2339 2918 3909 3013">
    <p class='ocr_par' dir='ltr' id='par_1_80' title="bbox 2339 2918 3909 3013">
     <span class='ocr_line' id='line_1_80' title="bbox 2339 2918 3909 3013; baseline -0.021 -16"><span class='ocrx_word' id='word_1_539' title='bbox 2339 2949 2602 3013; x_wconf 77' lang='grc' dir='ltr'><strong>ηγοῡντος·</strong></span> <span class='ocrx_word' id='word_1_540' title='bbox 2643 2942 2733 2989; x_wconf 68' lang='grc' dir='ltr'><strong>καὶ⁵</strong></span> <span class='ocrx_word' id='word_1_541' title='bbox 2784 2939 2848 2988; x_wconf 80' lang='grc' dir='ltr'><strong>τὰ</strong></span> <span class='ocrx_word' id='word_1_542' title='bbox 2898 2943 3079 3005; x_wconf 87' lang='grc' dir='ltr'><strong>πρῶτα</strong></span> <span class='ocrx_word' id='word_1_543' title='bbox 3116 2935 3414 3002; x_wconf 77' lang='grc' dir='ltr'><strong>ἡττώμενος</strong></span> <span class='ocrx_word' id='word_1_544' title='bbox 3466 2931 3553 2978; x_wconf 83' lang='grc' dir='ltr'><strong>καὶ</strong></span> <span class='ocrx_word' id='word_1_545' title='bbox 3604 2924 3673 2982; x_wconf 88' lang='grc' dir='ltr'><strong>εἰς</strong></span> <span class='ocrx_word' id='word_1_546' title='bbox 3722 2918 3909 2989; x_wconf 77' lang='grc' dir='ltr'><strong>ἀπορίαν</strong></span> 
     </span>
    </p>
   </div>
   <div class='ocr_carea' id='block_1_81' title="bbox 2262 3008 3911 3123">
    <p class='ocr_par' dir='ltr' id='par_1_81' title="bbox 2262 3008 3911 3123">
     <span class='ocr_line' id='line_1_81' title="bbox 2262 3008 3911 3123; baseline -0.02 -39"><span class='ocrx_word' id='word_1_547' title='bbox 2262 3066 2305 3123; x_wconf 77' lang='lat' dir='ltr'><strong><em>C</em></strong></span> <span class='ocrx_word' id='word_1_548' title='bbox 2340 3030 2738 3102; x_wconf 68' lang='grc' dir='ltr'><strong>συγκλειόμενος</strong></span> <span class='ocrx_word' id='word_1_549' title='bbox 2802 3026 3016 3094; x_wconf 77' lang='grc' dir='ltr'><strong>ὕστερον</strong></span> <span class='ocrx_word' id='word_1_550' title='bbox 3090 3020 3324 3093; x_wconf 72' lang='grc' dir='ltr'><strong>ἐκράτεε.</strong></span> <span class='ocrx_word' id='word_1_551' title='bbox 3391 3017 3555 3071; x_wconf 83' lang='grc' dir='ltr'><strong>Ἀλλὰ</strong></span> <span class='ocrx_word' id='word_1_552' title='bbox 3608 3017 3773 3064; x_wconf 86' lang='grc' dir='ltr'><strong>πίπτει</strong></span> <span class='ocrx_word' id='word_1_553' title='bbox 3836 3008 3911 3054; x_wconf 87' lang='grc' dir='ltr'><strong>καὶ</strong></span> 
     </span>
     <span class='ocr_line' id='line_1_82' title="bbox 2522 3094 3911 3123; baseline -0.015 21"><span class='ocrx_word' id='word_1_554' title='bbox 2522 3122 2527 3123; x_wconf 63' lang='grc'><strong><em>⁷</em></strong></span> <span class='ocrx_word' id='word_1_555' title='bbox 2682 3115 2693 3123; x_wconf 86' lang='lat'><strong><em>‘</em></strong></span> <span class='ocrx_word' id='word_1_556' title='bbox 2767 3114 2790 3123; x_wconf 58' lang='grc' dir='ltr'><strong>’λ</strong></span> <span class='ocrx_word' id='word_1_557' title='bbox 2868 3116 2885 3123; x_wconf 77' lang='grc'><strong>⁸</strong></span> <span class='ocrx_word' id='word_1_558' title='bbox 2922 3109 2941 3123; x_wconf 84' lang='lat'><strong>&#39;</strong></span> <span class='ocrx_word' id='word_1_559' title='bbox 3026 3108 3046 3123; x_wconf 76' lang='lat'><strong>&quot;</strong></span> <span class='ocrx_word' id='word_1_560' title='bbox 3130 3118 3145 3123; x_wconf 89' lang='grc'><strong>-</strong></span> <span class='ocrx_word' id='word_1_561' title='bbox 3234 3110 3281 3123; x_wconf 73' lang='grc' dir='ltr'>ἰ</span> <span class='ocrx_word' id='word_1_562' title='bbox 3458 3110 3465 3120; x_wconf 73' lang='grc' dir='ltr'><strong><em>ο</em></strong></span> <span class='ocrx_word' id='word_1_563' title='bbox 3634 3104 3720 3123; x_wconf 71' lang='lat' dir='ltr'><strong>u-_:</strong></span> <span class='ocrx_word' id='word_1_564' title='bbox 3782 3094 3911 3123; x_wconf 56' lang='lat'><strong>1..-.&quot;</strong></span> 
     </span>
    </p>
   </div>
   <div class='ocr_carea' id='block_1_82' title="bbox 2340 3094 3914 3178">
    <p class='ocr_par' dir='ltr' id='par_1_82' title="bbox 2340 3094 3914 3178">
     <span class='ocr_line' id='line_1_83' title="bbox 2340 3094 3914 3178; baseline -0.021 -4"><span class='ocrx_word' id='word_1_565' title='bbox 2340 3122 2620 3178; x_wconf 85' lang='grc' dir='ltr'><strong>Λεοννάτος</strong></span> <span class='ocrx_word' id='word_1_566' title='bbox 2675 3109 2964 3171; x_wconf 74' lang='grc' dir='ltr'><strong>ἐπιϐοηθεῖν</strong></span> <span class='ocrx_word' id='word_1_567' title='bbox 3014 3108 3180 3163; x_wconf 83' lang='grc' dir='ltr'><strong>δοκῶν</strong></span> <span class='ocrx_word' id='word_1_568' title='bbox 3234 3110 3596 3178; x_wconf 79' lang='grc' dir='ltr'><strong>Ἀντιπάτρῳ.</strong></span> <span class='ocrx_word' id='word_1_569' title='bbox 3634 3104 3723 3153; x_wconf 70' lang='grc' dir='ltr'><strong>Καὶ</strong></span> <span class='ocrx_word' id='word_1_570' title='bbox 3774 3094 3914 3148; x_wconf 84' lang='grc' dir='ltr'><strong>Λυσί-</strong></span> 
     </span>
    </p>
   </div>
   <div class='ocr_carea' id='block_1_83' title="bbox 2336 3183 3917 3281">
    <p class='ocr_par' dir='ltr' id='par_1_83' title="bbox 2336 3183 3917 3281">
     <span class='ocr_line' id='line_1_84' title="bbox 2336 3183 3917 3281; baseline -0.013 -21"><span class='ocrx_word' id='word_1_571' title='bbox 2336 3228 2508 3281; x_wconf 86' lang='grc' dir='ltr'><strong>μαχος</strong></span> <span class='ocrx_word' id='word_1_572' title='bbox 2558 3204 2616 3257; x_wconf 71' lang='grc' dir='ltr'><strong>δὲ</strong></span> <span class='ocrx_word' id='word_1_573' title='bbox 2656 3205 2812 3275; x_wconf 74' lang='grc' dir='ltr'><strong>Σεύθη</strong></span> <span class='ocrx_word' id='word_1_574' title='bbox 2862 3210 2931 3272; x_wconf 81' lang='grc' dir='ltr'><strong>τῷ</strong></span> <span class='ocrx_word' id='word_1_575' title='bbox 2981 3203 3153 3271; x_wconf 80' lang='grc' dir='ltr'><strong>Θρᾳκὶ</strong></span> <span class='ocrx_word' id='word_1_576' title='bbox 3206 3195 3451 3269; x_wconf 87' lang='grc' dir='ltr'><strong>πολεμῶν</strong></span> <span class='ocrx_word' id='word_1_577' title='bbox 3489 3196 3617 3265; x_wconf 64' lang='grc' dir='ltr'><strong>ὑπὲρ</strong></span> <span class='ocrx_word' id='word_1_578' title='bbox 3654 3197 3740 3247; x_wconf 78' lang='grc' dir='ltr'><strong>τῆς</strong></span> <span class='ocrx_word' id='word_1_579' title='bbox 3767 3183 3917 3256; x_wconf 76' lang='grc' dir='ltr'><strong>ἀρχῆς</strong></span> 
     </span>
    </p>
   </div>
   <div class='ocr_carea' id='block_1_84' title="bbox 2336 3274 3919 3372">
    <p class='ocr_par' dir='ltr' id='par_1_84' title="bbox 2336 3274 3919 3372">
     <span class='ocr_line' id='line_1_85' title="bbox 2336 3274 3919 3372; baseline -0.013 -22"><span class='ocrx_word' id='word_1_580' title='bbox 2336 3274 2640 3372; x_wconf 69' lang='grc' dir='ltr'><strong>παραϐόλως</strong></span> <span class='ocrx_word' id='word_1_581' title='bbox 2693 3274 2812 3359; x_wconf 64' lang='grc' dir='ltr'><strong>(σὺν</strong></span> <span class='ocrx_word' id='word_1_582' title='bbox 2871 3290 3065 3360; x_wconf 83' lang='grc' dir='ltr'><strong>ὀλίγοις</strong></span> <span class='ocrx_word' id='word_1_583' title='bbox 3119 3287 3244 3361; x_wconf 81' lang='grc' dir='ltr'><strong>γὰρ)</strong></span> <span class='ocrx_word' id='word_1_584' title='bbox 3312 3291 3409 3337; x_wconf 81' lang='grc' dir='ltr'><strong>καὶ</strong></span> <span class='ocrx_word' id='word_1_585' title='bbox 3476 3279 3758 3350; x_wconf 72' lang='grc' dir='ltr'><strong>εὐδοκιμῶν</strong></span> <span class='ocrx_word' id='word_1_586' title='bbox 3802 3274 3919 3343; x_wconf 68' lang='grc' dir='ltr'><strong>ὅμως</strong></span> 
     </span>
    </p>
   </div>
   <div class='ocr_carea' id='block_1_85' title="bbox 2337 3366 3921 3460">
    <p class='ocr_par' dir='ltr' id='par_1_85' title="bbox 2337 3366 3921 3460">
     <span class='ocr_line' id='line_1_86' title="bbox 2337 3366 3921 3460; baseline -0.021 -20"><span class='ocrx_word' id='word_1_587' title='bbox 2337 3366 2582 3460; x_wconf 61' lang='grc' dir='ltr'><strong>ἀνηρέθη.</strong></span> <span class='ocrx_word' id='word_1_588' title='bbox 2640 3381 2853 3453; x_wconf 85' lang='grc' dir='ltr'><strong>Πολεμεί</strong></span> <span class='ocrx_word' id='word_1_589' title='bbox 2920 3376 2977 3431; x_wconf 76' lang='grc' dir='ltr'><strong>δε</strong></span> <span class='ocrx_word' id='word_1_590' title='bbox 3024 3382 3113 3429; x_wconf 84' lang='grc' dir='ltr'><strong>καὶ</strong></span> <span class='ocrx_word' id='word_1_591' title='bbox 3168 3372 3482 3448; x_wconf 87' lang='grc' dir='ltr'><strong>Περδίκκας</strong></span> <span class='ocrx_word' id='word_1_592' title='bbox 3536 3366 3814 3441; x_wconf 65' lang='grc' dir='ltr'><strong>Ἀριαράθῃ</strong></span> <span class='ocrx_word' id='word_1_593' title='bbox 3864 3378 3921 3427; x_wconf 78' lang='grc' dir='ltr'><strong>τῳ</strong></span> 
     </span>
    </p>
   </div>
   <div class='ocr_carea' id='block_1_86' title="bbox 2340 3452 3920 3539">
    <p class='ocr_par' dir='ltr' id='par_1_86' title="bbox 2340 3452 3920 3539">
     <span class='ocr_line' id='line_1_87' title="bbox 2340 3452 3920 3539; baseline -0.016 -10"><span class='ocrx_word' id='word_1_594' title='bbox 2340 3452 2741 3535; x_wconf 76' lang='grc' dir='ltr'><strong>Κάππαδοκίας,</strong></span> <span class='ocrx_word' id='word_1_595' title='bbox 2810 3472 2887 3521; x_wconf 84' lang='grc' dir='ltr'><strong>ὅτι</strong></span> <span class='ocrx_word' id='word_1_596' title='bbox 2969 3468 3181 3539; x_wconf 72' lang='grc' dir='ltr'><strong>Εὐμένει</strong></span> <span class='ocrx_word' id='word_1_597' title='bbox 3257 3466 3458 3539; x_wconf 69' lang='grc' dir='ltr'><strong>ἄρχειν</strong></span> <span class='ocrx_word' id='word_1_598' title='bbox 3536 3452 3920 3529; x_wconf 75' lang='grc' dir='ltr'><strong>ἐπιτετραμμένῳ</strong></span> 
     </span>
    </p>
   </div>
   <div class='ocr_carea' id='block_1_87' title="bbox 2336 3544 3928 3639">
    <p class='ocr_par' dir='ltr' id='par_1_87' title="bbox 2336 3544 3928 3639">
     <span class='ocr_line' id='line_1_88' title="bbox 2336 3544 3928 3639; baseline -0.009 -25"><span class='ocrx_word' id='word_1_599' title='bbox 2336 3574 2431 3627; x_wconf 83' lang='grc' dir='ltr'><strong>τῆς</strong></span> <span class='ocrx_word' id='word_1_600' title='bbox 2481 3563 2658 3639; x_wconf 78' lang='grc' dir='ltr'><strong>ἀρχῆς</strong></span> <span class='ocrx_word' id='word_1_601' title='bbox 2713 3560 2807 3612; x_wconf 78' lang='grc' dir='ltr'><strong>οὐκ</strong></span> <span class='ocrx_word' id='word_1_602' title='bbox 2862 3556 3121 3620; x_wconf 70' lang='grc' dir='ltr'><strong>ἐξίστατο·</strong></span> <span class='ocrx_word' id='word_1_603' title='bbox 3153 3559 3244 3606; x_wconf 84' lang='grc' dir='ltr'><strong>καὶ</strong></span> <span class='ocrx_word' id='word_1_604' title='bbox 3295 3551 3435 3606; x_wconf 82' lang='grc' dir='ltr'><strong>δυσὶ</strong></span> <span class='ocrx_word' id='word_1_605' title='bbox 3484 3555 3708 3608; x_wconf 78' lang='grc' dir='ltr'><strong>νικήσας</strong></span> <span class='ocrx_word' id='word_1_606' title='bbox 3750 3544 3928 3615; x_wconf 75' lang='grc' dir='ltr'><strong>μάχαις</strong></span> 
     </span>
    </p>
   </div>
   <div class='ocr_carea' id='block_1_88' title="bbox 2336 3627 3927 3721">
    <p class='ocr_par' dir='ltr' id='par_1_88' title="bbox 2336 3627 3927 3721">
     <span class='ocr_line' id='line_1_89' title="bbox 2336 3627 3927 3721; baseline -0.016 -14"><span class='ocrx_word' id='word_1_607' title='bbox 2336 3660 2426 3707; x_wconf 77' lang='grc' dir='ltr'><strong>καὶ</strong></span> <span class='ocrx_word' id='word_1_608' title='bbox 2486 3627 2750 3705; x_wconf 67' lang='grc' dir='ltr'><strong>συλλαϐὼν</strong></span> <span class='ocrx_word' id='word_1_609' title='bbox 2815 3648 3115 3721; x_wconf 71' lang='grc' dir='ltr'><strong>ἐκρέμασεν,</strong></span> <span class='ocrx_word' id='word_1_610' title='bbox 3175 3643 3395 3714; x_wconf 75' lang='grc' dir='ltr'><strong>Εὐμένει</strong></span> <span class='ocrx_word' id='word_1_611' title='bbox 3455 3645 3552 3699; x_wconf 76' lang='grc' dir='ltr'><strong>τήν</strong></span> <span class='ocrx_word' id='word_1_612' title='bbox 3608 3638 3774 3712; x_wconf 72' lang='grc' dir='ltr'><strong>ἀρχὴν</strong></span> <span class='ocrx_word' id='word_1_613' title='bbox 3820 3627 3927 3721; x_wconf 70' lang='grc' dir='ltr'><strong>ᾄττο-</strong></span> 
     </span>
    </p>
   </div>
   <div class='ocr_carea' id='block_1_89' title="bbox 2336 3720 3929 3812">
    <p class='ocr_par' dir='ltr' id='par_1_89' title="bbox 2336 3720 3929 3812">
     <span class='ocr_line' id='line_1_90' title="bbox 2336 3720 3929 3812; baseline -0.017 -15"><span class='ocrx_word' id='word_1_614' title='bbox 2336 3748 2696 3801; x_wconf 81' lang='grc' dir='ltr'><strong>καταστήσας.</strong></span> <span class='ocrx_word' id='word_1_615' title='bbox 2764 3720 3023 3812; x_wconf 77' lang='grc' dir='ltr'><strong>Κρατερός</strong></span> <span class='ocrx_word' id='word_1_616' title='bbox 3097 3730 3156 3786; x_wconf 62' lang='grc' dir='ltr'><strong>δι</strong></span> <span class='ocrx_word' id='word_1_617' title='bbox 3231 3738 3550 3805; x_wconf 80' lang='grc' dir='ltr'><strong>συμμαχῶν</strong></span> <span class='ocrx_word' id='word_1_618' title='bbox 3631 3720 3929 3785; x_wconf 78' lang='grc' dir='ltr'><strong>Ἀντιπάτρῳ</strong></span> 
     </span>
    </p>
   </div>
   <div class='ocr_carea' id='block_1_90' title="bbox 2337 3812 3932 3886">
    <p class='ocr_par' dir='ltr' id='par_1_90' title="bbox 2337 3812 3932 3886">
     <span class='ocr_line' id='line_1_91' title="bbox 2337 3812 3932 3886; baseline -0.019 0"><span class='ocrx_word' id='word_1_619' title='bbox 2337 3835 2474 3886; x_wconf 82' lang='grc' dir='ltr'><strong>κατὰ</strong></span> <span class='ocrx_word' id='word_1_620' title='bbox 2543 3839 2641 3883; x_wconf 87' lang='grc' dir='ltr'><strong>τῶν</strong></span> <span class='ocrx_word' id='word_1_621' title='bbox 2683 3827 2929 3885; x_wconf 74' lang='grc' dir='ltr'><strong>Ἑλλήνων</strong></span> <span class='ocrx_word' id='word_1_622' title='bbox 2986 3827 3154 3883; x_wconf 82' lang='grc' dir='ltr'><strong>αἴτιος</strong></span> <span class='ocrx_word' id='word_1_623' title='bbox 3201 3830 3299 3882; x_wconf 82' lang='grc' dir='ltr'><strong>τῆς</strong></span> <span class='ocrx_word' id='word_1_624' title='bbox 3344 3827 3523 3885; x_wconf 80' lang='grc' dir='ltr'><strong>νίκης,</strong></span> <span class='ocrx_word' id='word_1_625' title='bbox 3586 3818 3646 3876; x_wconf 76' lang='grc' dir='ltr'><strong>ἧς</strong></span> <span class='ocrx_word' id='word_1_626' title='bbox 3717 3812 3932 3864; x_wconf 73' lang='grc' dir='ltr'><strong>ἐνίκησαν</strong></span> 
     </span>
    </p>
   </div>
   <div class='ocr_carea' id='block_1_91' title="bbox 2338 3891 3933 3990">
    <p class='ocr_par' dir='ltr' id='par_1_91' title="bbox 2338 3891 3933 3990">
     <span class='ocr_line' id='line_1_92' title="bbox 2338 3891 3933 3990; baseline -0.018 -16"><span class='ocrx_word' id='word_1_627' title='bbox 2338 3922 2544 3985; x_wconf 73' lang='grc' dir='ltr'><strong>αὐτοὺς,</strong></span> <span class='ocrx_word' id='word_1_628' title='bbox 2598 3923 2821 3990; x_wconf 81' lang='grc' dir='ltr'><strong>γέγονεν·</strong></span> <span class='ocrx_word' id='word_1_629' title='bbox 2880 3914 2933 3976; x_wconf 82' lang='grc' dir='ltr'><strong>έξ</strong></span> <span class='ocrx_word' id='word_1_630' title='bbox 3000 3912 3060 3965; x_wconf 85' lang='grc' dir='ltr'><strong>οὖ</strong></span> <span class='ocrx_word' id='word_1_631' title='bbox 3111 3916 3201 3963; x_wconf 84' lang='grc' dir='ltr'><strong>καὶ</strong></span> <span class='ocrx_word' id='word_1_632' title='bbox 3269 3910 3511 3974; x_wconf 73' lang='grc' dir='ltr'><strong>ἅπαντα,</strong></span> <span class='ocrx_word' id='word_1_633' title='bbox 3571 3906 3699 3978; x_wconf 82' lang='grc' dir='ltr'><strong>οἱπερ</strong></span> <span class='ocrx_word' id='word_1_634' title='bbox 3754 3900 3809 3951; x_wconf 76' lang='grc' dir='ltr'><strong>ἄν</strong></span> <span class='ocrx_word' id='word_1_635' title='bbox 3856 3891 3933 3945; x_wconf 67' lang='grc' dir='ltr'><strong>αὖ·</strong></span> 
     </span>
    </p>
   </div>
   <div class='ocr_carea' id='block_1_92' title="bbox 2338 3990 3936 4083">
    <p class='ocr_par' dir='ltr' id='par_1_92' title="bbox 2338 3990 3936 4083">
     <span class='ocr_line' id='line_1_93' title="bbox 2338 3990 3936 4083; baseline -0.016 -19"><span class='ocrx_word' id='word_1_636' title='bbox 2338 4020 2446 4073; x_wconf 89' lang='grc' dir='ltr'><strong>τοῖς</strong></span> <span class='ocrx_word' id='word_1_637' title='bbox 2497 4011 2749 4083; x_wconf 77' lang='grc' dir='ltr'><strong>Κρατερός</strong></span> <span class='ocrx_word' id='word_1_638' title='bbox 2801 4005 3037 4057; x_wconf 75' lang='grc' dir='ltr'><strong>ἐπέταττε</strong></span> <span class='ocrx_word' id='word_1_639' title='bbox 3107 4006 3197 4053; x_wconf 86' lang='grc' dir='ltr'><strong>καὶ</strong></span> <span class='ocrx_word' id='word_1_640' title='bbox 3269 4000 3653 4071; x_wconf 81' lang='grc' dir='ltr'><strong>Ἀντίπατρος,</strong></span> <span class='ocrx_word' id='word_1_641' title='bbox 3731 3990 3936 4060; x_wconf 50' lang='lat' dir='ltr'><strong>impotis-</strong></span> 
     </span>
    </p>
   </div>
   <div class='ocr_carea' id='block_1_93' title="bbox 2342 4082 3931 4170">
    <p class='ocr_par' dir='ltr' id='par_1_93' title="bbox 2342 4082 3931 4170">
     <span class='ocr_line' id='line_1_94' title="bbox 2342 4082 3931 4170; baseline -0.015 -17"><span class='ocrx_word' id='word_1_642' title='bbox 2342 4105 2534 4158; x_wconf 88' lang='grc' dir='ltr'><strong>σίστως</strong></span> <span class='ocrx_word' id='word_1_643' title='bbox 2590 4097 2892 4170; x_wconf 82' lang='grc' dir='ltr'><strong>έπράττετο.</strong></span> <span class='ocrx_word' id='word_1_644' title='bbox 2958 4096 3057 4145; x_wconf 77' lang='grc' dir='ltr'><strong>Καὶ</strong></span> <span class='ocrx_word' id='word_1_645' title='bbox 3123 4096 3292 4141; x_wconf 84' lang='grc' dir='ltr'><strong>ταῦτα</strong></span> <span class='ocrx_word' id='word_1_646' title='bbox 3350 4092 3531 4161; x_wconf 79' lang='grc' dir='ltr'><strong>μέχρι</strong></span> <span class='ocrx_word' id='word_1_647' title='bbox 3585 4090 3678 4137; x_wconf 83' lang='grc' dir='ltr'><strong>τοῦ</strong></span> <span class='ocrx_word' id='word_1_648' title='bbox 3725 4082 3931 4150; x_wconf 72' lang='grc' dir='ltr'><strong>πέμπτον</strong></span> 
     </span>
    </p>
   </div>
   <div class='ocr_carea' id='block_1_94' title="bbox 2345 4188 2571 4263">
    <p class='ocr_par' dir='ltr' id='par_1_94' title="bbox 2345 4188 2571 4263">
     <span class='ocr_line' id='line_1_95' title="bbox 2345 4188 2571 4263; baseline 0 -21"><span class='ocrx_word' id='word_1_649' title='bbox 2345 4188 2571 4263; x_wconf 84' lang='grc' dir='ltr'><strong>βιϐλίου.</strong></span> 
     </span>
    </p>
   </div>
   <div class='ocr_carea' id='block_1_95' title="bbox 2416 4348 3946 4436">
    <p class='ocr_par' dir='ltr' id='par_1_95' title="bbox 2416 4348 3946 4436">
     <span class='ocr_line' id='line_1_96' title="bbox 2416 4348 3946 4436; baseline -0.015 -14"><span class='ocrx_word' id='word_1_650' title='bbox 2416 4370 2498 4422; x_wconf 86' lang='grc' dir='ltr'><strong>Ἐν</strong></span> <span class='ocrx_word' id='word_1_651' title='bbox 2556 4364 2615 4419; x_wconf 75' lang='grc' dir='ltr'><strong>δε</strong></span> <span class='ocrx_word' id='word_1_652' title='bbox 2660 4373 2732 4436; x_wconf 81' lang='grc' dir='ltr'><strong>τῷ</strong></span> <span class='ocrx_word' id='word_1_653' title='bbox 2784 4364 2912 4433; x_wconf 78' lang='grc' dir='ltr'><strong>ἕκτῳ</strong></span> <span class='ocrx_word' id='word_1_654' title='bbox 2961 4356 3307 4431; x_wconf 84' lang='grc' dir='ltr'><strong>διαλαμϐάνει</strong></span> <span class='ocrx_word' id='word_1_655' title='bbox 3358 4358 3514 4417; x_wconf 86' lang='grc' dir='ltr'><strong>ὅπως</strong></span> <span class='ocrx_word' id='word_1_656' title='bbox 3546 4356 3596 4389; x_wconf 74' lang='grc'><strong>’⁷⁵</strong></span> <span class='ocrx_word' id='word_1_657' title='bbox 3641 4352 3692 4414; x_wconf 72' lang='grc' dir='ltr'><strong>ἐξ</strong></span> <span class='ocrx_word' id='word_1_658' title='bbox 3738 4348 3946 4402; x_wconf 75' lang='grc' dir='ltr'><strong>’Δθηνῶν</strong></span> 
     </span>
    </p>
   </div>
   <div class='ocr_carea' id='block_1_96' title="bbox 2347 4435 3949 4531">
    <p class='ocr_par' dir='ltr' id='par_1_96' title="bbox 2347 4435 3949 4531">
     <span class='ocr_line' id='line_1_97' title="bbox 2347 4435 3949 4531; baseline -0.014 -19"><span class='ocrx_word' id='word_1_659' title='bbox 2347 4462 2396 4512; x_wconf 84' lang='grc' dir='ltr'><strong>οἰ</strong></span> <span class='ocrx_word' id='word_1_660' title='bbox 2444 4460 2575 4531; x_wconf 73' lang='grc' dir='ltr'><strong>ἀμφὶ</strong></span> <span class='ocrx_word' id='word_1_661' title='bbox 2607 4454 2937 4527; x_wconf 78' lang='grc' dir='ltr'><strong>Δημοσθένην</strong></span> <span class='ocrx_word' id='word_1_662' title='bbox 2980 4454 3069 4501; x_wconf 79' lang='grc' dir='ltr'><strong>καὶ</strong></span> <span class='ocrx_word' id='word_1_663' title='bbox 3110 4444 3424 4521; x_wconf 84' lang='grc' dir='ltr'><strong>Ὑπερείδην</strong></span> <span class='ocrx_word' id='word_1_664' title='bbox 3471 4446 3523 4481; x_wconf 79' lang='grc' dir='ltr'><strong>³ο</strong></span> <span class='ocrx_word' id='word_1_665' title='bbox 3580 4446 3786 4515; x_wconf 76' lang='grc' dir='ltr'><strong>ἔφυγον,</strong></span> <span class='ocrx_word' id='word_1_666' title='bbox 3818 4435 3949 4507; x_wconf 77' lang='grc' dir='ltr'><strong>’Δρι-</strong></span> 
     </span>
    </p>
   </div>
   <div class='ocr_carea' id='block_1_97' title="bbox 2351 4531 3954 4613">
    <p class='ocr_par' dir='ltr' id='par_1_97' title="bbox 2351 4531 3954 4613">
     <span class='ocr_line' id='line_1_98' title="bbox 2351 4531 3954 4613; baseline -0.016 -11"><span class='ocrx_word' id='word_1_667' title='bbox 2351 4553 2582 4608; x_wconf 86' lang='grc' dir='ltr'><strong>στόνικός</strong></span> <span class='ocrx_word' id='word_1_668' title='bbox 2625 4547 2669 4581; x_wconf 79' lang='grc'><strong>⁸¹</strong></span> <span class='ocrx_word' id='word_1_669' title='bbox 2706 4562 2759 4596; x_wconf 88' lang='grc' dir='ltr'><strong>τε</strong></span> <span class='ocrx_word' id='word_1_670' title='bbox 2802 4544 2827 4594; x_wconf 90' lang='grc' dir='ltr'><strong>ό</strong></span> <span class='ocrx_word' id='word_1_671' title='bbox 2860 4542 3201 4613; x_wconf 81' lang='grc' dir='ltr'><strong>Μαραθώνιος</strong></span> <span class='ocrx_word' id='word_1_672' title='bbox 3225 4542 3316 4589; x_wconf 83' lang='grc' dir='ltr'><strong>καὶ</strong></span> <span class='ocrx_word' id='word_1_673' title='bbox 3344 4535 3624 4610; x_wconf 85' lang='grc' dir='ltr'><strong>Ἱμεραῖος</strong></span> <span class='ocrx_word' id='word_1_674' title='bbox 3654 4533 3703 4568; x_wconf 71' lang='grc'>⁸³</span> <span class='ocrx_word' id='word_1_675' title='bbox 3734 4531 3759 4582; x_wconf 87' lang='grc' dir='ltr'><strong>ὁ</strong></span> <span class='ocrx_word' id='word_1_676' title='bbox 3789 4535 3954 4595; x_wconf 74' lang='grc' dir='ltr'><strong>Δημη-</strong></span> 
     </span>
    </p>
   </div>
   <div class='ocr_carea' id='block_1_98' title="bbox 2348 4611 3955 4714">
    <p class='ocr_par' dir='ltr' id='par_1_98' title="bbox 2348 4611 3955 4714">
     <span class='ocr_line' id='line_1_99' title="bbox 2348 4611 3955 4714; baseline -0.019 -22"><span class='ocrx_word' id='word_1_677' title='bbox 2348 4644 2494 4714; x_wconf 83' lang='grc' dir='ltr'><strong>τρίου</strong></span> <span class='ocrx_word' id='word_1_678' title='bbox 2536 4644 2625 4688; x_wconf 76' lang='grc' dir='ltr'><strong>τοῦ</strong></span> <span class='ocrx_word' id='word_1_679' title='bbox 2673 4611 2959 4703; x_wconf 72' lang='grc' dir='ltr'><strong>Φαληρέως</strong></span> <span class='ocrx_word' id='word_1_680' title='bbox 2982 4624 3220 4698; x_wconf 78' lang='grc' dir='ltr'><strong>ἁδελφὸς,</strong></span> <span class='ocrx_word' id='word_1_681' title='bbox 3252 4627 3317 4677; x_wconf 80' lang='grc' dir='ltr'><strong>τὰ</strong></span> <span class='ocrx_word' id='word_1_682' title='bbox 3345 4628 3448 4697; x_wconf 70' lang='grc' dir='ltr'><strong>μεν</strong></span> <span class='ocrx_word' id='word_1_683' title='bbox 3492 4631 3688 4697; x_wconf 84' lang='grc' dir='ltr'><strong>πρῶτα</strong></span> <span class='ocrx_word' id='word_1_684' title='bbox 3726 4617 3791 4675; x_wconf 85' lang='grc' dir='ltr'><strong>είς</strong></span> <span class='ocrx_word' id='word_1_685' title='bbox 3820 4611 3955 4709; x_wconf 45' lang='grc' dir='ltr'><strong>Αἶγιτ</strong></span> 
     </span>
    </p>
   </div>
   <div class='ocr_carea' id='block_1_99' title="bbox 2349 4701 3959 4791">
    <p class='ocr_par' dir='ltr' id='par_1_99' title="bbox 2349 4701 3959 4791">
     <span class='ocr_line' id='line_1_100' title="bbox 2349 4701 3959 4791; baseline -0.014 -10"><span class='ocrx_word' id='word_1_686' title='bbox 2349 4749 2457 4781; x_wconf 89' lang='grc' dir='ltr'><strong>ναν·</strong></span> <span class='ocrx_word' id='word_1_687' title='bbox 2515 4725 2614 4778; x_wconf 77' lang='grc' dir='ltr'><strong>έκεῑ</strong></span> <span class='ocrx_word' id='word_1_688' title='bbox 2669 4718 2726 4775; x_wconf 67' lang='grc' dir='ltr'><strong>δί</strong></span> <span class='ocrx_word' id='word_1_689' title='bbox 2776 4718 3059 4791; x_wconf 72' lang='grc' dir='ltr'><strong>διαγόντων</strong></span> <span class='ocrx_word' id='word_1_690' title='bbox 3118 4716 3334 4767; x_wconf 86' lang='grc' dir='ltr'><strong>θάνατον</strong></span> <span class='ocrx_word' id='word_1_691' title='bbox 3394 4713 3583 4767; x_wconf 70' lang='grc' dir='ltr'><strong>αὐτῶν</strong></span> <span class='ocrx_word' id='word_1_692' title='bbox 3638 4709 3866 4779; x_wconf 71' lang='grc' dir='ltr'><strong>κατέγνω</strong></span> <span class='ocrx_word' id='word_1_693' title='bbox 3908 4701 3959 4750; x_wconf 69' lang='grc' dir='ltr'><strong>τὸ</strong></span> 
     </span>
    </p>
   </div>
   <div class='ocr_carea' id='block_1_100' title="bbox 2267 4414 2314 4471">
    <p class='ocr_par' dir='ltr' id='par_1_100' title="bbox 2267 4414 2314 4471">
     <span class='ocr_line' id='line_1_101' title="bbox 2267 4414 2314 4471; baseline 0 0"><span class='ocrx_word' id='word_1_694' title='bbox 2267 4414 2314 4471; x_wconf 91' lang='lat' dir='ltr'><strong>D</strong></span> 
     </span>
    </p>
   </div>
   <div class='ocr_carea' id='block_1_101' title="bbox 1910 4850 2587 4912">
    <p class='ocr_par' dir='ltr' id='par_1_101' title="bbox 1910 4850 2587 4912">
     <span class='ocr_line' id='line_1_102' title="bbox 1910 4850 2587 4912; baseline -0.006 -6"><span class='ocrx_word' id='word_1_695' title='bbox 1910 4852 2148 4909; x_wconf 79' lang='lat' dir='ltr'><strong>VARle</strong></span> <span class='ocrx_word' id='word_1_696' title='bbox 2182 4850 2587 4912; x_wconf 81' lang='lat' dir='ltr'><strong>LECTIONES.</strong></span> 
     </span>
    </p>
   </div>
   <div class='ocr_carea' id='block_1_102' title="bbox 652 4972 2083 5052">
    <p class='ocr_par' dir='ltr' id='par_1_102' title="bbox 652 4972 2083 5052">
     <span class='ocr_line' id='line_1_103' title="bbox 652 4972 2083 5052; baseline -0.002 -17"><span class='ocrx_word' id='word_1_697' title='bbox 652 4985 699 5021; x_wconf 72' lang='lat'><strong>55</strong></span> <span class='ocrx_word' id='word_1_698' title='bbox 744 4984 827 5035; x_wconf 76' lang='grc' dir='ltr'><strong>έπὶ</strong></span> <span class='ocrx_word' id='word_1_699' title='bbox 874 4975 1256 5052; x_wconf 33' lang='grc' dir='ltr'><strong>ταύτῃΑ-ζ-ἑῇ</strong></span> <span class='ocrx_word' id='word_1_700' title='bbox 1308 4976 1438 5050; x_wconf 74' lang='grc' dir='ltr'><strong>αὐτῇ</strong></span> <span class='ocrx_word' id='word_1_701' title='bbox 1491 4998 1546 5042; x_wconf 82' lang='grc' dir='ltr'><strong>ς’.</strong></span> <span class='ocrx_word' id='word_1_702' title='bbox 1718 4972 1965 5052; x_wconf 23' lang='grc' dir='ltr'><strong>*Μηδείας</strong></span> <span class='ocrx_word' id='word_1_703' title='bbox 2029 5000 2083 5042; x_wconf 85' lang='grc' dir='ltr'><strong>ς’.</strong></span> 
     </span>
    </p>
   </div>
   <div class='ocr_carea' id='block_1_103' title="bbox 583 5046 2027 5122">
    <p class='ocr_par' dir='ltr' id='par_1_103' title="bbox 583 5046 2027 5122">
     <span class='ocr_line' id='line_1_104' title="bbox 583 5046 2027 5122; baseline -0.004 -12"><span class='ocrx_word' id='word_1_704' title='bbox 583 5059 719 5111; x_wconf 78' lang='grc' dir='ltr'><strong>Κάσ.</strong></span> <span class='ocrx_word' id='word_1_705' title='bbox 774 5075 828 5119; x_wconf 79' lang='grc' dir='ltr'><strong>ς’.</strong></span> <span class='ocrx_word' id='word_1_706' title='bbox 941 5054 986 5087; x_wconf 85' lang='grc'><strong>’¹¹</strong></span> <span class='ocrx_word' id='word_1_707' title='bbox 1016 5046 1136 5122; x_wconf 44' lang='grc' dir='ltr'><strong>ἦν]</strong></span> <span class='ocrx_word' id='word_1_708' title='bbox 1158 5046 1218 5107; x_wconf 81' lang='grc' dir='ltr'><strong>ἧν</strong></span> <span class='ocrx_word' id='word_1_709' title='bbox 1246 5055 1285 5103; x_wconf 83' lang='grc' dir='ltr'>Α</span> <span class='ocrx_word' id='word_1_710' title='bbox 1315 5067 1327 5104; x_wconf 86' lang='lat'><strong>:</strong></span> <span class='ocrx_word' id='word_1_711' title='bbox 1353 5046 1423 5102; x_wconf 67' lang='grc' dir='ltr'><strong>ὅν’</strong></span> <span class='ocrx_word' id='word_1_712' title='bbox 1453 5068 1507 5113; x_wconf 78' lang='grc' dir='ltr'><strong>ς.</strong></span> <span class='ocrx_word' id='word_1_713' title='bbox 1622 5048 1665 5084; x_wconf 79' lang='grc'>⁷³</span> <span class='ocrx_word' id='word_1_714' title='bbox 1711 5048 1765 5111; x_wconf 80' lang='grc' dir='ltr'><strong>ἐξ</strong></span> <span class='ocrx_word' id='word_1_715' title='bbox 1807 5065 1927 5105; x_wconf 90' lang='lat' dir='ltr'><strong>om.</strong></span> <span class='ocrx_word' id='word_1_716' title='bbox 1964 5055 2027 5104; x_wconf 84' lang='lat' dir='ltr'><strong>A.</strong></span> 
     </span>
    </p>
   </div>
   <div class='ocr_carea' id='block_1_104' title="bbox 580 5122 2184 5198">
    <p class='ocr_par' dir='ltr' id='par_1_104' title="bbox 580 5122 2184 5198">
     <span class='ocr_line' id='line_1_105' title="bbox 580 5122 2184 5198; baseline -0.001 -20"><span class='ocrx_word' id='word_1_717' title='bbox 580 5131 629 5165; x_wconf 71' lang='grc' dir='ltr'><strong>ἰδ</strong></span> <span class='ocrx_word' id='word_1_718' title='bbox 662 5128 1004 5198; x_wconf 76' lang='grc' dir='ltr'><strong>ἐπετέτραπτο</strong></span> <span class='ocrx_word' id='word_1_719' title='bbox 1041 5143 1097 5187; x_wconf 80' lang='grc' dir='ltr'><strong>ς.</strong></span> <span class='ocrx_word' id='word_1_720' title='bbox 1208 5122 1255 5156; x_wconf 74' lang='grc'>⁷⁷</span> <span class='ocrx_word' id='word_1_721' title='bbox 1286 5124 1315 5181; x_wconf 86' lang='grc' dir='ltr'>ἡ</span> <span class='ocrx_word' id='word_1_722' title='bbox 1350 5122 1491 5179; x_wconf 91' lang='lat' dir='ltr'><strong>add.</strong></span> <span class='ocrx_word' id='word_1_723' title='bbox 1517 5126 1579 5174; x_wconf 86' lang='lat' dir='ltr'><strong>A.</strong></span> <span class='ocrx_word' id='word_1_724' title='bbox 1694 5122 1741 5156; x_wconf 77' lang='grc'><strong>⁷⁸</strong></span> <span class='ocrx_word' id='word_1_725' title='bbox 1775 5123 2085 5182; x_wconf 88' lang='grc' dir='ltr'><strong>Λεοσθένους</strong></span> <span class='ocrx_word' id='word_1_726' title='bbox 2116 5123 2184 5179; x_wconf 83' lang='grc' dir='ltr'><strong>Α.</strong></span> 
     </span>
    </p>
   </div>
   <div class='ocr_carea' id='block_1_105' title="bbox 583 5200 1015 5274">
    <p class='ocr_par' dir='ltr' id='par_1_105' title="bbox 583 5200 1015 5274">
     <span class='ocr_line' id='line_1_106' title="bbox 583 5200 1015 5274; baseline -0.016 -19"><span class='ocrx_word' id='word_1_727' title='bbox 583 5203 629 5237; x_wconf 81' lang='grc'>⁸²</span> <span class='ocrx_word' id='word_1_728' title='bbox 650 5200 921 5274; x_wconf 73' lang='grc' dir='ltr'><strong>’Πμεραίος</strong></span> <span class='ocrx_word' id='word_1_729' title='bbox 951 5216 1015 5262; x_wconf 81' lang='grc' dir='ltr'><strong>ς’.</strong></span> 
     </span>
    </p>
   </div>
   <div class='ocr_carea' id='block_1_106' title="bbox 2165 4976 2775 5033">
    <p class='ocr_par' dir='ltr' id='par_1_106' title="bbox 2165 4976 2775 5033">
     <span class='ocr_line' id='line_1_107' title="bbox 2165 4976 2775 5033; baseline -0.011 -2"><span class='ocrx_word' id='word_1_730' title='bbox 2165 4978 2219 5015; x_wconf 81' lang='grc'><strong>⁶⁸’</strong></span> <span class='ocrx_word' id='word_1_731' title='bbox 2257 4981 2371 5031; x_wconf 78' lang='grc' dir='ltr'><strong>ἕστε</strong></span> <span class='ocrx_word' id='word_1_732' title='bbox 2416 4978 2460 5030; x_wconf 83' lang='grc' dir='ltr'><strong>Α</strong></span> <span class='ocrx_word' id='word_1_733' title='bbox 2490 5018 2501 5029; x_wconf 94' lang='grc'><em>,</em></span> <span class='ocrx_word' id='word_1_734' title='bbox 2532 4976 2679 5026; x_wconf 80' lang='grc' dir='ltr'><strong>ἔσται</strong></span> <span class='ocrx_word' id='word_1_735' title='bbox 2720 4990 2775 5033; x_wconf 85' lang='grc' dir='ltr'><strong>ς’.</strong></span> 
     </span>
    </p>
   </div>
   <div class='ocr_carea' id='block_1_107' title="bbox 2138 5047 2579 5120">
    <p class='ocr_par' dir='ltr' id='par_1_107' title="bbox 2138 5047 2579 5120">
     <span class='ocr_line' id='line_1_108' title="bbox 2138 5047 2579 5120; baseline -0.009 -16"><span class='ocrx_word' id='word_1_736' title='bbox 2138 5051 2187 5085; x_wconf 77' lang='grc'><strong>⁷³</strong></span> <span class='ocrx_word' id='word_1_737' title='bbox 2242 5054 2482 5120; x_wconf 87' lang='grc' dir='ltr'><strong>κατέχειν</strong></span> <span class='ocrx_word' id='word_1_738' title='bbox 2514 5047 2579 5120; x_wconf 53' lang='grc' dir='ltr'><strong>Α.</strong></span> 
     </span>
    </p>
   </div>
   <div class='ocr_carea' id='block_1_108' title="bbox 2852 4950 3967 5029">
    <p class='ocr_par' dir='ltr' id='par_1_108' title="bbox 2852 4950 3967 5029">
     <span class='ocr_line' id='line_1_109' title="bbox 2852 4950 3967 5029; baseline -0.01 -8"><span class='ocrx_word' id='word_1_739' title='bbox 2852 4968 2898 5001; x_wconf 70' lang='grc'><strong>⁸9</strong></span> <span class='ocrx_word' id='word_1_740' title='bbox 2955 4958 3179 5018; x_wconf 78' lang='grc' dir='ltr'><strong>Ἑλλάδα</strong></span> <span class='ocrx_word' id='word_1_741' title='bbox 3230 4961 3367 5019; x_wconf 92' lang='lat' dir='ltr'><strong>add.</strong></span> <span class='ocrx_word' id='word_1_742' title='bbox 3416 4962 3493 5016; x_wconf 85' lang='lat' dir='ltr'><strong>A.</strong></span> <span class='ocrx_word' id='word_1_743' title='bbox 3580 4961 3633 4996; x_wconf 79' lang='grc' dir='ltr'><strong><em>το</em></strong></span> <span class='ocrx_word' id='word_1_744' title='bbox 3677 4960 3858 5029; x_wconf 57' lang='grc' dir='ltr'><strong>Καρῶν</strong></span> <span class='ocrx_word' id='word_1_745' title='bbox 3887 4950 3967 5029; x_wconf 52' lang='lat' dir='ltr'><strong>xei</strong></span> 
     </span>
    </p>
   </div>
   <div class='ocr_carea' id='block_1_109' title="bbox 2788 5026 3967 5112">
    <p class='ocr_par' dir='ltr' id='par_1_109' title="bbox 2788 5026 3967 5112">
     <span class='ocr_line' id='line_1_110' title="bbox 2788 5026 3967 5112; baseline -0.018 -21"><span class='ocrx_word' id='word_1_746' title='bbox 2788 5042 2877 5112; x_wconf 74' lang='grc' dir='ltr'><strong>μὲν</strong></span> <span class='ocrx_word' id='word_1_747' title='bbox 2903 5033 2989 5112; x_wconf 55' lang='grc' dir='ltr'><strong>οὖν</strong></span> <span class='ocrx_word' id='word_1_748' title='bbox 3020 5038 3153 5112; x_wconf 59' lang='grc' dir='ltr'><strong>κατα</strong></span> <span class='ocrx_word' id='word_1_749' title='bbox 3182 5055 3239 5098; x_wconf 79' lang='grc' dir='ltr'><strong>ς’.</strong></span> <span class='ocrx_word' id='word_1_750' title='bbox 3352 5034 3412 5112; x_wconf 76' lang='lat'><strong>&quot;_</strong></span> <span class='ocrx_word' id='word_1_751' title='bbox 3467 5033 3564 5112; x_wconf 66' lang='grc' dir='ltr'><strong>έπὶ</strong></span> <span class='ocrx_word' id='word_1_752' title='bbox 3617 5034 3717 5089; x_wconf 79' lang='grc' dir='ltr'><strong>τὴν</strong></span> <span class='ocrx_word' id='word_1_753' title='bbox 3756 5026 3867 5111; x_wconf 70' lang='grc' dir='ltr'><strong>Θάλ.</strong></span> 
     </span>
    </p>
   </div>
   <div class='ocr_carea' id='block_1_110' title="bbox 2867 5093 3973 5181">
    <p class='ocr_par' dir='ltr' id='par_1_110' title="bbox 2867 5093 3973 5181">
     <span class='ocr_line' id='line_1_111' title="bbox 2867 5093 3973 5181; baseline -0.014 -19"><span class='ocrx_word' id='word_1_754' title='bbox 2867 5111 2915 5145; x_wconf 81' lang='grc' dir='ltr'><strong>⁸ο</strong></span> <span class='ocrx_word' id='word_1_755' title='bbox 2938 5093 3216 5181; x_wconf 77' lang='grc' dir='ltr'><strong>Ὑπερίδην</strong></span> <span class='ocrx_word' id='word_1_756' title='bbox 3253 5126 3309 5170; x_wconf 78' lang='grc' dir='ltr'><strong>ς.</strong></span> <span class='ocrx_word' id='word_1_757' title='bbox 3390 5104 3441 5140; x_wconf 81' lang='grc'>⁸¹</span> <span class='ocrx_word' id='word_1_758' title='bbox 3482 5100 3885 5179; x_wconf 82' lang='grc' dir='ltr'><strong>Ἀριστόνεικός</strong></span> <span class='ocrx_word' id='word_1_759' title='bbox 3914 5093 3973 5147; x_wconf 79' lang='grc' dir='ltr'><strong>Α.</strong></span> 
     </span>
    </p>
   </div>
   <div class='ocr_carea' id='block_1_111' title="bbox 2693 5043 2741 5076">
    <p class='ocr_par' dir='ltr' id='par_1_111' title="bbox 2693 5043 2741 5076">
     <span class='ocr_line' id='line_1_112' title="bbox 2693 5043 2741 5076; baseline -0.021 0"><span class='ocrx_word' id='word_1_760' title='bbox 2693 5043 2741 5076; x_wconf 70' lang='grc' dir='ltr'><strong>τι</strong></span> 
     </span>
    </p>
   </div>
   <div class='ocr_carea' id='block_1_112' title="bbox 2298 5112 2754 5180">
    <p class='ocr_par' dir='ltr' id='par_1_112' title="bbox 2298 5112 2754 5180">
     <span class='ocr_line' id='line_1_113' title="bbox 2298 5112 2754 5180; baseline -0.018 -7"><span class='ocrx_word' id='word_1_761' title='bbox 2298 5122 2345 5158; x_wconf 73' lang='grc' dir='ltr'><strong>τ’</strong></span> <span class='ocrx_word' id='word_1_762' title='bbox 2369 5112 2510 5180; x_wconf 65' lang='grc' dir='ltr'><strong>ἷπως</strong></span> <span class='ocrx_word' id='word_1_763' title='bbox 2538 5118 2587 5169; x_wconf 85' lang='grc' dir='ltr'><strong>οἱ</strong></span> <span class='ocrx_word' id='word_1_764' title='bbox 2617 5112 2669 5176; x_wconf 74' lang='grc' dir='ltr'><strong>ἐξ</strong></span> <span class='ocrx_word' id='word_1_765' title='bbox 2699 5134 2754 5177; x_wconf 79' lang='grc' dir='ltr'><strong>ς’.</strong></span> 
     </span>
    </p>
   </div>
   <div class='ocr_carea' id='block_1_113' title="bbox 2150 5314 2378 5375">
    <p class='ocr_par' dir='ltr' id='par_1_113' title="bbox 2150 5314 2378 5375">
     <span class='ocr_line' id='line_1_114' title="bbox 2150 5314 2378 5375; baseline -0.018 0"><span class='ocrx_word' id='word_1_766' title='bbox 2150 5314 2378 5375; x_wconf 70' lang='lat' dir='ltr'><strong>NOTAE.</strong></span> 
     </span>
    </p>
   </div>
   <div class='ocr_carea' id='block_1_114' title="bbox 649 5458 2235 5537">
    <p class='ocr_par' dir='ltr' id='par_1_114' title="bbox 649 5458 2235 5537">
     <span class='ocr_line' id='line_1_115' title="bbox 649 5458 2235 5537; baseline -0.004 -15"><span class='ocrx_word' id='word_1_767' title='bbox 649 5466 761 5537; x_wconf 84' lang='lat'><strong>(37)</strong></span> <span class='ocrx_word' id='word_1_768' title='bbox 802 5463 990 5521; x_wconf 90' lang='lat' dir='ltr'><strong>Credo</strong></span> <span class='ocrx_word' id='word_1_769' title='bbox 1007 5460 1277 5537; x_wconf 78' lang='lat' dir='ltr'><strong>Crateva</strong></span> <span class='ocrx_word' id='word_1_770' title='bbox 1310 5463 1367 5517; x_wconf 84' lang='lat' dir='ltr'><strong>F.</strong></span> <span class='ocrx_word' id='word_1_771' title='bbox 1407 5476 1551 5537; x_wconf 79' lang='lat' dir='ltr'><strong>nam</strong></span> <span class='ocrx_word' id='word_1_772' title='bbox 1586 5461 1873 5534; x_wconf 80' lang='lat' dir='ltr'><strong>Agenoris</strong></span> <span class='ocrx_word' id='word_1_773' title='bbox 1914 5462 1970 5517; x_wconf 85' lang='lat' dir='ltr'><strong>F.</strong></span> <span class='ocrx_word' id='word_1_774' title='bbox 2005 5458 2235 5519; x_wconf 90' lang='lat' dir='ltr'><strong>Colonis</strong></span> 
     </span>
    </p>
   </div>
   <div class='ocr_carea' id='block_1_115' title="bbox 582 5533 1555 5605">
    <p class='ocr_par' dir='ltr' id='par_1_115' title="bbox 582 5533 1555 5605">
     <span class='ocr_line' id='line_1_116' title="bbox 582 5533 1555 5605; baseline -0.007 -9"><span class='ocrx_word' id='word_1_775' title='bbox 582 5533 970 5596; x_wconf 81' lang='lat' dir='ltr'><strong>Macedonum</strong></span> <span class='ocrx_word' id='word_1_776' title='bbox 1002 5536 1063 5589; x_wconf 88' lang='lat' dir='ltr'><strong>in</strong></span> <span class='ocrx_word' id='word_1_777' title='bbox 1095 5534 1279 5588; x_wconf 87' lang='lat' dir='ltr'><strong>lndiis</strong></span> <span class='ocrx_word' id='word_1_778' title='bbox 1305 5533 1555 5605; x_wconf 63' lang='lat' dir='ltr'><strong>praefuit.</strong></span> 
     </span>
    </p>
   </div>
   <div class='ocr_carea' id='block_1_116' title="bbox 655 5603 2232 5683">
    <p class='ocr_par' dir='ltr' id='par_1_116' title="bbox 655 5603 2232 5683">
     <span class='ocr_line' id='line_1_117' title="bbox 655 5603 2232 5683; baseline -0.005 -16"><span class='ocrx_word' id='word_1_779' title='bbox 655 5608 766 5683; x_wconf 79' lang='lat'><strong>(38)</strong></span> <span class='ocrx_word' id='word_1_780' title='bbox 825 5608 967 5673; x_wconf 79' lang='lat' dir='ltr'><strong>Qua</strong></span> <span class='ocrx_word' id='word_1_781' title='bbox 1004 5609 1061 5660; x_wconf 90' lang='lat' dir='ltr'><strong>et</strong></span> <span class='ocrx_word' id='word_1_782' title='bbox 1116 5603 1380 5675; x_wconf 59' lang='lat' dir='ltr'><strong>Phrygia</strong></span> <span class='ocrx_word' id='word_1_783' title='bbox 1431 5605 1629 5661; x_wconf 76' lang='lat' dir='ltr'><strong>minor</strong></span> <span class='ocrx_word' id='word_1_784' title='bbox 1678 5604 1911 5663; x_wconf 76' lang='lat' dir='ltr'><strong>Iustino</strong></span> <span class='ocrx_word' id='word_1_785' title='bbox 1968 5603 2073 5662; x_wconf 92' lang='lat' dir='ltr'><strong>lib.</strong></span> <span class='ocrx_word' id='word_1_786' title='bbox 2132 5617 2232 5660; x_wconf 82' lang='lat' dir='ltr'><strong>xm</strong></span> 
     </span>
    </p>
   </div>
   <div class='ocr_carea' id='block_1_117' title="bbox 2346 5456 3982 5601">
    <p class='ocr_par' dir='ltr' id='par_1_117' title="bbox 2346 5456 3982 5601">
     <span class='ocr_line' id='line_1_118' title="bbox 2346 5456 3982 5601; baseline -0.007 -20"><span class='ocrx_word' id='word_1_787' title='bbox 2346 5456 2810 5601; x_wconf 50' lang='grc' dir='ltr'><strong>ὃιιξέδλαδίιεριιε,</strong></span> <span class='ocrx_word' id='word_1_788' title='bbox 2824 5519 3039 5601; x_wconf 25' lang='lat' dir='ltr'><strong>libum,</strong></span> <span class='ocrx_word' id='word_1_789' title='bbox 3053 5512 3495 5601; x_wconf 47' lang='lat' dir='ltr'><strong>initio,‘Cclqm</strong></span> <span class='ocrx_word' id='word_1_790' title='bbox 3519 5513 3705 5601; x_wconf 73' lang='lat' dir='ltr'><strong>hunc</strong></span> <span class='ocrx_word' id='word_1_791' title='bbox 3731 5506 3982 5601; x_wconf 59' lang='lat' dir='ltr'><strong>Paphla-</strong></span> 
     </span>
    </p>
   </div>
   <div class='ocr_carea' id='block_1_118' title="bbox 2340 5582 3939 5675">
    <p class='ocr_par' dir='ltr' id='par_1_118' title="bbox 2340 5582 3939 5675">
     <span class='ocr_line' id='line_1_119' title="bbox 2340 5582 3939 5675; baseline -0.013 -17"><span class='ocrx_word' id='word_1_792' title='bbox 2340 5582 2559 5675; x_wconf 71' lang='lat' dir='ltr'><strong>gonia,</strong></span> <span class='ocrx_word' id='word_1_793' title='bbox 2589 5604 2645 5654; x_wconf 89' lang='lat' dir='ltr'><strong>et</strong></span> <span class='ocrx_word' id='word_1_794' title='bbox 2673 5582 2868 5653; x_wconf 79' lang='lat' dir='ltr'><strong>Enetis</strong></span> <span class='ocrx_word' id='word_1_795' title='bbox 2898 5591 2974 5649; x_wconf 89' lang='lat' dir='ltr'><strong>ab</strong></span> <span class='ocrx_word' id='word_1_796' title='bbox 3004 5582 3337 5645; x_wconf 73' lang='lat' dir='ltr'><strong>Alexandro</strong></span> <span class='ocrx_word' id='word_1_797' title='bbox 3372 5582 3939 5660; x_wconf 71' lang='lat' dir='ltr'><strong>prapositum&#39;ait.</strong></span> 
     </span>
    </p>
   </div>
  </div>
