4036 6214
215 358 317 415 305
1380 353 1880 412 BlBLIOTHECA.
1947 356 2201 411 —COD.
2244 353 2413 414 XCII.
3479 356 3585 419 306

212 485 503 541 Ἀθηναίων
535 480 736 543 πλῆθος
766 480 1002 545 εἰπόντος
1046 480 1317 555 Δημάδου,
1346 487 1435 535 καὶ
1481 481 1806 554 ’Λντίπατρα

1991 486 2134 551 atos,
2168 482 2333 555 quod
2358 481 2663 539 decretum
2690 484 2993 556 Antipater
3020 486 3445 558 perﬁciendum
3485 504 3585 545 cu-

218 573 287 633 εἰς
328 576 473 643 ἕῃον
526 575 696 642 ἤγαγε
722 574 781 622 τό
822 570 1094 645 ψήφισμα.
1132 578 1232 626 Καὶ
1262 574 1326 634 ὡς
1356 573 1582 645 Ἀρχίας
1628 571 1653 622 6
1693 572 1812 622 Θού·

1987 571 2094 627 ιτὶῑ.
2118 571 2337 627 Deinde
2370 577 2430 627 ut
2459 570 2702 628 Archias
2727 573 2997 641 Thurius,
3028 575 3343 648 quieorum
3375 592 3581 633 necem

214 682 320 737 pro;
373 662 439 720 εἰς
494 663 583 712 τόν
635 661 854 712 θάνατον
904 660 1069 713 αὐτῶν
1123 662 1480 735 ὑπουργήσας,
1522 658 1570 712 ἓν
1618 657 1808 731 ἐσχάτη

1989 665 2319 731 erpetrarat,
2356 660 2433 715 ad
2464 664 2791 717 extremam
2820 664 2979 734 7οα
3018 664 3294 720 redactus
3315 664 3583 737 inopiam

214 757 365 822 πενίᾳ
416 753 508 802 καὶ
566 748 758 821 ἀτιμίᾳ
806 750 1137 823 κατατρίψας
1191 750 1489 808 ἐτελεύτησε
1539 752 1625 801 τόν
1684 747 1801 820 βίον

1989 764 2113 821 que
2140 748 2617 817 infamiam,vita
2645 750 2963 808 decesserit
3002 775 3013 805 :
3070 758 3251 825 utque
3294 756 3583 812 Demades

215 842 319 896 Καὶ
348 843 420 902 ὡς
470 835 723 911 Δημάδης
764 839 824 891 ού
877 839 1047 911 πολλῷ
1096 841 1310 913 ὕστερον
1342 839 1392 901 ἐς
1422 841 1468 875 ⁸³
1498 835 1809 892 Μακεδονίαι

1991 854 2055 893 3n
2084 838 2164 893 ita
2196 838 2381 892 multo
2409 843 2543 909 post
2582 838 2640 893 in
2674 840 3085 896 Macedoniam
3117 841 3369 908 delatus,
3402 859 3437 899 a
3484 846 3585 900 Ca-

218 930 402 1001 ἀχθεὶς
454 931 558 981 ὑπὸ
615 925 931 1002 Κασάνδρου
990 928 1213 1002 ἐσφάγη,
1242 937 1334 981 τοῦ
1394 926 1580 989 παιδός
1624 928 1673 979 ἐν
1723 935 1812 980 τοῖα

1993 925 2510 981 indrointerfectus
2535 927 2629 992 sit,
2672 928 2800 999 ejus
2824 929 3085 999 primum
3130 929 3248 986 ﬁlio
3274 930 3334 986 in
3365 931 3498 987 sinu
3529 936 3587 989 et

214 1020 424 1080 κόλποις
471 1022 991 1091 προαποσφαγίντος·
1040 1018 1211 1071 αἰτίαν
1263 1015 1317 1070 δ’
1360 1017 1520 1089 ίπῆγε
1543 1019 1808 1071 ⁸⁴Κάσανι

1992 1014 2123 1069 :ulis
2150 1013 2409 1085 parentis
2428 1014 2991 1084 jugulato.Causam
3006 1033 3146 1074 vero
3163 1018 3345 1074 caadis
3366 1017 3586 1077 Casan-

216 1103 356 1180 δρος,
388 1108 471 1159 ὅτι
501 1109 591 1159 τὸν
639 1106 802 1158 αὐτοῦ
847 1112 1048 1181 πατέρα
1073 1106 1383 1183 ἐξυϐρίσειεν
1415 1106 1463 1158 ἓν
1511 1107 1584 1167 οἷς
1634 1106 1810 1181 ἔγραψη

1991 1120 2111 1160 rum
2135 1104 2412 1173 allegare,
2432 1104 2597 1175 quod
2616 1111 2922 1176 parentem
2937 1123 3115 1163 suum
3129 1108 3421 1164 Demades
3442 1109 3585 1166 olim

216 1191 488 1268 Περδίκκᾳ
515 1198 704 1258 σώζειν
742 1198 865 1258 τοὺς
907 1195 1157 1258 ’Έλληνας
1208 1195 1310 1249 ἀπὸ
1358 1203 1562 1269 σαπροῦ
1609 1199 1696 1247 καὶ
1730 1215 1810 1247 παι

1992 1193 2154 1263 juria
2204 1192 2511 1257 affecisset,
2546 1210 2683 1249 cum
2724 1193 3020 1251 Perdiccas
3057 1197 3306 1269 scripsit,
3340 1201 3405 1252 ut
3431 1199 3586 1255 Grae-

209 1284 359 1336 λαιοῦ
420 1288 680 1356 στήμονος
748 1285 1091 1357 ἠρτημένους,
1150 1285 1286 1337 οὕτω
1338 1288 1425 1337 τὸν
1488 1284 1803 1359 Ἀντίπατροε

1990 1298 2040 1337 )S
2062 1298 2093 1337 e
2116 1282 2356 1353 putrido
2386 1298 2454 1337 ac
2484 1288 2676 1337 vetere
2708 1282 2807 1339 ﬁlo
2828 1284 3162 1354 pendentes
3196 1301 3432 1342 servare
3462 1287 3584 1343 vel-

215 1372 601 1445 ἕπιχλευάζων.
635 1378 914 1445 Δείναρχος
964 1370 1023 1426 δὲ
1069 1375 1094 1426 6
1144 1375 1419 1447 Κορίνθιος
1470 1374 1495 1425 6
1533 1378 1809 1447 κατήγοροι

1993 1375 2014 1425 ι
2046 1387 2059 1435 ;
2094 1373 2474 1443 Antipatrum
2504 1371 2787 1428 nimirum
2816 1373 2910 1428 his
2942 1373 3475 1431 verbisirridendo.
3495 1376 3587 1432 Di-

218 1459 292 1520 ξν.
328 1462 469 1514 Ἀλλ’
526 1464 553 1514 ὃ
604 1481 663 1533 γε
716 1458 967 1533 Δημάδης
1015 1470 1109 1526 τῆς
1162 1464 1323 1515 αὐτοῦ
1368 1459 1698 1534 δωροδοκίας
1735 1466 1812 1513 καὶ

1987 1459 2229 1515 archum
2259 1459 2369 1530 (40)
2398 1458 2765 1516 Corinthium
2788 1459 3004 1517 horum
3031 1462 3321 1518 indicium
3348 1462 3581 1533 fecisse,

213 1548 510 1625 προδοσίας
550 1555 642 1603 καὶ
676 1550 727 1614 ίς
781 1554 952 1604 πάντα
1004 1552 1253 1615 ἀπιστίας
1300 1556 1394 1611 την
1436 1550 1583 1615 ἀξίαν
1611 1550 1807 1604 ἀπέτισε

1996 1564 2112 1619 que
2134 1548 2215 1604 ita
2265 1548 2590 1604 Demadem
2618 1548 2946 1620 aliquando
2972 1550 3241 1608 avaritia
3292 1566 3363 1608 ac
3388 1551 3587 1625 prodi-

213 1639 394 1699 δίκην.
1930 1637 2130 1704 tionis,
2158 1642 2214 1693 et
2254 1637 2314 1692 in
2337 1652 2397 1693 re
2437 1652 2676 1709 quaque
2710 1638 2995 1709 perﬁdiae,
3057 1640 3298 1697 meritas
3345 1639 3587 1697 dedisse

1908 1742 2159 1799 'poenas.

282 1817 637 1890 Διαλαμϐάνει
697 1814 756 1870 δ”ε
798 1822 886 1870 καὶ
954 1820 1017 1878 ὡς
1074 1817 1273 1891 Θίϐρων
1328 1820 1354 1871 6
1411 1815 1876 1891 Λακεδαιμόνιοςξ

2002 1817 2194 1873 Refert
2218 1816 2396 1873 etiam
2427 1817 2574 1873 hac.
2603 1816 2820 1874 Thibro
2842 1817 3334 1876 Lacedaemonius
3366 1823 3586 1893 Harpa-

208 1908 471 1982 ‘Apmdov
517 1912 607 1960 τὸν
648 1909 714 1960 τὰ
761 1904 1102 1980 Ἀλεξάνδρου
1150 1913 1409 1982 χρήματα
1446 1909 1636 1971 ζῶντος
1685 1907 1802 1960 ἐκεῖ·

1996 1922 2053 1961 m
2087 1905 2210 1977 (qui
2238 1906 2547 1977 superstite
2578 1906 2906 1962 etiamnum
2932 1906 3266 1963 Alexandro
3287 1923 3434 1980 opes
3451 1909 3583 1980 ejus

212 2017 298 2049 νου
331 1997 651 2071 ἁρπάσαντα
698 2000 788 2048 καὶ
822 2001 1055 2068 φυγόντα
1098 2002 1229 2069 πρὸς
1271 2000 1364 2059 τὰς
1410 1997 1652 2063 Ἀθήνας,
1708 2003 1806 2049 τοῦ·

1997 2000 2186 2059 ratus,
2217 1993 2476 2049 Athenas
2516 2010 2577 2049 se
2620 1998 2943 2066 receperat)
2994 1997 3287 2052 interemit
3342 1997 3476 2069 (41),
3528 2001 3585 2054 et

213 2105 296 2137 τον
340 2087 535 2147 ἐκεῖνος
590 2084 918 2149 ἀποκτείνας,
946 2090 1038 2137 καὶ
1087 2087 1188 2138 ὃσα
1237 2085 1533 2139 ὑπελείπετο
1563 2087 1610 2121 ⁸⁵
1654 2084 1807 2137 λαϐὼι

1986 2083 2158 2138 iblalo
2206 2082 2501 2154 quidquid
2530 2081 2611 2138 illi
2656 2084 3049 2153 pecuniarum
3092 2084 3387 2157 reliquum
3434 2089 3580 2151 erat,

211 2180 493 2246 χρήματα,
527 2183 711 2247 πρῶτα
764 2178 855 2245 μεν
904 2172 987 2226 ἐπὶ
1048 2171 1316 2236 Κυδωνίας
1340 2176 1387 2209 ⁸⁸
1438 2182 1533 2237 τῆς
1590 2174 1640 2236 ἐς
1689 2179 1805 2247 Κρήι

1983 2172 2190 2228 rimum
2215 2171 2456 2243 quidem
2488 2172 2548 2227 in
2569 2172 2901 2243 Cydoniam
2935 2172 3112 2229 Cretae
3139 2172 3350 2229 urbem
3393 2175 3577 2231 venit:

216 2283 300 2320 την
361 2262 582 2327 ἐστάλη,
637 2264 771 2315 ἔνθεν
824 2258 883 2314 δι
940 2261 985 2322 ἐς
1039 2264 1081 2297 ⁸⁷
1140 2267 1379 2336 Κυρήνην
1438 2260 1641 2316 διέϐαλε
1693 2265 1810 2335 μετὸ

1988 2262 2038 2317 ad
2068 2261 2286 2317 deinde
2316 2262 2376 2316 in
2404 2264 2693 2332 Cyrenem
2721 2277 2859 2317 cum
2891 2262 3150 2318 exercitu
3194 2262 3302 2318 sed
3329 2262 3582 2319 millium

215 2359 468 2427 στρατιᾶς
517 2352 587 2412 εἰς
635 2351 1032 2422 ἑξακισχιλίους
1094 2352 1454 2413 συντελούσης·
1507 2350 1694 2423 ἐπῆγον
1762 2348 1809 2405 δί

1992 2352 2178 2422 ajecit,
2211 2353 2533 2407 accersitus
2585 2351 2662 2407 ab
2708 2352 3138 2423 Cyrenensium
3180 2352 3586 2409 Barcensium-

212 2442 369 2493 αὑτὸν
413 2450 519 2492 τῶν
566 2440 623 2493 ἐκ
678 2445 914 2514 Κυρήνης
962 2445 1050 2493 καὶ
1091 2446 1323 2515 Βαρκίων
1372 2442 1419 2493 οἱ
1459 2438 1704 2512 φυγάδες.
1741 2441 1806 2495 Ἐι

1983 2457 2045 2496 ne
2072 2440 2185 2512 (42)
2218 2439 2537 2496 exsulibus.
2562 2440 2734 2511 Apud
2761 2456 2913 2511 quos
2944 2441 3085 2496 dum
3120 2441 3299 2497 variis
3333 2442 3577 2513 pugnis,

212 2532 287 2592 οἷς
318 2530 537 2591 πολλαῖς
568 2533 659 2601 μὲν
709 2531 931 2601 μάχαις,
962 2529 1175 2592 πολλαῖς
1206 2527 1264 2583 δε
1294 2529 1591 2592 ἐπιϐουλαῖς
1638 2529 1806 2582 ἄλλοτε

1989 2529 2227 2600 triisque
2259 2529 2511 2593 insidiis,
2534 2528 2833 2585 interdum
2852 2528 3051 2593 vincit,
3073 2529 3376 2585 interdum
3402 2529 3583 2584 vinci-

206 2626 298 2691 μὲν
379 2627 609 2691 κρατῶν,
669 2617 827 2670 ἐνίοτε
902 2614 960 2670 δὲ
1039 2619 1347 2691 ἡττώμενος,
1406 2618 1541 2679 τέλος
1620 2621 1800 2689 φεύγωτ

1984 2633 2041 2681 .r,
2091 2619 2150 2671 in
2182 2616 2325 2687 fuga
2376 2616 2619 2672 tandem
2660 2617 2739 2672 ab
2778 2616 2932 2672 Afris
2986 2616 3353 2689 quibusdam
3403 2616 3578 2689 bigas

214 2706 343 2780 [125
398 2705 497 2779 [1.]
557 2707 659 2757 ύπὸ
710 2704 916 2758 Λιϐύων
992 2714 1140 2757 τινῶν
1214 2703 1504 2780 συνωρίδας
1588 2705 1808 2777 ἀγόντων

1984 2706 2239 2776 gentibus
2264 2705 2758 2776 comprehensus,
2784 2705 2862 2761 ab
2884 2704 3207 2777 Epicydem
3239 2703 3578 2776 Olynthium

209 2794 531 2867 συνελήφθη,
592 2798 684 2846 καὶ
742 2796 863 2866 παρ’
919 2791 1207 2853 Ἐπικύδην
1258 2796 1440 2867 ἄγεται
1490 2799 1578 2848 τὸν
1636 2795 1803 2848 Ὀλύν-

1982 2795 2271 2851 euchiram
2303 2794 2621 2849 adducitur
2651 2794 2786 2865 (43).
2821 2793 2964 2849 Huic
2993 2794 3152 2850 enim
3183 2793 3395 2850 urbem
3411 2792 3576 2852 illam

207 2887 314 2936 θεον
380 2884 453 2944 εἰς
524 2886 807 2955 Τεύχειρα,
974 2887 1065 2942 τὴν
1121 2883 1268 2936 πόλιν
1318 2884 1512 2942 ἐκείνην
1571 2883 1801 2956 Ὀφελλὰι

1982 2883 2256 2939 irandam
2284 2881 2664 2938 commiserat
2694 2881 2992 2953 Ophellas,
3023 2882 3112 2938 vir
3131 2882 3392 2952 Macedo,
3414 2883 3517 2955 qui
3540 2899 3576 2941 ει

206 2973 553 3045 ἐπετετρόφει,
606 2971 734 3046 ἀνὴρ
814 2968 1089 3038 Μακεδὼν,
1177 2975 1232 3035 ὃς
1313 2974 1412 3026 ύπὸ
1500 2973 1800 3045 Πτολεμαίοι

1976 2972 2243 3028 ιοιθιῑιωο
2268 2973 2407 3041 Lagi
2444 2974 2498 3027 F.
2527 2971 2828 3043 Cyrenaais
2857 2970 3080 3027 auxilio
3110 2970 3331 3027 missus
3363 2971 3570 3029 fuerat.

204 3070 296 3115 τοῦ
360 3064 543 3133 Λάγου
604 3060 689 3113 ἰπὶ
752 3059 975 3133 βοηθείᾳ
1032 3070 1130 3114 τῶν
1191 3068 1487 3134 Κυρηναίων
1558 3061 1798 3134 ἐτύγχανέ

1980 3061 2280 3117 anchoritae
2311 3076 2473 3131 ergo,
2508 3060 2755 3131 Ophella
2777 3059 2892 3115 illis
2911 3060 3309 3132 permittente,
3330 3060 3574 3117 Thibro-

208 3151 434 3211 σταλείς.
470 3153 537 3203 Οἱ
578 3147 636 3203 δι
690 3157 1026 3224 Τευχειρῖται
1073 3152 1142 3213 ⁸⁸,
1196 3150 1415 3222 Ὀφελλᾱ
1450 3154 1543 3209 τὴν
1575 3146 1802 3213 ἐξουσίαι

1978 3168 2058 3206 εω
2093 3150 2341 3221 ﬂagellis
2366 3165 2610 3215 caesum,
2644 3149 2703 3203 in
2744 3148 3177 3221 Cyrenensium
3223 3154 3463 3219 portum
3496 3149 3572 3206 de

205 3237 409 3303 δόντος,
453 3241 708 3312 ᾐκίσαντο
769 3257 825 3291 τε
880 3242 966 3291 τόν
1011 3238 1255 3313 Θίϐρωνα
1309 3245 1398 3292 καὶ
1450 3239 1522 3301 εἰς
1576 3244 1663 3292 τόν
1714 3248 1799 3292 τῶι

1976 3256 2097 3296 ⁵1106
2127 3238 2615 3311 suspendendum
2640 3238 2898 3294 mittunt.
2932 3241 3002 3294 At
3027 3254 3164 3293 cum
3194 3236 3456 3309 Cyrenmi
3486 3238 3570 3295 ni-

206 3334 520 3401 Κυρηναίων
596 3328 832 3399 ἔπεμψαν
909 3330 1269 3400 κρεμασθῆναι
1322 3328 1526 3401 λιμένα.
1581 3336 1698 3383 Ἔτι
1753 3326 1800 3381 δί

1985 3328 2249 3385 lominus
2295 3330 2353 3384 in
2394 3327 2715 3383 rebellione
2754 3332 3122 3398 pet-starent,
3158 3327 3286 3399 ipse
3311 3326 3572 3399 denique

200 3427 301 3469 τῶν
352 3423 473 3492 περὶ
536 3422 777 3488 Κυρήνην
850 3418 1239 3477 στασιαζόντων
1293 3418 1607 3489 Πτολεμαῖος
1666 3417 1794 3471 ἐπελ·

1978 3418 2270 3474 ,olemmus
2293 3417 2560 3476 accessit,
2592 3416 2889 3487 rebusque
2918 3415 3203 3472 omnibus
3227 3414 3572 3487 tranquilla-

201 3510 301 3559 θὼν
331 3512 425 3559 καὶ
458 3508 627 3558 πάντα
655 3507 1118 3578 καταστησάμενος
1155 3507 1325 3558 ὀπίσω
1358 3505 1662 3560 ἀπέπλευσε.

1306 3528 1325 3558 ι»
1358 3505 1662 3560 ἀπέπλευσε.
1900 3508 2004 3573 ηὶε,
2039 3512 2194 3563 retro
2215 3506 2464 3563 domum
2497 3505 2900 3574 adnavigavit.

273 3592 579 3668 Περδίκκας
635 3591 695 3647 δι
724 3594 1002 3666 Ἀντιγόνῳ
1060 3593 1397 3647 ἐπιϐουλεύων
1452 3596 1518 3656 εἰς
1557 3593 1809 3655 δικαστή-

1988 3596 2299 3652 Perdiccas
2324 3596 2570 3667 insuper
2582 3594 2942 3663 Antigonum
2966 3594 3254 3649 insidiose
3278 3593 3447 3666 injus
3473 3608 3571 3649 vo-

201 3705 315 3757 ριον
368 3684 564 3736 ἐκάλειο
595 3686 621 3736 ό
662 3680 721 3736 δι
756 3680 911 3745 εἰδὼς
955 3681 1379 3736 ἐπιϐουλεύεσθαι
1412 3684 1541 3757 [220
1572 3686 1665 3758 3.]
1691 3687 1795 3738 οὔτε

1976 3686 2111 3749 ibat,
2144 3700 2350 3740 verum
2375 3683 2490 3750 ille,
2524 3688 2586 3739 ut
2607 3682 2725 3754 peti
2757 3698 2821 3737 se
2848 3680 3077 3737 insidiis
3126 3681 3424 3749 cognovit,
3461 3696 3570 3753 pa-

200 3778 495 3841 ύπιὲκουσε,
550 3778 641 3824 καὶ
682 3772 753 3833 εἰς
798 3774 995 3844 ἔχθραν
1034 3770 1273 3834 ἀλλήλοις
1323 3777 1676 3832 κατέστησαν.
1728 3774 1794 3827 Ἐι

1976 3790 2043 3829 :re
2068 3773 2362 3829 recusavit
2393 3794 2404 3824 :
2448 3776 2627 3842 atque
2658 3770 2795 3826 hinc
2822 3774 2967 3825 ortas
3013 3770 3269 3825 invicem
3321 3768 3570 3825 inimici-

197 3867 367 3933 τούτῳ
436 3858 498 3914 δι
544 3864 689 3934 παρὰ
740 3864 825 3914 τὸν
882 3857 1174 3936 Περδίκκαν
1216 3860 1270 3913 ίκ
1310 3859 1635 3923 Μακεδονίας
1683 3859 1791 3922 ἧκοι

1976 3879 2030 3918 e.
2066 3864 2182 3917 Ηοο
2202 3862 2342 3915 item
2372 3864 2640 3929 tempore
2686 3874 2717 3913 e
2748 3857 3092 3914 Macedonia
3143 3856 3327 3913 Jollas
3364 3856 3479 3928 (44)
3513 3860 3570 3914 et

194 3952 397 4008 ἰόλλας
455 3970 509 4003 τε
560 3956 650 4002 καὶ
696 3952 947 4023 Ἀρχίας,
1015 3952 1229 4021 ἄγοντες
1292 3951 1433 4023 αύτῷ
1481 3956 1574 4009 τὴν
1631 3954 1788 4006 Ἀντι·

1972 3952 2162 4007 rchias
2174 3950 2251 4004 ad
2273 3946 2614 4004 Perdiccam
2635 3945 3216 4014 venerunt,adducta
3233 3948 3293 4000 in
3320 3961 3566 4002 uxorem

198 4044 401 4115 πέτρου
462 4036 635 4093 παῖδα
684 4046 908 4094 Νίκαιαν
957 4040 1026 4103 εἰς
1086 4047 1327 4111 γυναῖκα.
1389 4040 1545 4095 Ἀλλά
1592 4060 1650 4112 γε
1717 4047 1792 4093 κα]

1970 4040 1996 4094 li
2034 4040 2232 4094 Nicaea
2268 4035 2561 4108 Antipatri
2604 4034 2746 4089 ﬁlia.
2790 4034 2943 4099 Quin
2993 4037 3049 4089 et
3088 4034 3399 4105 Olympias
3430 4036 3564 4107 (45),

202 4132 501 4204 Ὀλυμπιὰς
550 4132 581 4187 ἠ
633 4126 977 4202 Ἀλεξάνδρου
1032 4136 1205 4204 μήτηρ
1259 4133 1449 4203 ἔπεμπε
1487 4130 1612 4204 παρ’
1650 4131 1796 4182 αὐτόν

1980 4128 2118 4199 agni
2181 4124 2494 4181 Alexandri
2530 4129 2739 4188 mater,
2795 4121 2972 4178 mittit
2996 4121 3075 4177 ad
3104 4121 3414 4188 eumdem,
3467 4121 3568 4179 de-

196 4224 605 4293 κατεγγυωμένη
650 4224 746 4277 τὴν
805 4222 1064 4293 θυγατίρα
1108 4220 1457 4293 Κλεοπάτραν.
1516 4224 1616 4272 Καὶ
1664 4221 1689 4271 6
1715 4223 1790 4292 μετ

1972 4217 2285 4288 μοιιάθιᾳιιο
2332 4214 2704 4286 Cleopatram
2762 4210 2974 4267 ﬁliam.
2998 4210 3083 4267 lbi
3114 4213 3405 4268 Eumenes
3436 4212 3566 4268 Car-

200 4312 433 4371 Εὖαένης
487 4310 513 4360 6
589 4306 883 4383 Καρδιανὸς
946 4307 1306 4362 συνεϐούλευεν
1382 4308 1525 4380 ἆγειν
1582 4308 1794 4363 Κλεοπά-

1978 4323 2131 4363 anus
2153 4305 2526 4384 Cleopatram
2552 4302 2770 4358 ducere
2800 4300 3092 4359 suadebat
3142 4316 3156 4355 :
3184 4300 3399 4361 Alcetm
3424 4314 3566 4356 vero

196 4420 340 4475 τραν,
396 4399 619 4469 ’Δλκέτᾳ
643 4400 691 4433 ⁸⁹
719 4394 779 4450 δ⁴ε
827 4406 897 4467 τῷ
929 4394 1135 4469 ἀδελφῷ
1168 4397 1240 4459 εἰς
1280 4402 1503 4450 Νίκαιαν
1552 4400 1730 4451 ἔτεινεν
1770 4400 1790 4457 ἦ

1974 4396 2106 4454 atris
2131 4394 2450 4452 consilium
2480 4391 2556 4449 ad
2580 4390 2785 4447 Nicaeae
2816 4390 3009 4460 magis
3050 4391 3291 4462 nuptias
3318 4388 3568 4447 inclina-

198 4488 494 4562 συμϐουλή⁹
544 4493 634 4540 καὶ
684 4493 804 4557 νικᾷ
849 4490 906 4539 τὸ
952 4492 1176 4540 Νίκαιαν
1224 4487 1413 4559 μᾶλλον
1459 4486 1693 4559 ἀγαγεῖν.
1728 4488 1792 4540 OL'

1974 4492 2036 4550 ιι,
2068 4485 2241 4557 cujus
2285 4483 2427 4540 item
2483 4480 2777 4537 sententia
2814 4479 3082 4551 pervicit.
3125 4478 3266 4535 Post
3302 4493 3425 4535 non
3464 4477 3568 4535 diu

196 4580 320 4631 πολύ
375 4575 440 4631 δε
479 4578 699 4649 ὕστερον
747 4581 837 4628 καὶ
876 4579 932 4628 τὸ
976 4580 1096 4650 περὶ
1151 4579 1383 4635 Κυνάνην
1417 4578 1584 4638 πάθος
1615 4596 1790 4635 συνηνι

1968 4590 2187 4648 ynanes
2246 4574 2359 4645 (46)
2422 4570 2618 4628 credes
2674 4566 2909 4633 accidit,
2971 4583 3154 4640 quam
3227 4566 3562 4634 Perdiccas,

198 4672 349 4740 εχει,
380 4670 408 4720 ὃ
459 4662 759 4739 Περδίκκας
788 4684 842 4718 τε
870 4669 959 4717 καὶ
988 4666 1014 4717 6
1045 4661 1267 4738 ἀδελφός
1292 4665 1537 4727 Ἀλκέτας
1582 4662 1616 4718 δ
1622 4667 1792 4738 ιεπρά-

1977 4680 2165 4737 usque
2217 4662 2397 4719 frater
2441 4661 2673 4717 Alcetas
2729 4655 3079 4713 intulerunt.
3135 4658 3271 4713 Hasc
3321 4656 3564 4727 Cynane

1540 4789 1774 4850 VARI/‘3
1804 4793 2213 4850 LECTlONES.

264 4892 310 4925 ⁸³
340 4893 413 4954 εἰς
448 4913 502 4955 ς’.
620 4892 669 4926 ⁸⁸
697 4888 945 4962 ίπήνεγκε
1000 4912 1056 4955 ς.
1170 4892 1216 4926 ⁸⁸
1249 4889 1522 4945 ἀπελίπετο
1568 4913 1627 4957 ς.
1748 4891 1797 4928 ⁸⁸
1829 4886 2102 4944 Κυδωνίαν
2132 4893 2226 4948 τὴν
2258 4887 2307 4941 ἓν
2336 4890 2515 4962 Κρήτη
2554 4905 2608 4951 ς.
2723 4884 2767 4919 ⁸⁷
2798 4882 2869 4945 εἰς
2900 4904 2956 4950 ς.
3068 4881 3118 4921 ⁸³
3146 4886 3461 4957 Τευχερῖται
3482 4883 3557 4942 Α.

196 4962 240 4996 ⁸⁸
287 4962 532 5035 ’Δλιετέᾳ
560 4968 617 5017 et
636 4961 793 5019 infra
821 4960 1089 5024 Ἀλκετίας
1120 4983 1173 5027 ς’.

260 5176 371 5245 (4ο)
403 5174 558 5230 Vide
588 5172 692 5228 inf.
726 5172 860 5228 cod.
883 5173 1010 5239 2‘17,
1046 5178 1103 5229 et
1131 5172 1422 5230 Plutarch.
1458 5173 1560 5229 lib.
1595 5173 1803 5230 decem
1917 5177 2047 5247 Haec
2074 5170 2459 5247 autemregio
2486 5167 2671 5247 Plinio
2722 5166 3059 5247 Pentapoli:
3087 5165 3287 5246 Libya;
3326 5162 3562 5247 dicitur.

197 5234 429 5302 Gracia.
462 5247 791 5318 Oratornm.
998 5234 1007 5239 ’
1052 5313 1062 5318 Α
1169 5317 1177 5318 7
1270 5314 1279 5318 Δ
1351 5315 1365 5318 _
1399 5315 1408 5318 _
1495 5316 1503 5318 _
1934 5315 1948 5318 _
1986 5245 2100 5316 (44)
2150 5234 2437 5315 Antipatri
2479 5239 2660 5318 ﬁlius,
2700 5242 2846 5318 natu
2880 5234 3290 5318 m_inim_us,qni
3314 5234 3566 5318 Alexan-

269 5321 375 5377 ι41)
426 5316 761 5371 Pausanias
813 5321 1015 5369 tamen
1049 5313 1109 5369 in
1152 5314 1540 5373 Corinthiacis
1569 5333 1602 5373 a
1635 5331 1804 5371 servo
1914 5307 2023 5371 dro
2050 5307 2343 5370 venenum
2376 5307 2732 5385 propinaSse
2773 5308 3025 5365 traditur
3046 5307 3123 5363 ab
3153 5307 3401 5365 Arriano
3430 5307 3564 5380 ipso

202 5388 571 5443 interfectum
597 5388 856 5458 scripsit.
1158 5457 1165 5458 ί
1914 5387 2184 5458 aliisque.

272 5462 435 5529 (tam
468 5460 656 5516 Barce
678 5452 840 5530 (quas
864 5462 1001 5530 post
1030 5457 1351 5530 Ptolemais
1371 5458 1531 5514 dicta
1553 5472 1805 5530 geogra-
1947 5527 1956 5530 _
1986 5452 2096 5529 (45)
2123 5456 2330 5512 Justin.
2352 5454 2481 5509 haec
2506 5452 2673 5530 aliter
2694 5454 3037 5530 paulo-,astu
3061 5453 3380 5522 utramque
3408 5464 3567 5523 quae-

206 5522 907 5602 phiszarc-m'appella'ti
924 5528 1171 5602 Maroni,
1192 5528 1443 5602 Earcitae
1466 5522 1799 5602 Ptolemaeo,
1914 5522 2109 5593 sitam,
2135 5534 2409 5602 neutram
2436 5522 2954 5602 acquisitamdib.
2996 5536 3097 5577 xu.

206 5591 470 5673 Bai-cani
492 5591 765 5673 Synesio.
803 5600 946 5655 Hinc
978 5591 1164 5655 etiam
1186 5599 1442 5657 Barceus
1470 5591 1794 5656 derivatus.
1940 5672 1943 5673 ν
1984 5591 2102 5671 (46)
2131 5601 2204 5673 I_n_
2225 5598 2383 5654 edito
2402 5591 2649 5673 Arriano
2671 5594 2799 5673 haec
2818 5592 2991 5673 ιξύηα
3011 5591 3563 5673 vocatumAtbenmo

210 5672 341 5747 Vide
371 5664 574 5747 Steph.
651 5743 665 5747 _
1028 5740 1043 5747 _
1137 5741 1148 5747 _
1236 5741 1247 5747 _
1440 5746 1443 5747 ν
1487 5742 1508 5747 Δ
1698 5743 1707 5747 _
1915 5664 2123 5742 Cy'nn'a
2148 5669 2248 5726 lib.
2284 5685 2381 5725 xu.
2410 5667 2539 5738 lege
2567 5667 2637 5723 de
2668 5680 2739 5729 ea
2763 5664 3020 5739 Polywn.
3050 5666 3165 5724 sub
3186 5664 3293 5724 ﬁn.
3319 5664 3562 5723 lib.viu.

273 5746 378 5818 (t3)
394 5740 536 5817 Qui
546 5743 855 5805 Ptolomo
869 5746 924 5802 et
939 5740 1099 5801 Malm
1110 5741 1352 5801 Arsinoe
1364 5746 1456 5802 est
1471 5742 1800 5817 Cyrenaicos.
