4036 6214
512 328 615 389 307

1750 334 1994 390 PHOTII
2032 334 2213 389 PATR
2247 334 2512 392 ARCHIE
2552 337 2654 393 (ΞΡ.

3759 334 3871 393 308

513 457 793 515 eumdem
808 473 946 514 cum
956 457 1291 516 Alexandro
1303 463 1527 533 patrem
1542 462 1593 533 7
1604 463 1701 534 οὺ
1716 460 2046 535 Philippum
2059 461 2163 517 ha-

2275 461 2443 525 ξαντο.
2475 462 2533 517 Ἡ
2566 460 2626 517 δε
2680 465 2881 523 Κυνάνη
2924 463 3171 519 Φίλιππον
3228 466 3316 537 μεν
3376 459 3490 534 εἶχε
3536 466 3751 537 πατέρα,
3818 465 3871 515 ὄν

508 547 767 614 buit,sed
780 552 1030 603 matrem
1046 549 1371 620 Eurydicen
1389 552 1710 623 (47),atque
1722 554 1995 623 Amyntae
2010 551 2162 606 illius

514 653 666 694 uxor
694 635 821 707 fuit,
868 653 1048 709 quem
1081 637 1414 695 Alexander
1465 656 1498 697 e
1525 642 1718 696 medio
1749 640 2001 705 sustulit,
2024 656 2161 695 cum

513 727 575 782 in
604 727 825 791 Asiam,
855 727 1229 798 expeditione
1248 734 1545 801 suscepta,
1584 730 2037 787 moveret.ldem
2059 747 2163 786 au-

515 821 635 873 tem
666 815 760 871 ille
792 816 1182 888 interemptus
1230 822 1540 889 Amyntas,
1572 820 1867 876 Perdiccae
1908 819 2163 892 Philippi

512 904 713 961 fratris
746 904 925 973 ﬁlius,
964 905 1269 962 Alexandri
1304 908 1585 977 patruelis
1606 915 1751 964 erat.
1775 912 1941 965 Nunc
1961 909 2163 982 itaque

518 994 760 1066 Cynane
791 994 979 1050 ﬁliam
1024 1012 1196 1052 suam
1229 996 1456 1061 Adean,
1488 1013 1623 1069 quae
1671 1006 1805 1069 post
1842 998 2164 1069 Eurydices

514 1099 849 1153 cognomen
872 1083 1023 1150 tulit,
1050 1084 1308 1142 Arridaeo
1337 1102 1581 1143 uxorem
1613 1087 2165 1159 adducebat,quam

512 1179 569 1231 et
598 1177 806 1246 postea
824 1173 1012 1238 duxit,
1034 1175 1166 1246 ipso
1190 1176 1546 1245 transigente
1576 1177 1871 1244 Perdicca,
1913 1194 2034 1250 quo
2060 1194 2166 1250 per

515 1263 648 1320 illas
679 1263 920 1335 nuptias
946 1264 1335 1321 Macedonum
1359 1265 1667 1321 sedaretur
1697 1266 2071 1339 seditio,qute
2088 1268 2165 1324 ob

513 1353 814 1411 sublatam
857 1353 1153 1425 Cynanem
1208 1370 1482 1420 accensa,
1530 1354 1733 1413 abibat
1785 1356 1841 1411 in
1882 1357 2162 1414 deterius.

512 1444 845 1514 Antigonus
892 1442 1126 1499 interim
1154 1444 1216 1499 in
1244 1444 1649 1501 Macedoniam
1680 1446 1758 1501 ad
1791 1446 2165 1519 Antipatrum

500 1537 570 1589 et
594 1535 901 1590 Craterum
944 1532 1223 1604 profugit,
1275 1532 1508 1605 sibique
1552 1550 1590 1590 a
1617 1536 1885 1591 Perdicca
1915 1541 2164 1593 structas

512 1622 766 1679 insidias
796 1622 1136 1693 exponit,ac
1169 1624 1537 1680 tantumdem
1561 1639 1701 1679 eum
1729 1624 1792 1680 in
1812 1640 2024 1681 omnes
2050 1631 2163 1681 stu-

512 1713 677 1769 diose
708 1711 980 1767 meditari
1006 1710 1283 1767 afﬁrmat.
1319 1710 1593 1768 Similiter
1622 1718 1678 1769 et
1695 1713 1967 1785 Cynanes
1990 1715 2168 1771 infor-

2272 558 2360 605 καὶ
2390 550 2748 627 Ἀλέξανδρος,
2784 553 2836 605 ἔκ
2866 550 2924 606 δε
2967 558 3165 627 μητρός
3214 549 3509 626 Εὐρυδίκης
3552 548 3631 613 ἧς,
3661 557 3791 621 γυνὴ
3825 553 3874 586 9°

2275 638 2333 694 δὲ
2381 643 2661 715 Ἀμύντου,
2731 646 2783 695 ὄν
2850 646 2973 715 ἔφθη
3032 639 3370 716 Ἀλέξανδρος
3442 650 3657 706 κτεῖναι,
3715 643 3874 693 ὁπότε

2275 733 2344 793 εἰς
2392 739 2483 791 τὴν
2528 735 2713 787 Ἀσίαν
2764 730 3035 786 διέϐαινεν.
3072 734 3235 795 Οὗτος
3262 734 3304 767 ⁹¹
3342 729 3400 784 δὲ
3428 729 3719 806 Περδίκκου
3746 739 3872 792 παῖς

2280 817 2302 836 τ
2398 820 2410 835 τ
2564 826 2570 834 .
2691 826 2698 836 .
2812 823 2859 837 ς.
3204 827 3213 837 ,
3411 823 3421 835 α
3538 818 3560 835 ν
3678 820 3688 838 ,
3796 823 3806 835 .

2274 842 2356 889 ην,
2389 819 2608 894 αδελφος
2653 820 2711 875 δε
2748 830 3002 875 Φιλιππου
3052 819 3365 894 Περδικκας,
3398 842 3465 883 ως
3512 840 3635 872 ειναι
3692 821 3868 889 Αμυν-

2272 930 2363 963 ταν
2416 915 2501 963 τόν
2552 911 2866 984 ἀνῃρημένον
2917 908 3258 985 Ἀλεξάνδρου
3306 909 3533 980 ἀνεψιόν,
3564 907 3692 978 Ἤγε
3732 905 3793 960 δὲ
3838 910 3868 965 ἦ

2258 1003 2476 1059 ,Κυνάνη
2512 997 2700 1054 Ἀδέαν
2750 1006 2841 1058 τὴν
2897 1001 3059 1062 αὐτῆς
3110 1002 3369 1074 θυγατέρα
3390 1000 3457 1065 ⁹²,
3502 1001 3615 1059 ἣτις
3655 998 3869 1069 ὕστερον

2278 1086 2539 1162 Εὐρυδίκη
2586 1091 2984 1163 μετωνομάσθη,
3039 1098 3109 1161 τῷ
3162 1084 3450 1162 Ἀρριδαίῳ
3502 1087 3568 1147 είς
3621 1094 3870 1157 γυναῖκα·

2276 1182 2334 1237 ἣν
2393 1185 2480 1231 καὶ
2538 1180 2747 1247 ὕστερον
2819 1180 3040 1251 ἠγάγετο
3121 1174 3391 1252 Περδίκκα
3445 1172 3875 1249 διαπραξαμένου

2276 1267 2349 1339 ἐφ’
2490 1276 2693 1321 παῦσαι
2747 1273 2839 1328 τὴν
2888 1264 3199 1322 Μακεδόνων
3260 1268 3468 1328 στάσιν,
3499 1268 3611 1327 ἣτις
3661 1263 3743 1316 ἐπὶ
3800 1272 3879 1334 τῷ

2278 1360 2511 1421 Κυνάνης
2563 1361 2717 1411 πάθει
2769 1358 3057 1429 ἀναφθεῖσα
3108 1357 3191 1409 ἐπὶ
3241 1360 3379 1427 μέγα
3424 1361 3588 1405 κακοῦ
3648 1353 3696 1387 9³
3746 1371 3880 1425 προ-

2275 1455 2484 1521 εχωρει.
2519 1449 2809 1520 Ἀντίγονος
2857 1444 2915 1500 δε
2962 1447 3012 1510 ἐς
3059 1443 3384 1500 Μακεδονίαν
3432 1446 3577 1516 παρὰ
3633 1442 3883 1495 Ἀντίπαν

2272 1557 2389 1609 τρον
2442 1544 2532 1589 καὶ
2603 1541 2854 1609 Κρατερόν
2908 1538 3076 1609 ἔφυγε,
3130 1540 3219 1588 καὶ
3281 1539 3375 1593 τὴν
3439 1534 3510 1594 εἰς
3563 1532 3717 1584 αὐτόν
3766 1529 3883 1581 ἐπι-

2274 1626 2482 1691 ϐουλὴν,
2543 1631 2572 1685 ἡ
2632 1624 2926 1699 Περδίκκας
2978 1625 3226 1689 ἐϐούλευε,
3282 1621 3603 1694 διηγήσατο,
3670 1628 3760 1671 καί
3811 1622 3884 1679 ὡς

2274 1719 2407 1767 κατὰ
2460 1719 2660 1768 πάντων
2692 1718 2721 1774 ἢ
2770 1716 2899 1773 αύτὴ
2946 1715 3086 1785 αύτῷ
3138 1713 3317 1786 μελέτη
3372 1708 3752 1771 σπουδάζεται·
3792 1708 3885 1759 ἀν·-

514 1802 751 1858 tunium
782 1800 1000 1870 tragice
1032 1806 1369 1871 exaggerat.
1395 1800 1624 1868 Quibus
1660 1802 1740 1859 ita
1762 1803 2067 1875 expositis,
2086 1806 2162 1860 ad

2275 1800 2487 1867 εδίδαξέ
2519 1824 2570 1857 τι
2598 1810 2683 1857 καὶ
2733 1809 2790 1856 τό
2822 1813 2918 1867 τῆς
2960 1806 3190 1863 Κυνάνης
3243 1797 3655 1874 έκτραγῳδήσας
3684 1800 3879 1858 πάθος.

509 1888 737 1948 bellum
767 1891 932 1962 ipsos
964 1895 1169 1947 contra
1188 1890 1533 1946 Perdiccam
1565 1892 1894 1961 gerendum
1933 1892 2161 1951 inﬂam-

510 1987 661 2038 mat.

584 2068 882 2125 Arridesus
908 2083 1152 2139 quoque
1168 2066 1483 2123 Alexandri
1513 2069 1675 2139 apud
1704 2085 1766 2125 se
1802 2086 2021 2143 corpus
2050 2088 2164 2128 ser-

502 2173 681 2222 vans,
742 2164 1115 2227 repugnante
1164 2156 1456 2222 Perdicca,
1481 2156 1554 2211 ad
1596 2158 1975 2216 Ptolemaeum
2024 2162 2163 2233 Lagi

522 2245 585 2299 F.
614 2249 860 2316 accepto
890 2260 1139 2316 corpore
1178 2243 1575 2315 proﬁciscitur
1618 2247 1753 2317 (48),
1787 2264 1824 2302 a
1864 2250 2164 2321 Babylone

511 2349 617 2407 per
645 2333 1009 2391 Damascum
1033 2334 1091 2389 in
1122 2334 1442 2405 Egyptum
1466 2335 1571 2391 iter
1591 2336 1962 2401 habens.Qui
1981 2356 2165 2411 saepe-

513 2439 767 2480 numero
792 2423 928 2479 licet
950 2440 987 2479 a
1010 2423 1330 2480 Polemone
1362 2424 1653 2481 Perdicca;
1683 2426 1961 2483 familiari
1984 2429 2164 2501 impe-

510 2513 686 2579 ditus,
720 2513 967 2584 pervicit
1022 2519 1245 2579 tamen,
1298 2529 1359 2568 re
1398 2530 1467 2569 ex
1514 2515 1699 2570 animi
1748 2517 1837 2571 sui
1877 2519 2164 2575 sententia

510 2609 698 2674 gesta.
725 2604 953 2659 Interea
992 2605 1285 2658 Eumenes
1316 2603 1608 2659 Perdiccae
1640 2621 1890 2662 munera
1931 2608 2164 2665 Sardeis

511 2694 590 2749 ad
619 2690 991 2765 Cleopatram
1022 2693 1257 2749 attulit:
1293 2693 1715 2767 decretumque
1736 2696 1860 2766 jam
1885 2712 2015 2754 esse
2038 2701 2163 2755 Per-

512 2782 719 2849 diccae,
746 2782 941 2838 Nicaea
961 2782 1293 2854 repudiata,
1327 2783 1454 2854 ejus
1490 2784 1549 2839 in
1570 2784 1769 2840 locum
1788 2786 2161 2858 Cleopatram

509 2871 920 2942 ducere,quod
944 2870 1045 2926 ubi
1072 2871 1328 2927 innotuit
1346 2872 1684 2942 (Menander
1695 2875 1896 2945 Lydiae
1920 2880 2164 2948 satrapa

509 2960 805 3030 Antigono
836 2958 1205 3031 signiﬁcavit,
1234 2965 1291 3016 et
1338 2976 1443 3032 per
1483 2976 1624 3018 eum
1662 2964 1969 3035 Antipatro
2016 2982 2164 3037 quo-

509 3064 628 3122 que
653 3053 710 3105 et
737 3050 972 3106 Cratero
1002 3065 1092 3104 res
1118 3049 1469 3121 publicata),
1498 3066 1565 3107 eo
1621 3052 1801 3109 etiam
1847 3054 2161 3110 vehemen-

508 3139 627 3196 tius
651 3138 734 3195 illi
764 3138 843 3195 ad
874 3137 1208 3194 Perdiccam
1229 3138 1387 3195 bello
1418 3141 1905 3213 persequendum
1936 3143 2161 3201 incitati
2184 3170 2238 3227 ξε

514 3232 669 3284 sunt.
712 3228 1017 3300 Antipater
1071 3229 1274 3300 itaque
1318 3233 1375 3285 et
1420 3232 1691 3286 Craterus
1721 3247 1753 3287 e
1802 3232 2163 3289 Cherroneso

516 3317 965 3390 Hellespontum
990 3317 1601 3389 trajiciunt,trajectus
1628 3321 1981 3377 custodibus
2007 3323 2159 3382 clam

510 3422 617 3480 per
643 3408 872 3477 legatos
899 3407 1183 3479 deceptis.
1210 3408 1516 3463 Mittuntur
1532 3414 1589 3464 et
1616 3410 1694 3467 ab
1723 3410 1816 3466 his
1848 3411 1925 3467 ad
1957 3415 2164 3469 Eume-

509 3512 649 3554 nem
682 3513 751 3552 ac
778 3496 1249 3569 Neoptolemum,
1283 3497 1573 3553 Perdicca
1599 3499 1909 3567 obnoxios,
1934 3501 2112 3571 legati
2140 3513 2162 3557 ε

510 3586 733 3660 quibus
762 3585 1185 3658 Neoptolemus
1224 3585 1463 3659 quidem
1490 3588 1825 3660 assentitur,
1872 3593 2163 3651 Eumenes

509 3690 654 3733 vero
685 3676 951 3733 minime.

583 3853 731 3910 Hinc
757 3852 1003 3909 Eumeni
1030 3854 1341 3924 suspectus
1372 3867 1502 3909 esse
1514 3854 1691 3928 erepit
1716 3857 2158 3929 Neoptolemus,

512 3947 569 4000 et
596 3942 822 3999 bellum
851 3943 1003 3999 inter
1023 3957 1085 3998 se
1106 3946 1319 4013 gerunt
1349 3963 1363 3997 :
1395 3945 1523 4009 Quo
1555 3944 1615 4001 in
1638 3944 1795 4002 bello
1820 3946 2049 4003 viribus
2066 3967 2160 4005 su-

512 4036 759 4106 perante
792 4032 1075 4097 Eumene,
1090 4032 1239 4103 fugit
1268 4048 1403 4088 cum
1419 4033 1624 4105 paucis
1645 4036 2065 4107 Neoptolemus
2086 4039 2164 4095 ad

512 4123 890 4196 Antipatrum
917 4125 1362 4195 Craterumque,
1394 4124 1616 4196 quibus
1649 4129 1707 4180 et
1735 4127 2077 4198 persuadet,
2103 4133 2166 4185 ut

514 4212 626 4267 sibi
672 4212 733 4267 in
763 4212 922 4267 bello
970 4211 1256 4268 adversus
1305 4215 1627 4269 Eumenem
1661 4217 1859 4271 socius
1890 4216 2164 4275 Craterus

512 4300 774 4357 daretur.
829 4303 944 4356 Nec
976 4315 1165 4367 mora,
1199 4301 1410 4374 prmlio
1448 4304 1684 4375 utrique
1733 4321 1871 4361 cum
1903 4307 2163 4363 Eumene

515 4387 1041 4458 conﬂigunt.Dedit
1054 4404 1196 4445 vero
1221 4406 1469 4462 operam
1492 4407 1732 4449 omnem
1765 4397 2079 4465 Eumenes,
2101 4401 2164 4452 ut

511 4477 857 4549 ignorarent
886 4478 979 4535 sui
1011 4478 1309 4536 Craterum
1340 4478 1629 4537 adversus
1676 4498 1738 4537 se
1775 4482 2120 4554 belligerare
2146 4502 2179 4561 τε

494 4583 587 4626 ιιιθ
617 4568 781 4626 fama
815 4568 1073 4636 adducti,
1107 4569 1196 4625 vel
1221 4570 1433 4626 castris
1464 4570 1590 4627 suis
1615 4570 1965 4637 desertis,ad
1992 4570 2179 4630 illum

510 4660 847 4725 transirent,
870 4658 961 4716 vel
990 4663 1147 4717 certe
1169 4659 1334 4732 apud
1366 4676 1427 4716 se
1449 4663 1835 4733 manentes,7
1855 4665 1945 4733 la
1974 4664 2155 4721 auda-

511 4749 702 4807 ciores
718 4749 921 4807 minus
949 4756 1167 4807 essent.
1192 4750 1462 4817 Quicum
1494 4751 1572 4807 illi
1598 4751 1771 4808 dolus
1797 4758 1975 4826 atque
1990 4761 2155 4813 astus
2192 4832 2193 4835 η

494 4840 919 4928 processisset,
966 4839 1174 4913 proelio
1231 4855 1473 4913 quoque
1516 4841 1703 4898 victor
1750 4844 1953 4901 evasit.
2010 4848 2156 4918 Ergo

505 4922 931 5002 Neoptolemus
960 4922 1149 5002 ipsius
1190 4924 1470 4987 Eumenis
1501 4930 1707 4987 scribae
1740 4950 1925 4991 manu
1968 4936 2161 4995 caesus

2279 1898 2378 1945 Καὶ
2434 1901 2600 1946 ταῦτα
2648 1890 2948 1967 διαθέμενος
3016 1893 3083 1954 εἰς
3152 1891 3369 1964 πόλεμον
3455 1889 3595 1958 αὐτῷ
3661 1890 3887 1948 τούτους

2276 1987 2499 2041 κατέστη
2510 2004 2584 2037 σε.

2350 2076 2449 2124 Καὶ
2490 2069 2789 2146 Ἀρριδαῖος
2834 2069 2892 2124 δὲ
2936 2074 2961 2124 ό
3013 2075 3071 2124 τό
3124 2073 3170 2106 ⁹⁴
3200 2078 3291 2123 τοῦ
3322 2064 3664 2143 Ἀλεξάνδρου
3720 2076 3890 2140 σῶμα

2277 2160 2575 2231 φυλάσσων,
2632 2165 2773 2233 παρὰ
2841 2168 3050 2233 γνώμην
3118 2161 3246 2212 αὐτὸ
3329 2156 3621 2234 Περδίκκου
3678 2156 3886 2227 λαϐὼν,

2274 2254 2403 2322 πρὸς
2466 2251 2780 2323 Πτολεμαῖον
2837 2257 3178 2325 παραγίνεται
3238 2253 3323 2301 τόν
3376 2251 3575 2318 Λάγου,
3616 2246 3716 2299 ἀπὸ
3770 2254 3889 2299 Βα-

2274 2338 2497 2401 ϐυλῶνος
2565 2337 2658 2392 διὰ
2709 2348 2993 2411 Δαμασκοῦ
3046 2339 3121 2391 ἐπ’
3190 2342 3455 2409 Αἴγυπτον
3517 2336 3758 2388 ἐλαύνων·
3824 2338 3893 2397 ὃς

2272 2428 2435 2479 πολλὰ
2463 2432 2553 2500 μεν
2608 2431 2706 2481 ὑπὸ
2754 2429 3050 2499 Πολέμωνος
3079 2436 3168 2480 τού
3216 2428 3704 2498 προσοικειουμένου
3755 2430 3895 2498 Περ-

2275 2514 2436 2589 δίκκᾳ
2482 2518 2729 2581 κωλυθεὶς
2783 2518 3013 2576 ἐνίκησεν
3085 2520 3218 2588 ὅμως
3290 2517 3362 2577 εἰς
3414 2518 3470 2567 :0
3530 2520 3621 2572 τήν
3689 2514 3893 2565 ἑαυτοῦ

2272 2613 2482 2677 γνώμην
2540 2610 2672 2680 ἔργῳ
2703 2610 2750 2643 ³⁵
2792 2608 3082 2677 ἐξενεγκεῖν.
3118 2606 3199 2659 Ἐν
3252 2608 3417 2676 τούτῳ
3470 2608 3557 2655 καὶ
3609 2604 3657 2637 ⁸⁸
3717 2602 3893 2674 Εὐμέ-

2273 2716 2365 2757 νης
2423 2699 2560 2767 παρά
2642 2694 2933 2769 Περδίκκου
2996 2693 3143 2771 δῶρα
3218 2699 3347 2767 πρὸς
3431 2694 3765 2766 Κλεοπάτραν
3831 2695 3896 2752 ἃς

2274 2783 2491 2860 Σάρδεις
2538 2787 2764 2860 ἐκόμισε,
2829 2792 2917 2840 καὶ
2968 2790 3048 2839 ὅτι
3097 2785 3411 2856 ἐγνωσμένον
3465 2788 3540 2841 εἰη
3602 2778 3897 2856 Περδίκκᾳ

2273 2882 2495 2930 Νίκαιαν
2542 2882 2631 2949 μεν
2688 2877 2981 2949 ἐκπέμπειν,
3036 2875 3139 2927 ἀντ’
3192 2874 3381 2934 ἐκείνης
3416 2870 3475 2925 δε
3520 2874 3713 2928 ταύτην
3757 2872 3892 2943 0’57:-

2276 2966 2419 3022 σθαι,
2455 2967 2531 3018 Οὗ
2579 2970 2891 3038 μηνυθέντος
2929 2962 3245 3039 (Μένανδρος
3281 2960 3339 3016 δε
3364 2965 3389 3015 0
3422 2958 3627 3023 Λυδίας
3672 2963 3893 3034 σατρά-

2273 3074 2375 3115 πης
2424 3055 2677 3126 ἐμήνυσεν
2708 3058 2754 3091 ⁹⁸
2789 3058 3084 3126 Ἀντιγόνῳ)
3120 3058 3209 3106 καὶ
3261 3050 3333 3105 δι’
3388 3052 3549 3104 αὐτοῦ
3596 3057 3705 3110 τοῖς
3756 3056 3895 3121 περὶ

2272 3142 2615 3217 Ἀντίπατρον
2660 3150 2748 3198 καὶ
2798 3149 3054 3219 Κρατερόν
3114 3140 3555 3214 δημοσιωθέντος,
3603 3138 3685 3191 ἐπὶ
3744 3138 3895 3210 μάλ-

2273 3232 2356 3284 λον
2424 3234 2598 3294 αὐτοῖς
2656 3237 2717 3287 τὰ
2779 3238 2908 3308 πρὸς
2957 3230 3249 3307 Περδίκκαν
3304 3229 3728 3301 έξεπεπολέμωτο.
3781 3234 3893 3281 Πε-

2274 3330 2515 3396 ραιοῡται
2559 3320 2625 3382 δὴ
2680 3326 2726 3359 ⁹⁹
2784 3323 3133 3395 Ἀντίπατρος
3172 3326 3262 3373 καὶ
3322 3322 3578 3393 Κρατερός
3628 3316 3729 3369 ἀπὸ
3779 3325 3896 3379 τῆς

2280 3412 2604 3487 Χερρόνησον
2676 3418 2761 3465 τὸν
2815 3413 3205 3476 Ἑλλήσποντον,
3256 3416 3375 3471 τοὺς
3438 3413 3520 3461 τόν
3568 3413 3726 3479 πόρον
3782 3427 3895 3477 φυο

2273 3501 2561 3562 λάσσοντας
2610 3500 2701 3555 διὰ
2732 3505 2749 3539 ¹
2782 3504 3054 3574 πρεσϐείας
3101 3503 3436 3572 ὑπαγόμενοι.
3495 3495 3894 3571 Πρεσϐεύοντοιι

2276 3588 2335 3644 δὲ
2374 3594 2619 3663 καὶπρὸς
2652 3592 2846 3663 Εὐμένη
2899 3597 2988 3644 καὶ
3034 3594 3162 3665 πρὸς
3206 3590 3583 3659 Νεοπτόλεμον,
3611 3589 3728 3645 τοὺς
3771 3586 3894 3637 ύτεό

2275 3678 2543 3755 Περδίκκᾳ
2575 3684 2618 3716 ³·
2664 3687 2753 3733 καὶ
2782 3680 2911 3754 [126
2951 3680 3044 3753 [1.]
3082 3679 3427 3757 Νεοπτόλεμος
3469 3680 3557 3748 μεν
3614 3675 3891 3740 πείθεται,

2274 3770 2502 3842 Εὐμένης
2532 3767 2590 3823 δε
2619 3770 2713 3823 οὐκ
2744 3769 3004 3841 ἀνέχεται.

2341 3860 2707 3913 ’Υποπτεύεται
2780 3860 2984 3930 Εὐμένει
3061 3857 3432 3927 Νεοπτόλεμος,
3482 3858 3571 3906 καὶ

2273 3956 2437 4002 τείται
2489 3953 2617 4022 πρὸς
2675 3948 2915 4009 ἀλλήλους
2975 3948 3211 4016 πόλεμος,
3263 3951 3352 3998 καὶ
3395 3950 3515 4013 νικᾷ
3565 3944 3699 3994 κατὰ
3746 3944 3893 4013 κρά-

2272 4059 2355 4100 τος
2405 4038 2649 4110 Εύμένης.
2700 4040 2877 4108 Φεύγει
2927 4034 2985 4090 δε
3038 4035 3389 4106 Νεοπτόλεμος
3436 4034 3583 4104 παρὰ
3624 4033 3893 4086 Ἀντίπα-

2275 4149 2394 4202 τρον
2440 4133 2524 4181 καὶ
2587 4132 2843 4202 Κρατερὸν
2900 4131 2993 4178 σὺν
3047 4126 3256 4196 ὀλίγοις,
3292 4128 3379 4176 καὶ
3437 4123 3598 4175 πείθει
3650 4122 3893 4181 τούτους

2276 4218 2357 4271 ἔπι
2417 4223 2730 4291 συμμαχίαν
2781 4219 2916 4269 κατὰ
2973 4214 3226 4286 Εὐμένους
3272 4214 3428 4264 ἐλθεῖν
3482 4210 3617 4279 αύτῷ
3673 4214 3893 4279 Κρατε-

3648 3872 3894 3925 συγκρο-

2274 4313 2381 4381 ρόν·
2451 4314 2540 4359 καὶ
2596 4307 2907 4377 πολεμοῦσιν
2973 4306 3126 4375 ἄμφω
3186 4302 3396 4373 Εὐμένει
3444 4304 3483 4352 ³.
3543 4296 3647 4352 Καὶ
3704 4298 3895 4350 πάντα

2272 4404 2497 4458 ποιήσας
2553 4397 2779 4469 Εὐμένης
2828 4397 2958 4446 ὥστε
3003 4392 3175 4445 λαθεῖν
3230 4394 3344 4450 τοὺς
3394 4393 3488 4441 σὺν
3534 4387 3672 4455 αὐτῷ
3729 4392 3896 4458 Κροι-

2273 4491 2416 4560 τερόν
2469 4487 2608 4556 αύτῷ
2655 4484 2908 4557 πολεμεῖν,
2949 4484 3030 4534 ἶνα
3073 4486 3143 4553 μὴ
3195 4488 3256 4552 τῇ
3309 4483 3425 4550 περὶ
3473 4476 3627 4529 αὐτὸν
3664 4474 3895 4538 ἁλόντες

2273 4583 2418 4651 φήμῃ
2469 4578 2496 4635 ἢ
2548 4581 3013 4651 προσχωρήσωσιν
3050 4572 3191 4642 αύτῷ
3238 4572 3267 4629 ᾖ
3325 4574 3414 4621 καὶ
3460 4572 3686 4639 μένοντες
3722 4564 3897 4618 ἀτολ-

2269 4675 2477 4741 μότεροι
2523 4665 2638 4727 εἶεν,
2682 4670 2770 4718 καὶ
2818 4668 3087 4736 κρατήσας
3142 4667 3250 4722 τοῖς
3292 4660 3644 4730 τεχνάσμασι,
3686 4664 3901 4729 κρατεῖ

2270 4763 2358 4810 καὶ
2416 4766 2485 4827 τῷ
2563 4757 2783 4826 πολέμῳ·
2833 4758 2919 4804 καὶ
2972 4756 3149 4803 πίπτει
3235 4752 3322 4819 μεν
3398 4744 3749 4815 Νεοπτόλεμος
3810 4756 3889 4818 τῇ

2270 4848 2428 4901 αὐτοῦ
2478 4846 2731 4917 Εὐμένους
2798 4850 2887 4893 τοῦ
2931 4842 3277 4914 γραμματέως
3326 4832 3491 4904 δεξιᾷ,
3572 4834 3687 4903 [22!
3774 4836 3890 4909 PL]

2267 4938 2395 5010 ἀνὴρ
2450 4936 2820 5010 στρατιωτικός
2890 4936 2977 4982 καὶ
3020 4928 3257 4999 πολέμοις
3335 4927 3678 5000 ἠριστευκὼς,
3736 4930 3899 4995 K90:-

1852 5062 2081 5120 VARI/E
2120 5063 2519 5121 LECTIONES.

1268 5184 1313 5220 οι
1348 5184 1430 5237 ὅτε
1467 5206 1520 5250 ς’.

577 5189 624 5224 ³ο
644 5190 773 5261 γυνὴ
809 5185 854 5241 Α
889 5199 902 5241 2
933 5188 1066 5258 γένει
1098 5206 1153 5250 ς’.
1268 5185 1313 5220 ⁹¹

577 5264 662 5291 ..-ι
707 5259 731 5291 Α
776 5272 789 5288 ο
828 5255 888 5291 .1“.
917 5261 1003 5291 νηὶ
1040 5278 1074 5291 ,-
1206 5257 1251 5291 97
1288 5255 1329 5291 εἴ

1287 5275 1354 5318 εις
1404 5278 1463 5321 ς’.

506 5261 554 5295 ⁸⁸
576 5255 665 5312 καί
697 5259 742 5315 Α
776 5272 790 5315 ε
828 5255 888 5312 δὲ
917 5255 1007 5311 καὶ
1038 5278 1093 5323 ς’.

503 5338 645 5403 μενεῖ
672 5350 733 5396 ς.

1634 5186 1682 5262 ’ξ
1715 5187 1998 5262 θυγατέραν
2028 5191 2069 5244 Α
2080 5232 2091 5243 .

2206 5192 2253 5225 9³
2285 5193 2441 5241 κακὸν
2473 5211 2525 5253 ς.

1584 5257 1631 5293 ⁸⁸
1664 5254 1875 5329 ἐμήνυεν
1904 5254 1970 5313 Ἀ.
2002 5262 2048 5296 ⁹⁹
2078 5258 2145 5319 δὴ
2186 5264 2271 5317 Αε
2310 5258 2368 5314 δε
2402 5284 2455 5325 ς’.

2641 5186 2689 5221 9'.
2720 5188 2778 5237 τὸ
2810 5181 2951 5237 add,
2989 5188 3048 5234 Α,
3162 5180 3208 5212 ⁸⁵
3251 5179 3379 5246 ἔργῳ
3405 5176 3449 5229 Α
3482 5190 3495 5228 ε
3529 5173 3598 5234 εἰς
3625 5175 3783 5245 ἔργον
3823 5199 3893 5240 ς.

2572 5261 2586 5294 ¹
2614 5257 2727 5330 φυλ.
2763 5259 2851 5307 καὶ
2884 5250 2977 5305 διὰ
3006 5273 3058 5315 ς’.
3173 5252 3193 5285 ²
3224 5247 3516 5321 Περδίκκαν
3548 5266 3602 5308 ς.
3726 5247 3749 5281 ³
3782 5249 3902 5301 Εὑ-

2068 5455 2296 5514 NOTAE.

572 5582 686 5655 (47)
717 5580 1036 5655 Athenaeus
1066 5578 1292 5655 lib.x1u,_
1323 5581 1492 5639 initio
1513 5598 1585 5638 ex
1623 5582 1867 5639 Audata
1897 5582 2147 5653 Illyrica

490 5651 854 5725 susceptam
864 5651 1165 5725 Cynqnam
1185 5653 1435 5725 scripsit.

572 5720 691 5801 (48)
714 5720 1103 5785 Moribundus
1124 5722 1283 5779 enim
1305 5720 1505 5783 amicis
1530 5730 1895 5800 praeceperat
1939 5730 2003 5784 ut
2024 5741 2147 5785 cor-

2258 5599 2370 5654 pus
2398 5598 2571 5646 suum
2601 5579 2676 5654 ad
2706 5574 3012 5654 Ammonis
3044 5572 3178 5654 ferri
3205 5571 3500 5654 juberent.
3537 5570 3901 5654 tiemphirn

2259 5638 2458 5710 tamen
2494 5638 2873 5708 a'Ptolemaeo
2899 5638 3252 5701 translatum
3267 5649 3376 5703 est,
3405 5646 3461 5697 et
3481 5638 3621 5696 inde
3656 5638 3901 5711 paucis

2250 5730 2393 5800 post
2420 5724 2603 5815 anpis,
2620 5719 3063 5801 Alexandriam.
3095 5717 3255 5775 Curt.
3294 5714 3403 5771 lib.
3441 5728 3497 5770 ι.
3544 5796 3545 5799 η
