4036 6214
171 302 288 360 309
692 336 719 366 α

1357 303 1852 364 BIBLIOTHECA.
1891 337 1960 346 —
2004 307 2165 366 COD.
2202 309 2368 370 XCII.

3446 315 3552 374 310

160 434 318 506 ,τῳός
368 427 427 484 δί
461 433 562 484 ὑπὸ
601 451 752 484 τινων
784 433 1152 505 Παφλαγόνων,
1188 428 1416 506 ἀφειδῶς
1443 435 1573 506 πρὸς
1611 435 1753 498 πάνυ

1895 435 2122 502 cecidit,
2169 437 2259 492 vir
2319 442 2530 496 caatera
2594 441 2884 508 militaris,
2931 447 2986 499 et
3049 440 3205 514 bello
3250 446 3548 520 strenuus.

179 527 477 593 μαχόμενος
503 526 592 572 καὶ
621 529 813 595 χωρῶν
845 525 979 574 ὥστε
1007 522 1310 593 γνωσθῆναι
1343 543 1356 554 ·
1391 520 1495 573 ἀλλ’
1536 523 1662 596 ἔφθη
1697 543 1782 576 πε-

181 614 277 660 σὼν
304 613 377 679 μὴ
410 610 691 678 γνωσθεὶς,
724 615 895 663 καίτοι
932 615 1022 662 καὶ
1053 615 1148 668 τὴν
1177 615 1403 662 καυσίαν
1434 618 1526 671 τῆς
1563 611 1781 683 κεφαλῆς

176 695 382 768 ἀφελών.
413 697 471 750 'H
503 703 679 769 μέντοι
724 699 856 760 πεζὴ
888 701 1109 774 στρατιὰ
1134 705 1248 753 σὼα
1279 704 1402 772 πρὸς
1439 699 1778 774 Ἀντίπατρον

173 785 224 836 ἐκ
247 793 340 838 τοῦ
366 786 588 858 πολέμου
616 792 944 864 παρεγένετο,
978 789 1002 841 ὃ
1028 793 1118 842 καὶ
1147 791 1205 841 τὸ
1237 790 1259 824 ⁴
1282 789 1412 842 πολὺ
1434 797 1524 850 τῆς
1554 790 1778 863 ἀθυμίας

170 873 487 946 ἐπεκούφισε.

231 1152 587 1220 Παραγίνεται
640 1146 743 1201 ἀπὸ
798 1154 1079 1221 Δαμασκοῦ
1135 1146 1428 1223 Περδίκκας
1478 1146 1554 1200 ἄπ’
1609 1148 1772 1220 Αἴγυ-

161 1257 281 1288 πτον
325 1243 423 1289 σύν
463 1245 576 1300 τοῖς
625 1236 912 1311 βασιλεῦσι
955 1246 1042 1291 καὶ
1081 1247 1144 1312 τῇ
1197 1236 1419 1311 δυνάμει
1469 1238 1768 1311 Πτολεμαίῳ

157 1327 476 1397 πολεμῆσαι.
533 1332 923 1400 Κατηγορήσας
992 1324 1051 1381 δὲ
1113 1327 1454 1400 Πτολεμαίου,
1528 1327 1767 1380 κάκείνου

158 1415 235 1466 ἐπὶ
265 1425 360 1467 τοῦ
390 1416 624 1476 πλήθους
655 1418 676 1452 ⁵
719 1415 1069 1488 ἀπολυομένου
1109 1420 1198 1478 τὰς
1245 1417 1438 1482 αἰτίας,
1489 1421 1578 1469 καὶ
1613 1413 1769 1479 δόξας

148 1511 222 1575 μή
284 1502 486 1558 δίκαια
543 1504 824 1571 ἐπικαλεῖν,
878 1508 1010 1578 ὅμως
1067 1511 1157 1558 καὶ
1219 1514 1310 1558 τοῦ
1363 1506 1590 1567 πλήθους
1662 1506 1768 1577 ούχ

151 1593 351 1653 iace-aro;
401 1594 636 1667 πολεμεῖ.
696 1599 797 1648 Καὶ
844 1591 931 1658 δὶς
976 1597 1240 1661 ἡττηθεὶς,
1272 1599 1362 1647 καὶ
1392 1598 1597 1668 τραχὺς
1637 1598 1768 1669 πρὸς

148 1688 262 1744 τοὺς
323 1686 346 1716 ⁸
407 1687 558 1758 παρά
616 1683 934 1758 Πτολεμαῖον
1009 1683 1268 1745 ἐθέλοντας
1337 1692 1589 1759 χωρῆσαι
1653 1683 1767 1735 λίαν

148 1776 446 1839 καταστὰς,
499 1778 590 1826 καὶ
637 1773 797 1826 τᾶλλα
829 1776 848 1808 ⁷
903 1782 964 1847 τῇ
1018 1780 1242 1849 στρατιᾷ
1287 1774 1691 1849 ὑπερογκότερον
1731 1773 1760 1831 ἦ

146 1865 279 1913 κατὰ
362 1866 672 1935 στρατηγόν
726 1868 1157 1938 προσφερόμενος,
1227 1864 1326 1915 ὑπό
1404 1869 1497 1914 τοῦ
1570 1862 1762 1914 οἰκείου

147 1951 380 2013 πλξθους
428 1961 535 2003 τῶν
583 1955 777 2006 ἱππέων
825 1951 1132 2026 ἀναιρεῖται,
1184 1955 1484 2024 μαχόμενος
1530 1955 1620 2003 καὶ
1668 1951 1764 2002 αύ-

144 2046 248 2101 τός.
312 2041 648 2113 Πτολεμαῖος
695 2038 755 2094 δι
811 2044 942 2105 μετὰ
993 2047 1083 2101 τὴν
1143 2040 1406 2116 ἀναίρεσιν
1466 2037 1760 2114 Περδίκκου

144 2137 270 2203 πρὸς
328 2149 390 2183 τε
442 2134 571 2193 τοὺς
626 2127 865 2203 βασιλεῖς
932 2129 1218 2204 ἐπεραιώθη
1276 2133 1362 2183 τὸν
1417 2129 1614 2194 Νεῖλον,
1670 2135 1761 2182 καὶ

143 2216 332 2292 δώροις
383 2219 896 2291 φιλογρονησάμενος
939 2225 1027 2272 καὶ
1074 2227 1136 2292 τῇ
1186 2219 1313 2293 ἄλλῃ
1375 2221 1640 2293 θεραπείᾳ,
1699 2219 1758 2270 ού

137 2312 292 2377 μόνον
327 2304 392 2360 δε
441 2307 575 2359 ἀλλὰ
605 2313 692 2360 καὶ
734 2312 853 2370 τοὺς
902 2309 1016 2362 ὅσοι
1065 2307 1112 2360 ἐν
1152 2309 1277 2362 τέλει
1324 2304 1658 2362 Μακεδόνων.
1698 2310 1758 2360 ⁸0

141 2393 198 2448 δε
225 2402 319 2448 καὶ
365 2405 480 2459 τοῖς
515 2394 814 2470 Περδίκκου
864 2397 1028 2471 φίλοις
1076 2400 1468 2472 συναχθόμενός
1509 2417 1564 2450 τε
1603 2395 1758 2458 δῆλος

138 2486 355 2556 ἐγένετο,
415 2493 512 2539 καὶ
565 2489 707 2548 ὅσοις
764 2506 815 2540 τι
857 2483 1102 2540 κινδύνου
1141 2490 1218 2539 ἔτι
1265 2490 1286 2523 ³
1343 2485 1396 2540 ἐκ
1444 2483 1756 2541 Μακεδόνων

138 2576 465 2640 ὑπελείπετο,
522 2580 614 2627 καὶ
667 2579 882 2636 τούτους
926 2575 1213 2638 ἀπαλλάξαι
1259 2583 1351 2630 τοῦ
1402 2574 1554 2637 δέους
1599 2581 1755 2628 παντὶ

136 2669 309 2735 τροπῳ
351 2660 753 2718 διεσπούδασεν
783 2685 795 2698 ο
836 2663 909 2737 ἔφ’
952 2666 1024 2726 οἷς
1053 2670 1354 2740 παραυτίκα
1399 2685 1454 2718 τε
1493 2670 1580 2718 καὶ
1611 2664 1659 2727 ἐς
1697 2668 1754 2717 τό

136 2755 308 2805 ἔπειτα
361 2751 666 2825 εὐδοκιμῶν
724 2753 1052 2826 ἐγινώσκετο.
1115 2751 1392 2827 Συνεδρίου
1454 2751 1511 2807 δε
1567 2775 1754 2829 κροτη-

137 2845 302 2904 θέντος
335 2843 608 2915 ἄρχοντες
653 2845 744 2914 μεν
794 2851 884 2904 τῆς
926 2845 1103 2904 πάσης
1151 2839 1421 2916 δυνάμεως
1469 2845 1584 2896 ἀντὶ
1626 2850 1753 2917 Περ-

137 2925 318 2982 δίκκου
375 2934 557 2984 Πίθων
600 2934 622 2966 ⁸
654 2936 742 2983 καὶ
768 2928 1078 3006 Ἀρριδαῖος
1121 2931 1169 2984 ἐν
1205 2940 1278 3006 τῷ
1308 2936 1432 2993 τέως
1471 2930 1751 3007 ὼερῥήθη-

141 3037 245 3083 ταν,
284 3029 397 3071 τῶν
442 3019 505 3072 δε
554 3026 671 3092 περὶ
715 3019 911 3091 εύμένη
950 3040 1004 3073 τε
1043 3026 1132 3074 καὶ
1173 3021 1424 3077 Ἀλκέταν
1457 3023 1503 3057 ¹⁰
1547 3020 1597 3084 ἔς
1635 3041 1748 3074 πεν-

1890 525 2163 581 Craterus
2189 534 2387 583 autem
2415 529 2476 584 in
2502 529 2744 586 obvium
2792 528 3094 604 quemque
3120 530 3412 604 intrepide
3442 549 3549 606 pu-

1889 629 2104 682 gnans,
2150 621 2328 688 atque
2377 617 2456 673 ita
2501 617 2784 674 incedens
2827 624 2892 675 ut
2939 619 3219 689 cognosci
3269 624 3542 692 potuerit,

1887 702 2071 758 nihilo
2101 708 2304 760 tamen
2335 705 2531 762 secius
2581 723 2616 763 a
2645 706 3133 779 Paphlagonibus
3177 709 3544 781 quibusdam

1885 791 2226 861 incognitus
2255 793 2561 862 occiditur,
2597 795 2831 853 tametsi
2861 795 2954 852 ille
2985 796 3242 852 maxime
3273 798 3543 856 causiam

1884 879 2078 951 capite
2131 880 2465 953 dejecisset.
2499 884 2775 940 Attamen
2807 882 3111 956 pedestres
3140 885 3327 957 copias
3363 886 3542 944 salva

1882 969 1961 1025 ad
2007 969 2383 1040 Antipatrum
2415 987 2446 1026 e
2491 971 2699 1043 proelio
2746 973 3088 1038 redierunt;
3116 987 3253 1046 qum
3291 989 3387 1030 res
3419 975 3541 1031 ani-

1880 1073 2048 1114 mum
2079 1057 2355 1125 reddidit,
2391 1064 2735 1133 metumque
2767 1061 3001 1118 minuit.

1950 1147 2264 1205 Perdiccas
2313 1152 2606 1206 Damasco
2661 1149 2979 1222 profectus,
3008 1151 3296 1207 adversus
3350 1152 3542 1210 Ptole-

1879 1252 2097 1293 maeum
2164 1237 2301 1304 Lagi
2365 1241 2420 1294 F.
2476 1238 2888 1306 dimicaturus,
2921 1239 2984 1295 in
3016 1243 3337 1313 Egyptum
3399 1259 3537 1300 cum

1873 1325 2116 1398 regibus
2168 1327 2280 1399 (49)
2331 1331 2386 1383 et
2431 1327 2621 1400 copiis
2666 1327 2843 1384 venit.
2895 1328 3282 1387 Ptolemaeum
3335 1331 3537 1405 itaque

1876 1430 2014 1471 cum
2054 1420 2412 1481 accusasset,
2450 1421 2628 1489 atque
2658 1416 2753 1474 ille
2785 1417 3020 1488 objecta
3051 1417 3302 1476 crimina
3331 1435 3535 1478 coram

1876 1503 2252 1560 multitudine
2304 1506 2384 1562 ita
2434 1513 2768 1578 purgasset,
2821 1510 2887 1562 ut
2933 1506 3152 1577 injuste
3215 1517 3532 1565 accusatus

1874 1591 2190 1659 videretur,
2217 1593 2438 1650 bellum
2466 1599 2686 1660 tamen,
2710 1599 3084 1667 repugnante
3109 1596 3246 1652 licet
3273 1597 3533 1655 militum

1874 1681 2077 1752 vulgo,
2112 1681 2419 1738 Perdiccas
2467 1682 2660 1738 infert.
2695 1685 2824 1749 Quo
2875 1684 2937 1740 in
2964 1684 3124 1741 bello
3148 1685 3279 1756 jam
3315 1686 3531 1742 iterum

1805 1780 1842 1833 Β
1874 1769 2080 1836 victus,
2111 1770 2303 1843 iisque
2347 1771 2614 1843 asperior
2645 1771 2834 1827 factus
2881 1773 2984 1846 qui
3019 1773 3096 1830 ad
3143 1772 3531 1834 Ptolemaeum

1874 1860 2122 1916 transire
2181 1860 2412 1927 vellent,
2455 1866 2669 1918 caetera
2733 1861 2912 1918 etiam
2965 1862 3028 1918 in
3078 1864 3284 1920 castris
3327 1880 3531 1937 super-

1870 1950 2003 2006 bior
2033 1950 2167 2021 (30),
2201 1966 2385 2024 quam
2417 1951 2839 2023 imperatorem
2881 1951 3135 2021 deceret,
3161 1968 3198 2010 a
3227 1953 3356 2010 suis
3402 1955 3529 2027 ipse

1871 2039 2170 2113 equitibus
2213 2039 2365 2096 inter
2389 2042 2786 2112 pugnandum
2818 2041 3123 2098 occiditur.
3175 2042 3528 2101 Ptolemaeus

1869 2145 2032 2195 vero,
2067 2129 2304 2186 sublato
2332 2129 2625 2195 Perdicca,
2659 2129 2739 2187 ad
2766 2145 2956 2202 reges,
2993 2130 3348 2189 transmisso
3375 2132 3522 2200 Nilo,

1871 2219 2282 2292 proficiscitur,
2329 2219 2626 2292 donisque
2674 2219 2887 2286 allatis,
2936 2224 2996 2276 et
3040 2219 3218 2276 variis
3283 2237 3526 2295 quoque

1867 2310 2172 2382 obsequiis
2204 2313 2323 2366 tam
2350 2324 2472 2374 eos,
2490 2324 2676 2382 quam
2706 2313 2951 2365 caeteros
2968 2309 3361 2368 Macedonum
3391 2326 3526 2384 pro-

1867 2414 2050 2464 ceres,
2093 2404 2367 2455 amanter
2418 2397 2768 2469 complexus
2815 2403 2923 2455 est.
2975 2401 3099 2456 Imo
3153 2405 3208 2456 et
3254 2400 3523 2473 ipsorum

1868 2487 2158 2543 Perdiccae
2184 2487 2516 2543 amicorum
2548 2487 2743 2542 vicem
2774 2485 2974 2544 dolere
3001 2503 3065 2544 se
3095 2487 3298 2560 palam
3329 2493 3524 2546 osten-

1865 2575 1954 2631 dit
1981 2593 1994 2630 :
2027 2579 2086 2631 et
2112 2574 2575 2649 quibuscunque
2604 2574 3024 2631 Macedonibus
3054 2575 3385 2648 periculum
3415 2577 3520 2633 ali-

1863 2663 2028 2735 quod
2076 2663 2387 2718 imminere
2417 2662 2731 2727 videretur,
2761 2661 3006 2718 eosdem
3055 2663 3150 2719 ille
3193 2663 3360 2720 omni
3403 2679 3517 2737 ope

1864 2767 1932 2807 ac
1961 2751 2187 2806 ratione
2221 2756 2379 2806 metu
2408 2750 2660 2806 liberare
2693 2750 2940 2806 studuit.
2978 2750 3103 2816 Quo
3147 2751 3375 2808 factum
3406 2757 3512 2819 est,

1863 2845 1926 2895 ut
1949 2840 2074 2912 jam
2110 2845 2258 2905 tum,
2292 2847 2471 2912 atque
2501 2839 2561 2894 in
2591 2841 2900 2910 posterum
2939 2840 3210 2895 omnium
3241 2855 3343 2896 ore
3383 2840 3518 2899 lau-

1859 2929 2118 2984 daretur.
2145 2928 2358 2984 Habito
2385 2928 2522 2984 dein
2548 2932 2867 2993 conventu,
2886 2927 3093 2984 Pithon
3123 2931 3182 2986 et
3212 2929 3514 2987 Arridasus

1858 3018 2046 3090 copiis
2099 3015 2406 3082 universis,
2451 3016 2741 3073 Perdiccas
2789 3016 2941 3083 loco,
2992 3013 3253 3090 praefecti
3298 3035 3514 3076 renun-

136 3113 348 3164 τὲιοντα
384 3111 857 3181 κατεγνώσθησαν,
905 3109 1138 3182 μάλιστα
1186 3111 1269 3163 ἐπὶ
1311 3118 1372 3183 τῇ
1405 3117 1666 3186 Κρατεροῦ
1700 3111 1742 3146 ¹¹

1864 3105 1980 3164 tiati
2011 3109 2071 3163 in
2099 3121 2362 3180 prmsens
2392 3111 2549 3171 sunt,
2582 3110 2638 3161 et
2666 3118 2738 3161 ex
2780 3106 3060 3162 Eumenis
3088 3111 3268 3180 atque
3298 3107 3512 3166 Alcetaa

135 3194 399 3269 ἀναιρέσει
442 3207 548 3250 τῶν
609 3196 920 3251 Μακεδόνων
959 3203 1090 3273 πρὸς
1135 3199 1318 3259 αὐτούς
1370 3199 1746 3272 ἓκπολεμωθέν-

134 3305 222 3336 tm
285 3290 358 3339 ³³.
410 3287 753 3340 Μετεκαλεῖτο
810 3285 870 3341 δὲ
921 3292 1009 3340 καὶ
1056 3287 1354 3360 Ἀντίγονος
1401 3288 1459 3341 ἐκ
1508 3291 1740 3364 Κύπρου,

134 3383 214 3427 καί
259 3377 624 3448 Ἀντίπατρος
667 3373 747 3443 δέ,
797 3376 1116 3449 ἕπιταχῦναι
1153 3381 1285 3450 πρὸς
1308 3381 1431 3438 τοὺς
1470 3375 1740 3449 βασιλέας.

136 3468 286 3516 Οῖπω
341 3463 408 3518 δε
459 3464 858 3518 καταλαϐόντων
912 3467 958 3501 ¹³
1005 3468 1034 3525 ἠ
1092 3463 1358 3540 Εὐρυδίκη
1413 3469 1621 3519 Πίθωνα
1657 3471 1744 3518 καὶ

135 3553 438 3627 ’Δρῥιδαῖον
473 3550 644 3626 μηδέν
682 3556 802 3607 ἄνευ
856 3554 1015 3616 αὐτῆς
1061 3555 1210 3618 ἠξίου
1267 3557 1530 3629 πράττειν.
1580 3558 1645 3608 Οἱ
1685 3552 1743 3609 δὲ

136 3648 191 3693 τὰ
219 3654 412 3716 πρῶτα
461 3649 558 3715 μὲν
599 3643 694 3696 οὐκ
737 3645 997 3711 ἀντεῖπον,
1043 3648 1220 3698 ἔπειτα
1263 3641 1322 3698 δε
1373 3642 1542 3717 μηδεν
1581 3645 1742 3704 αὐτὴν

139 3733 482 3786 ἐπικοινωνεῖν
539 3741 650 3795 τοῖς
705 3730 988 3796 δημοσίοις
1046 3733 1306 3807 ἁντελεγον
1362 3737 1665 3809 πράγμασιν
1723 3757 1739 3770 ο

138 3825 296 3885 αὐτοῖς
345 3828 477 3898 γὰρ,
542 3823 635 3885 ἕως
688 3825 985 3895 Ἀντίγονος
1032 3828 1120 3876 καὶ
1173 3824 1516 3898 Ἀντίπατρος
1572 3844 1743 3898 παρα-

135 3918 399 3979 γένωνται,
460 3912 712 3985 μελήσειν
757 3917 874 3987 περὶ
921 3913 1142 3964 πάντων.
1185 3912 1281 3966 Ὧν
1313 3919 1740 3988 παραγεγονότων

138 4003 198 4062 εις
221 4003 574 4075 Ἀντίπατρον
606 4003 634 4058 ἦ
685 3997 971 4054 δυναστεία
1000 4006 1353 4075 περιίσταται.
1396 4009 1494 4057 Καὶ
1524 4005 1550 4055 ό
1584 4023 1742 4078 στρα-

138 4097 213 4149 re;
267 4092 404 4142 αἰτεῖ
449 4094 519 4142 τὰ
572 4093 717 4164 παρὰ
771 4087 1114 4166 Ἀλεξάνδρου
1154 4093 1517 4165 ὑποσχεθέντα
1563 4094 1741 4155 αὐτοῖς

139 4176 214 4229 ἐπί
240 4188 298 4251 τῇ
338 4184 669 4252 συστρατίίᾳ
704 4181 749 4215 ³⁵
772 4184 1049 4255 χρήματα,
1083 4186 1173 4233 καὶ
1224 4182 1563 4255 Ἀντίπατρος
1604 4203 1742 4256 παρ-

139 4275 314 4320 rutila
359 4275 453 4339 μεν
495 4265 670 4338 μηδὲν
712 4271 856 4341 ἔχειν
912 4268 1245 4343 ἀποκρίνεται
1288 4269 1412 4344 [127
1463 4271 1555 4346 Η.]
1613 4274 1739 4347 φρά-

141 4361 228 4415 ζειν
267 4359 508 4430 ἀκριϐες,
555 4357 806 4420 ἐξετάσας
859 4354 918 4411 δι
961 4361 1078 4420 τούς
1113 4379 1167 4412 τε
1197 4358 1494 4433 βασιλείους
1543 4363 1739 4420 θησαυ-

1853 3196 2245 3252 sectatoribus
2315 3194 2393 3252 ad
2464 3193 2903 3268 quinquaginta
2969 3193 3262 3265 damnati,
3328 3197 3511 3271 idque

1852 3285 2114 3342 maxime
2143 3284 2223 3340 ob
2246 3287 2550 3342 Craterum
2572 3283 2968 3350 interfectum,
2991 3301 3132 3341 cum
3159 3285 3508 3344 Macedones

1851 3375 2003 3430 inter
2050 3391 2114 3429 se
2181 3376 2405 3430 mutuis
2459 3373 2686 3445 praeliis
2749 3373 3127 3431 dissiderent.
3178 3374 3510 3447 Antigonus

1850 3463 2059 3520 adhaec
2101 3479 2133 3519 e
2183 3467 2378 3535 Cypro
2427 3467 2726 3528 evocatus,
2772 3462 2918 3535 quin
2964 3468 3020 3519 et
3060 3463 3386 3537 Antipater,
3432 3466 3510 3522 ad

1849 3569 2019 3624 reges
2049 3553 2324 3608 festinare
2348 3551 2659 3624 jubentur.
2693 3550 2971 3607 Nondum
3009 3567 3149 3609 vero
3179 3553 3509 3612 adventan-

1851 3642 2006 3698 tibus
2056 3642 2193 3708 illis,
2239 3641 2520 3713 Eurydice
2567 3643 2681 3712 (51)
2727 3639 3036 3697 Pithonem
3077 3647 3134 3697 et
3178 3643 3508 3700 Arridasum

1847 3732 1992 3789 nihil
2043 3747 2104 3787 se
2152 3728 2492 3786 inconsulta
2533 3727 2776 3785 volebat
2820 3744 3018 3800 agere.
3070 3730 3180 3796 Qui
3233 3748 3269 3787 a
3313 3733 3508 3804 primo

1848 3821 2093 3895 quidem
2135 3835 2258 3876 non
2307 3821 2755 3891 repugnarunt:
2796 3825 2936 3890 post
2977 3824 3200 3885 tamen,
3231 3820 3378 3876 nihil
3424 3821 3507 3877 illi

1849 3925 2171 3969 commune
2202 3925 2340 3964 cum
2365 3907 2676 3979 republica
2701 3922 2834 3964 esse
2862 3908 3337 3980 responderunt:
3371 3911 3503 3978 sibi,

1847 4001 1992 4057 dum
2044 3997 2380 4067 Antigonus
2413 3999 2468 4053 et
2514 3994 2822 4068 Antipater
2867 3997 3127 4064 veniant,
3182 4013 3339 4055 cura:
3377 4015 3505 4056 rem

1848 4091 1970 4147 fore
2013 4086 2341 4162 publicam.
2372 4084 2670 4168 lllijgitur
2717 4099 2856 4141 cum
2903 4085 3312 4154 accessissent,
3341 4088 3507 4144 Anti-

1846 4186 2020 4253 patro
2085 4191 2326 4232 summa
2393 4174 2479 4231 rei
2534 4173 2894 4231 commissa:
2958 4175 3368 4251 exercitusque
3432 4178 3505 4235 ab

1845 4267 2182 4326 Alexandro
2225 4265 2527 4339 promissa
2555 4263 2777 4321 militia
2807 4264 2966 4336 71b
2995 4265 3248 4338 praemia
3291 4269 3501 4342 poscit.

1844 4359 2167 4431 Antipater,
2200 4371 2337 4412 cum
2364 4354 2426 4410 in
2455 4352 2775 4425 praseentia
2802 4354 2950 4411 nihil
2970 4353 3239 4424 haberet,
3263 4373 3503 4432 aequum

143 4451 243 4508 et};
271 4453 366 4498 καὶ
419 4451 552 4508 τοὺς
589 4448 709 4500 ὅσοι
749 4445 1011 4518 ἀλλαχόθι
1040 4468 1138 4501 που
1170 4454 1394 4522 κείμενοι
1425 4447 1544 4515 ὦσι,
1595 4470 1736 4510 τηνι-

1864 4448 2147 4505 )ostulare
2172 4443 2514 4519 respondit:
2546 4447 2606 4500 at
2630 4458 2792 4510 mox,
2829 4448 2888 4500 ut
2909 4459 3018 4500 nec
3042 4443 3269 4516 justam
3295 4463 3503 4504 eorum

144 4541 285 4585 ait:
333 4537 423 4584 τὸν
468 4530 703 4585 δυνατον
753 4537 942 4608 τρόπον
980 4539 1053 4606 μὴ
1103 4534 1163 4586 ἂν
1204 4537 1379 4598 αὐτοῖς
1426 4535 1734 4610 ἐπίμεμπτος

146 4624 435 4688 νομισθῆναι
475 4643 488 4655 ·
529 4622 604 4694 ἐφ’
716 4625 765 4658 ¹⁵
795 4621 900 4695 ούχ
931 4619 1100 4686 ἡδέως
1146 4627 1175 4684 ἠ
1229 4629 1449 4700 στρατιὰ
1488 4631 1731 4686 ἤκουσεν.

147 4708 419 4780 [ἐκδικεῖς
482 4707 546 4764 δι
603 4711 1071 4784 συλλαμϐανούσης
1125 4721 1240 4774 ταῖς
1300 4719 1434 4768 κατά
1481 4717 1735 4772 Ἀντιπά-

147 4815 245 4866 τερον
274 4796 554 4862 διαϐολαῖς
580 4809 657 4871 τῷ
699 4799 804 4853 ἀπὸ
835 4809 928 4854 τοῦ
972 4801 1204 4864 πλήθους
1231 4805 1392 4875 ἄχθει
1423 4807 1615 4868 στάσις
1648 4811 1738 4878 γί-

149 4907 281 4941 νεται.
323 4896 424 4944 Καὶ
452 4887 768 4964 δημηγορεῖ
798 4887 1060 4964 Εὐρυδίκη
1089 4893 1204 4944 κατ’
1234 4894 1413 4962 αὑτοῦ,
1446 4903 1538 4948 τοῦ
1567 4915 1735 4971 γραμ-

1844 4537 2317 4608 indignationem
2365 4535 2666 4590 incurrere
2725 4532 2929 4606 possit,
2962 4533 3170 4606 quoad
3208 4536 3338 4607 ejus
3375 4537 3502 4594 ﬁeri

1845 4628 2055 4702 poterit
2119 4623 2568 4698 exploraturum
2617 4622 2929 4678 thesauros
2977 4623 3195 4694 regios,
3247 4640 3501 4698 quasque

1845 4717 1990 4775 alibi
2031 4714 2342 4772 recondita
2393 4717 2631 4769 essent:
2679 4725 2815 4782 quas
2865 4715 3019 4768 certe
3082 4711 3270 4784 ipsius
3313 4715 3501 4772 oratio

1841 4805 2340 4878 jucundaparum
2372 4800 2482 4858 fuit
2506 4798 2810 4856 exercitui.
2835 4799 3027 4865 Quare
3053 4813 3192 4857 cum
3209 4801 3500 4875 Eurydice

1847 4909 2092 4970 quoque
2118 4891 2565 4952 criminationes
2595 4887 2882 4947 adversus
2919 4889 3303 4962 Antipatrum
3341 4890 3500 4950 fove-

1482 5020 1717 5078 VARIAE
1756 5021 2046 5081 LECTION
2055 5018 2160 5076 ES.

205 5143 297 5194 δτό
327 5143 474 5199 add.
503 5151 568 5198 Α.
656 5145 677 5178 ⁸
702 5145 764 5194 τό
799 5141 996 5202 πλῆθος
1027 5163 1082 5206 ς’.

155 5227 238 5262 ἐν»
259 5236 309 5276 τ,
386 5219 410 5250 ³
439 5217 644 5268 Πείθων
672 5229 764 5286 pr.
792 5215 859 5268 Α.
890 5215 1073 5266 Πύθων
1103 5215 1258 5286 corr.
1290 5232 1302 5270 ζ
1337 5221 1425 5269 καὶ
1458 5221 1629 5272 Πίθων
1663 5241 1723 5284 ς’,

1161 5145 1181 5176 ⁸
1211 5145 1341 5216 πρὸς
1368 5148 1490 5206 τοὺς
1519 5179 1585 5187 -
1613 5145 1871 5210 regem;
1900 5149 1944 5200 A
1979 5163 1990 5200 :
2020 5151 2128 5207 τοῖς
2162 5174 2225 5187 —
2261 5141 2512 5200 θελήσασι
2543 5161 2603 5213 ς’.Δ
2674 5140 2693 5174 ⁷
2724 5139 2788 5192 τὰ
2817 5138 2949 5219 ἄλλα
2978 5161 3035 5206 ς’,

1161 5230 1254 5270 ιη’.
1290 5232 1302 5270 :
1337 5221 1425 5269 καὶ
1458 5221 1629 5272 Πίθων
1663 5241 1723 5274 ε’.
1808 5222 1855 5256 ¹ο
1884 5219 2122 5274 Ἀλκιτία
2157 5237 2213 5274 ς.
2309 5215 2351 5252 ¹¹
2386 5217 2648 5274 Κρατεροῦ
2688 5209 2948 5274 ἀναιρέσει
2978 5212 3026 5268 Α

1977 5236 2122 5270 κιτεα
2157 5237 2213 5280 ς’.

3141 5141 3161 5178 ⁸
3193 5143 3266 5185 ἔτι
3297 5143 3333 5185 Ἀ
3371 5159 3385 5185 9
3421 5143 3500 5185 αἴ-

2309 5143 2512 5200 ελήσασι
2543 5161 2603 5213 ς’.Δ
2674 5143 2693 5174 ⁷
2724 5143 2788 5192 τὰ
2817 5143 2949 5194 ἄλλα
2978 5161 3035 5206 ς’.
3115 5143 3161 5197 .⁸
3193 5143 3268 5214 ἔτι
3293 5143 3338 5198 Α
3371 5159 3385 5200 :
3421 5143 3498 5194 αῖ-

2309 5215 2351 5252 ¹¹
2386 5217 2648 5289 Κρατεροῦ
2688 5209 2948 5285 ἀναιρέσει
2978 5212 3026 5268 Α
3059 5228 3073 5270 :
3107 5220 3200 5267 τοῦ
3234 5219 3498 5291 κρατεροῦ

161 5299 200 5339 τ.
263 5289 304 5320 ’³
329 5284 791 5358 ἐκπολεμηθέντων
823 5307 879 5349 ς’.
961 5286 1004 5320 ¹³
1036 5284 1406 5350 καταλαϐόντος
1434 5291 1508 5347 Α.
1589 5292 1635 5326 ¹⁴
1667 5295 1938 5369 στρατείᾳ.
2013 5290 2060 5325 ¹⁵
2085 5287 2152 5338 ὧν
2178 5307 2235 5352 ς-.

1706 5398 1936 5456 ΝΟΤιΕ.

209 5515 308 5590 ιω)
336 5517 633 5590 Arn-ideo,
660 5521 716 5574 et
744 5515 1095 5590 Alexandro,
1112 5531 1319 5590 puero,
1361 5521 1629 5578 Roxanes
1660 5523 1723 5581 F.

211 5587 312 5655 (ἔσθ)
334 5589 549 5662 ins-stin.
575 5587 679 5646 lib.
700 5604 797 5645 xm
830 5606 843 5643 :
873 5610 901 5662 ει
927 5587 1224 5662 Perdicca
1246 5590 1382 5662 plus
1408 5592 1616 5650 odium
1643 5609 1736 5649 ar-

159 5660 438 5738 rogantiae,
470 5676 677 5738 quam_
701 5661 857 5738 vires
887 5659 1153 5738 hostium
1196 5659 1511 5738 nocebant,
1544 5681 1731 5738 quam

159 5731 297 5783 exosi
322 5731 502 5788 etiam
531 5731 680 5790 socii
701 5733 781 5790 ad
801 5731 1182 5804 Antipatrum
1209 5735 1502 5806 gregatim
1534 5731 1733 5808 p'rofu-

1842 5520 2308 5678 ῗῗῗξῧηέίτῖἱρεεῖ
2337 5587 2583 5678 coniux,
2603 5586 2782 5678 prius
2807 5589 2976 5678 Adeq
3006 5589 3185 5678 dicta,
3221 5591 3493 5678 Cynanes

1843 5660 2148 5747 ﬁlia,.sup.
2183 5664 2325 5747 Quae
2373 5660 2484 5747 viri
2523 5660 2863 5747 valetudine
2909 5661 3183 5733 abutens,
3218 5660 3348 5738 eius
3383 5667 3496 5725 sibi

1842 5734 2038 5792 ofﬁcia
2063 5732 2423 5790 vindicabat.
2457 5733 2667 5824 iustiti.
2694 5732 2801 5794 lib.
2831 5748 2948 5794 xxv.
