  <div class='ocr_page' id='page_1' title='image "/cluster/home/n/w/nwhite01/storage/ocr_20150623/103/hvd.32044054112495/167.png"; bbox 0 0 4036 6214; ppageno 0'>
   <div class='ocr_carea' id='block_1_1' title="bbox 527 325 2185 392">
    <p class='ocr_par' dir='ltr' id='par_1_1' title="bbox 527 332 2185 392">
     <span class='ocr_line' id='line_1_1' title="bbox 527 332 2185 392; baseline -0.001 -1"><span class='ocrx_word' id='word_1_1' title='bbox 527 332 627 392; x_wconf 78' lang='grc'><strong>311</strong></span> <span class='ocrx_word' id='word_1_2' title='bbox 1764 336 2001 391; x_wconf 82' lang='lat' dir='ltr'>PHOTII</span> <span class='ocrx_word' id='word_1_3' title='bbox 2038 336 2185 390; x_wconf 87' lang='lat' dir='ltr'>PAT]</span> 
     </span>
    </p>
   </div>
   <div class='ocr_carea' id='block_1_2' title="bbox 2303 325 3895 392">
    <p class='ocr_par' dir='ltr' id='par_1_2' title="bbox 2303 335 3895 392">
     <span class='ocr_line' id='line_1_2' title="bbox 2303 335 3895 392; baseline 0.001 -2"><span class='ocrx_word' id='word_1_4' title='bbox 2303 335 2512 391; x_wconf 71' lang='lat' dir='ltr'>RCHB</span> <span class='ocrx_word' id='word_1_5' title='bbox 2550 336 2652 391; x_wconf 75' lang='grc' dir='ltr'>ΟΡ.</span> <span class='ocrx_word' id='word_1_6' title='bbox 3783 336 3895 392; x_wconf 67' lang='lat'>312</span> 
     </span>
    </p>
   </div>
   <div class='ocr_carea' id='block_1_3' title="bbox 527 458 2185 537">
    <p class='ocr_par' dir='ltr' id='par_1_3' title="bbox 527 459 2185 535">
     <span class='ocr_line' id='line_1_3' title="bbox 527 459 2185 535; baseline -0.001 -16"><span class='ocrx_word' id='word_1_7' title='bbox 527 466 638 529; x_wconf 88' lang='lat' dir='ltr'>ret,</span> <span class='ocrx_word' id='word_1_8' title='bbox 662 460 839 535; x_wconf 88' lang='lat' dir='ltr'>plebe</span> <span class='ocrx_word' id='word_1_9' title='bbox 887 459 1262 532; x_wconf 81' lang='lat' dir='ltr'>indignante,</span> <span class='ocrx_word' id='word_1_10' title='bbox 1297 461 1505 517; x_wconf 76' lang='lat' dir='ltr'>seditio</span> <span class='ocrx_word' id='word_1_11' title='bbox 1558 462 1835 518; x_wconf 83' lang='lat' dir='ltr'>cooritur.</span> <span class='ocrx_word' id='word_1_12' title='bbox 1874 464 2001 527; x_wconf 85' lang='lat' dir='ltr'>Quo</span> <span class='ocrx_word' id='word_1_13' title='bbox 2052 466 2185 518; x_wconf 92' lang='lat' dir='ltr'>tem-</span> 
     </span>
    </p>
   </div>
   <div class='ocr_carea' id='block_1_4' title="bbox 2303 458 3899 537">
    <p class='ocr_par' dir='ltr' id='par_1_4' title="bbox 2307 458 3899 537">
     <span class='ocr_line' id='line_1_4' title="bbox 2307 458 3899 537; baseline -0.001 -23"><span class='ocrx_word' id='word_1_14' title='bbox 2307 465 2509 533; x_wconf 88' lang='grc' dir='ltr'>ματέως</span> <span class='ocrx_word' id='word_1_15' title='bbox 2552 458 3019 535; x_wconf 78' lang='grc' dir='ltr'>Ἀσκληπιοδώρου</span> <span class='ocrx_word' id='word_1_16' title='bbox 3074 463 3537 537; x_wconf 85' lang='grc' dir='ltr'>ύπηρετησαμένου</span> <span class='ocrx_word' id='word_1_17' title='bbox 3590 467 3661 531; x_wconf 84' lang='grc' dir='ltr'>τῷ</span> <span class='ocrx_word' id='word_1_18' title='bbox 3708 461 3843 533; x_wconf 81' lang='grc' dir='ltr'>λόγῳ</span> <span class='ocrx_word' id='word_1_19' title='bbox 3884 477 3899 491; x_wconf 77' lang='grc'><strong><em>⁸</em></strong></span> 
     </span>
    </p>
   </div>
   <div class='ocr_carea' id='block_1_5' title="bbox 528 548 2185 626">
    <p class='ocr_par' dir='ltr' id='par_1_5' title="bbox 528 551 2185 626">
     <span class='ocr_line' id='line_1_5' title="bbox 528 551 2185 626; baseline -0.001 -16"><span class='ocrx_word' id='word_1_20' title='bbox 528 568 674 626; x_wconf 91' lang='lat' dir='ltr'>pore</span> <span class='ocrx_word' id='word_1_21' title='bbox 724 556 779 608; x_wconf 89' lang='lat' dir='ltr'>et</span> <span class='ocrx_word' id='word_1_22' title='bbox 820 552 951 623; x_wconf 89' lang='lat' dir='ltr'>ipsa</span> <span class='ocrx_word' id='word_1_23' title='bbox 999 552 1057 607; x_wconf 93' lang='lat' dir='ltr'>in</span> <span class='ocrx_word' id='word_1_24' title='bbox 1106 568 1243 608; x_wconf 89' lang='lat' dir='ltr'>eum</span> <span class='ocrx_word' id='word_1_25' title='bbox 1313 552 1721 616; x_wconf 89' lang='lat' dir='ltr'>concionatur,</span> <span class='ocrx_word' id='word_1_26' title='bbox 1769 551 2185 623; x_wconf 85' lang='lat' dir='ltr'>Asclepiodore</span> 
     </span>
    </p>
   </div>
   <div class='ocr_carea' id='block_1_6' title="bbox 2303 548 3900 626">
    <p class='ocr_par' dir='ltr' id='par_1_6' title="bbox 2304 548 3900 626">
     <span class='ocr_line' id='line_1_6' title="bbox 2304 548 3900 626; baseline -0.001 -23"><span class='ocrx_word' id='word_1_27' title='bbox 2304 556 2393 604; x_wconf 98' lang='lat' dir='ltr'>xui</span> <span class='ocrx_word' id='word_1_28' title='bbox 2438 551 2692 612; x_wconf 80' lang='grc' dir='ltr'>Ἀτταλος</span> <span class='ocrx_word' id='word_1_29' title='bbox 2738 548 2816 605; x_wconf 84' lang='grc' dir='ltr'>δέ.</span> <span class='ocrx_word' id='word_1_30' title='bbox 2867 557 2965 605; x_wconf 83' lang='grc' dir='ltr'>Καὶ</span> <span class='ocrx_word' id='word_1_31' title='bbox 3007 552 3183 626; x_wconf 81' lang='grc' dir='ltr'>ῥύεται</span> <span class='ocrx_word' id='word_1_32' title='bbox 3228 551 3376 623; x_wconf 79' lang='grc' dir='ltr'>μόλις</span> <span class='ocrx_word' id='word_1_33' title='bbox 3425 550 3765 625; x_wconf 87' lang='grc' dir='ltr'>Ἀντίπατρος</span> <span class='ocrx_word' id='word_1_34' title='bbox 3809 560 3900 613; x_wconf 82' lang='grc' dir='ltr'>τῆς</span> 
     </span>
    </p>
   </div>
   <div class='ocr_carea' id='block_1_7' title="bbox 532 639 2185 714">
    <p class='ocr_par' dir='ltr' id='par_1_7' title="bbox 532 640 2185 714">
     <span class='ocr_line' id='line_1_7' title="bbox 532 640 2185 714; baseline 0 -17"><span class='ocrx_word' id='word_1_35' title='bbox 532 642 729 699; x_wconf 89' lang='lat' dir='ltr'>scriba</span> <span class='ocrx_word' id='word_1_36' title='bbox 777 656 1113 697; x_wconf 86' lang='lat' dir='ltr'>sermonem</span> <span class='ocrx_word' id='word_1_37' title='bbox 1176 642 1305 712; x_wconf 88' lang='lat' dir='ltr'>ejus</span> <span class='ocrx_word' id='word_1_38' title='bbox 1354 640 1661 707; x_wconf 85' lang='lat' dir='ltr'>referente,</span> <span class='ocrx_word' id='word_1_39' title='bbox 1696 645 1750 696; x_wconf 89' lang='lat' dir='ltr'>et</span> <span class='ocrx_word' id='word_1_40' title='bbox 1798 646 2011 714; x_wconf 90' lang='lat' dir='ltr'>prater</span> <span class='ocrx_word' id='word_1_41' title='bbox 2058 657 2185 697; x_wconf 88' lang='lat' dir='ltr'>eam</span> 
     </span>
    </p>
   </div>
   <div class='ocr_carea' id='block_1_8' title="bbox 2303 639 3898 714">
    <p class='ocr_par' dir='ltr' id='par_1_8' title="bbox 2307 639 3898 713">
     <span class='ocr_line' id='line_1_8' title="bbox 2307 639 3898 713; baseline 0 -21"><span class='ocrx_word' id='word_1_42' title='bbox 2307 649 2530 713; x_wconf 77' lang='grc' dir='ltr'>σφαγῆς,</span> <span class='ocrx_word' id='word_1_43' title='bbox 2587 641 2883 713; x_wconf 88' lang='grc' dir='ltr'>Ἀντιγόνου</span> <span class='ocrx_word' id='word_1_44' title='bbox 2954 646 3043 693; x_wconf 88' lang='grc' dir='ltr'>καὶ</span> <span class='ocrx_word' id='word_1_45' title='bbox 3114 641 3352 694; x_wconf 74' lang='grc' dir='ltr'>Σελεύκου</span> <span class='ocrx_word' id='word_1_46' title='bbox 3424 648 3483 712; x_wconf 74' lang='grc' dir='ltr'>τῇ</span> <span class='ocrx_word' id='word_1_47' title='bbox 3568 639 3898 712; x_wconf 71' lang='grc' dir='ltr'>παρακλήσει</span> 
     </span>
    </p>
   </div>
   <div class='ocr_carea' id='block_1_9' title="bbox 528 715 2194 801">
    <p class='ocr_par' dir='ltr' id='par_1_9' title="bbox 528 715 2194 801">
     <span class='ocr_line' id='line_1_9' title="bbox 528 715 2194 801; baseline -0.001 -15"><span class='ocrx_word' id='word_1_48' title='bbox 528 715 671 787; x_wconf 85' lang='lat' dir='ltr'>item</span> <span class='ocrx_word' id='word_1_49' title='bbox 703 730 956 786; x_wconf 88' lang='lat' dir='ltr'>Attalus.</span> <span class='ocrx_word' id='word_1_50' title='bbox 988 730 1167 786; x_wconf 89' lang='lat' dir='ltr'>Plane</span> <span class='ocrx_word' id='word_1_51' title='bbox 1212 736 1276 786; x_wconf 93' lang='lat' dir='ltr'>ut</span> <span class='ocrx_word' id='word_1_52' title='bbox 1304 730 1400 785; x_wconf 86' lang='lat' dir='ltr'>vix</span> <span class='ocrx_word' id='word_1_53' title='bbox 1432 730 1581 785; x_wconf 91' lang='lat' dir='ltr'>cadi</span> <span class='ocrx_word' id='word_1_54' title='bbox 1608 735 1844 801; x_wconf 84' lang='lat' dir='ltr'>ereptus</span> <span class='ocrx_word' id='word_1_55' title='bbox 1891 730 2194 801; x_wconf 81' lang='lat' dir='ltr'>Antipater</span> 
     </span>
    </p>
   </div>
   <div class='ocr_carea' id='block_1_10' title="bbox 530 819 2193 892">
    <p class='ocr_par' dir='ltr' id='par_1_10' title="bbox 530 819 2193 892">
     <span class='ocr_line' id='line_1_10' title="bbox 530 819 2193 892; baseline 0 -17"><span class='ocrx_word' id='word_1_56' title='bbox 530 821 625 887; x_wconf 88' lang='lat' dir='ltr'>sit,</span> <span class='ocrx_word' id='word_1_57' title='bbox 668 819 1056 892; x_wconf 86' lang='lat' dir='ltr'>patrocinatis</span> <span class='ocrx_word' id='word_1_58' title='bbox 1105 820 1267 892; x_wconf 87' lang='lat' dir='ltr'>apud</span> <span class='ocrx_word' id='word_1_59' title='bbox 1311 820 1685 876; x_wconf 80' lang='lat' dir='ltr'>inconditam</span> <span class='ocrx_word' id='word_1_60' title='bbox 1746 820 1981 891; x_wconf 89' lang='lat' dir='ltr'>plebem</span> <span class='ocrx_word' id='word_1_61' title='bbox 2036 821 2193 875; x_wconf 87' lang='lat' dir='ltr'>Anti-</span> 
     </span>
    </p>
   </div>
   <div class='ocr_carea' id='block_1_11' title="bbox 529 909 2193 981">
    <p class='ocr_par' dir='ltr' id='par_1_11' title="bbox 529 909 2193 981">
     <span class='ocr_line' id='line_1_11' title="bbox 529 909 2193 981; baseline -0.001 -15"><span class='ocrx_word' id='word_1_62' title='bbox 529 925 689 980; x_wconf 89' lang='lat' dir='ltr'>gono</span> <span class='ocrx_word' id='word_1_63' title='bbox 719 913 776 965; x_wconf 90' lang='lat' dir='ltr'>et</span> <span class='ocrx_word' id='word_1_64' title='bbox 808 910 1072 977; x_wconf 87' lang='lat' dir='ltr'>Seleuco,</span> <span class='ocrx_word' id='word_1_65' title='bbox 1107 926 1360 981; x_wconf 91' lang='lat' dir='ltr'>quorum</span> <span class='ocrx_word' id='word_1_66' title='bbox 1397 909 1852 966; x_wconf 88' lang='lat' dir='ltr'>advocationem</span> <span class='ocrx_word' id='word_1_67' title='bbox 1890 909 2193 980; x_wconf 81' lang='lat' dir='ltr'>Antipater</span> 
     </span>
    </p>
   </div>
   <div class='ocr_carea' id='block_1_12' title="bbox 530 999 2191 1073">
    <p class='ocr_par' dir='ltr' id='par_1_12' title="bbox 530 999 2191 1073">
     <span class='ocr_line' id='line_1_12' title="bbox 530 999 2191 1073; baseline -0.001 -19"><span class='ocrx_word' id='word_1_68' title='bbox 530 999 901 1073; x_wconf 85' lang='lat' dir='ltr'>postularat:</span> <span class='ocrx_word' id='word_1_69' title='bbox 935 1000 1038 1072; x_wconf 89' lang='lat' dir='ltr'>qui</span> <span class='ocrx_word' id='word_1_70' title='bbox 1081 1005 1138 1057; x_wconf 89' lang='lat' dir='ltr'>et</span> <span class='ocrx_word' id='word_1_71' title='bbox 1168 1000 1281 1072; x_wconf 91' lang='lat' dir='ltr'>ipsi</span> <span class='ocrx_word' id='word_1_72' title='bbox 1330 1004 1645 1071; x_wconf 83' lang='lat' dir='ltr'>propterea</span> <span class='ocrx_word' id='word_1_73' title='bbox 1693 1015 1813 1054; x_wconf 93' lang='lat' dir='ltr'>non</span> <span class='ocrx_word' id='word_1_74' title='bbox 1856 1015 2068 1069; x_wconf 90' lang='lat' dir='ltr'>parum</span> <span class='ocrx_word' id='word_1_75' title='bbox 2118 999 2191 1054; x_wconf 92' lang='lat' dir='ltr'>de</span> 
     </span>
    </p>
   </div>
   <div class='ocr_carea' id='block_1_13' title="bbox 528 1088 2192 1161">
    <p class='ocr_par' dir='ltr' id='par_1_13' title="bbox 528 1088 2192 1161">
     <span class='ocr_line' id='line_1_13' title="bbox 528 1088 2192 1161; baseline -0.001 -18"><span class='ocrx_word' id='word_1_76' title='bbox 528 1089 647 1145; x_wconf 87' lang='lat' dir='ltr'>vita</span> <span class='ocrx_word' id='word_1_77' title='bbox 671 1088 984 1161; x_wconf 82' lang='lat' dir='ltr'>periclitati</span> <span class='ocrx_word' id='word_1_78' title='bbox 1024 1094 1183 1145; x_wconf 91' lang='lat' dir='ltr'>sunt.</span> <span class='ocrx_word' id='word_1_79' title='bbox 1237 1088 1400 1144; x_wconf 85' lang='lat' dir='ltr'>Morti</span> <span class='ocrx_word' id='word_1_80' title='bbox 1436 1103 1575 1157; x_wconf 89' lang='lat' dir='ltr'>ergo</span> <span class='ocrx_word' id='word_1_81' title='bbox 1616 1092 1853 1160; x_wconf 91' lang='lat' dir='ltr'>ereptus</span> <span class='ocrx_word' id='word_1_82' title='bbox 1888 1088 2192 1157; x_wconf 85' lang='lat' dir='ltr'>Antipater</span> 
     </span>
    </p>
   </div>
   <div class='ocr_carea' id='block_1_14' title="bbox 532 1176 2193 1249">
    <p class='ocr_par' dir='ltr' id='par_1_14' title="bbox 532 1176 2193 1249">
     <span class='ocr_line' id='line_1_14' title="bbox 532 1176 2193 1249; baseline -0.002 -16"><span class='ocrx_word' id='word_1_83' title='bbox 532 1177 610 1233; x_wconf 91' lang='lat' dir='ltr'>ad</span> <span class='ocrx_word' id='word_1_84' title='bbox 641 1193 817 1233; x_wconf 90' lang='lat' dir='ltr'>suum</span> <span class='ocrx_word' id='word_1_85' title='bbox 860 1193 925 1233; x_wconf 89' lang='lat' dir='ltr'>se</span> <span class='ocrx_word' id='word_1_86' title='bbox 971 1178 1191 1249; x_wconf 89' lang='lat' dir='ltr'>recepit</span> <span class='ocrx_word' id='word_1_87' title='bbox 1238 1176 1583 1241; x_wconf 84' lang='lat' dir='ltr'>exercitum,</span> <span class='ocrx_word' id='word_1_88' title='bbox 1632 1181 1688 1231; x_wconf 92' lang='lat' dir='ltr'>et</span> <span class='ocrx_word' id='word_1_89' title='bbox 1734 1176 2004 1248; x_wconf 86' lang='lat' dir='ltr'>equitum</span> <span class='ocrx_word' id='word_1_90' title='bbox 2048 1191 2193 1245; x_wconf 86' lang='lat' dir='ltr'>pra-</span> 
     </span>
    </p>
   </div>
   <div class='ocr_carea' id='block_1_15' title="bbox 528 1263 2191 1335">
    <p class='ocr_par' dir='ltr' id='par_1_15' title="bbox 528 1263 2191 1335">
     <span class='ocr_line' id='line_1_15' title="bbox 528 1263 2191 1335; baseline -0.001 -16"><span class='ocrx_word' id='word_1_91' title='bbox 528 1265 662 1322; x_wconf 85' lang='lat' dir='ltr'>fecti</span> <span class='ocrx_word' id='word_1_92' title='bbox 725 1264 861 1321; x_wconf 92' lang='lat' dir='ltr'>dein</span> <span class='ocrx_word' id='word_1_93' title='bbox 911 1266 1141 1321; x_wconf 85' lang='lat' dir='ltr'>evocati</span> <span class='ocrx_word' id='word_1_94' title='bbox 1184 1267 1610 1329; x_wconf 88' lang='lat' dir='ltr'>convenerunt,</span> <span class='ocrx_word' id='word_1_95' title='bbox 1662 1263 1878 1335; x_wconf 87' lang='lat' dir='ltr'>vixque</span> <span class='ocrx_word' id='word_1_96' title='bbox 1943 1263 2191 1318; x_wconf 87' lang='lat' dir='ltr'>tandem</span> 
     </span>
    </p>
   </div>
   <div class='ocr_carea' id='block_1_16' title="bbox 530 1352 2186 1427">
    <p class='ocr_par' dir='ltr' id='par_1_16' title="bbox 530 1352 2186 1427">
     <span class='ocr_line' id='line_1_16' title="bbox 530 1352 2186 1427; baseline -0.001 -19"><span class='ocrx_word' id='word_1_97' title='bbox 530 1352 807 1409; x_wconf 87' lang='lat' dir='ltr'>seditioni</span> <span class='ocrx_word' id='word_1_98' title='bbox 832 1353 951 1408; x_wconf 87' lang='lat' dir='ltr'>ﬁne</span> <span class='ocrx_word' id='word_1_99' title='bbox 977 1353 1139 1419; x_wconf 90' lang='lat' dir='ltr'>dato,</span> <span class='ocrx_word' id='word_1_100' title='bbox 1174 1353 1551 1427; x_wconf 84' lang='lat' dir='ltr'>Antipatrum</span> <span class='ocrx_word' id='word_1_101' title='bbox 1592 1368 1851 1418; x_wconf 88' lang='lat' dir='ltr'>rursum,</span> <span class='ocrx_word' id='word_1_102' title='bbox 1886 1356 1950 1408; x_wconf 89' lang='lat' dir='ltr'>ut</span> <span class='ocrx_word' id='word_1_103' title='bbox 1991 1355 2186 1417; x_wconf 90' lang='lat' dir='ltr'>antea,</span> 
     </span>
    </p>
   </div>
   <div class='ocr_carea' id='block_1_17' title="bbox 531 1442 1440 1514">
    <p class='ocr_par' dir='ltr' id='par_1_17' title="bbox 531 1442 1440 1514">
     <span class='ocr_line' id='line_1_17' title="bbox 531 1442 1440 1514; baseline 0 -17"><span class='ocrx_word' id='word_1_104' title='bbox 531 1457 785 1499; x_wconf 90' lang='lat' dir='ltr'>summa</span> <span class='ocrx_word' id='word_1_105' title='bbox 811 1458 1069 1514; x_wconf 88' lang='lat' dir='ltr'>praesse</span> <span class='ocrx_word' id='word_1_106' title='bbox 1096 1443 1179 1498; x_wconf 88' lang='lat' dir='ltr'>rei</span> <span class='ocrx_word' id='word_1_107' title='bbox 1203 1442 1440 1513; x_wconf 89' lang='lat' dir='ltr'>jubent.</span> 
     </span>
    </p>
   </div>
   <div class='ocr_carea' id='block_1_18' title="bbox 602 1529 2189 1603">
    <p class='ocr_par' dir='ltr' id='par_1_18' title="bbox 602 1529 2189 1603">
     <span class='ocr_line' id='line_1_18' title="bbox 602 1529 2189 1603; baseline -0.001 -18"><span class='ocrx_word' id='word_1_108' title='bbox 602 1531 687 1587; x_wconf 90' lang='lat' dir='ltr'>lbi</span> <span class='ocrx_word' id='word_1_109' title='bbox 739 1535 796 1587; x_wconf 90' lang='lat' dir='ltr'>et</span> <span class='ocrx_word' id='word_1_110' title='bbox 825 1530 901 1586; x_wconf 89' lang='lat' dir='ltr'>ab</span> <span class='ocrx_word' id='word_1_111' title='bbox 952 1532 1083 1603; x_wconf 89' lang='lat' dir='ltr'>ipso</span> <span class='ocrx_word' id='word_1_112' title='bbox 1114 1532 1266 1587; x_wconf 83' lang='lat' dir='ltr'>Asia</span> <span class='ocrx_word' id='word_1_113' title='bbox 1312 1531 1465 1588; x_wconf 85' lang='lat' dir='ltr'>facta</span> <span class='ocrx_word' id='word_1_114' title='bbox 1493 1532 1705 1589; x_wconf 88' lang='lat' dir='ltr'>divisio</span> <span class='ocrx_word' id='word_1_115' title='bbox 1748 1535 1854 1596; x_wconf 90' lang='lat' dir='ltr'>est,</span> <span class='ocrx_word' id='word_1_116' title='bbox 1887 1545 2011 1603; x_wconf 91' lang='lat' dir='ltr'>qua</span> <span class='ocrx_word' id='word_1_117' title='bbox 2040 1529 2189 1602; x_wconf 90' lang='lat' dir='ltr'>prio-</span> 
     </span>
    </p>
   </div>
   <div class='ocr_carea' id='block_1_19' title="bbox 530 1617 2185 1695">
    <p class='ocr_par' dir='ltr' id='par_1_19' title="bbox 530 1618 2185 1692">
     <span class='ocr_line' id='line_1_19' title="bbox 530 1618 2185 1692; baseline -0.001 -18"><span class='ocrx_word' id='word_1_118' title='bbox 530 1634 657 1675; x_wconf 86' lang='lat' dir='ltr'>rem</span> <span class='ocrx_word' id='word_1_119' title='bbox 689 1618 853 1677; x_wconf 87' lang='lat' dir='ltr'>illam</span> <span class='ocrx_word' id='word_1_120' title='bbox 898 1620 1113 1691; x_wconf 85' lang='lat' dir='ltr'>partim</span> <span class='ocrx_word' id='word_1_121' title='bbox 1147 1625 1339 1676; x_wconf 90' lang='lat' dir='ltr'>ratam</span> <span class='ocrx_word' id='word_1_122' title='bbox 1370 1620 1603 1685; x_wconf 86' lang='lat' dir='ltr'>habuit,</span> <span class='ocrx_word' id='word_1_123' title='bbox 1640 1621 1878 1692; x_wconf 90' lang='lat' dir='ltr'>partim,</span> <span class='ocrx_word' id='word_1_124' title='bbox 1916 1619 2013 1674; x_wconf 90' lang='lat' dir='ltr'>ubi</span> <span class='ocrx_word' id='word_1_125' title='bbox 2045 1624 2185 1673; x_wconf 91' lang='lat' dir='ltr'>tem-</span> 
     </span>
    </p>
   </div>
   <div class='ocr_carea' id='block_1_20' title="bbox 2303 1617 3903 1695">
    <p class='ocr_par' dir='ltr' id='par_1_20' title="bbox 2303 1617 3903 1695">
     <span class='ocr_line' id='line_1_20' title="bbox 2303 1617 3903 1695; baseline -0.002 -22"><span class='ocrx_word' id='word_1_126' title='bbox 2303 1629 2393 1681; x_wconf 80' lang='grc' dir='ltr'>τῆς</span> <span class='ocrx_word' id='word_1_127' title='bbox 2444 1626 2693 1695; x_wconf 84' lang='grc' dir='ltr'>προτέρας</span> <span class='ocrx_word' id='word_1_128' title='bbox 2736 1627 2998 1693; x_wconf 76' lang='grc' dir='ltr'>νεμήσεως</span> <span class='ocrx_word' id='word_1_129' title='bbox 3047 1620 3322 1693; x_wconf 82' lang='grc' dir='ltr'>ἐπικυρών,</span> <span class='ocrx_word' id='word_1_130' title='bbox 3370 1622 3435 1672; x_wconf 83' lang='grc' dir='ltr'>τὰ</span> <span class='ocrx_word' id='word_1_131' title='bbox 3467 1617 3524 1673; x_wconf 78' lang='grc' dir='ltr'>δε</span> <span class='ocrx_word' id='word_1_132' title='bbox 3570 1628 3660 1671; x_wconf 80' lang='grc' dir='ltr'>τοῦ</span> <span class='ocrx_word' id='word_1_133' title='bbox 3709 1628 3903 1692; x_wconf 72' lang='grc' dir='ltr'>καιροῦ</span> 
     </span>
    </p>
   </div>
   <div class='ocr_carea' id='block_1_21' title="bbox 529 1708 2185 1783">
    <p class='ocr_par' dir='ltr' id='par_1_21' title="bbox 529 1708 2185 1781">
     <span class='ocr_line' id='line_1_21' title="bbox 529 1708 2185 1781; baseline -0.002 -17"><span class='ocrx_word' id='word_1_134' title='bbox 529 1724 747 1781; x_wconf 92' lang='lat' dir='ltr'>porum</span> <span class='ocrx_word' id='word_1_135' title='bbox 788 1708 1107 1765; x_wconf 90' lang='lat' dir='ltr'>necessitas</span> <span class='ocrx_word' id='word_1_136' title='bbox 1151 1710 1429 1780; x_wconf 79' lang='lat' dir='ltr'>exigeret,</span> <span class='ocrx_word' id='word_1_137' title='bbox 1463 1710 1789 1766; x_wconf 90' lang='lat' dir='ltr'>innovavit.</span> <span class='ocrx_word' id='word_1_138' title='bbox 1824 1712 1969 1765; x_wconf 86' lang='lat' dir='ltr'>Nam</span> <span class='ocrx_word' id='word_1_139' title='bbox 2018 1710 2185 1778; x_wconf 61' lang='lat' dir='ltr'>Egy-</span> 
     </span>
    </p>
   </div>
   <div class='ocr_carea' id='block_1_22' title="bbox 2303 1708 3905 1783">
    <p class='ocr_par' dir='ltr' id='par_1_22' title="bbox 2303 1708 3905 1783">
     <span class='ocr_line' id='line_1_22' title="bbox 2303 1708 3905 1783; baseline -0.001 -21"><span class='ocrx_word' id='word_1_140' title='bbox 2303 1708 2614 1782; x_wconf 81' lang='grc' dir='ltr'>βιαζομένου</span> <span class='ocrx_word' id='word_1_141' title='bbox 2662 1711 2991 1783; x_wconf 76' lang='grc' dir='ltr'>νεωτερίζων.</span> <span class='ocrx_word' id='word_1_142' title='bbox 3051 1713 3314 1781; x_wconf 79' lang='grc' dir='ltr'>Αἴγυπτον</span> <span class='ocrx_word' id='word_1_143' title='bbox 3372 1713 3460 1781; x_wconf 72' lang='grc' dir='ltr'>μὲν</span> <span class='ocrx_word' id='word_1_144' title='bbox 3518 1712 3615 1781; x_wconf 82' lang='grc' dir='ltr'>γὰρ</span> <span class='ocrx_word' id='word_1_145' title='bbox 3665 1714 3753 1761; x_wconf 85' lang='grc' dir='ltr'>καὶ</span> <span class='ocrx_word' id='word_1_146' title='bbox 3818 1715 3905 1761; x_wconf 87' lang='grc' dir='ltr'>Λι-</span> 
     </span>
    </p>
   </div>
   <div class='ocr_carea' id='block_1_23' title="bbox 527 1797 2185 1871">
    <p class='ocr_par' dir='ltr' id='par_1_23' title="bbox 527 1797 2183 1871">
     <span class='ocr_line' id='line_1_23' title="bbox 527 1797 2183 1871; baseline -0.001 -18"><span class='ocrx_word' id='word_1_147' title='bbox 527 1802 700 1869; x_wconf 89' lang='lat' dir='ltr'>ptum</span> <span class='ocrx_word' id='word_1_148' title='bbox 718 1798 962 1870; x_wconf 92' lang='lat' dir='ltr'>quidem</span> <span class='ocrx_word' id='word_1_149' title='bbox 984 1805 1040 1854; x_wconf 87' lang='lat' dir='ltr'>et</span> <span class='ocrx_word' id='word_1_150' title='bbox 1063 1798 1338 1870; x_wconf 85' lang='lat' dir='ltr'>Libyam,</span> <span class='ocrx_word' id='word_1_151' title='bbox 1359 1805 1711 1871; x_wconf 89' lang='lat' dir='ltr'>vastamque</span> <span class='ocrx_word' id='word_1_152' title='bbox 1737 1799 1887 1853; x_wconf 91' lang='lat' dir='ltr'>ultra</span> <span class='ocrx_word' id='word_1_153' title='bbox 1908 1797 2183 1861; x_wconf 87' lang='lat' dir='ltr'>Africam,</span> 
     </span>
    </p>
   </div>
   <div class='ocr_carea' id='block_1_24' title="bbox 2303 1797 3905 1871">
    <p class='ocr_par' dir='ltr' id='par_1_24' title="bbox 2303 1798 3905 1869">
     <span class='ocr_line' id='line_1_24' title="bbox 2303 1798 3905 1869; baseline -0.001 -20"><span class='ocrx_word' id='word_1_154' title='bbox 2303 1798 2425 1857; x_wconf 79' lang='grc' dir='ltr'>ϐύην</span> <span class='ocrx_word' id='word_1_155' title='bbox 2473 1804 2561 1851; x_wconf 82' lang='grc' dir='ltr'>καὶ</span> <span class='ocrx_word' id='word_1_156' title='bbox 2608 1805 2702 1857; x_wconf 74' lang='grc' dir='ltr'>την</span> <span class='ocrx_word' id='word_1_157' title='bbox 2748 1798 2977 1851; x_wconf 77' lang='grc' dir='ltr'>ἐπέκεινα</span> <span class='ocrx_word' id='word_1_158' title='bbox 3018 1801 3210 1859; x_wconf 78' lang='grc' dir='ltr'>ταύτης</span> <span class='ocrx_word' id='word_1_159' title='bbox 3253 1804 3345 1856; x_wconf 77' lang='grc' dir='ltr'>τὴν</span> <span class='ocrx_word' id='word_1_160' title='bbox 3391 1798 3598 1869; x_wconf 73' lang='grc' dir='ltr'>πολλὴν,</span> <span class='ocrx_word' id='word_1_161' title='bbox 3651 1803 3741 1850; x_wconf 85' lang='grc' dir='ltr'>καὶ</span> <span class='ocrx_word' id='word_1_162' title='bbox 3804 1800 3905 1850; x_wconf 84' lang='grc' dir='ltr'>ὄτι-</span> 
     </span>
    </p>
   </div>
   <div class='ocr_carea' id='block_1_25' title="bbox 2305 728 3897 803">
    <p class='ocr_par' dir='ltr' id='par_1_25' title="bbox 2305 728 3897 803">
     <span class='ocr_line' id='line_1_25' title="bbox 2305 728 3897 803; baseline -0.001 -20"><span class='ocrx_word' id='word_1_163' title='bbox 2305 729 2647 803; x_wconf 82' lang='grc' dir='ltr'>Ἀντιπάτρου</span> <span class='ocrx_word' id='word_1_164' title='bbox 2699 728 3304 803; x_wconf 81' lang='grc' dir='ltr'>ἁντιδημηγορησάντων</span> <span class='ocrx_word' id='word_1_165' title='bbox 3347 730 3397 782; x_wconf 83' lang='grc' dir='ltr'>ἐν</span> <span class='ocrx_word' id='word_1_166' title='bbox 3442 736 3514 799; x_wconf 82' lang='grc' dir='ltr'>τῷ</span> <span class='ocrx_word' id='word_1_167' title='bbox 3558 729 3743 786; x_wconf 77' lang='grc' dir='ltr'>πλήθει</span> <span class='ocrx_word' id='word_1_168' title='bbox 3796 751 3807 762; x_wconf 93' lang='grc'><strong>·</strong></span> <span class='ocrx_word' id='word_1_169' title='bbox 3851 730 3897 781; x_wconf 77' lang='grc' dir='ltr'>οἳ</span> 
     </span>
    </p>
   </div>
   <div class='ocr_carea' id='block_1_26' title="bbox 2302 815 3894 891">
    <p class='ocr_par' dir='ltr' id='par_1_26' title="bbox 2302 815 3894 891">
     <span class='ocr_line' id='line_1_26' title="bbox 2302 815 3894 891; baseline -0.002 -19"><span class='ocrx_word' id='word_1_170' title='bbox 2302 825 2391 872; x_wconf 83' lang='grc' dir='ltr'>καὶ</span> <span class='ocrx_word' id='word_1_171' title='bbox 2443 820 2591 872; x_wconf 76' lang='grc' dir='ltr'>αὐτοὶ</span> <span class='ocrx_word' id='word_1_172' title='bbox 2646 817 2737 872; x_wconf 81' lang='grc' dir='ltr'>διὰ</span> <span class='ocrx_word' id='word_1_173' title='bbox 2788 827 2937 872; x_wconf 79' lang='grc' dir='ltr'>τοῦτο</span> <span class='ocrx_word' id='word_1_174' title='bbox 2987 818 3134 891; x_wconf 81' lang='grc' dir='ltr'>ἐγγύς</span> <span class='ocrx_word' id='word_1_175' title='bbox 3195 818 3419 889; x_wconf 77' lang='grc' dir='ltr'>ἐγένοντο</span> <span class='ocrx_word' id='word_1_176' title='bbox 3473 824 3561 869; x_wconf 78' lang='grc' dir='ltr'>τοῦ</span> <span class='ocrx_word' id='word_1_177' title='bbox 3626 815 3894 869; x_wconf 77' lang='grc' dir='ltr'>κινδύνου.</span> 
     </span>
    </p>
   </div>
   <div class='ocr_carea' id='block_1_27' title="bbox 2300 905 3897 983">
    <p class='ocr_par' dir='ltr' id='par_1_27' title="bbox 2300 905 3897 983">
     <span class='ocr_line' id='line_1_27' title="bbox 2300 905 3897 983; baseline -0.003 -21"><span class='ocrx_word' id='word_1_178' title='bbox 2300 909 2532 972; x_wconf 87' lang='grc' dir='ltr'>Ῥυσθεὶς</span> <span class='ocrx_word' id='word_1_179' title='bbox 2587 905 2644 961; x_wconf 76' lang='grc' dir='ltr'>δὲ</span> <span class='ocrx_word' id='word_1_180' title='bbox 2696 910 3032 983; x_wconf 84' lang='grc' dir='ltr'>Ἀντίπατρος</span> <span class='ocrx_word' id='word_1_181' title='bbox 3074 916 3162 961; x_wconf 83' lang='grc' dir='ltr'>τοῦ</span> <span class='ocrx_word' id='word_1_182' title='bbox 3192 910 3411 961; x_wconf 89' lang='grc' dir='ltr'>θανάτου</span> <span class='ocrx_word' id='word_1_183' title='bbox 3456 911 3580 979; x_wconf 86' lang='grc' dir='ltr'>πρὸς</span> <span class='ocrx_word' id='word_1_184' title='bbox 3624 911 3679 959; x_wconf 88' lang='grc' dir='ltr'>τό</span> <span class='ocrx_word' id='word_1_185' title='bbox 3712 908 3897 961; x_wconf 85' lang='grc' dir='ltr'>οἰκεῖον</span> 
     </span>
    </p>
   </div>
   <div class='ocr_carea' id='block_1_28' title="bbox 2302 995 3896 1073">
    <p class='ocr_par' dir='ltr' id='par_1_28' title="bbox 2302 995 3896 1073">
     <span class='ocr_line' id='line_1_28' title="bbox 2302 995 3896 1073; baseline -0.001 -24"><span class='ocrx_word' id='word_1_186' title='bbox 2302 999 2617 1071; x_wconf 77' lang='grc' dir='ltr'>ὑπεχώρησε</span> <span class='ocrx_word' id='word_1_187' title='bbox 2649 995 3022 1071; x_wconf 89' lang='grc' dir='ltr'>στρατόπεδον.</span> <span class='ocrx_word' id='word_1_188' title='bbox 3060 1003 3159 1051; x_wconf 79' lang='grc' dir='ltr'>Καὶ</span> <span class='ocrx_word' id='word_1_189' title='bbox 3185 1000 3233 1050; x_wconf 85' lang='grc' dir='ltr'>οἱ</span> <span class='ocrx_word' id='word_1_190' title='bbox 3258 999 3519 1073; x_wconf 82' lang='grc' dir='ltr'>ἵππαρχοι</span> <span class='ocrx_word' id='word_1_191' title='bbox 3551 997 3896 1070; x_wconf 72' lang='grc' dir='ltr'>Ἀντιπάτρου</span> 
     </span>
    </p>
   </div>
   <div class='ocr_carea' id='block_1_29' title="bbox 2302 1085 3900 1160">
    <p class='ocr_par' dir='ltr' id='par_1_29' title="bbox 2302 1085 3900 1160">
     <span class='ocr_line' id='line_1_29' title="bbox 2302 1085 3900 1160; baseline -0.001 -23"><span class='ocrx_word' id='word_1_192' title='bbox 2302 1085 2573 1147; x_wconf 75' lang='grc' dir='ltr'>καλοῦντος</span> <span class='ocrx_word' id='word_1_193' title='bbox 2612 1090 2735 1160; x_wconf 88' lang='grc' dir='ltr'>πρὸς</span> <span class='ocrx_word' id='word_1_194' title='bbox 2761 1087 2916 1139; x_wconf 85' lang='grc' dir='ltr'>αύτόν</span> <span class='ocrx_word' id='word_1_195' title='bbox 2948 1088 3094 1156; x_wconf 75' lang='grc' dir='ltr'>ἧκον,</span> <span class='ocrx_word' id='word_1_196' title='bbox 3140 1091 3228 1139; x_wconf 88' lang='grc' dir='ltr'>καὶ</span> <span class='ocrx_word' id='word_1_197' title='bbox 3257 1085 3404 1159; x_wconf 90' lang='grc' dir='ltr'>μόλις</span> <span class='ocrx_word' id='word_1_198' title='bbox 3436 1095 3523 1146; x_wconf 77' lang='grc' dir='ltr'>τῆς</span> <span class='ocrx_word' id='word_1_199' title='bbox 3555 1088 3789 1145; x_wconf 85' lang='grc' dir='ltr'>στάσεως</span> <span class='ocrx_word' id='word_1_200' title='bbox 3817 1105 3900 1136; x_wconf 87' lang='grc' dir='ltr'>πε-</span> 
     </span>
    </p>
   </div>
   <div class='ocr_carea' id='block_1_30' title="bbox 2300 1173 3897 1250">
    <p class='ocr_par' dir='ltr' id='par_1_30' title="bbox 2300 1173 3897 1250">
     <span class='ocr_line' id='line_1_30' title="bbox 2300 1173 3897 1250; baseline -0.001 -21"><span class='ocrx_word' id='word_1_201' title='bbox 2300 1179 2565 1248; x_wconf 86' lang='grc' dir='ltr'>παυμένης</span> <span class='ocrx_word' id='word_1_202' title='bbox 2595 1173 2720 1249; x_wconf 71' lang='grc'>[224-</span> <span class='ocrx_word' id='word_1_203' title='bbox 2752 1177 2838 1247; x_wconf 76' lang='grc' dir='ltr'>Βο]</span> <span class='ocrx_word' id='word_1_204' title='bbox 2874 1176 3211 1250; x_wconf 86' lang='grc' dir='ltr'>Ἀντίπατρον</span> <span class='ocrx_word' id='word_1_205' title='bbox 3240 1174 3415 1241; x_wconf 84' lang='grc' dir='ltr'>πάλιν,</span> <span class='ocrx_word' id='word_1_206' title='bbox 3442 1178 3511 1237; x_wconf 84' lang='grc' dir='ltr'>ὡς</span> <span class='ocrx_word' id='word_1_207' title='bbox 3536 1179 3624 1227; x_wconf 89' lang='grc' dir='ltr'>καὶ</span> <span class='ocrx_word' id='word_1_208' title='bbox 3648 1176 3897 1248; x_wconf 85' lang='grc' dir='ltr'>πρόσθεν,</span> 
     </span>
    </p>
   </div>
   <div class='ocr_carea' id='block_1_31' title="bbox 2301 1266 2728 1337">
    <p class='ocr_par' dir='ltr' id='par_1_31' title="bbox 2301 1266 2728 1337">
     <span class='ocr_line' id='line_1_31' title="bbox 2301 1266 2728 1337; baseline 0.009 -21"><span class='ocrx_word' id='word_1_209' title='bbox 2301 1266 2487 1337; x_wconf 79' lang='grc' dir='ltr'>ἄρχειν</span> <span class='ocrx_word' id='word_1_210' title='bbox 2519 1267 2728 1320; x_wconf 84' lang='grc' dir='ltr'>εἵλοντο.</span> 
     </span>
    </p>
   </div>
   <div class='ocr_carea' id='block_1_32' title="bbox 2374 1531 3903 1603">
    <p class='ocr_par' dir='ltr' id='par_1_32' title="bbox 2374 1531 3903 1603">
     <span class='ocr_line' id='line_1_32' title="bbox 2374 1531 3903 1603; baseline -0.001 -19"><span class='ocrx_word' id='word_1_211' title='bbox 2374 1536 2473 1585; x_wconf 83' lang='grc' dir='ltr'>Καὶ</span> <span class='ocrx_word' id='word_1_212' title='bbox 2499 1538 2724 1584; x_wconf 86' lang='grc' dir='ltr'>ποιεῖται</span> <span class='ocrx_word' id='word_1_213' title='bbox 2752 1536 2968 1603; x_wconf 82' lang='grc' dir='ltr'>νέμησιν</span> <span class='ocrx_word' id='word_1_214' title='bbox 3012 1536 3101 1584; x_wconf 84' lang='grc' dir='ltr'>καὶ</span> <span class='ocrx_word' id='word_1_215' title='bbox 3146 1531 3302 1592; x_wconf 85' lang='grc' dir='ltr'>αύτός</span> <span class='ocrx_word' id='word_1_216' title='bbox 3343 1540 3438 1592; x_wconf 84' lang='grc' dir='ltr'>τῆς</span> <span class='ocrx_word' id='word_1_217' title='bbox 3477 1531 3682 1598; x_wconf 74' lang='grc' dir='ltr'>Ἀσίας,</span> <span class='ocrx_word' id='word_1_218' title='bbox 3714 1532 3783 1583; x_wconf 79' lang='grc' dir='ltr'>τὰ.</span> <span class='ocrx_word' id='word_1_219' title='bbox 3816 1533 3903 1602; x_wconf 73' lang='grc' dir='ltr'>μεν</span> 
     </span>
    </p>
   </div>
   <div class='ocr_carea' id='block_1_33' title="bbox 530 1886 2185 1959">
    <p class='ocr_par' dir='ltr' id='par_1_33' title="bbox 530 1886 2185 1959">
     <span class='ocr_line' id='line_1_33' title="bbox 530 1886 2185 1959; baseline -0.002 -17"><span class='ocrx_word' id='word_1_220' title='bbox 530 1891 585 1942; x_wconf 89' lang='lat' dir='ltr'>et</span> <span class='ocrx_word' id='word_1_221' title='bbox 611 1886 905 1959; x_wconf 87' lang='lat' dir='ltr'>quidquid</span> <span class='ocrx_word' id='word_1_222' title='bbox 938 1892 1221 1957; x_wconf 88' lang='lat' dir='ltr'>praterea</span> <span class='ocrx_word' id='word_1_223' title='bbox 1251 1886 1406 1942; x_wconf 87' lang='lat' dir='ltr'>bello</span> <span class='ocrx_word' id='word_1_224' title='bbox 1438 1892 1677 1959; x_wconf 87' lang='lat' dir='ltr'>partum</span> <span class='ocrx_word' id='word_1_225' title='bbox 1710 1888 1786 1942; x_wconf 92' lang='lat' dir='ltr'>ad</span> <span class='ocrx_word' id='word_1_226' title='bbox 1818 1886 2185 1942; x_wconf 70' lang='lat' dir='ltr'>occidentem</span> 
     </span>
    </p>
   </div>
   <div class='ocr_carea' id='block_1_34' title="bbox 532 1974 2187 2047">
    <p class='ocr_par' dir='ltr' id='par_1_34' title="bbox 532 1974 2187 2047">
     <span class='ocr_line' id='line_1_34' title="bbox 532 1974 2187 2047; baseline -0.002 -16"><span class='ocrx_word' id='word_1_227' title='bbox 532 1974 718 2032; x_wconf 89' lang='lat' dir='ltr'>solem</span> <span class='ocrx_word' id='word_1_228' title='bbox 738 1975 916 2045; x_wconf 86' lang='lat' dir='ltr'>jacet,</span> <span class='ocrx_word' id='word_1_229' title='bbox 938 1975 1236 2031; x_wconf 90' lang='lat' dir='ltr'>Ptolemai</span> <span class='ocrx_word' id='word_1_230' title='bbox 1260 1991 1387 2031; x_wconf 90' lang='lat' dir='ltr'>esse</span> <span class='ocrx_word' id='word_1_231' title='bbox 1416 1978 1777 2047; x_wconf 86' lang='lat' dir='ltr'>pronuntiat.</span> <span class='ocrx_word' id='word_1_232' title='bbox 1805 1974 2187 2031; x_wconf 82' lang='lat' dir='ltr'>Laomedonti</span> 
     </span>
    </p>
   </div>
   <div class='ocr_carea' id='block_1_35' title="bbox 530 2062 2185 2136">
    <p class='ocr_par' dir='ltr' id='par_1_35' title="bbox 530 2062 2185 2136">
     <span class='ocr_line' id='line_1_35' title="bbox 530 2062 2185 2136; baseline -0.002 -15"><span class='ocrx_word' id='word_1_233' title='bbox 530 2079 672 2121; x_wconf 90' lang='lat' dir='ltr'>vero</span> <span class='ocrx_word' id='word_1_234' title='bbox 701 2062 1027 2134; x_wconf 83' lang='lat' dir='ltr'>Mitylenao</span> <span class='ocrx_word' id='word_1_235' title='bbox 1073 2064 1306 2136; x_wconf 88' lang='lat' dir='ltr'>Syriam</span> <span class='ocrx_word' id='word_1_236' title='bbox 1349 2063 1637 2134; x_wconf 77' lang='lat' dir='ltr'>assignat.</span> <span class='ocrx_word' id='word_1_237' title='bbox 1667 2064 2024 2118; x_wconf 87' lang='lat' dir='ltr'>Philoxenus</span> <span class='ocrx_word' id='word_1_238' title='bbox 2074 2064 2185 2134; x_wconf 71' lang='lat'>(5?)</span> 
     </span>
    </p>
   </div>
   <div class='ocr_carea' id='block_1_36' title="bbox 533 2150 2183 2223">
    <p class='ocr_par' dir='ltr' id='par_1_36' title="bbox 533 2150 2183 2223">
     <span class='ocr_line' id='line_1_36' title="bbox 533 2150 2183 2223; baseline -0.001 -16"><span class='ocrx_word' id='word_1_239' title='bbox 533 2150 814 2215; x_wconf 87' lang='lat' dir='ltr'>Ciliciam,</span> <span class='ocrx_word' id='word_1_240' title='bbox 872 2168 1060 2223; x_wconf 91' lang='lat' dir='ltr'>quam</span> <span class='ocrx_word' id='word_1_241' title='bbox 1112 2156 1289 2208; x_wconf 85' lang='lat' dir='ltr'>antea</span> <span class='ocrx_word' id='word_1_242' title='bbox 1336 2152 1703 2223; x_wconf 88' lang='lat' dir='ltr'>provinciam</span> <span class='ocrx_word' id='word_1_243' title='bbox 1758 2153 1995 2207; x_wconf 90' lang='lat' dir='ltr'>sortitus</span> <span class='ocrx_word' id='word_1_244' title='bbox 2039 2159 2183 2217; x_wconf 85' lang='lat' dir='ltr'>erat,</span> 
     </span>
    </p>
   </div>
   <div class='ocr_carea' id='block_1_37' title="bbox 532 2238 2188 2312">
    <p class='ocr_par' dir='ltr' id='par_1_37' title="bbox 532 2238 2188 2312">
     <span class='ocr_line' id='line_1_37' title="bbox 532 2238 2188 2312; baseline 0.001 -18"><span class='ocrx_word' id='word_1_245' title='bbox 532 2238 789 2294; x_wconf 89' lang='lat' dir='ltr'>retinuit.</span> <span class='ocrx_word' id='word_1_246' title='bbox 823 2241 953 2295; x_wconf 84' lang='lat' dir='ltr'>Jam</span> <span class='ocrx_word' id='word_1_247' title='bbox 1003 2240 1154 2295; x_wconf 90' lang='lat' dir='ltr'>inter</span> <span class='ocrx_word' id='word_1_248' title='bbox 1204 2240 1540 2311; x_wconf 88' lang='lat' dir='ltr'>superiores</span> <span class='ocrx_word' id='word_1_249' title='bbox 1584 2240 1895 2312; x_wconf 89' lang='lat' dir='ltr'>satrapias,</span> <span class='ocrx_word' id='word_1_250' title='bbox 1930 2244 2188 2312; x_wconf 85' lang='lat' dir='ltr'>Mesopo-</span> 
     </span>
    </p>
   </div>
   <div class='ocr_carea' id='block_1_38' title="bbox 533 2326 2186 2399">
    <p class='ocr_par' dir='ltr' id='par_1_38' title="bbox 533 2326 2186 2399">
     <span class='ocr_line' id='line_1_38' title="bbox 533 2326 2186 2399; baseline -0.001 -14"><span class='ocrx_word' id='word_1_251' title='bbox 533 2326 780 2385; x_wconf 88' lang='lat' dir='ltr'>tamiam</span> <span class='ocrx_word' id='word_1_252' title='bbox 848 2332 905 2383; x_wconf 91' lang='lat' dir='ltr'>et</span> <span class='ocrx_word' id='word_1_253' title='bbox 961 2327 1244 2384; x_wconf 88' lang='lat' dir='ltr'>Arbelum</span> <span class='ocrx_word' id='word_1_254' title='bbox 1308 2328 1745 2399; x_wconf 89' lang='lat' dir='ltr'>Amphimacho</span> <span class='ocrx_word' id='word_1_255' title='bbox 1814 2330 1971 2399; x_wconf 90' lang='lat' dir='ltr'>regis</span> <span class='ocrx_word' id='word_1_256' title='bbox 2028 2330 2186 2385; x_wconf 86' lang='lat' dir='ltr'>fratri</span> 
     </span>
    </p>
   </div>
   <div class='ocr_carea' id='block_1_39' title="bbox 532 2414 2184 2490">
    <p class='ocr_par' dir='ltr' id='par_1_39' title="bbox 532 2414 2184 2490">
     <span class='ocr_line' id='line_1_39' title="bbox 532 2414 2184 2490; baseline -0.001 -18"><span class='ocrx_word' id='word_1_257' title='bbox 532 2414 812 2472; x_wconf 88' lang='lat' dir='ltr'>attribui:</span> <span class='ocrx_word' id='word_1_258' title='bbox 884 2416 1163 2472; x_wconf 88' lang='lat' dir='ltr'>Seleucus</span> <span class='ocrx_word' id='word_1_259' title='bbox 1233 2432 1374 2472; x_wconf 87' lang='lat' dir='ltr'>vero</span> <span class='ocrx_word' id='word_1_260' title='bbox 1458 2418 1797 2490; x_wconf 88' lang='lat' dir='ltr'>Babylonia</span> <span class='ocrx_word' id='word_1_261' title='bbox 1846 2418 2184 2489; x_wconf 87' lang='lat' dir='ltr'>praficitur.</span> 
     </span>
    </p>
   </div>
   <div class='ocr_carea' id='block_1_40' title="bbox 534 2505 2186 2576">
    <p class='ocr_par' dir='ltr' id='par_1_40' title="bbox 534 2505 2186 2576">
     <span class='ocr_line' id='line_1_40' title="bbox 534 2505 2186 2576; baseline 0.002 -15"><span class='ocrx_word' id='word_1_262' title='bbox 534 2505 825 2575; x_wconf 84' lang='lat' dir='ltr'>Antigoni,</span> <span class='ocrx_word' id='word_1_263' title='bbox 859 2505 960 2576; x_wconf 90' lang='lat' dir='ltr'>qui</span> <span class='ocrx_word' id='word_1_264' title='bbox 995 2506 1223 2576; x_wconf 91' lang='lat' dir='ltr'>primus</span> <span class='ocrx_word' id='word_1_265' title='bbox 1270 2506 1604 2562; x_wconf 88' lang='lat' dir='ltr'>Perdiccam</span> <span class='ocrx_word' id='word_1_266' title='bbox 1646 2508 1960 2572; x_wconf 85' lang='lat' dir='ltr'>invaserat,</span> <span class='ocrx_word' id='word_1_267' title='bbox 1992 2514 2047 2562; x_wconf 89' lang='lat' dir='ltr'>et</span> <span class='ocrx_word' id='word_1_268' title='bbox 2075 2511 2186 2565; x_wconf 83' lang='lat' dir='ltr'>Ma-</span> 
     </span>
    </p>
   </div>
   <div class='ocr_carea' id='block_1_41' title="bbox 533 2594 2189 2667">
    <p class='ocr_par' dir='ltr' id='par_1_41' title="bbox 533 2594 2189 2667">
     <span class='ocr_line' id='line_1_41' title="bbox 533 2594 2189 2667; baseline 0.001 -17"><span class='ocrx_word' id='word_1_269' title='bbox 533 2594 831 2650; x_wconf 91' lang='lat' dir='ltr'>cedonum</span> <span class='ocrx_word' id='word_1_270' title='bbox 870 2595 1412 2666; x_wconf 86' lang='lat' dir='ltr'>Argyraspidarum</span> <span class='ocrx_word' id='word_1_271' title='bbox 1452 2596 1567 2664; x_wconf 81' lang='lat'>(53)</span> <span class='ocrx_word' id='word_1_272' title='bbox 1616 2595 1824 2651; x_wconf 91' lang='lat' dir='ltr'>ductor</span> <span class='ocrx_word' id='word_1_273' title='bbox 1863 2601 2007 2661; x_wconf 89' lang='lat' dir='ltr'>erat,</span> <span class='ocrx_word' id='word_1_274' title='bbox 2042 2613 2189 2667; x_wconf 89' lang='lat' dir='ltr'>pra-</span> 
     </span>
    </p>
   </div>
   <div class='ocr_carea' id='block_1_42' title="bbox 531 2682 2187 2741">
    <p class='ocr_par' dir='ltr' id='par_1_42' title="bbox 531 2682 2187 2741">
     <span class='ocr_line' id='line_1_42' title="bbox 531 2682 2187 2741; baseline 0.001 -4"><span class='ocrx_word' id='word_1_275' title='bbox 531 2682 758 2739; x_wconf 82' lang='lat' dir='ltr'>fectura</span> <span class='ocrx_word' id='word_1_276' title='bbox 788 2682 967 2738; x_wconf 89' lang='lat' dir='ltr'>totius</span> <span class='ocrx_word' id='word_1_277' title='bbox 1018 2683 1283 2738; x_wconf 85' lang='lat' dir='ltr'>Susiana</span> <span class='ocrx_word' id='word_1_278' title='bbox 1315 2684 1478 2740; x_wconf 89' lang='lat' dir='ltr'>data.</span> <span class='ocrx_word' id='word_1_279' title='bbox 1512 2685 1573 2738; x_wconf 92' lang='lat' dir='ltr'>In</span> <span class='ocrx_word' id='word_1_280' title='bbox 1606 2685 1838 2739; x_wconf 89' lang='lat' dir='ltr'>Perside</span> <span class='ocrx_word' id='word_1_281' title='bbox 1881 2685 2187 2741; x_wconf 89' lang='lat' dir='ltr'>Peucestes</span> 
     </span>
    </p>
   </div>
   <div class='ocr_carea' id='block_1_43' title="bbox 534 2770 2183 2845">
    <p class='ocr_par' dir='ltr' id='par_1_43' title="bbox 534 2770 2183 2845">
     <span class='ocr_line' id='line_1_43' title="bbox 534 2770 2183 2845; baseline 0.002 -18"><span class='ocrx_word' id='word_1_282' title='bbox 534 2770 943 2827; x_wconf 84' lang='lat' dir='ltr'>conﬁrmatur.</span> <span class='ocrx_word' id='word_1_283' title='bbox 996 2773 1323 2828; x_wconf 89' lang='lat' dir='ltr'>Carmania</span> <span class='ocrx_word' id='word_1_284' title='bbox 1373 2774 1745 2845; x_wconf 88' lang='lat' dir='ltr'>Tlepolemus</span> <span class='ocrx_word' id='word_1_285' title='bbox 1800 2776 2183 2845; x_wconf 88' lang='lat' dir='ltr'>praponitur,</span> 
     </span>
    </p>
   </div>
   <div class='ocr_carea' id='block_1_44' title="bbox 535 2859 2187 2936">
    <p class='ocr_par' dir='ltr' id='par_1_44' title="bbox 535 2859 2187 2936">
     <span class='ocr_line' id='line_1_44' title="bbox 535 2859 2187 2936; baseline 0.002 -21"><span class='ocrx_word' id='word_1_286' title='bbox 535 2864 598 2916; x_wconf 93' lang='lat' dir='ltr'>ut</span> <span class='ocrx_word' id='word_1_287' title='bbox 619 2859 817 2917; x_wconf 87' lang='lat' dir='ltr'>Media</span> <span class='ocrx_word' id='word_1_288' title='bbox 836 2877 1027 2934; x_wconf 90' lang='lat' dir='ltr'>usque</span> <span class='ocrx_word' id='word_1_289' title='bbox 1041 2862 1116 2917; x_wconf 90' lang='lat' dir='ltr'>ad</span> <span class='ocrx_word' id='word_1_290' title='bbox 1137 2864 1381 2933; x_wconf 88' lang='lat' dir='ltr'>Caspias</span> <span class='ocrx_word' id='word_1_291' title='bbox 1402 2870 1606 2934; x_wconf 89' lang='lat' dir='ltr'>portas</span> <span class='ocrx_word' id='word_1_292' title='bbox 1626 2864 1857 2918; x_wconf 89' lang='lat' dir='ltr'>Pithon.</span> <span class='ocrx_word' id='word_1_293' title='bbox 1878 2864 2187 2936; x_wconf 87' lang='lat' dir='ltr'>Philippus</span> 
     </span>
    </p>
   </div>
   <div class='ocr_carea' id='block_1_45' title="bbox 2298 1885 3908 1962">
    <p class='ocr_par' dir='ltr' id='par_1_45' title="bbox 2298 1885 3908 1962">
     <span class='ocr_line' id='line_1_45' title="bbox 2298 1885 3908 1962; baseline 0.001 -23"><span class='ocrx_word' id='word_1_294' title='bbox 2298 1908 2387 1962; x_wconf 89' lang='grc' dir='ltr'>περ</span> <span class='ocrx_word' id='word_1_295' title='bbox 2420 1888 2480 1939; x_wconf 75' lang='grc' dir='ltr'>ἂν</span> <span class='ocrx_word' id='word_1_296' title='bbox 2510 1892 2639 1961; x_wconf 89' lang='grc' dir='ltr'>πρὸς</span> <span class='ocrx_word' id='word_1_297' title='bbox 2685 1891 2884 1948; x_wconf 80' lang='grc' dir='ltr'>τούτοις</span> <span class='ocrx_word' id='word_1_298' title='bbox 2916 1885 3092 1962; x_wconf 90' lang='grc' dir='ltr'>δόριον</span> <span class='ocrx_word' id='word_1_299' title='bbox 3132 1890 3178 1924; x_wconf 84' lang='grc'>¹⁶</span> <span class='ocrx_word' id='word_1_300' title='bbox 3227 1891 3579 1945; x_wconf 79' lang='grc' dir='ltr'>ἓπικτήσηται</span> <span class='ocrx_word' id='word_1_301' title='bbox 3614 1891 3739 1961; x_wconf 90' lang='grc' dir='ltr'>πρός</span> <span class='ocrx_word' id='word_1_302' title='bbox 3775 1885 3908 1940; x_wconf 78' lang='grc' dir='ltr'>δυο-</span> 
     </span>
    </p>
   </div>
   <div class='ocr_carea' id='block_1_46' title="bbox 2296 1973 3904 2049">
    <p class='ocr_par' dir='ltr' id='par_1_46' title="bbox 2296 1973 3904 2049">
     <span class='ocr_line' id='line_1_46' title="bbox 2296 1973 3904 2049; baseline 0.001 -22"><span class='ocrx_word' id='word_1_303' title='bbox 2296 1980 2447 2047; x_wconf 80' lang='grc' dir='ltr'>μένου</span> <span class='ocrx_word' id='word_1_304' title='bbox 2510 1977 2681 2046; x_wconf 80' lang='grc' dir='ltr'>ἡλίου,</span> <span class='ocrx_word' id='word_1_305' title='bbox 2740 1977 3059 2049; x_wconf 75' lang='grc' dir='ltr'>Πτολεμαίου</span> <span class='ocrx_word' id='word_1_306' title='bbox 3117 1974 3263 2041; x_wconf 82' lang='grc' dir='ltr'>εἶναι,</span> <span class='ocrx_word' id='word_1_307' title='bbox 3324 1975 3649 2049; x_wconf 69' lang='grc' dir='ltr'>Λαομέδοντι</span> <span class='ocrx_word' id='word_1_308' title='bbox 3705 1973 3769 2029; x_wconf 71' lang='grc' dir='ltr'>δὲ</span> <span class='ocrx_word' id='word_1_309' title='bbox 3833 1987 3904 2047; x_wconf 79' lang='grc' dir='ltr'>τῷ</span> 
     </span>
    </p>
   </div>
   <div class='ocr_carea' id='block_1_47' title="bbox 2299 2062 3908 2139">
    <p class='ocr_par' dir='ltr' id='par_1_47' title="bbox 2299 2062 3908 2139">
     <span class='ocr_line' id='line_1_47' title="bbox 2299 2062 3908 2139; baseline 0.001 -21"><span class='ocrx_word' id='word_1_310' title='bbox 2299 2066 2625 2123; x_wconf 81' lang='grc' dir='ltr'>Μιτυληναίῳ</span> <span class='ocrx_word' id='word_1_311' title='bbox 2681 2072 2866 2139; x_wconf 81' lang='grc' dir='ltr'>Συρίαν</span> <span class='ocrx_word' id='word_1_312' title='bbox 2917 2067 3297 2139; x_wconf 77' lang='grc' dir='ltr'>ἐπιτετράφθαι.</span> <span class='ocrx_word' id='word_1_313' title='bbox 3369 2065 3628 2128; x_wconf 78' lang='grc' dir='ltr'>Φιλόξενον</span> <span class='ocrx_word' id='word_1_314' title='bbox 3698 2062 3760 2117; x_wconf 75' lang='grc' dir='ltr'>δὲ</span> <span class='ocrx_word' id='word_1_315' title='bbox 3826 2065 3908 2119; x_wconf 82' lang='grc' dir='ltr'>ἐπὶ</span> 
     </span>
    </p>
   </div>
   <div class='ocr_carea' id='block_1_48' title="bbox 2300 2150 3908 2229">
    <p class='ocr_par' dir='ltr' id='par_1_48' title="bbox 2300 2150 3908 2229">
     <span class='ocr_line' id='line_1_48' title="bbox 2300 2150 3908 2229; baseline 0 -24"><span class='ocrx_word' id='word_1_316' title='bbox 2300 2154 2531 2213; x_wconf 82' lang='grc' dir='ltr'>Κιλικίας</span> <span class='ocrx_word' id='word_1_317' title='bbox 2578 2155 2766 2220; x_wconf 83' lang='grc' dir='ltr'>ἔταξεν,</span> <span class='ocrx_word' id='word_1_318' title='bbox 2817 2154 2875 2213; x_wconf 82' lang='grc' dir='ltr'>ἢν</span> <span class='ocrx_word' id='word_1_319' title='bbox 2918 2160 3001 2207; x_wconf 73' lang='grc' dir='ltr'>καὶ</span> <span class='ocrx_word' id='word_1_320' title='bbox 3055 2164 3255 2229; x_wconf 83' lang='grc' dir='ltr'>πρῶτον</span> <span class='ocrx_word' id='word_1_321' title='bbox 3309 2150 3468 2226; x_wconf 79' lang='grc' dir='ltr'>εἶχεν.</span> <span class='ocrx_word' id='word_1_322' title='bbox 3528 2161 3636 2206; x_wconf 84' lang='grc' dir='ltr'>Τῶν</span> <span class='ocrx_word' id='word_1_323' title='bbox 3695 2151 3757 2205; x_wconf 70' lang='grc' dir='ltr'>δὲ</span> <span class='ocrx_word' id='word_1_324' title='bbox 3804 2156 3908 2206; x_wconf 81' lang='grc' dir='ltr'>ᾶνω</span> 
     </span>
    </p>
   </div>
   <div class='ocr_carea' id='block_1_49' title="bbox 2300 2246 3911 2317">
    <p class='ocr_par' dir='ltr' id='par_1_49' title="bbox 2300 2246 3911 2317">
     <span class='ocr_line' id='line_1_49' title="bbox 2300 2246 3911 2317; baseline -0.001 -21"><span class='ocrx_word' id='word_1_325' title='bbox 2300 2253 2623 2316; x_wconf 83' lang='grc' dir='ltr'>σατραπειῶν</span> <span class='ocrx_word' id='word_1_326' title='bbox 2666 2246 2707 2279; x_wconf 71' lang='grc'><strong>1⁷</strong></span> <span class='ocrx_word' id='word_1_327' title='bbox 2742 2249 2835 2301; x_wconf 73' lang='grc' dir='ltr'>τὴν</span> <span class='ocrx_word' id='word_1_328' title='bbox 2888 2247 2976 2313; x_wconf 74' lang='grc' dir='ltr'>μὲν</span> <span class='ocrx_word' id='word_1_329' title='bbox 3026 2248 3191 2317; x_wconf 77' lang='grc' dir='ltr'>μέσην</span> <span class='ocrx_word' id='word_1_330' title='bbox 3233 2253 3332 2295; x_wconf 84' lang='grc' dir='ltr'>τῶν</span> <span class='ocrx_word' id='word_1_331' title='bbox 3382 2252 3624 2313; x_wconf 79' lang='grc' dir='ltr'>ποταμῶν</span> <span class='ocrx_word' id='word_1_332' title='bbox 3665 2252 3771 2314; x_wconf 76' lang='grc' dir='ltr'>γῆν</span> <span class='ocrx_word' id='word_1_333' title='bbox 3821 2249 3911 2295; x_wconf 84' lang='grc' dir='ltr'>καὶ</span> 
     </span>
    </p>
   </div>
   <div class='ocr_carea' id='block_1_50' title="bbox 2297 2330 3909 2405">
    <p class='ocr_par' dir='ltr' id='par_1_50' title="bbox 2297 2330 3909 2405">
     <span class='ocr_line' id='line_1_50' title="bbox 2297 2330 3909 2405; baseline -0.001 -21"><span class='ocrx_word' id='word_1_334' title='bbox 2297 2337 2389 2390; x_wconf 79' lang='grc' dir='ltr'>τὴν</span> <span class='ocrx_word' id='word_1_335' title='bbox 2421 2332 2719 2404; x_wconf 78' lang='grc' dir='ltr'>’Λρϐηλῐτιν</span> <span class='ocrx_word' id='word_1_336' title='bbox 2762 2333 3084 2405; x_wconf 79' lang='grc' dir='ltr'>Ἀμφιμάχῳ</span> <span class='ocrx_word' id='word_1_337' title='bbox 3130 2342 3199 2403; x_wconf 85' lang='grc' dir='ltr'>τῷ</span> <span class='ocrx_word' id='word_1_338' title='bbox 3248 2340 3339 2384; x_wconf 75' lang='grc' dir='ltr'>τοῦ</span> <span class='ocrx_word' id='word_1_339' title='bbox 3388 2331 3642 2405; x_wconf 82' lang='grc' dir='ltr'>βασιλέως</span> <span class='ocrx_word' id='word_1_340' title='bbox 3692 2330 3909 2404; x_wconf 77' lang='grc' dir='ltr'>ἀδελφῷ</span> 
     </span>
    </p>
   </div>
   <div class='ocr_carea' id='block_1_51' title="bbox 2297 2419 3909 2496">
    <p class='ocr_par' dir='ltr' id='par_1_51' title="bbox 2297 2419 3909 2496">
     <span class='ocr_line' id='line_1_51' title="bbox 2297 2419 3909 2496; baseline 0.001 -25"><span class='ocrx_word' id='word_1_341' title='bbox 2297 2422 2478 2492; x_wconf 79' lang='grc' dir='ltr'>ἔνειμε,</span> <span class='ocrx_word' id='word_1_342' title='bbox 2522 2420 2741 2493; x_wconf 85' lang='grc' dir='ltr'>Σελεύκῳ</span> <span class='ocrx_word' id='word_1_343' title='bbox 2782 2419 2839 2474; x_wconf 75' lang='grc' dir='ltr'>δὲ</span> <span class='ocrx_word' id='word_1_344' title='bbox 2888 2427 2980 2479; x_wconf 79' lang='grc' dir='ltr'>τὴν</span> <span class='ocrx_word' id='word_1_345' title='bbox 3027 2421 3352 2473; x_wconf 77' lang='grc' dir='ltr'>Βαϐυλωνίαν</span> <span class='ocrx_word' id='word_1_346' title='bbox 3392 2424 3734 2496; x_wconf 84' lang='grc' dir='ltr'>προσέθηκεν.</span> <span class='ocrx_word' id='word_1_347' title='bbox 3795 2422 3909 2475; x_wconf 76' lang='grc' dir='ltr'>Ἀν-</span> 
     </span>
    </p>
   </div>
   <div class='ocr_carea' id='block_1_52' title="bbox 2297 2506 3907 2583">
    <p class='ocr_par' dir='ltr' id='par_1_52' title="bbox 2297 2506 3907 2583">
     <span class='ocr_line' id='line_1_52' title="bbox 2297 2506 3907 2583; baseline 0.001 -24"><span class='ocrx_word' id='word_1_348' title='bbox 2297 2514 2481 2579; x_wconf 83' lang='grc' dir='ltr'>τιγένει</span> <span class='ocrx_word' id='word_1_349' title='bbox 2531 2506 2587 2562; x_wconf 76' lang='grc' dir='ltr'>δὲ</span> <span class='ocrx_word' id='word_1_350' title='bbox 2628 2520 2697 2581; x_wconf 84' lang='grc' dir='ltr'>τῷ</span> <span class='ocrx_word' id='word_1_351' title='bbox 2745 2518 2933 2583; x_wconf 80' lang='grc' dir='ltr'>πρώτῳ</span> <span class='ocrx_word' id='word_1_352' title='bbox 2983 2513 3071 2583; x_wconf 72' lang='grc' dir='ltr'>μὲν</span> <span class='ocrx_word' id='word_1_353' title='bbox 3126 2510 3402 2582; x_wconf 83' lang='grc' dir='ltr'>ἐπιθεμένῳ</span> <span class='ocrx_word' id='word_1_354' title='bbox 3456 2507 3746 2583; x_wconf 79' lang='grc' dir='ltr'>Περδίκκᾳ,</span> <span class='ocrx_word' id='word_1_355' title='bbox 3808 2520 3907 2563; x_wconf 78' lang='grc' dir='ltr'>τῶν</span> 
     </span>
    </p>
   </div>
   <div class='ocr_carea' id='block_1_53' title="bbox 2299 2594 3908 2674">
    <p class='ocr_par' dir='ltr' id='par_1_53' title="bbox 2299 2594 3908 2674">
     <span class='ocr_line' id='line_1_53' title="bbox 2299 2594 3908 2674; baseline 0.001 -25"><span class='ocrx_word' id='word_1_356' title='bbox 2299 2594 2357 2650; x_wconf 75' lang='grc' dir='ltr'>δὲ</span> <span class='ocrx_word' id='word_1_357' title='bbox 2396 2596 2806 2674; x_wconf 76' lang='grc' dir='ltr'>ἀργυρασπίδων</span> <span class='ocrx_word' id='word_1_358' title='bbox 2836 2597 3147 2652; x_wconf 82' lang='grc' dir='ltr'>Μακεδόνων</span> <span class='ocrx_word' id='word_1_359' title='bbox 3200 2602 3490 2671; x_wconf 75' lang='grc' dir='ltr'>ἡγουμένῳ,</span> <span class='ocrx_word' id='word_1_360' title='bbox 3542 2607 3631 2659; x_wconf 81' lang='grc' dir='ltr'>τῆς</span> <span class='ocrx_word' id='word_1_361' title='bbox 3677 2607 3908 2652; x_wconf 88' lang='grc' dir='ltr'>Σουσια-</span> 
     </span>
    </p>
   </div>
   <div class='ocr_carea' id='block_1_54' title="bbox 2296 2685 3908 2762">
    <p class='ocr_par' dir='ltr' id='par_1_54' title="bbox 2296 2685 3908 2762">
     <span class='ocr_line' id='line_1_54' title="bbox 2296 2685 3908 2762; baseline 0.002 -27"><span class='ocrx_word' id='word_1_362' title='bbox 2296 2694 2387 2748; x_wconf 84' lang='grc' dir='ltr'>νῆς</span> <span class='ocrx_word' id='word_1_363' title='bbox 2420 2690 2706 2759; x_wconf 79' lang='grc' dir='ltr'>συμπάσης</span> <span class='ocrx_word' id='word_1_364' title='bbox 2736 2689 2922 2762; x_wconf 75' lang='grc' dir='ltr'>ἄρχειν</span> <span class='ocrx_word' id='word_1_365' title='bbox 2958 2711 2968 2721; x_wconf 90' lang='grc'><strong>·</strong></span> <span class='ocrx_word' id='word_1_366' title='bbox 3007 2693 3273 2760; x_wconf 77' lang='grc' dir='ltr'>Πευκέστᾳ</span> <span class='ocrx_word' id='word_1_367' title='bbox 3301 2685 3359 2740; x_wconf 79' lang='grc' dir='ltr'>δε</span> <span class='ocrx_word' id='word_1_368' title='bbox 3381 2687 3613 2740; x_wconf 77' lang='grc' dir='ltr'>ἐϐεϐαίου</span> <span class='ocrx_word' id='word_1_369' title='bbox 3645 2692 3743 2745; x_wconf 83' lang='grc' dir='ltr'>τὴν</span> <span class='ocrx_word' id='word_1_370' title='bbox 3779 2696 3908 2755; x_wconf 84' lang='grc' dir='ltr'>Περ-</span> 
     </span>
    </p>
   </div>
   <div class='ocr_carea' id='block_1_55' title="bbox 2300 2773 3906 2849">
    <p class='ocr_par' dir='ltr' id='par_1_55' title="bbox 2300 2773 3906 2849">
     <span class='ocr_line' id='line_1_55' title="bbox 2300 2773 3906 2849; baseline 0 -22"><span class='ocrx_word' id='word_1_371' title='bbox 2300 2773 2429 2828; x_wconf 88' lang='grc' dir='ltr'>σίδα</span> <span class='ocrx_word' id='word_1_372' title='bbox 2458 2798 2468 2809; x_wconf 87' lang='grc'><strong>·</strong></span> <span class='ocrx_word' id='word_1_373' title='bbox 2520 2782 2818 2849; x_wconf 79' lang='grc' dir='ltr'>Καρμανίαν</span> <span class='ocrx_word' id='word_1_374' title='bbox 2861 2775 2919 2829; x_wconf 76' lang='grc' dir='ltr'>δὲ</span> <span class='ocrx_word' id='word_1_375' title='bbox 2948 2777 3260 2849; x_wconf 77' lang='grc' dir='ltr'>Τληπολέμῳ</span> <span class='ocrx_word' id='word_1_376' title='bbox 3308 2780 3490 2848; x_wconf 86' lang='grc' dir='ltr'>ἔνειμε,</span> <span class='ocrx_word' id='word_1_377' title='bbox 3541 2781 3630 2828; x_wconf 86' lang='grc' dir='ltr'>καὶ</span> <span class='ocrx_word' id='word_1_378' title='bbox 3677 2775 3906 2835; x_wconf 79' lang='grc' dir='ltr'>Μηδίαν</span> 
     </span>
    </p>
   </div>
   <div class='ocr_carea' id='block_1_56' title="bbox 2298 2863 3909 2937">
    <p class='ocr_par' dir='ltr' id='par_1_56' title="bbox 2298 2863 3909 2937">
     <span class='ocr_line' id='line_1_56' title="bbox 2298 2863 3909 2937; baseline 0.001 -21"><span class='ocrx_word' id='word_1_379' title='bbox 2298 2868 2491 2917; x_wconf 87' lang='grc' dir='ltr'>Πίθωνι</span> <span class='ocrx_word' id='word_1_380' title='bbox 2526 2865 2630 2918; x_wconf 83' lang='grc' dir='ltr'>ἔστ’</span> <span class='ocrx_word' id='word_1_381' title='bbox 2677 2865 2757 2918; x_wconf 81' lang='grc' dir='ltr'>ἐπὶ</span> <span class='ocrx_word' id='word_1_382' title='bbox 2806 2867 2971 2928; x_wconf 86' lang='grc' dir='ltr'>πύλας</span> <span class='ocrx_word' id='word_1_383' title='bbox 3018 2869 3112 2927; x_wconf 81' lang='grc' dir='ltr'>τὰς</span> <span class='ocrx_word' id='word_1_384' title='bbox 3161 2868 3438 2927; x_wconf 86' lang='grc' dir='ltr'>Κασπίους</span> <span class='ocrx_word' id='word_1_385' title='bbox 3469 2869 3538 2931; x_wconf 71' lang='grc'>1⁸,</span> <span class='ocrx_word' id='word_1_386' title='bbox 3570 2865 3816 2937; x_wconf 76' lang='grc' dir='ltr'>Φιλίππῳ</span> <span class='ocrx_word' id='word_1_387' title='bbox 3851 2863 3909 2918; x_wconf 77' lang='grc' dir='ltr'>δε</span> 
     </span>
    </p>
   </div>
   <div class='ocr_carea' id='block_1_57' title="bbox 532 2950 2185 3029">
    <p class='ocr_par' dir='ltr' id='par_1_57' title="bbox 532 2950 2184 3024">
     <span class='ocr_line' id='line_1_57' title="bbox 532 2950 2184 3024; baseline 0.002 -19"><span class='ocrx_word' id='word_1_388' title='bbox 532 2950 766 3006; x_wconf 88' lang='lat' dir='ltr'>Parthis</span> <span class='ocrx_word' id='word_1_389' title='bbox 796 2966 808 3005; x_wconf 90' lang='lat'><strong>:</strong></span> <span class='ocrx_word' id='word_1_390' title='bbox 842 2951 993 3006; x_wconf 84' lang='lat' dir='ltr'>Ariis</span> <span class='ocrx_word' id='word_1_391' title='bbox 1020 2967 1156 3007; x_wconf 86' lang='lat' dir='ltr'>vero</span> <span class='ocrx_word' id='word_1_392' title='bbox 1203 2958 1259 3008; x_wconf 84' lang='lat' dir='ltr'>et</span> <span class='ocrx_word' id='word_1_393' title='bbox 1291 2955 1740 3023; x_wconf 87' lang='lat' dir='ltr'>Drangenorum</span> <span class='ocrx_word' id='word_1_394' title='bbox 1784 2955 2031 3024; x_wconf 90' lang='lat' dir='ltr'>regioni,</span> <span class='ocrx_word' id='word_1_395' title='bbox 2064 2956 2184 3009; x_wconf 83' lang='lat' dir='ltr'>Sta-</span> 
     </span>
    </p>
   </div>
   <div class='ocr_carea' id='block_1_58' title="bbox 2303 2950 3907 3029">
    <p class='ocr_par' dir='ltr' id='par_1_58' title="bbox 2303 2953 3907 3029">
     <span class='ocr_line' id='line_1_58' title="bbox 2303 2953 3907 3029; baseline 0.001 -24"><span class='ocrx_word' id='word_1_396' title='bbox 2303 2960 2388 3012; x_wconf 79' lang='grc' dir='ltr'>τὴν</span> <span class='ocrx_word' id='word_1_397' title='bbox 2424 2958 2729 3029; x_wconf 79' lang='grc' dir='ltr'>Παρθυαίων</span> <span class='ocrx_word' id='word_1_398' title='bbox 2770 2964 2867 3027; x_wconf 80' lang='grc' dir='ltr'>γῆν</span> <span class='ocrx_word' id='word_1_399' title='bbox 2903 2978 2914 2989; x_wconf 90' lang='grc'>·</span> <span class='ocrx_word' id='word_1_400' title='bbox 2965 2956 3173 3029; x_wconf 83' lang='grc' dir='ltr'>Ἀρείων</span> <span class='ocrx_word' id='word_1_401' title='bbox 3216 2953 3273 3008; x_wconf 76' lang='grc' dir='ltr'>δὲ</span> <span class='ocrx_word' id='word_1_402' title='bbox 3320 2962 3411 3007; x_wconf 84' lang='grc' dir='ltr'>καὶ</span> <span class='ocrx_word' id='word_1_403' title='bbox 3452 2964 3542 3015; x_wconf 79' lang='grc' dir='ltr'>τῆς</span> <span class='ocrx_word' id='word_1_404' title='bbox 3584 2962 3907 3029; x_wconf 77' lang='grc' dir='ltr'>Δραγγηνὼν</span> 
     </span>
    </p>
   </div>
   <div class='ocr_carea' id='block_1_59' title="bbox 532 3039 2185 3119">
    <p class='ocr_par' dir='ltr' id='par_1_59' title="bbox 532 3039 2184 3111">
     <span class='ocr_line' id='line_1_59' title="bbox 532 3039 2184 3111; baseline 0.002 -16"><span class='ocrx_word' id='word_1_405' title='bbox 532 3039 751 3096; x_wconf 89' lang='lat' dir='ltr'>sander</span> <span class='ocrx_word' id='word_1_406' title='bbox 802 3039 1119 3111; x_wconf 88' lang='lat' dir='ltr'>prafectus</span> <span class='ocrx_word' id='word_1_407' title='bbox 1167 3042 1350 3095; x_wconf 90' lang='lat' dir='ltr'>venit.</span> <span class='ocrx_word' id='word_1_408' title='bbox 1400 3043 1723 3098; x_wconf 87' lang='lat' dir='ltr'>Bactriana</span> <span class='ocrx_word' id='word_1_409' title='bbox 1773 3050 1827 3098; x_wconf 92' lang='lat' dir='ltr'>et</span> <span class='ocrx_word' id='word_1_410' title='bbox 1872 3043 2184 3111; x_wconf 84' lang='lat' dir='ltr'>Sogdiaua</span> 
     </span>
    </p>
   </div>
   <div class='ocr_carea' id='block_1_60' title="bbox 2303 3039 3912 3119">
    <p class='ocr_par' dir='ltr' id='par_1_60' title="bbox 2303 3042 3912 3119">
     <span class='ocr_line' id='line_1_60' title="bbox 2303 3042 3912 3119; baseline 0.002 -26"><span class='ocrx_word' id='word_1_411' title='bbox 2303 3049 2475 3119; x_wconf 77' lang='grc' dir='ltr'>χώρας</span> <span class='ocrx_word' id='word_1_412' title='bbox 2506 3042 2839 3117; x_wconf 78' lang='grc' dir='ltr'>Στάσανδρον</span> <span class='ocrx_word' id='word_1_413' title='bbox 2868 3048 3092 3103; x_wconf 87' lang='grc' dir='ltr'>καθίστη</span> <span class='ocrx_word' id='word_1_414' title='bbox 3135 3047 3384 3116; x_wconf 79' lang='grc' dir='ltr'>ἡγεμόνα,</span> <span class='ocrx_word' id='word_1_415' title='bbox 3421 3053 3515 3105; x_wconf 81' lang='grc' dir='ltr'>τῆς</span> <span class='ocrx_word' id='word_1_416' title='bbox 3547 3042 3605 3097; x_wconf 75' lang='grc' dir='ltr'>δὲ</span> <span class='ocrx_word' id='word_1_417' title='bbox 3640 3052 3912 3119; x_wconf 84' lang='grc' dir='ltr'>Βακτρια-</span> 
     </span>
    </p>
   </div>
   <div class='ocr_carea' id='block_1_61' title="bbox 534 3128 2185 3221">
    <p class='ocr_par' dir='ltr' id='par_1_61' title="bbox 534 3128 2185 3203">
     <span class='ocr_line' id='line_1_61' title="bbox 534 3128 2185 3203; baseline 0.002 -19"><span class='ocrx_word' id='word_1_418' title='bbox 534 3128 839 3185; x_wconf 88' lang='lat' dir='ltr'>Stasamor</span> <span class='ocrx_word' id='word_1_419' title='bbox 892 3129 1195 3195; x_wconf 91' lang='lat' dir='ltr'>Soliensis,</span> <span class='ocrx_word' id='word_1_420' title='bbox 1225 3131 1657 3186; x_wconf 88' lang='lat' dir='ltr'>Arachotarum</span> <span class='ocrx_word' id='word_1_421' title='bbox 1708 3148 1844 3187; x_wconf 88' lang='lat' dir='ltr'>vero</span> <span class='ocrx_word' id='word_1_422' title='bbox 1896 3132 2185 3203; x_wconf 86' lang='lat' dir='ltr'>Sibyrtius</span> 
     </span>
    </p>
   </div>
   <div class='ocr_carea' id='block_1_62' title="bbox 2303 3128 3910 3221">
    <p class='ocr_par' dir='ltr' id='par_1_62' title="bbox 2303 3131 3910 3206">
     <span class='ocr_line' id='line_1_62' title="bbox 2303 3131 3910 3206; baseline 0.001 -23"><span class='ocrx_word' id='word_1_423' title='bbox 2303 3140 2385 3193; x_wconf 83' lang='grc' dir='ltr'>νῆς</span> <span class='ocrx_word' id='word_1_424' title='bbox 2416 3138 2504 3184; x_wconf 87' lang='grc' dir='ltr'>καὶ</span> <span class='ocrx_word' id='word_1_425' title='bbox 2536 3131 2821 3204; x_wconf 74' lang='grc' dir='ltr'>Σογδιανῆς</span> <span class='ocrx_word' id='word_1_426' title='bbox 2866 3137 3169 3206; x_wconf 79' lang='grc' dir='ltr'>Στασάνορα</span> <span class='ocrx_word' id='word_1_427' title='bbox 3215 3138 3300 3185; x_wconf 82' lang='grc' dir='ltr'>τόν</span> <span class='ocrx_word' id='word_1_428' title='bbox 3342 3134 3533 3199; x_wconf 81' lang='grc' dir='ltr'>Σόλιον,</span> <span class='ocrx_word' id='word_1_429' title='bbox 3580 3133 3910 3206; x_wconf 73' lang='grc' dir='ltr'>Ἀραχώτων</span> 
     </span>
    </p>
   </div>
   <div class='ocr_carea' id='block_1_63' title="bbox 531 3217 2185 3296">
    <p class='ocr_par' dir='ltr' id='par_1_63' title="bbox 531 3217 2184 3292">
     <span class='ocr_line' id='line_1_63' title="bbox 531 3217 2184 3292; baseline 0.004 -21"><span class='ocrx_word' id='word_1_430' title='bbox 531 3218 742 3273; x_wconf 89' lang='lat' dir='ltr'>evenit.</span> <span class='ocrx_word' id='word_1_431' title='bbox 826 3217 1122 3288; x_wconf 87' lang='lat' dir='ltr'>Oxyarta,</span> <span class='ocrx_word' id='word_1_432' title='bbox 1170 3221 1440 3274; x_wconf 82' lang='lat' dir='ltr'>Roxanes</span> <span class='ocrx_word' id='word_1_433' title='bbox 1496 3221 1664 3290; x_wconf 89' lang='lat' dir='ltr'>patri,</span> <span class='ocrx_word' id='word_1_434' title='bbox 1695 3221 2184 3292; x_wconf 73' lang='lat' dir='ltr'>Parapamisadie</span> 
     </span>
    </p>
   </div>
   <div class='ocr_carea' id='block_1_64' title="bbox 2303 3217 3909 3296">
    <p class='ocr_par' dir='ltr' id='par_1_64' title="bbox 2303 3218 3909 3296">
     <span class='ocr_line' id='line_1_64' title="bbox 2303 3218 3909 3296; baseline 0.001 -22"><span class='ocrx_word' id='word_1_435' title='bbox 2303 3218 2357 3274; x_wconf 77' lang='grc' dir='ltr'>δὲ</span> <span class='ocrx_word' id='word_1_436' title='bbox 2400 3222 2665 3295; x_wconf 76' lang='grc' dir='ltr'>Σιϐύρτιον</span> <span class='ocrx_word' id='word_1_437' title='bbox 2721 3246 2732 3256; x_wconf 91' lang='grc'><strong>·</strong></span> <span class='ocrx_word' id='word_1_438' title='bbox 2781 3230 2867 3275; x_wconf 83' lang='grc' dir='ltr'>καὶ</span> <span class='ocrx_word' id='word_1_439' title='bbox 2910 3221 3372 3295; x_wconf 81' lang='grc' dir='ltr'>Παραπαμισάδας</span> <span class='ocrx_word' id='word_1_440' title='bbox 3423 3226 3468 3259; x_wconf 77' lang='grc'>¹⁹</span> <span class='ocrx_word' id='word_1_441' title='bbox 3518 3223 3787 3296; x_wconf 73' lang='grc' dir='ltr'>Ὀξυάρτῃ</span> <span class='ocrx_word' id='word_1_442' title='bbox 3837 3233 3909 3293; x_wconf 74' lang='grc' dir='ltr'>τῷ</span> 
     </span>
    </p>
   </div>
   <div class='ocr_carea' id='block_1_65' title="bbox 532 3304 2187 3380">
    <p class='ocr_par' dir='ltr' id='par_1_65' title="bbox 532 3304 2187 3380">
     <span class='ocr_line' id='line_1_65' title="bbox 532 3304 2187 3380; baseline 0.003 -20"><span class='ocrx_word' id='word_1_443' title='bbox 532 3304 782 3361; x_wconf 89' lang='lat' dir='ltr'>dantur:</span> <span class='ocrx_word' id='word_1_444' title='bbox 816 3307 1099 3362; x_wconf 92' lang='lat' dir='ltr'>Indorum</span> <span class='ocrx_word' id='word_1_445' title='bbox 1132 3312 1329 3363; x_wconf 91' lang='lat' dir='ltr'>autem</span> <span class='ocrx_word' id='word_1_446' title='bbox 1363 3324 1433 3363; x_wconf 88' lang='lat' dir='ltr'>ea</span> <span class='ocrx_word' id='word_1_447' title='bbox 1458 3324 1583 3371; x_wconf 87' lang='lat' dir='ltr'>ora,</span> <span class='ocrx_word' id='word_1_448' title='bbox 1617 3325 1751 3379; x_wconf 88' lang='lat' dir='ltr'>qua</span> <span class='ocrx_word' id='word_1_449' title='bbox 1776 3309 2187 3380; x_wconf 84' lang='lat' dir='ltr'>Parapamisa-</span> 
     </span>
    </p>
   </div>
   <div class='ocr_carea' id='block_1_66' title="bbox 531 3394 2187 3471">
    <p class='ocr_par' dir='ltr' id='par_1_66' title="bbox 531 3394 2187 3471">
     <span class='ocr_line' id='line_1_66' title="bbox 531 3394 2187 3471; baseline 0.002 -21"><span class='ocrx_word' id='word_1_450' title='bbox 531 3394 625 3450; x_wconf 90' lang='lat' dir='ltr'>dis</span> <span class='ocrx_word' id='word_1_451' title='bbox 654 3396 904 3466; x_wconf 88' lang='lat' dir='ltr'>adjacet,</span> <span class='ocrx_word' id='word_1_452' title='bbox 933 3396 1168 3451; x_wconf 90' lang='lat' dir='ltr'>Pithoni</span> <span class='ocrx_word' id='word_1_453' title='bbox 1199 3397 1486 3466; x_wconf 85' lang='lat' dir='ltr'>Agenoris</span> <span class='ocrx_word' id='word_1_454' title='bbox 1525 3400 1580 3452; x_wconf 83' lang='lat' dir='ltr'>F.</span> <span class='ocrx_word' id='word_1_455' title='bbox 1617 3398 1858 3455; x_wconf 90' lang='lat' dir='ltr'>tributa.</span> <span class='ocrx_word' id='word_1_456' title='bbox 1893 3402 1967 3454; x_wconf 91' lang='lat' dir='ltr'>De</span> <span class='ocrx_word' id='word_1_457' title='bbox 1994 3400 2187 3471; x_wconf 81' lang='lat' dir='ltr'>proxi-</span> 
     </span>
    </p>
   </div>
   <div class='ocr_carea' id='block_1_67' title="bbox 532 3484 2181 3556">
    <p class='ocr_par' dir='ltr' id='par_1_67' title="bbox 532 3484 2181 3556">
     <span class='ocr_line' id='line_1_67' title="bbox 532 3484 2181 3556; baseline 0.001 -16"><span class='ocrx_word' id='word_1_458' title='bbox 532 3484 645 3540; x_wconf 89' lang='lat' dir='ltr'>mis</span> <span class='ocrx_word' id='word_1_459' title='bbox 674 3485 891 3541; x_wconf 90' lang='lat' dir='ltr'>deinde</span> <span class='ocrx_word' id='word_1_460' title='bbox 914 3485 1189 3556; x_wconf 88' lang='lat' dir='ltr'>satrapiis</span> <span class='ocrx_word' id='word_1_461' title='bbox 1220 3502 1289 3541; x_wconf 89' lang='lat' dir='ltr'>ea</span> <span class='ocrx_word' id='word_1_462' title='bbox 1309 3502 1445 3556; x_wconf 90' lang='lat' dir='ltr'>qua</span> <span class='ocrx_word' id='word_1_463' title='bbox 1475 3486 1551 3541; x_wconf 90' lang='lat' dir='ltr'>ad</span> <span class='ocrx_word' id='word_1_464' title='bbox 1576 3487 1789 3541; x_wconf 87' lang='lat' dir='ltr'>Indum</span> <span class='ocrx_word' id='word_1_465' title='bbox 1826 3487 2049 3543; x_wconf 88' lang='lat' dir='ltr'>ﬂumen</span> <span class='ocrx_word' id='word_1_466' title='bbox 2075 3494 2181 3555; x_wconf 74' lang='lat' dir='ltr'>est,</span> 
     </span>
    </p>
   </div>
   <div class='ocr_carea' id='block_1_68' title="bbox 531 3574 2183 3648">
    <p class='ocr_par' dir='ltr' id='par_1_68' title="bbox 531 3574 2183 3648">
     <span class='ocr_line' id='line_1_68' title="bbox 531 3574 2183 3648; baseline 0.002 -19"><span class='ocrx_word' id='word_1_467' title='bbox 531 3578 587 3629; x_wconf 90' lang='lat' dir='ltr'>et</span> <span class='ocrx_word' id='word_1_468' title='bbox 616 3574 819 3630; x_wconf 86' lang='lat' dir='ltr'>Patala</span> <span class='ocrx_word' id='word_1_469' title='bbox 846 3574 1006 3639; x_wconf 85' lang='lat' dir='ltr'>urbs,</span> <span class='ocrx_word' id='word_1_470' title='bbox 1032 3590 1166 3645; x_wconf 92' lang='lat' dir='ltr'>qua</span> <span class='ocrx_word' id='word_1_471' title='bbox 1196 3575 1255 3629; x_wconf 92' lang='lat' dir='ltr'>in</span> <span class='ocrx_word' id='word_1_472' title='bbox 1278 3575 1376 3630; x_wconf 89' lang='lat' dir='ltr'>illa</span> <span class='ocrx_word' id='word_1_473' title='bbox 1399 3576 1564 3631; x_wconf 89' lang='lat' dir='ltr'>India</span> <span class='ocrx_word' id='word_1_474' title='bbox 1592 3582 1680 3630; x_wconf 88' lang='lat' dir='ltr'>est</span> <span class='ocrx_word' id='word_1_475' title='bbox 1710 3578 1990 3641; x_wconf 86' lang='lat' dir='ltr'>maxima,</span> <span class='ocrx_word' id='word_1_476' title='bbox 2027 3579 2183 3648; x_wconf 80' lang='lat' dir='ltr'>72a</span> 
     </span>
    </p>
   </div>
   <div class='ocr_carea' id='block_1_69' title="bbox 531 3663 2183 3738">
    <p class='ocr_par' dir='ltr' id='par_1_69' title="bbox 531 3663 2183 3738">
     <span class='ocr_line' id='line_1_69' title="bbox 531 3663 2183 3738; baseline 0.003 -20"><span class='ocrx_word' id='word_1_477' title='bbox 531 3664 712 3719; x_wconf 91' lang='lat' dir='ltr'>Porro</span> <span class='ocrx_word' id='word_1_478' title='bbox 760 3663 885 3731; x_wconf 88' lang='lat' dir='ltr'>regi</span> <span class='ocrx_word' id='word_1_479' title='bbox 930 3664 1135 3719; x_wconf 89' lang='lat' dir='ltr'>cessit:</span> <span class='ocrx_word' id='word_1_480' title='bbox 1170 3668 1230 3720; x_wconf 87' lang='lat' dir='ltr'>at</span> <span class='ocrx_word' id='word_1_481' title='bbox 1276 3680 1411 3736; x_wconf 89' lang='lat' dir='ltr'>qua</span> <span class='ocrx_word' id='word_1_482' title='bbox 1474 3664 1549 3720; x_wconf 89' lang='lat' dir='ltr'>ad</span> <span class='ocrx_word' id='word_1_483' title='bbox 1598 3667 1915 3738; x_wconf 82' lang='lat' dir='ltr'>Hydaspen</span> <span class='ocrx_word' id='word_1_484' title='bbox 1959 3666 2183 3723; x_wconf 88' lang='lat' dir='ltr'>ﬂumen</span> 
     </span>
    </p>
   </div>
   <div class='ocr_carea' id='block_1_70' title="bbox 530 3751 2182 3831">
    <p class='ocr_par' dir='ltr' id='par_1_70' title="bbox 530 3751 2182 3831">
     <span class='ocr_line' id='line_1_70' title="bbox 530 3751 2182 3831; baseline 0.002 -24"><span class='ocrx_word' id='word_1_485' title='bbox 530 3752 799 3823; x_wconf 89' lang='lat' dir='ltr'>pertinet,</span> <span class='ocrx_word' id='word_1_486' title='bbox 819 3751 1035 3808; x_wconf 86' lang='lat' dir='ltr'>Taxila</span> <span class='ocrx_word' id='word_1_487' title='bbox 1063 3753 1201 3808; x_wconf 89' lang='lat' dir='ltr'>item</span> <span class='ocrx_word' id='word_1_488' title='bbox 1222 3754 1387 3831; x_wconf 90' lang='lat' dir='ltr'>Indo,</span> <span class='ocrx_word' id='word_1_489' title='bbox 1408 3756 1765 3817; x_wconf 88' lang='lat' dir='ltr'>attribuitur,</span> <span class='ocrx_word' id='word_1_490' title='bbox 1792 3756 2037 3827; x_wconf 84' lang='lat' dir='ltr'>quando</span> <span class='ocrx_word' id='word_1_491' title='bbox 2064 3772 2182 3811; x_wconf 86' lang='lat' dir='ltr'>non</span> 
     </span>
    </p>
   </div>
   <div class='ocr_carea' id='block_1_71' title="bbox 528 3840 2185 3916">
    <p class='ocr_par' dir='ltr' id='par_1_71' title="bbox 528 3840 2185 3916">
     <span class='ocr_line' id='line_1_71' title="bbox 528 3840 2185 3916; baseline 0.003 -21"><span class='ocrx_word' id='word_1_492' title='bbox 528 3840 697 3897; x_wconf 87' lang='lat' dir='ltr'>facile</span> <span class='ocrx_word' id='word_1_493' title='bbox 726 3848 879 3896; x_wconf 89' lang='lat' dir='ltr'>esset</span> <span class='ocrx_word' id='word_1_494' title='bbox 903 3841 1066 3913; x_wconf 89' lang='lat' dir='ltr'>ipsos</span> <span class='ocrx_word' id='word_1_495' title='bbox 1096 3842 1417 3909; x_wconf 89' lang='lat' dir='ltr'>dimovere,</span> <span class='ocrx_word' id='word_1_496' title='bbox 1451 3846 1551 3914; x_wconf 89' lang='lat' dir='ltr'>qui</span> <span class='ocrx_word' id='word_1_497' title='bbox 1584 3843 1663 3899; x_wconf 88' lang='lat' dir='ltr'>ab</span> <span class='ocrx_word' id='word_1_498' title='bbox 1697 3844 2027 3900; x_wconf 81' lang='lat' dir='ltr'>Alexandro</span> <span class='ocrx_word' id='word_1_499' title='bbox 2056 3847 2185 3916; x_wconf 81' lang='lat' dir='ltr'>ipso</span> 
     </span>
    </p>
   </div>
   <div class='ocr_carea' id='block_1_72' title="bbox 530 3929 2182 4004">
    <p class='ocr_par' dir='ltr' id='par_1_72' title="bbox 530 3929 2182 4004">
     <span class='ocr_line' id='line_1_72' title="bbox 530 3929 2182 4004; baseline 0.003 -20"><span class='ocrx_word' id='word_1_500' title='bbox 530 3929 592 3984; x_wconf 92' lang='lat' dir='ltr'>in</span> <span class='ocrx_word' id='word_1_501' title='bbox 636 3930 888 3998; x_wconf 91' lang='lat' dir='ltr'>imperio</span> <span class='ocrx_word' id='word_1_502' title='bbox 945 3931 1264 3997; x_wconf 91' lang='lat' dir='ltr'>constituti,</span> <span class='ocrx_word' id='word_1_503' title='bbox 1313 3948 1597 4002; x_wconf 91' lang='lat' dir='ltr'>magnam</span> <span class='ocrx_word' id='word_1_504' title='bbox 1649 3934 1790 3989; x_wconf 90' lang='lat' dir='ltr'>satis</span> <span class='ocrx_word' id='word_1_505' title='bbox 1857 3936 2182 4004; x_wconf 84' lang='lat' dir='ltr'>potentiam</span> 
     </span>
    </p>
   </div>
   <div class='ocr_carea' id='block_1_73' title="bbox 529 4018 2184 4092">
    <p class='ocr_par' dir='ltr' id='par_1_73' title="bbox 529 4018 2184 4092">
     <span class='ocr_line' id='line_1_73' title="bbox 529 4018 2184 4092; baseline 0.004 -18"><span class='ocrx_word' id='word_1_506' title='bbox 529 4018 689 4075; x_wconf 89' lang='lat' dir='ltr'>nacti</span> <span class='ocrx_word' id='word_1_507' title='bbox 719 4023 936 4075; x_wconf 86' lang='lat' dir='ltr'>essent.</span> <span class='ocrx_word' id='word_1_508' title='bbox 967 4020 1185 4075; x_wconf 86' lang='lat' dir='ltr'>Adhac</span> <span class='ocrx_word' id='word_1_509' title='bbox 1206 4021 1307 4092; x_wconf 93' lang='lat' dir='ltr'>qui</span> <span class='ocrx_word' id='word_1_510' title='bbox 1332 4024 1572 4077; x_wconf 90' lang='lat' dir='ltr'>aTauro</span> <span class='ocrx_word' id='word_1_511' title='bbox 1602 4029 1802 4078; x_wconf 88' lang='lat' dir='ltr'>monte</span> <span class='ocrx_word' id='word_1_512' title='bbox 1830 4024 1902 4077; x_wconf 87' lang='lat' dir='ltr'>ad</span> <span class='ocrx_word' id='word_1_513' title='bbox 1934 4024 2184 4080; x_wconf 86' lang='lat' dir='ltr'>Boream</span> 
     </span>
    </p>
   </div>
   <div class='ocr_carea' id='block_1_74' title="bbox 533 4107 2182 4182">
    <p class='ocr_par' dir='ltr' id='par_1_74' title="bbox 533 4107 2182 4182">
     <span class='ocr_line' id='line_1_74' title="bbox 533 4107 2182 4182; baseline 0.004 -20"><span class='ocrx_word' id='word_1_514' title='bbox 533 4107 870 4177; x_wconf 87' lang='lat' dir='ltr'>vergebant,</span> <span class='ocrx_word' id='word_1_515' title='bbox 893 4109 1277 4180; x_wconf 89' lang='lat' dir='ltr'>Cappadocas</span> <span class='ocrx_word' id='word_1_516' title='bbox 1295 4110 1568 4166; x_wconf 89' lang='lat' dir='ltr'>Nicanori</span> <span class='ocrx_word' id='word_1_517' title='bbox 1592 4112 1882 4167; x_wconf 84' lang='lat' dir='ltr'>attribuit:</span> <span class='ocrx_word' id='word_1_518' title='bbox 1912 4115 2182 4182; x_wconf 83' lang='lat' dir='ltr'>Magnam</span> 
     </span>
    </p>
   </div>
   <div class='ocr_carea' id='block_1_75' title="bbox 528 4196 2184 4272">
    <p class='ocr_par' dir='ltr' id='par_1_75' title="bbox 528 4196 2184 4272">
     <span class='ocr_line' id='line_1_75' title="bbox 528 4196 2184 4272; baseline 0.004 -23"><span class='ocrx_word' id='word_1_519' title='bbox 528 4211 669 4250; x_wconf 88' lang='lat' dir='ltr'>vero</span> <span class='ocrx_word' id='word_1_520' title='bbox 709 4196 1049 4266; x_wconf 83' lang='lat' dir='ltr'>Phrygiam,</span> <span class='ocrx_word' id='word_1_521' title='bbox 1086 4199 1464 4268; x_wconf 85' lang='lat' dir='ltr'>Lycaoniam,</span> <span class='ocrx_word' id='word_1_522' title='bbox 1501 4200 1939 4272; x_wconf 88' lang='lat' dir='ltr'>Pamphyliam,</span> <span class='ocrx_word' id='word_1_523' title='bbox 1975 4208 2029 4255; x_wconf 91' lang='lat' dir='ltr'>et</span> <span class='ocrx_word' id='word_1_524' title='bbox 2082 4204 2184 4272; x_wconf 84' lang='lat' dir='ltr'>Ly-</span> 
     </span>
    </p>
   </div>
   <div class='ocr_carea' id='block_1_76' title="bbox 529 4284 2183 4355">
    <p class='ocr_par' dir='ltr' id='par_1_76' title="bbox 529 4284 2183 4355">
     <span class='ocr_line' id='line_1_76' title="bbox 529 4284 2183 4355; baseline 0.005 -17"><span class='ocrx_word' id='word_1_525' title='bbox 529 4284 705 4348; x_wconf 90' lang='lat' dir='ltr'>ciam,</span> <span class='ocrx_word' id='word_1_526' title='bbox 735 4288 800 4338; x_wconf 86' lang='lat' dir='ltr'>ut</span> <span class='ocrx_word' id='word_1_527' title='bbox 849 4290 1044 4349; x_wconf 88' lang='lat' dir='ltr'>antea,</span> <span class='ocrx_word' id='word_1_528' title='bbox 1072 4286 1403 4355; x_wconf 87' lang='lat' dir='ltr'>Antigonus</span> <span class='ocrx_word' id='word_1_529' title='bbox 1435 4289 1693 4345; x_wconf 88' lang='lat' dir='ltr'>retinuit.</span> <span class='ocrx_word' id='word_1_530' title='bbox 1726 4291 1953 4345; x_wconf 90' lang='lat' dir='ltr'>Cariam</span> <span class='ocrx_word' id='word_1_531' title='bbox 1999 4293 2183 4347; x_wconf 86' lang='lat' dir='ltr'>Asan-</span> 
     </span>
    </p>
   </div>
   <div class='ocr_carea' id='block_1_77' title="bbox 528 4370 2177 4446">
    <p class='ocr_par' dir='ltr' id='par_1_77' title="bbox 528 4370 2177 4446">
     <span class='ocr_line' id='line_1_77' title="bbox 528 4370 2177 4446; baseline 0.007 -22"><span class='ocrx_word' id='word_1_532' title='bbox 528 4370 635 4425; x_wconf 90' lang='lat' dir='ltr'>der</span> <span class='ocrx_word' id='word_1_533' title='bbox 663 4372 778 4441; x_wconf 71' lang='grc'>(54)</span> <span class='ocrx_word' id='word_1_534' title='bbox 818 4372 1063 4442; x_wconf 89' lang='lat' dir='ltr'>accepit.</span> <span class='ocrx_word' id='word_1_535' title='bbox 1096 4374 1278 4444; x_wconf 88' lang='lat' dir='ltr'>Lydia</span> <span class='ocrx_word' id='word_1_536' title='bbox 1318 4375 1463 4430; x_wconf 89' lang='lat' dir='ltr'>Clito</span> <span class='ocrx_word' id='word_1_537' title='bbox 1491 4377 1649 4443; x_wconf 92' lang='lat' dir='ltr'>data,</span> <span class='ocrx_word' id='word_1_538' title='bbox 1686 4384 1749 4433; x_wconf 92' lang='lat' dir='ltr'>ut</span> <span class='ocrx_word' id='word_1_539' title='bbox 1798 4380 2057 4435; x_wconf 87' lang='lat' dir='ltr'>Arridao</span> <span class='ocrx_word' id='word_1_540' title='bbox 2088 4397 2177 4446; x_wconf 88' lang='lat' dir='ltr'>ea,</span> 
     </span>
    </p>
   </div>
   <div class='ocr_carea' id='block_1_78' title="bbox 528 4458 2181 4536">
    <p class='ocr_par' dir='ltr' id='par_1_78' title="bbox 528 4458 2181 4536">
     <span class='ocr_line' id='line_1_78' title="bbox 528 4458 2181 4536; baseline 0.008 -24"><span class='ocrx_word' id='word_1_541' title='bbox 528 4474 663 4531; x_wconf 89' lang='lat' dir='ltr'>qua</span> <span class='ocrx_word' id='word_1_542' title='bbox 677 4460 753 4514; x_wconf 89' lang='lat' dir='ltr'>ad</span> <span class='ocrx_word' id='word_1_543' title='bbox 774 4458 1215 4532; x_wconf 86' lang='lat' dir='ltr'>Hellespontum</span> <span class='ocrx_word' id='word_1_544' title='bbox 1231 4462 1407 4533; x_wconf 88' lang='lat' dir='ltr'>jacet,</span> <span class='ocrx_word' id='word_1_545' title='bbox 1428 4463 1707 4536; x_wconf 83' lang='lat' dir='ltr'>Phrygia.</span> <span class='ocrx_word' id='word_1_546' title='bbox 1728 4468 1999 4523; x_wconf 87' lang='lat' dir='ltr'>Pecunia</span> <span class='ocrx_word' id='word_1_547' title='bbox 2019 4470 2181 4525; x_wconf 87' lang='lat' dir='ltr'>Susis</span> 
     </span>
    </p>
   </div>
   <div class='ocr_carea' id='block_1_79' title="bbox 527 4548 2179 4623">
    <p class='ocr_par' dir='ltr' id='par_1_79' title="bbox 527 4548 2179 4623">
     <span class='ocr_line' id='line_1_79' title="bbox 527 4548 2179 4623; baseline 0.005 -19"><span class='ocrx_word' id='word_1_548' title='bbox 527 4548 876 4619; x_wconf 87' lang='lat' dir='ltr'>colligenda</span> <span class='ocrx_word' id='word_1_549' title='bbox 902 4549 1220 4619; x_wconf 84' lang='lat' dir='ltr'>Antigenes</span> <span class='ocrx_word' id='word_1_550' title='bbox 1248 4552 1601 4623; x_wconf 83' lang='lat' dir='ltr'>praiicitur;</span> <span class='ocrx_word' id='word_1_551' title='bbox 1636 4556 1729 4610; x_wconf 88' lang='lat' dir='ltr'>cui</span> <span class='ocrx_word' id='word_1_552' title='bbox 1761 4564 1816 4610; x_wconf 86' lang='lat' dir='ltr'>et</span> <span class='ocrx_word' id='word_1_553' title='bbox 1855 4574 1884 4611; x_wconf 89' lang='lat' dir='ltr'>e</span> <span class='ocrx_word' id='word_1_554' title='bbox 1916 4559 2179 4614; x_wconf 85' lang='lat' dir='ltr'>Macedo-</span> 
     </span>
    </p>
   </div>
   <div class='ocr_carea' id='block_1_80' title="bbox 526 4637 2181 4712">
    <p class='ocr_par' dir='ltr' id='par_1_80' title="bbox 526 4637 2181 4712">
     <span class='ocr_line' id='line_1_80' title="bbox 526 4637 2181 4712; baseline 0.005 -19"><span class='ocrx_word' id='word_1_555' title='bbox 526 4638 723 4706; x_wconf 89' lang='lat' dir='ltr'>nibus,</span> <span class='ocrx_word' id='word_1_556' title='bbox 749 4637 854 4712; x_wconf 89' lang='lat' dir='ltr'>qui</span> <span class='ocrx_word' id='word_1_557' title='bbox 876 4639 1136 4695; x_wconf 83' lang='lat' dir='ltr'>maxime</span> <span class='ocrx_word' id='word_1_558' title='bbox 1159 4639 1503 4696; x_wconf 89' lang='lat' dir='ltr'>tumultuati</span> <span class='ocrx_word' id='word_1_559' title='bbox 1534 4642 1785 4707; x_wconf 85' lang='lat' dir='ltr'>fuerant,</span> <span class='ocrx_word' id='word_1_560' title='bbox 1811 4645 1886 4698; x_wconf 86' lang='lat' dir='ltr'>ad</span> <span class='ocrx_word' id='word_1_561' title='bbox 1917 4648 2025 4701; x_wconf 89' lang='lat' dir='ltr'>tria</span> <span class='ocrx_word' id='word_1_562' title='bbox 2052 4648 2181 4703; x_wconf 89' lang='lat' dir='ltr'>mil-</span> 
     </span>
    </p>
   </div>
   <div class='ocr_carea' id='block_1_81' title="bbox 524 4726 2178 4803">
    <p class='ocr_par' dir='ltr' id='par_1_81' title="bbox 524 4726 2178 4803">
     <span class='ocr_line' id='line_1_81' title="bbox 524 4726 2178 4803; baseline 0.006 -21"><span class='ocrx_word' id='word_1_563' title='bbox 524 4726 604 4783; x_wconf 87' lang='lat' dir='ltr'>lia</span> <span class='ocrx_word' id='word_1_564' title='bbox 650 4727 868 4785; x_wconf 89' lang='lat' dir='ltr'>traditi.</span> <span class='ocrx_word' id='word_1_565' title='bbox 926 4728 1198 4803; x_wconf 89' lang='lat' dir='ltr'>Corporis</span> <span class='ocrx_word' id='word_1_566' title='bbox 1260 4734 1545 4802; x_wconf 84' lang='lat' dir='ltr'>praterea</span> <span class='ocrx_word' id='word_1_567' title='bbox 1593 4732 1737 4802; x_wconf 90' lang='lat' dir='ltr'>regii</span> <span class='ocrx_word' id='word_1_568' title='bbox 1779 4734 2053 4790; x_wconf 89' lang='lat' dir='ltr'>custodes</span> <span class='ocrx_word' id='word_1_569' title='bbox 2109 4752 2178 4792; x_wconf 91' lang='lat' dir='ltr'>ac</span> 
     </span>
    </p>
   </div>
   <div class='ocr_carea' id='block_1_82' title="bbox 1866 4860 2542 4920">
    <p class='ocr_par' dir='ltr' id='par_1_82' title="bbox 1866 4860 2542 4920">
     <span class='ocr_line' id='line_1_82' title="bbox 1866 4860 2542 4920; baseline 0.003 -7"><span class='ocrx_word' id='word_1_570' title='bbox 1866 4860 2097 4915; x_wconf 69' lang='lat' dir='ltr'>VARI/E</span> <span class='ocrx_word' id='word_1_571' title='bbox 2140 4864 2542 4920; x_wconf 81' lang='lat' dir='ltr'>LECTIONES.</span> 
     </span>
    </p>
   </div>
   <div class='ocr_carea' id='block_1_83' title="bbox 596 4975 3907 5062">
    <p class='ocr_par' dir='ltr' id='par_1_83' title="bbox 596 4975 3907 5062">
     <span class='ocr_line' id='line_1_83' title="bbox 596 4975 3907 5062; baseline 0.004 -30"><span class='ocrx_word' id='word_1_572' title='bbox 596 4980 642 5062; x_wconf 49' lang='grc' dir='ltr'>βο</span> <span class='ocrx_word' id='word_1_573' title='bbox 675 4975 965 5062; x_wconf 30' lang='grc' dir='ltr'>δόριογᾼξξ</span> <span class='ocrx_word' id='word_1_574' title='bbox 1002 4976 1202 5062; x_wconf 64' lang='grc' dir='ltr'>δόρεὲον</span> <span class='ocrx_word' id='word_1_575' title='bbox 1231 5001 1287 5044; x_wconf 85' lang='grc' dir='ltr'>ς’.</span> <span class='ocrx_word' id='word_1_576' title='bbox 1322 4978 1689 5062; x_wconf 45' lang='grc' dir='ltr'>ωᾶιίιτχδορί</span> <span class='ocrx_word' id='word_1_577' title='bbox 1714 4999 1725 5036; x_wconf 93' lang='lat'>:</span> <span class='ocrx_word' id='word_1_578' title='bbox 1752 4984 2014 5062; x_wconf 33' lang='lat' dir='ltr'>chBast.</span> <span class='ocrx_word' id='word_1_579' title='bbox 2048 4993 2370 5043; x_wconf 87' lang='lat' dir='ltr'>comment.</span> <span class='ocrx_word' id='word_1_580' title='bbox 2402 4987 2809 5062; x_wconf 83' lang='lat' dir='ltr'>paiaograph.</span> <span class='ocrx_word' id='word_1_581' title='bbox 2841 5004 2900 5062; x_wconf 84' lang='lat' dir='ltr'>p.</span> <span class='ocrx_word' id='word_1_582' title='bbox 2923 4990 3047 5062; x_wconf 74' lang='lat'>771.</span> <span class='ocrx_word' id='word_1_583' title='bbox 3102 4991 3145 5025; x_wconf 79' lang='grc'>¹⁷</span> <span class='ocrx_word' id='word_1_584' title='bbox 3175 4990 3499 5062; x_wconf 79' lang='grc' dir='ltr'>ξατραπειών</span> <span class='ocrx_word' id='word_1_585' title='bbox 3524 4992 3590 5045; x_wconf 88' lang='lat' dir='ltr'>A.</span> <span class='ocrx_word' id='word_1_586' title='bbox 3671 4992 3718 5026; x_wconf 75' lang='grc' dir='ltr'>η</span> <span class='ocrx_word' id='word_1_587' title='bbox 3748 4998 3907 5045; x_wconf 75' lang='grc' dir='ltr'>Κασ-</span> 
     </span>
    </p>
   </div>
   <div class='ocr_carea' id='block_1_84' title="bbox 521 5049 3907 5137">
    <p class='ocr_par' dir='ltr' id='par_1_84' title="bbox 521 5049 3907 5137">
     <span class='ocr_line' id='line_1_84' title="bbox 521 5049 3907 5137; baseline 0.001 -23"><span class='ocrx_word' id='word_1_588' title='bbox 521 5056 665 5137; x_wconf 49' lang='lat' dir='ltr'>mia;</span> <span class='ocrx_word' id='word_1_589' title='bbox 696 5049 751 5117; x_wconf 65' lang='grc' dir='ltr'>ςξ</span> <span class='ocrx_word' id='word_1_590' title='bbox 828 5049 1100 5137; x_wconf 38' lang='lat' dir='ltr'>“fulgeat.</span> <span class='ocrx_word' id='word_1_591' title='bbox 1122 5049 1635 5125; x_wconf 75' lang='grc' dir='ltr'>Παραπαμεισάδαις</span> <span class='ocrx_word' id='word_1_592' title='bbox 1662 5055 1727 5109; x_wconf 90' lang='grc' dir='ltr'>Α.</span> <span class='ocrx_word' id='word_1_593' title='bbox 1807 5058 1855 5091; x_wconf 86' lang='grc'>²⁰</span> <span class='ocrx_word' id='word_1_594' title='bbox 1880 5060 2075 5129; x_wconf 74' lang='grc' dir='ltr'>παραΛ</span> <span class='ocrx_word' id='word_1_595' title='bbox 2110 5074 2121 5112; x_wconf 89' lang='lat'><strong>:</strong></span> <span class='ocrx_word' id='word_1_596' title='bbox 2152 5063 2271 5132; x_wconf 87' lang='grc' dir='ltr'>περὶ</span> <span class='ocrx_word' id='word_1_597' title='bbox 2306 5080 2362 5124; x_wconf 82' lang='grc' dir='ltr'>ς’.</span> <span class='ocrx_word' id='word_1_598' title='bbox 2403 5049 2465 5094; x_wconf 68' lang='grc'>’²¹</span> <span class='ocrx_word' id='word_1_599' title='bbox 2498 5049 2673 5112; x_wconf 57' lang='grc' dir='ltr'>Ἰνδῖὶν</span> <span class='ocrx_word' id='word_1_600' title='bbox 2840 5049 2886 5095; x_wconf 55' lang='grc'>⁵³</span> <span class='ocrx_word' id='word_1_601' title='bbox 2914 5060 3019 5113; x_wconf 83' lang='grc' dir='ltr'>ἐκεῖ</span> <span class='ocrx_word' id='word_1_602' title='bbox 3042 5082 3095 5125; x_wconf 79' lang='grc' dir='ltr'>ς’.</span> <span class='ocrx_word' id='word_1_603' title='bbox 3154 5049 3199 5097; x_wconf 66' lang='lat'>&#39;5</span> <span class='ocrx_word' id='word_1_604' title='bbox 3225 5049 3516 5137; x_wconf 77' lang='grc' dir='ltr'>ἐπεχώρισε</span> <span class='ocrx_word' id='word_1_605' title='bbox 3540 5084 3596 5128; x_wconf 90' lang='grc' dir='ltr'>ς·.</span> <span class='ocrx_word' id='word_1_606' title='bbox 3664 5064 3715 5098; x_wconf 73' lang='grc'>³⁸</span> <span class='ocrx_word' id='word_1_607' title='bbox 3744 5071 3907 5137; x_wconf 81' lang='grc' dir='ltr'>Παμ-</span> 
     </span>
    </p>
   </div>
   <div class='ocr_carea' id='block_1_85' title="bbox 521 5122 1415 5197">
    <p class='ocr_par' dir='ltr' id='par_1_85' title="bbox 521 5122 1415 5197">
     <span class='ocr_line' id='line_1_85' title="bbox 521 5122 1415 5197; baseline 0.004 -19"><span class='ocrx_word' id='word_1_608' title='bbox 521 5123 719 5197; x_wconf 65' lang='grc' dir='ltr'>φυλίοις</span> <span class='ocrx_word' id='word_1_609' title='bbox 751 5145 805 5191; x_wconf 78' lang='grc' dir='ltr'>ς’.</span> <span class='ocrx_word' id='word_1_610' title='bbox 882 5124 931 5160; x_wconf 76' lang='grc'>⁸⁸</span> <span class='ocrx_word' id='word_1_611' title='bbox 959 5122 1330 5184; x_wconf 79' lang='grc' dir='ltr'>Ἑλλήσποντον</span> <span class='ocrx_word' id='word_1_612' title='bbox 1350 5122 1415 5189; x_wconf 78' lang='grc' dir='ltr'>ς’.</span> 
     </span>
    </p>
   </div>
   <div class='ocr_carea' id='block_1_86' title="bbox 2294 3310 3911 3388">
    <p class='ocr_par' dir='ltr' id='par_1_86' title="bbox 2294 3310 3911 3388">
     <span class='ocr_line' id='line_1_86' title="bbox 2294 3310 3911 3388; baseline -0.005 -16"><span class='ocrx_word' id='word_1_613' title='bbox 2294 3310 2549 3375; x_wconf 72' lang='grc' dir='ltr'>Ῥωξάνης</span> <span class='ocrx_word' id='word_1_614' title='bbox 2599 3319 2777 3387; x_wconf 84' lang='grc' dir='ltr'>πατρὶ,</span> <span class='ocrx_word' id='word_1_615' title='bbox 2829 3323 2923 3373; x_wconf 81' lang='grc' dir='ltr'>τῆς</span> <span class='ocrx_word' id='word_1_616' title='bbox 2973 3311 3030 3366; x_wconf 78' lang='grc' dir='ltr'>δε</span> <span class='ocrx_word' id='word_1_617' title='bbox 3084 3310 3260 3366; x_wconf 79' lang='grc' dir='ltr'>Ἰνδῶν</span> <span class='ocrx_word' id='word_1_618' title='bbox 3303 3322 3399 3385; x_wconf 81' lang='grc' dir='ltr'>γῆς</span> <span class='ocrx_word' id='word_1_619' title='bbox 3444 3316 3509 3365; x_wconf 81' lang='grc' dir='ltr'>τὰ</span> <span class='ocrx_word' id='word_1_620' title='bbox 3558 3317 3647 3385; x_wconf 73' lang='grc' dir='ltr'>μεν</span> <span class='ocrx_word' id='word_1_621' title='bbox 3705 3316 3911 3388; x_wconf 82' lang='grc' dir='ltr'>σύνορα</span> 
     </span>
    </p>
   </div>
   <div class='ocr_carea' id='block_1_87' title="bbox 2300 3399 3911 3474">
    <p class='ocr_par' dir='ltr' id='par_1_87' title="bbox 2300 3399 3911 3474">
     <span class='ocr_line' id='line_1_87' title="bbox 2300 3399 3911 3474; baseline 0 -21"><span class='ocrx_word' id='word_1_622' title='bbox 2300 3400 2783 3474; x_wconf 78' lang='grc' dir='ltr'>Παραπαμισάδαις</span> <span class='ocrx_word' id='word_1_623' title='bbox 2830 3405 3023 3455; x_wconf 87' lang='grc' dir='ltr'>Πίθωνι</span> <span class='ocrx_word' id='word_1_624' title='bbox 3068 3412 3139 3472; x_wconf 81' lang='grc' dir='ltr'>τῷ</span> <span class='ocrx_word' id='word_1_625' title='bbox 3191 3403 3488 3473; x_wconf 78' lang='grc' dir='ltr'>Ἀγήνορος,</span> <span class='ocrx_word' id='word_1_626' title='bbox 3539 3404 3629 3463; x_wconf 83' lang='grc' dir='ltr'>τὰς</span> <span class='ocrx_word' id='word_1_627' title='bbox 3681 3399 3741 3453; x_wconf 78' lang='grc' dir='ltr'>δὲ</span> <span class='ocrx_word' id='word_1_628' title='bbox 3786 3406 3911 3473; x_wconf 80' lang='grc' dir='ltr'>ἑχο-</span> 
     </span>
    </p>
   </div>
   <div class='ocr_carea' id='block_1_88' title="bbox 2296 3487 3909 3565">
    <p class='ocr_par' dir='ltr' id='par_1_88' title="bbox 2296 3487 3909 3565">
     <span class='ocr_line' id='line_1_88' title="bbox 2296 3487 3909 3565; baseline 0 -23"><span class='ocrx_word' id='word_1_629' title='bbox 2296 3496 2449 3563; x_wconf 85' lang='grc' dir='ltr'>μένας</span> <span class='ocrx_word' id='word_1_630' title='bbox 2500 3497 2834 3565; x_wconf 79' lang='grc' dir='ltr'>σατραπείας,</span> <span class='ocrx_word' id='word_1_631' title='bbox 2865 3496 2957 3549; x_wconf 83' lang='grc' dir='ltr'>τὴν</span> <span class='ocrx_word' id='word_1_632' title='bbox 2990 3496 3077 3562; x_wconf 73' lang='grc' dir='ltr'>μὲν</span> <span class='ocrx_word' id='word_1_633' title='bbox 3121 3494 3264 3563; x_wconf 86' lang='grc' dir='ltr'>παρὰ</span> <span class='ocrx_word' id='word_1_634' title='bbox 3312 3494 3358 3526; x_wconf 71' lang='grc' dir='ltr'>³ο</span> <span class='ocrx_word' id='word_1_635' title='bbox 3404 3495 3489 3543; x_wconf 86' lang='grc' dir='ltr'>τόν</span> <span class='ocrx_word' id='word_1_636' title='bbox 3521 3487 3685 3543; x_wconf 86' lang='grc' dir='ltr'>Ἰνδόν</span> <span class='ocrx_word' id='word_1_637' title='bbox 3728 3493 3774 3525; x_wconf 84' lang='grc'>²¹</span> <span class='ocrx_word' id='word_1_638' title='bbox 3816 3511 3909 3542; x_wconf 85' lang='grc' dir='ltr'>πο-</span> 
     </span>
    </p>
   </div>
   <div class='ocr_carea' id='block_1_89' title="bbox 2295 3578 3907 3652">
    <p class='ocr_par' dir='ltr' id='par_1_89' title="bbox 2295 3578 3907 3652">
     <span class='ocr_line' id='line_1_89' title="bbox 2295 3578 3907 3652; baseline -0.001 -20"><span class='ocrx_word' id='word_1_639' title='bbox 2295 3584 2453 3652; x_wconf 84' lang='grc' dir='ltr'>ταμὸν</span> <span class='ocrx_word' id='word_1_640' title='bbox 2502 3586 2589 3632; x_wconf 86' lang='lat' dir='ltr'>xui</span> <span class='ocrx_word' id='word_1_641' title='bbox 2647 3582 2856 3632; x_wconf 81' lang='grc' dir='ltr'>Πάταλα</span> <span class='ocrx_word' id='word_1_642' title='bbox 2905 3590 2999 3632; x_wconf 73' lang='grc' dir='ltr'>τῶν</span> <span class='ocrx_word' id='word_1_643' title='bbox 3050 3580 3213 3652; x_wconf 75' lang='grc' dir='ltr'>ἐκείνη</span> <span class='ocrx_word' id='word_1_644' title='bbox 3264 3583 3310 3616; x_wconf 77' lang='grc'>²²</span> <span class='ocrx_word' id='word_1_645' title='bbox 3350 3578 3528 3633; x_wconf 80' lang='grc' dir='ltr'>Ἰνδῶν</span> <span class='ocrx_word' id='word_1_646' title='bbox 3579 3580 3774 3631; x_wconf 82' lang='grc' dir='ltr'>πόλεων</span> <span class='ocrx_word' id='word_1_647' title='bbox 3811 3586 3907 3638; x_wconf 79' lang='grc' dir='ltr'>τὴν</span> 
     </span>
    </p>
   </div>
   <div class='ocr_carea' id='block_1_90' title="bbox 2292 3667 3907 3743">
    <p class='ocr_par' dir='ltr' id='par_1_90' title="bbox 2292 3667 3907 3743">
     <span class='ocr_line' id='line_1_90' title="bbox 2292 3667 3907 3743; baseline 0 -22"><span class='ocrx_word' id='word_1_648' title='bbox 2292 3676 2548 3742; x_wconf 74' lang='grc' dir='ltr'>μεγίστην</span> <span class='ocrx_word' id='word_1_649' title='bbox 2580 3677 2741 3741; x_wconf 79' lang='grc' dir='ltr'>Πώρῳ</span> <span class='ocrx_word' id='word_1_650' title='bbox 2772 3680 2842 3740; x_wconf 77' lang='grc' dir='ltr'>τῷ</span> <span class='ocrx_word' id='word_1_651' title='bbox 2871 3670 3079 3741; x_wconf 80' lang='grc' dir='ltr'>βασιλεῖ</span> <span class='ocrx_word' id='word_1_652' title='bbox 3106 3669 3411 3743; x_wconf 75' lang='grc' dir='ltr'>ἐπεχώρησε</span> <span class='ocrx_word' id='word_1_653' title='bbox 3441 3672 3505 3734; x_wconf 79' lang='grc'>²³,</span> <span class='ocrx_word' id='word_1_654' title='bbox 3540 3675 3631 3727; x_wconf 70' lang='grc' dir='ltr'>τὴν</span> <span class='ocrx_word' id='word_1_655' title='bbox 3664 3667 3723 3721; x_wconf 72' lang='grc' dir='ltr'>δὲ</span> <span class='ocrx_word' id='word_1_656' title='bbox 3757 3675 3907 3742; x_wconf 70' lang='grc' dir='ltr'>παρὰ</span> 
     </span>
    </p>
   </div>
   <div class='ocr_carea' id='block_1_91' title="bbox 2297 3756 3906 3831">
    <p class='ocr_par' dir='ltr' id='par_1_91' title="bbox 2297 3756 3906 3831">
     <span class='ocr_line' id='line_1_91' title="bbox 2297 3756 3906 3831; baseline -0.001 -21"><span class='ocrx_word' id='word_1_657' title='bbox 2297 3764 2380 3811; x_wconf 89' lang='grc' dir='ltr'>τόν</span> <span class='ocrx_word' id='word_1_658' title='bbox 2422 3756 2692 3816; x_wconf 77' lang='grc' dir='ltr'>Ὑδάσπην</span> <span class='ocrx_word' id='word_1_659' title='bbox 2742 3765 2973 3831; x_wconf 84' lang='grc' dir='ltr'>ποταμόν</span> <span class='ocrx_word' id='word_1_660' title='bbox 3012 3760 3227 3831; x_wconf 66' lang='grc' dir='ltr'>Ταξίλῃ,</span> <span class='ocrx_word' id='word_1_661' title='bbox 3269 3766 3357 3811; x_wconf 79' lang='grc' dir='ltr'>καὶ</span> <span class='ocrx_word' id='word_1_662' title='bbox 3400 3763 3560 3829; x_wconf 87' lang='grc' dir='ltr'>τούτῳ</span> <span class='ocrx_word' id='word_1_663' title='bbox 3593 3756 3767 3821; x_wconf 80' lang='grc' dir='ltr'>’1νδώ,</span> <span class='ocrx_word' id='word_1_664' title='bbox 3807 3759 3906 3811; x_wconf 86' lang='grc' dir='ltr'>ἐτεὶ</span> 
     </span>
    </p>
   </div>
   <div class='ocr_carea' id='block_1_92' title="bbox 2296 3845 3910 3921">
    <p class='ocr_par' dir='ltr' id='par_1_92' title="bbox 2296 3845 3910 3921">
     <span class='ocr_line' id='line_1_92' title="bbox 2296 3845 3910 3921; baseline -0.002 -20"><span class='ocrx_word' id='word_1_665' title='bbox 2296 3846 2433 3920; x_wconf 75' lang='grc' dir='ltr'>μηδὲ</span> <span class='ocrx_word' id='word_1_666' title='bbox 2479 3846 2663 3921; x_wconf 65' lang='grc' dir='ltr'>ῥᾴδιον</span> <span class='ocrx_word' id='word_1_667' title='bbox 2711 3856 3058 3919; x_wconf 81' lang='grc' dir='ltr'>μετακινῆσαι</span> <span class='ocrx_word' id='word_1_668' title='bbox 3112 3849 3296 3908; x_wconf 74' lang='grc' dir='ltr'>αύτούς</span> <span class='ocrx_word' id='word_1_669' title='bbox 3345 3848 3397 3910; x_wconf 84' lang='grc' dir='ltr'>ἐξ</span> <span class='ocrx_word' id='word_1_670' title='bbox 3449 3845 3797 3921; x_wconf 73' lang='grc' dir='ltr'>Ἀλεξάνδρου</span> <span class='ocrx_word' id='word_1_671' title='bbox 3855 3867 3910 3898; x_wconf 87' lang='grc' dir='ltr'>τε</span> 
     </span>
    </p>
   </div>
   <div class='ocr_carea' id='block_1_93' title="bbox 2297 3933 3908 4009">
    <p class='ocr_par' dir='ltr' id='par_1_93' title="bbox 2297 3933 3908 4009">
     <span class='ocr_line' id='line_1_93' title="bbox 2297 3933 3908 4009; baseline -0.002 -21"><span class='ocrx_word' id='word_1_672' title='bbox 2297 3936 2755 4009; x_wconf 81' lang='grc' dir='ltr'>ἑπιτετραμμένους</span> <span class='ocrx_word' id='word_1_673' title='bbox 2828 3941 2920 3994; x_wconf 76' lang='grc' dir='ltr'>τὴν</span> <span class='ocrx_word' id='word_1_674' title='bbox 2988 3936 3160 4009; x_wconf 76' lang='grc' dir='ltr'>ἀρχὴν</span> <span class='ocrx_word' id='word_1_675' title='bbox 3238 3942 3325 3988; x_wconf 86' lang='grc' dir='ltr'>καὶ</span> <span class='ocrx_word' id='word_1_676' title='bbox 3411 3933 3634 4007; x_wconf 86' lang='grc' dir='ltr'>δύναμιν</span> <span class='ocrx_word' id='word_1_677' title='bbox 3726 3938 3908 3991; x_wconf 72' lang='grc' dir='ltr'>ἱκανὴν</span> 
     </span>
    </p>
   </div>
   <div class='ocr_carea' id='block_1_94' title="bbox 2296 4022 3909 4098">
    <p class='ocr_par' dir='ltr' id='par_1_94' title="bbox 2296 4022 3909 4098">
     <span class='ocr_line' id='line_1_94' title="bbox 2296 4022 3909 4098; baseline -0.002 -22"><span class='ocrx_word' id='word_1_678' title='bbox 2296 4027 2533 4095; x_wconf 77' lang='grc' dir='ltr'>ἔχοντας.</span> <span class='ocrx_word' id='word_1_679' title='bbox 2584 4031 2693 4076; x_wconf 82' lang='grc' dir='ltr'>Τῶν</span> <span class='ocrx_word' id='word_1_680' title='bbox 2745 4022 2803 4076; x_wconf 72' lang='grc' dir='ltr'>δὲ</span> <span class='ocrx_word' id='word_1_681' title='bbox 2846 4024 2944 4076; x_wconf 80' lang='grc' dir='ltr'>ἀπὸ</span> <span class='ocrx_word' id='word_1_682' title='bbox 2998 4034 3085 4077; x_wconf 78' lang='grc' dir='ltr'>τού</span> <span class='ocrx_word' id='word_1_683' title='bbox 3134 4028 3339 4095; x_wconf 82' lang='grc' dir='ltr'>Ταύρου</span> <span class='ocrx_word' id='word_1_684' title='bbox 3390 4028 3541 4098; x_wconf 81' lang='grc' dir='ltr'>ὄρους</span> <span class='ocrx_word' id='word_1_685' title='bbox 3590 4025 3779 4085; x_wconf 81' lang='grc' dir='ltr'>ὡςέπὶ</span> <span class='ocrx_word' id='word_1_686' title='bbox 3811 4028 3909 4080; x_wconf 70' lang='grc' dir='ltr'>τὴν</span> 
     </span>
    </p>
   </div>
   <div class='ocr_carea' id='block_1_95' title="bbox 2295 4109 3909 4186">
    <p class='ocr_par' dir='ltr' id='par_1_95' title="bbox 2295 4109 3909 4186">
     <span class='ocr_line' id='line_1_95' title="bbox 2295 4109 3909 4186; baseline -0.001 -21"><span class='ocrx_word' id='word_1_687' title='bbox 2295 4116 2483 4186; x_wconf 74' lang='grc' dir='ltr'>ἄρκτον</span> <span class='ocrx_word' id='word_1_688' title='bbox 2532 4118 2781 4186; x_wconf 79' lang='grc' dir='ltr'>φερόντων</span> <span class='ocrx_word' id='word_1_689' title='bbox 2833 4109 3189 4174; x_wconf 83' lang='grc' dir='ltr'>Καππαδόκας</span> <span class='ocrx_word' id='word_1_690' title='bbox 3236 4118 3323 4185; x_wconf 77' lang='grc' dir='ltr'>μεν</span> <span class='ocrx_word' id='word_1_691' title='bbox 3387 4116 3630 4185; x_wconf 75' lang='grc' dir='ltr'>Νικάνορι</span> <span class='ocrx_word' id='word_1_692' title='bbox 3697 4113 3909 4186; x_wconf 80' lang='grc' dir='ltr'>ἐπέτρε-</span> 
     </span>
    </p>
   </div>
   <div class='ocr_carea' id='block_1_96' title="bbox 2293 4198 3908 4275">
    <p class='ocr_par' dir='ltr' id='par_1_96' title="bbox 2293 4198 3908 4275">
     <span class='ocr_line' id='line_1_96' title="bbox 2293 4198 3908 4275; baseline 0 -22"><span class='ocrx_word' id='word_1_693' title='bbox 2293 4202 2406 4272; x_wconf 63' lang='grc' dir='ltr'>ψεν,</span> <span class='ocrx_word' id='word_1_694' title='bbox 2440 4200 2517 4253; x_wconf 80' lang='grc' dir='ltr'>ἐπὶ</span> <span class='ocrx_word' id='word_1_695' title='bbox 2554 4198 2610 4253; x_wconf 67' lang='grc' dir='ltr'>δὲ</span> <span class='ocrx_word' id='word_1_696' title='bbox 2637 4207 2861 4275; x_wconf 81' lang='grc' dir='ltr'>Φρυγίας</span> <span class='ocrx_word' id='word_1_697' title='bbox 2893 4210 2987 4263; x_wconf 85' lang='grc' dir='ltr'>τῆς</span> <span class='ocrx_word' id='word_1_698' title='bbox 3016 4202 3246 4273; x_wconf 84' lang='grc' dir='ltr'>μεγάλης</span> <span class='ocrx_word' id='word_1_699' title='bbox 3303 4209 3385 4253; x_wconf 68' lang='grc' dir='ltr'>καὶ</span> <span class='ocrx_word' id='word_1_700' title='bbox 3434 4206 3514 4254; x_wconf 83' lang='grc' dir='ltr'>ἐπὶ</span> <span class='ocrx_word' id='word_1_701' title='bbox 3564 4204 3809 4255; x_wconf 79' lang='grc' dir='ltr'>Λυκάοσί</span> <span class='ocrx_word' id='word_1_702' title='bbox 3858 4221 3908 4253; x_wconf 88' lang='grc' dir='ltr'>τε</span> 
     </span>
    </p>
   </div>
   <div class='ocr_carea' id='block_1_97' title="bbox 2293 4290 3911 4362">
    <p class='ocr_par' dir='ltr' id='par_1_97' title="bbox 2293 4290 3911 4362">
     <span class='ocr_line' id='line_1_97' title="bbox 2293 4290 3911 4362; baseline 0.001 -21"><span class='ocrx_word' id='word_1_703' title='bbox 2293 4295 2381 4341; x_wconf 90' lang='grc' dir='ltr'>καὶ</span> <span class='ocrx_word' id='word_1_704' title='bbox 2414 4290 2710 4361; x_wconf 63' lang='grc' dir='ltr'>Παμφύλοις</span> <span class='ocrx_word' id='word_1_705' title='bbox 2757 4292 2803 4325; x_wconf 75' lang='grc'>²⁴</span> <span class='ocrx_word' id='word_1_706' title='bbox 2854 4296 2940 4341; x_wconf 83' lang='grc' dir='ltr'>και</span> <span class='ocrx_word' id='word_1_707' title='bbox 2990 4297 3225 4355; x_wconf 85' lang='grc' dir='ltr'>Λυκίοις,</span> <span class='ocrx_word' id='word_1_708' title='bbox 3271 4294 3333 4351; x_wconf 81' lang='grc' dir='ltr'>ὡς</span> <span class='ocrx_word' id='word_1_709' title='bbox 3378 4297 3465 4343; x_wconf 84' lang='grc' dir='ltr'>καὶ</span> <span class='ocrx_word' id='word_1_710' title='bbox 3506 4294 3754 4362; x_wconf 80' lang='grc' dir='ltr'>πρόσθεν,</span> <span class='ocrx_word' id='word_1_711' title='bbox 3790 4292 3911 4346; x_wconf 76' lang='grc' dir='ltr'>Ἀν-</span> 
     </span>
    </p>
   </div>
   <div class='ocr_carea' id='block_1_98' title="bbox 2292 4376 3909 4454">
    <p class='ocr_par' dir='ltr' id='par_1_98' title="bbox 2292 4376 3909 4454">
     <span class='ocr_line' id='line_1_98' title="bbox 2292 4376 3909 4454; baseline 0.001 -23"><span class='ocrx_word' id='word_1_712' title='bbox 2292 4384 2493 4451; x_wconf 89' lang='grc' dir='ltr'>τίγονον</span> <span class='ocrx_word' id='word_1_713' title='bbox 2529 4400 2539 4411; x_wconf 85' lang='grc'><strong>·</strong></span> <span class='ocrx_word' id='word_1_714' title='bbox 2580 4383 2773 4452; x_wconf 83' lang='grc' dir='ltr'>Κάριαν</span> <span class='ocrx_word' id='word_1_715' title='bbox 2808 4376 2865 4431; x_wconf 80' lang='grc' dir='ltr'>δὲ</span> <span class='ocrx_word' id='word_1_716' title='bbox 2892 4377 3167 4454; x_wconf 86' lang='grc' dir='ltr'>Ἀσάνδρῳ</span> <span class='ocrx_word' id='word_1_717' title='bbox 3200 4383 3382 4451; x_wconf 83' lang='grc' dir='ltr'>ἔνειμε,</span> <span class='ocrx_word' id='word_1_718' title='bbox 3414 4378 3594 4433; x_wconf 82' lang='grc' dir='ltr'>Λυδία</span> <span class='ocrx_word' id='word_1_719' title='bbox 3617 4377 3675 4432; x_wconf 73' lang='grc' dir='ltr'>δε</span> <span class='ocrx_word' id='word_1_720' title='bbox 3704 4381 3909 4452; x_wconf 78' lang='grc' dir='ltr'>Κλείτῳ</span> 
     </span>
    </p>
   </div>
   <div class='ocr_carea' id='block_1_99' title="bbox 2293 4465 3906 4544">
    <p class='ocr_par' dir='ltr' id='par_1_99' title="bbox 2293 4465 3906 4544">
     <span class='ocr_line' id='line_1_99' title="bbox 2293 4465 3906 4544; baseline 0.002 -23"><span class='ocrx_word' id='word_1_721' title='bbox 2293 4466 2473 4533; x_wconf 85' lang='grc' dir='ltr'>ἐδόθη,</span> <span class='ocrx_word' id='word_1_722' title='bbox 2514 4474 2603 4521; x_wconf 80' lang='grc' dir='ltr'>καὶ</span> <span class='ocrx_word' id='word_1_723' title='bbox 2651 4465 2937 4543; x_wconf 77' lang='grc' dir='ltr'>Ἀρριδαίῳ</span> <span class='ocrx_word' id='word_1_724' title='bbox 2972 4474 3172 4544; x_wconf 81' lang='grc' dir='ltr'>Φρυγία</span> <span class='ocrx_word' id='word_1_725' title='bbox 3216 4472 3244 4527; x_wconf 79' lang='grc' dir='ltr'><strong>ἡ</strong></span> <span class='ocrx_word' id='word_1_726' title='bbox 3282 4473 3405 4542; x_wconf 87' lang='grc' dir='ltr'>πρὸς</span> <span class='ocrx_word' id='word_1_727' title='bbox 3430 4470 3795 4541; x_wconf 79' lang='grc' dir='ltr'>Ἑλλησπόντῳ</span> <span class='ocrx_word' id='word_1_728' title='bbox 3833 4472 3906 4524; x_wconf 78' lang='grc'>³⁵.</span> 
     </span>
    </p>
   </div>
   <div class='ocr_carea' id='block_1_100' title="bbox 2290 4556 3905 4633">
    <p class='ocr_par' dir='ltr' id='par_1_100' title="bbox 2290 4556 3905 4633">
     <span class='ocr_line' id='line_1_100' title="bbox 2290 4556 3905 4633; baseline -0.001 -20"><span class='ocrx_word' id='word_1_729' title='bbox 2290 4568 2361 4631; x_wconf 77' lang='grc' dir='ltr'>Τῇ</span> <span class='ocrx_word' id='word_1_730' title='bbox 2394 4558 2452 4612; x_wconf 76' lang='grc' dir='ltr'>δὲ</span> <span class='ocrx_word' id='word_1_731' title='bbox 2482 4556 2812 4632; x_wconf 76' lang='grc' dir='ltr'>κατακομιδῇ</span> <span class='ocrx_word' id='word_1_732' title='bbox 2862 4569 2959 4611; x_wconf 86' lang='grc' dir='ltr'>τῶν</span> <span class='ocrx_word' id='word_1_733' title='bbox 2991 4562 3038 4611; x_wconf 81' lang='grc' dir='ltr'>ἐν</span> <span class='ocrx_word' id='word_1_734' title='bbox 3090 4563 3307 4621; x_wconf 82' lang='grc' dir='ltr'>Σούσοις</span> <span class='ocrx_word' id='word_1_735' title='bbox 3344 4564 3636 4633; x_wconf 84' lang='grc' dir='ltr'>χρημάτων</span> <span class='ocrx_word' id='word_1_736' title='bbox 3669 4560 3905 4631; x_wconf 74' lang='grc' dir='ltr'>Ἀντιγέ-</span> 
     </span>
    </p>
   </div>
   <div class='ocr_carea' id='block_1_101' title="bbox 2289 4646 3908 4720">
    <p class='ocr_par' dir='ltr' id='par_1_101' title="bbox 2289 4646 3908 4720">
     <span class='ocr_line' id='line_1_101' title="bbox 2289 4646 3908 4720; baseline 0 -19"><span class='ocrx_word' id='word_1_737' title='bbox 2289 4669 2365 4701; x_wconf 87' lang='grc' dir='ltr'>νεν</span> <span class='ocrx_word' id='word_1_738' title='bbox 2419 4649 2579 4717; x_wconf 79' lang='grc' dir='ltr'>ἔταξε,</span> <span class='ocrx_word' id='word_1_739' title='bbox 2630 4654 2719 4701; x_wconf 84' lang='grc' dir='ltr'>καὶ</span> <span class='ocrx_word' id='word_1_740' title='bbox 2766 4652 2931 4720; x_wconf 89' lang='grc' dir='ltr'>τούτῳ</span> <span class='ocrx_word' id='word_1_741' title='bbox 2980 4658 3076 4701; x_wconf 81' lang='grc' dir='ltr'>τῶν</span> <span class='ocrx_word' id='word_1_742' title='bbox 3131 4652 3529 4702; x_wconf 85' lang='grc' dir='ltr'>στασιασάντων</span> <span class='ocrx_word' id='word_1_743' title='bbox 3582 4646 3908 4703; x_wconf 84' lang='grc' dir='ltr'>Μακεδόνων</span> 
     </span>
    </p>
   </div>
   <div class='ocr_carea' id='block_1_102' title="bbox 2289 4735 3906 4811">
    <p class='ocr_par' dir='ltr' id='par_1_102' title="bbox 2289 4735 3906 4811">
     <span class='ocr_line' id='line_1_102' title="bbox 2289 4735 3906 4811; baseline 0 -21"><span class='ocrx_word' id='word_1_744' title='bbox 2289 4742 2404 4799; x_wconf 84' lang='grc' dir='ltr'>τοὺς</span> <span class='ocrx_word' id='word_1_745' title='bbox 2454 4738 2685 4810; x_wconf 86' lang='grc' dir='ltr'>μάλιστα</span> <span class='ocrx_word' id='word_1_746' title='bbox 2734 4739 3065 4811; x_wconf 87' lang='grc' dir='ltr'>τρισχιλίους</span> <span class='ocrx_word' id='word_1_747' title='bbox 3104 4735 3396 4811; x_wconf 84' lang='grc' dir='ltr'>παρέδωκε,</span> <span class='ocrx_word' id='word_1_748' title='bbox 3447 4742 3906 4811; x_wconf 69' lang='grc' dir='ltr'>Σωματοιρύλακας</span> 
     </span>
    </p>
   </div>
   <div class='ocr_carea' id='block_1_103' title="bbox 2086 5255 2313 5313">
    <p class='ocr_par' dir='ltr' id='par_1_103' title="bbox 2086 5255 2313 5313">
     <span class='ocr_line' id='line_1_103' title="bbox 2086 5255 2313 5313; baseline 0 -2"><span class='ocrx_word' id='word_1_749' title='bbox 2086 5255 2313 5313; x_wconf 68' lang='lat' dir='ltr'>NOTAE.</span> 
     </span>
    </p>
   </div>
   <div class='ocr_carea' id='block_1_104' title="bbox 592 5372 2173 5450">
    <p class='ocr_par' dir='ltr' id='par_1_104' title="bbox 592 5372 2173 5450">
     <span class='ocr_line' id='line_1_104' title="bbox 592 5372 2173 5450; baseline 0.002 -21"><span class='ocrx_word' id='word_1_750' title='bbox 592 5373 703 5450; x_wconf 84' lang='lat'>(5_2)</span> <span class='ocrx_word' id='word_1_751' title='bbox 748 5372 1014 5450; x_wconf 81' lang='lat' dir='ltr'>Philotas</span> <span class='ocrx_word' id='word_1_752' title='bbox 1062 5388 1198 5450; x_wconf 74' lang='lat' dir='ltr'>eam</span> <span class='ocrx_word' id='word_1_753' title='bbox 1246 5372 1491 5450; x_wconf 83' lang='lat' dir='ltr'>quidem</span> <span class='ocrx_word' id='word_1_754' title='bbox 1538 5391 1718 5448; x_wconf 89' lang='lat' dir='ltr'>supra</span> <span class='ocrx_word' id='word_1_755' title='bbox 1763 5382 2074 5450; x_wconf 87' lang='lat' dir='ltr'>acceperat</span> <span class='ocrx_word' id='word_1_756' title='bbox 2114 5378 2173 5433; x_wconf 89' lang='lat' dir='ltr'>in</span> 
     </span>
    </p>
   </div>
   <div class='ocr_carea' id='block_1_105' title="bbox 562 5444 2174 5519">
    <p class='ocr_par' dir='ltr' id='par_1_105' title="bbox 562 5444 2174 5519">
     <span class='ocr_line' id='line_1_105' title="bbox 562 5444 2174 5519; baseline 0.001 -17"><span class='ocrx_word' id='word_1_757' title='bbox 562 5461 607 5503; x_wconf 92' lang='lat' dir='ltr'>r.</span> <span class='ocrx_word' id='word_1_758' title='bbox 641 5444 700 5500; x_wconf 91' lang='lat' dir='ltr'>h.</span> <span class='ocrx_word' id='word_1_759' title='bbox 724 5445 867 5519; x_wconf 91' lang='lat' dir='ltr'>_cod.</span> <span class='ocrx_word' id='word_1_760' title='bbox 892 5450 959 5519; x_wconf 88' lang='lat' dir='ltr'>e_t_</span> <span class='ocrx_word' id='word_1_761' title='bbox 976 5445 1138 5519; x_wconf 82' lang='lat' dir='ltr'>apud</span> <span class='ocrx_word' id='word_1_762' title='bbox 1169 5444 1499 5519; x_wconf 79' lang='lat' dir='ltr'>l)_exippum</span> <span class='ocrx_word' id='word_1_763' title='bbox 1529 5444 1663 5519; x_wconf 84' lang='lat' dir='ltr'>sup.</span> <span class='ocrx_word' id='word_1_764' title='bbox 1693 5450 1800 5503; x_wconf 90' lang='lat' dir='ltr'>cod</span> <span class='ocrx_word' id='word_1_765' title='bbox 1836 5444 1924 5514; x_wconf 70' lang='lat'>83,</span> <span class='ocrx_word' id='word_1_766' title='bbox 1954 5457 2007 5506; x_wconf 90' lang='lat' dir='ltr'>at</span> <span class='ocrx_word' id='word_1_767' title='bbox 2042 5455 2174 5505; x_wconf 91' lang='lat' dir='ltr'>orto</span> 
     </span>
    </p>
   </div>
   <div class='ocr_carea' id='block_1_106' title="bbox 564 5515 2175 5591">
    <p class='ocr_par' dir='ltr' id='par_1_106' title="bbox 564 5515 2175 5591">
     <span class='ocr_line' id='line_1_106' title="bbox 564 5515 2175 5591; baseline 0.002 -19"><span class='ocrx_word' id='word_1_768' title='bbox 564 5530 700 5591; x_wconf 78' lang='lat' dir='ltr'>uces</span> <span class='ocrx_word' id='word_1_769' title='bbox 720 5515 872 5591; x_wconf 81' lang='lat' dir='ltr'>inter</span> <span class='ocrx_word' id='word_1_770' title='bbox 903 5515 1173 5591; x_wconf 75' lang='lat' dir='ltr'>dissidio,</span> <span class='ocrx_word' id='word_1_771' title='bbox 1196 5515 1438 5591; x_wconf 83' lang='lat' dir='ltr'>Philota</span> <span class='ocrx_word' id='word_1_772' title='bbox 1470 5515 1755 5591; x_wconf 81' lang='lat' dir='ltr'>adempta</span> <span class='ocrx_word' id='word_1_773' title='bbox 1785 5520 2112 5576; x_wconf 86' lang='lat' dir='ltr'>Philoxono</span> <span class='ocrx_word' id='word_1_774' title='bbox 2140 5538 2175 5576; x_wconf 91' lang='lat' dir='ltr'>a</span> 
     </span>
    </p>
   </div>
   <div class='ocr_carea' id='block_1_107' title="bbox 517 5587 2171 5647">
    <p class='ocr_par' dir='ltr' id='par_1_107' title="bbox 517 5587 2171 5647">
     <span class='ocr_line' id='line_1_107' title="bbox 517 5587 2171 5647; baseline 0.002 -3"><span class='ocrx_word' id='word_1_775' title='bbox 517 5587 801 5644; x_wconf 89' lang='lat' dir='ltr'>Perdicca</span> <span class='ocrx_word' id='word_1_776' title='bbox 819 5587 1007 5642; x_wconf 89' lang='lat' dir='ltr'>datur.</span> <span class='ocrx_word' id='word_1_777' title='bbox 1031 5587 1238 5642; x_wconf 86' lang='lat' dir='ltr'>Justin.</span> <span class='ocrx_word' id='word_1_778' title='bbox 1266 5588 1340 5643; x_wconf 92' lang='lat' dir='ltr'>ad</span> <span class='ocrx_word' id='word_1_779' title='bbox 1357 5587 1686 5647; x_wconf 84' lang='lat' dir='ltr'>extremum</span> <span class='ocrx_word' id='word_1_780' title='bbox 1705 5591 1804 5646; x_wconf 91' lang='lat' dir='ltr'>lib.</span> <span class='ocrx_word' id='word_1_781' title='bbox 1829 5608 1925 5646; x_wconf 82' lang='lat' dir='ltr'>xu.</span> <span class='ocrx_word' id='word_1_782' title='bbox 1952 5592 2171 5647; x_wconf 86' lang='lat' dir='ltr'>Eadem</span> 
     </span>
    </p>
   </div>
   <div class='ocr_carea' id='block_1_108' title="bbox 515 5656 2170 5742">
    <p class='ocr_par' dir='ltr' id='par_1_108' title="bbox 515 5656 2170 5742">
     <span class='ocr_line' id='line_1_108' title="bbox 515 5656 2170 5742; baseline 0.002 -25"><span class='ocrx_word' id='word_1_783' title='bbox 515 5674 658 5742; x_wconf 74' lang='lat' dir='ltr'>ergo</span> <span class='ocrx_word' id='word_1_784' title='bbox 678 5656 1005 5742; x_wconf 56' lang='lat' dir='ltr'>provincia,</span> <span class='ocrx_word' id='word_1_785' title='bbox 1031 5657 1267 5742; x_wconf 67' lang='lat' dir='ltr'>sublato</span> <span class='ocrx_word' id='word_1_786' title='bbox 1293 5658 1588 5742; x_wconf 75' lang='lat' dir='ltr'>Perdicca,</span> <span class='ocrx_word' id='word_1_787' title='bbox 1614 5665 1791 5720; x_wconf 90' lang='lat' dir='ltr'>etiam</span> <span class='ocrx_word' id='word_1_788' title='bbox 1826 5665 1903 5720; x_wconf 90' lang='lat' dir='ltr'>ab</span> <span class='ocrx_word' id='word_1_789' title='bbox 1932 5663 2170 5737; x_wconf 83' lang='lat' dir='ltr'>Antipa-</span> 
     </span>
    </p>
   </div>
   <div class='ocr_carea' id='block_1_109' title="bbox 513 5727 1527 5794">
    <p class='ocr_par' dir='ltr' id='par_1_109' title="bbox 513 5727 1527 5794">
     <span class='ocr_line' id='line_1_109' title="bbox 513 5727 1527 5794; baseline -0.005 -3"><span class='ocrx_word' id='word_1_790' title='bbox 513 5727 611 5794; x_wconf 72' lang='lat' dir='ltr'>tro</span> <span class='ocrx_word' id='word_1_791' title='bbox 632 5727 728 5788; x_wconf 86' lang='lat' dir='ltr'>hic</span> <span class='ocrx_word' id='word_1_792' title='bbox 758 5728 1081 5788; x_wconf 87' lang='lat' dir='ltr'>Philoxeno</span> <span class='ocrx_word' id='word_1_793' title='bbox 1110 5727 1527 5792; x_wconf 81' lang='lat' dir='ltr'>conﬁrmatur.</span> 
     </span>
    </p>
   </div>
   <div class='ocr_carea' id='block_1_110' title="bbox 2359 5378 3906 5452">
    <p class='ocr_par' dir='ltr' id='par_1_110' title="bbox 2359 5378 3906 5452">
     <span class='ocr_line' id='line_1_110' title="bbox 2359 5378 3906 5452; baseline 0.005 -19"><span class='ocrx_word' id='word_1_794' title='bbox 2359 5379 2472 5449; x_wconf 79' lang='lat'>(53)</span> <span class='ocrx_word' id='word_1_795' title='bbox 2514 5378 2600 5452; x_wconf 81' lang='lat' dir='ltr'>Ab</span> <span class='ocrx_word' id='word_1_796' title='bbox 2632 5380 2923 5450; x_wconf 89' lang='lat' dir='ltr'>argenteis</span> <span class='ocrx_word' id='word_1_797' title='bbox 2956 5380 3036 5435; x_wconf 88' lang='lat' dir='ltr'>ita</span> <span class='ocrx_word' id='word_1_798' title='bbox 3066 5379 3293 5451; x_wconf 87' lang='lat' dir='ltr'>clypeis</span> <span class='ocrx_word' id='word_1_799' title='bbox 3326 5382 3605 5452; x_wconf 86' lang='lat' dir='ltr'>appellati</span> <span class='ocrx_word' id='word_1_800' title='bbox 3633 5384 3906 5452; x_wconf 84' lang='lat' dir='ltr'>quidam</span> 
     </span>
    </p>
   </div>
   <div class='ocr_carea' id='block_1_111' title="bbox 2286 5450 3907 5523">
    <p class='ocr_par' dir='ltr' id='par_1_111' title="bbox 2286 5450 3907 5523">
     <span class='ocr_line' id='line_1_111' title="bbox 2286 5450 3907 5523; baseline 0.004 -16"><span class='ocrx_word' id='word_1_801' title='bbox 2286 5450 2607 5507; x_wconf 86' lang='lat' dir='ltr'>Alexandri</span> <span class='ocrx_word' id='word_1_802' title='bbox 2657 5454 2723 5507; x_wconf 84' lang='grc' dir='ltr'>Μ.</span> <span class='ocrx_word' id='word_1_803' title='bbox 2760 5452 2995 5518; x_wconf 85' lang='lat' dir='ltr'>milites,</span> <span class='ocrx_word' id='word_1_804' title='bbox 3044 5457 3105 5506; x_wconf 86' lang='lat' dir='ltr'>ut</span> <span class='ocrx_word' id='word_1_805' title='bbox 3128 5450 3309 5507; x_wconf 78' lang='lat' dir='ltr'>refert</span> <span class='ocrx_word' id='word_1_806' title='bbox 3348 5450 3622 5509; x_wconf 77' lang='lat' dir='ltr'>Justinus</span> <span class='ocrx_word' id='word_1_807' title='bbox 3650 5450 3753 5512; x_wconf 80' lang='lat' dir='ltr'>lib.</span> <span class='ocrx_word' id='word_1_808' title='bbox 3796 5475 3907 5523; x_wconf 83' lang='lat' dir='ltr'>xu,</span> 
     </span>
    </p>
   </div>
   <div class='ocr_carea' id='block_1_112' title="bbox 2286 5522 2943 5578">
    <p class='ocr_par' dir='ltr' id='par_1_112' title="bbox 2286 5522 2943 5578">
     <span class='ocr_line' id='line_1_112' title="bbox 2286 5522 2943 5578; baseline -0.002 -2"><span class='ocrx_word' id='word_1_809' title='bbox 2286 5528 2340 5576; x_wconf 89' lang='lat' dir='ltr'>et</span> <span class='ocrx_word' id='word_1_810' title='bbox 2369 5523 2686 5578; x_wconf 84' lang='lat' dir='ltr'>Athenaus</span> <span class='ocrx_word' id='word_1_811' title='bbox 2716 5522 2816 5577; x_wconf 90' lang='lat' dir='ltr'>lib.</span> <span class='ocrx_word' id='word_1_812' title='bbox 2848 5539 2943 5576; x_wconf 81' lang='lat' dir='ltr'>xu.</span> 
     </span>
    </p>
   </div>
   <div class='ocr_carea' id='block_1_113' title="bbox 2358 5592 3909 5661">
    <p class='ocr_par' dir='ltr' id='par_1_113' title="bbox 2358 5592 3909 5661">
     <span class='ocr_line' id='line_1_113' title="bbox 2358 5592 3909 5661; baseline 0.007 -16"><span class='ocrx_word' id='word_1_813' title='bbox 2358 5592 2469 5660; x_wconf 77' lang='grc'>(54)</span> <span class='ocrx_word' id='word_1_814' title='bbox 2497 5594 2800 5649; x_wconf 86' lang='lat' dir='ltr'>Casander</span> <span class='ocrx_word' id='word_1_815' title='bbox 2833 5593 3145 5661; x_wconf 76' lang='lat' dir='ltr'>legendum</span> <span class='ocrx_word' id='word_1_816' title='bbox 3191 5594 3444 5649; x_wconf 89' lang='lat' dir='ltr'>suadent</span> <span class='ocrx_word' id='word_1_817' title='bbox 3495 5597 3705 5659; x_wconf 87' lang='lat' dir='ltr'>Latini,</span> <span class='ocrx_word' id='word_1_818' title='bbox 3749 5599 3909 5656; x_wconf 82' lang='lat' dir='ltr'>Jus-</span> 
     </span>
    </p>
   </div>
   <div class='ocr_carea' id='block_1_114' title="bbox 2283 5664 3901 5743">
    <p class='ocr_par' dir='ltr' id='par_1_114' title="bbox 2283 5664 3901 5743">
     <span class='ocr_line' id='line_1_114' title="bbox 2283 5664 3901 5743; baseline 0.008 -26"><span class='ocrx_word' id='word_1_819' title='bbox 2283 5664 2388 5719; x_wconf 89' lang='lat' dir='ltr'>tin.</span> <span class='ocrx_word' id='word_1_820' title='bbox 2419 5669 2475 5721; x_wconf 89' lang='lat' dir='ltr'>et</span> <span class='ocrx_word' id='word_1_821' title='bbox 2496 5666 2649 5720; x_wconf 79' lang='lat' dir='ltr'>Curi.</span> <span class='ocrx_word' id='word_1_822' title='bbox 2679 5667 2925 5738; x_wconf 81' lang='lat' dir='ltr'>ipseque</span> <span class='ocrx_word' id='word_1_823' title='bbox 2944 5665 3170 5722; x_wconf 84' lang='lat' dir='ltr'>Arrian.</span> <span class='ocrx_word' id='word_1_824' title='bbox 3201 5682 3333 5738; x_wconf 90' lang='lat' dir='ltr'>sup.</span> <span class='ocrx_word' id='word_1_825' title='bbox 3363 5666 3419 5721; x_wconf 93' lang='lat' dir='ltr'>in</span> <span class='ocrx_word' id='word_1_826' title='bbox 3436 5668 3726 5743; x_wconf 85' lang='lat' dir='ltr'>pr.hujus</span> <span class='ocrx_word' id='word_1_827' title='bbox 3749 5673 3901 5730; x_wconf 91' lang='lat' dir='ltr'>cod.</span> 
     </span>
    </p>
   </div>
  </div>
