4036 6214
207 316 294 374 313

1342 296 1837 356 BIBLIOTHECA.

1875 329 1947 342 —-
1985 299 2144 356 COD.
2178 301 2342 361 XCII.
3414 307 3520 368 3H

215 441 260 496 δε
289 448 369 495 τοῦ
419 437 666 513 βασιλέως
713 433 1010 491 Αὐτόλυκόν
1040 451 1094 485 τε
1117 434 1202 484 τὸν
1233 426 1607 499 Ἀγαθοκλέους
1634 425 1753 497 [128

1874 429 2194 500 stipatores
2213 432 2548 490 nominavit
2575 433 2949 507 Autolycum,
2996 435 3339 506 Agathoclis
3368 437 3431 493 F.
3463 441 3521 495 et

211 532 282 604 8.]
307 528 464 583 παῖδα
504 533 589 580 καὶ
625 527 888 599 Ἀμύνταν
915 527 1000 576 τὸν
1041 515 1389 591 Ἀλεξάνδρου
1417 513 1604 581 παῖδα,
1636 522 1736 568 Πευ

206 627 359 674 κέστου
412 616 468 671 δε
516 614 729 688 ἀδελφὸν
758 617 824 681 ’⁵,
855 619 944 666 καὶ
975 611 1289 682 Πτολεμαῖον
1327 610 1413 659 τὸν
1442 605 1760 676 Πτολεμαίου

203 716 272 761 καὶ
319 703 647 780 Ἀλέξανδρον
695 709 783 756 τὸν
831 703 1310 774 Πολυσπέρχοντος,
1346 692 1653 770 Κάσανδρόν
1703 691 1761 747 δὲ

201 803 268 850 τὸν
293 799 460 850 ἑαυτου
487 792 656 848 παῖδα
684 794 982 868 χιλιάρχην
1019 800 1114 852 τῆς
1145 791 1326 852 ἰππου,
1361 795 1450 847 τῆς
1494 782 1762 856 δυνάμεως

199 885 244 939 δι
283 895 367 948 τῆς
415 887 634 959 πρόσθεν
677 885 779 936 ὑπὸ
829 879 1094 955 Περδίκκᾳ
1122 879 1435 949 τεταγμένης
1465 875 1760 945 Ἀντίγονον

197 979 388 1046 ἡγεμόνα
433 975 681 1046 ήπίφηνε,
709 977 800 1025 καὶ
847 973 1008 1041 τούτῳ
1053 971 1170 1029 τοὺς
1223 965 1474 1038 βασιλέας
1524 970 1760 1037 φρουρεῖν

193 1085 235 1116 τι
269 1070 345 1117 καὶ
401 1065 698 1136 θεραπεύειν
757 1059 1072 1132 προστάξας,
1119 1075 1204 1109 τον
1247 1054 1466 1124 πόλεμον
1519 1053 1629 1125 ἅμα
1674 1056 1759 1104 τὸν

192 1157 294 1224 πρὸς
334 1153 527 1224 Εὐμένη
595 1148 988 1222 διαπολεμῆσαι
1036 1147 1175 1216 αὐτῷ
1225 1147 1511 1218 αἱρουμένῳ
1563 1141 1758 1212 έπέτρε-

189 1263 279 1300 me.
307 1244 638 1315 Ἀντίπατρος
687 1237 747 1292 δε
799 1239 952 1298 αὐτὸς
1002 1235 1166 1289 πολλα
1212 1236 1312 1287 ὑπὸ
1366 1236 1566 1286 πάντων
1615 1232 1760 1283 ἕνεκα

187 1336 356 1384 πάντων
410 1331 777 1401 ἐπαινούμενος
829 1329 912 1380 ἐπ’
958 1330 1100 1379 οῖκου
1151 1323 1423 1397 ἀνεχώρει.
1459 1322 1538 1376 Ἐν
1567 1324 1640 1382 οἷς
1665 1326 1754 1373 καὶ

185 1422 206 1472 ὁ
232 1421 268 1472 θ’
292 1420 444 1492 λόγος.

239 1509 289 1561 Ὀ
335 1505 391 1562 δὲ
445 1504 666 1567 δέκατος
723 1503 1065 1578 διαλαμϐάνει
1117 1507 1182 1566 ὣς
1238 1501 1467 1574 Εὐμένης
1511 1502 1577 1554 τὰ
1639 1505 1758 1576 περὶ

185 1594 446 1670 Περδίκκαν
483 1599 691 1670 μαθὼν,
725 1595 806 1648 ὃτι
858 1599 948 1647 καὶ
971 1596 1010 1628 ³⁷
1056 1593 1292 1662 πολέμιος
1339 1590 1604 1663 ἐψηφίσθη
1647 1597 1758 1643 Mu-

179 1683 382 1752 κεδόσιν,
423 1687 507 1739 ini
565 1686 788 1758 πόλεμον
836 1683 1276 1756 παρεσκευάζετο.
1323 1685 1424 1734 Καὶ
1473 1683 1537 1740 ὡς
1585 1679 1757 1734 Ἀλκέ-

1873 523 2202 591 Amyntam
2231 521 2550 578 Alexandri
2581 523 2640 578 E.
2679 525 2978 580 Peucestae
3010 525 3247 581 fratrem
3283 543 3296 581 :
3328 527 3518 583 Ptole-

1873 624 2093 663 maeum
2121 609 2257 665 item
2291 611 2583 668 Ptolemaei
2606 614 2665 670 F.
2694 617 2750 668 et
2780 612 3181 669 Alexandrum
3215 615 3519 688 Polysper-

1871 697 2102 753 chontis
2138 701 2193 752 F.
2228 700 2600 756 Casandrum
2633 718 2770 757 vero
2811 719 2985 758 suum
3019 703 3515 777 ﬁlium,equitum

1871 787 2260 844 chiliarchum
2291 807 2304 854 ;
2340 789 2672 863 iisdemque
2702 792 2906 863 copiis,
2933 792 3154 864 quibus
3187 797 3363 849 antea
3384 795 3514 852 Per-

1870 877 2066 932 diccas
2094 877 2801 952 prtefuerat,Antigonum
2819 880 3168 952 praefectum
3182 884 3507 951 constituit,

1869 966 1959 1021 cui
1989 966 2168 1022 etiam
2215 982 2426 1037 regum
2463 985 2667 1024 curam
2696 971 3155 1043 custodiamque
3188 972 3512 1042 mandans,

1868 1055 2094 1111 bellum
2125 1072 2264 1112 cum
2313 1059 2573 1113 Eumene
2614 1060 2943 1128 gerendum
2979 1066 3158 1132 atque
3193 1060 3514 1118 conﬁcien-

1869 1145 2014 1200 dum
2060 1145 2276 1202 volenti
2337 1147 2652 1203 commisit.
2704 1149 3013 1220 Antipater
3040 1150 3190 1221 ipse,
3229 1149 3402 1206 valde
3433 1151 3512 1208 ab

1867 1234 2150 1291 omnibus
2180 1235 2259 1291 ob
2280 1251 2373 1291 res
2400 1236 2550 1292 bene
2595 1242 2792 1307 gestas
2819 1238 3119 1303 laudatus,
3147 1238 3397 1296 domum
3433 1256 3516 1296 re-

1866 1325 2058 1380 vertit.
2089 1329 2279 1398 Atque
2309 1326 2369 1380 in
2398 1325 2492 1381 his
2517 1341 2715 1383 nonus
2741 1326 3040 1384 clauditur
3059 1327 3228 1384 liber.

1866 1560 1872 1568 ,
1941 1502 2216 1558 Decimus
2255 1517 2432 1574 porro
2484 1507 2688 1560 narrat
2740 1506 3076 1570 Eumenem,
3108 1503 3348 1573 cognito
3375 1519 3513 1576 qua

1869 1592 2158 1648 Perdiccae
2183 1592 2560 1658 accidissent,
2595 1609 2773 1664 seque
2786 1593 3006 1648 hostem
3026 1610 3057 1648 a
3091 1592 3515 1650 Macedonibus

1862 1680 2216 1752 judicatum,
2249 1698 2381 1754 quae
2407 1682 2485 1738 ad
2504 1681 2728 1738 bellum
2759 1687 2960 1738 essent
2979 1683 3332 1748 necessaria,
3357 1699 3516 1739 com-

180 1795 256 1838 τας
291 1779 315 1828 ὁ
358 1773 658 1848 Περδίκκου
704 1771 920 1846 ἁδελφὸς
963 1770 1056 1825 διὰ
1097 1779 1260 1824 ταῦτα
1293 1774 1464 1844 ἔφυγε.
1502 1775 1601 1822 Καὶ
1633 1768 1753 1824 Ἀτ-

1866 1785 2130 1841 parasse,
2183 1775 2240 1826 et
2267 1771 2529 1827 Alcetam
2557 1771 2844 1827 Perdiccae
2885 1770 3146 1843 fratrem,
3192 1772 3336 1842 fuga
3361 1773 3517 1828 salu-

178 1866 302 1927 ταλος
344 1869 368 1918 ὁ
417 1876 514 1928 τῆς
557 1869 696 1919 κατὰ
728 1865 1075 1936 Ἀντιπάτρου
1105 1864 1336 1921 στάσεως
1362 1856 1567 1919 οὐδενὸς
1597 1863 1756 1933 φέρων

178 1959 230 2005 τὰ
273 1952 503 2027 δεύτερα,
552 1960 648 2007 καὶ
692 1954 847 2015 αὐτὸς
889 1958 1061 2024 φυγὼν
1091 1950 1329 2023 συνέμιξε
1371 1955 1476 2010 τοῖς
1505 1950 1546 1983 ³⁸
1585 1948 1759 2009 ἄλλοις

178 2047 366 2115 φυγάσι.
428 2049 530 2097 Kui
591 2045 841 2114 συνήχθη
890 2041 1118 2112 Ἀττάλῳ
1175 2043 1412 2113 στρατὸς,
1466 2041 1612 2100 πεζοὶ
1668 2041 1756 2108 μεν

176 2137 348 2204 μύριοι,
382 2137 554 2194 ἱππεῖς
611 2130 674 2186 δε
720 2133 1047 2186 ὀκτακόσιοι.
1085 2131 1208 2201 [225
1257 2129 1360 2201 3.]
1397 2132 1496 2181 Καὶ
1526 2130 1589 2187 ὡς
1630 2125 1758 2181 Ἀτ-

175 2221 299 2282 rule;
335 2229 422 2275 καὶ
467 2225 519 2275 οἱ
572 2226 669 2274 σὺν
720 2220 880 2291 αὐτῷ,
915 2220 1185 2272 ἐπιθέσθαι
1230 2214 1402 2288 Κνίδῳ
1446 2222 1535 2269 καὶ
1574 2220 1756 2287 Καύνῳ

174 2318 244 2362 καὶ
281 2308 499 2373 Ῥοδίοις
547 2312 1002 2382 ἐπιχειρήσαντες,
1036 2309 1135 2360 ὑπό
1178 2306 1390 2360 Ῥοδίων
1435 2314 1689 2379 καρτερῶς
1713 2306 1754 2340 ²⁹

176 2397 616 2474 ἀπεκρούσθησαν,
711 2400 1022 2471 Δημαράτου
1102 2404 1493 2468 ναυαρχοῦντος
1562 2395 1751 2467 αὐτοῖς⁸

175 2488 492 2560 Διαλαμϐάνει
550 2485 612 2541 δε
660 2494 750 2540 καὶ
804 2490 872 2548 ὡς
930 2487 1152 2558 Εὐμένης
1205 2487 1547 2560 Ἀντιπάτρου
1619 2485 1662 2546 ἐς
1707 2487 1755 2521 ⁸ο

176 2575 360 2651 Σάρδεις
409 2579 574 2638 ἰόντος
632 2577 675 2638 ἐς
717 2585 901 2650 χεῖρας
957 2576 1114 2628 ἐλθεῖν
1156 2574 1304 2646 ἐγγὺς
1334 2576 1415 2637 ἧν,
1454 2575 1756 2649 Κλεοπάτρα

177 2664 224 2718 δε
258 2669 283 2724 ἡ
340 2676 428 2720 τοῦ
474 2664 832 2740 Ἀλεξάνδρου
879 2663 1096 2737 ἀδελφὴ,
1132 2665 1214 2715 ἱνα
1242 2669 1313 2736 μή
1347 2663 1398 2726 ἒς
1427 2668 1483 2716 τὸ
1515 2673 1612 2716 τῶν
1645 2672 1755 2718 Μα-

174 2753 365 2808 κεδόνων
413 2756 616 2816 πλῆθος
675 2756 724 2806 ἐν
785 2751 1003 2826 διαϐολῇ
1049 2757 1088 2790 ³¹
1125 2759 1337 2825 γένηται
1375 2757 1441 2816 ὡς
1486 2755 1615 2812 αὐτή
1668 2759 1752 2806 τὸν

174 2845 361 2915 πολεμον
409 2846 596 2906 αὐτοῖς
656 2844 946 2914 ἐπάγουσα,
1003 2850 1242 2915 παραινεῖ
1297 2847 1385 2895 καὶ
1431 2847 1594 2896 πείθει
1661 2844 1754 2897 Εὐ-

173 2940 272 3003 μένη
311 2934 677 3008 ἀποχωρῆσαι
707 2943 805 2984 τῶν
837 2930 1091 3008 Σάρδεων.
1131 2933 1268 2986 Ἀλλ’
1295 2935 1432 3004 ὅμως
1480 2930 1628 2985 οὐδὲν
1664 2934 1754 2991 ἧτ-

175 3043 242 3076 τον
264 3028 286 3078 ὁ
310 3028 664 3100 Ἀντίπατρος
714 3029 1118 3095 παραγενόμενος
1167 3023 1328 3081 αὐτὴν
1382 3020 1682 3082 ἐπωνείδιζε
1706 3025 1751 3057 ³²

1866 1863 1983 1914 tem
2014 1861 2093 1914 ob
2126 1859 2395 1930 haecipsa
2425 1860 3016 1931 qumsiisse.Attalum
3042 1876 3304 1932 quoque,
3322 1861 3426 1932 qui
3452 1861 3515 1918 in

1866 1948 2022 2003 civili
2071 1948 2147 2003 ab
2191 1949 2498 2020 Antipatro
2547 1948 2876 2005 defectione
2934 1949 3156 2004 nemini
3214 1950 3514 2006 secundus

1866 2037 2076 2101 fuerat,
2135 2037 2459 2108 fugientem
2507 2038 2726 2110 pariter
2777 2038 3000 2093 caeteris
3040 2054 3171 2092 sese
3213 2039 3515 2096 exsulibus

1868 2127 2196 2194 miscuisse,
2239 2128 2684 2198 exercitumque
2725 2126 2963 2182 tandem
2997 2125 3311 2192 conﬂasse,
3345 2128 3511 2200 pedi-

1868 2221 1992 2272 tum
2018 2217 2226 2274 decem
2259 2215 2532 2281 millium,
2564 2216 2836 2288 equitum
2869 2215 3344 2284 octingentorum
3401 2235 3414 2284 ;
3445 2232 3514 2272 ac

1865 2322 2002 2362 cum
2035 2306 2128 2362 his
2171 2306 2448 2370 Cnidum,
2506 2307 2798 2370 Caunum,
2822 2309 2878 2360 et
2921 2305 3196 2360 Rhodum
3229 2304 3512 2362 invadere

1866 2402 2205 2464 conantem,
2238 2411 2274 2450 a
2296 2395 2538 2451 Rhodiis
2579 2395 2823 2459 fortiter,
2872 2395 3186 2448 Demarato
3218 2394 3379 2464 apud
3414 2409 3515 2450 eos

1865 2485 2069 2541 classis
2113 2485 2411 2557 praefecto,
2457 2483 2762 2556 repulsum
2811 2482 3011 2537 fuisse.
3074 2481 3272 2540 Refert
3333 2485 3514 2538 etiam

1864 2591 2077 2646 parum
2121 2575 2402 2638 abfuisse,
2458 2589 2595 2628 cum
2647 2572 2881 2628 Sardeis
2921 2575 3143 2642 peteret
3185 2572 3511 2642 Antipater,

1863 2663 2008 2736 quin
2036 2664 2112 2719 ad
2147 2679 2360 2718 manus
2392 2679 2528 2717 cum
2560 2677 2630 2717 eo
2659 2664 2949 2716 Eumenes
2972 2661 3213 2714 venerit.
3247 2665 3317 2714 At
3351 2658 3514 2715 Cleo-

1862 2759 2096 2824 patram
2123 2751 2433 2807 Alexandri
2464 2766 2728 2806 sororem
2761 2751 2858 2820 (ne
2883 2749 3030 2804 forte
3056 2748 3216 2820 apud
3245 2748 3512 2804 Macedo-

1863 2860 2008 2899 num
2038 2843 2274 2912 vulgus,
2309 2842 2480 2915 quasi
2515 2839 2649 2895 belli
2688 2839 2835 2910 ipsis
2877 2854 3061 2894 causa
3104 2837 3271 2904 foret,
3316 2839 3374 2892 in
3399 2837 3507 2892 cri-

1864 2950 1999 2988 men
2048 2933 2146 2988 illa
2191 2931 2522 3002 vocaretur)
2573 2930 2834 2984 suasisse
2873 2944 2943 2984 ac
2989 2927 3358 2999 persuasisse
3401 2929 3508 2981 Eu-

1864 3022 2042 3084 meni.
2076 3020 2357 3079 Sardibus
2389 3026 2450 3076 ut
2476 3020 2838 3075 abscederet.
2870 3017 3248 3088 Antipatrum
3304 3019 3508 3071 tamen

174 3121 250 3173 τῆς
288 3113 350 3175 ἐς
385 3116 590 3187 Εὐμένη
637 3117 724 3164 καὶ
771 3108 1062 3186 Περδίκκαν
1103 3110 1372 3181 φιλίας.Ἠ
1426 3108 1484 3164 δὲ
1534 3117 1661 3185 πρὸς
1702 3131 1752 3163 τε

1863 3111 2172 3183 eam72b
2205 3109 2589 3166 nihilominus
2619 3125 2756 3163 cum
2788 3107 3143 3168 advenisset,
3187 3105 3266 3160 ob
3311 3104 3510 3160 amici-

173 3212 311 3255 ταῦτα
358 3212 609 3278 κρεῖσσον
686 3206 716 3260 ἦ
796 3205 925 3254 κατά
989 3209 1212 3274 γυναῖκα
1282 3201 1597 3272 ἀπελογεῖτο,
1664 3207 1753 3253 καὶ

175 3292 310 3342 milia:
356 3294 484 3344 ἄλλα
541 3290 877 3343 ἀντεπεκάλει
909 3293 974 3326 ³³·
1010 3291 1146 3350 τέλος
1187 3288 1246 3343 δε
1285 3291 1552 3363 εἰρηνικῶς
1603 3291 1752 3350 am.
1782 3303 1814 3345 ξ.

173 3378 252 3430 λων
291 3380 696 3452 ἀπηλλάγησαν.
724 3379 845 3432 Ὀτι
901 3380 1124 3451 Εὐμένης
1165 3379 1385 3432 ἐπελθὼν
1418 3378 1754 3455 ἁπροσδὸκηο

175 3488 239 3527 τος
275 3473 314 3503 ³⁸
364 3479 471 3532 τοῖς
504 3471 618 3541 οὐχ
648 3469 733 3521 ὑπ’
766 3469 904 3539 αὖτῳ
954 3476 1310 3542 προσχώροις,
1346 3476 1434 3521 καὶ
1463 3470 1598 3522 λείαν
1629 3472 1748 3523 πολο

173 3555 248 3614 λέν
289 3567 369 3611 καὶ
410 3567 680 3632 χρήματα
715 3557 998 3623 συλλαϐὼν,
1032 3563 1117 3609 τὸν
1148 3559 1332 3610 οἰκεῖον
1375 3563 1597 3629 στρατὸν
1627 3581 1754 3613 κατ-

177 3648 396 3702 meum.
426 3647 874 3722 Διαπρεσϐεὑεται
915 3647 971 3700 δὲ
1024 3653 1109 3699 καὶ
1143 3652 1263 3718 πρὸς
1296 3650 1340 3683 ³⁵
1375 3649 1616 3701 Ἀλκέταν
1665 3657 1753 3703 καὶ

177 3741 269 3795 τοὺς
315 3743 400 3788 σὺν
432 3742 604 3806 αὐτῷ,
646 3737 692 3797 ἐς
740 3741 924 3788 ταυτὸν
957 3740 1048 3798 τὰς
1081 3733 1322 3808 δυνάμεις
1376 3747 1680 3809 συναγαγεῖν
1706 3742 1751 3774 ³⁸

178 3823 322 3890 ἀξιῶν,
349 3833 435 3878 καὶ
480 3829 626 3878 οὕτω
673 3833 775 3885 τοῖς
805 3833 992 3886 κοινοῖς
1024 3825 1233 3897 ἐχθροῖς
1265 3829 1558 3898 μάχεσθαι’
1593 3830 1640 3879 οἱ
1673 3825 1746 3892 δὲ,

175 3914 308 3964 illam
344 3917 468 3967 σῦλα
523 3915 1060 3986 συμϐουλευσαμένων
1089 3917 1155 3980 ³⁷,
1188 3916 1322 3976 τέλος
1363 3917 1420 3967 οὗ
1466 3919 1748 3972 πείθονται.

175 4000 270 4054 Ὀτι
305 4006 643 4079 Ἀντίπατρος
696 4005 903 4075 Εὐμένει
934 4009 1022 4074 μὲν
1054 4004 1286 4078 πολεμεῖν
1318 4012 1440 4068 τέως
1471 4007 1564 4058 οὐκ
1596 4006 1752 4082 ἐθάρ-

176 4092 254 4159 ρει,
283 4098 402 4145 κατὰ
435 4092 494 4146 δὲ
523 4093 785 4148 Ἀττάλου
813 4099 899 4144 καὶ
930 4093 1147 4148 Ἀλκέτα
1172 4100 1359 4166 πέμπει
1389 4095 1580 4168 πολεμή
1595 4115 1751 4148 σοντα

177 4179 432 4249 ⁹Ασανδρον
458 4187 530 4218 ⁸⁸ο
590 4187 681 4234 καὶ
737 4181 1059 4254 ἀγχωμάλου
1112 4192 1200 4244 τῆς
1248 4187 1429 4257 μάχης
1474 4189 1749 4258 γεγενημέ-

175 4285 246 4327 νος
272 4270 313 4303 ³⁹
336 4274 558 4328 ἡττᾶται
592 4267 907 4342 Ἄσανδροςο
939 4270 1058 4323 Ὀτι
1095 4268 1396 4347 διαφέρεται
1439 4273 1746 4350 Κάσανδρος

178 4361 274 4426 πρὸς
319 4360 639 4432 Ἀντίγονον,
697 4365 783 4412 καὶ
832 4363 1051 4412 παύεται
1103 4359 1408 4433 Κάσανδρος
1465 4373 1558 4426 τῆς
1610 4369 1744 4417 κατά

1864 3203 2028 3267 tiam,
2054 3199 2519 3270 societatemque
2548 3214 2684 3253 cum
2717 3198 2980 3251 Eumene
3009 3201 3186 3266 atque
3213 3193 3507 3260 Perdicca,

1863 3308 1982 3346 non
2017 3291 2144 3345 sine
2173 3288 2407 3361 probris
2422 3293 2599 3360 atque
2627 3282 3512 3356 conviciisincrepuissezillam-

1862 3397 1997 3453 que,
2033 3395 2215 3451 supra
2254 3395 2430 3450 quam
2477 3377 2556 3432 ab
2586 3392 2656 3432 eo
2690 3392 2835 3430 sexu
2880 3373 3212 3446 exspectari
3258 3376 3507 3443 poterat,

1862 3487 1991 3524 sese
2017 3469 2348 3524 defendisse
2381 3467 2615 3538 aliaque
2644 3464 3169 3532 plurimavicissim
3197 3461 3507 3531 objecisse,

1862 3576 1931 3615 ac
1959 3559 2200 3614 tandem
2235 3562 2480 3628 pacatos
2513 3572 2614 3610 eos
2641 3554 3001 3609 discessisse.
3048 3555 3370 3606 Eumenem
3400 3565 3510 3605 nec

1860 3648 2105 3721 Opinato
2137 3649 2193 3702 in
2229 3647 2561 3701 vicinorum
2605 3661 2812 3699 eorum
2861 3657 3096 3710 agrum,
3141 3641 3244 3712 qui
3287 3641 3337 3694 ei
3387 3655 3508 3694 non

1861 3745 2154 3810 parerent,
2213 3737 2639 3806 irrumpentem
2708 3748 2845 3788 cum
2897 3731 3163 3802 praedam
3224 3743 3510 3794 magnam

1859 3828 2074 3897 egisse,
2126 3833 2249 3880 tum
2312 3823 2578 3896 pecuniae
2663 3835 2946 3891 magnam
3005 3820 3124 3872 vim
3170 3815 3506 3887 diripuisse,

1859 3918 2079 3988 quibus
2125 3915 2218 3968 ille
2264 3929 2440 3968 suum
2497 3912 2817 3967 exercitum
2876 3921 3240 3978 magnopere
3291 3905 3504 3960 ditarit.

1860 4007 2106 4062 Nuntios
2148 4005 2396 4075 insuper
2439 4000 2513 4056 ad
2562 3999 2822 4054 Alcetam
2871 3997 3118 4066 ejusque
3164 3995 3358 4049 socios
3407 3993 3510 4047 mi-

1859 4096 2019 4158 sisse,
2054 4093 2155 4166 qui
2186 4093 2387 4162 copias
2419 4103 2617 4143 omnes
2659 4087 2717 4140 in
2764 4101 2947 4140 unum
2981 4082 3298 4146 adducere,
3331 4085 3510 4152 atque

1856 4185 1937 4240 ita
1963 4183 2183 4254 junctis
2206 4180 2428 4235 viribus
2463 4187 2844 4232 communem
2888 4174 3121 4254 hostem
3154 4185 3509 4243 Oppugnare

1857 4251 2158 4342 rogarent.
2194 4270 2328 4326 Illos
2359 4285 2500 4324 vero
2553 4267 2682 4322 aliis
2729 4265 2888 4322 aliud
2931 4251 3348 4326 suadentibus,
3385 4265 3511 4315 tan-

1855 4365 1993 4420 dem
2030 4363 2271 4418 minime
2295 4375 2421 4415 esse
2444 4372 2742 4414 assensos.
2771 4353 3144 4426 Antipatrum
3176 4349 3342 4406 addit
3371 4365 3511 4405 cum

179 4444 442 4518 Ἀντιγονου
498 4450 725 4512 ἀταξίας
778 4449 1116 4522 ’Δντιπάτρου
1157 4459 1248 4502 τοῦ
1299 4456 1490 4526 πατρὸς
1549 4450 1742 4506 διακω-

1863 4458 2115 4510 Eumene
2146 4465 2415 4525 pugnare
2456 4447 2656 4503 adhuc
2709 4460 2829 4500 non
2888 4459 3125 4508 ausum,
3170 4439 3399 4496 misisse
3430 4445 3511 4495 ta-

177 4529 410 4601 λύσαντος.
433 4539 619 4612 Ὅμως
653 4539 740 4590 οὖν
782 4540 806 4589 ὁ
840 4535 1168 4611 Κάσανδρος,
1201 4546 1316 4614 περὶ
1348 4547 1574 4613 Φρυγίαν
1609 4563 1742 4617 συμ-

175 4620 311 4676 ἶαλών
361 4637 432 4696 τῷ
482 4634 672 4702 πατρὶ,
708 4627 974 4680 ἀναπείθει
1025 4632 1158 4700 μήτε
1205 4629 1380 4704 πὸῥρω
1429 4641 1527 4682 τῶν
1589 4632 1744 4705 βασι-

175 4709 269 4763 λέων
305 4715 602 4790 ἀποχωρεῖν
649 4722 738 4768 καὶ
785 4717 1074 4788 Ἀντίγονον
1121 4714 1196 4769 δι’
1219 4720 1458 4780 ὑπονοίας
1498 4724 1659 4792 ἔχειν.
1685 4723 1743 4776 Ὀ

176 4794 219 4851 ἴε
266 4813 318 4876 τῇ
371 4825 421 4858 τε
463 4809 885 4881 μετριοφροσύνῃ
931 4811 1019 4858 καὶ
1063 4815 1122 4878 τῇ
1184 4807 1309 4880 οῖλλῃ
1355 4810 1599 4883 θεραπείᾳ
1654 4818 1742 4866 καὶ

176 4887 297 4962 ἀρετῇ
347 4899 428 4947 τὸν
474 4893 702 4948 δυνατὸν
740 4899 926 4968 τρόπον
981 4891 1151 4948 διέλυε
1198 4901 1291 4955 τὴν
1330 4899 1592 4954 ὑπόνοιαν.
1637 4903 1740 4956 Καὶ

170 4977 472 5059 Ἀντίπατρος
532 4984 867 5044 ἐπικλασθεὶς
920 4994 1009 5045 τῆς
1076 5005 1128 5038 τε
1189 4984 1542 5050 ξυνδιαϐάσης
1599 4991 1740 5062 αὖτῴ

1857 4559 1994 4600 men
2049 4541 2391 4598 Asandrum
2444 4538 2580 4607 (55),
2637 4535 2741 4608 qui
2787 4549 2925 4589 cum
2970 4532 3162 4587 Attalo
3209 4535 3388 4601 atque
3421 4527 3510 4582 Al-

1855 4637 1986 4690 ceta
2011 4632 2338 4687 dimicaret.
2375 4630 2672 4683 Certatum
2699 4638 2826 4679 esse
2857 4622 2952 4676 hic
2976 4636 3153 4692 aequo
3192 4632 3510 4690 propemo-

1854 4724 1990 4779 dum
2019 4724 2194 4778 Marte
2227 4737 2239 4774 :
2276 4718 2358 4772 sic
2384 4723 2605 4780 tamen,
2643 4719 2702 4768 ut
2723 4709 2964 4767 inferior
2995 4708 3260 4764 Asander
3289 4706 3510 4762 disces-

1855 4813 2010 4868 serit.
2046 4809 2420 4866 Casandrum
2448 4805 2656 4860 adhaec
2697 4801 2770 4859 ab
2801 4801 3095 4870 Antigono
3129 4795 3505 4861 dissensisse,

1854 4918 2060 4956 verum
2077 4897 2260 4955 animi
2290 4889 3142 4968 perturbationem,Antipatro
3171 4885 3511 4958 patreinhi-

1853 4992 2028 5047 bente
2067 4986 2438 5061 deposuisse.
2471 4981 2642 5055 Apud
2669 4978 2995 5052 Phrygiam
3026 4975 3242 5033 deinde
3295 4976 3511 5031 Casan-

1489 5114 1726 5172 VARl/E
1766 5116 2172 5174 LECTIONES.

228 5234 271 5311 ’ξ
292 5231 460 5311 δἐᾼτὸν
490 5235 714 5311 ᾄδελφόν
749 5245 805 5311 Α..
874 5239 932 5311 Α”ξ
962 5243 1050 5290 καὶ
1080 5238 1157 5290 ὅτι
1188 5240 1235 5293 Α
1263 5255 1276 5293 :
1311 5241 1384 5292 ὅτι
1416 5242 1504 5292 καὶ
1538 5263 1596 5305 ς.

256 5303 296 5355 ἓν
326 5305 563 5386 ,διαϐολῇ
626 5300 662 5362 λ
709 5328 722 5364 :
767 5306 982 5386 διαξολή
1045 5332 1098 5374 ς’.
1212 5312 1260 5345 ³³
1311 5300 1654 5386 ὠνείδιςείς.

173 5372 222 5454 ﬂ.
253 5384 370 5450 πρὸς
419 5372 549 5438 om:
602 5389 663 5436 Α.
782 5384 826 5415 ³⁸
874 5372 1148 5453 ἀναγαγεῖν
1203 5403 1258 5446 ς.

174 5463 304 5511 ξιιης
331 5473 385 5514 ς.

1681 5242 1728 5278 ³³
1759 5242 1884 5324 τοῖς]
1914 5247 2003 5293 καὶ
2042 5246 2151 5324 τοῖς
2193 5261 2247 5305 ς’.

1769 5315 1814 5348 ³³
1862 5313 2176 5366 ἀντενεκάλει
2233 5332 2289 5374 ς’.

1374 5385 1415 5418 ³⁷
1474 5382 1900 5458 βουλευσαμένων
1948 5407 2002 5450 ς’.

2327 5239 2374 5273 '9
2404 5242 2662 5341 κρατερῶς
2702 5255 2760 5298 ς.
2848 5233 2894 5268 ⁸ο
2921 5231 2993 5293 εἰς
3033 5252 3086 5296 ς’.
3124 5227 3208 5284 sic
3246 5232 3304 5284 et
3333 5225 3505 5283 infra.

2405 5313 2423 5341 ι
2508 5303 2923 5341 ίιπηηηιῗηνῆφμρ
2975 5333 3039 5341 _
3096 5300 3185 5341 ὐπ’
3243 5301 3398 5341 αὐτὸν
3449 5318 3498 5341 ρν

2405 5300 2462 5378 ’λέ
2508 5300 2923 5378 ἀπροσδοκήτως
2954 5333 3039 5378 _—-
3096 5300 3185 5354 ὑπ’
3243 5301 3398 5378 αυτὸν
3449 5318 3502 5362 ς.

2119 5385 2163 5419 ³⁸
2225 5372 2670 5454 Ἀσσανδροκθί
2729 5372 3069 5451 ’Ἀσσανδρος
3111 5395 3165 5440 ς.
3280 5374 3327 5409 ⁸9
3367 5389 3509 5444 γενο-

1705 5579 1931 5636 ΝΟΤΆΕ.

237 5698 336 5774 (55)
356 5701 459 5758 Cui
488 5699 660 5759 Caria
690 5700 996 5774 provincia
1025 5665 1372 5766 obvenerat,
1405 5706 1468 5760 ut
1483 5703 1578 5760 hic
1610 5703 1694 5761 ait
1715 5718 1856 5778 pag.
1889 5705 2008 5770 127,
2041 5707 2096 5760 et
2117 5701 2421 5773 Dexippus
2462 5714 2603 5772 pag.
2635 5701 2759 5756 116.
