4036 6214
536 304 642 373 315

1710 339 1717 349 ι
1759 313 1997 371 PHOTII
2039 314 2522 374 PATBIAHCH/E
2560 317 2667 375 CP.

3769 319 3857 375 3l6

541 442 719 499 drum
742 458 877 498 cum
902 446 1148 517 parente
1184 457 1596 514 congressum,
1629 457 1757 499 nea
1783 441 2027 511 regibus
2050 442 2185 497 lon-

2293 441 2339 503 ἐς
2379 448 2471 502 τὴν
2524 442 2704 496 Ἀσίαν
2760 438 3023 515 δυνάμεως
3065 446 3251 507 πεζοὺς
3300 446 3389 516 μεν
3435 440 3687 516 ἐπιτρέπει
3735 443 3860 515 αὐτῷ

542 532 674 603 gius
698 532 1155 598 discederet,sed
1171 533 1535 603 Antigonum
1555 537 1900 603 suspectum
1914 530 2179 596 haberet,

538 622 837 678 hortatum
868 622 1193 677 esse.lllum
1234 638 1376 677 vero
1403 638 1541 678 cum
1568 627 1898 693 temperata
1918 637 2028 677 sua
2051 636 2185 692 pru-

536 710 759 775 dentia,
781 717 903 765 tum
932 710 1109 767 variis
1135 710 1440 783 obsequiis
1456 714 1635 782 atque
1650 710 1965 766 virtutibus
1992 708 2180 781 suspi-

537 800 765 855 cionem
798 815 908 871 pro
939 800 1434 857 virilisustulisse.
1457 800 1777 869 Mitigatum
1803 799 2005 870 itaque
2035 799 2185 852 Anti-

538 894 798 960 patrum,
822 890 895 943 de
914 889 1027 945 illis
1050 891 1417 962 copiis,quas
1447 889 1506 944 in
1534 889 1735 943 Asiam
1767 903 1973 943 secum
1998 893 2183 942 trans-

536 983 795 1045 vexerat,
828 978 1095 1050 peditum
1144 978 1223 1035 illi
1249 978 1595 1052 [Antigono]
1624 976 1980 1034 Macedonici
2014 991 2186 1045 gene-

536 1067 618 1121 ris
648 1071 783 1122 octo
813 1067 1000 1124 millia
1024 1073 1080 1123 et
1127 1068 1489 1141 quingentos
1538 1066 1876 1132 tradidisse,
1919 1065 2185 1137 equitum

536 1171 678 1211 vero
699 1160 1079 1213 externorum
1108 1173 1317 1229 parem
1343 1172 1665 1212 numerum
1689 1173 1703 1211 :
1728 1154 2183 1227 elephantorum

537 1259 781 1317 quoque
797 1244 1111 1301 dimidiam
1133 1252 1386 1319 partem,
1414 1246 1474 1300 id
1504 1250 1593 1301 est
1627 1244 2005 1316 septuaginta
2039 1258 2185 1315 ;quo

538 1332 767 1389 facilius
793 1334 1014 1389 bellum
1044 1350 1182 1391 cum
1206 1338 1468 1391 Eumene
1492 1333 1919 1391 conﬁceret.lta
1948 1332 2187 1401 Antigo-

538 1439 681 1477 num
717 1423 941 1479 bellum
972 1425 1078 1481 hoc
1096 1425 1513 1481 administtare
1544 1440 1825 1480 exorsum
1876 1438 2038 1479 esse:
2068 1427 2180 1476 An-

538 1511 818 1584 tipatrum
850 1530 1011 1581 vero,
1041 1515 1299 1586 acceptis
1322 1514 1581 1585 regibus,
1604 1513 1951 1584 casterisque
1980 1509 2185 1582 copiis,

538 1605 828 1673 tanquam
884 1603 944 1658 in
996 1603 1404 1660 Macedoniam
1480 1603 1866 1674 trajecturum
1909 1599 2182 1656 abivisse.

537 1690 715 1745 Addit
743 1691 957 1747 iterum
1008 1692 1090 1747 ibi
1126 1693 1555 1749 tumultuantes
1597 1692 1807 1747 milites
1864 1688 2186 1762 pecuniam

536 1780 1398 1854 postulasse,Antipatrumque
1412 1778 2187 1854 promisisse,ubiAbydum

535 1870 915 1940 pervenisset,
944 1870 1105 1927 illam
1139 1887 1268 1926 sese
1299 1877 1647 1927 curaturum
1677 1869 2187 1942 praebiturumque

536 1959 789 2015 fortasse
817 1960 1169 2016 donativum
1198 1960 1574 2015 universum:
1602 1961 1689 2014 sin
1719 1974 1877 2021 vero,
1897 1957 2189 2027 majorem

537 2053 690 2102 certe
712 2055 944 2119 partem
984 2055 1349 2120 accepturos.
1404 2049 1523 2104 Hac
1575 2064 1713 2119 ergo
1758 2062 1861 2118 spe
1909 2046 2184 2108 iactatos,

2292 529 2596 595 Μακεδόνας
2675 532 3107 603 ὀκτακισχιλίους
3172 537 3261 585 καὶ
3336 537 3718 597 πεντακοσίους,
3784 538 3861 584 καὶ

2294 624 2481 683 ἱππέας
2532 630 2628 673 τῶν
2677 622 2857 696 ἐτέρων
2888 623 2935 657 ⁴⁰
2982 626 3148 687 ἴσους,
3206 620 3470 693 ἐλέφαντας
3515 618 3572 673 δε
3613 630 3706 672 τῶν
3749 624 3861 673 πάν-

2291 730 2389 763 των
2449 714 2568 773 τοὺς
2622 712 2864 783 ἡμίσεας,
2899 710 2959 775 ο’,
2992 714 3059 773 ὡς
3112 712 3237 785 ῥᾷον
3294 707 3711 782 διαπολεμήσειεν
3755 712 3862 782 [129

2296 797 2389 870 Η.]
2436 803 2521 850 τόν
2583 802 2711 872 πρός
2760 800 2958 871 Εὐμένη
3010 800 3248 871 πόλεμον.
3303 802 3403 855 Καὶ
3462 800 3737 870 Ἀντίγονος
3784 803 3863 870 μὲν

2292 894 2383 937 τοῦ
2436 887 2658 959 πολέμου
2706 890 2913 951 ἥπτετο,
2946 889 3283 962 Ἀντίπατρος
3340 885 3397 941 δὲ
3466 887 3720 941 ἀναλαϐὼν
3762 893 3865 949 τοὺς

2295 971 2532 1045 βασιλεῖς
2581 981 2671 1028 καὶ
2717 982 2810 1035 τὴν
2860 977 3018 1035 ἄλλην
3051 974 3274 1049 δύναμιν
3309 978 3392 1049 ᾖει
3434 980 3500 1038 ὡς
3544 982 3866 1049 περαιωσόμε-

2292 1082 2374 1125 νος
2406 1062 2489 1115 ἐπὶ
2535 1065 2578 1099 ⁴¹
2624 1062 2980 1123 Μακεδονίαν.
3022 1070 3122 1119 Καὶ
3156 1066 3433 1126 στασιάζει
3480 1065 3630 1118 πάλιν
3678 1067 3867 1137 ὀστρα-

2293 1156 2400 1217 τός,
2435 1152 2592 1205 αἰτῶν
2636 1157 2699 1207 τὰ
2724 1160 3001 1227 χρήματα.
3032 1158 3374 1228 Ἀντίπατρος
3401 1152 3481 1223 δὲ,
3523 1150 3728 1207 ἐπειδὰν
3758 1154 3863 1226 ἔλθη

2294 1242 2361 1303 εἰς
2412 1240 2662 1309 Ἄϐυδον,
2716 1244 3020 1316 ὡμολόγησε
3059 1246 3107 1280 ⁴²
3139 1251 3335 1318 ποριεῖν
3383 1244 3536 1308 αὐτὰ,
3570 1250 3658 1296 καὶ
3701 1240 3867 1296 δώσειν

2292 1334 2459 1402 τυχόν
2507 1335 2596 1403 μὲν
2639 1334 2827 1397 πάντα,
2863 1333 2960 1391 ὃση
3005 1335 3033 1391 ἦ
3093 1330 3283 1408 δωρεὰ,
3311 1333 3355 1384 εἰ
3409 1329 3468 1385 δι
3510 1337 3606 1404 μὴ,
3640 1338 3722 1391 τήν
3754 1352 3808 1403 γε
3830 1334 3869 1367 ⁸³

2294 1420 2557 1478 πλείστην.
2593 1427 2689 1474 Καὶ
2738 1426 2951 1484 ταύταις
3010 1423 3196 1485 αὐτοὺς
3253 1430 3369 1483 ταῖς
3416 1420 3617 1474 ἐλπίσιν
3665 1420 3870 1495 ἀναρτή-

2298 1528 2413 1572 σας,
2472 1508 2848 1574 ἀστασιάστως
2905 1513 2950 1548 ⁸⁴
3004 1516 3061 1564 τὸ
3114 1512 3293 1564 λοιπόν
3349 1510 3728 1583 καταλαμϐάνει
3790 1516 3871 1567 τὴν

2293 1596 2547 1655 Ἀϐυδον.
2585 1601 2718 1653 Ἐκεῖ
2759 1598 2820 1653 δε
2851 1605 3011 1675 τέχνῃ
3053 1605 3267 1663 τούτους
3299 1602 3345 1637 ⁴⁵
3380 1602 3871 1673 παρακρουσάμενος,

2294 1690 2474 1747 νυκτός
2531 1689 2640 1761 ἅμα
2690 1698 2800 1752 τοῖς
2855 1690 3138 1763 βασιλεῦσι
3188 1696 3492 1763 περαιοῦται
3560 1694 3642 1741 τὸν
3691 1688 3874 1746 Ἑλλήσ-

2244 1806 2249 1811 -
2296 1794 2479 1827 πόντον
2520 1781 2663 1852 παρὰ
2708 1784 3045 1851 Λυσίμαχον.
3076 1786 3149 1850 Τῇ
3207 1775 3265 1831 δε
3312 1780 3569 1849 ὑστεραίᾳ
3614 1782 3699 1829 καὶ
3741 1776 3872 1828 αὖτοὶ

2300 1864 2710 1937 ἐπεραιώθησαν.
2756 1870 2881 1941 ὑπὲρ
2937 1876 3032 1930 τῆς
3086 1866 3415 1928 ἀπαιτήσεως
3460 1876 3565 1920 τῶν
3609 1869 3873 1941 χρημάτων

2224 1964 2260 2016 Β
2298 1960 2597 2027 παραυτίκα
2628 1958 3031 2029 ἠσυχάσαντες.
3076 1960 3154 2011 Ἐν
3204 1954 3281 2018 οἷς
3312 1962 3403 2009 καὶ
3432 1964 3525 2009 τοῦ
3564 1952 3774 2009 δεκάτου
3804 1954 3874 2006 λό-

2298 2061 2391 2113 γου
2420 2046 2476 2095 τὸ
2500 2044 2657 2106 τέλος.

536 2143 769 2216 absque
819 2146 1109 2201 seditione
1142 2146 1427 2217 deinceps
1480 2145 1751 2216 Abydum
1801 2158 1989 2214 usque
2038 2139 2384 2213 perduxisse
2428 2158 2442 2207 ;
2496 2144 2647 2198 unde
2696 2145 2821 2217 ipse
2861 2151 3039 2201 noctu
3089 2145 3374 2217 (deceptis
3405 2151 3539 2201 astu
3594 2143 3875 2213 militibus)

536 2248 658 2288 una
687 2249 825 2287 cum
854 2234 1097 2303 regibus
1131 2235 1598 2306 Hellespontum,
1632 2234 1707 2290 ad
1765 2229 2211 2305 Lysymachum
2264 2229 2559 2299 trajecerit
2612 2250 2623 2287 :
2671 2234 2956 2304 postridie
2996 2250 3138 2303 ergo
3168 2235 3297 2305 ejus
3327 2234 3465 2299 diei,
3514 2235 3691 2289 etiam
3734 2234 3877 2305 ipsos

538 2320 865 2387 transiisse,
895 2322 968 2377 de
1002 2325 1257 2394 pecunia
1286 2323 1592 2395 poscenda
1616 2323 1675 2377 in
1698 2336 1961 2393 praesens
1990 2318 2381 2391 quiescentes.
2415 2326 2603 2392 Atque
2630 2322 2742 2376 hoc
2770 2322 2898 2377 libri
2926 2323 3138 2378 decimi
3166 2328 3499 2378 extremum
3543 2327 3648 2378 est.

611 2448 707 2501 Est
728 2461 871 2502 sane
899 2448 1150 2519 scriptor
1167 2448 1258 2503 hic
1273 2448 1496 2505 nemini
1519 2463 1723 2504 eorum
1750 2446 1852 2519 qui
1880 2442 2189 2501 historiam

540 2534 763 2607 optime
810 2542 1242 2593 contexuerunt
1271 2536 1910 2611 postponendus.73a
1948 2538 2095 2590 Nam
2135 2534 2192 2587 et

538 2625 948 2681 narrationum
1001 2627 1284 2683 brevitate
1338 2633 1597 2700 prestat,
1632 2632 1687 2681 et
1717 2624 2074 2698 importunis
2104 2621 2187 2676 di-

539 2713 971 2782 gressionibus,
1001 2721 1105 2770 aut
1134 2715 1337 2771 crebra
1388 2714 1750 2788 parenthesi,
1782 2712 2188 2769 continentem

537 2802 798 2858 historias
821 2807 1086 2859 tenorem
1108 2805 1355 2861 minime
1379 2805 1551 2862 lmdit.
1587 2804 1793 2860 Decori
1820 2803 2063 2874 insuper
2089 2798 2189 2854 ob.

540 2906 808 2956 servans,
831 2907 990 2948 nova
1011 2893 1299 2949 orationis
1328 2892 1760 2965 compositione
1780 2890 1972 2961 magis
2003 2903 2189 2961 quam

539 2980 851 3036 vocabulis
876 2996 1063 3053 usque
1094 2998 1163 3037 eo
1184 2988 1275 3037 est
1293 2982 1467 3054 plane
1491 2988 1551 3036 ut
1569 2981 1685 3037 alio
1712 2979 1875 3035 nullo
1897 2978 2078 3033 modo
2093 2992 2190 3031 ne-

538 3084 656 3141 que
687 3068 1124 3140 clarior,neque
1169 3070 1485 3126 dilucidior
1514 3070 1640 3126 ﬁeri
1690 3068 1954 3124 narratio
1981 3064 2183 3139 possit.

541 3156 694 3212 Dum
721 3172 862 3211 vero
886 3158 1291 3227 signiﬁcantes
1322 3164 1721 3230 sonantesque
1752 3174 1823 3212 ac
1846 3161 2054 3212 teretes
2082 3154 2190 3210 ad-

2374 2442 2524 2496 Ἔστι
2566 2449 2655 2518 μεν
2714 2442 2800 2498 οὖν
2846 2448 2891 2482 ⁸⁸
2942 2446 3069 2521 ἀνὴρ
3122 2444 3333 2511 οὐδενὸς
3384 2456 3482 2499 τῶν
3532 2449 3718 2522 ἄριστα
3773 2465 3875 2497 συν-

2301 2532 2592 2605 ταξαμένων
2639 2542 2871 2611 ιστορίας
2915 2532 3171 2611 δεύτερος·
3198 2536 3513 2607 ἀπαγγεῖλαί
3564 2555 3616 2588 τε
3657 2538 3751 2609 γὰρ
3796 2538 3873 2585 καὶ

2298 2625 2427 2693 μετὰ
2480 2630 2755 2685 συντομίας
2802 2627 3099 2699 κράτιστος,
3157 2630 3245 2678 καὶ
3306 2632 3683 2700 παρεκτροπαῖς
3736 2621 3871 2674 ἀκαί-

2296 2732 2409 2787 ροις
2459 2709 2582 2764 οὐδὲ
2631 2716 2981 2787 παρενοηκαις
3026 2718 3082 2766 τό
3132 2718 3345 2786 συνεχὲς
3394 2722 3486 2774 τῆς
3534 2717 3757 2787 ἱστορίας
3799 2711 3870 2762 οὗ·

2300 2798 2472 2872 δαμοῦ
2514 2802 2897 2874 λυμαινόμενος,
2942 2808 3287 2878 καινοπρεπὴς
3340 2800 3397 2855 δε
3452 2805 3688 2875 συνθήκη
3734 2800 3870 2871 λόγου

2297 2891 2485 2963 μᾶλλον
2539 2893 2568 2950 ἡ
2615 2892 2764 2957 λέξει,
2814 2898 2903 2945 xui
2952 2894 3110 2953 οὕτως
3160 2895 3292 2945 ὥστε
3335 2896 3406 2963 μὴ
3456 2891 3523 2943 ἄν
3572 2892 3727 2952 ἄλλως
3763 2889 3871 2963 [2'28

2299 2980 2398 3051 3.]
2439 2985 2567 3050 μήτε
2618 2986 2929 3055 σαφέστερον
2975 2987 3105 3054 μήτε
3146 2980 3511 3054 ἐναργέστερον
3553 2985 3610 3032 τὸ
3654 2977 3873 3049 διήγημα

2299 3065 2624 3129 δηλωθῆναι.
2676 3071 2901 3143 Εὐσημῳ
2929 3067 2987 3123 δὲ
3016 3076 3097 3123 ταὶ
3133 3072 3312 3142 εὐήχῳ
3342 3075 3431 3121 καὶ
3468 3078 3545 3141 τῷ
3586 3078 3681 3121 τῶν
3717 3068 3872 3130 λεξεων

2300 3158 2721 3231 ἀποκεχρημένος
2763 3161 3085 3235 στρογγύλῳ,
3120 3165 3211 3212 καὶ
3252 3164 3309 3211 τό
3358 3159 3491 3212 λεῖον
3541 3162 3651 3232 ἔχει
3690 3164 3754 3227 τῷ
3797 3174 3869 3227 με·

536 3244 701 3301 hibet
729 3244 1037 3310 dictiones,
1063 3246 1388 3318 aequalitate
1414 3262 1534 3302 non
1563 3246 1976 3317 minus,quam
2021 3258 2186 3311 gran-

2297 3250 2437 3319 γέθει
2494 3252 2919 3323 συγκιρνάμενον.
2990 3256 3089 3303 Καὶ
3142 3252 3171 3307 ἡ
3231 3255 3473 3311 καινότης
3550 3258 3645 3299 τῶν
3713 3244 3870 3307 λέξεων

536 3332 717 3388 ditate
729 3332 1061 3389 orationem
1074 3334 1722 3406 temperat.Verborum
1738 3334 1874 3389 item
1888 3331 2189 3388 innovatio

536 3435 659 3475 non
690 3426 778 3476 est
801 3419 881 3475 illi
912 3420 1172 3493 longius,
1201 3424 1305 3478 sed
1326 3439 1354 3478 e
1388 3425 1729 3495 propinquo
1751 3422 1951 3495 petita,
1976 3427 2032 3477 et
2053 3436 2188 3494 quin

535 3507 742 3564 lumen
767 3510 1022 3566 orationi
1046 3512 1133 3567 vel
1156 3512 1489 3567 maximum
1516 3512 1792 3578 addat,ut
1813 3512 1887 3565 sit
1912 3509 2187 3565 vocabuli

534 3598 711 3671 quasi
740 3598 977 3654 habitus
992 3600 1241 3672 quidam
1260 3618 1330 3657 ac
1349 3608 1548 3671 gestus
1574 3601 1770 3674 potius
1792 3617 1975 3672 quam
2000 3605 2189 3655 muta-

536 3686 617 3743 tio
661 3693 1084 3745 consuetorum
1114 3690 1455 3747 verborum.
1484 3690 1613 3758 Quo
1643 3689 1725 3757 ﬁt,
1756 3694 1821 3746 ut
1880 3695 1935 3745 et
1960 3688 2189 3763 perspi-

537 3776 719 3831 cuitas
741 3776 1060 3845 exoriatur,
1097 3795 1218 3835 non
1237 3780 1297 3836 in
1331 3779 1439 3835 hac
1456 3779 1651 3837 solum
1679 3779 1977 3851 parte,sed
2006 3778 2188 3834 etiam

536 3865 598 3922 in
628 3868 1179 3938 apparatu,ordine,
1204 3872 1260 3925 et
1285 3868 1646 3926 narrationis
1663 3868 1924 3925 maxime
1946 3883 2189 3939 compo-

539 3954 751 4011 sitione
781 3970 794 4010 :
826 3955 992 4028 quod
1010 3956 1213 4030 ipsum
1244 3964 1333 4013 est
1357 3962 1549 4014 totum
1590 3958 2024 4031 perspicuitatis
2049 3957 2187 4013 arti-

535 4042 761 4101 ﬁcium.
795 4045 930 4101 Jam
981 4062 1123 4102 usus
1182 4048 1570 4121 tractatioque
1609 4047 1973 4120 simplicium
2003 4063 2073 4103 ac
2102 4062 2189 4103 re-

538 4139 768 4190 ctarum
802 4134 1207 4205 periodorum,
1236 4136 1324 4192 vel
1346 4137 1509 4209 apud
1536 4138 1809 4194 indoctos
1836 4137 2189 4209 plerumque

538 4223 870 4293 reperiatur
923 4239 935 4279 :
965 4230 1021 4280 et
1041 4240 1181 4282 vero
1213 4225 1290 4281 ad
1314 4226 1599 4298 supinum
1632 4231 1810 4299 atque
1860 4224 2083 4282 humile
2104 4225 2188 4281 di-

538 4309 710 4365 cendi
741 4324 933 4380 genus
965 4314 1295 4371 orationem
1343 4314 1598 4370 nimium
1624 4314 1912 4381 demittit;
1947 4330 2190 4386 praeser-

541 4398 646 4453 tim
696 4398 747 4454 si
802 4414 1004 4455 merus
1058 4401 1152 4459 ille
1206 4408 1385 4476 atque
1440 4404 1845 4476 impermistus
1896 4403 1967 4459 sit
2021 4420 2186 4460 usus.

541 4485 715 4553 Quod
754 4486 850 4543 hic
902 4494 1100 4546 noster
1146 4490 1285 4563 (etsi
1338 4491 1415 4549 ad
1482 4492 1965 4563 perspicuitatem
2040 4492 2188 4548 illud

540 4574 732 4634 facere
788 4576 1082 4651 videatur)
1158 4595 1281 4637 non
1357 4580 1601 4638 admisit
1682 4596 1975 4654 unquam.
2050 4584 2190 4637 Tro-

540 4666 635 4739 pis
665 4666 806 4725 item
838 4667 1136 4741 ellipseos,
1166 4686 1286 4726 non
1310 4670 1604 4727 ambitum
1638 4670 1839 4744 ipsum
1868 4671 2185 4727 verborum

542 4756 936 4827 concidendo,
973 4759 1077 4815 sed
1131 4774 1303 4815 voces
1333 4758 1599 4830 singulas
1643 4760 2076 4832 supprimendo
2109 4762 2187 4817 ita

543 4844 816 4912 utitur,ut
845 4863 919 4905 ne
952 4848 1315 4922 percipiendi
1333 4849 1577 4923 quidem
1593 4848 1858 4907 defectus
1875 4851 2187 4921 vestigium

540 4931 731 4990 ullum
758 4934 1050 5008 relinquat
1076 4953 1089 4993 :
1124 4937 1306 5010 idque
1327 4937 1499 5006 adeo,
1526 4943 1587 4995 ut
1619 4939 1665 4995 si
1686 4940 2003 5014 quisquod
2026 4940 2189 4995 deest

543 5022 765 5080 addere
809 5029 1007 5093 tentet,
1071 5043 1574 5099 supervacaneum
1626 5030 1820 5101 potius
1870 5029 2185 5095 addidisse,

544 5128 728 5184 quam
781 5113 1077 5173 defectum
1136 5116 1527 5189 supplevisse,
1584 5118 1793 5174 merito
1851 5124 2185 5175 censeatur.

545 5202 923 5261 Schematum
956 5205 1136 5263 etiam
1193 5207 1368 5280 copia
1398 5206 1620 5279 optime
1651 5208 1977 5265 orationem
2022 5225 2188 5265 suam

2300 3336 2427 3407 οὐχὶ
2478 3338 2544 3398 εἰς
2591 3342 2647 3389 τό
2688 3338 2862 3413 πόρρω
2905 3340 3277 3411 νεωτερίζεται,
3322 3337 3428 3389 ἀλλ’
3486 3338 3700 3409 ἔγγιστά
3727 3337 3870 3386 τεκαὶ

2298 3424 2371 3486 εἰς
2412 3430 2469 3477 τό
2522 3426 2940 3498 ἐμφατικώτατον
2976 3430 3041 3493 ‘7,
3071 3430 3140 3488 ὡς
3201 3431 3587 3499 σχηματισμόν
3638 3422 3756 3477 εἶναι
3804 3422 3872 3473 λέ-

2300 3513 2436 3577 ξεως,
2472 3514 2578 3565 ἀλλ’
2624 3516 2751 3587 οὐχὶ
2782 3516 3059 3588 ἐναλλαγὴν
3090 3518 3342 3576 συνήθους
3376 3514 3645 3587 ὀνόματος.
3682 3516 3761 3566 Διό
3795 3513 3871 3561 καὶ

2298 3606 2355 3654 τὸ
2411 3608 2567 3675 σαφὲς
2618 3604 2972 3677 συνεφέλκεται
3016 3606 3109 3657 οὐκ
3154 3608 3200 3656 ἐν
3249 3608 3415 3675 τούτῳ
3458 3610 3637 3676 μόνον,
3672 3600 3788 3653 ἀλλὰ
3829 3598 3869 3632 ⁴⁸

2297 3691 2390 3744 κάν
2435 3701 2494 3765 τῇ
2551 3690 2806 3767 διασκευῇ
2855 3702 2938 3747 καὶ
2973 3694 3114 3757 τάξει
3158 3699 3245 3745 καὶ
3295 3696 3621 3746 καταστάσει
3664 3691 3872 3764 μάλιστα

2297 3790 2388 3833 τοῦ
2437 3778 2783 3854 διηγήματος·
2815 3785 2935 3855 ὅπερ
2981 3782 3093 3835 ἐστὶ
3136 3788 3225 3834 καὶ
3268 3790 3361 3845 τῆς
3412 3786 3695 3856 σαφηνείας
3718 3782 3769 3830 τὸ
3804 3779 3867 3828 ἓν·

2296 3889 2496 3941 τεχνον·
2527 3874 2556 3929 ἠ
2607 3874 2708 3944 γάρ
2758 3891 2838 3924 τοι
2884 3881 3081 3944 χρῆσις
3131 3875 3159 3929 ἠ
3219 3873 3352 3923 κατὰ
3408 3873 3502 3933 τὰς
3553 3872 3745 3929 εὐθείας
3787 3873 3871 3917 τῶν

2299 3956 2551 4034 περιόδων
2586 3966 2674 4012 καὶ
2719 3969 2821 4023 τοῖς
2864 3958 3096 4021 ἰδιώταις
3126 3965 3381 4035 πρόσεστι
3410 3961 3666 4032 μάλιστα,
3704 3960 3783 4009 καὶ
3810 3953 3872 4012 εἰς

2300 4050 2587 4106 ὑπτιότητα
2634 4056 2723 4103 xui
2761 4055 3104 4109 ταπεινότητα
3149 4050 3261 4101 λίαν
3308 4048 3654 4112 καταϐιϐάζει
3682 4051 3761 4099 τόν
3799 4044 3873 4094 λό-

2298 4158 2405 4209 γον,
2436 4141 2653 4212 ἄκρατος
2708 4139 2938 4209 μάλιστα
2988 4141 3249 4211 γινομένη’
3280 4140 3401 4210 ὅπερ
3442 4139 3595 4199 οὗτος
3635 4139 3677 4170 ‘9
3717 4134 3756 4186 εἰ
3798 4135 3872 4181 καὶ

2299 4238 2389 4281 τοῦ
2439 4238 2635 4299 σαφους
2681 4230 2808 4280 εἶναι
2857 4225 3018 4293 δοκεῖ,
3052 4228 3110 4280 οὐ
3143 4233 3469 4303 προσήκατο.
3510 4232 3611 4280 Καὶ
3640 4235 3705 4296 τῷ
3747 4220 3874 4274 ἐλλεί-

2300 4339 2447 4371 ποντι
2498 4316 2555 4371 δὲ
2612 4328 2709 4369 τῶν
2763 4323 2963 4391 τρόπων
3009 4319 3143 4369 οὕτω
3193 4322 3476 4390 κέχρηται,
3512 4317 3571 4368 οὐ
3620 4316 3749 4366 κατὰ
3798 4312 3872 4368 τὰς

2299 4405 2603 4480 περιοδικὰς
2652 4407 2893 4479 ἐλλείψεις
2941 4415 3093 4459 τοῦτο
3144 4414 3323 4469 ποιῶν,
3358 4405 3487 4457 ἀλλὰ
3526 4407 3659 4457 κατά
3704 4421 3755 4474 γε
3794 4400 3873 4458 τὰς

2300 4506 2397 4549 τῶν
2448 4496 2644 4563 λέξεων,
2678 4499 2811 4549 ὥστε
2865 4492 2995 4568 μηδ’
3044 4494 3285 4547 ἐλλείπειν
3336 4489 3552 4546 διδόναι
3610 4489 3871 4544 συναίσθη-

2227 4625 2267 4676 D
2301 4606 2402 4638 σιν·
2445 4591 2529 4637 καὶ
2572 4589 2616 4637 εἴ
2667 4606 2747 4647 τις
2790 4589 2846 4637 τό
2889 4585 3059 4637 λεῖπον
3118 4583 3409 4657 ἐπιχειροίη
3462 4582 3780 4655 προσθεῖναι,
3812 4574 3875 4633 εἰς

2299 4681 2355 4727 τό
2414 4674 2662 4747 παρελκον
2715 4676 2774 4725 οἷν
2830 4672 3078 4725 ἐπιτεῖναι
3125 4668 3297 4735 δόξαι,
3334 4669 3461 4722 ἀλλὰ
3506 4676 3577 4741 μὴ
3631 4675 3720 4721 τοὺ
3759 4663 3871 4717 ἐλλι-

2299 4772 2428 4823 πους
2460 4763 2674 4838 ἐξευρεῖν
2703 4767 2795 4820 τὴν
2826 4762 3214 4834 ἀναπλήρωσιν.
3247 4765 3478 4832 ’Ἃριστα
3521 4755 3580 4811 δὲ
3622 4756 3769 4809 αὑτοῦ
3798 4755 3873 4802 καὶ

2302 4859 2356 4905 τό
2415 4852 2919 4923 πολυσχημάτιστον
2973 4852 3105 4921 ἔχει,
3139 4849 3233 4900 οὐκ
3285 4848 3470 4923 ἀθρόον
3520 4843 3875 4919 μεταϐαλλόμε-

2299 4962 2380 4993 νον
2412 4943 2511 4993 άπό
2556 4950 2644 5000 τῆς
2689 4940 3195 5011 αὖτοσχηματίστου
3244 4941 3514 5010 χρήσεως,
3567 4934 3672 4987 ἀλλ’
3727 4934 3876 5006 ἡρέμα

2299 5037 2387 5083 καὶ
2427 5029 2478 5092 ἐξ
2524 5028 2700 5102 ἀρχῆς
2746 5028 3178 5100 συμπλεκόμενον,
3212 5027 3281 5088 ὡς
3321 5031 3451 5093 μήτε
3501 5033 3574 5095 τῷ
3618 5024 3877 5097 προσκορεῐ

2302 5118 2445 5190 ἀνιῷ
2494 5123 2624 5191 μήτε
2675 5126 2744 5187 τῷ
2789 5116 2960 5188 ἁθρόῳ
3011 5123 3173 5168 ποιεῖν
3232 5114 3651 5189 ἐκταράσσεσθαι
3694 5113 3758 5160 ⁵ο.
3793 5108 3878 5159 Καὶ

2300 5209 2494 5275 ἁπλῶς,
2527 5210 2572 5260 εἶ
2602 5227 2680 5268 τις
2708 5208 2822 5259 κατ’
2854 5205 3007 5258 αὐτόν
3048 5204 3130 5257 ἐπὶ
3168 5208 3284 5264 τοὺς
3317 5206 3615 5275 ἱστορικοὺς
3648 5199 3879 5269 ἀναχθείη

1876 5412 2107 5467 VARl/E
2146 5410 2545 5468 LECTIONES.

612 5612 660 5647 ⁴⁰
722 5615 935 5688 ἐταίρων
974 5615 1042 5669 Α.
1157 5615 1199 5649 ⁴¹
1254 5612 1337 5667 ἐπὶ
1389 5616 1435 5669 Α
1469 5631 1481 5670 :
1514 5620 1607 5673 τὴν
1636 5637 1690 5679 ς.

539 5702 702 5758 τεχνη
736 5705 791 5753 ς’.
836 5686 842 5688 “
907 5686 952 5720 ⁴⁶
983 5687 1008 5738 ὁ
1042 5686 1180 5742 add.
1213 5686 1276 5740 A.
1390 5688 1435 5722 ⁴⁷
1470 5686 1913 5762 ἐμφαντικώτατον

1804 5616 1850 5649 ⁴²
1900 5613 2152 5688 ὡμολόγει
2202 5636 2256 5678 ς’.

1804 5706 1913 5740 κτον
1941 5708 1995 5741 ς.
2109 5687 2155 5721 ⁸⁸
2183 5684 2289 5741 ἀλλ’
2317 5684 2336 5738 ἐ

2317 5705 2453 5753 ενς.

2924 5614 2971 5647 ⁸⁸
3021 5609 3379 5664 ἀστασίαστον
3409 5609 3475 5662 Α.
3594 5610 3639 5644 ⁴⁵
3689 5608 3887 5663 τούτους

2369 5616 2415 5649 ιε
2465 5634 2523 5649 ..ιε
2572 5620 2594 5649 Δ
2631 5631 2643 5644 ο

2465 5634 2523 5685 γε
2566 5620 2601 5666 Α
2631 5631 2645 5669 :
2672 5633 2726 5666 τε
2754 5634 2809 5678 ς’.
2924 5620 2971 5647 ⁴⁵
3021 5620 3379 5664 ἀστασίαστον
3409 5620 3475 5662 Α.

2568 5688 2615 5724 ⁴¹
2648 5687 2811 5748 οὕτως
2840 5684 2908 5740 Α.
3022 5684 3070 5719 ⁵ο
3100 5681 3504 5755 ἐκταράττεσθαι
3533 5700 3590 5745 ς’.

2568 5688 2615 5724 ⁴¹
2648 5687 2811 5748 οὕτως
2840 5684 2908 5740 Α.
