4036 6214
176 284 271 343 3ὶὸ

1302 280 1795 359 ΒΙΒῙᾸΟΤΗΕΟΑρ
1829 317 1904 339 -ι
1942 293 2101 349 COD.
2144 284 2333 350 XCIII.

3441 299 3543 354 326

184 420 265 472 τὴν
306 416 500 466 τούτων
547 411 956 467 ἀποστέλλονται
1012 416 1260 479 ζήτησιν,
1317 422 1405 469 καὶ
1456 414 1595 489 δίχα
1624 438 1767 493 μερι-

1882 420 2229 492 insequente
2270 422 2457 476 Dama
2493 419 2572 475 ad
2604 424 2842 493 pratum
2881 418 3183 490 quoddam
3225 420 3543 480 Rhodanes

181 506 364 564 σθέντες
403 503 521 573 [131
584 500 678 575 [1.]
728 502 810 555 εἰπὶ
861 509 960 563 τὴν
1004 507 1210 576 ἔρευναν
1255 508 1549 576 τρέπονται.
1603 507 1775 563 Κατα-

178 592 513 663 λαμϐάνόνται
562 592 610 626 ⁸⁵
650 589 848 663 σχεδόν
893 612 947 644 τι
995 597 1137 667 παρά
1179 613 1296 645 τινα
1324 594 1546 666 λειμῶνα
1576 598 1624 648 οἱ
1660 602 1774 669 περὶ

174 678 406 738 Ῥοδάνην
445 682 547 732 ύπό
589 689 681 734 to.)
720 679 1003 744 διώκοντος
1044 686 1191 755 Δάμα
1244 701 1257 714 ·
1301 683 1469 744 ἁλιεύς
1514 682 1563 737 δ’
1611 683 1671 744 ἧν
1725 686 1773 746 ὃς

174 775 284 829 τοὺς
334 774 584 837 ποιμένας
643 768 921 841 έμήνυσεν,
980 770 1028 823 οἱ
1090 771 1486 844 στρεϐλούμενοι
1533 777 1619 825 τὸν
1676 773 1773 827 λει-

175 870 308 930 pam
341 859 487 930 μόλις
515 855 872 912 δεικνύουσιν.
936 859 1020 913 Ἐν
1066 857 1106 930 ᾧ
1136 866 1226 912 καὶ
1275 864 1483 936 χρυσὸν
1526 859 1775 924 Ῥοδάνης

176 950 387 1019 εὕρισκε,
443 956 541 1009 τῆς
591 948 787 1009 στὰλης
840 957 936 1001 τοῦ
986 948 1185 1013 λέοντος
1233 946 1655 1023 ύποδηλούμενον
1702 960 1773 1022 τῷ

175 1036 541 1111 ἀπογράψητα-

243 1126 356 1197 [237
430 1126 518 1197 R.]
611 1132 713 1180 Καὶ
794 1130 997 1201 τράγου
1071 1148 1122 1180 τι
1197 1129 1380 1200 φάσμα
1460 1128 1553 1203 ἐρᾷ
1623 1137 1774 1183 Σινωο

172 1212 308 1277 νίδος
362 1234 374 1245 ⁸
436 1215 492 1279 ἐξ
568 1218 626 1277 ἧς
689 1218 863 1279 αἰτίας
918 1223 1010 1269 καί
1080 1220 1128 1270 οἱ
1183 1223 1303 1292 περὶ
1373 1216 1620 1277 Ῥοδάνην
1682 1227 1772 1271 τοῦ

172 1304 400 1376 λειμῶνος
451 1305 765 1379 ἀπαίρουσι.
816 1308 997 1378 Δάμας
1048 1303 1105 1359 δε
1147 1310 1233 1358 τόν
1266 1306 1367 1358 ἀπὸ
1397 1316 1487 1360 τού
1535 1308 1773 1382 λειμῶνος

173 1402 261 1454 τῆς
295 1392 567 1455 Σινωνίδος
621 1400 871 1466 στέφανον
927 1396 1087 1467 εύρὼν
1144 1399 1336 1467 πέμπει
1381 1399 1567 1468 Γάρμῳ
1607 1418 1773 1472 παρα-

170 1485 364 1553 μύθιον.
407 1488 685 1555 Φεύγοντες
735 1481 796 1537 δι
843 1486 893 1537 οἱ
951 1490 1069 1551 περὶ
1122 1482 1373 1543 Ῥοδάνην
1429 1486 1772 1559 ἐντυγχάνου-

169 1591 249 1624 σιν
288 1577 370 1626 ἐπὶ
413 1572 651 1635 καλύϐης
690 1577 821 1648 γραῒ
870 1594 974 1626 τινι
1022 1580 1254 1645 γυναικὶ,
1310 1580 1399 1627 καὶ
1456 1580 1771 1649 κρύπτονται

168 1662 251 1712 ὑπ’
302 1666 474 1737 ἄντρῳ
528 1666 597 1729 ⁸⁸,
655 1663 683 1714 ὁ
728 1660 1021 1735 διαμπερὲς
1068 1664 1112 1699 ⁸⁷
1162 1660 1223 1721 ἧν
1278 1664 1633 1738 ὀρωρυγμένον
1686 1665 1769 1718 ἐπὶ

1884 517 2211 579 caperetur.
2256 510 2521 564 Piscator
2547 510 2705 564 enim
2736 508 2987 580 quidam
3020 513 3285 580 pastores
3312 510 3545 568 indica-

1884 595 1985 662 vit,
2021 597 2119 667 qui
2159 597 2595 669 quaastionibus
2638 598 2788 662 torti,
2833 604 3069 668 pratum
3100 598 3245 653 illud
3283 599 3379 655 vix
3418 604 3546 657 tan-

1884 685 2022 741 dem
2063 687 2496 742 demonstrant.
2548 686 2677 753 Quo
2707 687 2768 741 in
2816 692 2981 757 prato
3029 692 3086 741 et
3129 702 3344 744 aurum
3395 689 3547 746 Rho-

1883 773 2068 829 danes
2095 780 2410 845 repererat,
2440 775 2518 830 ab
2548 774 2926 846 inscriptione
2953 775 3065 845 (60)
3097 775 3411 844 columnas,
3443 778 3541 836 cui

1882 861 1975 918 leo
2001 862 2319 929 insidebat,
2348 869 2680 920 ostensum.

1956 1131 2105 1187 Hirci
2135 1146 2379 1203 quoque
2420 1135 2722 1201 spectrum
2762 1130 3069 1204 quoddam
3113 1134 3394 1193 Sinonica
3428 1136 3545 1195 illic

1884 1237 2087 1277 amare
2118 1220 2298 1292 caepit
2330 1235 2342 1275 :
2388 1235 2522 1292 quis
2549 1236 2732 1277 causa
2763 1220 2887 1287 fuit,
2926 1227 2985 1277 ut
3016 1222 3334 1291 Rhodanes
3371 1243 3443 1282 ex
3473 1243 3544 1284 eo

1883 1316 2053 1382 prato
2096 1309 2423 1365 excederet.
2479 1312 2693 1365 Damas
2737 1326 2896 1377 vero,
2926 1316 3221 1381 repertam
3252 1312 3334 1369 ibi
3376 1316 3543 1371 Sino-

1881 1400 2038 1455 nidis
2068 1414 2354 1455 coronam
2400 1398 2615 1454 solatio
2654 1398 2875 1455 Garmo
2915 1400 3215 1456 submisit.
3259 1402 3373 1474 lpsi
3404 1403 3548 1474 fuga

1880 1488 2111 1559 dilapsi,
2152 1488 2487 1542 inciderunt
2524 1489 2583 1543 in
2631 1487 2889 1544 vetulam
2922 1490 3251 1561 quamdam
3284 1492 3345 1547 in
3377 1499 3546 1565 tugu-

1879 1577 1970 1632 rio
1995 1576 2386 1642 habitantem,
2412 1582 2771 1649 antrumque
2794 1577 3119 1634 subeuntes
3143 1578 3348 1646 latent,
3384 1582 3545 1654 quod

1873 1672 2120 1731 antrum
2144 1680 2247 1737 per
2263 1664 2453 1721 stadia
2480 1666 2725 1720 omnino
2744 1665 2981 1736 triginta
3001 1667 3315 1739 effossum,
3338 1669 3542 1726 fauces

171 1748 413 1813 σταδίους
463 1755 742 1825 τριάκοντα
778 1769 789 1782 '
822 1752 1005 1824 λόχμῃ
1059 1749 1116 1805 δι
1163 1757 1221 1805 τὸ
1279 1759 1449 1825 στόμα
1500 1754 1763 1810 ἐϐέϐυστο.

1878 1755 2133 1811 habebat
2190 1755 2388 1811 densis
2442 1755 2703 1811 arbustis
2757 1756 3118 1813 obstructas.
3180 1760 3398 1816 Damas
3446 1760 3544 1817 hic

170 1853 267 1899 Kal
310 1851 359 1900 οί
405 1855 525 1920 περὶ
575 1853 660 1901 τόν
712 1852 893 1921 Δάμαν
926 1848 1248 1921 έφίστανται,
1304 1856 1393 1903 καὶ
1441 1850 1769 1925 ἀνακρίνεται

168 1939 199 1993 ἑ
229 1946 409 2009 γραῦς,
455 1942 543 1989 καὶ
585 1938 726 2007 ξίφος
766 1942 969 2011 γυμνὸν
1026 1936 1217 1992 ἱδούσα
1268 1939 1529 2010 ἐξέψυξεν.
1589 1944 1655 1993 Οἱ
1710 1939 1767 1994 δὲ

164 2033 258 2076 τού
284 2024 558 2089 Ῥοδάνους
588 2029 742 2080 ίπποι
767 2034 858 2080 καὶ
897 2037 995 2089 τῆς
1022 2025 1312 2092 Σινωνίδος,
1345 2030 1417 2089 οἷς
1443 2029 1764 2101 ὶπωχούντο,

168 2114 629 2185 συλλαμϐάνονται.
682 2122 786 2170 Καὶ
838 2118 1280 2192 περεκαθίσταται
1333 2120 1379 2154 ⁸⁸
1435 2123 1654 2191 στρατὸς
1707 2123 1765 2173 τό

164 2209 363 2277 χωρίον
412 2204 462 2256 έν
515 2206 554 2276 ᾧ
615 2212 829 2267 Σενωνὶς
907 2212 998 2259 καὶ
1065 2202 1314 2267 Ῥοδάνης
1392 2206 1762 2280 ἀπεκρύπτετο,

160 2298 257 2343 καὶ
310 2293 732 2367 καταρρήγνυται
801 2315 943 2356 τινος
1010 2304 1106 2346 τῶν
1165 2294 1447 2367 περιπόλων
1500 2295 1662 2358 ἀσπὶς
1710 2296 1764 2350 ἐκ

162 2380 374 2451 χαλκοῦ
422 2392 513 2435 τού
551 2383 852 2458 ὀρύγματος
899 2386 1135 2456 ὕπερθεν,
1187 2389 1275 2437 καὶ
1312 2393 1384 2454 τῷ
1424 2382 1644 2457 διακένῳ
1674 2395 1761 2440 τοῦ

161 2472 309 2539 ἑχου
358 2480 453 2523 τῶν
503 2478 871 2545 κεκρυμμένων
924 2479 1151 2546 μήνυσις
1201 2479 1420 2544 γίνεται,
1478 2482 1563 2527 καὶ
1622 2495 1763 2547 περι·

159 2564 451 2630 ορύσσεται
491 2566 549 2613 τό
592 2566 815 2635 ὄρυγμα,
845 2568 935 2615 καὶ
963 2565 1134 2616 πάντα
1175 2566 1351 2634 Δάμας
1543 2570 1641 2618 Καὶ
1668 2572 1759 2637 γί-

160 2668 307 2701 νεται
358 2659 463 2713 τοῖς
502 2648 648 2705 ἔνδον
679 2655 1051 2719 συναίσθησις,
1092 2658 1180 2705 καὶ
1207 2656 1485 2724 φεύγουσιν
1515 2655 1613 2706 ύπὸ
1652 2663 1760 2717 τοῖς

156 2748 248 2790 τοῦ
306 2742 493 2813 ἄντρου
540 2750 739 2813 μυχοῖς
790 2744 859 2805 ⁸⁵,
914 2748 1004 2794 καὶ
1061 2739 1435 2795 διεκπίπτουσι
1490 2748 1621 2817 πρὸς
1666 2749 1759 2801 τὴν

158 2829 341 2900 ἑτέραν
388 2829 546 2881 αὐτοῦ
603 2829 760 2887 ὀπήν,
818 2835 918 2883 Καὶ
968 2830 1210 2902 μελιττῶν
1263 2833 1313 2866 ⁷ο
1353 2829 1545 2903 ἀγρίων
1585 2838 1757 2904 σμήνη

161 2916 358 2968 ἐκεῖθεν
399 2917 483 2970 ἐπὶ
529 2922 646 2979 τοὺς
699 2919 1020 2993 ὀρύσσοντας
1077 2923 1340 2993 τρέπεται,
1399 2920 1645 2995 καταῤῥεῑ
1701 2918 1761 2975 δι

160 3014 251 3056 τοῦ
289 3006 494 3076 μελιτος
539 3013 629 3059 καὶ
677 3007 759 3060 ἐπὶ
806 3012 923 3069 τούς
955 3011 1230 3080 φεύγοντας
1263 3029 1275 3041 ·
1304 3011 1359 3061 αἱ
1416 3005 1473 3062 δὲ
1516 3011 1762 3082 μέλισσαι

1877 1844 2075 1910 instat,
2118 1860 2389 1916 anusque
2438 1844 2775 1910 altercatur,
2828 1846 2933 1902 sed
2983 1848 3253 1904 strictum
3288 1854 3353 1903 ut
3396 1850 3543 1908 vidit

1877 1934 2167 2005 gladium,
2200 1934 2539 1989 exanimata
2578 1940 2683 1989 est.
2718 1936 2865 2006 Equi
2906 1936 3131 2008 quibus
3168 1938 3543 1996 vehebantur

1877 2023 2194 2080 Rhodanes
2212 2030 2391 2095 atque
2413 2022 2653 2078 Sinonis
2674 2024 3008 2095 capiuntur,
3035 2026 3358 2100 locumque
3379 2045 3543 2085 exer-

1876 2112 2024 2168 citus
2054 2111 2256 2177 cinxit,
2290 2111 2350 2167 in
2385 2128 2508 2183 quo
2540 2128 2601 2166 se
2633 2112 2715 2166 illi
2759 2112 3220 2170 absconderant.
3265 2117 3540 2190 Disrupto

1875 2204 1999 2256 tum
2024 2200 2171 2257 forte
2197 2201 2394 2269 unius,
2421 2201 2523 2272 qui
2544 2200 2743 2257 locum
2778 2201 3006 2270 obibat,
3033 2219 3189 2260 zereo
3218 2204 3453 2277 clypeo,
3481 2207 3542 2263 in

1873 2291 2163 2362 superiori
2203 2290 2427 2346 defossi
2457 2292 2607 2347 antri
2641 2297 2826 2361 parte,
2860 2296 2916 2347 et
2947 2308 3052 2362 per
3090 2309 3350 2355 vacuum
3381 2311 3543 2352 reso-

1872 2386 2053 2436 nante
2095 2379 2263 2446 echo,
2298 2380 2584 2434 indicium
2614 2379 2679 2435 ﬁt
2723 2378 2904 2435 latere
2944 2383 3286 2438 nonnullos.
3336 2388 3540 2457 Itaque

1871 2467 2039 2525 fossa
2050 2467 2497 2524 circumfoditur
2524 2485 2537 2519 :
2562 2474 2618 2523 et
2640 2468 2861 2525 Damas
2881 2484 2985 2540 per
3002 2486 3213 2526 omnes
3229 2479 3431 2543 partes
3455 2490 3540 2529 1n-

1870 2556 2109 2623 clamat,
2143 2562 2204 2613 ut
2232 2557 2336 2629 qui
2365 2557 2525 2611 intus
2558 2561 2743 2619 erant.
2778 2557 3091 2628 audierint,
3121 2565 3302 2631 atque
3326 2562 3405 2617 ad
3436 2563 3540 2618 ab-

1869 2646 2332 2717 ditosspeluncte
2345 2661 2619 2700 recessus
2630 2644 3129 2714 diffugerint,etad
3145 2648 3398 2705 alterum
3416 2656 3541 2708 tau-

1869 2736 2007 2792 dem
2022 2736 2072 2805 ej
2084 2752 2151 2789 us
2165 2735 2435 2791 foramen
2447 2732 2885 2788 delaberentur.
2901 2735 3001 2789 Hic
3013 2752 3197 2805 apum
3212 2741 3540 2806 agrestium

1871 2840 2125 2881 examen
2148 2824 2435 2879 fodientes
2463 2822 2723 2891 (milites)
2752 2822 2999 2887 invadit,
3029 2823 3201 2881 melle
3228 2825 3457 2883 interea
3479 2827 3540 2883 in

1871 2914 2147 2983 fugitivos
2160 2911 2633 2981 deﬂuente.Apes
2648 2912 2785 2980 ipsa:
2799 2908 2957 2981 74b
2970 2926 3041 2965 ac
3056 2912 3537 2984 mel,serpentum

1872 3020 2001 3069 esu,
2026 3017 2256 3061 veneno
2276 3000 2487 3056 infecta
2509 3006 2675 3055 erant
2702 3022 2712 3063 ;
2735 2998 2873 3053 inde
2896 3016 3049 3071 quos
3078 3000 3189 3055 illa;
3211 3002 3289 3057 ad
3311 3002 3534 3060 fossam

160 3102 249 3146 καὶ
308 3099 368 3145 τό
424 3096 538 3166 μέλι
616 3096 668 3159 ἐξ
728 3097 951 3171 ἑρπετῶν
1006 3102 1494 3170 πεφαρμακευμέναι
1545 3097 1758 3173 τροφῆς,

1876 3096 2280 3164 pupugerunt,
2303 3092 2516 3161 partim
2537 3089 2988 3156 labefactarunt,
3010 3089 3225 3160 partim
3244 3091 3426 3147 etiam
3443 3109 3541 3148 oc-

162 3186 217 3235 αὶ
377 3189 673 3255 κρούσασαι
714 3187 759 3222 ⁷⁸
802 3191 926 3246 τοὺς
973 3185 1056 3238 έπὶ
1108 3190 1166 3237 τὸ
1196 3191 1400 3260 ὄρυγμα
1430 3190 1766 3262 ἠκρωτηρία-

164 3274 277 3335 ζον,
306 3271 399 3333 οὓς
427 3269 487 3324 δε
515 3279 605 3325 καὶ
659 3273 975 3327 ἀπέκτειναν.
1026 3273 1112 3344 Τῷ
1154 3271 1213 3328 δι
1246 3274 1379 3347 λιμῲ
1426 3280 1764 3349 κρατούμενοι

166 3362 215 3411 οἱ
264 3368 384 3434 περὶ
411 3358 659 3420 Ῥοδάνην
698 3360 1182 3435 διαλιχμησάμενοι
1206 3365 1277 3427 ⁷³,
1322 3370 1412 3416 καὶ
1442 3367 1530 3425 τὰς
1572 3369 1765 3435 γαστέ-

167 3468 263 3516 ρας
321 3449 689 3523 καταῤῥυέντες
741 3452 810 3516 ⁷³,
860 3457 1114 3505 πίπτουσι
1161 3455 1307 3525 παρὰ
1349 3457 1441 3511 τὴν
1490 3450 1613 3505 ὁδὸν
1643 3457 1763 3506 ὡσεὶ

168 3542 358 3608 νεκροί.
403 3542 687 3609 Φεύγουσιν
738 3541 763 3592 ὁ
813 3544 1030 3608 στρατὸς
1081 3548 1154 3611 τῷ
1207 3550 1306 3593 τῶν
1355 3540 1615 3613 μελισσῶν
1668 3561 1766 3595 πο-

374 3630 699 3699 πονούμοοι,
768 3634 858 3681 καὶ
913 3634 1027 3691 τούς
1114 3634 1231 3702 περὶ
1299 3627 1547 3689 Ῥοδάνην
1627 3632 1765 3703 ὅμως

172 3709 451 3777 διώκουσι,
528 3721 619 3769 καὶ
692 3717 776 3778 ούς
849 3714 1062 3771 έδίωκον
1136 3720 1353 3791 ὁρῶντες
1436 3718 1765 3793 ἐρριμμένους

170 3809 513 3877 παρέτρεχον,
572 3808 778 3877 νεκρούς
851 3826 993 3868 τινας
1061 3809 1132 3869 ὡς
1201 3807 1405 3869 ἀληθῶς
1465 3809 1764 3882 ὑπολαμϐά-

174 3911 359 3953 νοντες.
414 3896 503 3946 Ἐν
564 3898 726 3966 τούτῳ
775 3904 848 3967 τῷ
899 3898 1069 3969 ἄντρῳ
1121 3901 1347 3969 κείρεται
1399 3901 1520 3958 τούς
1567 3899 1765 3952 πλοκά-

174 4001 303 4051 μους
358 3985 388 4039 ἡ
452 3989 671 4049 Σινωνὶς,
726 3980 800 4037 δι’
866 3985 926 4037 οὗ
977 3982 1122 4058 ὕδωρ
1174 3986 1348 4046 αὐτοῖς
1395 3984 1760 4058 ἁνιμήσονταιο

172 4076 265 4120 καὶ
314 4079 463 4123 τοῦτο
515 4074 671 4144 rapa»
720 4072 883 4126 έκεῐσε
938 4077 1115 4146 Δάμας
1175 4079 1365 4146 πέμπει
1421 4084 1491 4145 τῷ
1551 4081 1760 4150 Γάρμῳ,

176 4158 433 4227 σύμϐολον
480 4170 574 4213 τού
627 4163 781 4233 ἐγγύς
836 4161 965 4216 εἶναι
1000 4162 1267 4224 κάκείνους
1317 4163 1605 4218 συλλαϐεῖν.
1655 4167 1765 4241 ’ἑζό-

174 4248 429 4319 ῥιμμένων
470 4246 527 4303 δέ
572 4255 712 4321 παρὰ
746 4253 793 4287 ⁷⁸
822 4258 916 4309 τὴν
960 4249 1083 4305 ὁδόν
1136 4262 1226 4305 τού
1275 4272 1327 4305 τι
1363 4251 1636 4318 Ῥοδάνους
1674 4262 1763 4310 καὶ

177 4344 269 4397 ni;
317 4335 611 4403 Σενυνίδος,
664 4342 691 4392 ό
745 4345 961 4414 στρατός
1009 4348 1394 4415 παρερχόμενος
1436 4345 1505 4406 ὡς
1552 4347 1633 4397 ἐπὶ
1684 4365 1764 4398 νε-

178 4433 320 4497 κροῖς
366 4430 502 4478 κατᾶ
550 4432 605 4480 τό
655 4432 869 4504 πάτριον
920 4432 1031 4490 ἔθος
1073 4434 1124 4483 oi
1166 4433 1258 4503 μὶν
1297 4437 1643 4502 χιτωνίσκους
1684 4435 1763 4508 ῥί-
1794 4462 1841 4517 D

180 4532 382 4577 πτοντες
417 4516 720 4587 ἐκάλυπτον,
761 4519 904 4572 ἄλλοι
950 4516 1008 4572 δὲ
1042 4519 1166 4572 ἄλλο
1209 4540 1257 4572 τι
1304 4529 1401 4573 τῶν
1440 4528 1759 4595 προσόντων,

179 4610 265 4654 καί
310 4614 466 4677 κρεῶν
524 4603 585 4657 δι
633 4610 762 4680 μέρη
829 4614 916 4661 καὶ
972 4610 1158 4681 ἄρτου,
1234 4608 1537 4684 έπέρριπτον
1601 4635 1613 4645 ·
1673 4620 1762 4668 καὶ

178 4692 309 4744 οὑτω
354 4696 611 4765 παρῆλθεν
662 4699 687 4747 ό
733 4706 971 4773 στρατός.
1017 4702 1084 4752 Οἱ
1134 4696 1193 4752 δὲ
1247 4708 1317 4762 τῷ
1367 4700 1536 4772 μέλιτι
1584 4723 1759 4777 καρω-

180 4783 343 4844 θέντες
384 4784 533 4855 μόλις
579 4783 898 4857 ἀνίστανται,
948 4791 1184 4862 κοράκων
1236 4792 1325 4861 μεν
1368 4798 1467 4842 τῶν
1526 4797 1641 4867 περὶ
1696 4796 1762 4846 τὰ

178 4875 303 4942 κρέα
338 4868 671 4947 διεριζόντων
698 4872 961 4948 Ῥοδάνην,
1013 4876 1206 4931 ἐκείνου
1242 4874 1301 4931 δι
1349 4877 1600 4933 Σινωνίδα
1640 4878 1762 4935 δια-

176 4968 553 5025 ναστήσαντος.
606 4964 944 5029 Ἀναστάντες
997 4963 1085 5021 οὖν
1137 4970 1440 5040 πορεύονται
1487 4974 1576 5028 τὴν
1623 4969 1759 5023 έναν-

1872 3181 2158 3238 ciderunt.
2176 3179 2351 3235 Fame
2369 3179 2445 3234 ad
2464 3179 2589 3233 haec
2609 3178 2925 3232 Rhodanes
2938 3183 3119 3248 atque
3139 3181 3301 3235 socia
3322 3182 3533 3246 coacti,

1872 3288 2010 3326 cum
2042 3270 2247 3340 (hujus
2281 3283 2521 3339 quoque
2561 3266 2813 3338 aliquid)
2845 3266 3167 3326 linxissent.
3214 3277 3537 3341 postquam

1871 3360 1931 3420 id
1963 3359 2023 3414 in
2074 3363 2339 3414 ventrem
2374 3356 2644 3419 deﬂuxit,
2690 3355 2769 3410 ad
2810 3357 2967 3410 viam
3000 3354 3178 3409 veluti
3212 3360 3423 3412 mortui
3456 3360 3540 3415 af-

1871 3448 2014 3505 ﬂicti
2043 3454 2201 3503 sunt.
2253 3447 2450 3517 Copiae
2491 3453 2688 3500 autem
2725 3444 2833 3499 illa:
2873 3444 3235 3510 obsidentes,
3279 3463 3415 3502 cum
3460 3449 3538 3504 ab

1873 3540 2092 3611 apibus
2114 3537 2340 3593 illatum
2360 3534 2586 3591 bellum
2613 3533 2903 3589 sustinere
2931 3549 3051 3590 non
3073 3541 3336 3606 possent,
3372 3541 3540 3607 terga

1872 3633 2127 3693 vertunt,
2154 3626 2625 3695 Rhodanemque
2648 3623 3036 3679 nihilominus
3059 3631 3534 3696 persequuntur:

1874 3726 1933 3775 at
1987 3718 2135 3773 dum
2188 3720 2513 3789 prostratos
2579 3728 2733 3785 quos
2785 3712 3256 3784 insequebantur
3311 3714 3534 3782 vident,

1874 3823 2051 3863 cursu
2072 3806 2508 3876 pertranseunt,
2533 3801 2826 3856 cadavera
2851 3816 3057 3856 revera
3075 3817 3206 3857 esse
3234 3806 3534 3874 putantes.

1874 3900 1935 3952 In
1959 3897 2072 3950 hoc
2100 3898 2273 3949 antro
2298 3892 2483 3947 crines
2509 3897 2744 3946 attonsa
2771 3895 2856 3944 est
2882 3888 3141 3956 Sinonis,
3184 3897 3244 3946 ut
3266 3892 3336 3947 iis
3376 3909 3538 3965 aqua

1872 3984 2019 4057 ipsis
2048 3982 2404 4045 hauriretur,
2427 3994 2582 4051 quos
2615 3985 2873 4049 repertos
2903 3978 3047 4034 inibi
3081 3983 3287 4036 Damas
3321 3984 3537 4041 Garmo

1875 4073 2052 4139 misit,
2084 4072 2343 4140 signum,
2377 4084 2499 4140 quo
2537 4067 2905 4136 intelligeret,
2938 4066 2997 4123 in
3028 4069 3266 4139 proclivi
3310 4086 3443 4127 esse
3476 4077 3539 4128 ut

1872 4161 2152 4234 (fugitivi)
2176 4160 2511 4230 capiantur.
2545 4158 2752 4212 Stratis
2786 4157 2987 4228 utique
3008 4158 3175 4228 juxta
3202 4160 3360 4216 viam
3387 4162 3538 4216 Rho-

1871 4252 2027 4307 dane
2066 4254 2125 4305 et
2165 4247 2468 4310 Sinonida,
2511 4252 2801 4317 tauquam
2850 4246 2927 4303 ad
2978 4253 3246 4304 mortuos
3286 4251 3539 4306 accessit

1871 4340 2167 4396 exercitus
2199 4362 2210 4393 :
2241 4355 2309 4394 ac
2338 4337 2526 4409 patrio
2557 4351 2722 4391 more
2751 4336 2849 4391 alii
2877 4337 3121 4408 quidem
3150 4347 3337 4397 vestes
3354 4342 3539 4413 proji-

1872 4429 2090 4485 cientes
2111 4427 2478 4500 aperiebant,
2503 4424 2600 4481 alii
2628 4440 2767 4480 vero
2790 4424 2954 4480 aliud
2974 4426 3123 4498 quid
3144 4445 3373 4499 eorum,
3399 4448 3535 4504 quae

1872 4522 1949 4574 ad
1974 4534 2220 4573 manum
2243 4520 2428 4581 erant,
2454 4514 2726 4571 carnium
2752 4529 2824 4569 ac
2848 4514 3021 4585 panis
3048 4524 3278 4588 partem
3300 4519 3536 4590 objece-

1871 4612 2029 4674 runt,
2058 4607 2256 4678 sicque
2286 4608 2720 4662 abscesserunt.
2751 4602 2953 4675 Neque
2987 4621 3125 4661 vero
3151 4607 3212 4662 hi
3232 4608 3312 4664 ob
3345 4610 3536 4666 mellis

1870 4714 2044 4755 esum
2068 4702 2307 4753 veterno
2338 4695 2497 4767 capti
2528 4693 2667 4765 (6t),
2700 4692 2813 4749 nisi
2851 4708 3008 4763 aegre
3036 4697 3534 4767 expergisceban-

1871 4794 1982 4855 tur,
2011 4787 2159 4843 dum
2185 4784 2344 4841 corvi
2376 4800 2484 4855 pro
2515 4799 2693 4840 carne
2725 4784 2879 4838 inter
2906 4798 2966 4839 se
2996 4793 3356 4855 pugnantes,
3386 4788 3538 4846 Rho-

1868 4878 2111 4940 danem,
2134 4881 2189 4932 et
2214 4875 2309 4931 hic
2342 4873 2629 4930 Sinonida
2657 4887 2969 4943 assurgere
2991 4881 3232 4943 cogunt.
3264 4878 3397 4935 Jam
3423 4878 3534 4936 ita-

1868 4984 1985 5041 que
2006 4964 2257 5035 excitati,
2275 4964 2455 5021 aliam
2476 4979 2666 5035 quam
2695 4963 2989 5020 exercitus
3018 4966 3175 5021 viam
3190 4966 3537 5037 ingrediun-

1508 5096 1745 5151 VARIAE
1787 5095 2179 5153 LECTIONES.

246 5212 295 5244 ⁸⁸
322 5218 590 5285 τρέπονται
617 5219 705 5266 καὶ
734 5215 1019 5288 καταλαμϐ.
1051 5223 1113 5272 Α.

182 5313 241 5323 ‹-
271 5290 468 5354 μυχούς
490 5306 548 5350 ς.
662 5288 712 5321 ⁷⁸
739 5288 995 5358 μελισσῶν
1025 5309 1082 5352 ς’.

176 5360 294 5427 περὶ
320 5377 369 5419 ς.

1219 5219 1267 5292 ξθ
1297 5218 1477 5292 ἄντρον
1506 5241 1558 5283 ς.

1195 5289 1239 5325 ’τί
1278 5289 1563 5362 κρούουσαι
1597 5314 1652 5356 ς.

1677 5222 1720 5255 ⁸⁷
1753 5216 2054 5291 διαμπερὲς]
2080 5218 2151 5273 cf.
2195 5215 2414 5271 Suidas
2454 5214 2605 5291 h._v.

1764 5294 1813 5331 ⁷³
1848 5288 2099 5363 διαλικμη
2110 5292 2320 5361 σάμενοι
2354 5307 2408 5350 ς.

2710 5217 2756 5251 ⁸⁸
2788 5218 3144 5287 περικάθηται
3177 5240 3234 5282 ς’.

2522 5288 2572 5322 ⁷⁸
2601 5287 2974 5361 παραῤῥυέντες
3008 5311 3044 5352 ς·
3056 5333 3069 5345 .

3336 5220 3382 5252 ⁶⁹
3412 5223 3532 5283 τοὺς

3192 5290 3240 5325 ⁷⁸
3274 5292 3414 5363 παρὰ
3452 5298 3530 5350 At

1725 5468 1967 5525 ΝΟΤΛΕ.

248 5568 343 5641 (60)
388 5573 464 5627 De
492 5571 681 5645 leone
715 5569 1005 5645 _i_n_cippo
1040 5573 1172 5645 lege
1213 5573 1316 5629 inf.
1362 5573 1604 5631 Ptolem.
1647 5576 1760 5631 He-

174 5640 369 5721 ptiust.
561 5640 907 5721 t9_0.__Habe§
924 5640 982 5701 5t
1003 5646 1065 5701 in
1087 5640 1291 5720 Esopi
1309 5646 1438 5705 Vita
1457 5652 1760 5721 repertum

176 5723 253 5766 ex
270 5713 411 5789 cippi
441 5713 836 5788 inscriptione
861 5713 1231 5775 thesaurum.

1941 5574 2277 5647 (6t)_Negat
2311 5575 2510 5627 tamen
2555 5568 2916 5647 eammellis
2947 5585 3080 5628 esse
3121 5571 3245 5630 vim
3283 5574 3525 5637 Adrian.

1870 5643 2127 5704 Turneb.
2155 5643 2261 5700 lib.
2290 5656 2489 5709 xxvm,
2520 5655 2649 5712 cap.
2685 5643 2779 5695 45.
