  <div class='ocr_page' id='page_1' title='image "/cluster/home/n/w/nwhite01/storage/ocr_20150623/103/hvd.32044054112495/175.png"; bbox 0 0 4036 6214; ppageno 0'>
   <div class='ocr_carea' id='block_1_1' title="bbox 520 310 2185 370">
    <p class='ocr_par' dir='ltr' id='par_1_1' title="bbox 520 311 2185 368">
     <span class='ocr_line' id='line_1_1' title="bbox 520 311 2185 368; baseline 0.001 -1"><span class='ocrx_word' id='word_1_1' title='bbox 520 312 622 367; x_wconf 71' lang='grc'><strong>827</strong></span> <span class='ocrx_word' id='word_1_2' title='bbox 1751 311 1991 367; x_wconf 83' lang='grc' dir='ltr'><strong>ΡΗΟΤΙΙ</strong></span> <span class='ocrx_word' id='word_1_3' title='bbox 2038 312 2185 368; x_wconf 77' lang='lat' dir='ltr'><strong>PA&#39;l‘l</strong></span> 
     </span>
    </p>
   </div>
   <div class='ocr_carea' id='block_1_2' title="bbox 2296 310 2675 370">
    <p class='ocr_par' dir='ltr' id='par_1_2' title="bbox 2296 310 2675 368">
     <span class='ocr_line' id='line_1_2' title="bbox 2296 310 2675 368; baseline -0.005 -1"><span class='ocrx_word' id='word_1_4' title='bbox 2296 312 2519 368; x_wconf 67' lang='lat' dir='ltr'><strong>.RCHAC</strong></span> <span class='ocrx_word' id='word_1_5' title='bbox 2559 310 2675 367; x_wconf 70' lang='grc' dir='ltr'><strong>ΟΡ.</strong></span> 
     </span>
    </p>
   </div>
   <div class='ocr_carea' id='block_1_3' title="bbox 3781 300 3887 354">
    <p class='ocr_par' dir='ltr' id='par_1_3' title="bbox 3781 300 3887 354">
     <span class='ocr_line' id='line_1_3' title="bbox 3781 300 3887 354; baseline -0.038 1"><span class='ocrx_word' id='word_1_6' title='bbox 3781 300 3887 354; x_wconf 71' lang='lat'><strong>3‘28</strong></span> 
     </span>
    </p>
   </div>
   <div class='ocr_carea' id='block_1_4' title="bbox 519 428 2185 510">
    <p class='ocr_par' dir='ltr' id='par_1_4' title="bbox 519 434 2175 508">
     <span class='ocr_line' id='line_1_4' title="bbox 519 434 2175 508; baseline 0.001 -17"><span class='ocrx_word' id='word_1_7' title='bbox 519 441 633 504; x_wconf 88' lang='lat' dir='ltr'><strong>tur,</strong></span> <span class='ocrx_word' id='word_1_8' title='bbox 668 450 786 505; x_wconf 89' lang='lat' dir='ltr'><strong>quo</strong></span> <span class='ocrx_word' id='word_1_9' title='bbox 816 434 1013 489; x_wconf 91' lang='lat' dir='ltr'><strong>minus</strong></span> <span class='ocrx_word' id='word_1_10' title='bbox 1044 434 1081 487; x_wconf 92' lang='lat' dir='ltr'>ii</span> <span class='ocrx_word' id='word_1_11' title='bbox 1112 450 1259 499; x_wconf 89' lang='lat' dir='ltr'><strong>esse,</strong></span> <span class='ocrx_word' id='word_1_12' title='bbox 1288 436 1392 506; x_wconf 87' lang='lat' dir='ltr'><strong>qui</strong></span> <span class='ocrx_word' id='word_1_13' title='bbox 1420 435 1864 507; x_wconf 66' lang='lat' dir='ltr'><strong>quaerebantur,</strong></span> <span class='ocrx_word' id='word_1_14' title='bbox 1900 453 2175 508; x_wconf 85' lang='lat' dir='ltr'><strong>agnosce-</strong></span> 
     </span>
    </p>
   </div>
   <div class='ocr_carea' id='block_1_5' title="bbox 2296 428 3885 510">
    <p class='ocr_par' dir='ltr' id='par_1_5' title="bbox 2296 428 3885 510">
     <span class='ocr_line' id='line_1_5' title="bbox 2296 428 3885 510; baseline -0.008 -21"><span class='ocrx_word' id='word_1_15' title='bbox 2296 444 2395 490; x_wconf 79' lang='grc' dir='ltr'>τίαν</span> <span class='ocrx_word' id='word_1_16' title='bbox 2432 441 2743 510; x_wconf 74' lang='grc' dir='ltr'><strong>τραπόμενοι</strong></span> <span class='ocrx_word' id='word_1_17' title='bbox 2790 440 2860 503; x_wconf 85' lang='grc' dir='ltr'>τῷ</span> <span class='ocrx_word' id='word_1_18' title='bbox 2914 440 3139 505; x_wconf 85' lang='grc' dir='ltr'>στρατῷ,</span> <span class='ocrx_word' id='word_1_19' title='bbox 3194 434 3275 483; x_wconf 86' lang='grc' dir='ltr'>ἶνα</span> <span class='ocrx_word' id='word_1_20' title='bbox 3330 429 3519 503; x_wconf 81' lang='grc' dir='ltr'>μᾶλλον</span> <span class='ocrx_word' id='word_1_21' title='bbox 3566 428 3770 479; x_wconf 79' lang='grc' dir='ltr'>λάθοιεν</span> <span class='ocrx_word' id='word_1_22' title='bbox 3810 430 3885 497; x_wconf 79' lang='grc' dir='ltr'>μὴ</span> 
     </span>
    </p>
   </div>
   <div class='ocr_carea' id='block_1_6' title="bbox 519 522 2181 587">
    <p class='ocr_par' dir='ltr' id='par_1_6' title="bbox 519 522 2181 587">
     <span class='ocr_line' id='line_1_6' title="bbox 519 522 2181 587; baseline 0.001 -7"><span class='ocrx_word' id='word_1_23' title='bbox 519 531 742 581; x_wconf 88' lang='lat' dir='ltr'><strong>rentur.</strong></span> <span class='ocrx_word' id='word_1_24' title='bbox 764 522 1021 577; x_wconf 85' lang='lat' dir='ltr'><strong>Inventis</strong></span> <span class='ocrx_word' id='word_1_25' title='bbox 1042 522 1257 577; x_wconf 91' lang='lat' dir='ltr'><strong>deinde</strong></span> <span class='ocrx_word' id='word_1_26' title='bbox 1278 524 1477 579; x_wconf 85' lang='lat' dir='ltr'><strong>asellis</strong></span> <span class='ocrx_word' id='word_1_27' title='bbox 1499 525 1751 587; x_wconf 84' lang='lat' dir='ltr'><strong>duobus,</strong></span> <span class='ocrx_word' id='word_1_28' title='bbox 1774 527 2181 582; x_wconf 90' lang='lat' dir='ltr'><strong>conscendunt</strong></span> 
     </span>
    </p>
   </div>
   <div class='ocr_carea' id='block_1_7' title="bbox 520 613 2177 684">
    <p class='ocr_par' dir='ltr' id='par_1_7' title="bbox 520 613 2177 684">
     <span class='ocr_line' id='line_1_7' title="bbox 520 613 2177 684; baseline 0.002 -16"><span class='ocrx_word' id='word_1_29' title='bbox 520 613 654 684; x_wconf 88' lang='lat' dir='ltr'><strong>ipsi,</strong></span> <span class='ocrx_word' id='word_1_30' title='bbox 677 627 980 681; x_wconf 77' lang='lat' dir='ltr'><strong>oneraque</strong></span> <span class='ocrx_word' id='word_1_31' title='bbox 1000 613 1339 681; x_wconf 84' lang='lat' dir='ltr'><strong>imponunt,</strong></span> <span class='ocrx_word' id='word_1_32' title='bbox 1363 628 1497 683; x_wconf 62' lang='lat' dir='ltr'><strong>quae</strong></span> <span class='ocrx_word' id='word_1_33' title='bbox 1520 628 1717 667; x_wconf 86' lang='lat' dir='ltr'><strong>secum</strong></span> <span class='ocrx_word' id='word_1_34' title='bbox 1747 614 2085 683; x_wconf 79' lang='lat' dir='ltr'><strong>attulerant,</strong></span> <span class='ocrx_word' id='word_1_35' title='bbox 2108 632 2177 671; x_wconf 85' lang='lat' dir='ltr'><strong>ex</strong></span> 
     </span>
    </p>
   </div>
   <div class='ocr_carea' id='block_1_8' title="bbox 519 700 2177 774">
    <p class='ocr_par' dir='ltr' id='par_1_8' title="bbox 519 700 2177 774">
     <span class='ocr_line' id='line_1_8' title="bbox 519 700 2177 774; baseline 0.002 -18"><span class='ocrx_word' id='word_1_36' title='bbox 519 704 590 757; x_wconf 91' lang='lat' dir='ltr'><strong>iis</strong></span> <span class='ocrx_word' id='word_1_37' title='bbox 630 702 812 756; x_wconf 85' lang='lat' dir='ltr'><strong>rebus</strong></span> <span class='ocrx_word' id='word_1_38' title='bbox 850 716 1005 771; x_wconf 90' lang='lat' dir='ltr'><strong>quas</strong></span> <span class='ocrx_word' id='word_1_39' title='bbox 1034 700 1193 755; x_wconf 87' lang='lat' dir='ltr'><strong>velut</strong></span> <span class='ocrx_word' id='word_1_40' title='bbox 1238 702 1484 756; x_wconf 80' lang='lat' dir='ltr'><strong>mortuis</strong></span> <span class='ocrx_word' id='word_1_41' title='bbox 1524 703 1809 757; x_wconf 82' lang='lat' dir='ltr'><strong>exercitus</strong></span> <span class='ocrx_word' id='word_1_42' title='bbox 1857 704 2177 774; x_wconf 89' lang='lat' dir='ltr'><strong>adjecerat.</strong></span> 
     </span>
    </p>
   </div>
   <div class='ocr_carea' id='block_1_9' title="bbox 521 788 2181 861">
    <p class='ocr_par' dir='ltr' id='par_1_9' title="bbox 521 788 2181 861">
     <span class='ocr_line' id='line_1_9' title="bbox 521 788 2181 861; baseline 0.001 -16"><span class='ocrx_word' id='word_1_43' title='bbox 521 792 665 845; x_wconf 84' lang='lat' dir='ltr'><strong>Hinc</strong></span> <span class='ocrx_word' id='word_1_44' title='bbox 695 790 755 843; x_wconf 93' lang='lat' dir='ltr'><strong>in</strong></span> <span class='ocrx_word' id='word_1_45' title='bbox 798 788 1193 844; x_wconf 79' lang='lat' dir='ltr'><strong>diversorium</strong></span> <span class='ocrx_word' id='word_1_46' title='bbox 1224 806 1285 843; x_wconf 93' lang='lat' dir='ltr'><strong>se</strong></span> <span class='ocrx_word' id='word_1_47' title='bbox 1320 789 1635 861; x_wconf 90' lang='lat' dir='ltr'><strong>recipiunt,</strong></span> <span class='ocrx_word' id='word_1_48' title='bbox 1677 794 1834 847; x_wconf 91' lang='lat' dir='ltr'><strong>unde</strong></span> <span class='ocrx_word' id='word_1_49' title='bbox 1866 798 2063 847; x_wconf 88' lang='lat' dir='ltr'><strong>tamen</strong></span> <span class='ocrx_word' id='word_1_50' title='bbox 2097 793 2181 847; x_wconf 87' lang='lat' dir='ltr'><strong>fn-</strong></span> 
     </span>
    </p>
   </div>
   <div class='ocr_carea' id='block_1_10' title="bbox 520 877 2177 949">
    <p class='ocr_par' dir='ltr' id='par_1_10' title="bbox 520 877 2177 949">
     <span class='ocr_line' id='line_1_10' title="bbox 520 877 2177 949; baseline 0.002 -15"><span class='ocrx_word' id='word_1_51' title='bbox 520 881 767 949; x_wconf 85' lang='lat' dir='ltr'><strong>gientes,</strong></span> <span class='ocrx_word' id='word_1_52' title='bbox 798 878 967 947; x_wconf 81' lang='lat' dir='ltr'><strong>juxta</strong></span> <span class='ocrx_word' id='word_1_53' title='bbox 998 877 1241 949; x_wconf 91' lang='lat' dir='ltr'><strong>plenum</strong></span> <span class='ocrx_word' id='word_1_54' title='bbox 1272 878 1467 933; x_wconf 87' lang='lat' dir='ltr'><strong>forum</strong></span> <span class='ocrx_word' id='word_1_55' title='bbox 1499 880 1558 934; x_wconf 90' lang='lat' dir='ltr'><strong>in</strong></span> <span class='ocrx_word' id='word_1_56' title='bbox 1590 880 1751 936; x_wconf 84' lang='lat' dir='ltr'><strong>aliud</strong></span> <span class='ocrx_word' id='word_1_57' title='bbox 1783 881 2177 937; x_wconf 86' lang='lat' dir='ltr'><strong>diversorium</strong></span> 
     </span>
    </p>
   </div>
   <div class='ocr_carea' id='block_1_11' title="bbox 519 966 2181 1041">
    <p class='ocr_par' dir='ltr' id='par_1_11' title="bbox 519 966 2181 1041">
     <span class='ocr_line' id='line_1_11' title="bbox 519 966 2181 1041; baseline -0.001 -18"><span class='ocrx_word' id='word_1_58' title='bbox 519 968 875 1023; x_wconf 89' lang='lat' dir='ltr'><strong>concedunt.</strong></span> <span class='ocrx_word' id='word_1_59' title='bbox 900 966 1126 1021; x_wconf 86' lang='lat' dir='ltr'><strong>Accidit</strong></span> <span class='ocrx_word' id='word_1_60' title='bbox 1150 968 1372 1023; x_wconf 81' lang='lat' dir='ltr'><strong>interea</strong></span> <span class='ocrx_word' id='word_1_61' title='bbox 1400 967 1648 1023; x_wconf 83' lang='lat' dir='ltr'><strong>fratrum</strong></span> <span class='ocrx_word' id='word_1_62' title='bbox 1675 969 1753 1023; x_wconf 90' lang='lat' dir='ltr'><strong>ibi</strong></span> <span class='ocrx_word' id='word_1_63' title='bbox 1775 970 1988 1035; x_wconf 68' lang='lat' dir='ltr'><strong>credes,</strong></span> <span class='ocrx_word' id='word_1_64' title='bbox 2014 971 2181 1041; x_wconf 83' lang='lat' dir='ltr'><strong>cujus</strong></span> 
     </span>
    </p>
   </div>
   <div class='ocr_carea' id='block_1_12' title="bbox 520 1056 2180 1126">
    <p class='ocr_par' dir='ltr' id='par_1_12' title="bbox 520 1056 2180 1126">
     <span class='ocr_line' id='line_1_12' title="bbox 520 1056 2180 1126; baseline 0 -13"><span class='ocrx_word' id='word_1_65' title='bbox 520 1056 803 1121; x_wconf 88' lang='lat' dir='ltr'><strong>accusati,</strong></span> <span class='ocrx_word' id='word_1_66' title='bbox 832 1062 965 1126; x_wconf 89' lang='lat' dir='ltr'><strong>post</strong></span> <span class='ocrx_word' id='word_1_67' title='bbox 989 1057 1168 1110; x_wconf 90' lang='lat' dir='ltr'><strong>etiam</strong></span> <span class='ocrx_word' id='word_1_68' title='bbox 1193 1056 1533 1111; x_wconf 86' lang='lat' dir='ltr'><strong>liberantur.</strong></span> <span class='ocrx_word' id='word_1_69' title='bbox 1562 1060 1829 1113; x_wconf 83' lang='lat' dir='ltr'><strong>Fratrum</strong></span> <span class='ocrx_word' id='word_1_70' title='bbox 1851 1060 2009 1114; x_wconf 90' lang='lat' dir='ltr'><strong>enim</strong></span> <span class='ocrx_word' id='word_1_71' title='bbox 2036 1064 2180 1114; x_wconf 87' lang='lat' dir='ltr'><strong>natu</strong></span> 
     </span>
    </p>
   </div>
   <div class='ocr_carea' id='block_1_13' title="bbox 520 1145 2177 1219">
    <p class='ocr_par' dir='ltr' id='par_1_13' title="bbox 520 1145 2177 1219">
     <span class='ocr_line' id='line_1_13' title="bbox 520 1145 2177 1219; baseline 0.001 -17"><span class='ocrx_word' id='word_1_72' title='bbox 520 1147 732 1216; x_wconf 89' lang='lat' dir='ltr'><strong>major,</strong></span> <span class='ocrx_word' id='word_1_73' title='bbox 751 1146 855 1215; x_wconf 89' lang='lat' dir='ltr'><strong>qui</strong></span> <span class='ocrx_word' id='word_1_74' title='bbox 881 1145 1169 1199; x_wconf 91' lang='lat' dir='ltr'><strong>minorem</strong></span> <span class='ocrx_word' id='word_1_75' title='bbox 1194 1160 1422 1199; x_wconf 92' lang='lat' dir='ltr'><strong>veneno</strong></span> <span class='ocrx_word' id='word_1_76' title='bbox 1446 1147 1781 1211; x_wconf 85' lang='lat' dir='ltr'><strong>sustulerat,</strong></span> <span class='ocrx_word' id='word_1_77' title='bbox 1806 1148 1916 1202; x_wconf 92' lang='lat' dir='ltr'><strong>hos</strong></span> <span class='ocrx_word' id='word_1_78' title='bbox 1938 1150 2177 1219; x_wconf 88' lang='lat' dir='ltr'><strong>quidem</strong></span> 
     </span>
    </p>
   </div>
   <div class='ocr_carea' id='block_1_14' title="bbox 521 1233 2179 1303">
    <p class='ocr_par' dir='ltr' id='par_1_14' title="bbox 521 1233 2179 1303">
     <span class='ocr_line' id='line_1_14' title="bbox 521 1233 2179 1303; baseline 0 -12"><span class='ocrx_word' id='word_1_79' title='bbox 521 1240 855 1299; x_wconf 87' lang='lat' dir='ltr'><strong>accusarat,</strong></span> <span class='ocrx_word' id='word_1_80' title='bbox 877 1233 982 1287; x_wconf 93' lang='lat' dir='ltr'><strong>sed</strong></span> <span class='ocrx_word' id='word_1_81' title='bbox 1010 1233 1121 1287; x_wconf 90' lang='lat' dir='ltr'><strong>sibi</strong></span> <span class='ocrx_word' id='word_1_82' title='bbox 1143 1234 1254 1303; x_wconf 87' lang='lat' dir='ltr'><strong>ipsi</strong></span> <span class='ocrx_word' id='word_1_83' title='bbox 1280 1250 1495 1289; x_wconf 89' lang='lat' dir='ltr'><strong>manus</strong></span> <span class='ocrx_word' id='word_1_84' title='bbox 1513 1236 1843 1303; x_wconf 86' lang='lat' dir='ltr'><strong>inferendo,</strong></span> <span class='ocrx_word' id='word_1_85' title='bbox 1868 1239 2032 1291; x_wconf 92' lang='lat' dir='ltr'><strong>omni</strong></span> <span class='ocrx_word' id='word_1_86' title='bbox 2056 1253 2179 1291; x_wconf 89' lang='lat' dir='ltr'><strong>rur-</strong></span> 
     </span>
    </p>
   </div>
   <div class='ocr_carea' id='block_1_15' title="bbox 521 1322 2183 1380">
    <p class='ocr_par' dir='ltr' id='par_1_15' title="bbox 521 1322 2183 1380">
     <span class='ocr_line' id='line_1_15' title="bbox 521 1322 2183 1380; baseline 0.001 -1"><span class='ocrx_word' id='word_1_87' title='bbox 521 1341 623 1379; x_wconf 89' lang='lat' dir='ltr'><strong>sus</strong></span> <span class='ocrx_word' id='word_1_88' title='bbox 663 1324 910 1378; x_wconf 90' lang='lat' dir='ltr'><strong>crimine</strong></span> <span class='ocrx_word' id='word_1_89' title='bbox 942 1322 1239 1376; x_wconf 85' lang='lat' dir='ltr'><strong>liberarat.</strong></span> <span class='ocrx_word' id='word_1_90' title='bbox 1280 1322 1593 1379; x_wconf 79' lang='lat' dir='ltr'><strong>Rhodanes</strong></span> <span class='ocrx_word' id='word_1_91' title='bbox 1634 1325 1856 1379; x_wconf 89' lang='lat' dir='ltr'><strong>inscius</strong></span> <span class='ocrx_word' id='word_1_92' title='bbox 1888 1341 2183 1380; x_wconf 88' lang='lat' dir='ltr'><strong>venenum</strong></span> 
     </span>
    </p>
   </div>
   <div class='ocr_carea' id='block_1_16' title="bbox 519 1411 2185 1483">
    <p class='ocr_par' dir='ltr' id='par_1_16' title="bbox 519 1411 2185 1483">
     <span class='ocr_line' id='line_1_16' title="bbox 519 1411 2185 1483; baseline -0.001 -14"><span class='ocrx_word' id='word_1_93' title='bbox 519 1414 659 1469; x_wconf 90' lang='lat' dir='ltr'><strong>hinc</strong></span> <span class='ocrx_word' id='word_1_94' title='bbox 690 1428 893 1467; x_wconf 89' lang='lat' dir='ltr'><strong>secum</strong></span> <span class='ocrx_word' id='word_1_95' title='bbox 924 1412 1110 1465; x_wconf 86' lang='lat' dir='ltr'><strong>aufert</strong></span> <span class='ocrx_word' id='word_1_96' title='bbox 1145 1430 1157 1477; x_wconf 89' lang='lat'>;</span> <span class='ocrx_word' id='word_1_97' title='bbox 1190 1411 1566 1483; x_wconf 90' lang='lat' dir='ltr'><strong>subeuntque</strong></span> <span class='ocrx_word' id='word_1_98' title='bbox 1608 1422 1740 1483; x_wconf 89' lang='lat' dir='ltr'><strong>post</strong></span> <span class='ocrx_word' id='word_1_99' title='bbox 1770 1414 1896 1469; x_wconf 58' lang='lat' dir='ltr'><strong>haec</strong></span> <span class='ocrx_word' id='word_1_100' title='bbox 1940 1414 2185 1470; x_wconf 88' lang='lat' dir='ltr'><strong>latronis</strong></span> 
     </span>
    </p>
   </div>
   <div class='ocr_carea' id='block_1_17' title="bbox 522 1500 2185 1575">
    <p class='ocr_par' dir='ltr' id='par_1_17' title="bbox 522 1500 2185 1575">
     <span class='ocr_line' id='line_1_17' title="bbox 522 1500 2185 1575; baseline 0.001 -17"><span class='ocrx_word' id='word_1_101' title='bbox 522 1503 791 1566; x_wconf 84' lang='lat' dir='ltr'><strong>domum,</strong></span> <span class='ocrx_word' id='word_1_102' title='bbox 827 1502 928 1572; x_wconf 89' lang='lat' dir='ltr'><strong>qui</strong></span> <span class='ocrx_word' id='word_1_103' title='bbox 962 1500 1020 1555; x_wconf 91' lang='lat' dir='ltr'><strong>in</strong></span> <span class='ocrx_word' id='word_1_104' title='bbox 1066 1500 1320 1555; x_wconf 89' lang='lat' dir='ltr'><strong>viatores</strong></span> <span class='ocrx_word' id='word_1_105' title='bbox 1353 1502 1762 1571; x_wconf 86' lang='lat' dir='ltr'><strong>grassabatur,</strong></span> <span class='ocrx_word' id='word_1_106' title='bbox 1804 1520 1958 1575; x_wconf 87' lang='lat' dir='ltr'><strong>quos</strong></span> <span class='ocrx_word' id='word_1_107' title='bbox 1989 1510 2046 1559; x_wconf 91' lang='lat' dir='ltr'><strong>et</strong></span> <span class='ocrx_word' id='word_1_108' title='bbox 2075 1505 2185 1564; x_wconf 87' lang='lat' dir='ltr'><strong>sibi</strong></span> 
     </span>
    </p>
   </div>
   <div class='ocr_carea' id='block_1_18' title="bbox 523 1590 2189 1663">
    <p class='ocr_par' dir='ltr' id='par_1_18' title="bbox 523 1590 2189 1663">
     <span class='ocr_line' id='line_1_18' title="bbox 523 1590 2189 1663; baseline 0.001 -17"><span class='ocrx_word' id='word_1_109' title='bbox 523 1591 856 1663; x_wconf 86' lang='lat' dir='ltr'><strong>epulandos</strong></span> <span class='ocrx_word' id='word_1_110' title='bbox 905 1590 1269 1660; x_wconf 85' lang='lat' dir='ltr'><strong>apponebat.</strong></span> <span class='ocrx_word' id='word_1_111' title='bbox 1326 1592 1477 1645; x_wconf 82' lang='lat' dir='ltr'><strong>Missi</strong></span> <span class='ocrx_word' id='word_1_112' title='bbox 1521 1600 1721 1645; x_wconf 89' lang='lat' dir='ltr'><strong>autem</strong></span> <span class='ocrx_word' id='word_1_113' title='bbox 1769 1593 1886 1647; x_wconf 92' lang='lat' dir='ltr'><strong>huc</strong></span> <span class='ocrx_word' id='word_1_114' title='bbox 1927 1610 1961 1647; x_wconf 91' lang='lat' dir='ltr'><strong>a</strong></span> <span class='ocrx_word' id='word_1_115' title='bbox 2002 1596 2189 1648; x_wconf 87' lang='lat' dir='ltr'><strong>Dama</strong></span> 
     </span>
    </p>
   </div>
   <div class='ocr_carea' id='block_1_19' title="bbox 521 1678 2190 1752">
    <p class='ocr_par' dir='ltr' id='par_1_19' title="bbox 521 1678 2190 1752">
     <span class='ocr_line' id='line_1_19' title="bbox 521 1678 2190 1752; baseline -0.002 -16"><span class='ocrx_word' id='word_1_116' title='bbox 521 1681 758 1748; x_wconf 88' lang='lat' dir='ltr'><strong>milites,</strong></span> <span class='ocrx_word' id='word_1_117' title='bbox 800 1688 1121 1750; x_wconf 84' lang='lat' dir='ltr'><strong>postquam</strong></span> <span class='ocrx_word' id='word_1_118' title='bbox 1150 1678 1439 1733; x_wconf 86' lang='lat' dir='ltr'><strong>latronem</strong></span> <span class='ocrx_word' id='word_1_119' title='bbox 1467 1682 2066 1752; x_wconf 86' lang='lat' dir='ltr'><strong>comprehenderunt,</strong></span> <span class='ocrx_word' id='word_1_120' title='bbox 2101 1682 2190 1751; x_wconf 85' lang='lat' dir='ltr'><strong>ig-</strong></span> 
     </span>
    </p>
   </div>
   <div class='ocr_carea' id='block_1_20' title="bbox 522 1768 2229 1841">
    <p class='ocr_par' dir='ltr' id='par_1_20' title="bbox 522 1768 2229 1841">
     <span class='ocr_line' id='line_1_20' title="bbox 522 1768 2229 1841; baseline 0.001 -17"><span class='ocrx_word' id='word_1_121' title='bbox 522 1786 659 1824; x_wconf 86' lang='lat' dir='ltr'><strong>nem</strong></span> <span class='ocrx_word' id='word_1_122' title='bbox 680 1772 737 1823; x_wconf 91' lang='lat' dir='ltr'><strong>in</strong></span> <span class='ocrx_word' id='word_1_123' title='bbox 761 1769 1151 1839; x_wconf 87' lang='lat' dir='ltr'><strong>ejusdomum</strong></span> <span class='ocrx_word' id='word_1_124' title='bbox 1175 1768 1503 1838; x_wconf 87' lang='lat' dir='ltr'><strong>injecerunt</strong></span> <span class='ocrx_word' id='word_1_125' title='bbox 1530 1786 1542 1833; x_wconf 89' lang='lat'>;</span> <span class='ocrx_word' id='word_1_126' title='bbox 1566 1771 1835 1841; x_wconf 86' lang='lat' dir='ltr'><strong>quoigne</strong></span> <span class='ocrx_word' id='word_1_127' title='bbox 1854 1771 1997 1825; x_wconf 88' lang='lat' dir='ltr'><strong>etilli</strong></span> <span class='ocrx_word' id='word_1_128' title='bbox 2025 1787 2189 1825; x_wconf 87' lang='lat' dir='ltr'><strong>coni-</strong></span> <span class='ocrx_word' id='word_1_129' title='bbox 2220 1772 2229 1841; x_wconf 60' lang='grc' dir='ltr'>ᾗ</span> 
     </span>
    </p>
   </div>
   <div class='ocr_carea' id='block_1_21' title="bbox 2289 513 3892 594">
    <p class='ocr_par' dir='ltr' id='par_1_21' title="bbox 2289 513 3892 594">
     <span class='ocr_line' id='line_1_21' title="bbox 2289 513 3892 594; baseline -0.008 -16"><span class='ocrx_word' id='word_1_130' title='bbox 2289 532 2425 587; x_wconf 80' lang='grc' dir='ltr'>ὄντες</span> <span class='ocrx_word' id='word_1_131' title='bbox 2472 528 2519 576; x_wconf 87' lang='grc' dir='ltr'>οἱ</span> <span class='ocrx_word' id='word_1_132' title='bbox 2577 521 2904 594; x_wconf 81' lang='grc' dir='ltr'>διωκόμενοι.</span> <span class='ocrx_word' id='word_1_133' title='bbox 2963 526 3061 573; x_wconf 78' lang='grc' dir='ltr'><strong>Καὶ</strong></span> <span class='ocrx_word' id='word_1_134' title='bbox 3120 520 3343 592; x_wconf 73' lang='grc' dir='ltr'><strong>εὑρόντες</strong></span> <span class='ocrx_word' id='word_1_135' title='bbox 3400 523 3541 577; x_wconf 61' lang='grc' dir='ltr'>όνους</span> <span class='ocrx_word' id='word_1_136' title='bbox 3615 513 3716 568; x_wconf 86' lang='grc' dir='ltr'><strong>δύο</strong></span> <span class='ocrx_word' id='word_1_137' title='bbox 3795 515 3892 565; x_wconf 74' lang='grc' dir='ltr'><strong>ἐπ-</strong></span> 
     </span>
    </p>
   </div>
   <div class='ocr_carea' id='block_1_22' title="bbox 2289 606 3889 684">
    <p class='ocr_par' dir='ltr' id='par_1_22' title="bbox 2289 606 3889 684">
     <span class='ocr_line' id='line_1_22' title="bbox 2289 606 3889 684; baseline -0.008 -18"><span class='ocrx_word' id='word_1_138' title='bbox 2289 614 2480 672; x_wconf 79' lang='grc' dir='ltr'>έϐησάν</span> <span class='ocrx_word' id='word_1_139' title='bbox 2523 632 2575 664; x_wconf 88' lang='grc' dir='ltr'><strong>τε</strong></span> <span class='ocrx_word' id='word_1_140' title='bbox 2620 617 2708 663; x_wconf 86' lang='grc' dir='ltr'>καὶ</span> <span class='ocrx_word' id='word_1_141' title='bbox 2752 614 2817 662; x_wconf 81' lang='grc' dir='ltr'>τὰ</span> <span class='ocrx_word' id='word_1_142' title='bbox 2870 615 3057 684; x_wconf 86' lang='grc' dir='ltr'>φορτία</span> <span class='ocrx_word' id='word_1_143' title='bbox 3101 611 3353 673; x_wconf 76' lang='grc' dir='ltr'>ἐπέθεντο,</span> <span class='ocrx_word' id='word_1_144' title='bbox 3403 606 3435 657; x_wconf 81' lang='grc' dir='ltr'><strong>ἆ</strong></span> <span class='ocrx_word' id='word_1_145' title='bbox 3481 608 3889 675; x_wconf 86' lang='grc' dir='ltr'>συνεκεκόμιστο</span> 
     </span>
    </p>
   </div>
   <div class='ocr_carea' id='block_1_23' title="bbox 2290 696 3879 773">
    <p class='ocr_par' dir='ltr' id='par_1_23' title="bbox 2290 696 3879 773">
     <span class='ocr_line' id='line_1_23' title="bbox 2290 696 3879 773; baseline -0.006 -18"><span class='ocrx_word' id='word_1_146' title='bbox 2290 704 2465 763; x_wconf 66' lang='grc' dir='ltr'>αὐτοῖς</span> <span class='ocrx_word' id='word_1_147' title='bbox 2524 701 2607 773; x_wconf 86' lang='grc' dir='ltr'>ἀφ’</span> <span class='ocrx_word' id='word_1_148' title='bbox 2664 703 2732 751; x_wconf 84' lang='grc' dir='ltr'>ὧν</span> <span class='ocrx_word' id='word_1_149' title='bbox 2784 703 2907 751; x_wconf 81' lang='grc' dir='ltr'>ὡσεὶ</span> <span class='ocrx_word' id='word_1_150' title='bbox 2958 705 3155 773; x_wconf 88' lang='grc' dir='ltr'>νεκροῖς</span> <span class='ocrx_word' id='word_1_151' title='bbox 3210 696 3477 771; x_wconf 72' lang='grc' dir='ltr'>ἐπέρριψεν</span> <span class='ocrx_word' id='word_1_152' title='bbox 3546 698 3576 745; x_wconf 81' lang='grc' dir='ltr'><em>ὅ</em></span> <span class='ocrx_word' id='word_1_153' title='bbox 3632 697 3879 764; x_wconf 88' lang='grc' dir='ltr'>στρατός.</span> 
     </span>
    </p>
   </div>
   <div class='ocr_carea' id='block_1_24' title="bbox 2294 784 3889 863">
    <p class='ocr_par' dir='ltr' id='par_1_24' title="bbox 2294 784 3889 863">
     <span class='ocr_line' id='line_1_24' title="bbox 2294 784 3889 863; baseline -0.008 -19"><span class='ocrx_word' id='word_1_154' title='bbox 2294 790 2415 845; x_wconf 78' lang='grc' dir='ltr'>Εἶτα</span> <span class='ocrx_word' id='word_1_155' title='bbox 2470 796 2809 863; x_wconf 79' lang='grc' dir='ltr'><strong>καταίρουσιν</strong></span> <span class='ocrx_word' id='word_1_156' title='bbox 2890 788 2959 848; x_wconf 84' lang='grc' dir='ltr'><strong>εἰς</strong></span> <span class='ocrx_word' id='word_1_157' title='bbox 3032 784 3370 858; x_wconf 86' lang='grc' dir='ltr'>πανδοχεῖον,</span> <span class='ocrx_word' id='word_1_158' title='bbox 3442 789 3530 835; x_wconf 89' lang='grc' dir='ltr'>καὶ</span> <span class='ocrx_word' id='word_1_159' title='bbox 3604 785 3889 855; x_wconf 87' lang='grc' dir='ltr'>φεύγουσιν</span> 
     </span>
    </p>
   </div>
   <div class='ocr_carea' id='block_1_25' title="bbox 2291 872 3890 952">
    <p class='ocr_par' dir='ltr' id='par_1_25' title="bbox 2291 872 3890 952">
     <span class='ocr_line' id='line_1_25' title="bbox 2291 872 3890 952; baseline -0.008 -19"><span class='ocrx_word' id='word_1_160' title='bbox 2291 881 2495 941; x_wconf 77' lang='grc' dir='ltr'>ἐκεῖθεν,</span> <span class='ocrx_word' id='word_1_161' title='bbox 2546 885 2635 931; x_wconf 83' lang='grc' dir='ltr'>καὶ</span> <span class='ocrx_word' id='word_1_162' title='bbox 2683 883 2800 952; x_wconf 84' lang='grc' dir='ltr'>περὶ</span> <span class='ocrx_word' id='word_1_163' title='bbox 2843 876 3148 934; x_wconf 78' lang='grc' dir='ltr'>πλήθουσαν</span> <span class='ocrx_word' id='word_1_164' title='bbox 3198 875 3389 946; x_wconf 81' lang='grc' dir='ltr'>ἀγορὰν</span> <span class='ocrx_word' id='word_1_165' title='bbox 3448 873 3521 933; x_wconf 82' lang='grc' dir='ltr'>εἰς</span> <span class='ocrx_word' id='word_1_166' title='bbox 3568 872 3722 923; x_wconf 75' lang='grc' dir='ltr'>ἄλλον</span> <span class='ocrx_word' id='word_1_167' title='bbox 3763 890 3890 922; x_wconf 88' lang='grc' dir='ltr'>στα-</span> 
     </span>
    </p>
   </div>
   <div class='ocr_carea' id='block_1_26' title="bbox 2292 957 3888 1041">
    <p class='ocr_par' dir='ltr' id='par_1_26' title="bbox 2292 957 3888 1041">
     <span class='ocr_line' id='line_1_26' title="bbox 2292 957 3888 1041; baseline -0.009 -19"><span class='ocrx_word' id='word_1_168' title='bbox 2292 972 2418 1041; x_wconf 88' lang='grc' dir='ltr'>θμόν</span> <span class='ocrx_word' id='word_1_169' title='bbox 2443 968 2782 1021; x_wconf 88' lang='grc' dir='ltr'>καταλύουσι.</span> <span class='ocrx_word' id='word_1_170' title='bbox 2826 971 2927 1019; x_wconf 81' lang='grc' dir='ltr'><strong>Καὶ</strong></span> <span class='ocrx_word' id='word_1_171' title='bbox 2963 970 3161 1035; x_wconf 85' lang='grc' dir='ltr'>γίνεται</span> <span class='ocrx_word' id='word_1_172' title='bbox 3210 968 3266 1015; x_wconf 88' lang='grc' dir='ltr'>τὸ</span> <span class='ocrx_word' id='word_1_173' title='bbox 3311 965 3470 1022; x_wconf 82' lang='grc' dir='ltr'><strong>πάθος</strong></span> <span class='ocrx_word' id='word_1_174' title='bbox 3502 970 3599 1012; x_wconf 85' lang='grc' dir='ltr'><strong>τῶν</strong></span> <span class='ocrx_word' id='word_1_175' title='bbox 3630 957 3888 1030; x_wconf 86' lang='grc' dir='ltr'>ἀδελφῶν,</span> 
     </span>
    </p>
   </div>
   <div class='ocr_carea' id='block_1_27' title="bbox 2289 1050 3891 1130">
    <p class='ocr_par' dir='ltr' id='par_1_27' title="bbox 2289 1050 3891 1130">
     <span class='ocr_line' id='line_1_27' title="bbox 2289 1050 3891 1130; baseline -0.007 -20"><span class='ocrx_word' id='word_1_176' title='bbox 2289 1064 2378 1110; x_wconf 82' lang='grc' dir='ltr'>καὶ</span> <span class='ocrx_word' id='word_1_177' title='bbox 2427 1065 2839 1130; x_wconf 67' lang='grc' dir='ltr'>κατηγοροῦνται</span> <span class='ocrx_word' id='word_1_178' title='bbox 2870 1059 3042 1126; x_wconf 83' lang='grc' dir='ltr'>φόνου,</span> <span class='ocrx_word' id='word_1_179' title='bbox 3086 1059 3173 1105; x_wconf 89' lang='lat' dir='ltr'><strong>xui</strong></span> <span class='ocrx_word' id='word_1_180' title='bbox 3208 1054 3332 1123; x_wconf 72' lang='grc'><strong>[132</strong></span> <span class='ocrx_word' id='word_1_181' title='bbox 3380 1054 3472 1121; x_wconf 67' lang='lat'><strong>8.]</strong></span> <span class='ocrx_word' id='word_1_182' title='bbox 3509 1050 3762 1121; x_wconf 84' lang='grc' dir='ltr'>ἀφίενται,</span> <span class='ocrx_word' id='word_1_183' title='bbox 3797 1056 3891 1099; x_wconf 86' lang='grc' dir='ltr'><strong>τοῦ</strong></span> 
     </span>
    </p>
   </div>
   <div class='ocr_carea' id='block_1_28' title="bbox 2290 1138 3891 1221">
    <p class='ocr_par' dir='ltr' id='par_1_28' title="bbox 2290 1138 3891 1221">
     <span class='ocr_line' id='line_1_28' title="bbox 2290 1138 3891 1221; baseline -0.008 -21"><span class='ocrx_word' id='word_1_184' title='bbox 2290 1146 2638 1221; x_wconf 77' lang='grc' dir='ltr'>πρεσϐυτέρου</span> <span class='ocrx_word' id='word_1_185' title='bbox 2710 1154 2805 1196; x_wconf 83' lang='grc' dir='ltr'><strong>τῶν</strong></span> <span class='ocrx_word' id='word_1_186' title='bbox 2885 1140 3137 1214; x_wconf 81' lang='grc' dir='ltr'>ἀδελφῶν,</span> <span class='ocrx_word' id='word_1_187' title='bbox 3199 1142 3252 1203; x_wconf 83' lang='grc' dir='ltr'>ὃς</span> <span class='ocrx_word' id='word_1_188' title='bbox 3323 1140 3571 1212; x_wconf 75' lang='grc' dir='ltr'>ἀνῃρήκει</span> <span class='ocrx_word' id='word_1_189' title='bbox 3633 1138 3891 1209; x_wconf 79' lang='grc' dir='ltr'>φαρμάκῳ</span> 
     </span>
    </p>
   </div>
   <div class='ocr_carea' id='block_1_29' title="bbox 2292 1226 3891 1306">
    <p class='ocr_par' dir='ltr' id='par_1_29' title="bbox 2292 1226 3891 1306">
     <span class='ocr_line' id='line_1_29' title="bbox 2292 1226 3891 1306; baseline -0.009 -17"><span class='ocrx_word' id='word_1_190' title='bbox 2292 1242 2376 1288; x_wconf 81' lang='grc' dir='ltr'><strong>τόν</strong></span> <span class='ocrx_word' id='word_1_191' title='bbox 2408 1238 2638 1306; x_wconf 72' lang='grc' dir='ltr'>ὕστερον,</span> <span class='ocrx_word' id='word_1_192' title='bbox 2674 1239 3135 1303; x_wconf 71' lang='grc' dir='ltr'>κατηγορήσαντος</span> <span class='ocrx_word' id='word_1_193' title='bbox 3162 1234 3271 1301; x_wconf 78' lang='grc' dir='ltr'>μεν,</span> <span class='ocrx_word' id='word_1_194' title='bbox 3310 1239 3371 1301; x_wconf 76' lang='grc' dir='ltr'>τῇ</span> <span class='ocrx_word' id='word_1_195' title='bbox 3425 1226 3483 1280; x_wconf 75' lang='grc' dir='ltr'>δὲ</span> <span class='ocrx_word' id='word_1_196' title='bbox 3534 1228 3699 1296; x_wconf 78' lang='grc' dir='ltr'><strong>οἰκείᾳ</strong></span> <span class='ocrx_word' id='word_1_197' title='bbox 3737 1228 3891 1277; x_wconf 80' lang='grc' dir='ltr'>ἀναι-</span> 
     </span>
    </p>
   </div>
   <div class='ocr_carea' id='block_1_30' title="bbox 2292 1314 3894 1399">
    <p class='ocr_par' dir='ltr' id='par_1_30' title="bbox 2292 1314 3894 1399">
     <span class='ocr_line' id='line_1_30' title="bbox 2292 1314 3894 1399; baseline -0.008 -22"><span class='ocrx_word' id='word_1_198' title='bbox 2292 1331 2431 1399; x_wconf 82' lang='grc' dir='ltr'>ρέσει</span> <span class='ocrx_word' id='word_1_199' title='bbox 2482 1324 2822 1382; x_wconf 82' lang='grc' dir='ltr'>ἀθωῶσαντος</span> <span class='ocrx_word' id='word_1_200' title='bbox 2865 1342 2876 1353; x_wconf 79' lang='grc'><strong>”</strong></span> <span class='ocrx_word' id='word_1_201' title='bbox 2920 1326 3007 1371; x_wconf 84' lang='grc' dir='ltr'>καὶ</span> <span class='ocrx_word' id='word_1_202' title='bbox 3062 1321 3295 1371; x_wconf 74' lang='grc' dir='ltr'>λανθάνει</span> <span class='ocrx_word' id='word_1_203' title='bbox 3351 1314 3595 1377; x_wconf 76' lang='grc' dir='ltr'>Ῥοδάνης</span> <span class='ocrx_word' id='word_1_204' title='bbox 3657 1314 3894 1385; x_wconf 80' lang='grc' dir='ltr'>ἀνελόμε-</span> 
     </span>
    </p>
   </div>
   <div class='ocr_carea' id='block_1_31' title="bbox 2294 1403 3893 1484">
    <p class='ocr_par' dir='ltr' id='par_1_31' title="bbox 2294 1403 3893 1484">
     <span class='ocr_line' id='line_1_31' title="bbox 2294 1403 3893 1484; baseline -0.008 -18"><span class='ocrx_word' id='word_1_205' title='bbox 2294 1435 2376 1474; x_wconf 89' lang='grc' dir='ltr'><strong>νος</strong></span> <span class='ocrx_word' id='word_1_206' title='bbox 2433 1418 2487 1465; x_wconf 88' lang='grc' dir='ltr'>τὸ</span> <span class='ocrx_word' id='word_1_207' title='bbox 2542 1416 2830 1484; x_wconf 71' lang='grc' dir='ltr'>φάρμακον.</span> <span class='ocrx_word' id='word_1_208' title='bbox 2885 1415 3232 1480; x_wconf 79' lang='grc' dir='ltr'>Καταίρουσιν</span> <span class='ocrx_word' id='word_1_209' title='bbox 3292 1408 3363 1468; x_wconf 78' lang='grc' dir='ltr'>εἰς</span> <span class='ocrx_word' id='word_1_210' title='bbox 3432 1410 3629 1477; x_wconf 82' lang='grc' dir='ltr'>οἶκημα</span> <span class='ocrx_word' id='word_1_211' title='bbox 3691 1403 3893 1475; x_wconf 81' lang='grc' dir='ltr'>λῃστοῦ</span> 
     </span>
    </p>
   </div>
   <div class='ocr_carea' id='block_1_32' title="bbox 2295 1496 3892 1575">
    <p class='ocr_par' dir='ltr' id='par_1_32' title="bbox 2295 1496 3892 1575">
     <span class='ocr_line' id='line_1_32' title="bbox 2295 1496 3892 1575; baseline -0.008 -20"><span class='ocrx_word' id='word_1_212' title='bbox 2295 1509 2416 1564; x_wconf 84' lang='grc' dir='ltr'>τούς</span> <span class='ocrx_word' id='word_1_213' title='bbox 2442 1498 2729 1575; x_wconf 81' lang='grc' dir='ltr'>παροδίτας</span> <span class='ocrx_word' id='word_1_214' title='bbox 2754 1501 2811 1571; x_wconf 81' lang='grc' dir='ltr'><strong>λῃ</strong></span> <span class='ocrx_word' id='word_1_215' title='bbox 2825 1503 3092 1559; x_wconf 87' lang='grc' dir='ltr'>στεύοντος</span> <span class='ocrx_word' id='word_1_216' title='bbox 3122 1503 3209 1549; x_wconf 85' lang='grc' dir='ltr'>καὶ</span> <span class='ocrx_word' id='word_1_217' title='bbox 3240 1502 3451 1555; x_wconf 82' lang='grc' dir='ltr'>τούτους</span> <span class='ocrx_word' id='word_1_218' title='bbox 3497 1496 3658 1562; x_wconf 79' lang='grc' dir='ltr'>ἐαυτῷ</span> <span class='ocrx_word' id='word_1_219' title='bbox 3710 1512 3892 1543; x_wconf 86' lang='grc' dir='ltr'>ποιου-</span> 
     </span>
    </p>
   </div>
   <div class='ocr_carea' id='block_1_33' title="bbox 2296 1584 3895 1664">
    <p class='ocr_par' dir='ltr' id='par_1_33' title="bbox 2296 1584 3895 1664">
     <span class='ocr_line' id='line_1_33' title="bbox 2296 1584 3895 1664; baseline -0.009 -20"><span class='ocrx_word' id='word_1_220' title='bbox 2296 1598 2446 1664; x_wconf 78' lang='grc' dir='ltr'>μένου</span> <span class='ocrx_word' id='word_1_221' title='bbox 2495 1593 2773 1663; x_wconf 77' lang='grc' dir='ltr'>τράπεζαν.</span> <span class='ocrx_word' id='word_1_222' title='bbox 2855 1594 2953 1639; x_wconf 81' lang='grc' dir='ltr'><strong>Καὶ</strong></span> <span class='ocrx_word' id='word_1_223' title='bbox 3013 1595 3341 1659; x_wconf 77' lang='grc' dir='ltr'>στρατιωτῶν</span> <span class='ocrx_word' id='word_1_224' title='bbox 3411 1586 3509 1635; x_wconf 81' lang='grc' dir='ltr'><strong>ύπό</strong></span> <span class='ocrx_word' id='word_1_225' title='bbox 3581 1591 3670 1633; x_wconf 77' lang='grc' dir='ltr'><strong>τοῦ</strong></span> <span class='ocrx_word' id='word_1_226' title='bbox 3744 1584 3895 1650; x_wconf 77' lang='grc' dir='ltr'><strong>Δοὶμα</strong></span> 
     </span>
    </p>
   </div>
   <div class='ocr_carea' id='block_1_34' title="bbox 2298 1670 3896 1749">
    <p class='ocr_par' dir='ltr' id='par_1_34' title="bbox 2298 1670 3896 1749">
     <span class='ocr_line' id='line_1_34' title="bbox 2298 1670 3896 1749; baseline -0.008 -17"><span class='ocrx_word' id='word_1_227' title='bbox 2298 1682 2599 1743; x_wconf 78' lang='grc' dir='ltr'>σταλέντων,</span> <span class='ocrx_word' id='word_1_228' title='bbox 2660 1679 2765 1730; x_wconf 80' lang='grc' dir='ltr'>ἐπεὶ</span> <span class='ocrx_word' id='word_1_229' title='bbox 2826 1680 2850 1727; x_wconf 85' lang='grc' dir='ltr'>ὁ</span> <span class='ocrx_word' id='word_1_230' title='bbox 2898 1677 3093 1749; x_wconf 78' lang='grc' dir='ltr'>λῃστής</span> <span class='ocrx_word' id='word_1_231' title='bbox 3167 1674 3490 1735; x_wconf 69' lang='grc' dir='ltr'>συνείληπτο,</span> <span class='ocrx_word' id='word_1_232' title='bbox 3554 1680 3655 1741; x_wconf 85' lang='grc' dir='ltr'><strong>πῦρ</strong></span> <span class='ocrx_word' id='word_1_233' title='bbox 3707 1670 3896 1741; x_wconf 72' lang='grc' dir='ltr'>ἐμϐαλ-</span> 
     </span>
    </p>
   </div>
   <div class='ocr_carea' id='block_1_35' title="bbox 2296 1762 3891 1835">
    <p class='ocr_par' dir='ltr' id='par_1_35' title="bbox 2296 1762 3891 1835">
     <span class='ocr_line' id='line_1_35' title="bbox 2296 1762 3891 1835; baseline -0.009 -14"><span class='ocrx_word' id='word_1_234' title='bbox 2296 1770 2433 1821; x_wconf 83' lang='grc' dir='ltr'>λεται</span> <span class='ocrx_word' id='word_1_235' title='bbox 2481 1769 2545 1827; x_wconf 76' lang='grc' dir='ltr'>εἰς</span> <span class='ocrx_word' id='word_1_236' title='bbox 2593 1772 2684 1825; x_wconf 80' lang='grc' dir='ltr'>τὴν</span> <span class='ocrx_word' id='word_1_237' title='bbox 2737 1766 2902 1816; x_wconf 79' lang='grc' dir='ltr'>οὶκίαν</span> <span class='ocrx_word' id='word_1_238' title='bbox 2937 1786 2948 1797; x_wconf 88' lang='grc'><strong>·</strong></span> <span class='ocrx_word' id='word_1_239' title='bbox 2982 1770 3070 1815; x_wconf 85' lang='grc' dir='ltr'>καὶ</span> <span class='ocrx_word' id='word_1_240' title='bbox 3120 1762 3581 1835; x_wconf 78' lang='grc' dir='ltr'>περιλαμϐάνονται</span> <span class='ocrx_word' id='word_1_241' title='bbox 3630 1768 3702 1828; x_wconf 73' lang='grc' dir='ltr'>τῷ</span> <span class='ocrx_word' id='word_1_242' title='bbox 3742 1764 3891 1830; x_wconf 77' lang='grc' dir='ltr'>πυρὶ,</span> 
     </span>
    </p>
   </div>
   <div class='ocr_carea' id='block_1_36' title="bbox 522 1834 2185 1930">
    <p class='ocr_par' dir='ltr' id='par_1_36' title="bbox 522 1858 2185 1930">
     <span class='ocr_line' id='line_1_36' title="bbox 522 1858 2185 1930; baseline 0.001 -17"><span class='ocrx_word' id='word_1_243' title='bbox 522 1860 822 1929; x_wconf 87' lang='lat' dir='ltr'><strong>prehensi,</strong></span> <span class='ocrx_word' id='word_1_244' title='bbox 838 1874 991 1925; x_wconf 67' lang='lat' dir='ltr'><strong>aegre</strong></span> <span class='ocrx_word' id='word_1_245' title='bbox 1007 1858 1335 1911; x_wconf 86' lang='lat' dir='ltr'><strong>admodum</strong></span> <span class='ocrx_word' id='word_1_246' title='bbox 1359 1866 1609 1911; x_wconf 88' lang='lat' dir='ltr'><strong>mortem</strong></span> <span class='ocrx_word' id='word_1_247' title='bbox 1624 1866 1961 1925; x_wconf 84' lang='lat' dir='ltr'><strong>evaserunt,</strong></span> <span class='ocrx_word' id='word_1_248' title='bbox 1980 1876 2082 1929; x_wconf 92' lang='lat' dir='ltr'><strong>per</strong></span> <span class='ocrx_word' id='word_1_249' title='bbox 2095 1863 2112 1930; x_wconf 88' lang='lat' dir='ltr'><strong>j</strong></span> <span class='ocrx_word' id='word_1_250' title='bbox 2126 1877 2185 1913; x_wconf 95' lang='lat' dir='ltr'><strong>u-</strong></span> 
     </span>
    </p>
   </div>
   <div class='ocr_carea' id='block_1_37' title="bbox 2296 1834 3891 1930">
    <p class='ocr_par' dir='ltr' id='par_1_37' title="bbox 2299 1849 3891 1929">
     <span class='ocr_line' id='line_1_37' title="bbox 2299 1849 3891 1929; baseline -0.01 -19"><span class='ocrx_word' id='word_1_251' title='bbox 2299 1861 2422 1929; x_wconf 75' lang='grc'><strong>[240</strong></span> <span class='ocrx_word' id='word_1_252' title='bbox 2484 1859 2567 1925; x_wconf 65' lang='grc'><strong>3.]</strong></span> <span class='ocrx_word' id='word_1_253' title='bbox 2633 1862 2721 1907; x_wconf 82' lang='grc' dir='ltr'>καὶ</span> <span class='ocrx_word' id='word_1_254' title='bbox 2776 1851 3124 1925; x_wconf 74' lang='grc' dir='ltr'>διαφεύγουσι</span> <span class='ocrx_word' id='word_1_255' title='bbox 3176 1852 3322 1923; x_wconf 82' lang='grc' dir='ltr'>μόλις</span> <span class='ocrx_word' id='word_1_256' title='bbox 3374 1855 3457 1902; x_wconf 89' lang='grc' dir='ltr'>τὸν</span> <span class='ocrx_word' id='word_1_257' title='bbox 3510 1849 3715 1920; x_wconf 77' lang='grc' dir='ltr'>ὄλεθρον</span> <span class='ocrx_word' id='word_1_258' title='bbox 3791 1856 3891 1896; x_wconf 85' lang='grc' dir='ltr'><strong>τῶν</strong></span> 
     </span>
    </p>
   </div>
   <div class='ocr_carea' id='block_1_38' title="bbox 528 1946 2186 2017">
    <p class='ocr_par' dir='ltr' id='par_1_38' title="bbox 528 1946 2186 2017">
     <span class='ocr_line' id='line_1_38' title="bbox 528 1946 2186 2017; baseline 0.001 -16"><span class='ocrx_word' id='word_1_259' title='bbox 528 1948 763 2017; x_wconf 86' lang='lat' dir='ltr'><strong>gulatos</strong></span> <span class='ocrx_word' id='word_1_260' title='bbox 797 1954 852 2000; x_wconf 92' lang='lat' dir='ltr'><strong>et</strong></span> <span class='ocrx_word' id='word_1_261' title='bbox 891 1948 948 1998; x_wconf 92' lang='lat' dir='ltr'><strong>in</strong></span> <span class='ocrx_word' id='word_1_262' title='bbox 981 1946 1180 2014; x_wconf 91' lang='lat' dir='ltr'><strong>ignem</strong></span> <span class='ocrx_word' id='word_1_263' title='bbox 1212 1946 1513 2014; x_wconf 87' lang='lat' dir='ltr'><strong>conjectos</strong></span> <span class='ocrx_word' id='word_1_264' title='bbox 1548 1948 1751 2000; x_wconf 89' lang='lat' dir='ltr'><strong>asinos</strong></span> <span class='ocrx_word' id='word_1_265' title='bbox 1791 1949 2042 2003; x_wconf 88' lang='lat' dir='ltr'><strong>transitu</strong></span> <span class='ocrx_word' id='word_1_266' title='bbox 2075 1950 2186 2003; x_wconf 89' lang='lat' dir='ltr'><strong>sibi</strong></span> 
     </span>
    </p>
   </div>
   <div class='ocr_carea' id='block_1_39' title="bbox 526 2034 2184 2107">
    <p class='ocr_par' dir='ltr' id='par_1_39' title="bbox 526 2034 2184 2107">
     <span class='ocr_line' id='line_1_39' title="bbox 526 2034 2184 2107; baseline 0 -16"><span class='ocrx_word' id='word_1_267' title='bbox 526 2043 755 2106; x_wconf 88' lang='lat' dir='ltr'><strong>parato.</strong></span> <span class='ocrx_word' id='word_1_268' title='bbox 794 2035 913 2087; x_wconf 83' lang='lat' dir='ltr'><strong>Visi</strong></span> <span class='ocrx_word' id='word_1_269' title='bbox 943 2034 1119 2103; x_wconf 85' lang='lat' dir='ltr'><strong>igitur</strong></span> <span class='ocrx_word' id='word_1_270' title='bbox 1150 2049 1185 2087; x_wconf 92' lang='lat' dir='ltr'><strong>a</strong></span> <span class='ocrx_word' id='word_1_271' title='bbox 1227 2034 1505 2087; x_wconf 88' lang='lat' dir='ltr'><strong>militibus</strong></span> <span class='ocrx_word' id='word_1_272' title='bbox 1550 2040 1751 2098; x_wconf 91' lang='lat' dir='ltr'><strong>noctu,</strong></span> <span class='ocrx_word' id='word_1_273' title='bbox 1797 2037 1899 2107; x_wconf 91' lang='lat' dir='ltr'><strong>qui</strong></span> <span class='ocrx_word' id='word_1_274' title='bbox 1932 2036 2184 2091; x_wconf 90' lang='lat' dir='ltr'><strong>domum</strong></span> 
     </span>
    </p>
   </div>
   <div class='ocr_carea' id='block_1_40' title="bbox 524 2124 2184 2193">
    <p class='ocr_par' dir='ltr' id='par_1_40' title="bbox 524 2124 2184 2193">
     <span class='ocr_line' id='line_1_40' title="bbox 524 2124 2184 2193; baseline -0.001 -13"><span class='ocrx_word' id='word_1_275' title='bbox 524 2125 932 2188; x_wconf 86' lang='lat' dir='ltr'><strong>accenderant,</strong></span> <span class='ocrx_word' id='word_1_276' title='bbox 966 2131 1021 2177; x_wconf 89' lang='lat' dir='ltr'><strong>et</strong></span> <span class='ocrx_word' id='word_1_277' title='bbox 1047 2124 1380 2189; x_wconf 85' lang='lat' dir='ltr'><strong>interrogati</strong></span> <span class='ocrx_word' id='word_1_278' title='bbox 1410 2124 1660 2193; x_wconf 89' lang='lat' dir='ltr'><strong>quinam</strong></span> <span class='ocrx_word' id='word_1_279' title='bbox 1692 2130 1901 2189; x_wconf 88' lang='lat' dir='ltr'><strong>essent,</strong></span> <span class='ocrx_word' id='word_1_280' title='bbox 1938 2126 2184 2180; x_wconf 90' lang='lat' dir='ltr'><strong>umbras</strong></span> 
     </span>
    </p>
   </div>
   <div class='ocr_carea' id='block_1_41' title="bbox 526 2210 2185 2285">
    <p class='ocr_par' dir='ltr' id='par_1_41' title="bbox 526 2210 2185 2285">
     <span class='ocr_line' id='line_1_41' title="bbox 526 2210 2185 2285; baseline 0.001 -19"><span class='ocrx_word' id='word_1_281' title='bbox 526 2228 590 2266; x_wconf 90' lang='lat' dir='ltr'><strong>se</strong></span> <span class='ocrx_word' id='word_1_282' title='bbox 613 2228 745 2267; x_wconf 86' lang='lat' dir='ltr'><strong>esse</strong></span> <span class='ocrx_word' id='word_1_283' title='bbox 780 2228 1011 2274; x_wconf 90' lang='lat' dir='ltr'><strong>eorum,</strong></span> <span class='ocrx_word' id='word_1_284' title='bbox 1054 2227 1199 2281; x_wconf 89' lang='lat' dir='ltr'><strong>quos</strong></span> <span class='ocrx_word' id='word_1_285' title='bbox 1231 2210 1380 2264; x_wconf 85' lang='lat' dir='ltr'><strong>latro</strong></span> <span class='ocrx_word' id='word_1_286' title='bbox 1420 2211 1513 2265; x_wconf 92' lang='lat' dir='ltr'><strong>ille</strong></span> <span class='ocrx_word' id='word_1_287' title='bbox 1547 2211 1903 2281; x_wconf 88' lang='lat' dir='ltr'><strong>jugulasset,</strong></span> <span class='ocrx_word' id='word_1_288' title='bbox 1944 2230 2185 2285; x_wconf 90' lang='lat' dir='ltr'><strong>respon-</strong></span> 
     </span>
    </p>
   </div>
   <div class='ocr_carea' id='block_1_42' title="bbox 524 2299 2187 2370">
    <p class='ocr_par' dir='ltr' id='par_1_42' title="bbox 524 2299 2187 2370">
     <span class='ocr_line' id='line_1_42' title="bbox 524 2299 2187 2370; baseline 0.001 -15"><span class='ocrx_word' id='word_1_289' title='bbox 524 2301 665 2355; x_wconf 86' lang='lat' dir='ltr'><strong>dent</strong></span> <span class='ocrx_word' id='word_1_290' title='bbox 700 2316 712 2354; x_wconf 94' lang='lat'>:</span> <span class='ocrx_word' id='word_1_291' title='bbox 743 2301 819 2355; x_wconf 90' lang='lat' dir='ltr'><strong>ita</strong></span> <span class='ocrx_word' id='word_1_292' title='bbox 848 2299 1072 2370; x_wconf 85' lang='lat' dir='ltr'><strong>pallore</strong></span> <span class='ocrx_word' id='word_1_293' title='bbox 1104 2302 1415 2370; x_wconf 84' lang='lat' dir='ltr'><strong>macieque</strong></span> <span class='ocrx_word' id='word_1_294' title='bbox 1443 2301 1659 2365; x_wconf 89' lang='lat' dir='ltr'><strong>vultus,</strong></span> <span class='ocrx_word' id='word_1_295' title='bbox 1695 2316 1763 2355; x_wconf 91' lang='lat' dir='ltr'><strong>ac</strong></span> <span class='ocrx_word' id='word_1_296' title='bbox 1788 2303 1943 2355; x_wconf 89' lang='lat' dir='ltr'><strong>vocis</strong></span> <span class='ocrx_word' id='word_1_297' title='bbox 1974 2304 2187 2356; x_wconf 90' lang='lat' dir='ltr'><strong>remis-</strong></span> 
     </span>
    </p>
   </div>
   <div class='ocr_carea' id='block_1_43' title="bbox 525 2387 2186 2461">
    <p class='ocr_par' dir='ltr' id='par_1_43' title="bbox 525 2387 2186 2461">
     <span class='ocr_line' id='line_1_43' title="bbox 525 2387 2186 2461; baseline 0.001 -16"><span class='ocrx_word' id='word_1_298' title='bbox 525 2390 691 2445; x_wconf 89' lang='lat' dir='ltr'><strong>sione</strong></span> <span class='ocrx_word' id='word_1_299' title='bbox 719 2388 996 2443; x_wconf 85' lang='lat' dir='ltr'><strong>militibus</strong></span> <span class='ocrx_word' id='word_1_300' title='bbox 1028 2387 1455 2455; x_wconf 84' lang='lat' dir='ltr'><strong>satisfecerunt,</strong></span> <span class='ocrx_word' id='word_1_301' title='bbox 1490 2395 1886 2461; x_wconf 82' lang='lat' dir='ltr'><strong>terroremque</strong></span> <span class='ocrx_word' id='word_1_302' title='bbox 1917 2393 2186 2447; x_wconf 88' lang='lat' dir='ltr'><strong>incusse-</strong></span> 
     </span>
    </p>
   </div>
   <div class='ocr_carea' id='block_1_44' title="bbox 524 2479 2185 2551">
    <p class='ocr_par' dir='ltr' id='par_1_44' title="bbox 524 2479 2185 2551">
     <span class='ocr_line' id='line_1_44' title="bbox 524 2479 2185 2551; baseline 0.001 -17"><span class='ocrx_word' id='word_1_303' title='bbox 524 2484 685 2536; x_wconf 89' lang='lat' dir='ltr'><strong>runt.</strong></span> <span class='ocrx_word' id='word_1_304' title='bbox 741 2481 963 2547; x_wconf 86' lang='lat' dir='ltr'><strong>Fugam</strong></span> <span class='ocrx_word' id='word_1_305' title='bbox 1009 2494 1244 2532; x_wconf 89' lang='lat' dir='ltr'><strong>rursum</strong></span> <span class='ocrx_word' id='word_1_306' title='bbox 1293 2479 1427 2532; x_wconf 88' lang='lat' dir='ltr'><strong>inde</strong></span> <span class='ocrx_word' id='word_1_307' title='bbox 1473 2488 1874 2549; x_wconf 90' lang='lat' dir='ltr'><strong>capessentes,</strong></span> <span class='ocrx_word' id='word_1_308' title='bbox 1920 2482 2079 2551; x_wconf 83' lang='lat' dir='ltr'><strong>75a</strong></span> <span class='ocrx_word' id='word_1_309' title='bbox 2126 2486 2185 2536; x_wconf 88' lang='lat' dir='ltr'><strong>in</strong></span> 
     </span>
    </p>
   </div>
   <div class='ocr_carea' id='block_1_45' title="bbox 525 2566 2183 2641">
    <p class='ocr_par' dir='ltr' id='par_1_45' title="bbox 525 2566 2183 2641">
     <span class='ocr_line' id='line_1_45' title="bbox 525 2566 2183 2641; baseline 0.001 -18"><span class='ocrx_word' id='word_1_310' title='bbox 525 2568 784 2641; x_wconf 87' lang='lat' dir='ltr'><strong>puellam</strong></span> <span class='ocrx_word' id='word_1_311' title='bbox 814 2569 959 2622; x_wconf 88' lang='lat' dir='ltr'><strong>forte</strong></span> <span class='ocrx_word' id='word_1_312' title='bbox 991 2567 1069 2621; x_wconf 90' lang='lat' dir='ltr'><strong>ad</strong></span> <span class='ocrx_word' id='word_1_313' title='bbox 1100 2566 1439 2637; x_wconf 88' lang='lat' dir='ltr'><strong>sepulcrum</strong></span> <span class='ocrx_word' id='word_1_314' title='bbox 1474 2568 1690 2622; x_wconf 90' lang='lat' dir='ltr'><strong>elatam</strong></span> <span class='ocrx_word' id='word_1_315' title='bbox 1715 2568 2069 2634; x_wconf 88' lang='lat' dir='ltr'><strong>inciderunt,</strong></span> <span class='ocrx_word' id='word_1_316' title='bbox 2104 2577 2183 2625; x_wconf 91' lang='lat' dir='ltr'><strong>at-</strong></span> 
     </span>
    </p>
   </div>
   <div class='ocr_carea' id='block_1_46' title="bbox 524 2656 2180 2730">
    <p class='ocr_par' dir='ltr' id='par_1_46' title="bbox 524 2656 2180 2730">
     <span class='ocr_line' id='line_1_46' title="bbox 524 2656 2180 2730; baseline -0.001 -18"><span class='ocrx_word' id='word_1_317' title='bbox 524 2674 639 2730; x_wconf 88' lang='lat' dir='ltr'><strong>que</strong></span> <span class='ocrx_word' id='word_1_318' title='bbox 668 2658 747 2712; x_wconf 85' lang='lat' dir='ltr'><strong>ad</strong></span> <span class='ocrx_word' id='word_1_319' title='bbox 778 2656 1171 2728; x_wconf 90' lang='lat' dir='ltr'><strong>spectandum</strong></span> <span class='ocrx_word' id='word_1_320' title='bbox 1204 2656 1473 2711; x_wconf 78' lang='lat' dir='ltr'><strong>aﬂluenti</strong></span> <span class='ocrx_word' id='word_1_321' title='bbox 1505 2673 1566 2711; x_wconf 91' lang='lat' dir='ltr'><strong>se</strong></span> <span class='ocrx_word' id='word_1_322' title='bbox 1607 2658 1790 2712; x_wconf 71' lang='lat' dir='ltr'><strong>turbae</strong></span> <span class='ocrx_word' id='word_1_323' title='bbox 1823 2659 2180 2713; x_wconf 88' lang='lat' dir='ltr'><strong>immiscent.</strong></span> 
     </span>
    </p>
   </div>
   <div class='ocr_carea' id='block_1_47' title="bbox 526 2745 2185 2819">
    <p class='ocr_par' dir='ltr' id='par_1_47' title="bbox 526 2745 2185 2819">
     <span class='ocr_line' id='line_1_47' title="bbox 526 2745 2185 2819; baseline 0.001 -18"><span class='ocrx_word' id='word_1_324' title='bbox 526 2747 627 2801; x_wconf 86' lang='lat' dir='ltr'><strong>Hic</strong></span> <span class='ocrx_word' id='word_1_325' title='bbox 658 2761 839 2801; x_wconf 83' lang='lat' dir='ltr'><strong>senex</strong></span> <span class='ocrx_word' id='word_1_326' title='bbox 872 2745 1183 2799; x_wconf 68' lang='lat' dir='ltr'><strong>Chaldaaus</strong></span> <span class='ocrx_word' id='word_1_327' title='bbox 1216 2752 1458 2816; x_wconf 90' lang='lat' dir='ltr'><strong>propter</strong></span> <span class='ocrx_word' id='word_1_328' title='bbox 1488 2754 1712 2813; x_wconf 85' lang='lat' dir='ltr'><strong>astans,</strong></span> <span class='ocrx_word' id='word_1_329' title='bbox 1744 2746 1978 2818; x_wconf 89' lang='lat' dir='ltr'><strong>sepeliri</strong></span> <span class='ocrx_word' id='word_1_330' title='bbox 2023 2748 2185 2819; x_wconf 89' lang='lat' dir='ltr'><strong>puel-</strong></span> 
     </span>
    </p>
   </div>
   <div class='ocr_carea' id='block_1_48' title="bbox 525 2835 2185 2905">
    <p class='ocr_par' dir='ltr' id='par_1_48' title="bbox 525 2835 2185 2905">
     <span class='ocr_line' id='line_1_48' title="bbox 525 2835 2185 2905; baseline 0.001 -16"><span class='ocrx_word' id='word_1_331' title='bbox 525 2836 646 2891; x_wconf 93' lang='lat' dir='ltr'><strong>lam</strong></span> <span class='ocrx_word' id='word_1_332' title='bbox 686 2842 844 2889; x_wconf 86' lang='lat' dir='ltr'><strong>vetat</strong></span> <span class='ocrx_word' id='word_1_333' title='bbox 889 2851 902 2899; x_wconf 92' lang='lat'>;</span> <span class='ocrx_word' id='word_1_334' title='bbox 948 2836 1174 2905; x_wconf 89' lang='lat' dir='ltr'><strong>spirare</strong></span> <span class='ocrx_word' id='word_1_335' title='bbox 1206 2836 1364 2888; x_wconf 90' lang='lat' dir='ltr'><strong>enim</strong></span> <span class='ocrx_word' id='word_1_336' title='bbox 1410 2851 1480 2889; x_wconf 92' lang='lat' dir='ltr'><strong>ac</strong></span> <span class='ocrx_word' id='word_1_337' title='bbox 1511 2835 1703 2890; x_wconf 87' lang='lat' dir='ltr'><strong>vivere</strong></span> <span class='ocrx_word' id='word_1_338' title='bbox 1738 2835 2070 2891; x_wconf 89' lang='lat' dir='ltr'><strong>etiamnum</strong></span> <span class='ocrx_word' id='word_1_339' title='bbox 2103 2836 2185 2891; x_wconf 88' lang='lat' dir='ltr'><strong>af-</strong></span> 
     </span>
    </p>
   </div>
   <div class='ocr_carea' id='block_1_49' title="bbox 524 2922 2185 2993">
    <p class='ocr_par' dir='ltr' id='par_1_49' title="bbox 524 2922 2185 2993">
     <span class='ocr_line' id='line_1_49' title="bbox 524 2922 2185 2993; baseline 0.001 -16"><span class='ocrx_word' id='word_1_340' title='bbox 524 2924 793 2987; x_wconf 84' lang='lat' dir='ltr'><strong>ﬁrmans,</strong></span> <span class='ocrx_word' id='word_1_341' title='bbox 829 2929 890 2976; x_wconf 91' lang='lat' dir='ltr'><strong>ut</strong></span> <span class='ocrx_word' id='word_1_342' title='bbox 919 2937 1011 2975; x_wconf 90' lang='lat' dir='ltr'><strong>res</strong></span> <span class='ocrx_word' id='word_1_343' title='bbox 1040 2923 1170 2993; x_wconf 89' lang='lat' dir='ltr'><strong>ipsa</strong></span> <span class='ocrx_word' id='word_1_344' title='bbox 1196 2922 1534 2978; x_wconf 90' lang='lat' dir='ltr'><strong>declaravit.</strong></span> <span class='ocrx_word' id='word_1_345' title='bbox 1569 2923 1839 2977; x_wconf 82' lang='lat' dir='ltr'><strong>Rhodani</strong></span> <span class='ocrx_word' id='word_1_346' title='bbox 1873 2925 2048 2979; x_wconf 90' lang='lat' dir='ltr'><strong>etiam</strong></span> <span class='ocrx_word' id='word_1_347' title='bbox 2086 2940 2185 2979; x_wconf 88' lang='lat' dir='ltr'><strong>va-</strong></span> 
     </span>
    </p>
   </div>
   <div class='ocr_carea' id='block_1_50' title="bbox 526 3011 2183 3082">
    <p class='ocr_par' dir='ltr' id='par_1_50' title="bbox 526 3011 2183 3082">
     <span class='ocr_line' id='line_1_50' title="bbox 526 3011 2183 3082; baseline -0.001 -14"><span class='ocrx_word' id='word_1_348' title='bbox 526 3014 796 3076; x_wconf 89' lang='lat' dir='ltr'><strong>ticinans,</strong></span> <span class='ocrx_word' id='word_1_349' title='bbox 813 3012 1084 3082; x_wconf 66' lang='lat' dir='ltr'><strong>praedixit</strong></span> <span class='ocrx_word' id='word_1_350' title='bbox 1102 3011 1428 3081; x_wconf 87' lang='lat' dir='ltr'><strong>aliquando</strong></span> <span class='ocrx_word' id='word_1_351' title='bbox 1456 3018 1865 3082; x_wconf 89' lang='lat' dir='ltr'><strong>regnaturum.</strong></span> <span class='ocrx_word' id='word_1_352' title='bbox 1894 3013 2183 3068; x_wconf 89' lang='lat' dir='ltr'><strong>Tumulus</strong></span> 
     </span>
    </p>
   </div>
   <div class='ocr_carea' id='block_1_51' title="bbox 526 3100 2185 3176">
    <p class='ocr_par' dir='ltr' id='par_1_51' title="bbox 526 3100 2185 3173">
     <span class='ocr_line' id='line_1_51' title="bbox 526 3100 2185 3173; baseline -0.001 -14"><span class='ocrx_word' id='word_1_353' title='bbox 526 3118 662 3171; x_wconf 86' lang='lat' dir='ltr'><strong>ergo</strong></span> <span class='ocrx_word' id='word_1_354' title='bbox 694 3102 905 3173; x_wconf 62' lang='lat' dir='ltr'><strong>puellas</strong></span> <span class='ocrx_word' id='word_1_355' title='bbox 938 3100 1126 3154; x_wconf 89' lang='lat' dir='ltr'><strong>inanis</strong></span> <span class='ocrx_word' id='word_1_356' title='bbox 1166 3100 1474 3165; x_wconf 90' lang='lat' dir='ltr'><strong>deseritur,</strong></span> <span class='ocrx_word' id='word_1_357' title='bbox 1508 3101 1697 3155; x_wconf 89' lang='lat' dir='ltr'><strong>multa</strong></span> <span class='ocrx_word' id='word_1_358' title='bbox 1727 3102 1807 3156; x_wconf 90' lang='lat' dir='ltr'><strong>ibi</strong></span> <span class='ocrx_word' id='word_1_359' title='bbox 1839 3109 2020 3166; x_wconf 90' lang='lat' dir='ltr'><strong>veste,</strong></span> <span class='ocrx_word' id='word_1_360' title='bbox 2054 3119 2185 3173; x_wconf 68' lang='lat' dir='ltr'><strong>quae</strong></span> 
     </span>
    </p>
   </div>
   <div class='ocr_carea' id='block_1_52' title="bbox 2296 3100 3200 3176">
    <p class='ocr_par' dir='ltr' id='par_1_52' title="bbox 2296 3102 3200 3176">
     <span class='ocr_line' id='line_1_52' title="bbox 2296 3102 3200 3176; baseline -0.007 -19"><span class='ocrx_word' id='word_1_361' title='bbox 2296 3109 2458 3176; x_wconf 74' lang='grc' dir='ltr'>τάφῳ,</span> <span class='ocrx_word' id='word_1_362' title='bbox 2500 3107 2574 3155; x_wconf 84' lang='grc' dir='ltr'>ἔτι</span> <span class='ocrx_word' id='word_1_363' title='bbox 2623 3122 2675 3154; x_wconf 87' lang='grc' dir='ltr'><strong>τε</strong></span> <span class='ocrx_word' id='word_1_364' title='bbox 2722 3107 2865 3154; x_wconf 86' lang='grc' dir='ltr'>σιτία</span> <span class='ocrx_word' id='word_1_365' title='bbox 2901 3108 2990 3153; x_wconf 86' lang='grc' dir='ltr'>καὶ</span> <span class='ocrx_word' id='word_1_366' title='bbox 3020 3102 3154 3153; x_wconf 78' lang='grc' dir='ltr'>ποτά</span> <span class='ocrx_word' id='word_1_367' title='bbox 3189 3121 3200 3133; x_wconf 92' lang='grc'>·</span> 
     </span>
    </p>
   </div>
   <div class='ocr_carea' id='block_1_53' title="bbox 2296 1935 3895 2017">
    <p class='ocr_par' dir='ltr' id='par_1_53' title="bbox 2296 1935 3895 2017">
     <span class='ocr_line' id='line_1_53' title="bbox 2296 1935 3895 2017; baseline -0.009 -18"><span class='ocrx_word' id='word_1_368' title='bbox 2296 1953 2419 2000; x_wconf 74' lang='grc' dir='ltr'>ὄνων</span> <span class='ocrx_word' id='word_1_369' title='bbox 2470 1949 2761 2017; x_wconf 74' lang='grc' dir='ltr'>σφαγέντων</span> <span class='ocrx_word' id='word_1_370' title='bbox 2836 1948 2924 1994; x_wconf 83' lang='grc' dir='ltr'>καὶ</span> <span class='ocrx_word' id='word_1_371' title='bbox 2978 1952 3047 2012; x_wconf 77' lang='grc' dir='ltr'>τῳ</span> <span class='ocrx_word' id='word_1_372' title='bbox 3098 1947 3223 2015; x_wconf 84' lang='grc' dir='ltr'>πυρὶ</span> <span class='ocrx_word' id='word_1_373' title='bbox 3286 1941 3357 2001; x_wconf 84' lang='grc' dir='ltr'>εἰς</span> <span class='ocrx_word' id='word_1_374' title='bbox 3406 1935 3586 1991; x_wconf 81' lang='grc' dir='ltr'>δίοδον</span> <span class='ocrx_word' id='word_1_375' title='bbox 3638 1935 3895 1987; x_wconf 77' lang='grc' dir='ltr'>ἐπιτεθέν-</span> 
     </span>
    </p>
   </div>
   <div class='ocr_carea' id='block_1_54' title="bbox 2296 2023 3893 2107">
    <p class='ocr_par' dir='ltr' id='par_1_54' title="bbox 2296 2023 3893 2107">
     <span class='ocr_line' id='line_1_54' title="bbox 2296 2023 3893 2107; baseline -0.011 -18"><span class='ocrx_word' id='word_1_376' title='bbox 2296 2058 2413 2091; x_wconf 88' lang='grc' dir='ltr'>των.</span> <span class='ocrx_word' id='word_1_377' title='bbox 2466 2038 2797 2107; x_wconf 78' lang='grc' dir='ltr'>Καθορῶνται</span> <span class='ocrx_word' id='word_1_378' title='bbox 2848 2036 3045 2103; x_wconf 77' lang='grc' dir='ltr'>νύκτωρ</span> <span class='ocrx_word' id='word_1_379' title='bbox 3101 2033 3200 2083; x_wconf 82' lang='grc' dir='ltr'><strong>ύπό</strong></span> <span class='ocrx_word' id='word_1_380' title='bbox 3245 2038 3341 2081; x_wconf 87' lang='grc' dir='ltr'><strong>τῶν</strong></span> <span class='ocrx_word' id='word_1_381' title='bbox 3400 2033 3457 2079; x_wconf 90' lang='grc' dir='ltr'>τὸ</span> <span class='ocrx_word' id='word_1_382' title='bbox 3506 2035 3608 2096; x_wconf 88' lang='grc' dir='ltr'><strong>πῦρ</strong></span> <span class='ocrx_word' id='word_1_383' title='bbox 3648 2023 3893 2096; x_wconf 78' lang='grc' dir='ltr'>ἐμϐαλόν-</span> 
     </span>
    </p>
   </div>
   <div class='ocr_carea' id='block_1_55' title="bbox 2296 2114 3892 2195">
    <p class='ocr_par' dir='ltr' id='par_1_55' title="bbox 2296 2114 3892 2195">
     <span class='ocr_line' id='line_1_55' title="bbox 2296 2114 3892 2195; baseline -0.009 -18"><span class='ocrx_word' id='word_1_384' title='bbox 2296 2146 2416 2191; x_wconf 86' lang='grc' dir='ltr'>των,</span> <span class='ocrx_word' id='word_1_385' title='bbox 2461 2130 2550 2176; x_wconf 85' lang='grc' dir='ltr'>καὶ</span> <span class='ocrx_word' id='word_1_386' title='bbox 2603 2124 3002 2195; x_wconf 77' lang='grc' dir='ltr'>ἐπερωτηθέντες</span> <span class='ocrx_word' id='word_1_387' title='bbox 3040 2125 3167 2179; x_wconf 87' lang='grc' dir='ltr'>τίνες</span> <span class='ocrx_word' id='word_1_388' title='bbox 3215 2116 3328 2181; x_wconf 81' lang='grc' dir='ltr'>εἶεν,</span> <span class='ocrx_word' id='word_1_389' title='bbox 3388 2114 3595 2169; x_wconf 85' lang='grc' dir='ltr'>Εῐδωλα</span> <span class='ocrx_word' id='word_1_390' title='bbox 3640 2124 3738 2166; x_wconf 86' lang='grc' dir='ltr'><strong>τῶν</strong></span> <span class='ocrx_word' id='word_1_391' title='bbox 3792 2114 3892 2163; x_wconf 85' lang='grc' dir='ltr'><strong>ύπό</strong></span> 
     </span>
    </p>
   </div>
   <div class='ocr_carea' id='block_1_56' title="bbox 2296 2204 3891 2286">
    <p class='ocr_par' dir='ltr' id='par_1_56' title="bbox 2296 2204 3891 2286">
     <span class='ocr_line' id='line_1_56' title="bbox 2296 2204 3891 2286; baseline -0.01 -19"><span class='ocrx_word' id='word_1_392' title='bbox 2296 2225 2385 2267; x_wconf 87' lang='grc' dir='ltr'><strong>τοῦ</strong></span> <span class='ocrx_word' id='word_1_393' title='bbox 2420 2216 2615 2286; x_wconf 88' lang='grc' dir='ltr'>λῃστοῦ</span> <span class='ocrx_word' id='word_1_394' title='bbox 2659 2212 3042 2286; x_wconf 79' lang='grc' dir='ltr'>ἀναιρεθέντων,</span> <span class='ocrx_word' id='word_1_395' title='bbox 3078 2208 3461 2281; x_wconf 80' lang='grc' dir='ltr'>ἀποκρίνονται,</span> <span class='ocrx_word' id='word_1_396' title='bbox 3500 2211 3589 2257; x_wconf 86' lang='grc' dir='ltr'>καὶ</span> <span class='ocrx_word' id='word_1_397' title='bbox 3721 2204 3891 2275; x_wconf 57' lang='lat' dir='ltr'><strong>om.</strong></span> 
     </span>
    </p>
   </div>
   <div class='ocr_carea' id='block_1_57' title="bbox 2295 2292 3893 2367">
    <p class='ocr_par' dir='ltr' id='par_1_57' title="bbox 2295 2292 3893 2367">
     <span class='ocr_line' id='line_1_57' title="bbox 2295 2292 3893 2367; baseline -0.009 -12"><span class='ocrx_word' id='word_1_398' title='bbox 2295 2323 2413 2360; x_wconf 89' lang='grc' dir='ltr'>τητι</span> <span class='ocrx_word' id='word_1_399' title='bbox 2464 2308 2553 2353; x_wconf 84' lang='grc' dir='ltr'><strong>καὶ</strong></span> <span class='ocrx_word' id='word_1_400' title='bbox 2599 2301 2874 2357; x_wconf 76' lang='grc' dir='ltr'>λεπτότητι</span> <span class='ocrx_word' id='word_1_401' title='bbox 2931 2307 3026 2358; x_wconf 82' lang='grc' dir='ltr'>τῆς</span> <span class='ocrx_word' id='word_1_402' title='bbox 3092 2296 3257 2367; x_wconf 75' lang='grc' dir='ltr'>ὅψεως</span> <span class='ocrx_word' id='word_1_403' title='bbox 3308 2301 3395 2347; x_wconf 84' lang='grc' dir='ltr'>καὶ</span> <span class='ocrx_word' id='word_1_404' title='bbox 3443 2302 3504 2366; x_wconf 79' lang='grc' dir='ltr'>τῇ</span> <span class='ocrx_word' id='word_1_405' title='bbox 3568 2292 3751 2362; x_wconf 75' lang='grc' dir='ltr'>ἀτονία</span> <span class='ocrx_word' id='word_1_406' title='bbox 3802 2298 3893 2350; x_wconf 81' lang='grc' dir='ltr'>τῆς</span> 
     </span>
    </p>
   </div>
   <div class='ocr_carea' id='block_1_58' title="bbox 2295 2378 3892 2463">
    <p class='ocr_par' dir='ltr' id='par_1_58' title="bbox 2295 2378 3892 2463">
     <span class='ocr_line' id='line_1_58' title="bbox 2295 2378 3892 2463; baseline -0.009 -21"><span class='ocrx_word' id='word_1_407' title='bbox 2295 2398 2463 2463; x_wconf 83' lang='grc' dir='ltr'>φωνῆς</span> <span class='ocrx_word' id='word_1_408' title='bbox 2494 2392 2700 2441; x_wconf 76' lang='grc' dir='ltr'>ἔπεισαν</span> <span class='ocrx_word' id='word_1_409' title='bbox 2746 2407 2798 2439; x_wconf 89' lang='grc' dir='ltr'><strong>τε</strong></span> <span class='ocrx_word' id='word_1_410' title='bbox 2848 2392 2969 2446; x_wconf 86' lang='grc' dir='ltr'>τούς</span> <span class='ocrx_word' id='word_1_411' title='bbox 3018 2392 3341 2460; x_wconf 82' lang='grc' dir='ltr'>στρατιώτας</span> <span class='ocrx_word' id='word_1_412' title='bbox 3377 2389 3465 2435; x_wconf 82' lang='grc' dir='ltr'>καὶ</span> <span class='ocrx_word' id='word_1_413' title='bbox 3506 2378 3892 2453; x_wconf 77' lang='grc' dir='ltr'>ἐδειματωσαν,</span> 
     </span>
    </p>
   </div>
   <div class='ocr_carea' id='block_1_59' title="bbox 2298 2470 3893 2551">
    <p class='ocr_par' dir='ltr' id='par_1_59' title="bbox 2298 2470 3893 2551">
     <span class='ocr_line' id='line_1_59' title="bbox 2298 2470 3893 2551; baseline -0.009 -19"><span class='ocrx_word' id='word_1_414' title='bbox 2298 2485 2395 2533; x_wconf 77' lang='lat' dir='ltr'><strong>Kui</strong></span> <span class='ocrx_word' id='word_1_415' title='bbox 2449 2483 2697 2551; x_wconf 84' lang='grc' dir='ltr'>φεύγουσι</span> <span class='ocrx_word' id='word_1_416' title='bbox 2749 2478 2898 2529; x_wconf 82' lang='grc' dir='ltr'>πάλιν</span> <span class='ocrx_word' id='word_1_417' title='bbox 2944 2476 3126 2528; x_wconf 75' lang='grc' dir='ltr'>ἐκεῖθεν</span> <span class='ocrx_word' id='word_1_418' title='bbox 3168 2478 3237 2538; x_wconf 70' lang='grc'><strong>⁷⁵,</strong></span> <span class='ocrx_word' id='word_1_419' title='bbox 3290 2480 3378 2525; x_wconf 87' lang='grc' dir='ltr'>καὶ</span> <span class='ocrx_word' id='word_1_420' title='bbox 3430 2470 3893 2541; x_wconf 76' lang='grc' dir='ltr'>καταλαμϐάνουσι</span> 
     </span>
    </p>
   </div>
   <div class='ocr_carea' id='block_1_60' title="bbox 2294 2558 3895 2641">
    <p class='ocr_par' dir='ltr' id='par_1_60' title="bbox 2294 2558 3895 2641">
     <span class='ocr_line' id='line_1_60' title="bbox 2294 2558 3895 2641; baseline -0.008 -20"><span class='ocrx_word' id='word_1_421' title='bbox 2294 2576 2450 2641; x_wconf 89' lang='grc' dir='ltr'>κόρην</span> <span class='ocrx_word' id='word_1_422' title='bbox 2499 2572 2578 2620; x_wconf 74' lang='grc' dir='ltr'><strong>ἐπὶ</strong></span> <span class='ocrx_word' id='word_1_423' title='bbox 2630 2572 2795 2638; x_wconf 71' lang='grc' dir='ltr'>ταφὴν</span> <span class='ocrx_word' id='word_1_424' title='bbox 2849 2567 3120 2636; x_wconf 76' lang='grc' dir='ltr'>ἀγομένην,</span> <span class='ocrx_word' id='word_1_425' title='bbox 3171 2569 3261 2615; x_wconf 80' lang='grc' dir='ltr'>καὶ</span> <span class='ocrx_word' id='word_1_426' title='bbox 3317 2562 3623 2637; x_wconf 79' lang='grc' dir='ltr'>συρρέουσιν</span> <span class='ocrx_word' id='word_1_427' title='bbox 3668 2558 3753 2610; x_wconf 82' lang='grc' dir='ltr'><strong>ἐπὶ</strong></span> <span class='ocrx_word' id='word_1_428' title='bbox 3802 2563 3895 2614; x_wconf 80' lang='grc' dir='ltr'><strong>την</strong></span> 
     </span>
    </p>
   </div>
   <div class='ocr_carea' id='block_1_61' title="bbox 2460 2646 3896 2726">
    <p class='ocr_par' dir='ltr' id='par_1_61' title="bbox 2460 2651 3896 2726">
     <span class='ocr_line' id='line_1_61' title="bbox 2460 2651 3896 2726; baseline -0.008 -17"><span class='ocrx_word' id='word_1_429' title='bbox 2460 2680 2471 2691; x_wconf 78' lang='grc' dir='ltr'><strong><em>ο</em></strong></span> <span class='ocrx_word' id='word_1_430' title='bbox 2506 2663 2591 2709; x_wconf 83' lang='grc' dir='ltr'>καὶ</span> <span class='ocrx_word' id='word_1_431' title='bbox 2648 2654 2912 2715; x_wconf 82' lang='grc' dir='ltr'>Χαλδαῖος</span> <span class='ocrx_word' id='word_1_432' title='bbox 2950 2660 3112 2726; x_wconf 81' lang='grc' dir='ltr'>γέρων</span> <span class='ocrx_word' id='word_1_433' title='bbox 3162 2653 3378 2713; x_wconf 82' lang='grc' dir='ltr'>ἐπιστὰς</span> <span class='ocrx_word' id='word_1_434' title='bbox 3427 2651 3613 2703; x_wconf 80' lang='grc' dir='ltr'>κωλύει</span> <span class='ocrx_word' id='word_1_435' title='bbox 3662 2654 3756 2705; x_wconf 76' lang='grc' dir='ltr'>τὴν</span> <span class='ocrx_word' id='word_1_436' title='bbox 3808 2667 3896 2698; x_wconf 88' lang='grc' dir='ltr'>τα-</span> 
     </span>
    </p>
   </div>
   <div class='ocr_carea' id='block_1_62' title="bbox 3573 2732 3898 2789">
    <p class='ocr_par' dir='ltr' id='par_1_62' title="bbox 3573 2732 3898 2789">
     <span class='ocr_line' id='line_1_62' title="bbox 3573 2732 3898 2789; baseline -0.009 0"><span class='ocrx_word' id='word_1_437' title='bbox 3573 2761 3584 2771; x_wconf 92' lang='grc'><strong>·</strong></span> <span class='ocrx_word' id='word_1_438' title='bbox 3628 2743 3717 2789; x_wconf 79' lang='grc' dir='ltr'>καὶ</span> <span class='ocrx_word' id='word_1_439' title='bbox 3766 2732 3898 2787; x_wconf 79' lang='grc' dir='ltr'>ἐδεί-</span> 
     </span>
    </p>
   </div>
   <div class='ocr_carea' id='block_1_63' title="bbox 2297 2662 2410 2711">
    <p class='ocr_par' dir='ltr' id='par_1_63' title="bbox 2297 2662 2410 2711">
     <span class='ocr_line' id='line_1_63' title="bbox 2297 2662 2410 2711; baseline -0.027 0"><span class='ocrx_word' id='word_1_440' title='bbox 2297 2662 2410 2711; x_wconf 81' lang='grc' dir='ltr'>θέαν</span> 
     </span>
    </p>
   </div>
   <div class='ocr_carea' id='block_1_64' title="bbox 2295 2742 3527 2819">
    <p class='ocr_par' dir='ltr' id='par_1_64' title="bbox 2295 2742 3527 2819">
     <span class='ocr_line' id='line_1_64' title="bbox 2295 2742 3527 2819; baseline -0.009 -19"><span class='ocrx_word' id='word_1_441' title='bbox 2295 2754 2412 2819; x_wconf 82' lang='grc' dir='ltr'>φὴν,</span> <span class='ocrx_word' id='word_1_442' title='bbox 2458 2750 2678 2818; x_wconf 82' lang='grc' dir='ltr'>ἔμπνουν</span> <span class='ocrx_word' id='word_1_443' title='bbox 2731 2743 2860 2797; x_wconf 85' lang='grc' dir='ltr'>εἶναι</span> <span class='ocrx_word' id='word_1_444' title='bbox 2903 2750 2993 2802; x_wconf 80' lang='grc' dir='ltr'>τὴν</span> <span class='ocrx_word' id='word_1_445' title='bbox 3037 2748 3196 2817; x_wconf 80' lang='grc' dir='ltr'>κόρην</span> <span class='ocrx_word' id='word_1_446' title='bbox 3248 2745 3324 2793; x_wconf 74' lang='grc' dir='ltr'>ἔτι</span> <span class='ocrx_word' id='word_1_447' title='bbox 3370 2742 3527 2811; x_wconf 75' lang='grc' dir='ltr'>λέγων</span> 
     </span>
    </p>
   </div>
   <div class='ocr_carea' id='block_1_65' title="bbox 2293 2824 3900 2910">
    <p class='ocr_par' dir='ltr' id='par_1_65' title="bbox 2293 2824 3900 2910">
     <span class='ocr_line' id='line_1_65' title="bbox 2293 2824 3900 2910; baseline -0.01 -20"><span class='ocrx_word' id='word_1_448' title='bbox 2293 2841 2402 2910; x_wconf 79' lang='grc' dir='ltr'><strong>χθη</strong></span> <span class='ocrx_word' id='word_1_449' title='bbox 2451 2837 2627 2895; x_wconf 70' lang='grc' dir='ltr'>οὕτως.</span> <span class='ocrx_word' id='word_1_450' title='bbox 2670 2830 2995 2908; x_wconf 81' lang='grc' dir='ltr'>Χρησμῳδεῑ</span> <span class='ocrx_word' id='word_1_451' title='bbox 3039 2830 3096 2884; x_wconf 80' lang='grc' dir='ltr'><strong>δε</strong></span> <span class='ocrx_word' id='word_1_452' title='bbox 3133 2837 3221 2883; x_wconf 88' lang='lat' dir='ltr'><strong>xui</strong></span> <span class='ocrx_word' id='word_1_453' title='bbox 3253 2840 3324 2883; x_wconf 86' lang='grc' dir='ltr'><strong>τῶ</strong></span> <span class='ocrx_word' id='word_1_454' title='bbox 3352 2826 3581 2881; x_wconf 78' lang='grc' dir='ltr'>Ῥοδάνει</span> <span class='ocrx_word' id='word_1_455' title='bbox 3612 2829 3658 2861; x_wconf 75' lang='grc'><strong>’³⁸</strong></span> <span class='ocrx_word' id='word_1_456' title='bbox 3693 2830 3756 2885; x_wconf 77' lang='grc' dir='ltr'><strong>ως</strong></span> <span class='ocrx_word' id='word_1_457' title='bbox 3789 2824 3900 2897; x_wconf 83' lang='grc' dir='ltr'><strong>βα-</strong></span> 
     </span>
    </p>
   </div>
   <div class='ocr_carea' id='block_1_66' title="bbox 2296 2919 3892 2995">
    <p class='ocr_par' dir='ltr' id='par_1_66' title="bbox 2296 2919 3892 2995">
     <span class='ocr_line' id='line_1_66' title="bbox 2296 2919 3892 2995; baseline -0.009 -16"><span class='ocrx_word' id='word_1_458' title='bbox 2296 2927 2545 2979; x_wconf 81' lang='grc' dir='ltr'>σιλεύσοι.</span> <span class='ocrx_word' id='word_1_459' title='bbox 2593 2924 3046 2995; x_wconf 79' lang='grc' dir='ltr'>Καταλιμπάνεται</span> <span class='ocrx_word' id='word_1_460' title='bbox 3088 2924 3230 2982; x_wconf 80' lang='grc' dir='ltr'>κενὸς</span> <span class='ocrx_word' id='word_1_461' title='bbox 3281 2922 3305 2971; x_wconf 85' lang='grc' dir='ltr'>ὁ</span> <span class='ocrx_word' id='word_1_462' title='bbox 3358 2928 3452 2978; x_wconf 85' lang='grc' dir='ltr'>τῆς</span> <span class='ocrx_word' id='word_1_463' title='bbox 3504 2923 3663 2988; x_wconf 87' lang='grc' dir='ltr'>κόρης</span> <span class='ocrx_word' id='word_1_464' title='bbox 3715 2919 3892 2985; x_wconf 82' lang='grc' dir='ltr'>τάφος,</span> 
     </span>
    </p>
   </div>
   <div class='ocr_carea' id='block_1_67' title="bbox 2295 3006 3895 3082">
    <p class='ocr_par' dir='ltr' id='par_1_67' title="bbox 2295 3006 3895 3082">
     <span class='ocr_line' id='line_1_67' title="bbox 2295 3006 3895 3082; baseline -0.008 -15"><span class='ocrx_word' id='word_1_465' title='bbox 2295 3022 2383 3067; x_wconf 89' lang='lat' dir='ltr'><strong>xui</strong></span> <span class='ocrx_word' id='word_1_466' title='bbox 2435 3015 2595 3067; x_wconf 84' lang='grc' dir='ltr'>πολλά</span> <span class='ocrx_word' id='word_1_467' title='bbox 2650 3022 2748 3064; x_wconf 86' lang='grc' dir='ltr'><strong>τῶν</strong></span> <span class='ocrx_word' id='word_1_468' title='bbox 2800 3012 3019 3077; x_wconf 83' lang='grc' dir='ltr'>πέπλων,</span> <span class='ocrx_word' id='word_1_469' title='bbox 3176 3009 3373 3082; x_wconf 82' lang='grc' dir='ltr'>ἔμελλεν</span> <span class='ocrx_word' id='word_1_470' title='bbox 3440 3006 3771 3059; x_wconf 75' lang='grc' dir='ltr'>ἑπικαίεσθαι</span> <span class='ocrx_word' id='word_1_471' title='bbox 3825 3012 3895 3071; x_wconf 76' lang='grc' dir='ltr'>τῷ</span> 
     </span>
    </p>
   </div>
   <div class='ocr_carea' id='block_1_68' title="bbox 3252 3092 3896 3170">
    <p class='ocr_par' dir='ltr' id='par_1_68' title="bbox 3252 3092 3896 3170">
     <span class='ocr_line' id='line_1_68' title="bbox 3252 3092 3896 3170; baseline -0.011 -19"><span class='ocrx_word' id='word_1_472' title='bbox 3252 3104 3341 3151; x_wconf 87' lang='grc' dir='ltr'>καὶ</span> <span class='ocrx_word' id='word_1_473' title='bbox 3390 3100 3437 3149; x_wconf 87' lang='grc' dir='ltr'>οἱ</span> <span class='ocrx_word' id='word_1_474' title='bbox 3480 3102 3599 3170; x_wconf 83' lang='grc' dir='ltr'>περὶ</span> <span class='ocrx_word' id='word_1_475' title='bbox 3645 3092 3896 3151; x_wconf 76' lang='grc' dir='ltr'>Ῥοδοὶνην</span> 
     </span>
    </p>
   </div>
   <div class='ocr_carea' id='block_1_69' title="bbox 524 3183 2185 3261">
    <p class='ocr_par' dir='ltr' id='par_1_69' title="bbox 524 3190 2179 3261">
     <span class='ocr_line' id='line_1_69' title="bbox 524 3190 2179 3261; baseline -0.001 -15"><span class='ocrx_word' id='word_1_476' title='bbox 524 3193 585 3246; x_wconf 90' lang='lat' dir='ltr'><strong>in</strong></span> <span class='ocrx_word' id='word_1_477' title='bbox 617 3190 889 3261; x_wconf 91' lang='lat' dir='ltr'><strong>sepulcro</strong></span> <span class='ocrx_word' id='word_1_478' title='bbox 916 3191 1221 3243; x_wconf 83' lang='lat' dir='ltr'><strong>exurenda</strong></span> <span class='ocrx_word' id='word_1_479' title='bbox 1253 3190 1463 3253; x_wconf 83' lang='lat' dir='ltr'><strong>fuerat,</strong></span> <span class='ocrx_word' id='word_1_480' title='bbox 1497 3190 1716 3255; x_wconf 88' lang='lat' dir='ltr'><strong>relicta,</strong></span> <span class='ocrx_word' id='word_1_481' title='bbox 1750 3206 1887 3244; x_wconf 92' lang='lat' dir='ltr'><strong>cum</strong></span> <span class='ocrx_word' id='word_1_482' title='bbox 1919 3192 2179 3247; x_wconf 90' lang='lat' dir='ltr'><strong>esculen-</strong></span> 
     </span>
    </p>
   </div>
   <div class='ocr_carea' id='block_1_70' title="bbox 2296 3183 3898 3261">
    <p class='ocr_par' dir='ltr' id='par_1_70' title="bbox 2296 3187 3898 3261">
     <span class='ocr_line' id='line_1_70' title="bbox 2296 3187 3898 3261; baseline -0.007 -16"><span class='ocrx_word' id='word_1_483' title='bbox 2296 3198 2492 3252; x_wconf 75' lang='grc' dir='ltr'>τούτοις</span> <span class='ocrx_word' id='word_1_484' title='bbox 2545 3192 2889 3261; x_wconf 71' lang='grc' dir='ltr'>εὐωχοῦνται,</span> <span class='ocrx_word' id='word_1_485' title='bbox 2947 3195 3036 3241; x_wconf 89' lang='lat' dir='ltr'><strong>xui</strong></span> <span class='ocrx_word' id='word_1_486' title='bbox 3091 3187 3418 3261; x_wconf 77' lang='grc' dir='ltr'>λαμϐάνουσί</span> <span class='ocrx_word' id='word_1_487' title='bbox 3484 3206 3601 3237; x_wconf 89' lang='grc' dir='ltr'>τινα</span> <span class='ocrx_word' id='word_1_488' title='bbox 3649 3190 3741 3235; x_wconf 85' lang='grc' dir='ltr'>καὶ</span> <span class='ocrx_word' id='word_1_489' title='bbox 3797 3192 3898 3235; x_wconf 78' lang='grc' dir='ltr'><strong>τῶν</strong></span> 
     </span>
    </p>
   </div>
   <div class='ocr_carea' id='block_1_71' title="bbox 528 3277 2185 3350">
    <p class='ocr_par' dir='ltr' id='par_1_71' title="bbox 528 3277 2185 3350">
     <span class='ocr_line' id='line_1_71' title="bbox 528 3277 2185 3350; baseline 0.001 -16"><span class='ocrx_word' id='word_1_490' title='bbox 528 3281 597 3335; x_wconf 85' lang='lat' dir='ltr'><strong>tis</strong></span> <span class='ocrx_word' id='word_1_491' title='bbox 628 3296 697 3334; x_wconf 91' lang='lat' dir='ltr'><strong>ac</strong></span> <span class='ocrx_word' id='word_1_492' title='bbox 730 3277 981 3350; x_wconf 88' lang='lat' dir='ltr'><strong>poculis,</strong></span> <span class='ocrx_word' id='word_1_493' title='bbox 1010 3277 1229 3348; x_wconf 87' lang='lat' dir='ltr'><strong>quibus</strong></span> <span class='ocrx_word' id='word_1_494' title='bbox 1262 3278 1577 3332; x_wconf 80' lang='lat' dir='ltr'><strong>Rhodanes</strong></span> <span class='ocrx_word' id='word_1_495' title='bbox 1604 3294 1742 3333; x_wconf 92' lang='lat' dir='ltr'><strong>cum</strong></span> <span class='ocrx_word' id='word_1_496' title='bbox 1777 3281 1938 3335; x_wconf 90' lang='lat' dir='ltr'><strong>socia</strong></span> <span class='ocrx_word' id='word_1_497' title='bbox 1967 3280 2185 3335; x_wconf 89' lang='lat' dir='ltr'><strong>lautius</strong></span> 
     </span>
    </p>
   </div>
   <div class='ocr_carea' id='block_1_72' title="bbox 526 3366 2185 3441">
    <p class='ocr_par' dir='ltr' id='par_1_72' title="bbox 526 3366 2185 3441">
     <span class='ocr_line' id='line_1_72' title="bbox 526 3366 2185 3441; baseline -0.001 -17"><span class='ocrx_word' id='word_1_498' title='bbox 526 3368 762 3441; x_wconf 87' lang='lat' dir='ltr'><strong>epulati,</strong></span> <span class='ocrx_word' id='word_1_499' title='bbox 797 3375 981 3438; x_wconf 87' lang='lat' dir='ltr'><strong>raptis</strong></span> <span class='ocrx_word' id='word_1_500' title='bbox 1005 3366 1222 3420; x_wconf 91' lang='lat' dir='ltr'><strong>deinde</strong></span> <span class='ocrx_word' id='word_1_501' title='bbox 1248 3367 1611 3422; x_wconf 91' lang='lat' dir='ltr'><strong>indumentis</strong></span> <span class='ocrx_word' id='word_1_502' title='bbox 1636 3369 2022 3438; x_wconf 91' lang='lat' dir='ltr'><strong>quibusdam,</strong></span> <span class='ocrx_word' id='word_1_503' title='bbox 2059 3386 2185 3424; x_wconf 87' lang='lat' dir='ltr'><strong>sese</strong></span> 
     </span>
    </p>
   </div>
   <div class='ocr_carea' id='block_1_73' title="bbox 526 3454 2186 3528">
    <p class='ocr_par' dir='ltr' id='par_1_73' title="bbox 526 3454 2186 3528">
     <span class='ocr_line' id='line_1_73' title="bbox 526 3454 2186 3528; baseline 0 -15"><span class='ocrx_word' id='word_1_504' title='bbox 526 3458 587 3512; x_wconf 91' lang='lat' dir='ltr'><strong>in</strong></span> <span class='ocrx_word' id='word_1_505' title='bbox 619 3458 829 3513; x_wconf 89' lang='lat' dir='ltr'><strong>eodem</strong></span> <span class='ocrx_word' id='word_1_506' title='bbox 861 3456 1135 3527; x_wconf 90' lang='lat' dir='ltr'><strong>sepulcro</strong></span> <span class='ocrx_word' id='word_1_507' title='bbox 1173 3454 1481 3510; x_wconf 90' lang='lat' dir='ltr'><strong>dormituri</strong></span> <span class='ocrx_word' id='word_1_508' title='bbox 1512 3456 1822 3513; x_wconf 90' lang='lat' dir='ltr'><strong>collocant.</strong></span> <span class='ocrx_word' id='word_1_509' title='bbox 1864 3461 1933 3512; x_wconf 83' lang='lat' dir='ltr'><strong>At</strong></span> <span class='ocrx_word' id='word_1_510' title='bbox 1970 3458 2069 3528; x_wconf 90' lang='lat' dir='ltr'><strong>qui</strong></span> <span class='ocrx_word' id='word_1_511' title='bbox 2099 3458 2186 3513; x_wconf 88' lang='lat' dir='ltr'><strong>la-</strong></span> 
     </span>
    </p>
   </div>
   <div class='ocr_carea' id='block_1_74' title="bbox 528 3545 2187 3617">
    <p class='ocr_par' dir='ltr' id='par_1_74' title="bbox 528 3545 2187 3617">
     <span class='ocr_line' id='line_1_74' title="bbox 528 3545 2187 3617; baseline -0.001 -15"><span class='ocrx_word' id='word_1_512' title='bbox 528 3546 713 3602; x_wconf 86' lang='lat' dir='ltr'><strong>tronis</strong></span> <span class='ocrx_word' id='word_1_513' title='bbox 742 3546 919 3600; x_wconf 92' lang='lat' dir='ltr'><strong>domo</strong></span> <span class='ocrx_word' id='word_1_514' title='bbox 958 3546 1154 3614; x_wconf 90' lang='lat' dir='ltr'><strong>ignem</strong></span> <span class='ocrx_word' id='word_1_515' title='bbox 1201 3546 1547 3614; x_wconf 87' lang='lat' dir='ltr'><strong>injecerant,</strong></span> <span class='ocrx_word' id='word_1_516' title='bbox 1590 3561 1729 3599; x_wconf 91' lang='lat' dir='ltr'><strong>cum</strong></span> <span class='ocrx_word' id='word_1_517' title='bbox 1768 3545 2049 3617; x_wconf 90' lang='lat' dir='ltr'><strong>deceptos</strong></span> <span class='ocrx_word' id='word_1_518' title='bbox 2091 3563 2187 3601; x_wconf 81' lang='lat' dir='ltr'><strong>ex-</strong></span> 
     </span>
    </p>
   </div>
   <div class='ocr_carea' id='block_1_75' title="bbox 528 3634 2189 3707">
    <p class='ocr_par' dir='ltr' id='par_1_75' title="bbox 528 3634 2189 3707">
     <span class='ocr_line' id='line_1_75' title="bbox 528 3634 2189 3707; baseline -0.001 -15"><span class='ocrx_word' id='word_1_519' title='bbox 528 3642 655 3692; x_wconf 89' lang='lat' dir='ltr'><strong>orto</strong></span> <span class='ocrx_word' id='word_1_520' title='bbox 695 3636 821 3705; x_wconf 90' lang='lat' dir='ltr'><strong>jam</strong></span> <span class='ocrx_word' id='word_1_521' title='bbox 866 3635 987 3689; x_wconf 91' lang='lat' dir='ltr'><strong>sole</strong></span> <span class='ocrx_word' id='word_1_522' title='bbox 1038 3649 1099 3688; x_wconf 91' lang='lat' dir='ltr'><strong>se</strong></span> <span class='ocrx_word' id='word_1_523' title='bbox 1137 3648 1269 3688; x_wconf 89' lang='lat' dir='ltr'><strong>esse</strong></span> <span class='ocrx_word' id='word_1_524' title='bbox 1308 3634 1886 3701; x_wconf 88' lang='lat' dir='ltr'><strong>animadvertissent,</strong></span> <span class='ocrx_word' id='word_1_525' title='bbox 1936 3636 2189 3707; x_wconf 89' lang='lat' dir='ltr'><strong>vestigia</strong></span> 
     </span>
    </p>
   </div>
   <div class='ocr_carea' id='block_1_76' title="bbox 528 3722 2189 3789">
    <p class='ocr_par' dir='ltr' id='par_1_76' title="bbox 528 3722 2189 3789">
     <span class='ocr_line' id='line_1_76' title="bbox 528 3722 2189 3789; baseline -0.001 -8"><span class='ocrx_word' id='word_1_526' title='bbox 528 3725 833 3781; x_wconf 83' lang='lat' dir='ltr'><strong>Rhodanis</strong></span> <span class='ocrx_word' id='word_1_527' title='bbox 855 3739 922 3779; x_wconf 90' lang='lat' dir='ltr'><strong>ac</strong></span> <span class='ocrx_word' id='word_1_528' title='bbox 943 3722 1245 3778; x_wconf 91' lang='lat' dir='ltr'><strong>Sinonidis</strong></span> <span class='ocrx_word' id='word_1_529' title='bbox 1265 3730 1401 3777; x_wconf 90' lang='lat' dir='ltr'><strong>sunt</strong></span> <span class='ocrx_word' id='word_1_530' title='bbox 1423 3724 1689 3789; x_wconf 89' lang='lat' dir='ltr'><strong>insecuti,</strong></span> <span class='ocrx_word' id='word_1_531' title='bbox 1715 3725 1820 3779; x_wconf 90' lang='lat' dir='ltr'><strong>rati</strong></span> <span class='ocrx_word' id='word_1_532' title='bbox 1845 3724 2039 3779; x_wconf 90' lang='lat' dir='ltr'><strong>socios</strong></span> <span class='ocrx_word' id='word_1_533' title='bbox 2060 3740 2189 3780; x_wconf 90' lang='lat' dir='ltr'><strong>esse</strong></span> 
     </span>
    </p>
   </div>
   <div class='ocr_carea' id='block_1_77' title="bbox 526 3811 2187 3885">
    <p class='ocr_par' dir='ltr' id='par_1_77' title="bbox 526 3811 2187 3885">
     <span class='ocr_line' id='line_1_77' title="bbox 526 3811 2187 3885; baseline -0.001 -15"><span class='ocrx_word' id='word_1_534' title='bbox 526 3814 794 3870; x_wconf 89' lang='lat' dir='ltr'><strong>latronis.</strong></span> <span class='ocrx_word' id='word_1_535' title='bbox 840 3813 1018 3882; x_wconf 88' lang='lat' dir='ltr'><strong>Igitur</strong></span> <span class='ocrx_word' id='word_1_536' title='bbox 1059 3811 1138 3867; x_wconf 91' lang='lat' dir='ltr'><strong>ad</strong></span> <span class='ocrx_word' id='word_1_537' title='bbox 1188 3811 1533 3883; x_wconf 90' lang='lat' dir='ltr'><strong>sepulcrum</strong></span> <span class='ocrx_word' id='word_1_538' title='bbox 1567 3829 1670 3885; x_wconf 92' lang='lat' dir='ltr'><strong>per</strong></span> <span class='ocrx_word' id='word_1_539' title='bbox 1708 3814 1959 3883; x_wconf 84' lang='lat' dir='ltr'><strong>vestigia</strong></span> <span class='ocrx_word' id='word_1_540' title='bbox 1989 3814 2187 3880; x_wconf 90' lang='lat' dir='ltr'><strong>delati,</strong></span> 
     </span>
    </p>
   </div>
   <div class='ocr_carea' id='block_1_78' title="bbox 529 3901 2191 3975">
    <p class='ocr_par' dir='ltr' id='par_1_78' title="bbox 529 3901 2191 3975">
     <span class='ocr_line' id='line_1_78' title="bbox 529 3901 2191 3975; baseline -0.001 -16"><span class='ocrx_word' id='word_1_541' title='bbox 529 3920 668 3959; x_wconf 90' lang='lat' dir='ltr'><strong>cum</strong></span> <span class='ocrx_word' id='word_1_542' title='bbox 694 3918 795 3959; x_wconf 92' lang='lat' dir='ltr'><strong>eos</strong></span> <span class='ocrx_word' id='word_1_543' title='bbox 819 3902 1017 3973; x_wconf 90' lang='lat' dir='ltr'><strong>jacere</strong></span> <span class='ocrx_word' id='word_1_544' title='bbox 1048 3901 1127 3957; x_wconf 90' lang='lat' dir='ltr'><strong>ibi</strong></span> <span class='ocrx_word' id='word_1_545' title='bbox 1157 3902 1442 3967; x_wconf 88' lang='lat' dir='ltr'><strong>viderent,</strong></span> <span class='ocrx_word' id='word_1_546' title='bbox 1471 3902 1735 3974; x_wconf 86' lang='lat' dir='ltr'><strong>nihilque</strong></span> <span class='ocrx_word' id='word_1_547' title='bbox 1760 3905 1983 3958; x_wconf 89' lang='lat' dir='ltr'><strong>moveri</strong></span> <span class='ocrx_word' id='word_1_548' title='bbox 2006 3903 2191 3975; x_wconf 92' lang='lat' dir='ltr'><strong>(quod</strong></span> 
     </span>
    </p>
   </div>
   <div class='ocr_carea' id='block_1_79' title="bbox 530 3992 2190 4063">
    <p class='ocr_par' dir='ltr' id='par_1_79' title="bbox 530 3992 2190 4063">
     <span class='ocr_line' id='line_1_79' title="bbox 530 3992 2190 4063; baseline 0 -15"><span class='ocrx_word' id='word_1_549' title='bbox 530 4008 746 4049; x_wconf 76' lang='lat' dir='ltr'><strong>somno</strong></span> <span class='ocrx_word' id='word_1_550' title='bbox 774 3994 1029 4063; x_wconf 89' lang='lat' dir='ltr'><strong>vinoque</strong></span> <span class='ocrx_word' id='word_1_551' title='bbox 1060 3992 1270 4062; x_wconf 91' lang='lat' dir='ltr'><strong>sepulti</strong></span> <span class='ocrx_word' id='word_1_552' title='bbox 1311 3993 1534 4062; x_wconf 87' lang='lat' dir='ltr'><strong>essent)</strong></span> <span class='ocrx_word' id='word_1_553' title='bbox 1567 3993 1859 4048; x_wconf 91' lang='lat' dir='ltr'><strong>cadavera</strong></span> <span class='ocrx_word' id='word_1_554' title='bbox 1899 4009 1960 4049; x_wconf 90' lang='lat' dir='ltr'><strong>se</strong></span> <span class='ocrx_word' id='word_1_555' title='bbox 1990 3994 2190 4048; x_wconf 90' lang='lat' dir='ltr'><strong>videre</strong></span> 
     </span>
    </p>
   </div>
   <div class='ocr_carea' id='block_1_80' title="bbox 532 4081 2191 4152">
    <p class='ocr_par' dir='ltr' id='par_1_80' title="bbox 532 4081 2191 4152">
     <span class='ocr_line' id='line_1_80' title="bbox 532 4081 2191 4152; baseline -0.001 -15"><span class='ocrx_word' id='word_1_556' title='bbox 532 4082 856 4137; x_wconf 84' lang='lat' dir='ltr'><strong>credebant</strong></span> <span class='ocrx_word' id='word_1_557' title='bbox 893 4097 905 4136; x_wconf 89' lang='lat'><strong>:</strong></span> <span class='ocrx_word' id='word_1_558' title='bbox 940 4096 1132 4152; x_wconf 90' lang='lat' dir='ltr'><strong>neque</strong></span> <span class='ocrx_word' id='word_1_559' title='bbox 1163 4081 1495 4150; x_wconf 88' lang='lat' dir='ltr'><strong>attigerunt,</strong></span> <span class='ocrx_word' id='word_1_560' title='bbox 1527 4082 1732 4135; x_wconf 89' lang='lat' dir='ltr'><strong>incerti</strong></span> <span class='ocrx_word' id='word_1_561' title='bbox 1764 4098 1842 4136; x_wconf 91' lang='lat' dir='ltr'><strong>an</strong></span> <span class='ocrx_word' id='word_1_562' title='bbox 1873 4098 1942 4137; x_wconf 93' lang='lat' dir='ltr'><strong>eo</strong></span> <span class='ocrx_word' id='word_1_563' title='bbox 1973 4082 2191 4137; x_wconf 88' lang='lat' dir='ltr'><strong>ferrent</strong></span> 
     </span>
    </p>
   </div>
   <div class='ocr_carea' id='block_1_81' title="bbox 530 4170 2191 4242">
    <p class='ocr_par' dir='ltr' id='par_1_81' title="bbox 530 4170 2191 4242">
     <span class='ocr_line' id='line_1_81' title="bbox 530 4170 2191 4242; baseline 0 -16"><span class='ocrx_word' id='word_1_564' title='bbox 530 4173 797 4241; x_wconf 84' lang='lat' dir='ltr'><strong>vestigia.</strong></span> <span class='ocrx_word' id='word_1_565' title='bbox 828 4171 1098 4225; x_wconf 76' lang='lat' dir='ltr'><strong>Discessit</strong></span> <span class='ocrx_word' id='word_1_566' title='bbox 1127 4170 1263 4224; x_wconf 84' lang='lat' dir='ltr'><strong>inde</strong></span> <span class='ocrx_word' id='word_1_567' title='bbox 1298 4170 1634 4234; x_wconf 79' lang='lat' dir='ltr'><strong>Rhodanes,</strong></span> <span class='ocrx_word' id='word_1_568' title='bbox 1670 4170 2043 4242; x_wconf 88' lang='lat' dir='ltr'><strong>ﬂuviumque</strong></span> <span class='ocrx_word' id='word_1_569' title='bbox 2080 4178 2191 4227; x_wconf 85' lang='lat' dir='ltr'><strong>tra-</strong></span> 
     </span>
    </p>
   </div>
   <div class='ocr_carea' id='block_1_82' title="bbox 529 4259 2193 4333">
    <p class='ocr_par' dir='ltr' id='par_1_82' title="bbox 529 4259 2193 4333">
     <span class='ocr_line' id='line_1_82' title="bbox 529 4259 2193 4333; baseline -0.002 -18"><span class='ocrx_word' id='word_1_570' title='bbox 529 4262 689 4331; x_wconf 85' lang='lat' dir='ltr'><strong>jecit,</strong></span> <span class='ocrx_word' id='word_1_571' title='bbox 723 4260 892 4328; x_wconf 91' lang='lat' dir='ltr'><strong>cujus</strong></span> <span class='ocrx_word' id='word_1_572' title='bbox 923 4274 1083 4329; x_wconf 85' lang='lat' dir='ltr'><strong>aqua</strong></span> <span class='ocrx_word' id='word_1_573' title='bbox 1111 4259 1302 4312; x_wconf 89' lang='lat' dir='ltr'><strong>dulcis</strong></span> <span class='ocrx_word' id='word_1_574' title='bbox 1333 4276 1401 4313; x_wconf 90' lang='lat' dir='ltr'><strong>ac</strong></span> <span class='ocrx_word' id='word_1_575' title='bbox 1432 4259 1682 4331; x_wconf 88' lang='lat' dir='ltr'><strong>limpida</strong></span> <span class='ocrx_word' id='word_1_576' title='bbox 1728 4262 1853 4330; x_wconf 91' lang='lat' dir='ltr'><strong>regi</strong></span> <span class='ocrx_word' id='word_1_577' title='bbox 1892 4262 2011 4332; x_wconf 80' lang='lat'><strong>(62)</strong></span> <span class='ocrx_word' id='word_1_578' title='bbox 2042 4277 2193 4333; x_wconf 88' lang='lat' dir='ltr'><strong>quo-</strong></span> 
     </span>
    </p>
   </div>
   <div class='ocr_carea' id='block_1_83' title="bbox 534 4348 2191 4421">
    <p class='ocr_par' dir='ltr' id='par_1_83' title="bbox 534 4348 2191 4421">
     <span class='ocr_line' id='line_1_83' title="bbox 534 4348 2191 4421; baseline 0.001 -18"><span class='ocrx_word' id='word_1_579' title='bbox 534 4364 651 4421; x_wconf 90' lang='lat' dir='ltr'><strong>que</strong></span> <span class='ocrx_word' id='word_1_580' title='bbox 698 4348 1031 4418; x_wconf 66' lang='lat' dir='ltr'><strong>Babyloniae</strong></span> <span class='ocrx_word' id='word_1_581' title='bbox 1062 4355 1268 4419; x_wconf 91' lang='lat' dir='ltr'><strong>potum</strong></span> <span class='ocrx_word' id='word_1_582' title='bbox 1303 4350 1601 4419; x_wconf 65' lang='lat' dir='ltr'><strong>praebebat</strong></span> <span class='ocrx_word' id='word_1_583' title='bbox 1634 4367 1645 4403; x_wconf 88' lang='lat'><strong>:</strong></span> <span class='ocrx_word' id='word_1_584' title='bbox 1679 4367 1747 4405; x_wconf 89' lang='lat' dir='ltr'><strong>ac</strong></span> <span class='ocrx_word' id='word_1_585' title='bbox 1776 4351 1922 4405; x_wconf 90' lang='lat' dir='ltr'><strong>dum</strong></span> <span class='ocrx_word' id='word_1_586' title='bbox 1956 4352 2191 4407; x_wconf 89' lang='lat' dir='ltr'><strong>Sinonis</strong></span> 
     </span>
    </p>
   </div>
   <div class='ocr_carea' id='block_1_84' title="bbox 535 4436 2189 4511">
    <p class='ocr_par' dir='ltr' id='par_1_84' title="bbox 535 4436 2189 4511">
     <span class='ocr_line' id='line_1_84' title="bbox 535 4436 2189 4511; baseline 0.002 -19"><span class='ocrx_word' id='word_1_587' title='bbox 535 4436 619 4493; x_wconf 89' lang='lat' dir='ltr'><strong>ibi</strong></span> <span class='ocrx_word' id='word_1_588' title='bbox 644 4442 994 4491; x_wconf 89' lang='lat' dir='ltr'><strong>vestimenta</strong></span> <span class='ocrx_word' id='word_1_589' title='bbox 1026 4436 1245 4501; x_wconf 87' lang='lat' dir='ltr'><strong>vendit,</strong></span> <span class='ocrx_word' id='word_1_590' title='bbox 1279 4439 1450 4507; x_wconf 90' lang='lat' dir='ltr'><strong>quasi</strong></span> <span class='ocrx_word' id='word_1_591' title='bbox 1475 4441 1816 4508; x_wconf 87' lang='lat' dir='ltr'><strong>sepulcrum</strong></span> <span class='ocrx_word' id='word_1_592' title='bbox 1847 4441 2189 4511; x_wconf 85' lang='lat' dir='ltr'><strong>expilasset,</strong></span> 
     </span>
    </p>
   </div>
   <div class='ocr_carea' id='block_1_85' title="bbox 2298 3275 3897 3355">
    <p class='ocr_par' dir='ltr' id='par_1_85' title="bbox 2298 3275 3897 3355">
     <span class='ocr_line' id='line_1_85' title="bbox 2298 3275 3897 3355; baseline -0.008 -21"><span class='ocrx_word' id='word_1_593' title='bbox 2298 3284 2506 3355; x_wconf 85' lang='grc' dir='ltr'>ἀλφίων,</span> <span class='ocrx_word' id='word_1_594' title='bbox 2546 3286 2636 3333; x_wconf 88' lang='grc' dir='ltr'>καὶ</span> <span class='ocrx_word' id='word_1_595' title='bbox 2675 3277 3023 3332; x_wconf 79' lang='grc' dir='ltr'>καθεύδουσιν</span> <span class='ocrx_word' id='word_1_596' title='bbox 3065 3278 3113 3329; x_wconf 85' lang='grc' dir='ltr'>ἐν</span> <span class='ocrx_word' id='word_1_597' title='bbox 3162 3288 3233 3348; x_wconf 81' lang='grc' dir='ltr'>τῷ</span> <span class='ocrx_word' id='word_1_598' title='bbox 3272 3285 3362 3337; x_wconf 81' lang='grc' dir='ltr'>τῆς</span> <span class='ocrx_word' id='word_1_599' title='bbox 3409 3281 3563 3348; x_wconf 84' lang='grc' dir='ltr'>κόρης</span> <span class='ocrx_word' id='word_1_600' title='bbox 3616 3276 3779 3345; x_wconf 77' lang='grc' dir='ltr'>τάφῳ.</span> <span class='ocrx_word' id='word_1_601' title='bbox 3835 3275 3897 3323; x_wconf 78' lang='lat' dir='ltr'><strong>Oi</strong></span> 
     </span>
    </p>
   </div>
   <div class='ocr_carea' id='block_1_86' title="bbox 2300 3363 3901 3443">
    <p class='ocr_par' dir='ltr' id='par_1_86' title="bbox 2300 3363 3901 3443">
     <span class='ocr_line' id='line_1_86' title="bbox 2300 3363 3901 3443; baseline -0.008 -19"><span class='ocrx_word' id='word_1_602' title='bbox 2300 3371 2357 3425; x_wconf 72' lang='grc' dir='ltr'>δὲ</span> <span class='ocrx_word' id='word_1_603' title='bbox 2411 3376 2467 3423; x_wconf 90' lang='grc' dir='ltr'>τὸ</span> <span class='ocrx_word' id='word_1_604' title='bbox 2509 3379 2609 3443; x_wconf 87' lang='grc' dir='ltr'><strong>πῦρ</strong></span> <span class='ocrx_word' id='word_1_605' title='bbox 2656 3378 2715 3441; x_wconf 76' lang='grc' dir='ltr'>τῇ</span> <span class='ocrx_word' id='word_1_606' title='bbox 2764 3378 2851 3421; x_wconf 85' lang='grc' dir='ltr'><strong>τοῦ</strong></span> <span class='ocrx_word' id='word_1_607' title='bbox 2890 3368 3085 3441; x_wconf 89' lang='grc' dir='ltr'>λῃστοῦ</span> <span class='ocrx_word' id='word_1_608' title='bbox 3140 3368 3277 3437; x_wconf 79' lang='grc' dir='ltr'>οἰκίᾳ</span> <span class='ocrx_word' id='word_1_609' title='bbox 3327 3363 3647 3437; x_wconf 71' lang='grc' dir='ltr'>ἐμϐαλόντες,</span> <span class='ocrx_word' id='word_1_610' title='bbox 3704 3365 3901 3435; x_wconf 77' lang='grc' dir='ltr'>ἡμέρας</span> 
     </span>
    </p>
   </div>
   <div class='ocr_carea' id='block_1_87' title="bbox 2298 3450 3899 3531">
    <p class='ocr_par' dir='ltr' id='par_1_87' title="bbox 2298 3450 3899 3531">
     <span class='ocr_line' id='line_1_87' title="bbox 2298 3450 3899 3531; baseline -0.007 -19"><span class='ocrx_word' id='word_1_611' title='bbox 2298 3459 2686 3531; x_wconf 74' lang='grc' dir='ltr'>ἕπιλαμϐούσης</span> <span class='ocrx_word' id='word_1_612' title='bbox 2760 3461 3143 3528; x_wconf 75' lang='grc' dir='ltr'>ἠπατημένους,</span> <span class='ocrx_word' id='word_1_613' title='bbox 3222 3454 3432 3515; x_wconf 80' lang='grc' dir='ltr'>ἑαυτούς</span> <span class='ocrx_word' id='word_1_614' title='bbox 3506 3454 3789 3523; x_wconf 85' lang='grc' dir='ltr'>ἐγνωκότες</span> <span class='ocrx_word' id='word_1_615' title='bbox 3825 3450 3899 3515; x_wconf 66' lang='lat'><strong>7&quot;,</strong></span> 
     </span>
    </p>
   </div>
   <div class='ocr_carea' id='block_1_88' title="bbox 2298 3539 3904 3618">
    <p class='ocr_par' dir='ltr' id='par_1_88' title="bbox 2298 3539 3904 3618">
     <span class='ocr_line' id='line_1_88' title="bbox 2298 3539 3904 3618; baseline -0.007 -17"><span class='ocrx_word' id='word_1_616' title='bbox 2298 3547 2513 3602; x_wconf 82' lang='grc' dir='ltr'>ἐδίωκον</span> <span class='ocrx_word' id='word_1_617' title='bbox 2561 3550 2674 3600; x_wconf 89' lang='grc' dir='ltr'>κατ’</span> <span class='ocrx_word' id='word_1_618' title='bbox 2730 3552 2855 3618; x_wconf 80' lang='grc' dir='ltr'>ἴχνη</span> <span class='ocrx_word' id='word_1_619' title='bbox 2908 3542 3181 3605; x_wconf 79' lang='grc' dir='ltr'>Ῥοδάνους</span> <span class='ocrx_word' id='word_1_620' title='bbox 3225 3549 3313 3595; x_wconf 85' lang='grc' dir='ltr'>καὶ</span> <span class='ocrx_word' id='word_1_621' title='bbox 3371 3539 3665 3603; x_wconf 86' lang='grc' dir='ltr'>Σινωνίδος,</span> <span class='ocrx_word' id='word_1_622' title='bbox 3722 3558 3904 3612; x_wconf 84' lang='grc' dir='ltr'>συνερ-</span> 
     </span>
    </p>
   </div>
   <div class='ocr_carea' id='block_1_89' title="bbox 2296 3628 3901 3711">
    <p class='ocr_par' dir='ltr' id='par_1_89' title="bbox 2296 3628 3901 3711">
     <span class='ocr_line' id='line_1_89' title="bbox 2296 3628 3901 3711; baseline -0.008 -20"><span class='ocrx_word' id='word_1_623' title='bbox 2296 3643 2422 3711; x_wconf 87' lang='grc' dir='ltr'>γοὺς</span> <span class='ocrx_word' id='word_1_624' title='bbox 2474 3638 2661 3700; x_wconf 81' lang='grc' dir='ltr'>αύτούς</span> <span class='ocrx_word' id='word_1_625' title='bbox 2715 3637 3001 3696; x_wconf 77' lang='grc' dir='ltr'>εἰκάζοντες</span> <span class='ocrx_word' id='word_1_626' title='bbox 3052 3632 3179 3686; x_wconf 81' lang='grc' dir='ltr'>εἶναι</span> <span class='ocrx_word' id='word_1_627' title='bbox 3224 3641 3315 3685; x_wconf 89' lang='grc' dir='ltr'><strong>τοῦ</strong></span> <span class='ocrx_word' id='word_1_628' title='bbox 3366 3632 3563 3705; x_wconf 78' lang='grc' dir='ltr'>λῃστοῦ</span> <span class='ocrx_word' id='word_1_629' title='bbox 3612 3652 3626 3663; x_wconf 69' lang='grc' dir='ltr'>ι</span> <span class='ocrx_word' id='word_1_630' title='bbox 3682 3628 3901 3700; x_wconf 82' lang='grc' dir='ltr'>ἰχνηλα-</span> 
     </span>
    </p>
   </div>
   <div class='ocr_carea' id='block_1_90' title="bbox 2298 3717 3901 3797">
    <p class='ocr_par' dir='ltr' id='par_1_90' title="bbox 2298 3717 3901 3797">
     <span class='ocr_line' id='line_1_90' title="bbox 2298 3717 3901 3797; baseline -0.007 -17"><span class='ocrx_word' id='word_1_631' title='bbox 2298 3735 2547 3789; x_wconf 83' lang='grc' dir='ltr'>τήσαντες</span> <span class='ocrx_word' id='word_1_632' title='bbox 2597 3724 2655 3779; x_wconf 75' lang='grc' dir='ltr'><strong>δε</strong></span> <span class='ocrx_word' id='word_1_633' title='bbox 2704 3730 2867 3797; x_wconf 80' lang='grc' dir='ltr'>μέχρι</span> <span class='ocrx_word' id='word_1_634' title='bbox 2907 3732 2996 3777; x_wconf 84' lang='grc' dir='ltr'><strong>τοῦ</strong></span> <span class='ocrx_word' id='word_1_635' title='bbox 3046 3726 3230 3795; x_wconf 82' lang='grc' dir='ltr'>τάφου,</span> <span class='ocrx_word' id='word_1_636' title='bbox 3281 3727 3368 3774; x_wconf 83' lang='grc' dir='ltr'>καὶ</span> <span class='ocrx_word' id='word_1_637' title='bbox 3419 3717 3670 3780; x_wconf 87' lang='grc' dir='ltr'>ἐνιδόντες</span> <span class='ocrx_word' id='word_1_638' title='bbox 3714 3718 3901 3776; x_wconf 82' lang='grc' dir='ltr'>αὐτούς</span> 
     </span>
    </p>
   </div>
   <div class='ocr_carea' id='block_1_91' title="bbox 2300 3803 3902 3889">
    <p class='ocr_par' dir='ltr' id='par_1_91' title="bbox 2300 3803 3902 3889">
     <span class='ocr_line' id='line_1_91' title="bbox 2300 3803 3902 3889; baseline -0.008 -20"><span class='ocrx_word' id='word_1_639' title='bbox 2300 3817 2620 3889; x_wconf 72' lang='grc' dir='ltr'>ἐγκειμένους</span> <span class='ocrx_word' id='word_1_640' title='bbox 2672 3819 2761 3887; x_wconf 75' lang='grc' dir='ltr'>μὲν</span> <span class='ocrx_word' id='word_1_641' title='bbox 2837 3823 2909 3884; x_wconf 82' lang='grc' dir='ltr'>τῷ</span> <span class='ocrx_word' id='word_1_642' title='bbox 2983 3814 3148 3883; x_wconf 80' lang='grc' dir='ltr'>τάφῳ,</span> <span class='ocrx_word' id='word_1_643' title='bbox 3212 3810 3610 3870; x_wconf 77' lang='grc' dir='ltr'>ἀκινητίζοντας</span> <span class='ocrx_word' id='word_1_644' title='bbox 3687 3803 3748 3858; x_wconf 65' lang='grc' dir='ltr'>δὲ</span> <span class='ocrx_word' id='word_1_645' title='bbox 3812 3806 3902 3857; x_wconf 75' lang='grc' dir='ltr'><strong>ἁτε</strong></span> 
     </span>
    </p>
   </div>
   <div class='ocr_carea' id='block_1_92' title="bbox 2301 3896 3901 3977">
    <p class='ocr_par' dir='ltr' id='par_1_92' title="bbox 2301 3896 3901 3977">
     <span class='ocr_line' id='line_1_92' title="bbox 2301 3896 3901 3977; baseline -0.009 -19"><span class='ocrx_word' id='word_1_646' title='bbox 2301 3908 2440 3977; x_wconf 81' lang='grc' dir='ltr'>ύπνῳ</span> <span class='ocrx_word' id='word_1_647' title='bbox 2498 3911 2586 3957; x_wconf 87' lang='lat' dir='ltr'><strong>xui</strong></span> <span class='ocrx_word' id='word_1_648' title='bbox 2636 3908 2754 3975; x_wconf 83' lang='grc' dir='ltr'>οἴνῳ</span> <span class='ocrx_word' id='word_1_649' title='bbox 2807 3899 3215 3973; x_wconf 77' lang='grc' dir='ltr'>πεπεδημένους,</span> <span class='ocrx_word' id='word_1_650' title='bbox 3270 3896 3455 3961; x_wconf 84' lang='grc' dir='ltr'>ἔδοξαν</span> <span class='ocrx_word' id='word_1_651' title='bbox 3512 3901 3718 3969; x_wconf 83' lang='grc' dir='ltr'>νεκροὺς</span> <span class='ocrx_word' id='word_1_652' title='bbox 3774 3898 3901 3968; x_wconf 79' lang='grc' dir='ltr'><strong>όρᾴν</strong></span> 
     </span>
    </p>
   </div>
   <div class='ocr_carea' id='block_1_93' title="bbox 2301 3988 3898 4065">
    <p class='ocr_par' dir='ltr' id='par_1_93' title="bbox 2301 3988 3898 4065">
     <span class='ocr_line' id='line_1_93' title="bbox 2301 3988 3898 4065; baseline -0.009 -18"><span class='ocrx_word' id='word_1_653' title='bbox 2301 4001 2389 4047; x_wconf 87' lang='grc' dir='ltr'>καὶ</span> <span class='ocrx_word' id='word_1_654' title='bbox 2435 3995 2726 4057; x_wconf 79' lang='grc' dir='ltr'>κατέλιπον,</span> <span class='ocrx_word' id='word_1_655' title='bbox 2770 3992 3113 4065; x_wconf 85' lang='grc' dir='ltr'>ἀπορούμενοι</span> <span class='ocrx_word' id='word_1_656' title='bbox 3162 3992 3242 4041; x_wconf 88' lang='grc' dir='ltr'>ὃτι</span> <span class='ocrx_word' id='word_1_657' title='bbox 3290 3988 3389 4041; x_wconf 80' lang='grc' dir='ltr'><strong>ἐκιί</strong></span> <span class='ocrx_word' id='word_1_658' title='bbox 3434 3991 3501 4039; x_wconf 81' lang='grc' dir='ltr'>τὰ</span> <span class='ocrx_word' id='word_1_659' title='bbox 3544 3991 3669 4058; x_wconf 80' lang='grc' dir='ltr'>ἴχνη</span> <span class='ocrx_word' id='word_1_660' title='bbox 3702 3989 3898 4057; x_wconf 79' lang='grc' dir='ltr'>ἔφερεν.</span> 
     </span>
    </p>
   </div>
   <div class='ocr_carea' id='block_1_94' title="bbox 2303 4076 3901 4159">
    <p class='ocr_par' dir='ltr' id='par_1_94' title="bbox 2303 4076 3901 4159">
     <span class='ocr_line' id='line_1_94' title="bbox 2303 4076 3901 4159; baseline -0.008 -22"><span class='ocrx_word' id='word_1_661' title='bbox 2303 4086 2643 4159; x_wconf 83' lang='grc' dir='ltr'>Ἀπαίρουσιν</span> <span class='ocrx_word' id='word_1_662' title='bbox 2698 4082 2884 4134; x_wconf 82' lang='grc' dir='ltr'>ἐκεῖθεν</span> <span class='ocrx_word' id='word_1_663' title='bbox 2942 4084 2990 4133; x_wconf 84' lang='grc' dir='ltr'>οἱ</span> <span class='ocrx_word' id='word_1_664' title='bbox 3047 4085 3163 4153; x_wconf 84' lang='grc' dir='ltr'>περὶ</span> <span class='ocrx_word' id='word_1_665' title='bbox 3220 4076 3488 4143; x_wconf 76' lang='grc' dir='ltr'>Ῥοδάνην,</span> <span class='ocrx_word' id='word_1_666' title='bbox 3552 4082 3635 4127; x_wconf 75' lang='grc' dir='ltr'>καὶ</span> <span class='ocrx_word' id='word_1_667' title='bbox 3700 4083 3901 4146; x_wconf 71' lang='grc' dir='ltr'>περῶσι</span> 
     </span>
    </p>
   </div>
   <div class='ocr_carea' id='block_1_95' title="bbox 2301 4162 3900 4245">
    <p class='ocr_par' dir='ltr' id='par_1_95' title="bbox 2301 4162 3900 4245">
     <span class='ocr_line' id='line_1_95' title="bbox 2301 4162 3900 4245; baseline -0.008 -19"><span class='ocrx_word' id='word_1_668' title='bbox 2301 4178 2387 4225; x_wconf 87' lang='grc' dir='ltr'>τὸν</span> <span class='ocrx_word' id='word_1_669' title='bbox 2412 4177 2663 4245; x_wconf 84' lang='grc' dir='ltr'>ποταμόν,</span> <span class='ocrx_word' id='word_1_670' title='bbox 2695 4172 2889 4243; x_wconf 84' lang='grc' dir='ltr'>γλυκύν</span> <span class='ocrx_word' id='word_1_671' title='bbox 2946 4189 2998 4222; x_wconf 83' lang='grc' dir='ltr'><strong>τε</strong></span> <span class='ocrx_word' id='word_1_672' title='bbox 3038 4175 3158 4221; x_wconf 83' lang='grc' dir='ltr'>ὄντα</span> <span class='ocrx_word' id='word_1_673' title='bbox 3202 4174 3291 4221; x_wconf 86' lang='grc' dir='ltr'>καὶ</span> <span class='ocrx_word' id='word_1_674' title='bbox 3341 4165 3535 4237; x_wconf 78' lang='grc' dir='ltr'>διαυγῆ</span> <span class='ocrx_word' id='word_1_675' title='bbox 3569 4170 3659 4217; x_wconf 86' lang='grc' dir='ltr'>καὶ</span> <span class='ocrx_word' id='word_1_676' title='bbox 3689 4162 3900 4236; x_wconf 84' lang='grc' dir='ltr'>βασιλεῖ</span> 
     </span>
    </p>
   </div>
   <div class='ocr_carea' id='block_1_96' title="bbox 2306 4257 3898 4331">
    <p class='ocr_par' dir='ltr' id='par_1_96' title="bbox 2306 4257 3898 4331">
     <span class='ocr_line' id='line_1_96' title="bbox 2306 4257 3898 4331; baseline -0.009 -13"><span class='ocrx_word' id='word_1_677' title='bbox 2306 4264 2637 4319; x_wconf 76' lang='grc' dir='ltr'>Βαϐυλωνίων</span> <span class='ocrx_word' id='word_1_678' title='bbox 2691 4262 2761 4323; x_wconf 79' lang='grc' dir='ltr'>εἰς</span> <span class='ocrx_word' id='word_1_679' title='bbox 2818 4266 2970 4312; x_wconf 89' lang='grc' dir='ltr'>πόσιν</span> <span class='ocrx_word' id='word_1_680' title='bbox 3042 4259 3385 4331; x_wconf 81' lang='grc' dir='ltr'>ἀνακείμενον.</span> <span class='ocrx_word' id='word_1_681' title='bbox 3461 4261 3563 4308; x_wconf 79' lang='lat' dir='ltr'><strong>Kui</strong></span> <span class='ocrx_word' id='word_1_682' title='bbox 3610 4257 3898 4328; x_wconf 78' lang='grc' dir='ltr'>πιπράσκει</span> 
     </span>
    </p>
   </div>
   <div class='ocr_carea' id='block_1_97' title="bbox 2302 4346 3901 4423">
    <p class='ocr_par' dir='ltr' id='par_1_97' title="bbox 2302 4346 3901 4423">
     <span class='ocr_line' id='line_1_97' title="bbox 2302 4346 3901 4423; baseline -0.008 -18"><span class='ocrx_word' id='word_1_683' title='bbox 2302 4358 2507 4413; x_wconf 84' lang='grc' dir='ltr'>Σινωνὶς</span> <span class='ocrx_word' id='word_1_684' title='bbox 2550 4355 2615 4404; x_wconf 80' lang='grc' dir='ltr'>τὰ</span> <span class='ocrx_word' id='word_1_685' title='bbox 2659 4354 2859 4423; x_wconf 78' lang='grc' dir='ltr'>ἱμάτια,</span> <span class='ocrx_word' id='word_1_686' title='bbox 2893 4354 2981 4401; x_wconf 87' lang='grc' dir='ltr'>καὶ</span> <span class='ocrx_word' id='word_1_687' title='bbox 3016 4348 3425 4405; x_wconf 76' lang='grc' dir='ltr'>συλλαμϐάνεται</span> <span class='ocrx_word' id='word_1_688' title='bbox 3475 4349 3543 4406; x_wconf 82' lang='grc' dir='ltr'>ὡς</span> <span class='ocrx_word' id='word_1_689' title='bbox 3598 4346 3760 4415; x_wconf 78' lang='grc' dir='ltr'>τάφον</span> <span class='ocrx_word' id='word_1_690' title='bbox 3813 4361 3901 4394; x_wconf 87' lang='grc' dir='ltr'>συ-</span> 
     </span>
    </p>
   </div>
   <div class='ocr_carea' id='block_1_98' title="bbox 2301 4429 3903 4511">
    <p class='ocr_par' dir='ltr' id='par_1_98' title="bbox 2301 4429 3903 4511">
     <span class='ocr_line' id='line_1_98' title="bbox 2301 4429 3903 4511; baseline -0.009 -16"><span class='ocrx_word' id='word_1_691' title='bbox 2301 4443 2527 4506; x_wconf 82' lang='grc' dir='ltr'>λήσασα,</span> <span class='ocrx_word' id='word_1_692' title='bbox 2586 4446 2675 4492; x_wconf 86' lang='grc' dir='ltr'>καὶ</span> <span class='ocrx_word' id='word_1_693' title='bbox 2734 4438 3034 4511; x_wconf 75' lang='grc' dir='ltr'>ἀναφέρεται</span> <span class='ocrx_word' id='word_1_694' title='bbox 3080 4438 3145 4497; x_wconf 87' lang='grc' dir='ltr'>εἰς</span> <span class='ocrx_word' id='word_1_695' title='bbox 3197 4443 3449 4509; x_wconf 85' lang='grc' dir='ltr'>Σόραιχον</span> <span class='ocrx_word' id='word_1_696' title='bbox 3494 4434 3565 4501; x_wconf 75' lang='grc'><strong>⁷⁸,</strong></span> <span class='ocrx_word' id='word_1_697' title='bbox 3607 4433 3663 4493; x_wconf 88' lang='grc' dir='ltr'>ὃς</span> <span class='ocrx_word' id='word_1_698' title='bbox 3702 4429 3762 4489; x_wconf 77' lang='grc' dir='ltr'>ἦν</span> <span class='ocrx_word' id='word_1_699' title='bbox 3817 4438 3903 4483; x_wconf 88' lang='grc' dir='ltr'><strong>Σο-</strong></span> 
     </span>
    </p>
   </div>
   <div class='ocr_carea' id='block_1_99' title="bbox 535 4517 2185 4607">
    <p class='ocr_par' dir='ltr' id='par_1_99' title="bbox 535 4525 2185 4598">
     <span class='ocr_line' id='line_1_99' title="bbox 535 4525 2185 4598; baseline 0.001 -15"><span class='ocrx_word' id='word_1_700' title='bbox 535 4542 667 4583; x_wconf 89' lang='lat' dir='ltr'><strong>com</strong></span> <span class='ocrx_word' id='word_1_701' title='bbox 678 4525 1080 4598; x_wconf 90' lang='lat' dir='ltr'><strong>prehenditur,</strong></span> <span class='ocrx_word' id='word_1_702' title='bbox 1095 4530 1153 4580; x_wconf 92' lang='lat' dir='ltr'><strong>et</strong></span> <span class='ocrx_word' id='word_1_703' title='bbox 1168 4526 1245 4580; x_wconf 88' lang='lat' dir='ltr'><strong>ad</strong></span> <span class='ocrx_word' id='word_1_704' title='bbox 1258 4526 1598 4580; x_wconf 70' lang='lat' dir='ltr'><strong>Soraachum</strong></span> <span class='ocrx_word' id='word_1_705' title='bbox 1614 4528 1871 4581; x_wconf 73' lang='lat' dir='ltr'><strong>Soraechi</strong></span> <span class='ocrx_word' id='word_1_706' title='bbox 1886 4528 2185 4598; x_wconf 86' lang='lat' dir='ltr'><strong>publicani</strong></span> 
     </span>
    </p>
   </div>
   <div class='ocr_carea' id='block_1_100' title="bbox 2296 4517 3898 4607">
    <p class='ocr_par' dir='ltr' id='par_1_100' title="bbox 2298 4517 3898 4607">
     <span class='ocr_line' id='line_1_100' title="bbox 2298 4517 3898 4607; baseline -0.009 -24"><span class='ocrx_word' id='word_1_707' title='bbox 2298 4537 2494 4607; x_wconf 84' lang='grc' dir='ltr'>ραίχου</span> <span class='ocrx_word' id='word_1_708' title='bbox 2534 4538 2624 4583; x_wconf 87' lang='grc' dir='ltr'><strong>τοῦ</strong></span> <span class='ocrx_word' id='word_1_709' title='bbox 2662 4528 2873 4581; x_wconf 77' lang='grc' dir='ltr'>τελώνου</span> <span class='ocrx_word' id='word_1_710' title='bbox 2916 4530 3044 4595; x_wconf 77' lang='grc' dir='ltr'>υἱός,</span> <span class='ocrx_word' id='word_1_711' title='bbox 3094 4526 3307 4583; x_wconf 78' lang='grc' dir='ltr'>ἐπίκλην</span> <span class='ocrx_word' id='word_1_712' title='bbox 3356 4522 3414 4576; x_wconf 75' lang='grc' dir='ltr'><strong>δε</strong></span> <span class='ocrx_word' id='word_1_713' title='bbox 3471 4522 3612 4593; x_wconf 80' lang='grc' dir='ltr'>αύτῷ</span> <span class='ocrx_word' id='word_1_714' title='bbox 3668 4517 3898 4580; x_wconf 85' lang='grc' dir='ltr'>δίκαιος.</span> 
     </span>
    </p>
   </div>
   <div class='ocr_carea' id='block_1_101' title="bbox 535 4615 2188 4686">
    <p class='ocr_par' dir='ltr' id='par_1_101' title="bbox 535 4615 2188 4686">
     <span class='ocr_line' id='line_1_101' title="bbox 535 4615 2188 4686; baseline 0 -14"><span class='ocrx_word' id='word_1_715' title='bbox 535 4617 744 4681; x_wconf 86' lang='lat' dir='ltr'><strong>ﬁlium,</strong></span> <span class='ocrx_word' id='word_1_716' title='bbox 767 4615 917 4671; x_wconf 85' lang='lat' dir='ltr'><strong>Justi</strong></span> <span class='ocrx_word' id='word_1_717' title='bbox 940 4618 1359 4684; x_wconf 87' lang='lat' dir='ltr'><strong>cognomento,</strong></span> <span class='ocrx_word' id='word_1_718' title='bbox 1384 4615 1758 4685; x_wconf 86' lang='lat' dir='ltr'><strong>pertrahitur,</strong></span> <span class='ocrx_word' id='word_1_719' title='bbox 1782 4617 1883 4686; x_wconf 90' lang='lat' dir='ltr'><strong>qui</strong></span> <span class='ocrx_word' id='word_1_720' title='bbox 1904 4619 2026 4686; x_wconf 90' lang='lat' dir='ltr'><strong>regi</strong></span> <span class='ocrx_word' id='word_1_721' title='bbox 2048 4620 2188 4673; x_wconf 87' lang='lat' dir='ltr'><strong>Gar-</strong></span> 
     </span>
    </p>
   </div>
   <div class='ocr_carea' id='block_1_102' title="bbox 536 4702 2190 4774">
    <p class='ocr_par' dir='ltr' id='par_1_102' title="bbox 536 4702 2190 4774">
     <span class='ocr_line' id='line_1_102' title="bbox 536 4702 2190 4774; baseline 0.001 -13"><span class='ocrx_word' id='word_1_722' title='bbox 536 4722 637 4761; x_wconf 92' lang='lat' dir='ltr'><strong>mo</strong></span> <span class='ocrx_word' id='word_1_723' title='bbox 667 4706 897 4761; x_wconf 89' lang='lat' dir='ltr'><strong>mittere</strong></span> <span class='ocrx_word' id='word_1_724' title='bbox 922 4720 1057 4759; x_wconf 91' lang='lat' dir='ltr'><strong>eam</strong></span> <span class='ocrx_word' id='word_1_725' title='bbox 1083 4704 1161 4759; x_wconf 94' lang='lat' dir='ltr'><strong>ob</strong></span> <span class='ocrx_word' id='word_1_726' title='bbox 1187 4702 1689 4774; x_wconf 88' lang='lat' dir='ltr'><strong>pulchritudinem</strong></span> <span class='ocrx_word' id='word_1_727' title='bbox 1723 4705 2041 4761; x_wconf 87' lang='lat' dir='ltr'><strong>constituit.</strong></span> <span class='ocrx_word' id='word_1_728' title='bbox 2063 4708 2190 4771; x_wconf 86' lang='lat' dir='ltr'><strong>Qua</strong></span> 
     </span>
    </p>
   </div>
   <div class='ocr_carea' id='block_1_103' title="bbox 536 4792 2189 4867">
    <p class='ocr_par' dir='ltr' id='par_1_103' title="bbox 536 4792 2189 4867">
     <span class='ocr_line' id='line_1_103' title="bbox 536 4792 2189 4867; baseline 0.001 -16"><span class='ocrx_word' id='word_1_729' title='bbox 536 4794 611 4851; x_wconf 92' lang='lat' dir='ltr'><strong>de</strong></span> <span class='ocrx_word' id='word_1_730' title='bbox 626 4811 812 4850; x_wconf 91' lang='lat' dir='ltr'><strong>causa</strong></span> <span class='ocrx_word' id='word_1_731' title='bbox 832 4795 1082 4849; x_wconf 86' lang='lat' dir='ltr'><strong>fratrum</strong></span> <span class='ocrx_word' id='word_1_732' title='bbox 1098 4792 1239 4847; x_wconf 88' lang='lat' dir='ltr'><strong>illud</strong></span> <span class='ocrx_word' id='word_1_733' title='bbox 1257 4808 1553 4847; x_wconf 91' lang='lat' dir='ltr'><strong>venenum</strong></span> <span class='ocrx_word' id='word_1_734' title='bbox 1576 4792 1893 4849; x_wconf 80' lang='lat' dir='ltr'><strong>Hhodanes</strong></span> <span class='ocrx_word' id='word_1_735' title='bbox 1911 4800 2086 4867; x_wconf 88' lang='lat' dir='ltr'><strong>atque</strong></span> <span class='ocrx_word' id='word_1_736' title='bbox 2109 4796 2189 4852; x_wconf 84' lang='lat' dir='ltr'><strong>Si-</strong></span> 
     </span>
    </p>
   </div>
   <div class='ocr_carea' id='block_1_104' title="bbox 535 4882 2186 4957">
    <p class='ocr_par' dir='ltr' id='par_1_104' title="bbox 535 4882 2186 4957">
     <span class='ocr_line' id='line_1_104' title="bbox 535 4882 2186 4957; baseline 0.002 -18"><span class='ocrx_word' id='word_1_737' title='bbox 535 4884 710 4939; x_wconf 87' lang='lat' dir='ltr'><strong>nonis</strong></span> <span class='ocrx_word' id='word_1_738' title='bbox 726 4885 994 4940; x_wconf 85' lang='lat' dir='ltr'><strong>miscent.</strong></span> <span class='ocrx_word' id='word_1_739' title='bbox 1012 4886 1253 4939; x_wconf 79' lang='lat' dir='ltr'><strong>Mortem</strong></span> <span class='ocrx_word' id='word_1_740' title='bbox 1275 4882 1432 4936; x_wconf 90' lang='lat' dir='ltr'><strong>enim</strong></span> <span class='ocrx_word' id='word_1_741' title='bbox 1452 4883 1741 4953; x_wconf 81' lang='lat' dir='ltr'><strong>aptabant</strong></span> <span class='ocrx_word' id='word_1_742' title='bbox 1762 4884 1983 4955; x_wconf 86' lang='lat' dir='ltr'><strong>potius,</strong></span> <span class='ocrx_word' id='word_1_743' title='bbox 1999 4902 2186 4957; x_wconf 88' lang='lat' dir='ltr'><strong>quam</strong></span> 
     </span>
    </p>
   </div>
   <div class='ocr_carea' id='block_1_105' title="bbox 536 4971 2185 5046">
    <p class='ocr_par' dir='ltr' id='par_1_105' title="bbox 536 4971 2185 5046">
     <span class='ocr_line' id='line_1_105' title="bbox 536 4971 2185 5046; baseline 0 -16"><span class='ocrx_word' id='word_1_744' title='bbox 536 4972 823 5030; x_wconf 88' lang='lat' dir='ltr'><strong>Garmum</strong></span> <span class='ocrx_word' id='word_1_745' title='bbox 841 4973 1061 5028; x_wconf 91' lang='lat' dir='ltr'><strong>videre.</strong></span> <span class='ocrx_word' id='word_1_746' title='bbox 1092 4974 1365 5028; x_wconf 69' lang='lat' dir='ltr'><strong>Soraacho</strong></span> <span class='ocrx_word' id='word_1_747' title='bbox 1381 4971 1616 5027; x_wconf 87' lang='lat' dir='ltr'><strong>interim</strong></span> <span class='ocrx_word' id='word_1_748' title='bbox 1640 4972 1850 5029; x_wconf 87' lang='lat' dir='ltr'><strong>ancilla</strong></span> <span class='ocrx_word' id='word_1_749' title='bbox 1874 4975 2185 5046; x_wconf 82' lang='lat' dir='ltr'><strong>signiﬁcat,</strong></span> 
     </span>
    </p>
   </div>
   <div class='ocr_carea' id='block_1_106' title="bbox 533 5061 2189 5137">
    <p class='ocr_par' dir='ltr' id='par_1_106' title="bbox 533 5061 2189 5137">
     <span class='ocr_line' id='line_1_106' title="bbox 533 5061 2189 5137; baseline -0.001 -15"><span class='ocrx_word' id='word_1_750' title='bbox 533 5064 683 5137; x_wconf 87' lang='lat' dir='ltr'><strong>quid</strong></span> <span class='ocrx_word' id='word_1_751' title='bbox 712 5061 1030 5120; x_wconf 82' lang='lat' dir='ltr'><strong>Rhodanes</strong></span> <span class='ocrx_word' id='word_1_752' title='bbox 1058 5068 1115 5119; x_wconf 85' lang='lat' dir='ltr'><strong>et</strong></span> <span class='ocrx_word' id='word_1_753' title='bbox 1145 5063 1378 5119; x_wconf 87' lang='lat' dir='ltr'><strong>Sinonis</strong></span> <span class='ocrx_word' id='word_1_754' title='bbox 1406 5061 1779 5118; x_wconf 89' lang='lat' dir='ltr'><strong>molirentur.</strong></span> <span class='ocrx_word' id='word_1_755' title='bbox 1818 5061 1980 5120; x_wconf 87' lang='lat' dir='ltr'><strong>Clam</strong></span> <span class='ocrx_word' id='word_1_756' title='bbox 2010 5065 2189 5136; x_wconf 89' lang='lat' dir='ltr'><strong>igitur</strong></span> 
     </span>
    </p>
   </div>
   <div class='ocr_carea' id='block_1_107' title="bbox 2304 4610 3899 4693">
    <p class='ocr_par' dir='ltr' id='par_1_107' title="bbox 2304 4610 3899 4693">
     <span class='ocr_line' id='line_1_107' title="bbox 2304 4610 3899 4693; baseline -0.008 -20"><span class='ocrx_word' id='word_1_757' title='bbox 2304 4626 2401 4673; x_wconf 81' lang='grc' dir='ltr'><strong>Καὶ</strong></span> <span class='ocrx_word' id='word_1_758' title='bbox 2449 4620 2750 4693; x_wconf 82' lang='grc' dir='ltr'>βουλεύεται</span> <span class='ocrx_word' id='word_1_759' title='bbox 2798 4621 3015 4689; x_wconf 83' lang='grc' dir='ltr'>πέμπειν</span> <span class='ocrx_word' id='word_1_760' title='bbox 3063 4616 3224 4674; x_wconf 66' lang='grc' dir='ltr'>αὐτὴν</span> <span class='ocrx_word' id='word_1_761' title='bbox 3287 4613 3369 4666; x_wconf 78' lang='grc' dir='ltr'><strong>ἐπὶ</strong></span> <span class='ocrx_word' id='word_1_762' title='bbox 3418 4610 3645 4685; x_wconf 77' lang='grc' dir='ltr'>βασιλέα</span> <span class='ocrx_word' id='word_1_763' title='bbox 3690 4611 3899 4681; x_wconf 77' lang='grc' dir='ltr'>Γάρμον</span> 
     </span>
    </p>
   </div>
   <div class='ocr_carea' id='block_1_108' title="bbox 2301 4696 3900 4781">
    <p class='ocr_par' dir='ltr' id='par_1_108' title="bbox 2301 4696 3900 4781">
     <span class='ocr_line' id='line_1_108' title="bbox 2301 4696 3900 4781; baseline -0.008 -19"><span class='ocrx_word' id='word_1_764' title='bbox 2301 4707 2393 4762; x_wconf 82' lang='grc' dir='ltr'><strong>διὰ</strong></span> <span class='ocrx_word' id='word_1_765' title='bbox 2421 4714 2479 4761; x_wconf 89' lang='grc' dir='ltr'>τὸ</span> <span class='ocrx_word' id='word_1_766' title='bbox 2510 4709 2713 4773; x_wconf 78' lang='grc' dir='ltr'>κάλλος,</span> <span class='ocrx_word' id='word_1_767' title='bbox 2759 4712 2847 4758; x_wconf 89' lang='grc' dir='ltr'>καὶ</span> <span class='ocrx_word' id='word_1_768' title='bbox 2887 4712 3125 4781; x_wconf 82' lang='grc' dir='ltr'>κιρνᾶται</span> <span class='ocrx_word' id='word_1_769' title='bbox 3162 4701 3256 4755; x_wconf 82' lang='grc' dir='ltr'><strong>διὰ</strong></span> <span class='ocrx_word' id='word_1_770' title='bbox 3298 4710 3449 4755; x_wconf 88' lang='grc' dir='ltr'>τοῦτο</span> <span class='ocrx_word' id='word_1_771' title='bbox 3494 4704 3552 4752; x_wconf 86' lang='grc' dir='ltr'>τὸ</span> <span class='ocrx_word' id='word_1_772' title='bbox 3601 4708 3702 4751; x_wconf 87' lang='grc' dir='ltr'><strong>τῶν</strong></span> <span class='ocrx_word' id='word_1_773' title='bbox 3749 4696 3900 4751; x_wconf 86' lang='grc' dir='ltr'>ἀδελ-</span> 
     </span>
    </p>
   </div>
   <div class='ocr_carea' id='block_1_109' title="bbox 2300 4788 3898 4873">
    <p class='ocr_par' dir='ltr' id='par_1_109' title="bbox 2300 4788 3898 4873">
     <span class='ocr_line' id='line_1_109' title="bbox 2300 4788 3898 4873; baseline -0.008 -23"><span class='ocrx_word' id='word_1_774' title='bbox 2300 4808 2399 4871; x_wconf 90' lang='grc' dir='ltr'><strong>φῶν</strong></span> <span class='ocrx_word' id='word_1_775' title='bbox 2462 4801 2728 4873; x_wconf 82' lang='grc' dir='ltr'>φάρμακον</span> <span class='ocrx_word' id='word_1_776' title='bbox 2782 4792 3013 4847; x_wconf 83' lang='grc' dir='ltr'>Ῥοδάνει</span> <span class='ocrx_word' id='word_1_777' title='bbox 3065 4798 3152 4845; x_wconf 88' lang='lat' dir='ltr'><strong>xui</strong></span> <span class='ocrx_word' id='word_1_778' title='bbox 3205 4788 3444 4845; x_wconf 81' lang='grc' dir='ltr'>Σινωνίδι</span> <span class='ocrx_word' id='word_1_779' title='bbox 3497 4810 3509 4822; x_wconf 89' lang='grc'><strong>·</strong></span> <span class='ocrx_word' id='word_1_780' title='bbox 3564 4792 3898 4860; x_wconf 79' lang='grc' dir='ltr'>αἱρετώτερον</span> 
     </span>
    </p>
   </div>
   <div class='ocr_carea' id='block_1_110' title="bbox 2296 4877 3901 4963">
    <p class='ocr_par' dir='ltr' id='par_1_110' title="bbox 2296 4877 3901 4963">
     <span class='ocr_line' id='line_1_110' title="bbox 2296 4877 3901 4963; baseline -0.007 -23"><span class='ocrx_word' id='word_1_781' title='bbox 2296 4891 2397 4963; x_wconf 82' lang='grc' dir='ltr'><strong>γὰρ</strong></span> <span class='ocrx_word' id='word_1_782' title='bbox 2448 4888 2622 4948; x_wconf 77' lang='grc' dir='ltr'>αὐτοῖς</span> <span class='ocrx_word' id='word_1_783' title='bbox 2665 4888 2690 4937; x_wconf 86' lang='grc' dir='ltr'><strong>ό</strong></span> <span class='ocrx_word' id='word_1_784' title='bbox 2736 4887 2948 4944; x_wconf 77' lang='grc' dir='ltr'>θάνατος</span> <span class='ocrx_word' id='word_1_785' title='bbox 2991 4885 3019 4942; x_wconf 74' lang='grc' dir='ltr'><strong>ἦ</strong></span> <span class='ocrx_word' id='word_1_786' title='bbox 3066 4885 3266 4956; x_wconf 83' lang='grc' dir='ltr'>Γάρμον</span> <span class='ocrx_word' id='word_1_787' title='bbox 3308 4877 3458 4931; x_wconf 80' lang='grc' dir='ltr'><strong>ἰδεῖν.</strong></span> <span class='ocrx_word' id='word_1_788' title='bbox 3500 4881 3771 4935; x_wconf 77' lang='grc' dir='ltr'>Μηνύεται</span> <span class='ocrx_word' id='word_1_789' title='bbox 3817 4884 3901 4928; x_wconf 82' lang='grc' dir='ltr'><strong>Σο·</strong></span> 
     </span>
    </p>
   </div>
   <div class='ocr_carea' id='block_1_111' title="bbox 2296 4965 3901 5050">
    <p class='ocr_par' dir='ltr' id='par_1_111' title="bbox 2296 4965 3901 5050">
     <span class='ocr_line' id='line_1_111' title="bbox 2296 4965 3901 5050; baseline -0.008 -22"><span class='ocrx_word' id='word_1_790' title='bbox 2296 4982 2473 5050; x_wconf 80' lang='grc' dir='ltr'>ραίχῳ</span> <span class='ocrx_word' id='word_1_791' title='bbox 2506 4972 2598 5027; x_wconf 78' lang='grc' dir='ltr'>διὰ</span> <span class='ocrx_word' id='word_1_792' title='bbox 2640 4982 2730 5035; x_wconf 76' lang='grc' dir='ltr'>τῆς</span> <span class='ocrx_word' id='word_1_793' title='bbox 2763 4969 3129 5046; x_wconf 85' lang='grc' dir='ltr'>θεραπαινίδος</span> <span class='ocrx_word' id='word_1_794' title='bbox 3157 4972 3285 5044; x_wconf 83' lang='grc' dir='ltr'>οἱπερ</span> <span class='ocrx_word' id='word_1_795' title='bbox 3328 4970 3374 5004; x_wconf 73' lang='grc' dir='ltr'><strong>τ⁹</strong></span> <span class='ocrx_word' id='word_1_796' title='bbox 3421 4968 3489 5029; x_wconf 84' lang='grc' dir='ltr'><strong>εἰς</strong></span> <span class='ocrx_word' id='word_1_797' title='bbox 3536 4970 3686 5040; x_wconf 77' lang='grc' dir='ltr'>ἔργον</span> <span class='ocrx_word' id='word_1_798' title='bbox 3731 4965 3901 5037; x_wconf 82' lang='grc' dir='ltr'>ἔμελλε</span> 
     </span>
    </p>
   </div>
   <div class='ocr_carea' id='block_1_112' title="bbox 2298 5058 3903 5139">
    <p class='ocr_par' dir='ltr' id='par_1_112' title="bbox 2298 5058 3903 5139">
     <span class='ocr_line' id='line_1_112' title="bbox 2298 5058 3903 5139; baseline -0.009 -20"><span class='ocrx_word' id='word_1_799' title='bbox 2298 5074 2489 5139; x_wconf 86' lang='grc' dir='ltr'>χωρεῖν</span> <span class='ocrx_word' id='word_1_800' title='bbox 2534 5061 2762 5118; x_wconf 83' lang='grc' dir='ltr'>Ῥοδάνει</span> <span class='ocrx_word' id='word_1_801' title='bbox 2819 5068 2908 5115; x_wconf 86' lang='lat' dir='ltr'><strong>xui</strong></span> <span class='ocrx_word' id='word_1_802' title='bbox 2961 5058 3198 5115; x_wconf 87' lang='grc' dir='ltr'>Σινωνίδι</span> <span class='ocrx_word' id='word_1_803' title='bbox 3233 5081 3245 5094; x_wconf 89' lang='grc'><strong>·</strong></span> <span class='ocrx_word' id='word_1_804' title='bbox 3282 5064 3371 5111; x_wconf 86' lang='grc' dir='ltr'>καὶ</span> <span class='ocrx_word' id='word_1_805' title='bbox 3422 5058 3592 5109; x_wconf 78' lang='grc' dir='ltr'>λαθὼν</span> <span class='ocrx_word' id='word_1_806' title='bbox 3648 5058 3674 5108; x_wconf 82' lang='grc' dir='ltr'><strong><em>ὁ</em></strong></span> <span class='ocrx_word' id='word_1_807' title='bbox 3724 5061 3903 5129; x_wconf 84' lang='grc' dir='ltr'>Σόραι-</span> 
     </span>
    </p>
   </div>
   <div class='ocr_carea' id='block_1_113' title="bbox 1871 5169 2551 5230">
    <p class='ocr_par' dir='ltr' id='par_1_113' title="bbox 1871 5169 2551 5230">
     <span class='ocr_line' id='line_1_113' title="bbox 1871 5169 2551 5230; baseline 0.001 -4"><span class='ocrx_word' id='word_1_808' title='bbox 1871 5169 2113 5227; x_wconf 75' lang='lat' dir='ltr'><strong>VABUE</strong></span> <span class='ocrx_word' id='word_1_809' title='bbox 2154 5174 2443 5230; x_wconf 87' lang='lat' dir='ltr'><strong>LECTION</strong></span> <span class='ocrx_word' id='word_1_810' title='bbox 2455 5174 2551 5228; x_wconf 86' lang='lat' dir='ltr'><strong>ES.</strong></span> 
     </span>
    </p>
   </div>
   <div class='ocr_carea' id='block_1_114' title="bbox 609 5277 1139 5344">
    <p class='ocr_par' dir='ltr' id='par_1_114' title="bbox 609 5277 1139 5344">
     <span class='ocr_line' id='line_1_114' title="bbox 609 5277 1139 5344; baseline 0.006 -13"><span class='ocrx_word' id='word_1_811' title='bbox 609 5280 657 5315; x_wconf 78' lang='grc'>⁷⁸</span> <span class='ocrx_word' id='word_1_812' title='bbox 685 5281 873 5331; x_wconf 82' lang='grc' dir='ltr'>ἐκεῖθεν</span> <span class='ocrx_word' id='word_1_813' title='bbox 901 5277 1055 5331; x_wconf 81' lang='grc' dir='ltr'>πάλιν</span> <span class='ocrx_word' id='word_1_814' title='bbox 1084 5299 1139 5344; x_wconf 85' lang='grc' dir='ltr'><strong>ς’.</strong></span> 
     </span>
    </p>
   </div>
   <div class='ocr_carea' id='block_1_115' title="bbox 1250 5275 2046 5351">
    <p class='ocr_par' dir='ltr' id='par_1_115' title="bbox 1250 5275 2046 5351">
     <span class='ocr_line' id='line_1_115' title="bbox 1250 5275 2046 5351; baseline 0.01 -24"><span class='ocrx_word' id='word_1_815' title='bbox 1250 5279 1299 5314; x_wconf 72' lang='grc'><strong>⁷⁸</strong></span> <span class='ocrx_word' id='word_1_816' title='bbox 1326 5275 1543 5351; x_wconf 81' lang='grc' dir='ltr'>Ῥοδοὲνῃ</span> <span class='ocrx_word' id='word_1_817' title='bbox 1576 5283 1636 5331; x_wconf 84' lang='grc' dir='ltr'><strong>Α.</strong></span> <span class='ocrx_word' id='word_1_818' title='bbox 1674 5277 1758 5334; x_wconf 90' lang='lat' dir='ltr'><strong>sic</strong></span> <span class='ocrx_word' id='word_1_819' title='bbox 1790 5282 1848 5334; x_wconf 86' lang='lat' dir='ltr'><strong>et</strong></span> <span class='ocrx_word' id='word_1_820' title='bbox 1872 5277 2046 5335; x_wconf 88' lang='lat' dir='ltr'><strong>infra.</strong></span> 
     </span>
    </p>
   </div>
   <div class='ocr_carea' id='block_1_116' title="bbox 538 5350 777 5407">
    <p class='ocr_par' dir='ltr' id='par_1_116' title="bbox 538 5350 777 5407">
     <span class='ocr_line' id='line_1_116' title="bbox 538 5350 777 5407; baseline 0 0"><span class='ocrx_word' id='word_1_821' title='bbox 538 5350 680 5407; x_wconf 89' lang='lat' dir='ltr'><strong>add.</strong></span> <span class='ocrx_word' id='word_1_822' title='bbox 709 5352 777 5407; x_wconf 87' lang='lat' dir='ltr'><strong>A.</strong></span> 
     </span>
    </p>
   </div>
   <div class='ocr_carea' id='block_1_117' title="bbox 2161 5276 2667 5352">
    <p class='ocr_par' dir='ltr' id='par_1_117' title="bbox 2161 5276 2667 5352">
     <span class='ocr_line' id='line_1_117' title="bbox 2161 5276 2667 5352; baseline -0.004 -19"><span class='ocrx_word' id='word_1_823' title='bbox 2161 5281 2207 5315; x_wconf 79' lang='grc'>⁷⁷</span> <span class='ocrx_word' id='word_1_824' title='bbox 2245 5276 2577 5352; x_wconf 86' lang='grc' dir='ltr'>διεγνωκότες</span> <span class='ocrx_word' id='word_1_825' title='bbox 2610 5300 2667 5342; x_wconf 79' lang='grc' dir='ltr'>ς.</span> 
     </span>
    </p>
   </div>
   <div class='ocr_carea' id='block_1_118' title="bbox 2778 5271 3902 5351">
    <p class='ocr_par' dir='ltr' id='par_1_118' title="bbox 2778 5271 3902 5351">
     <span class='ocr_line' id='line_1_118' title="bbox 2778 5271 3902 5351; baseline -0.009 -19"><span class='ocrx_word' id='word_1_826' title='bbox 2778 5278 2824 5314; x_wconf 75' lang='grc'><strong>⁷⁸</strong></span> <span class='ocrx_word' id='word_1_827' title='bbox 2854 5281 3081 5351; x_wconf 85' lang='grc' dir='ltr'>Σηραὶχ.</span> <span class='ocrx_word' id='word_1_828' title='bbox 3116 5273 3277 5333; x_wconf 85' lang='lat' dir='ltr'><strong>Suid.</strong></span> <span class='ocrx_word' id='word_1_829' title='bbox 3310 5289 3368 5329; x_wconf 87' lang='lat' dir='ltr'><strong>v.</strong></span> <span class='ocrx_word' id='word_1_830' title='bbox 3401 5276 3611 5329; x_wconf 86' lang='grc' dir='ltr'>Σίννων.</span> <span class='ocrx_word' id='word_1_831' title='bbox 3727 5271 3775 5306; x_wconf 71' lang='grc'><strong>⁷³</strong></span> <span class='ocrx_word' id='word_1_832' title='bbox 3807 5288 3902 5343; x_wconf 84' lang='grc' dir='ltr'><strong>περ</strong></span> 
     </span>
    </p>
   </div>
   <div class='ocr_carea' id='block_1_119' title="bbox 2106 5456 2334 5516">
    <p class='ocr_par' dir='ltr' id='par_1_119' title="bbox 2106 5456 2334 5516">
     <span class='ocr_line' id='line_1_119' title="bbox 2106 5456 2334 5516; baseline 0 -3"><span class='ocrx_word' id='word_1_833' title='bbox 2106 5456 2334 5516; x_wconf 61' lang='grc' dir='ltr'><strong>ΝΟΤᾸΕ.</strong></span> 
     </span>
    </p>
   </div>
   <div class='ocr_carea' id='block_1_120' title="bbox 605 5562 2193 5638">
    <p class='ocr_par' dir='ltr' id='par_1_120' title="bbox 605 5562 2193 5638">
     <span class='ocr_line' id='line_1_120' title="bbox 605 5562 2193 5638; baseline 0.003 -21"><span class='ocrx_word' id='word_1_834' title='bbox 605 5563 719 5636; x_wconf 79' lang='lat'><strong>(62)</strong></span> <span class='ocrx_word' id='word_1_835' title='bbox 752 5566 793 5619; x_wconf 89' lang='lat' dir='ltr'><strong>E</strong></span> <span class='ocrx_word' id='word_1_836' title='bbox 819 5562 939 5620; x_wconf 87' lang='lat' dir='ltr'><strong>solo</strong></span> <span class='ocrx_word' id='word_1_837' title='bbox 969 5564 1242 5636; x_wconf 86' lang='lat' dir='ltr'><strong>Choaspe</strong></span> <span class='ocrx_word' id='word_1_838' title='bbox 1266 5563 1693 5638; x_wconf 78' lang='lat' dir='ltr'><strong>ﬂuvioaquam</strong></span> <span class='ocrx_word' id='word_1_839' title='bbox 1718 5564 1936 5638; x_wconf 15' lang='lat' dir='ltr'><strong>bibere,</strong></span> <span class='ocrx_word' id='word_1_840' title='bbox 1952 5564 2193 5621; x_wconf 90' lang='lat' dir='ltr'><strong>solitum</strong></span> 
     </span>
    </p>
   </div>
   <div class='ocr_carea' id='block_1_121' title="bbox 537 5634 2194 5709">
    <p class='ocr_par' dir='ltr' id='par_1_121' title="bbox 537 5634 2194 5709">
     <span class='ocr_line' id='line_1_121' title="bbox 537 5634 2194 5709; baseline 0.002 -18"><span class='ocrx_word' id='word_1_841' title='bbox 537 5634 854 5709; x_wconf 83' lang='lat' dir='ltr'><strong>Persarum</strong></span> <span class='ocrx_word' id='word_1_842' title='bbox 877 5650 1081 5709; x_wconf 85' lang='lat' dir='ltr'><strong>regem</strong></span> <span class='ocrx_word' id='word_1_843' title='bbox 1102 5634 1187 5691; x_wconf 66' lang='grc' dir='ltr'><strong>δι’</strong></span> <span class='ocrx_word' id='word_1_844' title='bbox 1201 5637 1413 5693; x_wconf 80' lang='lat' dir='ltr'><strong>Herod.</strong></span> <span class='ocrx_word' id='word_1_845' title='bbox 1440 5637 1483 5709; x_wconf 87' lang='grc' dir='ltr'><strong>ι,</strong></span> <span class='ocrx_word' id='word_1_846' title='bbox 1512 5634 1567 5693; x_wconf 74' lang='lat' dir='ltr'><strong>6t</strong></span> <span class='ocrx_word' id='word_1_847' title='bbox 1589 5638 1776 5709; x_wconf 82' lang='lat' dir='ltr'><strong>Ctesia</strong></span> <span class='ocrx_word' id='word_1_848' title='bbox 1797 5635 2005 5693; x_wconf 88' lang='lat' dir='ltr'><strong>Cnidio</strong></span> <span class='ocrx_word' id='word_1_849' title='bbox 2026 5644 2194 5695; x_wconf 85' lang='lat' dir='ltr'><strong>nota-</strong></span> 
     </span>
    </p>
   </div>
   <div class='ocr_carea' id='block_1_122' title="bbox 536 5706 2200 5779">
    <p class='ocr_par' dir='ltr' id='par_1_122' title="bbox 536 5706 2200 5779">
     <span class='ocr_line' id='line_1_122' title="bbox 536 5706 2200 5779; baseline -0.001 -13"><span class='ocrx_word' id='word_1_850' title='bbox 536 5709 623 5767; x_wconf 83' lang='lat' dir='ltr'><strong>vit</strong></span> <span class='ocrx_word' id='word_1_851' title='bbox 642 5708 957 5763; x_wconf 68' lang='lat' dir='ltr'><strong>Athenaeus</strong></span> <span class='ocrx_word' id='word_1_852' title='bbox 982 5706 1242 5779; x_wconf 91' lang='lat' dir='ltr'><strong>Dipnoso</strong></span> <span class='ocrx_word' id='word_1_853' title='bbox 1268 5711 1330 5763; x_wconf 89' lang='lat' dir='ltr'><strong>ll.</strong></span> <span class='ocrx_word' id='word_1_854' title='bbox 1362 5710 1441 5763; x_wconf 79' lang='lat' dir='ltr'><strong>Ex</strong></span> <span class='ocrx_word' id='word_1_855' title='bbox 1464 5706 1744 5764; x_wconf 78' lang='lat' dir='ltr'><strong>maximis</strong></span> <span class='ocrx_word' id='word_1_856' title='bbox 1773 5712 1972 5765; x_wconf 87' lang='lat' dir='ltr'><strong>autem</strong></span> <span class='ocrx_word' id='word_1_857' title='bbox 1994 5714 2047 5764; x_wconf 91' lang='lat' dir='ltr'><strong>et</strong></span> <span class='ocrx_word' id='word_1_858' title='bbox 2072 5709 2200 5765; x_wconf 88' lang='lat' dir='ltr'><strong>lon-</strong></span> 
     </span>
    </p>
   </div>
   <div class='ocr_carea' id='block_1_123' title="bbox 2304 5561 3910 5645">
    <p class='ocr_par' dir='ltr' id='par_1_123' title="bbox 2304 5561 3910 5645">
     <span class='ocr_line' id='line_1_123' title="bbox 2304 5561 3910 5645; baseline -0.002 -24"><span class='ocrx_word' id='word_1_859' title='bbox 2304 5564 2543 5645; x_wconf 80' lang='lat' dir='ltr'><strong>ginquis</strong></span> <span class='ocrx_word' id='word_1_860' title='bbox 2566 5563 2924 5645; x_wconf 64' lang='lat' dir='ltr'><strong>ﬂuminibus</strong></span> <span class='ocrx_word' id='word_1_861' title='bbox 2939 5562 3179 5645; x_wconf 70' lang='lat' dir='ltr'><strong>petitam</strong></span> <span class='ocrx_word' id='word_1_862' title='bbox 3210 5577 3347 5645; x_wconf 83' lang='lat' dir='ltr'><strong>cum</strong></span> <span class='ocrx_word' id='word_1_863' title='bbox 3375 5561 3910 5645; x_wconf 33' lang='lat' dir='ltr'><strong>th‘e‘sauris‘regon-</strong></span> 
     </span>
    </p>
   </div>
   <div class='ocr_carea' id='block_1_124' title="bbox 2305 5632 3903 5771">
    <p class='ocr_par' dir='ltr' id='par_1_124' title="bbox 2305 5632 3903 5771">
     <span class='ocr_line' id='line_1_124' title="bbox 2305 5632 3903 5699; baseline -0.004 -5"><span class='ocrx_word' id='word_1_864' title='bbox 2305 5632 2448 5694; x_wconf 74' lang='lat' dir='ltr'><strong>dere</strong></span> <span class='ocrx_word' id='word_1_865' title='bbox 2478 5637 2760 5699; x_wconf 82' lang='lat' dir='ltr'><strong>observat</strong></span> <span class='ocrx_word' id='word_1_866' title='bbox 2808 5652 2841 5692; x_wconf 89' lang='lat' dir='ltr'><strong>e</strong></span> <span class='ocrx_word' id='word_1_867' title='bbox 2889 5632 3072 5695; x_wconf 82' lang='lat' dir='ltr'><strong>Dione</strong></span> <span class='ocrx_word' id='word_1_868' title='bbox 3105 5634 3259 5693; x_wconf 85' lang='lat' dir='ltr'><strong>Plut.</strong></span> <span class='ocrx_word' id='word_1_869' title='bbox 3302 5636 3366 5691; x_wconf 91' lang='lat' dir='ltr'><strong>in</strong></span> <span class='ocrx_word' id='word_1_870' title='bbox 3418 5632 3718 5693; x_wconf 78' lang='lat' dir='ltr'><strong>Alexand.</strong></span> <span class='ocrx_word' id='word_1_871' title='bbox 3762 5633 3903 5691; x_wconf 78' lang='lat' dir='ltr'><strong>Vide</strong></span> 
     </span>
     <span class='ocr_line' id='line_1_125' title="bbox 2309 5707 3038 5771; baseline -0.001 -7"><span class='ocrx_word' id='word_1_872' title='bbox 2309 5708 2571 5765; x_wconf 89' lang='lat' dir='ltr'><strong>Brisson.</strong></span> <span class='ocrx_word' id='word_1_873' title='bbox 2607 5707 2963 5771; x_wconf 70' lang='lat' dir='ltr'><strong>Persic.,lib.</strong></span> <span class='ocrx_word' id='word_1_874' title='bbox 2996 5723 3038 5764; x_wconf 77' lang='grc' dir='ltr'>ι.</span> 
     </span>
    </p>
   </div>
  </div>
