4036 6214
149 272 244 332 329
317 340 322 344 κ
1313 281 1804 340 BIBLlOTHECA.
1848 316 1914 326 —
1956 288 2114 344 COD.
2157 288 2350 350 XCIV.

3405 318 3510 374 330

156 422 248 475 χος
289 405 346 454 τό
392 410 486 454 τοῦ
519 402 743 456 θανάτου
789 407 881 477 μὲν
935 408 1201 480 φάρμακον
1249 417 1404 476 κενοῖ,
1447 410 1634 484 πληροί
1690 407 1750 464 δὲ

168 496 204 512 γ,
272 491 356 512 μη
507 494 520 505 .
772 501 792 509 -
1004 498 1016 512 .
1306 503 1315 512 .
1422 504 1431 512 .
1735 504 1742 512 .

1868 410 1959 467 ille
1989 415 2928 494 mortifernmilludpharmacum
2950 429 3510 512 abjicit,impletque

154 496 239 548 τὶν
267 491 461 543 κύλικα
497 494 794 547 ὑπνωτικοῦ
838 498 1111 568 φαρμάκου
1165 517 1179 530 ·
1235 503 1323 551 καὶ
1373 504 1618 562 πίνοντας
1663 504 1752 553 καὶ

150 583 428 641 ὑπνοῦντας
479 581 651 634 λαϐὼν
705 582 781 655 ἐφ’
834 585 1143 658 ἁρμαμάξης
1209 587 1396 645 ἤλαυνε
1459 594 1591 662 πρὸς
1645 588 1752 662 βα-

150 670 314 725 σιλέα.
347 671 755 734 Πλησιαζόντων
813 670 873 726 δὲ
946 672 1193 736 Ῥοδάνης
1252 679 1467 750 ἐνυπνίῳ
1527 680 1574 716 ⁸ο
1638 676 1752 732 δει-

145 768 406 830 ματοῦται
445 766 533 813 καὶ
565 760 670 833 βοᾷ
711 768 801 814 καὶ
849 762 1090 835 ἐξανιστᾷ
1121 764 1372 819 Σινωνίδα
1420 787 1432 801 ⁸
1469 770 1499 826 ἡ
1535 765 1594 821 δὲ
1619 770 1753 842 ξίφει

145 850 304 909 uiri};
361 854 422 901 τὸ
483 855 689 924 στέρνον
757 852 990 911 πλήττει.
1059 860 1155 908 Καὶ
1224 854 1631 910 ἀναπυνθάνεται
1687 863 1753 911 τὰ

146 939 254 990 κατ’
310 939 501 1000 αὐτοὺς
550 941 757 993 ἅπαντα
795 947 1072 1016 Σόραιχος,
1123 950 1213 997 xui
1269 944 1507 1008 λαϐόντες
1552 952 1752 1010 πίστεις

149 1027 559 1099 ἀπαγγέλλουσι,
591 1035 682 1082 καὶ
705 1030 816 1084 λύει
843 1032 1047 1100 αὐτοὺς,
1081 1038 1169 1086 καὶ
1199 1031 1540 1088 ὑποδείκνυσι
1567 1039 1624 1088 τό
1656 1044 1751 1099 τῆς

144 1114 472 1189 ’Δρροδίτης
513 1121 644 1192 ἱερόν
691 1121 743 1172 ἐν
787 1130 850 1193 τῇ
900 1119 1102 1188 νησῖδι,
1156 1121 1204 1174 ἐν
1259 1124 1297 1194 ᾧ
1346 1124 1514 1196 ἔμελλε
1557 1130 1646 1178 καὶ
1693 1129 1748 1179 τό

141 1215 355 1280 τραῦμα
378 1209 409 1264 ἠ
441 1214 650 1270 Σινωνὶς
676 1212 1178 1281 θεραπευθήσεσθαι.

201 1296 293 1356 Ὠς
328 1299 379 1348 ἐν
425 1297 718 1370 παραϐολῇ
755 1295 816 1351 δὲ
859 1296 1123 1372 διηγεῖται
1160 1306 1249 1353 καὶ
1299 1303 1362 1353 τά
1391 1308 1505 1377 περὶ
1550 1312 1640 1356 τοῦ
1675 1306 1749 1357 ἱε-

139 1394 222 1437 οοῦ
266 1391 367 1436 xui
399 1393 497 1447 τῆς
521 1383 764 1451 νησῖδος,
810 1393 899 1440 καὶ
947 1390 1026 1441 ὅτι
1069 1391 1094 1440 6
1144 1390 1414 1463 Εὐφράτης
1456 1396 1546 1444 καὶ
1589 1394 1614 1444 6
1652 1397 1748 1446 Τί-

484 1445 494 1447 -
730 1445 761 1451 --
1224 1445 1262 1463 ,,
1372 1445 1412 1451 --

136 1445 247 1548 γρις
278 1475 640 1549 περιρρέοντες
671 1480 833 1535 αὐτὴν
863 1485 1076 1530 ποιοῦσι
1114 1475 1333 1544 νησῖδα,
1367 1485 1456 1533 xui
1486 1480 1616 1553 [133
1651 1480 1748 1553 Η.]

134 1566 206 1614 ὄτι
286 1566 322 1620 ἡ
396 1573 495 1626 τῆς
553 1563 774 1618 ἐνταῦθα
849 1563 1164 1639 Ἀφροδίτης
1219 1570 1375 1640 ἱέρεια
1429 1579 1566 1642 τρεῖς
1621 1574 1748 1642 ἔσχε

135 1650 361 1719 παῖδας,
426 1653 701 1727 Εὐφράτην
757 1660 846 1706 καὶ
916 1661 1095 1729 Τίγριν
1174 1661 1263 1709 καὶ
1320 1665 1746 1732 Μεσοποταμίαν,

1864 501 2190 559 somnifero
2222 511 2362 576 potu
2396 509 2790 586 calicem,quo
2821 501 3135 586 hausto,ut
3164 541 3375 584 somno
3415 546 3510 588 ca-

1862 590 1976 660 ptis
2001 594 2413 656 unt,vehiculis
2428 598 2814 671 imponuntur
2833 606 2911 662 ad
2929 624 2988 663 re
3005 625 3141 679 gem
3153 613 3506 677 devehendi.

1864 677 2016 735 Dum
2042 684 2288 754 propius
2310 687 2623 756 accedunt,
2653 708 2787 750 ecce
2808 695 2908 751 tibi
2924 677 3262 769 Rhodanes,
3291 721 3321 760 e
3344 723 3508 764 som-

1861 782 1940 823 no
1962 778 2362 842 experrectus,
2389 776 2691 847 inclamat,
2725 785 3060 859 excitatque
3091 792 3399 862 Sinonida,
3441 815 3508 855 ac

1859 873 2000 913 mox
2030 858 2127 915 illa
2148 861 2349 932 gladio
2371 871 2576 936 pectus
2601 887 2778 928 suum
2819 858 3113 936 vulnerat.
3149 858 3503 953 Cuncta'ibi,

1859 962 1995 1017 quae
2023 948 2099 1003 ad
2126 966 2227 1006 eos
2245 959 3030 1031 spectarent,percunctatus
3045 948 3506 1039 Soraechusﬁde

1859 1035 1999 1091 data
2024 1037 2306 1096 intellexit
2351 1044 2648 1114 universa,
2682 1051 3050 1127 vinculisque
3105 1074 3207 1115 eos
3245 1035 3458 1121 liberat
3489 1085 3502 1121 :

1858 1124 1959 1196 qui
2012 1125 2073 1181 in
2109 1127 2350 1186 Veneris
2401 1137 2658 1194 ostendit
2699 1139 2906 1198 fanum
2933 1124 2992 1199 in
3038 1161 3110 1202 ea
3150 1147 3366 1216 insula,
3399 1154 3500 1210 ubi

1858 1212 2074 1268 vulnus
2098 1215 2342 1274 Sinonid
2353 1220 2400 1274 is
2429 1232 2688 1282 sanetur.

1929 1304 2136 1360 Narrat
2160 1321 2339 1376 porro
2357 1325 2394 1366 a
2416 1327 2478 1366 re
2504 1317 2816 1386 proposita
2840 1324 3106 1380 nonnihil
3137 1326 3501 1398 digrediens,

1858 1390 1930 1446 de
1961 1391 2213 1450 delubro
2261 1397 2380 1464 illo,
2415 1404 2596 1474 atque
2625 1406 2840 1473 insula,
2871 1426 3058 1482 quam
3090 1390 3418 1488 Euphrates
3451 1390 3508 1479 et

1856 1481 2040 1550 Tigris
2070 1483 2546 1546 circumﬂuentes
2573 1493 2850 1554 efﬁciant.
2896 1481 3144 1559 iVeneris
3193 1507 3273 1562 ibi
3315 1525 3507 1568 sacer-

1857 1568 2011 1626 dotis
2038 1570 2277 1630 feminae
2303 1581 2417 1632 tres
2444 1579 2630 1638 fuisse
2656 1583 2878 1642 liberos
2900 1591 3506 1669 Euphratem,Tigrim

1857 1662 1912 1714 et
1937 1661 2460 1733 Mesopotamiam:
2503 1671 2670 1728 vultu
2709 1676 2956 1746 quidem
2983 1661 3142 1738 hanc
3173 1661 3505 1746 deformem

137 1745 380 1816 αἰσχρὰν
412 1750 509 1802 τήν
557 1744 677 1815 ὄψιν
712 1743 812 1797 ἀπὸ
851 1750 1115 1816 γενέσεως,
1155 1748 1254 1799 ὑπὸ
1305 1745 1363 1800 δε
1409 1757 1506 1810 τῆς
1560 1750 1748 1825 Ἀφρο-

1868 1749 2144 1820 genitam,
2191 1753 2296 1808 sed
2328 1771 2365 1810 a
2411 1759 2630 1816 Venere
2674 1743 2810 1834 post
2864 1767 3148 1827 donatam
3193 1743 3507 1834 venustate

138 1829 291 1892 δίτης
351 1832 426 1892 εἰς
470 1833 651 1894 κάλλος
701 1837 1252 1906 μετασκευασθείσαν.
1283 1837 1356 1888 Δι’
1409 1837 1468 1896 ἣν
1507 1845 1597 1891 καὶ
1648 1843 1750 1911 ἔρις

137 1931 293 1973 τοιοόν
347 1921 585 1994 ἐραστῶν
631 1927 851 1994 γίνεται,
906 1929 993 1976 καὶ
1041 1929 1216 1996 κρίσις
1256 1925 1333 1977 ἐπ’
1375 1927 1563 1989 αὐτούς
1603 1949 1615 1962 ο
1661 1934 1752 1982 Βό-

138 2030 308 2084 χορος
351 2012 393 2046 ⁸⁸
440 2012 467 2062 6
521 2016 707 2084 κρίνων
748 2009 829 2078 ἦν,
879 2021 1067 2087 κριτῶν
1105 2013 1219 2066 κατ’
1276 2013 1490 2077 ἐκείνους
1536 2023 1750 2093 καιροὺς

141 2101 385 2172 ἀριστος.
446 2100 736 2176 Ἐκρίνοντο
781 2098 840 2154 δε
886 2107 975 2155 καὶ
1019 2103 1202 2176 ἤριζον
1249 2106 1298 2155 οἱ
1344 2113 1500 2178 τρεῖς,
1552 2108 1628 2159 ὃτι
1679 2116 1750 2179 τῷ

142 2196 222 2260 μὲν
266 2191 300 2246 ἦ
346 2192 732 2263 Μεσοποταμία
777 2195 869 2249 τὴν
923 2192 1107 2263 φιάλην
1156 2191 1208 2254 ἐξ
1253 2194 1316 2254 ἧς
1359 2196 1522 2247 ἔπινεν
1566 2192 1746 2264 ἔδωκε,

137 2251 198 2331 τῶ
265 2277 331 2332 δὲ
387 2283 479 2331 τόν
539 2279 640 2332 ἀπὸ
704 2287 794 2341 τῆς
838 2281 1058 2352 κεφαλῆς
1109 2280 1162 2343 ἐξ
1220 2279 1409 2336 ἀνθέων
1467 2283 1746 2358 ἀφελομένη

141 2345 390 2442 στέφανον
439 2370 733 2442 περιέθηκε,
794 2345 916 2441 [24ί
976 2367 1066 2441 Η.]
1122 2373 1208 2421 τὸν
1258 2367 1317 2422 δὲ
1370 2371 1598 2444 ἐφίλησε.
1650 2381 1750 2427 Καὶ

138 2467 221 2510 τοῦ
275 2458 580 2530 φιληθίντος
632 2463 804 2532 κρίσει
847 2464 1157 2520 νικήσαντος
1200 2456 1349 2512 οὐδὲν
1395 2461 1601 2514 ἔλαττον
1655 2461 1748 2514 αὗ-

136 2557 234 2609 τοίς
293 2550 324 2605 ἠ
379 2551 490 2621 ἔρις
545 2551 797 2619 ἤκμαζεν,
852 2548 945 2609 ἓως
1000 2547 1251 2609 ἀλλήλους
1305 2548 1496 2602 ἀνεῖλον
1555 2550 1748 2623 ἐρίζον-

140 2659 226 2699 τες.
283 2643 446 2709 Λέγει
488 2633 576 2689 οὖν
620 2638 689 2698 ὡς
728 2639 776 2688 ἓν
826 2638 1121 2710 παρενθήκη
1165 2642 1282 2710 περὶ
1322 2646 1412 2691 τοῦ
1450 2647 1541 2701 τῆς
1570 2641 1751 2716 Ἀφρο-

143 2726 295 2789 δίτης
363 2730 526 2800 ἱεροῦ,
590 2725 680 2778 καὶ
735 2727 799 2786 ὡς
853 2725 1052 2797 ἀνάγκη
1129 2728 1223 2787 τὰς
1275 2736 1524 2798 γυναῖκας
1588 2729 1752 2783 ἐκεῖσε

145 2824 412 2876 νοιτὼσας
462 2815 804 2887 ἀπαγγέλλειν
850 2812 1088 2888 δημοσίᾳ
1125 2818 1192 2868 τὰ
1231 2816 1279 2867 ἐν
1319 2825 1390 2888 τῷ
1438 2826 1542 2888 ναῷ
1574 2819 1753 2880 αὐταῖς

144 2873 380 2979 όόώμενα
414 2910 606 2978 ὄνειρα.
664 2907 748 2958 Ἐν
890 2910 979 2956 καὶ
1026 2907 1092 2956 τὰ
1146 2910 1264 2980 περὶ
1315 2909 1620 2979 Φαρνοῦχον
1665 2914 1754 2961 καὶ

170 2965 173 2968 -
519 2963 529 2978 .
807 2963 816 2974 ο
1209 2963 1219 2980 .
1390 2963 1399 2979 .
1515 2963 1558 2979 ι.

148 2963 477 3068 δαόσίριδος
503 2999 596 3046 xui
628 2990 909 3061 Τανάιδος,
959 2993 1065 3067 (ἀφ’
1108 2995 1167 3046 οὗ
1203 2999 1294 3047 καὶ
1318 2997 1509 3056 Τάναϊς
1545 2999 1570 3048 ό
1598 3017 1755 3050 ποτα-

1861 1837 2248 1910 (tanta),utde
2269 1842 2405 1915 ipsa
2431 1847 2607 1904 etiam
2632 1850 2702 1906 lis
2727 1860 2931 1912 exorta
2960 1862 3077 1915 tres
3118 1861 3270 1919 inter
3299 1881 3507 1923 amano

1859 1929 1947 1980 tes
1999 1926 2191 1994 fuerit,
2250 1931 2670 2009 decretumque
2699 1942 2995 2010 judicium
3043 1950 3329 2020 Borocho,
3384 1956 3509 2012 sive

1862 2017 2122 2088 Borycho
2145 2021 2388 2090 arbitro,
2411 2025 2517 2097 qui
2537 2044 2646 2085 suo
2678 2033 2899 2090 saeculo
2925 2036 3200 2107 judicum
3221 2017 3506 2115 prazstan-

1858 2105 2122 2163 tissimus
2173 2108 2531 2171 habebatur.
2572 2117 2748 2176 Addit
2779 2105 2939 2195 756
2987 2105 3370 2190 contendisse
3396 2135 3509 2190 hos

1860 2199 1994 2261 tres,
2025 2198 2440 2274 judiciumque
2489 2207 2763 2276 subiisse,
2811 2219 3126 2287 propterea
3164 2223 3322 2292 quod
3372 2224 3513 2280 huic

1858 2283 2105 2355 quidem
2137 2289 2560 2360 Mesopotamia
2591 2283 3068 2368 cyathum,unde
3092 2283 3299 2367 bibere
3315 2311 3506 2378 solita,

1859 2373 2194 2443 praebuerat
2230 2378 2430 2442 ;alteri
2445 2382 2660 2441 deinde
2682 2387 2982 2462 direptum
2997 2396 3176 2467 capiti
3212 2415 3324 2457 suo
3355 2373 3513 2458 ﬂori-

1858 2461 2004 2518 dum
2028 2469 2250 2522 sertum
2276 2468 2792 2544 circumposuerat
2823 2495 2837 2546 ;
2867 2483 3036 2538 tertio
3067 2501 3208 2543 vero
3234 2490 3510 2546 osculum

1858 2550 2102 2607 tulerat:
2133 2554 2236 2625 qui
2267 2571 2410 2613 sane
2442 2561 2646 2618 tertius
2668 2563 2896 2634 judicio
2950 2569 3132 2628 victor
3161 2590 3300 2631 cum
3332 2584 3505 2646 esset,

1858 2639 2244 2698 nihilominus
2270 2649 2710 2707 contentionem
2758 2654 3038 2724 viguisse.
3091 2660 3238 2719 dum
3283 2671 3508 2723 certan-

1862 2731 1946 2784 tes
1969 2731 2196 2785 mutuis
2213 2748 2274 2788 se
2306 2734 2650 2794 vulneribus
2671 2742 3084 2802 confecissent.
3116 2751 3308 2810 Refert
3328 2754 3510 2824 igitur

1864 2817 2041 2874 veluti
2081 2819 2438 2890 digrediens,
2472 2825 2546 2881 de
2578 2829 2822 2886 Veneris
2855 2833 3018 2903 fano,
3055 2843 3236 2910 utque
3261 2857 3509 2900 necesse

1862 2903 2037 2963 fuerit
2067 2913 2372 2966 matronas
2408 2928 2478 2969 eo
2513 2916 2864 2976 accedentes
2894 2924 3132 2994 publice
3168 2930 3502 2998 enuntiare,

1863 2995 2068 3067 quaain
2082 3013 2151 3053 eo
2182 2997 2432 3057 delubro
2445 3002 2798 3065 cubantibus
2815 3009 3120 3072 insomnia
3141 3017 3268 3075 visa
3287 3026 3504 3078 essent.

149 3087 285 3155 μὰς),
325 3085 661 3156 λεπτομεροῦς
714 3081 1062 3157 διεξέρχεται,
1119 3088 1208 3136 καὶ
1257 3086 1338 3136 ὅτι
1391 3087 1458 3136 τὰ
1510 3091 1629 3160 περὶ
1671 3090 1756 3139 τόν

1868 3085 1973 3140 Ubi
2022 3090 2078 3141 et
2118 3085 2192 3142 de
2237 3087 2591 3148 Pharnucho
2635 3099 2696 3152 et
2747 3098 3102 3170 Pharsiride,
3144 3121 3215 3162 ac
3253 3110 3510 3168 Tanaide

150 3179 300 3226 τόπον
345 3179 442 3225 καὶ
493 3178 587 3230 τήν
643 3179 822 3247 χώραν
859 3180 948 3224 τοῦ
987 3169 1241 3234 Τανάϊδος
1271 3181 1382 3236 τοῖς
1423 3184 1755 3228 κατοικοῦσιν

150 3260 474 3336 Ἀφροδίτης
504 3267 776 3336 μυστήρια
802 3259 1061 3323 Τανάϊδος
1109 3267 1198 3314 καὶ
1238 3261 1560 3338 Φαρσίριδός
1602 3265 1752 3320 εἰσιν.

149 3354 228 3404 Ἐν
291 3350 351 3405 δε
411 3360 474 3423 τῇ
530 3356 874 3424 προειρημένη
933 3347 1120 3409 νησῖδι
1193 3348 1364 3426 ῥόδων
1423 3352 1678 3425 ἐντραγών
1728 3357 1754 3406 6

151 3447 324 3515 Τίγρις
364 3442 578 3512 τελευτᾷ
623 3459 638 3472 ⁸

151 3531 252 3592 let;
302 3534 383 3584 ἔτι
441 3534 879 3603 συνεπτυγμένόις
928 3531 976 3564 ⁸³
1019 3526 1167 3582 οὖσιν
1211 3530 1526 3590 ὑπεκάθητο.
1573 3537 1672 3585 Καὶ
1719 3534 1749 3590 ἠ

685 3443 935 3514 κανθαρὶς
983 3443 1083 3514 γὰρ
1134 3448 1244 3502 τοῖς
1287 3449 1377 3493 τοῦ
1419 3439 1580 3516 ῥόδου
1630 3443 1756 3516 φύλ-

155 3629 236 3672 τοῦ
275 3616 474 3679 παιδὸς
526 3619 572 3653 ⁸³
618 3623 793 3691 μήτηρ
828 3621 973 3694 ἥρωα
1001 3620 1232 3670 πείθεται
1261 3621 1498 3690 γενέσθαι
1528 3623 1613 3672 τὸν
1644 3624 1754 3673 υἱόν

156 3711 553 3781 ἐκμαγεὺσασα.
600 3708 704 3762 Καὶ
749 3703 1074 3780 διεξέρχεται
1113 3708 1138 3758 6
1186 3705 1493 3779 Ἰάμϐλιχός
1523 3717 1756 3781 μαγικῆς

163 3796 292 3862 εἴδη,
347 3800 528 3870 μάγον
568 3793 800 3871 ἀκρίδων
848 3801 934 3848 καὶ
991 3797 1158 3868 μάγον
1198 3795 1409 3848 λεόντων
1457 3803 1546 3850 καὶ
1593 3799 1758 3870 μάγον

168 3897 298 3940 τινῶν
341 3904 355 3918 ’
394 3887 448 3948 ἐξ
494 3886 557 3938 οὗ
599 3886 872 3938 καλεῖσθαι
923 3891 1011 3938 καὶ
1070 3888 1135 3937 τὰ
1189 3891 1459 3958 μυστήρια
1511 3885 1611 3938 ἀπὸ
1660 3896 1758 3940 τῶν

165 3943 303 4046 μνῶν
360 3978 601 4050 (πρωτην
656 3978 759 4048 γὰρ
809 3971 937 4026 εἶναι
982 3980 1072 4033 τήν
1139 3982 1237 4025 τῶν
1289 3983 1432 4046 μυῶν
1483 3976 1758 4048 μαγικήν).

175 4070 272 4116 Καὶ
316 4067 484 4136 μάγον
534 4061 592 4116 δι
627 4064 764 4134 λέγει
809 4062 1049 4134 χαλάζης
1095 4066 1184 4115 καὶ
1220 4065 1386 4134 μάγον
1439 4067 1614 4136 ὄφεων,
1675 4071 1766 4118 καὶ

177 4159 568 4226 νεκνοραντείας
618 4154 666 4186 ³⁸
708 4156 796 4203 xui
828 4152 1266 4226 ἐγγαστρίμυθόν,
1323 4151 1375 4203 ὃν
1423 4158 1533 4224 καὶ,
1587 4175 1763 4226 φησιν,

175 4247 242 4305 ὡς
305 4243 543 4302 Ἕλληνες
598 4245 688 4314 μεν
741 4240 1002 4313 Εὐρυκλέα
1054 4240 1284 4313 λέγουσι,
1347 4240 1660 4296 Βαϐυλώνιοι
1713 4242 1771 4298 δὲ

177 4339 476 4407 Σαογούραν
531 4330 875 4382 ἀποκαλοῦσι.
937 4333 1090 4402 Λέγει
1149 4327 1207 4382 δὲ
1253 4335 1343 4382 καὶ
1391 4331 1570 4384 ἑαυτὸν
1609 4333 1775 4386 Βαϐυ-

1864 3173 2042 3245 (unde
2055 3175 2232 3232 etiam
2247 3176 2473 3240 ﬂumen
2504 3184 2740 3256 Tanais)
2763 3196 3106 3248 accuratam
3121 3195 3368 3253 instituit
3379 3215 3512 3256 nar-

1862 3263 2200 3320 rationem:
2235 3268 2638 3343 mysteriaque
2686 3276 2923 3334 Veneris
2969 3281 3130 3339 circa
3187 3287 3508 3345 Tanaidem

1860 3350 2293 3422 habitantibus,
2315 3355 2500 3430 hujus
2524 3375 2653 3418 esse
2681 3366 2976 3436 Tanaidis,
3021 3377 3198 3444 atque
3230 3375 3514 3435 Pharsiri-

1862 3439 1974 3496 dis.
1996 3441 2060 3497 In
2088 3443 2286 3500 insula
2298 3462 2434 3503 vero
2459 3465 2643 3521 supra
2668 3455 2908 3526 scripta,
2925 3474 3092 3517 rosas
3114 3463 3390 3523 edentem
3421 3468 3512 3524 Ti-

1863 3530 2012 3600 grim
2038 3533 2386 3590 exstinctum
2407 3553 2418 3590 2
2436 3541 2594 3610 quod
2609 3543 2910 3601 cantharis
2921 3563 3071 3605 rosae
3089 3551 3511 3613 foliisinvicem

1862 3619 2061 3676 adhuc
2090 3621 2406 3694 implicatis
2434 3629 2784 3688 subsederat
2815 3649 2827 3700 ;
2857 3636 3140 3710 additque
3184 3646 3321 3712 post
3350 3645 3518 3701 adhi-

1861 3708 1986 3766 bita
2014 3710 2477 3779 incantamenta,
2507 3721 2763 3776 matrem
2800 3721 2990 3794 ipsius
3022 3708 3377 3797 persuasum
3406 3732 3514 3790 ha-

1864 3797 2085 3866 buisse,
2119 3801 2336 3870 Tigrim
2354 3803 2481 3873 jam
2497 3805 2741 3866 heroem
2781 3826 2912 3869 esse
2937 3813 3176 3871 factum.
3215 3819 3316 3875 Hic
3358 3822 3518 3879 1am--

1869 3886 2096 3944 blichus
2127 3890 2338 3962 magiae
2360 3893 2586 3963 species
2619 3901 2991 3972 persequitur
3019 3920 3037 3967 ;
3064 3922 3311 3976 magum
3358 3911 3518 3966 enim

1871 3993 2004 4033 esse
2029 3976 2419 4045 locustarum,
2452 3986 2510 4038 et
2536 3999 2786 4055 magum
2834 3989 3101 4060 leonum,
3154 4001 3211 4052 et
3268 4013 3520 4069 magum

1871 4065 2135 4123 murium
2177 4067 2381 4138 (atque
2431 4069 2571 4126 inde
2619 4075 2799 4131 etiam
2849 4081 2912 4130 τά
2958 4087 3230 4156 μυστήρια
3276 4084 3376 4138 ἀπὸ
3422 4097 3522 4140 τῶν

1875 4164 2018 4229 μυὼν
2048 4156 2320 4222 derivari,
2355 4174 2492 4214 cum
2523 4165 2868 4222 caeterarum
2889 4167 3088 4239 prima
3109 4173 3375 4232 murium
3397 4193 3522 4234 ma-

1879 4246 1978 4315 gia
1998 4246 2111 4314 sit),
2140 4261 2376 4316 magum
2398 4264 2640 4322 quoque
2671 4255 2996 4324 grandinis,
3033 4264 3088 4314 et
3112 4277 3364 4333 magum
3407 4283 3526 4323 ser-

1883 4340 2146 4406 pentum,
2169 4336 2658 4397 etdivinationise
2672 4345 2940 4410 mortuis,
2966 4363 3036 4404 ac
3053 4352 3522 4427 ventriloquum,

179 4422 345 4475 λωνιον
392 4420 528 4476 εἶναι
586 4422 612 4472 6
655 4421 702 4456 ⁸⁵
747 4422 1098 4494 συγγραφεὺς,
1139 4423 1230 4471 καὶ
1273 4421 1588 4509 μαθεῖν-τήν
1621 4442 1758 4494 μαγιη

1883 4441 2087 4497 quem,
2121 4423 2333 4498 inquit,
2383 4432 2445 4482 ut
2475 4430 2657 4486 Graeci
2685 4433 2968 4504 Euryclea
3000 4436 3134 4509 (63),
3170 4441 3254 4497 sic
3294 4420 3350 4500 et
3392 4420 3534 4502 Sac-

183 4519 290 4580 κήν,
341 4515 531 4586 μαθεῖν
582 4507 641 4562 δὲ
699 4514 788 4561 καὶ
845 4514 938 4566 τήν
992 4507 1291 4567 Ἑλληνικήν
1357 4506 1641 4586 παιδείαν,
1691 4517 1778 4565 καὶ

187 4600 423 4662 ἁκιιάζειν
469 4600 556 4652 ἐπὶ
605 4603 824 4669 Σοαίρου
866 4605 957 4649 τοῦ
1006 4593 1388 4669 Ἀχαιμενίδου
1438 4607 1530 4651 τοῦ
1588 4600 1778 4676 Ἀρσα-

729 4659 740 4669 ,
1070 4659 1111 4668 ,-
1175 4659 1184 4669 .
1651 4659 1660 4676 ι

186 4659 350 4758 κίδον,
395 4692 454 4753 ὃς
498 4687 751 4762 βασιλεὺς
784 4683 845 4744 ἦν
895 4688 947 4738 ἐκ
991 4690 1224 4761 πατέρων
1279 4685 1562 4759 βασιλέων,
1608 4694 1783 4762 γέγονε

193 4775 246 4831 ᾖ
295 4783 434 4852 ὅμως
491 4783 577 4831 xui
629 4786 726 4837 τῆς
774 4774 1070 4847 συγκλήτου
1127 4774 1325 4847 βουλῆς
1365 4785 1461 4838 τῆς
1504 4777 1552 4828 ίν
1590 4777 1818 4852 Ῥώμη,“

193 4837 488 4930 1115.7?270;
522 4864 603 4933 δέ,
651 4863 762 4920 εἶτα
791 4869 880 4917 καὶ
931 4863 1182 4936 βασιλεὺς
1223 4865 1376 4916 πάλιν
1423 4874 1519 4928 τῆς
1561 4868 1786 4940 μεγάλης

197 4959 478 5021 Ἀθηινίας,
528 4957 649 5012 Ἐπὶ
697 4957 885 5007 τούτου
929 4960 1050 5024 γοῦν
1101 4951 1338 5025 ἀκμάσαι
1393 4960 1550 5026 φησὶν
1593 4956 1638 4991 ⁸⁸
1670 4956 1789 5010 ἐαυ-

348 5047 613 5121 Ῥωμάίων
683 5041 742 5097 δι
797 5039 1138 5115 διαλαμϐάνει
1203 5040 1499 5115 βασιλεύειν
1550 5045 1791 5098 Ἀντωνῖο

1888 4513 2114 4570 churan
2130 4515 2431 4586 Babylonii
2444 4517 2848 4590 appellant.Se
2873 4539 3116 4598 quoque
3140 4530 3536 4603 Babylonium

1887 4603 1983 4659 hic
2037 4604 2280 4676 scriptor
2307 4603 2466 4671 facit,
2499 4622 2568 4662 ac
2599 4611 2867 4679 magiam
2915 4613 3214 4684 didicisse,
3277 4625 3332 4678 et
3384 4623 3540 4679 Gras-

1893 4708 2101 4748 corum
2132 4693 2186 4748 ei
2226 4693 2571 4766 disciplinas
2619 4698 2964 4770 adjunxisse
3021 4704 3340 4764 :ﬂoruisse
3394 4727 3536 4769 vero

1895 4781 2263 4853 temporibus
2287 4784 2522 4841 Soaemi
2545 4785 2977 4846 Achazmenidis
3016 4793 3138 4863 ﬁlii,
3172 4796 3406 4855 Arsacaa
3439 4817 3544 4856 ne-

1894 4871 2051 4943 potis
2085 4870 2225 4942 :qui
2268 4887 2372 4928 rex
2398 4873 2640 4942 regibus
2683 4875 3233 4946 oriundus,creatus
3262 4889 3461 4944 tamen
3491 4894 3548 4947 et

1898 4961 2100 5014 Romae
2131 4966 2384 5026 senator,
2435 4961 2553 5018 imo
2604 4965 2813 5020 consul
2861 4965 3052 5034 fuerit,
3087 4987 3157 5028 ac
3201 4973 3415 5032 deinde
3445 4993 3547 5034 rex

1899 5048 2113 5104 iterum
2143 5050 2387 5122 majoris
2414 5053 2727 5110 Armeniae.
2755 5055 2940 5126 Hujus
2964 5056 3141 5130 igitur
3171 5078 3233 5120 se
3266 5069 3438 5122 aetate
3467 5068 3555 5123 vi-

1540 5189 1784 5243 VARIJE
1823 5189 2226 5249 LECTIONES.

277 5334 319 5366 δ’
347 5333 392 5384 ἐν
424 5334 564 5402 ὕπνῳ
599 5351 653 5402 ξε

216 5424 268 5466 τ.
336 5407 379 5440 ⁸³
405 5398 598 5464 παιδός
627 5398 698 5458 δὴ
726 5398 899 5473 μήτηρ

735 5329 780 5363 ει
812 5325 1064 5401 Βόχορος]
1099 5327 1127 5385 ἣ
1161 5324 1394 5401 βόχορος
1425 5332 1464 5380 Α
1493 5335 1626 5400 post
1655 5333 2121 5426 erasumlnescio
2150 5333 2319 5407 quid.
2348 5338 2581 5425 Βρροχρς
2611 5338 2641 5397 ἦ
2677 5342 2914 5413 Βόρυχος
2946 5364 3004 5408 ς,
3080 5345 3126 5382 δε
3152 5357 3567 5426 (“unﬁt-vo“

735 5404 897 5426 .-.Δ-μ-
938 5421 966 5426 _
1066 5400 1111 5426 ιε
1139 5403 1510 5426 ..-.-..-....-._.'..-
1552 5422 1577 5426 _
1761 5405 1775 5426 ε
1814 5421 1836 5426 -
1997 5407 2013 5426 Δ
2128 5407 2174 5426 ιι
2314 5411 2323 5424 ι

1541 5379 1626 5386 η-
1657 5379 1898 5389 --..-....-
1920 5379 2119 5390 ..-νων
2200 5379 2319 5390 νη...
2348 5379 2409 5387 ,η
2451 5379 2472 5388 -
2526 5379 2581 5399 τ,
2613 5379 2638 5397 .,
2677 5379 2726 5391 υ,

1024 5379 1523 5472 Ἥδίνέκυρμαντίαξ
1543 5422 1596 5464 ς’.
1675 5404 1722 5437 ⁸⁸
1755 5405 1780 5455 ό
1809 5403 1951 5463 add.
1984 5407 2048 5461 Α.
2128 5379 2358 5480 ⁸ῖίφησιν
2391 5379 2631 5482 ἀίκείζίσαι
2670 5432 2726 5476 ς,

1778 5532 1820 5585 Ν
1829 5531 2003 5588 ΟΤᾸΞ.

289 5637 392 5706 (6‘3)
418 5637 557 5693 Vide
581 5633 772 5691 Photii
800 5631 1035 5706 epistol.
1071 5632 1120 5696 1,
1149 5635 1203 5699 2,
1239 5630 1343 5687 inf.
1380 5636 1433 5688 et
1469 5634 1724 5692 Delrium
1763 5638 1843 5694 De
1869 5640 2080 5710 Μαρία,
2104 5638 2204 5695 lib.
2247 5641 2294 5704 ’i,
2318 5656 2448 5713 cap.
2483 5645 2535 5698 ‘2.
2580 5649 2786 5714 quaest.
2822 5649 2872 5702 6.

422 5748 671 5803 PATROL.
705 5743 812 5798 Gn.
854 5740 997 5798 CIII.

3274 5767 3336 5821 ’11
