  <div class='ocr_page' id='page_1' title='image "/cluster/home/n/w/nwhite01/storage/ocr_20150623/103/hvd.32044054112495/178.png"; bbox 0 0 4036 6214; ppageno 0'>
   <div class='ocr_carea' id='block_1_1' title="bbox 177 317 274 380">
    <p class='ocr_par' dir='ltr' id='par_1_1' title="bbox 177 317 274 380">
     <span class='ocr_line' id='line_1_1' title="bbox 177 317 274 380; baseline -0.021 0"><span class='ocrx_word' id='word_1_1' title='bbox 177 317 274 380; x_wconf 84' lang='lat'>333</span> 
     </span>
    </p>
   </div>
   <div class='ocr_carea' id='block_1_2' title="bbox 1361 307 2357 368">
    <p class='ocr_par' dir='ltr' id='par_1_2' title="bbox 1361 307 2357 368">
     <span class='ocr_line' id='line_1_2' title="bbox 1361 307 2357 368; baseline 0.004 -4"><span class='ocrx_word' id='word_1_2' title='bbox 1361 307 1852 366; x_wconf 77' lang='lat' dir='ltr'>BIBLIOTIIECA.</span> <span class='ocrx_word' id='word_1_3' title='bbox 1880 339 1948 350; x_wconf 81' lang='lat'>—-</span> <span class='ocrx_word' id='word_1_4' title='bbox 1973 308 2134 364; x_wconf 90' lang='lat' dir='ltr'>COD.</span> <span class='ocrx_word' id='word_1_5' title='bbox 2165 309 2357 368; x_wconf 84' lang='lat' dir='ltr'>XCIV.</span> 
     </span>
    </p>
   </div>
   <div class='ocr_carea' id='block_1_3' title="bbox 3445 321 3544 376">
    <p class='ocr_par' dir='ltr' id='par_1_3' title="bbox 3445 321 3544 376">
     <span class='ocr_line' id='line_1_3' title="bbox 3445 321 3544 376; baseline -0.02 0"><span class='ocrx_word' id='word_1_6' title='bbox 3445 321 3544 376; x_wconf 64' lang='lat'>33-1</span> 
     </span>
    </p>
   </div>
   <div class='ocr_carea' id='block_1_4' title="bbox 180 433 1790 520">
    <p class='ocr_par' dir='ltr' id='par_1_4' title="bbox 180 437 1774 520">
     <span class='ocr_line' id='line_1_4' title="bbox 180 437 1774 520; baseline -0.008 -21"><span class='ocrx_word' id='word_1_7' title='bbox 180 453 302 520; x_wconf 78' lang='grc' dir='ltr'>πρὸς</span> <span class='ocrx_word' id='word_1_8' title='bbox 351 447 441 497; x_wconf 80' lang='grc' dir='ltr'>τόν</span> <span class='ocrx_word' id='word_1_9' title='bbox 493 441 670 518; x_wconf 79' lang='grc' dir='ltr'>ἄνδρα</span> <span class='ocrx_word' id='word_1_10' title='bbox 731 439 906 512; x_wconf 72' lang='grc' dir='ltr'>εὐνοίᾳ</span> <span class='ocrx_word' id='word_1_11' title='bbox 957 441 1048 500; x_wconf 77' lang='grc' dir='ltr'>τας</span> <span class='ocrx_word' id='word_1_12' title='bbox 1111 441 1304 510; x_wconf 82' lang='grc' dir='ltr'>τρίχας</span> <span class='ocrx_word' id='word_1_13' title='bbox 1357 437 1774 507; x_wconf 82' lang='grc' dir='ltr'>περικειραμένη.</span> 
     </span>
    </p>
   </div>
   <div class='ocr_carea' id='block_1_5' title="bbox 1900 433 3545 520">
    <p class='ocr_par' dir='ltr' id='par_1_5' title="bbox 1900 433 3545 516">
     <span class='ocr_line' id='line_1_5' title="bbox 1900 433 3545 516; baseline 0.009 -30"><span class='ocrx_word' id='word_1_14' title='bbox 1900 433 2048 504; x_wconf 77' lang='lat' dir='ltr'>76b</span> <span class='ocrx_word' id='word_1_15' title='bbox 2069 435 2316 508; x_wconf 87' lang='lat' dir='ltr'>ejusque</span> <span class='ocrx_word' id='word_1_16' title='bbox 2329 437 2622 497; x_wconf 87' lang='lat' dir='ltr'>desiderio</span> <span class='ocrx_word' id='word_1_17' title='bbox 2641 440 2832 497; x_wconf 82' lang='lat' dir='ltr'>crines</span> <span class='ocrx_word' id='word_1_18' title='bbox 2849 443 3102 498; x_wconf 77' lang='lat' dir='ltr'>attonsa.</span> <span class='ocrx_word' id='word_1_19' title='bbox 3121 441 3255 498; x_wconf 70' lang='lat' dir='ltr'>Haec</span> <span class='ocrx_word' id='word_1_20' title='bbox 3274 449 3545 516; x_wconf 79' lang='lat' dir='ltr'>torquem</span> 
     </span>
    </p>
   </div>
   <div class='ocr_carea' id='block_1_6' title="bbox 181 522 1781 598">
    <p class='ocr_par' dir='ltr' id='par_1_6' title="bbox 181 522 1781 598">
     <span class='ocr_line' id='line_1_6' title="bbox 181 522 1781 598; baseline -0.009 -10"><span class='ocrx_word' id='word_1_21' title='bbox 181 541 450 588; x_wconf 81' lang='grc' dir='ltr'>Πέιιπεται</span> <span class='ocrx_word' id='word_1_22' title='bbox 494 535 628 590; x_wconf 72' lang='grc' dir='ltr'>αὕτη</span> <span class='ocrx_word' id='word_1_23' title='bbox 683 541 778 590; x_wconf 78' lang='grc' dir='ltr'>τῆς</span> <span class='ocrx_word' id='word_1_24' title='bbox 821 529 1050 588; x_wconf 77' lang='grc' dir='ltr'>ἁλύσεως</span> <span class='ocrx_word' id='word_1_25' title='bbox 1096 533 1186 585; x_wconf 81' lang='grc' dir='ltr'>τῆς</span> <span class='ocrx_word' id='word_1_26' title='bbox 1235 532 1444 598; x_wconf 84' lang='grc' dir='ltr'>χρυσῆς</span> <span class='ocrx_word' id='word_1_27' title='bbox 1483 522 1781 594; x_wconf 79' lang='grc' dir='ltr'>ἀπεμπολῆ-</span> 
     </span>
    </p>
   </div>
   <div class='ocr_carea' id='block_1_7' title="bbox 181 611 1776 694">
    <p class='ocr_par' dir='ltr' id='par_1_7' title="bbox 181 611 1776 694">
     <span class='ocr_line' id='line_1_7' title="bbox 181 611 1776 694; baseline -0.009 -19"><span class='ocrx_word' id='word_1_28' title='bbox 181 645 290 686; x_wconf 80' lang='grc' dir='ltr'>σαι,</span> <span class='ocrx_word' id='word_1_29' title='bbox 319 627 382 681; x_wconf 71' lang='grc' dir='ltr'>ἦν</span> <span class='ocrx_word' id='word_1_30' title='bbox 425 625 472 674; x_wconf 87' lang='grc' dir='ltr'>οἱ</span> <span class='ocrx_word' id='word_1_31' title='bbox 517 625 634 694; x_wconf 82' lang='grc' dir='ltr'>περὶ</span> <span class='ocrx_word' id='word_1_32' title='bbox 671 616 923 674; x_wconf 72' lang='grc' dir='ltr'>Ῥοὸείνην</span> <span class='ocrx_word' id='word_1_33' title='bbox 961 616 1018 668; x_wconf 83' lang='grc' dir='ltr'>ἐκ</span> <span class='ocrx_word' id='word_1_34' title='bbox 1057 623 1154 666; x_wconf 78' lang='grc' dir='ltr'>τῶν</span> <span class='ocrx_word' id='word_1_35' title='bbox 1201 611 1409 684; x_wconf 74' lang='grc' dir='ltr'>δεσμῶν</span> <span class='ocrx_word' id='word_1_36' title='bbox 1459 611 1776 683; x_wconf 77' lang='grc' dir='ltr'>ἐπεφέροντο·</span> 
     </span>
    </p>
   </div>
   <div class='ocr_carea' id='block_1_8' title="bbox 179 703 1782 784">
    <p class='ocr_par' dir='ltr' id='par_1_8' title="bbox 179 703 1782 784">
     <span class='ocr_line' id='line_1_8' title="bbox 179 703 1782 784; baseline -0.009 -19"><span class='ocrx_word' id='word_1_37' title='bbox 179 721 266 765; x_wconf 71' lang='grc' dir='ltr'>καὶ</span> <span class='ocrx_word' id='word_1_38' title='bbox 307 717 492 764; x_wconf 79' lang='grc' dir='ltr'>ιὶπεισι</span> <span class='ocrx_word' id='word_1_39' title='bbox 523 713 654 784; x_wconf 81' lang='grc' dir='ltr'>πρὸς</span> <span class='ocrx_word' id='word_1_40' title='bbox 697 712 784 760; x_wconf 86' lang='grc' dir='ltr'>τὸν</span> <span class='ocrx_word' id='word_1_41' title='bbox 811 709 1119 778; x_wconf 86' lang='grc' dir='ltr'>χρυσοχόον</span> <span class='ocrx_word' id='word_1_42' title='bbox 1161 706 1190 761; x_wconf 79' lang='grc' dir='ltr'>ἡ</span> <span class='ocrx_word' id='word_1_43' title='bbox 1223 711 1316 754; x_wconf 91' lang='grc' dir='ltr'>τοῦ</span> <span class='ocrx_word' id='word_1_44' title='bbox 1359 709 1590 775; x_wconf 82' lang='grc' dir='ltr'>γεωργοῦ</span> <span class='ocrx_word' id='word_1_45' title='bbox 1623 703 1782 769; x_wconf 78' lang='grc' dir='ltr'>θυγά-</span> 
     </span>
    </p>
   </div>
   <div class='ocr_carea' id='block_1_9' title="bbox 183 788 1782 876">
    <p class='ocr_par' dir='ltr' id='par_1_9' title="bbox 183 788 1782 876">
     <span class='ocr_line' id='line_1_9' title="bbox 183 788 1782 876; baseline -0.011 -21"><span class='ocrx_word' id='word_1_46' title='bbox 183 823 298 876; x_wconf 75' lang='grc' dir='ltr'>τηρ.</span> <span class='ocrx_word' id='word_1_47' title='bbox 345 807 449 852; x_wconf 76' lang='grc' dir='ltr'>Καὶ</span> <span class='ocrx_word' id='word_1_48' title='bbox 502 797 626 852; x_wconf 62' lang='grc' dir='ltr'>ἰδὼν</span> <span class='ocrx_word' id='word_1_49' title='bbox 667 805 854 856; x_wconf 83' lang='grc' dir='ltr'>εκεῖνος</span> <span class='ocrx_word' id='word_1_50' title='bbox 893 815 985 852; x_wconf 85' lang='grc' dir='ltr'>την</span> <span class='ocrx_word' id='word_1_51' title='bbox 1027 813 1084 845; x_wconf 83' lang='grc' dir='ltr'>τε</span> <span class='ocrx_word' id='word_1_52' title='bbox 1125 793 1243 864; x_wconf 77' lang='grc' dir='ltr'>ἄψιν</span> <span class='ocrx_word' id='word_1_53' title='bbox 1288 801 1384 850; x_wconf 78' lang='grc' dir='ltr'>τῆς</span> <span class='ocrx_word' id='word_1_54' title='bbox 1425 797 1582 862; x_wconf 86' lang='grc' dir='ltr'>κόρης</span> <span class='ocrx_word' id='word_1_55' title='bbox 1621 788 1782 845; x_wconf 77' lang='grc' dir='ltr'>καλὴν</span> 
     </span>
    </p>
   </div>
   <div class='ocr_carea' id='block_1_10' title="bbox 183 878 1784 958">
    <p class='ocr_par' dir='ltr' id='par_1_10' title="bbox 183 878 1784 958">
     <span class='ocr_line' id='line_1_10' title="bbox 183 878 1784 958; baseline -0.01 -15"><span class='ocrx_word' id='word_1_56' title='bbox 183 897 268 943; x_wconf 77' lang='grc' dir='ltr'>καὶ</span> <span class='ocrx_word' id='word_1_57' title='bbox 311 899 404 951; x_wconf 76' lang='grc' dir='ltr'>τῆς</span> <span class='ocrx_word' id='word_1_58' title='bbox 453 889 683 947; x_wconf 77' lang='grc' dir='ltr'>ἁλύσεως</span> <span class='ocrx_word' id='word_1_59' title='bbox 731 889 790 938; x_wconf 79' lang='grc' dir='ltr'>τὸ</span> <span class='ocrx_word' id='word_1_60' title='bbox 844 889 1018 958; x_wconf 84' lang='grc' dir='ltr'>μέρος,</span> <span class='ocrx_word' id='word_1_61' title='bbox 1051 880 1108 942; x_wconf 76' lang='grc' dir='ltr'>ἧς</span> <span class='ocrx_word' id='word_1_62' title='bbox 1151 881 1303 941; x_wconf 83' lang='grc' dir='ltr'>αύτός</span> <span class='ocrx_word' id='word_1_63' title='bbox 1361 880 1582 953; x_wconf 78' lang='grc' dir='ltr'>ἐργάτης</span> <span class='ocrx_word' id='word_1_64' title='bbox 1641 878 1784 947; x_wconf 81' lang='grc' dir='ltr'>ἐτύγ-</span> 
     </span>
    </p>
   </div>
   <div class='ocr_carea' id='block_1_11' title="bbox 185 972 1782 1052">
    <p class='ocr_par' dir='ltr' id='par_1_11' title="bbox 185 972 1782 1052">
     <span class='ocr_line' id='line_1_11' title="bbox 185 972 1782 1052; baseline -0.009 -20"><span class='ocrx_word' id='word_1_65' title='bbox 185 999 332 1052; x_wconf 79' lang='grc' dir='ltr'>χανε.</span> <span class='ocrx_word' id='word_1_66' title='bbox 391 983 482 1029; x_wconf 82' lang='grc' dir='ltr'>καὶ</span> <span class='ocrx_word' id='word_1_67' title='bbox 541 982 634 1035; x_wconf 76' lang='grc' dir='ltr'>τὴν</span> <span class='ocrx_word' id='word_1_68' title='bbox 683 981 852 1046; x_wconf 84' lang='grc' dir='ltr'>κόμην</span> <span class='ocrx_word' id='word_1_69' title='bbox 897 976 1300 1048; x_wconf 77' lang='grc' dir='ltr'>περιηρημένην,</span> <span class='ocrx_word' id='word_1_70' title='bbox 1370 972 1578 1022; x_wconf 79' lang='grc' dir='ltr'>ὑπονοεῖ</span> <span class='ocrx_word' id='word_1_71' title='bbox 1632 975 1782 1019; x_wconf 88' lang='grc' dir='ltr'>Σινω-</span> 
     </span>
    </p>
   </div>
   <div class='ocr_carea' id='block_1_12' title="bbox 181 1057 1781 1136">
    <p class='ocr_par' dir='ltr' id='par_1_12' title="bbox 181 1057 1781 1136">
     <span class='ocr_line' id='line_1_12' title="bbox 181 1057 1781 1136; baseline -0.007 -18"><span class='ocrx_word' id='word_1_72' title='bbox 181 1067 306 1120; x_wconf 72' lang='grc' dir='ltr'>νίὸα</span> <span class='ocrx_word' id='word_1_73' title='bbox 367 1065 518 1132; x_wconf 82' lang='grc' dir='ltr'>εἶναι,</span> <span class='ocrx_word' id='word_1_74' title='bbox 578 1071 668 1118; x_wconf 80' lang='grc' dir='ltr'>καὶ</span> <span class='ocrx_word' id='word_1_75' title='bbox 719 1064 932 1136; x_wconf 77' lang='grc' dir='ltr'>πέμψας</span> <span class='ocrx_word' id='word_1_76' title='bbox 985 1066 1110 1134; x_wconf 86' lang='grc' dir='ltr'>πρὸς</span> <span class='ocrx_word' id='word_1_77' title='bbox 1159 1063 1334 1133; x_wconf 82' lang='grc' dir='ltr'>Δάμαν</span> <span class='ocrx_word' id='word_1_78' title='bbox 1391 1064 1483 1110; x_wconf 77' lang='grc' dir='ltr'>καὶ</span> <span class='ocrx_word' id='word_1_79' title='bbox 1535 1057 1704 1109; x_wconf 79' lang='grc' dir='ltr'>λαϐὼν</span> <span class='ocrx_word' id='word_1_80' title='bbox 1735 1059 1781 1091; x_wconf 73' lang='grc'><strong><em>⁸⁵</em></strong></span> 
     </span>
    </p>
   </div>
   <div class='ocr_carea' id='block_1_13' title="bbox 179 1145 1784 1229">
    <p class='ocr_par' dir='ltr' id='par_1_13' title="bbox 179 1145 1784 1229">
     <span class='ocr_line' id='line_1_13' title="bbox 179 1145 1784 1229; baseline -0.007 -21"><span class='ocrx_word' id='word_1_81' title='bbox 179 1159 409 1229; x_wconf 66' lang='grc' dir='ltr'>φύλακας</span> <span class='ocrx_word' id='word_1_82' title='bbox 471 1156 835 1228; x_wconf 75' lang='grc' dir='ltr'>ἀπερχομένην</span> <span class='ocrx_word' id='word_1_83' title='bbox 889 1151 1130 1224; x_wconf 70' lang='grc' dir='ltr'>ἐφύλαττε</span> <span class='ocrx_word' id='word_1_84' title='bbox 1181 1153 1370 1222; x_wconf 72' lang='grc' dir='ltr'>κρύφα.</span> <span class='ocrx_word' id='word_1_85' title='bbox 1401 1148 1458 1200; x_wconf 82' lang='grc' dir='ltr'><em>Ἦ</em></span> <span class='ocrx_word' id='word_1_86' title='bbox 1521 1145 1598 1212; x_wconf 66' lang='grc' dir='ltr'>δὲ,</span> <span class='ocrx_word' id='word_1_87' title='bbox 1659 1148 1784 1198; x_wconf 76' lang='grc' dir='ltr'>ὑπο-</span> 
     </span>
    </p>
   </div>
   <div class='ocr_carea' id='block_1_14' title="bbox 177 1239 1784 1316">
    <p class='ocr_par' dir='ltr' id='par_1_14' title="bbox 177 1239 1784 1316">
     <span class='ocr_line' id='line_1_14' title="bbox 177 1239 1784 1316; baseline -0.006 -20"><span class='ocrx_word' id='word_1_88' title='bbox 177 1255 424 1302; x_wconf 66' lang='grc' dir='ltr'>νοησασα</span> <span class='ocrx_word' id='word_1_89' title='bbox 485 1249 542 1298; x_wconf 85' lang='grc' dir='ltr'>τὸ</span> <span class='ocrx_word' id='word_1_90' title='bbox 599 1249 970 1316; x_wconf 81' lang='grc' dir='ltr'>πραττόμενον,</span> <span class='ocrx_word' id='word_1_91' title='bbox 1023 1243 1196 1311; x_wconf 73' lang='grc' dir='ltr'>φεύγει</span> <span class='ocrx_word' id='word_1_92' title='bbox 1255 1239 1324 1299; x_wconf 81' lang='grc' dir='ltr'>εἰς</span> <span class='ocrx_word' id='word_1_93' title='bbox 1381 1241 1570 1312; x_wconf 80' lang='grc' dir='ltr'>ἔρημον</span> <span class='ocrx_word' id='word_1_94' title='bbox 1620 1239 1784 1288; x_wconf 79' lang='grc' dir='ltr'>κατά-</span> 
     </span>
    </p>
   </div>
   <div class='ocr_carea' id='block_1_15' title="bbox 177 1325 1784 1408">
    <p class='ocr_par' dir='ltr' id='par_1_15' title="bbox 177 1325 1784 1408">
     <span class='ocr_line' id='line_1_15' title="bbox 177 1325 1784 1408; baseline -0.007 -21"><span class='ocrx_word' id='word_1_95' title='bbox 177 1337 338 1408; x_wconf 72' lang='grc' dir='ltr'>λυμα-</span> <span class='ocrx_word' id='word_1_96' title='bbox 379 1335 428 1386; x_wconf 78' lang='grc' dir='ltr'>ἐν</span> <span class='ocrx_word' id='word_1_97' title='bbox 543 1339 630 1385; x_wconf 81' lang='grc' dir='ltr'>καὶ</span> <span class='ocrx_word' id='word_1_98' title='bbox 669 1335 732 1384; x_wconf 80' lang='grc' dir='ltr'>τα</span> <span class='ocrx_word' id='word_1_99' title='bbox 779 1337 894 1404; x_wconf 85' lang='grc' dir='ltr'>περὶ</span> <span class='ocrx_word' id='word_1_100' title='bbox 947 1339 1042 1390; x_wconf 79' lang='grc' dir='ltr'>τῆς</span> <span class='ocrx_word' id='word_1_101' title='bbox 1083 1333 1242 1404; x_wconf 82' lang='grc' dir='ltr'>κόρης</span> <span class='ocrx_word' id='word_1_102' title='bbox 1292 1335 1390 1388; x_wconf 81' lang='grc' dir='ltr'>τῆς</span> <span class='ocrx_word' id='word_1_103' title='bbox 1445 1325 1784 1397; x_wconf 76' lang='grc' dir='ltr'>ἐπικαλουμέ-</span> 
     </span>
    </p>
   </div>
   <div class='ocr_carea' id='block_1_16' title="bbox 177 1417 1782 1498">
    <p class='ocr_par' dir='ltr' id='par_1_16' title="bbox 177 1417 1782 1498">
     <span class='ocr_line' id='line_1_16' title="bbox 177 1417 1782 1498; baseline -0.005 -24"><span class='ocrx_word' id='word_1_104' title='bbox 177 1447 268 1488; x_wconf 70' lang='grc' dir='ltr'>νης</span> <span class='ocrx_word' id='word_1_105' title='bbox 297 1427 648 1498; x_wconf 64' lang='grc' dir='ltr'>’σιτροφίμης</span> <span class='ocrx_word' id='word_1_106' title='bbox 689 1427 776 1474; x_wconf 79' lang='grc' dir='ltr'>καὶ</span> <span class='ocrx_word' id='word_1_107' title='bbox 823 1428 914 1472; x_wconf 87' lang='grc' dir='ltr'>τοῦ</span> <span class='ocrx_word' id='word_1_108' title='bbox 965 1417 1153 1471; x_wconf 78' lang='grc' dir='ltr'>δούλου</span> <span class='ocrx_word' id='word_1_109' title='bbox 1201 1425 1292 1470; x_wconf 84' lang='grc' dir='ltr'>τοῦ</span> <span class='ocrx_word' id='word_1_110' title='bbox 1325 1420 1547 1491; x_wconf 71' lang='grc' dir='ltr'>ἐραστοῦ</span> <span class='ocrx_word' id='word_1_111' title='bbox 1577 1421 1666 1468; x_wconf 85' lang='grc' dir='ltr'>καὶ</span> <span class='ocrx_word' id='word_1_112' title='bbox 1697 1436 1782 1487; x_wconf 74' lang='grc' dir='ltr'>φο-</span> 
     </span>
    </p>
   </div>
   <div class='ocr_carea' id='block_1_17' title="bbox 177 1506 1782 1581">
    <p class='ocr_par' dir='ltr' id='par_1_17' title="bbox 177 1506 1782 1581">
     <span class='ocr_line' id='line_1_17' title="bbox 177 1506 1782 1581; baseline -0.007 -14"><span class='ocrx_word' id='word_1_113' title='bbox 177 1523 322 1574; x_wconf 78' lang='grc' dir='ltr'>νέως,</span> <span class='ocrx_word' id='word_1_114' title='bbox 351 1518 444 1564; x_wconf 76' lang='grc' dir='ltr'>καὶ</span> <span class='ocrx_word' id='word_1_115' title='bbox 473 1519 566 1564; x_wconf 80' lang='grc' dir='ltr'>τοῦ</span> <span class='ocrx_word' id='word_1_116' title='bbox 597 1517 800 1580; x_wconf 81' lang='grc' dir='ltr'>κόσμον</span> <span class='ocrx_word' id='word_1_117' title='bbox 833 1517 924 1560; x_wconf 89' lang='grc' dir='ltr'>τοῦ</span> <span class='ocrx_word' id='word_1_118' title='bbox 970 1515 1199 1581; x_wconf 85' lang='grc' dir='ltr'>χρυσοῦ,</span> <span class='ocrx_word' id='word_1_119' title='bbox 1233 1511 1322 1557; x_wconf 80' lang='grc' dir='ltr'>καὶ</span> <span class='ocrx_word' id='word_1_120' title='bbox 1364 1509 1418 1558; x_wconf 85' lang='grc' dir='ltr'>αἱ</span> <span class='ocrx_word' id='word_1_121' title='bbox 1459 1507 1706 1576; x_wconf 81' lang='grc' dir='ltr'>ἔκθεσμοι</span> <span class='ocrx_word' id='word_1_122' title='bbox 1737 1506 1782 1538; x_wconf 69' lang='grc' dir='ltr'>θτ</span> 
     </span>
    </p>
   </div>
   <div class='ocr_carea' id='block_1_18' title="bbox 173 1595 1822 1674">
    <p class='ocr_par' dir='ltr' id='par_1_18' title="bbox 173 1595 1822 1674">
     <span class='ocr_line' id='line_1_18' title="bbox 173 1595 1822 1674; baseline -0.007 -18"><span class='ocrx_word' id='word_1_123' title='bbox 173 1613 268 1656; x_wconf 83' lang='grc' dir='ltr'>τοῦ</span> <span class='ocrx_word' id='word_1_124' title='bbox 297 1601 492 1655; x_wconf 70' lang='grc' dir='ltr'>δούλου</span> <span class='ocrx_word' id='word_1_125' title='bbox 541 1599 776 1674; x_wconf 77' lang='grc' dir='ltr'>πράξεις,</span> <span class='ocrx_word' id='word_1_126' title='bbox 804 1603 892 1650; x_wconf 86' lang='grc' dir='ltr'>καὶ</span> <span class='ocrx_word' id='word_1_127' title='bbox 939 1601 998 1650; x_wconf 82' lang='grc' dir='ltr'>τό</span> <span class='ocrx_word' id='word_1_128' title='bbox 1045 1597 1223 1649; x_wconf 79' lang='grc' dir='ltr'>ἑαυτὸν</span> <span class='ocrx_word' id='word_1_129' title='bbox 1261 1595 1567 1666; x_wconf 73' lang='grc' dir='ltr'>ἐπισφάξαι,</span> <span class='ocrx_word' id='word_1_130' title='bbox 1611 1597 1784 1646; x_wconf 84' lang='grc' dir='ltr'>καὶτὸ</span> <span class='ocrx_word' id='word_1_131' title='bbox 1809 1661 1822 1674; x_wconf 43' lang='grc'><strong>1</strong></span> 
     </span>
    </p>
   </div>
   <div class='ocr_carea' id='block_1_19' title="bbox 173 1687 1784 1762">
    <p class='ocr_par' dir='ltr' id='par_1_19' title="bbox 173 1687 1784 1762">
     <span class='ocr_line' id='line_1_19' title="bbox 173 1687 1784 1762; baseline -0.006 -19"><span class='ocrx_word' id='word_1_132' title='bbox 173 1694 550 1762; x_wconf 66' lang='grc' dir='ltr'>αἱματωύῆναι</span> <span class='ocrx_word' id='word_1_133' title='bbox 607 1695 698 1747; x_wconf 80' lang='grc' dir='ltr'>τήν</span> <span class='ocrx_word' id='word_1_134' title='bbox 771 1695 864 1740; x_wconf 85' lang='grc' dir='ltr'>τοῦ</span> <span class='ocrx_word' id='word_1_135' title='bbox 926 1693 1158 1759; x_wconf 87' lang='grc' dir='ltr'>γεωργοῦ</span> <span class='ocrx_word' id='word_1_136' title='bbox 1219 1687 1481 1757; x_wconf 79' lang='grc' dir='ltr'>Θυγατέρα</span> <span class='ocrx_word' id='word_1_137' title='bbox 1533 1691 1637 1743; x_wconf 86' lang='grc' dir='ltr'>τοῖς</span> <span class='ocrx_word' id='word_1_138' title='bbox 1691 1691 1784 1736; x_wconf 81' lang='grc' dir='ltr'>τοῦ</span> 
     </span>
    </p>
   </div>
   <div class='ocr_carea' id='block_1_20' title="bbox 1890 525 3546 602">
    <p class='ocr_par' dir='ltr' id='par_1_20' title="bbox 1890 525 3546 602">
     <span class='ocr_line' id='line_1_20' title="bbox 1890 525 3546 602; baseline 0.005 -23"><span class='ocrx_word' id='word_1_139' title='bbox 1890 525 2052 580; x_wconf 86' lang='lat' dir='ltr'>illam</span> <span class='ocrx_word' id='word_1_140' title='bbox 2099 541 2342 582; x_wconf 82' lang='lat' dir='ltr'>auream</span> <span class='ocrx_word' id='word_1_141' title='bbox 2389 529 2644 585; x_wconf 84' lang='lat' dir='ltr'>vendere</span> <span class='ocrx_word' id='word_1_142' title='bbox 2691 531 2960 596; x_wconf 81' lang='lat' dir='ltr'>mittitur,</span> <span class='ocrx_word' id='word_1_143' title='bbox 2991 547 3178 602; x_wconf 88' lang='lat' dir='ltr'>quam</span> <span class='ocrx_word' id='word_1_144' title='bbox 3227 548 3258 587; x_wconf 90' lang='lat' dir='ltr'>e</span> <span class='ocrx_word' id='word_1_145' title='bbox 3293 533 3546 588; x_wconf 78' lang='lat' dir='ltr'>vinculis</span> 
     </span>
    </p>
   </div>
   <div class='ocr_carea' id='block_1_21' title="bbox 1891 615 3546 689">
    <p class='ocr_par' dir='ltr' id='par_1_21' title="bbox 1891 615 3546 689">
     <span class='ocr_line' id='line_1_21' title="bbox 1891 615 3546 689; baseline 0.005 -19"><span class='ocrx_word' id='word_1_146' title='bbox 1891 615 2211 670; x_wconf 82' lang='lat' dir='ltr'>Rhodanes</span> <span class='ocrx_word' id='word_1_147' title='bbox 2243 623 2420 689; x_wconf 88' lang='lat' dir='ltr'>atque</span> <span class='ocrx_word' id='word_1_148' title='bbox 2451 619 2684 674; x_wconf 88' lang='lat' dir='ltr'>Sinonis</span> <span class='ocrx_word' id='word_1_149' title='bbox 2715 619 3048 676; x_wconf 77' lang='lat' dir='ltr'>attulerant.</span> <span class='ocrx_word' id='word_1_150' title='bbox 3087 623 3300 677; x_wconf 90' lang='lat' dir='ltr'>Verum</span> <span class='ocrx_word' id='word_1_151' title='bbox 3339 623 3418 678; x_wconf 87' lang='lat' dir='ltr'>ad</span> <span class='ocrx_word' id='word_1_152' title='bbox 3443 639 3546 678; x_wconf 85' lang='lat' dir='ltr'>au-</span> 
     </span>
    </p>
   </div>
   <div class='ocr_carea' id='block_1_22' title="bbox 1891 705 3542 782">
    <p class='ocr_par' dir='ltr' id='par_1_22' title="bbox 1891 705 3542 782">
     <span class='ocr_line' id='line_1_22' title="bbox 1891 705 3542 782; baseline 0.005 -23"><span class='ocrx_word' id='word_1_153' title='bbox 1891 705 2182 760; x_wconf 86' lang='lat' dir='ltr'>rifabrum</span> <span class='ocrx_word' id='word_1_154' title='bbox 2215 707 2488 777; x_wconf 67' lang='lat' dir='ltr'>agricola:</span> <span class='ocrx_word' id='word_1_155' title='bbox 2531 707 2653 764; x_wconf 87' lang='lat' dir='ltr'>ﬁlia</span> <span class='ocrx_word' id='word_1_156' title='bbox 2683 715 2746 765; x_wconf 91' lang='lat' dir='ltr'>ut</span> <span class='ocrx_word' id='word_1_157' title='bbox 2771 711 2951 778; x_wconf 83' lang='lat' dir='ltr'>venit,</span> <span class='ocrx_word' id='word_1_158' title='bbox 2983 709 3195 782; x_wconf 65' lang='lat' dir='ltr'>puellae</span> <span class='ocrx_word' id='word_1_159' title='bbox 3219 711 3320 768; x_wconf 88' lang='lat' dir='ltr'>hic</span> <span class='ocrx_word' id='word_1_160' title='bbox 3364 727 3542 768; x_wconf 86' lang='lat' dir='ltr'>venu-</span> 
     </span>
    </p>
   </div>
   <div class='ocr_carea' id='block_1_23' title="bbox 1893 797 3545 870">
    <p class='ocr_par' dir='ltr' id='par_1_23' title="bbox 1893 797 3545 870">
     <span class='ocr_line' id='line_1_23' title="bbox 1893 797 3545 870; baseline 0.006 -22"><span class='ocrx_word' id='word_1_161' title='bbox 1893 799 2059 864; x_wconf 83' lang='lat' dir='ltr'>state,</span> <span class='ocrx_word' id='word_1_162' title='bbox 2088 799 2143 849; x_wconf 91' lang='lat' dir='ltr'>et</span> <span class='ocrx_word' id='word_1_163' title='bbox 2187 797 2414 868; x_wconf 85' lang='lat' dir='ltr'>torquis</span> <span class='ocrx_word' id='word_1_164' title='bbox 2445 803 2629 867; x_wconf 89' lang='lat' dir='ltr'>parte,</span> <span class='ocrx_word' id='word_1_165' title='bbox 2665 815 2850 870; x_wconf 89' lang='lat' dir='ltr'>quam</span> <span class='ocrx_word' id='word_1_166' title='bbox 2893 799 3021 870; x_wconf 88' lang='lat' dir='ltr'>ipse</span> <span class='ocrx_word' id='word_1_167' title='bbox 3051 799 3410 866; x_wconf 84' lang='lat' dir='ltr'>fabricasset,</span> <span class='ocrx_word' id='word_1_168' title='bbox 3444 801 3545 858; x_wconf 86' lang='lat' dir='ltr'>de-</span> 
     </span>
    </p>
   </div>
   <div class='ocr_carea' id='block_1_24' title="bbox 1891 889 3543 961">
    <p class='ocr_par' dir='ltr' id='par_1_24' title="bbox 1891 889 3543 961">
     <span class='ocr_line' id='line_1_24' title="bbox 1891 889 3543 961; baseline 0.006 -23"><span class='ocrx_word' id='word_1_169' title='bbox 1891 889 2184 956; x_wconf 88' lang='lat' dir='ltr'>tonsaque</span> <span class='ocrx_word' id='word_1_170' title='bbox 2228 902 2404 941; x_wconf 88' lang='lat' dir='ltr'>coma</span> <span class='ocrx_word' id='word_1_171' title='bbox 2449 895 2786 960; x_wconf 86' lang='lat' dir='ltr'>conspecta,</span> <span class='ocrx_word' id='word_1_172' title='bbox 2829 890 3023 961; x_wconf 87' lang='lat' dir='ltr'>ipsam</span> <span class='ocrx_word' id='word_1_173' title='bbox 3073 905 3200 945; x_wconf 90' lang='lat' dir='ltr'>esse</span> <span class='ocrx_word' id='word_1_174' title='bbox 3253 889 3543 948; x_wconf 89' lang='lat' dir='ltr'>Sinonida</span> 
     </span>
    </p>
   </div>
   <div class='ocr_carea' id='block_1_25' title="bbox 1892 975 3542 1052">
    <p class='ocr_par' dir='ltr' id='par_1_25' title="bbox 1892 975 3542 1052">
     <span class='ocr_line' id='line_1_25' title="bbox 1892 975 3542 1052; baseline 0.006 -25"><span class='ocrx_word' id='word_1_175' title='bbox 1892 975 2246 1046; x_wconf 77' lang='lat' dir='ltr'>suspicatur.</span> <span class='ocrx_word' id='word_1_176' title='bbox 2291 976 2453 1032; x_wconf 84' lang='lat' dir='ltr'>Mittit</span> <span class='ocrx_word' id='word_1_177' title='bbox 2481 977 2660 1046; x_wconf 84' lang='lat' dir='ltr'>igitur</span> <span class='ocrx_word' id='word_1_178' title='bbox 2688 979 2764 1034; x_wconf 89' lang='lat' dir='ltr'>ad</span> <span class='ocrx_word' id='word_1_179' title='bbox 2793 983 3064 1044; x_wconf 86' lang='lat' dir='ltr'>Damam,</span> <span class='ocrx_word' id='word_1_180' title='bbox 3097 981 3542 1052; x_wconf 89' lang='lat' dir='ltr'>assumptisque</span> 
     </span>
    </p>
   </div>
   <div class='ocr_carea' id='block_1_26' title="bbox 1892 1063 3538 1139">
    <p class='ocr_par' dir='ltr' id='par_1_26' title="bbox 1892 1063 3538 1139">
     <span class='ocr_line' id='line_1_26' title="bbox 1892 1063 3538 1139; baseline 0.003 -22"><span class='ocrx_word' id='word_1_181' title='bbox 1892 1063 2267 1129; x_wconf 86' lang='lat' dir='ltr'>custodibus,</span> <span class='ocrx_word' id='word_1_182' title='bbox 2296 1065 2718 1121; x_wconf 86' lang='lat' dir='ltr'>abscedentem</span> <span class='ocrx_word' id='word_1_183' title='bbox 2757 1067 3018 1139; x_wconf 85' lang='lat' dir='ltr'>puellam</span> <span class='ocrx_word' id='word_1_184' title='bbox 3047 1067 3202 1124; x_wconf 86' lang='lat' dir='ltr'>clam</span> <span class='ocrx_word' id='word_1_185' title='bbox 3241 1071 3538 1126; x_wconf 90' lang='lat' dir='ltr'>observat.</span> 
     </span>
    </p>
   </div>
   <div class='ocr_carea' id='block_1_27' title="bbox 1893 1151 3544 1232">
    <p class='ocr_par' dir='ltr' id='par_1_27' title="bbox 1893 1151 3544 1232">
     <span class='ocr_line' id='line_1_27' title="bbox 1893 1151 3544 1232; baseline 0.007 -27"><span class='ocrx_word' id='word_1_186' title='bbox 1893 1151 2014 1218; x_wconf 83' lang='lat' dir='ltr'>Illa,</span> <span class='ocrx_word' id='word_1_187' title='bbox 2035 1153 2178 1225; x_wconf 89' lang='lat' dir='ltr'>quid</span> <span class='ocrx_word' id='word_1_188' title='bbox 2198 1159 2470 1222; x_wconf 84' lang='lat' dir='ltr'>ageretur</span> <span class='ocrx_word' id='word_1_189' title='bbox 2493 1155 2820 1226; x_wconf 86' lang='lat' dir='ltr'>suspicata,</span> <span class='ocrx_word' id='word_1_190' title='bbox 2840 1158 2898 1212; x_wconf 91' lang='lat' dir='ltr'>in</span> <span class='ocrx_word' id='word_1_191' title='bbox 2921 1158 3223 1214; x_wconf 85' lang='lat' dir='ltr'>desertum</span> <span class='ocrx_word' id='word_1_192' title='bbox 3257 1175 3318 1216; x_wconf 88' lang='lat' dir='ltr'>se</span> <span class='ocrx_word' id='word_1_193' title='bbox 3339 1161 3544 1232; x_wconf 87' lang='lat' dir='ltr'>recipit</span> 
     </span>
    </p>
   </div>
   <div class='ocr_carea' id='block_1_28' title="bbox 1891 1241 3541 1318">
    <p class='ocr_par' dir='ltr' id='par_1_28' title="bbox 1891 1241 3541 1318">
     <span class='ocr_line' id='line_1_28' title="bbox 1891 1241 3541 1318; baseline 0.004 -22"><span class='ocrx_word' id='word_1_194' title='bbox 1891 1241 2295 1297; x_wconf 87' lang='lat' dir='ltr'>domicilium:</span> <span class='ocrx_word' id='word_1_195' title='bbox 2331 1245 2432 1299; x_wconf 91' lang='lat' dir='ltr'>ubi</span> <span class='ocrx_word' id='word_1_196' title='bbox 2481 1250 2539 1298; x_wconf 91' lang='lat' dir='ltr'>et</span> <span class='ocrx_word' id='word_1_197' title='bbox 2579 1245 2696 1311; x_wconf 87' lang='lat' dir='ltr'>illa,</span> <span class='ocrx_word' id='word_1_198' title='bbox 2731 1261 2862 1317; x_wconf 82' lang='lat' dir='ltr'>quae</span> <span class='ocrx_word' id='word_1_199' title='bbox 2911 1247 2983 1301; x_wconf 91' lang='lat' dir='ltr'>de</span> <span class='ocrx_word' id='word_1_200' title='bbox 3031 1246 3232 1317; x_wconf 88' lang='lat' dir='ltr'>puella</span> <span class='ocrx_word' id='word_1_201' title='bbox 3273 1249 3541 1318; x_wconf 89' lang='lat' dir='ltr'>quadam</span> 
     </span>
    </p>
   </div>
   <div class='ocr_carea' id='block_1_29' title="bbox 1891 1331 3544 1405">
    <p class='ocr_par' dir='ltr' id='par_1_29' title="bbox 1891 1331 3544 1405">
     <span class='ocr_line' id='line_1_29' title="bbox 1891 1331 3544 1405; baseline 0.004 -21"><span class='ocrx_word' id='word_1_202' title='bbox 1891 1331 2211 1401; x_wconf 88' lang='lat' dir='ltr'>Tropbima</span> <span class='ocrx_word' id='word_1_203' title='bbox 2231 1333 2494 1399; x_wconf 87' lang='lat' dir='ltr'>nomine,</span> <span class='ocrx_word' id='word_1_204' title='bbox 2518 1341 2571 1388; x_wconf 91' lang='lat' dir='ltr'>et</span> <span class='ocrx_word' id='word_1_205' title='bbox 2589 1335 2660 1388; x_wconf 92' lang='lat' dir='ltr'>de</span> <span class='ocrx_word' id='word_1_206' title='bbox 2683 1349 2854 1388; x_wconf 86' lang='lat' dir='ltr'>servo</span> <span class='ocrx_word' id='word_1_207' title='bbox 2876 1343 3135 1403; x_wconf 86' lang='lat' dir='ltr'>amante,</span> <span class='ocrx_word' id='word_1_208' title='bbox 3157 1341 3332 1405; x_wconf 86' lang='lat' dir='ltr'>atque</span> <span class='ocrx_word' id='word_1_209' title='bbox 3353 1336 3544 1392; x_wconf 88' lang='lat' dir='ltr'>homi-</span> 
     </span>
    </p>
   </div>
   <div class='ocr_carea' id='block_1_30' title="bbox 1893 1420 3542 1491">
    <p class='ocr_par' dir='ltr' id='par_1_30' title="bbox 1893 1420 3542 1491">
     <span class='ocr_line' id='line_1_30' title="bbox 1893 1420 3542 1491; baseline 0.004 -17"><span class='ocrx_word' id='word_1_210' title='bbox 1893 1420 2045 1484; x_wconf 86' lang='lat' dir='ltr'>cida,</span> <span class='ocrx_word' id='word_1_211' title='bbox 2071 1420 2331 1491; x_wconf 82' lang='lat' dir='ltr'>itemque</span> <span class='ocrx_word' id='word_1_212' title='bbox 2355 1422 2428 1476; x_wconf 90' lang='lat' dir='ltr'>de</span> <span class='ocrx_word' id='word_1_213' title='bbox 2451 1423 2678 1478; x_wconf 89' lang='lat' dir='ltr'>mundo</span> <span class='ocrx_word' id='word_1_214' title='bbox 2701 1423 2976 1478; x_wconf 87' lang='lat' dir='ltr'>muliebri</span> <span class='ocrx_word' id='word_1_215' title='bbox 3001 1439 3182 1480; x_wconf 90' lang='lat' dir='ltr'>aureo</span> <span class='ocrx_word' id='word_1_216' title='bbox 3204 1431 3542 1490; x_wconf 87' lang='lat' dir='ltr'>narrantur,</span> 
     </span>
    </p>
   </div>
   <div class='ocr_carea' id='block_1_31' title="bbox 1893 1510 3542 1583">
    <p class='ocr_par' dir='ltr' id='par_1_31' title="bbox 1893 1510 3542 1583">
     <span class='ocr_line' id='line_1_31' title="bbox 1893 1510 3542 1583; baseline 0.004 -19"><span class='ocrx_word' id='word_1_217' title='bbox 1893 1510 2300 1578; x_wconf 85' lang='lat' dir='ltr'>contigerunt:</span> <span class='ocrx_word' id='word_1_218' title='bbox 2331 1511 2586 1566; x_wconf 82' lang='lat' dir='ltr'>nefanda</span> <span class='ocrx_word' id='word_1_219' title='bbox 2633 1511 2874 1583; x_wconf 87' lang='lat' dir='ltr'>insuper</span> <span class='ocrx_word' id='word_1_220' title='bbox 2903 1512 3000 1568; x_wconf 92' lang='lat' dir='ltr'>illa</span> <span class='ocrx_word' id='word_1_221' title='bbox 3052 1513 3202 1568; x_wconf 83' lang='lat' dir='ltr'>servi</span> <span class='ocrx_word' id='word_1_222' title='bbox 3256 1513 3542 1582; x_wconf 86' lang='lat' dir='ltr'>facinora,</span> 
     </span>
    </p>
   </div>
   <div class='ocr_carea' id='block_1_32' title="bbox 1893 1599 3548 1669">
    <p class='ocr_par' dir='ltr' id='par_1_32' title="bbox 1893 1599 3548 1669">
     <span class='ocr_line' id='line_1_32' title="bbox 1893 1599 3548 1669; baseline 0.002 -16"><span class='ocrx_word' id='word_1_223' title='bbox 1893 1599 2136 1669; x_wconf 88' lang='lat' dir='ltr'>quando</span> <span class='ocrx_word' id='word_1_224' title='bbox 2153 1604 2210 1653; x_wconf 91' lang='lat' dir='ltr'>et</span> <span class='ocrx_word' id='word_1_225' title='bbox 2235 1615 2452 1654; x_wconf 90' lang='lat' dir='ltr'>manus</span> <span class='ocrx_word' id='word_1_226' title='bbox 2469 1599 2566 1656; x_wconf 91' lang='lat' dir='ltr'>ille</span> <span class='ocrx_word' id='word_1_227' title='bbox 2591 1600 2702 1654; x_wconf 89' lang='lat' dir='ltr'>sibi</span> <span class='ocrx_word' id='word_1_228' title='bbox 2727 1601 2942 1667; x_wconf 88' lang='lat' dir='ltr'>intulit,</span> <span class='ocrx_word' id='word_1_229' title='bbox 2961 1605 3026 1656; x_wconf 89' lang='lat' dir='ltr'>ut</span> <span class='ocrx_word' id='word_1_230' title='bbox 3048 1601 3252 1656; x_wconf 87' lang='lat' dir='ltr'>rustici</span> <span class='ocrx_word' id='word_1_231' title='bbox 3273 1601 3392 1658; x_wconf 87' lang='lat' dir='ltr'>ﬁlia</span> <span class='ocrx_word' id='word_1_232' title='bbox 3413 1619 3548 1658; x_wconf 89' lang='lat' dir='ltr'>san-</span> 
     </span>
    </p>
   </div>
   <div class='ocr_carea' id='block_1_33' title="bbox 1894 1688 3548 1760">
    <p class='ocr_par' dir='ltr' id='par_1_33' title="bbox 1894 1688 3548 1760">
     <span class='ocr_line' id='line_1_33' title="bbox 1894 1688 3548 1760; baseline 0.003 -19"><span class='ocrx_word' id='word_1_233' title='bbox 1894 1688 2073 1756; x_wconf 85' lang='lat' dir='ltr'>guine</span> <span class='ocrx_word' id='word_1_234' title='bbox 2121 1703 2368 1758; x_wconf 87' lang='lat' dir='ltr'>aspersa</span> <span class='ocrx_word' id='word_1_235' title='bbox 2413 1693 2694 1760; x_wconf 87' lang='lat' dir='ltr'>metuque</span> <span class='ocrx_word' id='word_1_236' title='bbox 2733 1705 3036 1760; x_wconf 85' lang='lat' dir='ltr'>percussa,</span> <span class='ocrx_word' id='word_1_237' title='bbox 3069 1690 3299 1760; x_wconf 84' lang='lat' dir='ltr'>fugerit,</span> <span class='ocrx_word' id='word_1_238' title='bbox 3335 1691 3548 1748; x_wconf 85' lang='lat' dir='ltr'>territis</span> 
     </span>
    </p>
   </div>
   <div class='ocr_carea' id='block_1_34' title="bbox 179 1769 1790 1851">
    <p class='ocr_par' dir='ltr' id='par_1_34' title="bbox 179 1769 1786 1850">
     <span class='ocr_line' id='line_1_34' title="bbox 179 1769 1786 1850; baseline -0.006 -18"><span class='ocrx_word' id='word_1_239' title='bbox 179 1781 360 1832; x_wconf 75' lang='grc' dir='ltr'>ἑαυτὸν</span> <span class='ocrx_word' id='word_1_240' title='bbox 389 1783 438 1815; x_wconf 73' lang='grc'>9⁸</span> <span class='ocrx_word' id='word_1_241' title='bbox 480 1776 920 1850; x_wconf 73' lang='grc' dir='ltr'>διαχρησαμένου</span> <span class='ocrx_word' id='word_1_242' title='bbox 969 1776 1173 1846; x_wconf 82' lang='grc' dir='ltr'>αἱμασι,</span> <span class='ocrx_word' id='word_1_243' title='bbox 1205 1779 1296 1824; x_wconf 84' lang='grc' dir='ltr'>καὶ</span> <span class='ocrx_word' id='word_1_244' title='bbox 1327 1775 1351 1825; x_wconf 89' lang='grc' dir='ltr'>ό</span> <span class='ocrx_word' id='word_1_245' title='bbox 1379 1781 1469 1834; x_wconf 80' lang='grc' dir='ltr'>τῆς</span> <span class='ocrx_word' id='word_1_246' title='bbox 1493 1778 1654 1845; x_wconf 84' lang='grc' dir='ltr'>κόρης</span> <span class='ocrx_word' id='word_1_247' title='bbox 1695 1769 1786 1824; x_wconf 79' lang='grc' dir='ltr'>διὰ</span> 
     </span>
    </p>
   </div>
   <div class='ocr_carea' id='block_1_35' title="bbox 1900 1769 3548 1851">
    <p class='ocr_par' dir='ltr' id='par_1_35' title="bbox 1900 1775 3548 1851">
     <span class='ocr_line' id='line_1_35' title="bbox 1900 1775 3548 1851; baseline 0.004 -21"><span class='ocrx_word' id='word_1_248' title='bbox 1900 1791 2088 1847; x_wconf 72' lang='lat' dir='ltr'>reque,</span> <span class='ocrx_word' id='word_1_249' title='bbox 2117 1777 2259 1831; x_wconf 87' lang='lat' dir='ltr'>etin</span> <span class='ocrx_word' id='word_1_250' title='bbox 2307 1775 2512 1844; x_wconf 83' lang='lat' dir='ltr'>fugam</span> <span class='ocrx_word' id='word_1_251' title='bbox 2551 1778 2738 1832; x_wconf 83' lang='lat' dir='ltr'>versis</span> <span class='ocrx_word' id='word_1_252' title='bbox 2781 1777 3146 1834; x_wconf 86' lang='lat' dir='ltr'>custodibus.</span> <span class='ocrx_word' id='word_1_253' title='bbox 3175 1779 3264 1834; x_wconf 88' lang='lat' dir='ltr'>Ad</span> <span class='ocrx_word' id='word_1_254' title='bbox 3315 1783 3548 1851; x_wconf 85' lang='lat' dir='ltr'>patrem</span> 
     </span>
    </p>
   </div>
   <div class='ocr_carea' id='block_1_36' title="bbox 171 1862 1786 1940">
    <p class='ocr_par' dir='ltr' id='par_1_36' title="bbox 171 1862 1786 1940">
     <span class='ocr_line' id='line_1_36' title="bbox 171 1862 1786 1940; baseline -0.005 -18"><span class='ocrx_word' id='word_1_255' title='bbox 171 1881 344 1922; x_wconf 73' lang='grc' dir='ltr'>ταῦτα</span> <span class='ocrx_word' id='word_1_256' title='bbox 393 1867 552 1940; x_wconf 68' lang='grc' dir='ltr'>φόϐος</span> <span class='ocrx_word' id='word_1_257' title='bbox 595 1873 684 1918; x_wconf 72' lang='grc' dir='ltr'>καὶ</span> <span class='ocrx_word' id='word_1_258' title='bbox 737 1869 766 1924; x_wconf 78' lang='grc' dir='ltr'>ἡ</span> <span class='ocrx_word' id='word_1_259' title='bbox 815 1869 974 1937; x_wconf 71' lang='grc' dir='ltr'>φυγὴ,</span> <span class='ocrx_word' id='word_1_260' title='bbox 999 1869 1088 1915; x_wconf 85' lang='grc' dir='ltr'>καὶ</span> <span class='ocrx_word' id='word_1_261' title='bbox 1138 1866 1168 1920; x_wconf 77' lang='grc' dir='ltr'>ἡ</span> <span class='ocrx_word' id='word_1_262' title='bbox 1211 1865 1462 1923; x_wconf 81' lang='grc' dir='ltr'>ἔκστασις</span> <span class='ocrx_word' id='word_1_263' title='bbox 1503 1871 1602 1914; x_wconf 81' lang='grc' dir='ltr'>τῶν</span> <span class='ocrx_word' id='word_1_264' title='bbox 1631 1862 1786 1933; x_wconf 66' lang='grc' dir='ltr'>φυλά-</span> 
     </span>
    </p>
   </div>
   <div class='ocr_carea' id='block_1_37' title="bbox 171 1956 1784 2028">
    <p class='ocr_par' dir='ltr' id='par_1_37' title="bbox 171 1956 1784 2028">
     <span class='ocr_line' id='line_1_37' title="bbox 171 1956 1784 2028; baseline -0.005 -18"><span class='ocrx_word' id='word_1_265' title='bbox 171 1979 274 2010; x_wconf 75' lang='grc' dir='ltr'>κων</span> <span class='ocrx_word' id='word_1_266' title='bbox 337 1963 426 2009; x_wconf 75' lang='grc' dir='ltr'>καὶ</span> <span class='ocrx_word' id='word_1_267' title='bbox 483 1959 646 2028; x_wconf 67' lang='grc' dir='ltr'>φυγὴ,</span> <span class='ocrx_word' id='word_1_268' title='bbox 687 1960 778 2006; x_wconf 84' lang='grc' dir='ltr'>καὶ</span> <span class='ocrx_word' id='word_1_269' title='bbox 825 1957 856 2011; x_wconf 77' lang='grc' dir='ltr'><strong>ἡ</strong></span> <span class='ocrx_word' id='word_1_270' title='bbox 911 1956 1040 2020; x_wconf 83' lang='grc' dir='ltr'>πρὸς</span> <span class='ocrx_word' id='word_1_271' title='bbox 1081 1956 1167 2003; x_wconf 89' lang='grc' dir='ltr'>τόν</span> <span class='ocrx_word' id='word_1_272' title='bbox 1227 1956 1420 2024; x_wconf 79' lang='grc' dir='ltr'>πατέρα</span> <span class='ocrx_word' id='word_1_273' title='bbox 1475 1961 1571 2012; x_wconf 77' lang='grc' dir='ltr'>τῆς</span> <span class='ocrx_word' id='word_1_274' title='bbox 1625 1959 1784 2024; x_wconf 88' lang='grc' dir='ltr'>κόρης</span> 
     </span>
    </p>
   </div>
   <div class='ocr_carea' id='block_1_38' title="bbox 175 2042 1782 2118">
    <p class='ocr_par' dir='ltr' id='par_1_38' title="bbox 175 2042 1782 2118">
     <span class='ocr_line' id='line_1_38' title="bbox 175 2042 1782 2118; baseline -0.004 -20"><span class='ocrx_word' id='word_1_275' title='bbox 175 2049 354 2118; x_wconf 49' lang='lat' dir='ltr'>ipsi“</span> <span class='ocrx_word' id='word_1_276' title='bbox 411 2050 506 2097; x_wconf 81' lang='grc' dir='ltr'>καὶ</span> <span class='ocrx_word' id='word_1_277' title='bbox 561 2042 822 2114; x_wconf 70' lang='grc' dir='ltr'>διήγησις</span> <span class='ocrx_word' id='word_1_278' title='bbox 865 2050 964 2094; x_wconf 83' lang='grc' dir='ltr'>τῶν</span> <span class='ocrx_word' id='word_1_279' title='bbox 1017 2043 1482 2114; x_wconf 79' lang='grc' dir='ltr'>συγκυρησείντων,</span> <span class='ocrx_word' id='word_1_280' title='bbox 1515 2045 1604 2092; x_wconf 84' lang='grc' dir='ltr'>καὶ</span> <span class='ocrx_word' id='word_1_281' title='bbox 1644 2045 1782 2112; x_wconf 77' lang='grc' dir='ltr'>φυγὴ</span> 
     </span>
    </p>
   </div>
   <div class='ocr_carea' id='block_1_39' title="bbox 177 2129 1786 2206">
    <p class='ocr_par' dir='ltr' id='par_1_39' title="bbox 177 2129 1786 2206">
     <span class='ocr_line' id='line_1_39' title="bbox 177 2129 1786 2206; baseline -0.006 -18"><span class='ocrx_word' id='word_1_282' title='bbox 177 2137 368 2188; x_wconf 73' lang='grc' dir='ltr'>ἐκεῖθεν</span> <span class='ocrx_word' id='word_1_283' title='bbox 400 2144 504 2186; x_wconf 74' lang='grc' dir='ltr'>τῶν</span> <span class='ocrx_word' id='word_1_284' title='bbox 547 2139 664 2206; x_wconf 81' lang='grc' dir='ltr'>περὶ</span> <span class='ocrx_word' id='word_1_285' title='bbox 691 2129 962 2199; x_wconf 78' lang='grc' dir='ltr'>Ῥοδάνην,</span> <span class='ocrx_word' id='word_1_286' title='bbox 1002 2135 1091 2182; x_wconf 83' lang='grc' dir='ltr'>καὶ</span> <span class='ocrx_word' id='word_1_287' title='bbox 1135 2134 1235 2204; x_wconf 83' lang='grc' dir='ltr'>πρό</span> <span class='ocrx_word' id='word_1_288' title='bbox 1265 2132 1458 2182; x_wconf 78' lang='grc' dir='ltr'>τούτων</span> <span class='ocrx_word' id='word_1_289' title='bbox 1489 2133 1536 2166; x_wconf 82' lang='grc'>⁹⁹</span> <span class='ocrx_word' id='word_1_290' title='bbox 1569 2132 1786 2202; x_wconf 80' lang='grc' dir='ltr'>γράμμα</span> 
     </span>
    </p>
   </div>
   <div class='ocr_carea' id='block_1_40' title="bbox 175 2220 1782 2298">
    <p class='ocr_par' dir='ltr' id='par_1_40' title="bbox 175 2220 1782 2298">
     <span class='ocr_line' id='line_1_40' title="bbox 175 2220 1782 2298; baseline -0.004 -22"><span class='ocrx_word' id='word_1_291' title='bbox 175 2231 308 2298; x_wconf 76' lang='grc' dir='ltr'>πρός</span> <span class='ocrx_word' id='word_1_292' title='bbox 355 2227 566 2298; x_wconf 78' lang='grc' dir='ltr'>Γάρμον</span> <span class='ocrx_word' id='word_1_293' title='bbox 623 2229 714 2273; x_wconf 83' lang='grc' dir='ltr'>τοῦ</span> <span class='ocrx_word' id='word_1_294' title='bbox 771 2225 1084 2294; x_wconf 83' lang='grc' dir='ltr'>χρυσοχόου</span> <span class='ocrx_word' id='word_1_295' title='bbox 1135 2222 1216 2270; x_wconf 85' lang='grc' dir='ltr'>ὃτι</span> <span class='ocrx_word' id='word_1_296' title='bbox 1281 2224 1487 2278; x_wconf 80' lang='grc' dir='ltr'>Σινωνὶς</span> <span class='ocrx_word' id='word_1_297' title='bbox 1549 2220 1782 2292; x_wconf 73' lang='grc' dir='ltr'>εὕρηται·</span> 
     </span>
    </p>
   </div>
   <div class='ocr_carea' id='block_1_41' title="bbox 179 2309 1788 2379">
    <p class='ocr_par' dir='ltr' id='par_1_41' title="bbox 179 2309 1788 2379">
     <span class='ocr_line' id='line_1_41' title="bbox 179 2309 1788 2379; baseline -0.004 -15"><span class='ocrx_word' id='word_1_298' title='bbox 179 2321 264 2366; x_wconf 76' lang='grc' dir='ltr'>καὶ</span> <span class='ocrx_word' id='word_1_299' title='bbox 299 2312 362 2371; x_wconf 69' lang='grc' dir='ltr'>ἦν</span> <span class='ocrx_word' id='word_1_300' title='bbox 415 2317 600 2372; x_wconf 81' lang='grc' dir='ltr'>πίστις</span> <span class='ocrx_word' id='word_1_301' title='bbox 653 2313 684 2368; x_wconf 80' lang='grc' dir='ltr'>ἡ</span> <span class='ocrx_word' id='word_1_302' title='bbox 739 2309 1055 2371; x_wconf 79' lang='grc' dir='ltr'>ἐξωνηθείσα</span> <span class='ocrx_word' id='word_1_303' title='bbox 1097 2309 1282 2368; x_wconf 84' lang='grc' dir='ltr'>οἱλυσις</span> <span class='ocrx_word' id='word_1_304' title='bbox 1345 2313 1643 2379; x_wconf 75' lang='grc' dir='ltr'>πεμπομένη</span> <span class='ocrx_word' id='word_1_305' title='bbox 1699 2313 1788 2360; x_wconf 84' lang='grc' dir='ltr'>καὶ</span> 
     </span>
    </p>
   </div>
   <div class='ocr_carea' id='block_1_42' title="bbox 179 2399 1791 2472">
    <p class='ocr_par' dir='ltr' id='par_1_42' title="bbox 179 2399 1791 2472">
     <span class='ocr_line' id='line_1_42' title="bbox 179 2399 1791 2472; baseline -0.004 -18"><span class='ocrx_word' id='word_1_306' title='bbox 179 2407 242 2454; x_wconf 63' lang='lat' dir='ltr'>ri:</span> <span class='ocrx_word' id='word_1_307' title='bbox 303 2403 462 2469; x_wconf 66' lang='grc' dir='ltr'>ἄλλα,</span> <span class='ocrx_word' id='word_1_308' title='bbox 511 2401 548 2451; x_wconf 80' lang='grc' dir='ltr'>οἱ</span> <span class='ocrx_word' id='word_1_309' title='bbox 597 2403 714 2472; x_wconf 82' lang='grc' dir='ltr'>περὶ</span> <span class='ocrx_word' id='word_1_310' title='bbox 765 2403 860 2456; x_wconf 80' lang='grc' dir='ltr'>τὴν</span> <span class='ocrx_word' id='word_1_311' title='bbox 919 2407 1008 2450; x_wconf 87' lang='grc' dir='ltr'>τοῦ</span> <span class='ocrx_word' id='word_1_312' title='bbox 1079 2405 1312 2471; x_wconf 84' lang='grc' dir='ltr'>γεωργοῦ</span> <span class='ocrx_word' id='word_1_313' title='bbox 1391 2399 1649 2471; x_wconf 77' lang='grc' dir='ltr'>θυγατέρα</span> <span class='ocrx_word' id='word_1_314' title='bbox 1696 2399 1791 2448; x_wconf 74' lang='grc' dir='ltr'>ὑπ-</span> 
     </span>
    </p>
   </div>
   <div class='ocr_carea' id='block_1_43' title="bbox 181 2485 1788 2560">
    <p class='ocr_par' dir='ltr' id='par_1_43' title="bbox 181 2485 1788 2560">
     <span class='ocr_line' id='line_1_43' title="bbox 181 2485 1788 2560; baseline -0.002 -18"><span class='ocrx_word' id='word_1_315' title='bbox 181 2496 462 2544; x_wconf 76' lang='grc' dir='ltr'>ωπτεύετο.</span> <span class='ocrx_word' id='word_1_316' title='bbox 511 2486 758 2548; x_wconf 75' lang='grc' dir='ltr'>Ῥοδτὶνης</span> <span class='ocrx_word' id='word_1_317' title='bbox 815 2487 945 2560; x_wconf 80' lang='grc'>[135</span> <span class='ocrx_word' id='word_1_318' title='bbox 1003 2487 1094 2559; x_wconf 78' lang='grc' dir='ltr'>Η.]</span> <span class='ocrx_word' id='word_1_319' title='bbox 1149 2487 1314 2538; x_wconf 74' lang='grc' dir='ltr'>ἀπιὼν</span> <span class='ocrx_word' id='word_1_320' title='bbox 1363 2486 1436 2558; x_wconf 77' lang='grc' dir='ltr'>ἐφ’</span> <span class='ocrx_word' id='word_1_321' title='bbox 1589 2489 1788 2558; x_wconf 77' lang='grc' dir='ltr'>φεύγειν</span> 
     </span>
    </p>
   </div>
   <div class='ocr_carea' id='block_1_44' title="bbox 179 2575 1790 2654">
    <p class='ocr_par' dir='ltr' id='par_1_44' title="bbox 179 2575 1790 2654">
     <span class='ocr_line' id='line_1_44' title="bbox 179 2575 1790 2654; baseline -0.004 -20"><span class='ocrx_word' id='word_1_322' title='bbox 179 2583 314 2654; x_wconf 52' lang='lat' dir='ltr'>add</span> <span class='ocrx_word' id='word_1_323' title='bbox 351 2587 450 2638; x_wconf 70' lang='grc' dir='ltr'>τήν</span> <span class='ocrx_word' id='word_1_324' title='bbox 492 2585 654 2651; x_wconf 81' lang='grc' dir='ltr'>κόρην</span> <span class='ocrx_word' id='word_1_325' title='bbox 699 2586 794 2629; x_wconf 88' lang='grc' dir='ltr'>τοῦ</span> <span class='ocrx_word' id='word_1_326' title='bbox 831 2585 1085 2650; x_wconf 81' lang='grc' dir='ltr'>γεωργοῦ,</span> <span class='ocrx_word' id='word_1_327' title='bbox 1119 2581 1206 2628; x_wconf 78' lang='grc' dir='ltr'>καὶ</span> <span class='ocrx_word' id='word_1_328' title='bbox 1261 2575 1544 2628; x_wconf 80' lang='grc' dir='ltr'>ἀνάπτει-αι</span> <span class='ocrx_word' id='word_1_329' title='bbox 1593 2576 1660 2635; x_wconf 82' lang='grc' dir='ltr'>εἰς</span> <span class='ocrx_word' id='word_1_330' title='bbox 1707 2576 1790 2651; x_wconf 86' lang='grc' dir='ltr'>ὀρ-</span> 
     </span>
    </p>
   </div>
   <div class='ocr_carea' id='block_1_45' title="bbox 179 2665 1788 2743">
    <p class='ocr_par' dir='ltr' id='par_1_45' title="bbox 179 2665 1788 2743">
     <span class='ocr_line' id='line_1_45' title="bbox 179 2665 1788 2743; baseline -0.004 -19"><span class='ocrx_word' id='word_1_331' title='bbox 179 2681 276 2743; x_wconf 73' lang='grc' dir='ltr'>γὴν</span> <span class='ocrx_word' id='word_1_332' title='bbox 335 2675 544 2728; x_wconf 74' lang='grc' dir='ltr'>Σινωνὶς</span> <span class='ocrx_word' id='word_1_333' title='bbox 609 2665 706 2720; x_wconf 78' lang='grc' dir='ltr'>διὰ</span> <span class='ocrx_word' id='word_1_334' title='bbox 771 2675 946 2734; x_wconf 83' lang='grc' dir='ltr'>τοῦτο,</span> <span class='ocrx_word' id='word_1_335' title='bbox 1001 2667 1069 2727; x_wconf 77' lang='grc' dir='ltr'>εἰς</span> <span class='ocrx_word' id='word_1_336' title='bbox 1126 2668 1370 2719; x_wconf 76' lang='grc' dir='ltr'>ὑπόνοιαν</span> <span class='ocrx_word' id='word_1_337' title='bbox 1422 2669 1511 2738; x_wconf 76' lang='grc' dir='ltr'>μεν</span> <span class='ocrx_word' id='word_1_338' title='bbox 1585 2675 1788 2741; x_wconf 86' lang='grc' dir='ltr'>πρῶτον</span> 
     </span>
    </p>
   </div>
   <div class='ocr_carea' id='block_1_46' title="bbox 181 2755 1787 2834">
    <p class='ocr_par' dir='ltr' id='par_1_46' title="bbox 181 2755 1787 2834">
     <span class='ocr_line' id='line_1_46' title="bbox 181 2755 1787 2834; baseline -0.002 -22"><span class='ocrx_word' id='word_1_339' title='bbox 181 2763 442 2834; x_wconf 57' lang='grc' dir='ltr'>ἀσιγμένη</span> <span class='ocrx_word' id='word_1_340' title='bbox 503 2767 596 2811; x_wconf 86' lang='grc' dir='ltr'>τοῦ</span> <span class='ocrx_word' id='word_1_341' title='bbox 647 2757 953 2830; x_wconf 72' lang='grc' dir='ltr'>φιλήματος,</span> <span class='ocrx_word' id='word_1_342' title='bbox 1013 2755 1141 2828; x_wconf 73' lang='grc'>[245</span> <span class='ocrx_word' id='word_1_343' title='bbox 1173 2756 1264 2828; x_wconf 67' lang='grc'>8.]</span> <span class='ocrx_word' id='word_1_344' title='bbox 1317 2759 1494 2808; x_wconf 82' lang='grc' dir='ltr'>ἔπειτα</span> <span class='ocrx_word' id='word_1_345' title='bbox 1543 2761 1632 2808; x_wconf 88' lang='grc' dir='ltr'>καὶ</span> <span class='ocrx_word' id='word_1_346' title='bbox 1687 2755 1787 2809; x_wconf 80' lang='grc' dir='ltr'>ἀπὸ</span> 
     </span>
    </p>
   </div>
   <div class='ocr_carea' id='block_1_47' title="bbox 177 2843 1788 2917">
    <p class='ocr_par' dir='ltr' id='par_1_47' title="bbox 177 2843 1788 2917">
     <span class='ocr_line' id='line_1_47' title="bbox 177 2843 1788 2917; baseline -0.004 -13"><span class='ocrx_word' id='word_1_347' title='bbox 177 2861 278 2904; x_wconf 72' lang='grc' dir='ltr'>των</span> <span class='ocrx_word' id='word_1_348' title='bbox 353 2857 452 2902; x_wconf 77' lang='grc' dir='ltr'>τοῦ</span> <span class='ocrx_word' id='word_1_349' title='bbox 519 2843 785 2908; x_wconf 69' lang='grc' dir='ltr'>Ροδάνονς</span> <span class='ocrx_word' id='word_1_350' title='bbox 827 2846 1039 2917; x_wconf 75' lang='grc' dir='ltr'>χειλέων</span> <span class='ocrx_word' id='word_1_351' title='bbox 1103 2845 1381 2917; x_wconf 72' lang='grc' dir='ltr'>ἀφελομένη</span> <span class='ocrx_word' id='word_1_352' title='bbox 1441 2848 1498 2897; x_wconf 82' lang='grc' dir='ltr'>τό</span> <span class='ocrx_word' id='word_1_353' title='bbox 1561 2848 1710 2916; x_wconf 83' lang='grc' dir='ltr'>αἷμα,</span> <span class='ocrx_word' id='word_1_354' title='bbox 1762 2849 1788 2898; x_wconf 89' lang='grc' dir='ltr'><em>ὅ</em></span> 
     </span>
    </p>
   </div>
   <div class='ocr_carea' id='block_1_48' title="bbox 175 2935 1788 3012">
    <p class='ocr_par' dir='ltr' id='par_1_48' title="bbox 175 2935 1788 3012">
     <span class='ocr_line' id='line_1_48' title="bbox 175 2935 1788 3012; baseline -0.003 -19"><span class='ocrx_word' id='word_1_355' title='bbox 175 2941 406 3012; x_wconf 52' lang='lat' dir='ltr'>prliis-ra;</span> <span class='ocrx_word' id='word_1_356' title='bbox 483 2937 650 2995; x_wconf 72' lang='grc' dir='ltr'>αὐτὴν</span> <span class='ocrx_word' id='word_1_357' title='bbox 701 2941 1124 3010; x_wconf 82' lang='grc' dir='ltr'>περιεκέχριστο,</span> <span class='ocrx_word' id='word_1_358' title='bbox 1179 2936 1246 2995; x_wconf 85' lang='grc' dir='ltr'>εἰς</span> <span class='ocrx_word' id='word_1_359' title='bbox 1313 2935 1544 3010; x_wconf 76' lang='grc' dir='ltr'>ἰσχυραν</span> <span class='ocrx_word' id='word_1_360' title='bbox 1611 2941 1788 2988; x_wconf 86' lang='grc' dir='ltr'>πίστιν</span> 
     </span>
    </p>
   </div>
   <div class='ocr_carea' id='block_1_49' title="bbox 171 3022 1788 3100">
    <p class='ocr_par' dir='ltr' id='par_1_49' title="bbox 171 3022 1788 3100">
     <span class='ocr_line' id='line_1_49' title="bbox 171 3022 1788 3100; baseline -0.002 -19"><span class='ocrx_word' id='word_1_361' title='bbox 171 3035 502 3081; x_wconf 80' lang='grc' dir='ltr'>καταστᾶσα</span> <span class='ocrx_word' id='word_1_362' title='bbox 557 3027 598 3077; x_wconf 75' lang='grc' dir='ltr'>ί.</span> <span class='ocrx_word' id='word_1_363' title='bbox 659 3032 818 3082; x_wconf 85' lang='grc' dir='ltr'>Ζητεῖ</span> <span class='ocrx_word' id='word_1_364' title='bbox 865 3022 958 3076; x_wconf 68' lang='grc' dir='ltr'>διὰ</span> <span class='ocrx_word' id='word_1_365' title='bbox 1009 3033 1160 3076; x_wconf 84' lang='grc' dir='ltr'>τοῦτο</span> <span class='ocrx_word' id='word_1_366' title='bbox 1207 3031 1406 3084; x_wconf 76' lang='grc' dir='ltr'>Σινωνὶς</span> <span class='ocrx_word' id='word_1_367' title='bbox 1459 3031 1552 3084; x_wconf 78' lang='grc' dir='ltr'>την</span> <span class='ocrx_word' id='word_1_368' title='bbox 1629 3032 1788 3100; x_wconf 81' lang='grc' dir='ltr'>κόρην</span> 
     </span>
    </p>
   </div>
   <div class='ocr_carea' id='block_1_50' title="bbox 1893 1865 3546 1940">
    <p class='ocr_par' dir='ltr' id='par_1_50' title="bbox 1893 1865 3546 1940">
     <span class='ocr_line' id='line_1_50' title="bbox 1893 1865 3546 1940; baseline 0.001 -22"><span class='ocrx_word' id='word_1_369' title='bbox 1893 1866 2094 1936; x_wconf 84' lang='lat' dir='ltr'>itaque</span> <span class='ocrx_word' id='word_1_370' title='bbox 2159 1865 2280 1920; x_wconf 83' lang='lat' dir='ltr'>ﬁlia</span> <span class='ocrx_word' id='word_1_371' title='bbox 2327 1881 2584 1936; x_wconf 85' lang='lat' dir='ltr'>reversa,</span> <span class='ocrx_word' id='word_1_372' title='bbox 2633 1872 2836 1923; x_wconf 89' lang='lat' dir='ltr'>narrat</span> <span class='ocrx_word' id='word_1_373' title='bbox 2879 1881 2950 1923; x_wconf 91' lang='lat' dir='ltr'>ea</span> <span class='ocrx_word' id='word_1_374' title='bbox 3005 1883 3142 1940; x_wconf 69' lang='lat' dir='ltr'>qum</span> <span class='ocrx_word' id='word_1_375' title='bbox 3185 1869 3546 1925; x_wconf 88' lang='lat' dir='ltr'>acciderant.</span> 
     </span>
    </p>
   </div>
   <div class='ocr_carea' id='block_1_51' title="bbox 1895 1954 3550 2026">
    <p class='ocr_par' dir='ltr' id='par_1_51' title="bbox 1895 1954 3550 2026">
     <span class='ocr_line' id='line_1_51' title="bbox 1895 1954 3550 2026; baseline 0.002 -18"><span class='ocrx_word' id='word_1_376' title='bbox 1895 1955 2086 2019; x_wconf 87' lang='lat' dir='ltr'>Quare</span> <span class='ocrx_word' id='word_1_377' title='bbox 2104 1955 2309 2022; x_wconf 85' lang='lat' dir='ltr'>fugam</span> <span class='ocrx_word' id='word_1_378' title='bbox 2327 1954 2464 2009; x_wconf 90' lang='lat' dir='ltr'>inde</span> <span class='ocrx_word' id='word_1_379' title='bbox 2483 1955 2737 2026; x_wconf 87' lang='lat' dir='ltr'>capessit</span> <span class='ocrx_word' id='word_1_380' title='bbox 2752 1957 3086 2012; x_wconf 83' lang='lat' dir='ltr'>Rhodanes.</span> <span class='ocrx_word' id='word_1_381' title='bbox 3105 1956 3332 2014; x_wconf 77' lang='lat' dir='ltr'>Litterae</span> <span class='ocrx_word' id='word_1_382' title='bbox 3351 1962 3550 2013; x_wconf 90' lang='lat' dir='ltr'>autem</span> 
     </span>
    </p>
   </div>
   <div class='ocr_carea' id='block_1_52' title="bbox 1893 2043 3552 2102">
    <p class='ocr_par' dir='ltr' id='par_1_52' title="bbox 1893 2043 3552 2102">
     <span class='ocr_line' id='line_1_52' title="bbox 1893 2043 3552 2102; baseline 0.002 -3"><span class='ocrx_word' id='word_1_383' title='bbox 1893 2049 2030 2100; x_wconf 89' lang='lat' dir='ltr'>ante</span> <span class='ocrx_word' id='word_1_384' title='bbox 2061 2045 2188 2098; x_wconf 76' lang='lat' dir='ltr'>haec</span> <span class='ocrx_word' id='word_1_385' title='bbox 2217 2043 2296 2098; x_wconf 90' lang='lat' dir='ltr'>ad</span> <span class='ocrx_word' id='word_1_386' title='bbox 2327 2047 2608 2098; x_wconf 87' lang='lat' dir='ltr'>Garmum</span> <span class='ocrx_word' id='word_1_387' title='bbox 2641 2045 2718 2100; x_wconf 90' lang='lat' dir='ltr'>ab</span> <span class='ocrx_word' id='word_1_388' title='bbox 2751 2045 3054 2101; x_wconf 88' lang='lat' dir='ltr'>aurifabro</span> <span class='ocrx_word' id='word_1_389' title='bbox 3087 2046 3287 2102; x_wconf 66' lang='lat' dir='ltr'>missa:</span> <span class='ocrx_word' id='word_1_390' title='bbox 3317 2047 3552 2102; x_wconf 88' lang='lat' dir='ltr'>fuerant</span> 
     </span>
    </p>
   </div>
   <div class='ocr_carea' id='block_1_53' title="bbox 1897 2133 3554 2206">
    <p class='ocr_par' dir='ltr' id='par_1_53' title="bbox 1897 2133 3554 2206">
     <span class='ocr_line' id='line_1_53' title="bbox 1897 2133 3554 2206; baseline 0.002 -19"><span class='ocrx_word' id='word_1_391' title='bbox 1897 2133 1969 2187; x_wconf 91' lang='lat' dir='ltr'>de</span> <span class='ocrx_word' id='word_1_392' title='bbox 2001 2139 2234 2204; x_wconf 87' lang='lat' dir='ltr'>reperta</span> <span class='ocrx_word' id='word_1_393' title='bbox 2280 2133 2593 2188; x_wconf 86' lang='lat' dir='ltr'>Sinonide:</span> <span class='ocrx_word' id='word_1_394' title='bbox 2629 2133 2930 2206; x_wconf 85' lang='lat' dir='ltr'>ﬁdemque</span> <span class='ocrx_word' id='word_1_395' title='bbox 2977 2134 3208 2200; x_wconf 89' lang='lat' dir='ltr'>fecerat,</span> <span class='ocrx_word' id='word_1_396' title='bbox 3243 2151 3380 2190; x_wconf 87' lang='lat' dir='ltr'>cum</span> <span class='ocrx_word' id='word_1_397' title='bbox 3431 2140 3554 2190; x_wconf 87' lang='lat' dir='ltr'>tor-</span> 
     </span>
    </p>
   </div>
   <div class='ocr_carea' id='block_1_54' title="bbox 1897 2222 3553 2296">
    <p class='ocr_par' dir='ltr' id='par_1_54' title="bbox 1897 2222 3553 2296">
     <span class='ocr_line' id='line_1_54' title="bbox 1897 2222 3553 2296; baseline 0.002 -19"><span class='ocrx_word' id='word_1_398' title='bbox 1897 2239 2044 2294; x_wconf 88' lang='lat' dir='ltr'>ques</span> <span class='ocrx_word' id='word_1_399' title='bbox 2075 2228 2296 2293; x_wconf 82' lang='lat' dir='ltr'>empta,</span> <span class='ocrx_word' id='word_1_400' title='bbox 2321 2229 2497 2294; x_wconf 88' lang='lat' dir='ltr'>atque</span> <span class='ocrx_word' id='word_1_401' title='bbox 2527 2222 2606 2278; x_wconf 86' lang='lat' dir='ltr'>ad</span> <span class='ocrx_word' id='word_1_402' title='bbox 2628 2238 2764 2277; x_wconf 88' lang='lat' dir='ltr'>eum</span> <span class='ocrx_word' id='word_1_403' title='bbox 2792 2224 3000 2288; x_wconf 88' lang='lat' dir='ltr'>missa,</span> <span class='ocrx_word' id='word_1_404' title='bbox 3023 2229 3154 2279; x_wconf 88' lang='lat' dir='ltr'>tum</span> <span class='ocrx_word' id='word_1_405' title='bbox 3181 2229 3396 2280; x_wconf 68' lang='lat' dir='ltr'>caetera</span> <span class='ocrx_word' id='word_1_406' title='bbox 3419 2240 3553 2296; x_wconf 60' lang='lat' dir='ltr'>qua}</span> 
     </span>
    </p>
   </div>
   <div class='ocr_carea' id='block_1_55' title="bbox 1897 2311 3553 2382">
    <p class='ocr_par' dir='ltr' id='par_1_55' title="bbox 1897 2311 3553 2382">
     <span class='ocr_line' id='line_1_55' title="bbox 1897 2311 3553 2382; baseline 0 -16"><span class='ocrx_word' id='word_1_407' title='bbox 1897 2313 1972 2366; x_wconf 91' lang='lat' dir='ltr'>de</span> <span class='ocrx_word' id='word_1_408' title='bbox 1993 2313 2198 2366; x_wconf 88' lang='lat' dir='ltr'>rustici</span> <span class='ocrx_word' id='word_1_409' title='bbox 2228 2311 2322 2366; x_wconf 90' lang='lat' dir='ltr'>ille</span> <span class='ocrx_word' id='word_1_410' title='bbox 2349 2311 2470 2366; x_wconf 83' lang='lat' dir='ltr'>ﬁlia</span> <span class='ocrx_word' id='word_1_411' title='bbox 2501 2311 2868 2382; x_wconf 90' lang='lat' dir='ltr'>suspicando</span> <span class='ocrx_word' id='word_1_412' title='bbox 2898 2313 3206 2381; x_wconf 85' lang='lat' dir='ltr'>cogitarat.</span> <span class='ocrx_word' id='word_1_413' title='bbox 3237 2313 3553 2369; x_wconf 83' lang='lat' dir='ltr'>Rhodaues</span> 
     </span>
    </p>
   </div>
   <div class='ocr_carea' id='block_1_56' title="bbox 1898 2399 3552 2470">
    <p class='ocr_par' dir='ltr' id='par_1_56' title="bbox 1898 2399 3552 2470">
     <span class='ocr_line' id='line_1_56' title="bbox 1898 2399 3552 2470; baseline -0.001 -12"><span class='ocrx_word' id='word_1_414' title='bbox 1898 2401 2013 2466; x_wconf 84' lang='lat' dir='ltr'>hic,</span> <span class='ocrx_word' id='word_1_415' title='bbox 2047 2401 2190 2456; x_wconf 89' lang='lat' dir='ltr'>dum</span> <span class='ocrx_word' id='word_1_416' title='bbox 2237 2401 2380 2470; x_wconf 85' lang='lat' dir='ltr'>fuga</span> <span class='ocrx_word' id='word_1_417' title='bbox 2419 2401 2532 2456; x_wconf 87' lang='lat' dir='ltr'>sibi</span> <span class='ocrx_word' id='word_1_418' title='bbox 2575 2399 2954 2456; x_wconf 89' lang='lat' dir='ltr'>consulturus</span> <span class='ocrx_word' id='word_1_419' title='bbox 2983 2401 3249 2468; x_wconf 85' lang='lat' dir='ltr'>discedit,</span> <span class='ocrx_word' id='word_1_420' title='bbox 3282 2402 3552 2458; x_wconf 88' lang='lat' dir='ltr'>osculum</span> 
     </span>
    </p>
   </div>
   <div class='ocr_carea' id='block_1_57' title="bbox 1898 2489 3548 2555">
    <p class='ocr_par' dir='ltr' id='par_1_57' title="bbox 1898 2489 3548 2555">
     <span class='ocr_line' id='line_1_57' title="bbox 1898 2489 3548 2555; baseline 0.001 -10"><span class='ocrx_word' id='word_1_421' title='bbox 1898 2490 2246 2546; x_wconf 70' lang='lat' dir='ltr'>rusticiﬁlite</span> <span class='ocrx_word' id='word_1_422' title='bbox 2263 2489 2860 2555; x_wconf 80' lang='lat' dir='ltr'>otfert.Quamobrem</span> <span class='ocrx_word' id='word_1_423' title='bbox 2876 2491 2963 2545; x_wconf 89' lang='lat' dir='ltr'>ira</span> <span class='ocrx_word' id='word_1_424' title='bbox 2977 2490 3548 2554; x_wconf 84' lang='lat' dir='ltr'>Sinonisincauduit,</span> 
     </span>
    </p>
   </div>
   <div class='ocr_carea' id='block_1_58' title="bbox 1899 2579 3552 2652">
    <p class='ocr_par' dir='ltr' id='par_1_58' title="bbox 1899 2579 3552 2652">
     <span class='ocr_line' id='line_1_58' title="bbox 1899 2579 3552 2652; baseline 0 -18"><span class='ocrx_word' id='word_1_425' title='bbox 1899 2579 2046 2634; x_wconf 91' lang='lat' dir='ltr'>dum</span> <span class='ocrx_word' id='word_1_426' title='bbox 2061 2581 2120 2635; x_wconf 90' lang='lat' dir='ltr'>in</span> <span class='ocrx_word' id='word_1_427' title='bbox 2136 2581 2536 2651; x_wconf 86' lang='lat' dir='ltr'>suspicionem</span> <span class='ocrx_word' id='word_1_428' title='bbox 2553 2581 2814 2652; x_wconf 89' lang='lat' dir='ltr'>primum</span> <span class='ocrx_word' id='word_1_429' title='bbox 2829 2579 3171 2644; x_wconf 87' lang='lat' dir='ltr'>venitbasii,</span> <span class='ocrx_word' id='word_1_430' title='bbox 3187 2595 3320 2650; x_wconf 69' lang='lat' dir='ltr'>quae</span> <span class='ocrx_word' id='word_1_431' title='bbox 3337 2579 3552 2634; x_wconf 89' lang='lat' dir='ltr'>deinde</span> 
     </span>
    </p>
   </div>
   <div class='ocr_carea' id='block_1_59' title="bbox 1901 2667 3548 2741">
    <p class='ocr_par' dir='ltr' id='par_1_59' title="bbox 1901 2667 3548 2741">
     <span class='ocr_line' id='line_1_59' title="bbox 1901 2667 3548 2741; baseline 0 -19"><span class='ocrx_word' id='word_1_432' title='bbox 1901 2669 2160 2740; x_wconf 84' lang='lat' dir='ltr'>suspicio</span> <span class='ocrx_word' id='word_1_433' title='bbox 2191 2670 2460 2741; x_wconf 84' lang='lat' dir='ltr'>(quando</span> <span class='ocrx_word' id='word_1_434' title='bbox 2503 2685 2572 2724; x_wconf 83' lang='lat' dir='ltr'>ex</span> <span class='ocrx_word' id='word_1_435' title='bbox 2607 2668 2910 2724; x_wconf 79' lang='lat' dir='ltr'>Rhodanis</span> <span class='ocrx_word' id='word_1_436' title='bbox 2939 2668 3112 2723; x_wconf 88' lang='lat' dir='ltr'>labiis</span> <span class='ocrx_word' id='word_1_437' title='bbox 3143 2667 3384 2723; x_wconf 86' lang='lat' dir='ltr'>detersit</span> <span class='ocrx_word' id='word_1_438' title='bbox 3409 2685 3548 2723; x_wconf 88' lang='lat' dir='ltr'>san-</span> 
     </span>
    </p>
   </div>
   <div class='ocr_carea' id='block_1_60' title="bbox 1899 2755 3550 2828">
    <p class='ocr_par' dir='ltr' id='par_1_60' title="bbox 1899 2755 3550 2828">
     <span class='ocr_line' id='line_1_60' title="bbox 1899 2755 3550 2828; baseline -0.001 -16"><span class='ocrx_word' id='word_1_439' title='bbox 1899 2759 2162 2828; x_wconf 84' lang='lat' dir='ltr'>guinem,</span> <span class='ocrx_word' id='word_1_440' title='bbox 2176 2759 2278 2828; x_wconf 90' lang='lat' dir='ltr'>qui</span> <span class='ocrx_word' id='word_1_441' title='bbox 2299 2757 2558 2828; x_wconf 87' lang='lat' dir='ltr'>puellam</span> <span class='ocrx_word' id='word_1_442' title='bbox 2573 2757 2904 2812; x_wconf 90' lang='lat' dir='ltr'>osculando</span> <span class='ocrx_word' id='word_1_443' title='bbox 2921 2757 2973 2812; x_wconf 90' lang='lat' dir='ltr'>ei</span> <span class='ocrx_word' id='word_1_444' title='bbox 2987 2755 3340 2828; x_wconf 67' lang='lat' dir='ltr'>adhreserat)</span> <span class='ocrx_word' id='word_1_445' title='bbox 3360 2757 3550 2826; x_wconf 84' lang='lat' dir='ltr'>magis</span> 
     </span>
    </p>
   </div>
   <div class='ocr_carea' id='block_1_61' title="bbox 1897 2845 3549 2903">
    <p class='ocr_par' dir='ltr' id='par_1_61' title="bbox 1897 2845 3549 2903">
     <span class='ocr_line' id='line_1_61' title="bbox 1897 2845 3549 2903; baseline -0.002 0"><span class='ocrx_word' id='word_1_446' title='bbox 1897 2847 2079 2903; x_wconf 85' lang='lat' dir='ltr'>etiam</span> <span class='ocrx_word' id='word_1_447' title='bbox 2113 2851 2200 2902; x_wconf 88' lang='lat' dir='ltr'>est</span> <span class='ocrx_word' id='word_1_448' title='bbox 2241 2846 2612 2902; x_wconf 82' lang='lat' dir='ltr'>conﬁrmata.</span> <span class='ocrx_word' id='word_1_449' title='bbox 2645 2847 2786 2902; x_wconf 88' lang='lat' dir='ltr'>Hinc</span> <span class='ocrx_word' id='word_1_450' title='bbox 2831 2847 3169 2902; x_wconf 88' lang='lat' dir='ltr'>interimere</span> <span class='ocrx_word' id='word_1_451' title='bbox 3205 2845 3328 2900; x_wconf 88' lang='lat' dir='ltr'>vult</span> <span class='ocrx_word' id='word_1_452' title='bbox 3375 2845 3549 2900; x_wconf 85' lang='lat' dir='ltr'>rusti-</span> 
     </span>
    </p>
   </div>
   <div class='ocr_carea' id='block_1_62' title="bbox 1897 2935 3552 3009">
    <p class='ocr_par' dir='ltr' id='par_1_62' title="bbox 1897 2935 3552 3009">
     <span class='ocr_line' id='line_1_62' title="bbox 1897 2935 3552 3009; baseline -0.001 -15"><span class='ocrx_word' id='word_1_453' title='bbox 1897 2954 2030 2994; x_wconf 89' lang='lat' dir='ltr'>cam</span> <span class='ocrx_word' id='word_1_454' title='bbox 2059 2937 2321 3009; x_wconf 88' lang='lat' dir='ltr'>puellam</span> <span class='ocrx_word' id='word_1_455' title='bbox 2355 2935 2609 3001; x_wconf 90' lang='lat' dir='ltr'>Siuonis,</span> <span class='ocrx_word' id='word_1_456' title='bbox 2643 2940 2919 3008; x_wconf 91' lang='lat' dir='ltr'>retroque</span> <span class='ocrx_word' id='word_1_457' title='bbox 2951 2936 3028 2991; x_wconf 92' lang='lat' dir='ltr'>ad</span> <span class='ocrx_word' id='word_1_458' title='bbox 3058 2935 3220 2991; x_wconf 90' lang='lat' dir='ltr'>illam</span> <span class='ocrx_word' id='word_1_459' title='bbox 3251 2951 3382 2991; x_wconf 89' lang='lat' dir='ltr'>sese</span> <span class='ocrx_word' id='word_1_460' title='bbox 3413 2952 3552 2992; x_wconf 90' lang='lat' dir='ltr'>con-</span> 
     </span>
    </p>
   </div>
   <div class='ocr_carea' id='block_1_63' title="bbox 1899 3025 3549 3096">
    <p class='ocr_par' dir='ltr' id='par_1_63' title="bbox 1899 3025 3549 3096">
     <span class='ocr_line' id='line_1_63' title="bbox 1899 3025 3549 3096; baseline -0.002 -11"><span class='ocrx_word' id='word_1_461' title='bbox 1899 3029 2048 3094; x_wconf 90' lang='lat' dir='ltr'>tulit,</span> <span class='ocrx_word' id='word_1_462' title='bbox 2082 3027 2298 3083; x_wconf 88' lang='lat' dir='ltr'>furenti</span> <span class='ocrx_word' id='word_1_463' title='bbox 2335 3025 2562 3080; x_wconf 83' lang='lat' dir='ltr'>similis.</span> <span class='ocrx_word' id='word_1_464' title='bbox 2601 3025 2935 3090; x_wconf 65' lang='lat' dir='ltr'>Soraachus,</span> <span class='ocrx_word' id='word_1_465' title='bbox 2969 3025 3114 3096; x_wconf 90' lang='lat' dir='ltr'>quia</span> <span class='ocrx_word' id='word_1_466' title='bbox 3157 3025 3549 3081; x_wconf 88' lang='lat' dir='ltr'>furibundum</span> 
     </span>
    </p>
   </div>
   <div class='ocr_carea' id='block_1_64' title="bbox 177 3113 1790 3200">
    <p class='ocr_par' dir='ltr' id='par_1_64' title="bbox 177 3113 1790 3188">
     <span class='ocr_line' id='line_1_64' title="bbox 177 3113 1790 3188; baseline -0.001 -18"><span class='ocrx_word' id='word_1_467' title='bbox 177 3119 514 3186; x_wconf 63' lang='grc' dir='ltr'>ὲνελείν,καὶ</span> <span class='ocrx_word' id='word_1_468' title='bbox 567 3117 907 3188; x_wconf 67' lang='grc' dir='ltr'>ὑποστρέφειν</span> <span class='ocrx_word' id='word_1_469' title='bbox 962 3117 1090 3186; x_wconf 83' lang='grc' dir='ltr'>πρὸς</span> <span class='ocrx_word' id='word_1_470' title='bbox 1145 3113 1309 3172; x_wconf 73' lang='grc' dir='ltr'>αὐτὴν</span> <span class='ocrx_word' id='word_1_471' title='bbox 1348 3115 1586 3186; x_wconf 73' lang='grc' dir='ltr'>ἠπείγετο</span> <span class='ocrx_word' id='word_1_472' title='bbox 1631 3117 1790 3168; x_wconf 78' lang='grc' dir='ltr'>καθα-</span> 
     </span>
    </p>
   </div>
   <div class='ocr_carea' id='block_1_65' title="bbox 1900 3113 3546 3200">
    <p class='ocr_par' dir='ltr' id='par_1_65' title="bbox 1900 3115 3546 3190">
     <span class='ocr_line' id='line_1_65' title="bbox 1900 3115 3546 3190; baseline -0.003 -15"><span class='ocrx_word' id='word_1_473' title='bbox 1900 3121 2024 3190; x_wconf 89' lang='lat' dir='ltr'>ejus</span> <span class='ocrx_word' id='word_1_474' title='bbox 2053 3119 2346 3190; x_wconf 85' lang='lat' dir='ltr'>impetum</span> <span class='ocrx_word' id='word_1_475' title='bbox 2400 3115 2694 3170; x_wconf 80' lang='lat' dir='ltr'>refrenare</span> <span class='ocrx_word' id='word_1_476' title='bbox 2742 3129 2862 3170; x_wconf 92' lang='lat' dir='ltr'>non</span> <span class='ocrx_word' id='word_1_477' title='bbox 2913 3120 3138 3186; x_wconf 91' lang='lat' dir='ltr'>posset,</span> <span class='ocrx_word' id='word_1_478' title='bbox 3171 3115 3502 3187; x_wconf 89' lang='lat' dir='ltr'>insequitur</span> <span class='ocrx_word' id='word_1_479' title='bbox 3535 3133 3546 3184; x_wconf 89' lang='lat'>;</span> 
     </span>
    </p>
   </div>
   <div class='ocr_carea' id='block_1_66' title="bbox 177 3205 1786 3281">
    <p class='ocr_par' dir='ltr' id='par_1_66' title="bbox 177 3205 1786 3281">
     <span class='ocr_line' id='line_1_66' title="bbox 177 3205 1786 3281; baseline 0.001 -24"><span class='ocrx_word' id='word_1_480' title='bbox 177 3227 272 3281; x_wconf 63' lang='grc' dir='ltr'>περ</span> <span class='ocrx_word' id='word_1_481' title='bbox 335 3227 419 3267; x_wconf 79' lang='grc' dir='ltr'>τις</span> <span class='ocrx_word' id='word_1_482' title='bbox 471 3205 724 3276; x_wconf 75' lang='grc' dir='ltr'>ἐμμανής·</span> <span class='ocrx_word' id='word_1_483' title='bbox 767 3208 858 3254; x_wconf 87' lang='grc' dir='ltr'>καὶ</span> <span class='ocrx_word' id='word_1_484' title='bbox 899 3208 1172 3256; x_wconf 85' lang='grc' dir='ltr'>συνέπεται</span> <span class='ocrx_word' id='word_1_485' title='bbox 1221 3208 1496 3276; x_wconf 81' lang='grc' dir='ltr'>Σόραιχος,</span> <span class='ocrx_word' id='word_1_486' title='bbox 1549 3205 1660 3258; x_wconf 81' lang='grc' dir='ltr'>ἐπεὶ</span> <span class='ocrx_word' id='word_1_487' title='bbox 1714 3211 1786 3276; x_wconf 79' lang='grc' dir='ltr'>μὴ</span> 
     </span>
    </p>
   </div>
   <div class='ocr_carea' id='block_1_67' title="bbox 173 3291 1790 3367">
    <p class='ocr_par' dir='ltr' id='par_1_67' title="bbox 173 3291 1790 3367">
     <span class='ocr_line' id='line_1_67' title="bbox 173 3291 1790 3367; baseline -0.001 -18"><span class='ocrx_word' id='word_1_488' title='bbox 173 3303 480 3367; x_wconf 78' lang='grc' dir='ltr'>κατασχεῖν</span> <span class='ocrx_word' id='word_1_489' title='bbox 535 3302 632 3354; x_wconf 84' lang='grc' dir='ltr'>τῆς</span> <span class='ocrx_word' id='word_1_490' title='bbox 697 3291 996 3364; x_wconf 74' lang='grc' dir='ltr'>μανιώδους</span> <span class='ocrx_word' id='word_1_491' title='bbox 1064 3295 1227 3366; x_wconf 82' lang='grc' dir='ltr'>ὁρμῆς</span> <span class='ocrx_word' id='word_1_492' title='bbox 1275 3297 1457 3364; x_wconf 79' lang='grc' dir='ltr'>ἴσχυε.</span> <span class='ocrx_word' id='word_1_493' title='bbox 1509 3302 1608 3348; x_wconf 78' lang='grc' dir='ltr'>Καὶ</span> <span class='ocrx_word' id='word_1_494' title='bbox 1669 3315 1790 3348; x_wconf 87' lang='grc' dir='ltr'>κατ-</span> 
     </span>
    </p>
   </div>
   <div class='ocr_carea' id='block_1_68' title="bbox 175 3380 1784 3460">
    <p class='ocr_par' dir='ltr' id='par_1_68' title="bbox 175 3380 1784 3460">
     <span class='ocr_line' id='line_1_68' title="bbox 175 3380 1784 3460; baseline 0 -22"><span class='ocrx_word' id='word_1_495' title='bbox 175 3393 424 3460; x_wconf 66' lang='grc' dir='ltr'>αίρουσιν</span> <span class='ocrx_word' id='word_1_496' title='bbox 485 3384 558 3445; x_wconf 77' lang='grc' dir='ltr'>εἰς</span> <span class='ocrx_word' id='word_1_497' title='bbox 613 3382 868 3434; x_wconf 82' lang='grc' dir='ltr'>πλουσίου</span> <span class='ocrx_word' id='word_1_498' title='bbox 920 3387 1078 3447; x_wconf 89' lang='grc' dir='ltr'>τινὸς,</span> <span class='ocrx_word' id='word_1_499' title='bbox 1107 3387 1164 3435; x_wconf 88' lang='grc' dir='ltr'>τό</span> <span class='ocrx_word' id='word_1_500' title='bbox 1214 3380 1338 3444; x_wconf 74' lang='grc' dir='ltr'>ἦθος</span> <span class='ocrx_word' id='word_1_501' title='bbox 1371 3381 1430 3436; x_wconf 79' lang='grc' dir='ltr'>δὲ</span> <span class='ocrx_word' id='word_1_502' title='bbox 1471 3384 1784 3451; x_wconf 72' lang='grc' dir='ltr'>ἀκολάστου,</span> 
     </span>
    </p>
   </div>
   <div class='ocr_carea' id='block_1_69' title="bbox 177 3473 1789 3546">
    <p class='ocr_par' dir='ltr' id='par_1_69' title="bbox 177 3473 1789 3546">
     <span class='ocr_line' id='line_1_69' title="bbox 177 3473 1789 3546; baseline 0.006 -27"><span class='ocrx_word' id='word_1_503' title='bbox 177 3483 422 3536; x_wconf 55' lang='lat' dir='ltr'>giras-ro;</span> <span class='ocrx_word' id='word_1_504' title='bbox 483 3473 624 3543; x_wconf 79' lang='grc' dir='ltr'>αύτῷ</span> <span class='ocrx_word' id='word_1_505' title='bbox 699 3475 878 3543; x_wconf 77' lang='grc' dir='ltr'>ὄνομα,</span> <span class='ocrx_word' id='word_1_506' title='bbox 930 3474 982 3533; x_wconf 84' lang='grc' dir='ltr'>ὃς</span> <span class='ocrx_word' id='word_1_507' title='bbox 1049 3475 1140 3546; x_wconf 70' lang='grc' dir='ltr'>ἐρᾷ</span> <span class='ocrx_word' id='word_1_508' title='bbox 1213 3483 1309 3535; x_wconf 86' lang='grc' dir='ltr'>τῆς</span> <span class='ocrx_word' id='word_1_509' title='bbox 1365 3473 1642 3536; x_wconf 74' lang='grc' dir='ltr'>Σινωνίδος</span> <span class='ocrx_word' id='word_1_510' title='bbox 1699 3483 1789 3529; x_wconf 85' lang='grc' dir='ltr'>καὶ</span> 
     </span>
    </p>
   </div>
   <div class='ocr_carea' id='block_1_70' title="bbox 181 3559 1795 3638">
    <p class='ocr_par' dir='ltr' id='par_1_70' title="bbox 181 3559 1795 3638">
     <span class='ocr_line' id='line_1_70' title="bbox 181 3559 1795 3638; baseline 0.001 -22"><span class='ocrx_word' id='word_1_511' title='bbox 181 3571 358 3638; x_wconf 69' lang='grc' dir='ltr'>πειρᾷ-</span> <span class='ocrx_word' id='word_1_512' title='bbox 413 3565 446 3620; x_wconf 77' lang='grc' dir='ltr'><strong>ἠ</strong></span> <span class='ocrx_word' id='word_1_513' title='bbox 515 3559 581 3614; x_wconf 66' lang='grc' dir='ltr'>δὲ</span> <span class='ocrx_word' id='word_1_514' title='bbox 643 3561 856 3632; x_wconf 78' lang='grc' dir='ltr'>ἀντιρᾲν</span> <span class='ocrx_word' id='word_1_515' title='bbox 913 3563 1260 3635; x_wconf 76' lang='grc' dir='ltr'>ὑποκρίνεται,</span> <span class='ocrx_word' id='word_1_516' title='bbox 1321 3569 1412 3615; x_wconf 83' lang='grc' dir='ltr'>καὶ</span> <span class='ocrx_word' id='word_1_517' title='bbox 1469 3565 1795 3636; x_wconf 72' lang='grc' dir='ltr'>μεθυσθέντα</span> 
     </span>
    </p>
   </div>
   <div class='ocr_carea' id='block_1_71' title="bbox 183 3649 1792 3727">
    <p class='ocr_par' dir='ltr' id='par_1_71' title="bbox 183 3649 1792 3727">
     <span class='ocr_line' id='line_1_71' title="bbox 183 3649 1792 3727; baseline 0.003 -26"><span class='ocrx_word' id='word_1_518' title='bbox 183 3663 270 3706; x_wconf 58' lang='grc' dir='ltr'>τὴν</span> <span class='ocrx_word' id='word_1_519' title='bbox 329 3659 568 3711; x_wconf 68' lang='grc' dir='ltr'>Σήταπον</span> <span class='ocrx_word' id='word_1_520' title='bbox 619 3653 736 3702; x_wconf 91' lang='grc' dir='ltr'>κατ’</span> <span class='ocrx_word' id='word_1_521' title='bbox 785 3649 948 3707; x_wconf 78' lang='grc' dir='ltr'>αύτήν</span> <span class='ocrx_word' id='word_1_522' title='bbox 1006 3659 1098 3709; x_wconf 83' lang='grc' dir='ltr'>την</span> <span class='ocrx_word' id='word_1_523' title='bbox 1146 3655 1306 3705; x_wconf 82' lang='grc' dir='ltr'>νύκτα</span> <span class='ocrx_word' id='word_1_524' title='bbox 1349 3658 1438 3705; x_wconf 81' lang='grc' dir='ltr'>καὶ</span> <span class='ocrx_word' id='word_1_525' title='bbox 1481 3659 1576 3711; x_wconf 65' lang='grc' dir='ltr'>τὴν</span> <span class='ocrx_word' id='word_1_526' title='bbox 1617 3654 1792 3727; x_wconf 77' lang='grc' dir='ltr'>ἀρχὴν</span> 
     </span>
    </p>
   </div>
   <div class='ocr_carea' id='block_1_72' title="bbox 185 3738 1790 3816">
    <p class='ocr_par' dir='ltr' id='par_1_72' title="bbox 185 3738 1790 3816">
     <span class='ocr_line' id='line_1_72' title="bbox 185 3738 1790 3816; baseline 0.002 -24"><span class='ocrx_word' id='word_1_527' title='bbox 185 3753 274 3794; x_wconf 68' lang='grc' dir='ltr'>τοῦ</span> <span class='ocrx_word' id='word_1_528' title='bbox 323 3747 514 3816; x_wconf 74' lang='grc' dir='ltr'>ἔρωτος</span> <span class='ocrx_word' id='word_1_529' title='bbox 565 3738 762 3812; x_wconf 79' lang='grc' dir='ltr'>ἀναιρεί</span> <span class='ocrx_word' id='word_1_530' title='bbox 805 3739 957 3811; x_wconf 64' lang='grc' dir='ltr'>ξίφει.</span> <span class='ocrx_word' id='word_1_531' title='bbox 995 3746 1092 3794; x_wconf 80' lang='grc' dir='ltr'>Καὶ</span> <span class='ocrx_word' id='word_1_532' title='bbox 1123 3739 1322 3804; x_wconf 74' lang='grc' dir='ltr'>ἀνοῖξαι</span> <span class='ocrx_word' id='word_1_533' title='bbox 1362 3743 1654 3795; x_wconf 79' lang='grc' dir='ltr'>κελεύσασα</span> <span class='ocrx_word' id='word_1_534' title='bbox 1701 3750 1790 3802; x_wconf 79' lang='grc' dir='ltr'>την</span> 
     </span>
    </p>
   </div>
   <div class='ocr_carea' id='block_1_73' title="bbox 189 3829 1792 3904">
    <p class='ocr_par' dir='ltr' id='par_1_73' title="bbox 189 3829 1792 3904">
     <span class='ocr_line' id='line_1_73' title="bbox 189 3829 1792 3904; baseline 0.002 -22"><span class='ocrx_word' id='word_1_535' title='bbox 189 3833 500 3892; x_wconf 73' lang='grc' dir='ltr'>τῖλ.ιον,καὶ</span> <span class='ocrx_word' id='word_1_536' title='bbox 555 3832 640 3880; x_wconf 79' lang='grc' dir='ltr'>τόν</span> <span class='ocrx_word' id='word_1_537' title='bbox 687 3833 943 3900; x_wconf 82' lang='grc' dir='ltr'>Σόραιχον</span> <span class='ocrx_word' id='word_1_538' title='bbox 995 3829 1276 3901; x_wconf 75' lang='grc' dir='ltr'>ἀγνοοῦντα</span> <span class='ocrx_word' id='word_1_539' title='bbox 1317 3836 1374 3884; x_wconf 81' lang='grc' dir='ltr'>τό</span> <span class='ocrx_word' id='word_1_540' title='bbox 1417 3835 1658 3904; x_wconf 73' lang='grc' dir='ltr'>πραχθὲν</span> <span class='ocrx_word' id='word_1_541' title='bbox 1695 3853 1792 3886; x_wconf 86' lang='grc' dir='ltr'>κα-</span> 
     </span>
    </p>
   </div>
   <div class='ocr_carea' id='block_1_74' title="bbox 187 3917 1792 3994">
    <p class='ocr_par' dir='ltr' id='par_1_74' title="bbox 187 3917 1792 3994">
     <span class='ocr_line' id='line_1_74' title="bbox 187 3917 1792 3994; baseline 0.003 -22"><span class='ocrx_word' id='word_1_542' title='bbox 187 3923 504 3984; x_wconf 71' lang='grc' dir='ltr'>ταλιποῦσα,</span> <span class='ocrx_word' id='word_1_543' title='bbox 563 3917 650 3970; x_wconf 71' lang='grc' dir='ltr'>ἐπὶ</span> <span class='ocrx_word' id='word_1_544' title='bbox 711 3921 806 3976; x_wconf 76' lang='grc' dir='ltr'>τὴν</span> <span class='ocrx_word' id='word_1_545' title='bbox 863 3927 952 3971; x_wconf 84' lang='grc' dir='ltr'>τοῦ</span> <span class='ocrx_word' id='word_1_546' title='bbox 1025 3929 1258 3994; x_wconf 78' lang='grc' dir='ltr'>γεωργοῦ</span> <span class='ocrx_word' id='word_1_547' title='bbox 1309 3926 1467 3994; x_wconf 86' lang='grc' dir='ltr'>κόρην</span> <span class='ocrx_word' id='word_1_548' title='bbox 1526 3923 1792 3980; x_wconf 72' lang='grc' dir='ltr'>ἠλαύνετο.</span> 
     </span>
    </p>
   </div>
   <div class='ocr_carea' id='block_1_75' title="bbox 189 4004 1790 4084">
    <p class='ocr_par' dir='ltr' id='par_1_75' title="bbox 189 4004 1790 4084">
     <span class='ocr_line' id='line_1_75' title="bbox 189 4004 1790 4084; baseline 0 -22"><span class='ocrx_word' id='word_1_549' title='bbox 189 4017 442 4084; x_wconf 71' lang='grc' dir='ltr'>Σόραιχος</span> <span class='ocrx_word' id='word_1_550' title='bbox 475 4005 560 4072; x_wconf 68' lang='grc' dir='ltr'>δὲ,</span> <span class='ocrx_word' id='word_1_551' title='bbox 589 4013 678 4065; x_wconf 76' lang='grc' dir='ltr'>τὴν</span> <span class='ocrx_word' id='word_1_552' title='bbox 719 4004 894 4069; x_wconf 68' lang='grc' dir='ltr'>ἔξοδον</span> <span class='ocrx_word' id='word_1_553' title='bbox 926 4008 1083 4069; x_wconf 68' lang='grc' dir='ltr'>αὐτῆς</span> <span class='ocrx_word' id='word_1_554' title='bbox 1125 4013 1325 4080; x_wconf 76' lang='grc' dir='ltr'>μαθὼν,</span> <span class='ocrx_word' id='word_1_555' title='bbox 1358 4008 1568 4064; x_wconf 74' lang='grc' dir='ltr'>ἐδίωκεν</span> <span class='ocrx_word' id='word_1_556' title='bbox 1601 4013 1790 4078; x_wconf 80' lang='grc' dir='ltr'>ὀπίσω,</span> 
     </span>
    </p>
   </div>
   <div class='ocr_carea' id='block_1_76' title="bbox 191 4096 1791 4168">
    <p class='ocr_par' dir='ltr' id='par_1_76' title="bbox 191 4096 1791 4168">
     <span class='ocr_line' id='line_1_76' title="bbox 191 4096 1791 4168; baseline 0.003 -19"><span class='ocrx_word' id='word_1_557' title='bbox 191 4105 286 4150; x_wconf 78' lang='grc' dir='ltr'>καὶ</span> <span class='ocrx_word' id='word_1_558' title='bbox 323 4096 714 4168; x_wconf 68' lang='grc' dir='ltr'>καταλαμϐάνει</span> <span class='ocrx_word' id='word_1_559' title='bbox 761 4100 898 4168; x_wconf 83' lang='grc' dir='ltr'>ἔχων</span> <span class='ocrx_word' id='word_1_560' title='bbox 947 4097 1059 4168; x_wconf 79' lang='grc' dir='ltr'>μεθ’</span> <span class='ocrx_word' id='word_1_561' title='bbox 1107 4101 1287 4150; x_wconf 65' lang='grc' dir='ltr'>ἑαυτοῦ</span> <span class='ocrx_word' id='word_1_562' title='bbox 1345 4105 1434 4152; x_wconf 78' lang='grc' dir='ltr'>καὶ</span> <span class='ocrx_word' id='word_1_563' title='bbox 1487 4109 1586 4152; x_wconf 86' lang='grc' dir='ltr'>τῶν</span> <span class='ocrx_word' id='word_1_564' title='bbox 1629 4105 1791 4160; x_wconf 77' lang='grc' dir='ltr'>Σητιὶ-</span> 
     </span>
    </p>
   </div>
   <div class='ocr_carea' id='block_1_77' title="bbox 193 4181 1796 4262">
    <p class='ocr_par' dir='ltr' id='par_1_77' title="bbox 193 4181 1796 4262">
     <span class='ocr_line' id='line_1_77' title="bbox 193 4181 1796 4262; baseline 0.001 -24"><span class='ocrx_word' id='word_1_565' title='bbox 193 4205 294 4238; x_wconf 77' lang='grc' dir='ltr'>πον</span> <span class='ocrx_word' id='word_1_566' title='bbox 349 4185 572 4250; x_wconf 71' lang='grc' dir='ltr'>δούλων,</span> <span class='ocrx_word' id='word_1_567' title='bbox 613 4185 698 4244; x_wconf 71' lang='grc' dir='ltr'>οὖς</span> <span class='ocrx_word' id='word_1_568' title='bbox 757 4181 818 4242; x_wconf 73' lang='grc' dir='ltr'>ἦν</span> <span class='ocrx_word' id='word_1_569' title='bbox 875 4188 1290 4258; x_wconf 71' lang='grc' dir='ltr'>μισθωσάμενος,</span> <span class='ocrx_word' id='word_1_570' title='bbox 1323 4189 1404 4240; x_wconf 83' lang='grc' dir='ltr'>ἵνα</span> <span class='ocrx_word' id='word_1_571' title='bbox 1455 4190 1662 4262; x_wconf 73' lang='grc' dir='ltr'>κωλύσῃ</span> <span class='ocrx_word' id='word_1_572' title='bbox 1704 4195 1796 4248; x_wconf 77' lang='grc' dir='ltr'>τὴν</span> 
     </span>
    </p>
   </div>
   <div class='ocr_carea' id='block_1_78' title="bbox 197 4275 1799 4348">
    <p class='ocr_par' dir='ltr' id='par_1_78' title="bbox 197 4275 1799 4348">
     <span class='ocr_line' id='line_1_78' title="bbox 197 4275 1799 4348; baseline 0.002 -20"><span class='ocrx_word' id='word_1_573' title='bbox 197 4283 394 4348; x_wconf 58' lang='grc' dir='ltr'>σεσαγιέν</span> <span class='ocrx_word' id='word_1_574' title='bbox 441 4283 542 4336; x_wconf 79' lang='grc' dir='ltr'>τῆς</span> <span class='ocrx_word' id='word_1_575' title='bbox 585 4283 678 4325; x_wconf 81' lang='grc' dir='ltr'>τοῦ</span> <span class='ocrx_word' id='word_1_576' title='bbox 715 4283 948 4348; x_wconf 86' lang='grc' dir='ltr'>γεωργοῦ</span> <span class='ocrx_word' id='word_1_577' title='bbox 997 4279 1178 4348; x_wconf 86' lang='grc' dir='ltr'>κόρης.</span> <span class='ocrx_word' id='word_1_578' title='bbox 1227 4277 1530 4330; x_wconf 68' lang='grc' dir='ltr'>καταλαϐὼν</span> <span class='ocrx_word' id='word_1_579' title='bbox 1581 4275 1640 4331; x_wconf 73' lang='grc' dir='ltr'>δε</span> <span class='ocrx_word' id='word_1_580' title='bbox 1679 4279 1799 4332; x_wconf 84' lang='grc' dir='ltr'>ἀνα-</span> 
     </span>
    </p>
   </div>
   <div class='ocr_carea' id='block_1_79' title="bbox 195 4365 1800 4442">
    <p class='ocr_par' dir='ltr' id='par_1_79' title="bbox 195 4365 1800 4442">
     <span class='ocr_line' id='line_1_79' title="bbox 195 4365 1800 4442; baseline 0.002 -24"><span class='ocrx_word' id='word_1_581' title='bbox 195 4365 440 4436; x_wconf 66' lang='grc' dir='ltr'>λαμϐάνει</span> <span class='ocrx_word' id='word_1_582' title='bbox 487 4367 568 4423; x_wconf 85' lang='grc' dir='ltr'>είς</span> <span class='ocrx_word' id='word_1_583' title='bbox 614 4368 706 4421; x_wconf 77' lang='grc' dir='ltr'>τήν</span> <span class='ocrx_word' id='word_1_584' title='bbox 759 4365 1072 4436; x_wconf 74' lang='grc' dir='ltr'>αρμοίμαξαν</span> <span class='ocrx_word' id='word_1_585' title='bbox 1109 4367 1528 4440; x_wconf 82' lang='grc' dir='ltr'>(παρεσκεύαστο</span> <span class='ocrx_word' id='word_1_586' title='bbox 1571 4371 1668 4442; x_wconf 82' lang='grc' dir='ltr'>γὰρ</span> <span class='ocrx_word' id='word_1_587' title='bbox 1709 4375 1800 4421; x_wconf 87' lang='grc' dir='ltr'>καὶ</span> 
     </span>
    </p>
   </div>
   <div class='ocr_carea' id='block_1_80' title="bbox 1897 3204 3550 3280">
    <p class='ocr_par' dir='ltr' id='par_1_80' title="bbox 1897 3204 3550 3280">
     <span class='ocr_line' id='line_1_80' title="bbox 1897 3204 3550 3280; baseline -0.004 -15"><span class='ocrx_word' id='word_1_588' title='bbox 1897 3209 2342 3280; x_wconf 87' lang='lat' dir='ltr'>succeduntque</span> <span class='ocrx_word' id='word_1_589' title='bbox 2387 3207 2447 3260; x_wconf 91' lang='lat' dir='ltr'>in</span> <span class='ocrx_word' id='word_1_590' title='bbox 2477 3206 2726 3260; x_wconf 90' lang='lat' dir='ltr'>domum</span> <span class='ocrx_word' id='word_1_591' title='bbox 2762 3204 2958 3260; x_wconf 87' lang='lat' dir='ltr'>divitis</span> <span class='ocrx_word' id='word_1_592' title='bbox 2988 3204 3233 3276; x_wconf 91' lang='lat' dir='ltr'>quidem</span> <span class='ocrx_word' id='word_1_593' title='bbox 3263 3205 3550 3272; x_wconf 87' lang='lat' dir='ltr'>hominis,</span> 
     </span>
    </p>
   </div>
   <div class='ocr_carea' id='block_1_81' title="bbox 1897 3293 3553 3370">
    <p class='ocr_par' dir='ltr' id='par_1_81' title="bbox 1897 3293 3553 3370">
     <span class='ocr_line' id='line_1_81' title="bbox 1897 3293 3553 3370; baseline -0.003 -16"><span class='ocrx_word' id='word_1_594' title='bbox 1897 3299 2001 3354; x_wconf 88' lang='lat' dir='ltr'>sed</span> <span class='ocrx_word' id='word_1_595' title='bbox 2028 3298 2272 3370; x_wconf 85' lang='lat' dir='ltr'>perditis</span> <span class='ocrx_word' id='word_1_596' title='bbox 2302 3295 2587 3365; x_wconf 89' lang='lat' dir='ltr'>moribus,</span> <span class='ocrx_word' id='word_1_597' title='bbox 2616 3295 2710 3350; x_wconf 91' lang='lat' dir='ltr'>cui</span> <span class='ocrx_word' id='word_1_598' title='bbox 2739 3295 2956 3366; x_wconf 87' lang='lat' dir='ltr'>Setapo</span> <span class='ocrx_word' id='word_1_599' title='bbox 2987 3309 3229 3349; x_wconf 90' lang='lat' dir='ltr'>nomen.</span> <span class='ocrx_word' id='word_1_600' title='bbox 3263 3293 3362 3348; x_wconf 82' lang='lat' dir='ltr'>Hic</span> <span class='ocrx_word' id='word_1_601' title='bbox 3389 3295 3553 3350; x_wconf 91' lang='lat' dir='ltr'>Sino-</span> 
     </span>
    </p>
   </div>
   <div class='ocr_carea' id='block_1_82' title="bbox 1897 3382 3548 3457">
    <p class='ocr_par' dir='ltr' id='par_1_82' title="bbox 1897 3382 3548 3457">
     <span class='ocr_line' id='line_1_82' title="bbox 1897 3382 3548 3457; baseline -0.003 -14"><span class='ocrx_word' id='word_1_602' title='bbox 1897 3387 2054 3443; x_wconf 87' lang='lat' dir='ltr'>nidis</span> <span class='ocrx_word' id='word_1_603' title='bbox 2093 3402 2295 3443; x_wconf 88' lang='lat' dir='ltr'>amore</span> <span class='ocrx_word' id='word_1_604' title='bbox 2327 3391 2560 3457; x_wconf 88' lang='lat' dir='ltr'>captus,</span> <span class='ocrx_word' id='word_1_605' title='bbox 2595 3384 2785 3456; x_wconf 82' lang='lat' dir='ltr'>pergit</span> <span class='ocrx_word' id='word_1_606' title='bbox 2813 3397 2948 3439; x_wconf 88' lang='lat' dir='ltr'>eam</span> <span class='ocrx_word' id='word_1_607' title='bbox 2979 3383 3308 3452; x_wconf 89' lang='lat' dir='ltr'>sollicitare,</span> <span class='ocrx_word' id='word_1_608' title='bbox 3341 3387 3396 3438; x_wconf 90' lang='lat' dir='ltr'>et</span> <span class='ocrx_word' id='word_1_609' title='bbox 3429 3382 3548 3449; x_wconf 90' lang='lat' dir='ltr'>illa,</span> 
     </span>
    </p>
   </div>
   <div class='ocr_carea' id='block_1_83' title="bbox 1899 3473 3552 3544">
    <p class='ocr_par' dir='ltr' id='par_1_83' title="bbox 1899 3473 3552 3544">
     <span class='ocr_line' id='line_1_83' title="bbox 1899 3473 3552 3544; baseline -0.004 -11"><span class='ocrx_word' id='word_1_610' title='bbox 1899 3478 2212 3533; x_wconf 85' lang='lat' dir='ltr'>redamare</span> <span class='ocrx_word' id='word_1_611' title='bbox 2235 3491 2296 3530; x_wconf 86' lang='lat' dir='ltr'>se</span> <span class='ocrx_word' id='word_1_612' title='bbox 2325 3475 2579 3544; x_wconf 83' lang='lat' dir='ltr'>ﬁngens,</span> <span class='ocrx_word' id='word_1_613' title='bbox 2603 3473 2836 3528; x_wconf 88' lang='lat' dir='ltr'>ebrium</span> <span class='ocrx_word' id='word_1_614' title='bbox 2866 3475 3152 3544; x_wconf 88' lang='lat' dir='ltr'>Setapum</span> <span class='ocrx_word' id='word_1_615' title='bbox 3183 3477 3385 3536; x_wconf 89' lang='lat' dir='ltr'>noctu,</span> <span class='ocrx_word' id='word_1_616' title='bbox 3412 3473 3552 3528; x_wconf 88' lang='lat' dir='ltr'>etin</span> 
     </span>
    </p>
   </div>
   <div class='ocr_carea' id='block_1_84' title="bbox 1901 3561 3552 3629">
    <p class='ocr_par' dir='ltr' id='par_1_84' title="bbox 1901 3561 3552 3629">
     <span class='ocr_line' id='line_1_84' title="bbox 1901 3561 3552 3629; baseline -0.003 -7"><span class='ocrx_word' id='word_1_617' title='bbox 1901 3565 2124 3622; x_wconf 86' lang='lat' dir='ltr'>amoris</span> <span class='ocrx_word' id='word_1_618' title='bbox 2173 3565 2357 3629; x_wconf 87' lang='lat' dir='ltr'>initio,</span> <span class='ocrx_word' id='word_1_619' title='bbox 2391 3563 2544 3619; x_wconf 86' lang='lat' dir='ltr'>ferro</span> <span class='ocrx_word' id='word_1_620' title='bbox 2589 3563 2856 3628; x_wconf 85' lang='lat' dir='ltr'>conﬁcit;</span> <span class='ocrx_word' id='word_1_621' title='bbox 2891 3563 3143 3618; x_wconf 90' lang='lat' dir='ltr'>domum</span> <span class='ocrx_word' id='word_1_622' title='bbox 3187 3562 3402 3616; x_wconf 91' lang='lat' dir='ltr'>deinde</span> <span class='ocrx_word' id='word_1_623' title='bbox 3441 3561 3552 3617; x_wconf 90' lang='lat' dir='ltr'>sibi</span> 
     </span>
    </p>
   </div>
   <div class='ocr_carea' id='block_1_85' title="bbox 1901 3649 3553 3727">
    <p class='ocr_par' dir='ltr' id='par_1_85' title="bbox 1901 3649 3553 3727">
     <span class='ocr_line' id='line_1_85' title="bbox 1901 3649 3553 3727; baseline -0.004 -17"><span class='ocrx_word' id='word_1_624' title='bbox 1901 3655 2112 3727; x_wconf 85' lang='lat' dir='ltr'>aperiri</span> <span class='ocrx_word' id='word_1_625' title='bbox 2143 3654 2242 3709; x_wconf 90' lang='lat' dir='ltr'>illa</span> <span class='ocrx_word' id='word_1_626' title='bbox 2275 3653 2466 3723; x_wconf 83' lang='lat' dir='ltr'>jubet,</span> <span class='ocrx_word' id='word_1_627' title='bbox 2493 3655 2550 3706; x_wconf 88' lang='lat' dir='ltr'>et</span> <span class='ocrx_word' id='word_1_628' title='bbox 2581 3652 2658 3705; x_wconf 89' lang='lat' dir='ltr'>rei</span> <span class='ocrx_word' id='word_1_629' title='bbox 2690 3656 2867 3722; x_wconf 66' lang='lat' dir='ltr'>gestae</span> <span class='ocrx_word' id='word_1_630' title='bbox 2895 3651 3173 3720; x_wconf 86' lang='lat' dir='ltr'>ignarum</span> <span class='ocrx_word' id='word_1_631' title='bbox 3205 3649 3553 3704; x_wconf 76' lang='lat' dir='ltr'>Soraschum</span> 
     </span>
    </p>
   </div>
   <div class='ocr_carea' id='block_1_86' title="bbox 1903 3739 3554 3815">
    <p class='ocr_par' dir='ltr' id='par_1_86' title="bbox 1903 3739 3554 3815">
     <span class='ocr_line' id='line_1_86' title="bbox 1903 3739 3554 3815; baseline -0.007 -13"><span class='ocrx_word' id='word_1_632' title='bbox 1903 3745 1984 3802; x_wconf 91' lang='lat' dir='ltr'>ibi</span> <span class='ocrx_word' id='word_1_633' title='bbox 2030 3744 2390 3815; x_wconf 87' lang='lat' dir='ltr'>relinquens,</span> <span class='ocrx_word' id='word_1_634' title='bbox 2420 3741 2498 3796; x_wconf 91' lang='lat' dir='ltr'>ad</span> <span class='ocrx_word' id='word_1_635' title='bbox 2540 3739 2744 3794; x_wconf 81' lang='lat' dir='ltr'>rustici</span> <span class='ocrx_word' id='word_1_636' title='bbox 2781 3739 2966 3793; x_wconf 85' lang='lat' dir='ltr'>filiam</span> <span class='ocrx_word' id='word_1_637' title='bbox 3011 3741 3308 3810; x_wconf 89' lang='lat' dir='ltr'>properat.</span> <span class='ocrx_word' id='word_1_638' title='bbox 3338 3739 3554 3791; x_wconf 85' lang='lat' dir='ltr'>Verum</span> 
     </span>
    </p>
   </div>
   <div class='ocr_carea' id='block_1_87' title="bbox 1903 3825 3556 3904">
    <p class='ocr_par' dir='ltr' id='par_1_87' title="bbox 1903 3825 3556 3904">
     <span class='ocr_line' id='line_1_87' title="bbox 1903 3825 3556 3904; baseline -0.005 -15"><span class='ocrx_word' id='word_1_639' title='bbox 1903 3833 2142 3904; x_wconf 86' lang='lat' dir='ltr'>cognito</span> <span class='ocrx_word' id='word_1_640' title='bbox 2163 3831 2476 3887; x_wconf 81' lang='lat' dir='ltr'>Soraechus</span> <span class='ocrx_word' id='word_1_641' title='bbox 2500 3830 2631 3899; x_wconf 89' lang='lat' dir='ltr'>ejus</span> <span class='ocrx_word' id='word_1_642' title='bbox 2659 3829 2944 3892; x_wconf 89' lang='lat' dir='ltr'>discessu,</span> <span class='ocrx_word' id='word_1_643' title='bbox 2969 3843 3126 3898; x_wconf 90' lang='lat' dir='ltr'>pone</span> <span class='ocrx_word' id='word_1_644' title='bbox 3155 3825 3441 3898; x_wconf 89' lang='lat' dir='ltr'>sequitur,</span> <span class='ocrx_word' id='word_1_645' title='bbox 3463 3839 3556 3880; x_wconf 88' lang='lat' dir='ltr'>co-</span> 
     </span>
    </p>
   </div>
   <div class='ocr_carea' id='block_1_88' title="bbox 1905 3915 3556 3994">
    <p class='ocr_par' dir='ltr' id='par_1_88' title="bbox 1905 3915 3556 3994">
     <span class='ocr_line' id='line_1_88' title="bbox 1905 3915 3556 3994; baseline -0.007 -16"><span class='ocrx_word' id='word_1_646' title='bbox 1905 3925 2197 3994; x_wconf 87' lang='lat' dir='ltr'>mitesque</span> <span class='ocrx_word' id='word_1_647' title='bbox 2213 3935 2414 3974; x_wconf 88' lang='lat' dir='ltr'>secum</span> <span class='ocrx_word' id='word_1_648' title='bbox 2437 3917 2600 3972; x_wconf 84' lang='lat' dir='ltr'>ducit</span> <span class='ocrx_word' id='word_1_649' title='bbox 2618 3917 2690 3971; x_wconf 90' lang='lat' dir='ltr'>de</span> <span class='ocrx_word' id='word_1_650' title='bbox 2713 3916 2912 3987; x_wconf 90' lang='lat' dir='ltr'>Setapi</span> <span class='ocrx_word' id='word_1_651' title='bbox 2931 3915 3115 3970; x_wconf 86' lang='lat' dir='ltr'>servis</span> <span class='ocrx_word' id='word_1_652' title='bbox 3138 3915 3383 3985; x_wconf 89' lang='lat' dir='ltr'>aliquot,</span> <span class='ocrx_word' id='word_1_653' title='bbox 3403 3929 3556 3986; x_wconf 90' lang='lat' dir='ltr'>quos</span> 
     </span>
    </p>
   </div>
   <div class='ocr_carea' id='block_1_89' title="bbox 1904 4003 3556 4078">
    <p class='ocr_par' dir='ltr' id='par_1_89' title="bbox 1904 4003 3556 4078">
     <span class='ocr_line' id='line_1_89' title="bbox 1904 4003 3556 4078; baseline -0.007 -11"><span class='ocrx_word' id='word_1_654' title='bbox 1904 4019 1968 4067; x_wconf 90' lang='lat' dir='ltr'>ut</span> <span class='ocrx_word' id='word_1_655' title='bbox 1997 4009 2268 4078; x_wconf 57' lang='lat' dir='ltr'>agricola</span> <span class='ocrx_word' id='word_1_656' title='bbox 2299 4007 2434 4062; x_wconf 83' lang='lat' dir='ltr'>ﬁliae</span> <span class='ocrx_word' id='word_1_657' title='bbox 2463 4006 2686 4061; x_wconf 71' lang='lat' dir='ltr'>caedem</span> <span class='ocrx_word' id='word_1_658' title='bbox 2717 4005 3077 4075; x_wconf 84' lang='lat' dir='ltr'>prohiberet,</span> <span class='ocrx_word' id='word_1_659' title='bbox 3113 4003 3386 4058; x_wconf 86' lang='lat' dir='ltr'>mercede</span> <span class='ocrx_word' id='word_1_660' title='bbox 3418 4017 3556 4057; x_wconf 90' lang='lat' dir='ltr'>con-</span> 
     </span>
    </p>
   </div>
   <div class='ocr_carea' id='block_1_90' title="bbox 1905 4090 3562 4164">
    <p class='ocr_par' dir='ltr' id='par_1_90' title="bbox 1905 4090 3562 4164">
     <span class='ocr_line' id='line_1_90' title="bbox 1905 4090 3562 4164; baseline -0.007 -8"><span class='ocrx_word' id='word_1_661' title='bbox 1905 4101 2174 4156; x_wconf 83' lang='lat' dir='ltr'>duxerat.</span> <span class='ocrx_word' id='word_1_662' title='bbox 2223 4099 2544 4151; x_wconf 82' lang='lat' dir='ltr'>Assecutus</span> <span class='ocrx_word' id='word_1_663' title='bbox 2579 4093 2760 4162; x_wconf 87' lang='lat' dir='ltr'>igitur</span> <span class='ocrx_word' id='word_1_664' title='bbox 2803 4109 2938 4148; x_wconf 87' lang='lat' dir='ltr'>eam</span> <span class='ocrx_word' id='word_1_665' title='bbox 2978 4097 3263 4164; x_wconf 89' lang='lat' dir='ltr'>carpento</span> <span class='ocrx_word' id='word_1_666' title='bbox 3309 4090 3562 4161; x_wconf 86' lang='lat' dir='ltr'>imponit</span> 
     </span>
    </p>
   </div>
   <div class='ocr_carea' id='block_1_91' title="bbox 1907 4179 3566 4260">
    <p class='ocr_par' dir='ltr' id='par_1_91' title="bbox 1907 4179 3566 4260">
     <span class='ocr_line' id='line_1_91' title="bbox 1907 4179 3566 4260; baseline -0.007 -14"><span class='ocrx_word' id='word_1_667' title='bbox 1907 4193 2070 4260; x_wconf 91' lang='lat' dir='ltr'>(nam</span> <span class='ocrx_word' id='word_1_668' title='bbox 2101 4191 2156 4244; x_wconf 87' lang='lat' dir='ltr'>et</span> <span class='ocrx_word' id='word_1_669' title='bbox 2179 4187 2292 4242; x_wconf 88' lang='lat' dir='ltr'>hoc</span> <span class='ocrx_word' id='word_1_670' title='bbox 2317 4185 2428 4240; x_wconf 87' lang='lat' dir='ltr'>sibi</span> <span class='ocrx_word' id='word_1_671' title='bbox 2455 4183 2791 4256; x_wconf 86' lang='lat' dir='ltr'>paraverat)</span> <span class='ocrx_word' id='word_1_672' title='bbox 2819 4181 3000 4253; x_wconf 82' lang='lat' dir='ltr'>77a,</span> <span class='ocrx_word' id='word_1_673' title='bbox 3033 4197 3100 4236; x_wconf 88' lang='lat' dir='ltr'>ac</span> <span class='ocrx_word' id='word_1_674' title='bbox 3129 4185 3285 4236; x_wconf 91' lang='lat' dir='ltr'>retro</span> <span class='ocrx_word' id='word_1_675' title='bbox 3325 4179 3566 4236; x_wconf 88' lang='lat' dir='ltr'>reverti-</span> 
     </span>
    </p>
   </div>
   <div class='ocr_carea' id='block_1_92' title="bbox 1909 4269 3563 4341">
    <p class='ocr_par' dir='ltr' id='par_1_92' title="bbox 1909 4269 3563 4341">
     <span class='ocr_line' id='line_1_92' title="bbox 1909 4269 3563 4341; baseline -0.007 -5"><span class='ocrx_word' id='word_1_676' title='bbox 1909 4287 2020 4336; x_wconf 89' lang='lat' dir='ltr'>tur.</span> <span class='ocrx_word' id='word_1_677' title='bbox 2069 4275 2468 4334; x_wconf 82' lang='lat' dir='ltr'>Redeuntibus</span> <span class='ocrx_word' id='word_1_678' title='bbox 2513 4277 2712 4330; x_wconf 88' lang='lat' dir='ltr'>autem</span> <span class='ocrx_word' id='word_1_679' title='bbox 2745 4271 2876 4336; x_wconf 83' lang='lat' dir='ltr'>illis,</span> <span class='ocrx_word' id='word_1_680' title='bbox 2923 4270 3118 4326; x_wconf 62' lang='lat' dir='ltr'>caeteri</span> <span class='ocrx_word' id='word_1_681' title='bbox 3159 4269 3314 4325; x_wconf 87' lang='lat' dir='ltr'>servi</span> <span class='ocrx_word' id='word_1_682' title='bbox 3347 4271 3563 4341; x_wconf 89' lang='lat' dir='ltr'>Setapi,</span> 
     </span>
    </p>
   </div>
   <div class='ocr_carea' id='block_1_93' title="bbox 1909 4357 3569 4442">
    <p class='ocr_par' dir='ltr' id='par_1_93' title="bbox 1909 4357 3569 4442">
     <span class='ocr_line' id='line_1_93' title="bbox 1909 4357 3569 4442; baseline -0.008 -17"><span class='ocrx_word' id='word_1_683' title='bbox 1909 4369 2012 4442; x_wconf 92' lang='lat' dir='ltr'>qui</span> <span class='ocrx_word' id='word_1_684' title='bbox 2036 4369 2164 4440; x_wconf 88' lang='lat' dir='ltr'>jam</span> <span class='ocrx_word' id='word_1_685' title='bbox 2196 4365 2568 4420; x_wconf 82' lang='lat' dir='ltr'>interfectum</span> <span class='ocrx_word' id='word_1_686' title='bbox 2597 4363 2808 4418; x_wconf 90' lang='lat' dir='ltr'>herum</span> <span class='ocrx_word' id='word_1_687' title='bbox 2849 4359 3389 4431; x_wconf 78' lang='lat' dir='ltr'>deprehenderent,</span> <span class='ocrx_word' id='word_1_688' title='bbox 3423 4357 3569 4413; x_wconf 86' lang='lat' dir='ltr'>furi-</span> 
     </span>
    </p>
   </div>
   <div class='ocr_carea' id='block_1_94' title="bbox 197 4445 1790 4538">
    <p class='ocr_par' dir='ltr' id='par_1_94' title="bbox 197 4451 1790 4532">
     <span class='ocr_line' id='line_1_94' title="bbox 197 4451 1790 4532; baseline 0.003 -26"><span class='ocrx_word' id='word_1_689' title='bbox 197 4459 366 4526; x_wconf 71' lang='grc' dir='ltr'>τεῦτο)</span> <span class='ocrx_word' id='word_1_690' title='bbox 427 4459 520 4506; x_wconf 74' lang='grc' dir='ltr'>καὶ</span> <span class='ocrx_word' id='word_1_691' title='bbox 571 4451 840 4506; x_wconf 70' lang='grc' dir='ltr'>ἀπελαύνει</span> <span class='ocrx_word' id='word_1_692' title='bbox 887 4453 1076 4510; x_wconf 80' lang='grc' dir='ltr'>ὀπίσω.</span> <span class='ocrx_word' id='word_1_693' title='bbox 1118 4454 1562 4532; x_wconf 59' lang='grc' dir='ltr'>”ἴ’ποστρεφὸντων</span> <span class='ocrx_word' id='word_1_694' title='bbox 1603 4455 1662 4511; x_wconf 74' lang='grc' dir='ltr'>δὲ</span> <span class='ocrx_word' id='word_1_695' title='bbox 1715 4459 1790 4510; x_wconf 79' lang='grc' dir='ltr'>αύι</span> 
     </span>
    </p>
   </div>
   <div class='ocr_carea' id='block_1_95' title="bbox 1900 4445 3568 4538">
    <p class='ocr_par' dir='ltr' id='par_1_95' title="bbox 1911 4445 3568 4526">
     <span class='ocr_line' id='line_1_95' title="bbox 1911 4445 3568 4526; baseline -0.009 -11"><span class='ocrx_word' id='word_1_696' title='bbox 1911 4457 2100 4516; x_wconf 89' lang='lat' dir='ltr'>bundi</span> <span class='ocrx_word' id='word_1_697' title='bbox 2133 4459 2468 4518; x_wconf 88' lang='lat' dir='ltr'>accurrunt,</span> <span class='ocrx_word' id='word_1_698' title='bbox 2503 4459 2866 4526; x_wconf 88' lang='lat' dir='ltr'>captamque</span> <span class='ocrx_word' id='word_1_699' title='bbox 2893 4449 3199 4513; x_wconf 88' lang='lat' dir='ltr'>Sinonida,</span> <span class='ocrx_word' id='word_1_700' title='bbox 3233 4454 3288 4506; x_wconf 91' lang='lat' dir='ltr'>et</span> <span class='ocrx_word' id='word_1_701' title='bbox 3315 4445 3568 4504; x_wconf 87' lang='lat' dir='ltr'>vinculis</span> 
     </span>
    </p>
   </div>
   <div class='ocr_carea' id='block_1_96' title="bbox 199 4543 1802 4616">
    <p class='ocr_par' dir='ltr' id='par_1_96' title="bbox 199 4543 1802 4616">
     <span class='ocr_line' id='line_1_96' title="bbox 199 4543 1802 4616; baseline 0.004 -22"><span class='ocrx_word' id='word_1_702' title='bbox 199 4553 290 4594; x_wconf 67' lang='grc' dir='ltr'>τῶν</span> <span class='ocrx_word' id='word_1_703' title='bbox 343 4547 394 4595; x_wconf 80' lang='grc' dir='ltr'>οἱ</span> <span class='ocrx_word' id='word_1_704' title='bbox 445 4547 544 4594; x_wconf 84' lang='grc' dir='ltr'>τοῦ</span> <span class='ocrx_word' id='word_1_705' title='bbox 595 4543 834 4598; x_wconf 81' lang='grc' dir='ltr'>Σητάπον</span> <span class='ocrx_word' id='word_1_706' title='bbox 885 4544 1202 4616; x_wconf 70' lang='grc' dir='ltr'>θεράποντες,</span> <span class='ocrx_word' id='word_1_707' title='bbox 1239 4543 1345 4598; x_wconf 74' lang='grc' dir='ltr'>ἐπεὶ</span> <span class='ocrx_word' id='word_1_708' title='bbox 1403 4551 1490 4598; x_wconf 82' lang='grc' dir='ltr'>τόν</span> <span class='ocrx_word' id='word_1_709' title='bbox 1540 4544 1802 4607; x_wconf 79' lang='grc' dir='ltr'>δεσπότην</span> 
     </span>
    </p>
   </div>
   <div class='ocr_carea' id='block_1_97' title="bbox 205 4629 1804 4709">
    <p class='ocr_par' dir='ltr' id='par_1_97' title="bbox 205 4629 1804 4709">
     <span class='ocr_line' id='line_1_97' title="bbox 205 4629 1804 4709; baseline 0.005 -27"><span class='ocrx_word' id='word_1_710' title='bbox 205 4633 518 4704; x_wconf 55' lang='grc' dir='ltr'>ἀνῃρημένον</span> <span class='ocrx_word' id='word_1_711' title='bbox 579 4629 878 4698; x_wconf 74' lang='grc' dir='ltr'>ὗθειίσαντο,</span> <span class='ocrx_word' id='word_1_712' title='bbox 963 4633 1266 4692; x_wconf 81' lang='grc' dir='ltr'>ἀπήντησαν</span> <span class='ocrx_word' id='word_1_713' title='bbox 1323 4637 1654 4709; x_wconf 80' lang='grc' dir='ltr'>ὠργισμένοι,</span> <span class='ocrx_word' id='word_1_714' title='bbox 1715 4643 1804 4690; x_wconf 84' lang='grc' dir='ltr'>καὶ</span> 
     </span>
    </p>
   </div>
   <div class='ocr_carea' id='block_1_98' title="bbox 207 4717 1802 4801">
    <p class='ocr_par' dir='ltr' id='par_1_98' title="bbox 207 4717 1802 4801">
     <span class='ocr_line' id='line_1_98' title="bbox 207 4717 1802 4801; baseline 0.006 -30"><span class='ocrx_word' id='word_1_715' title='bbox 207 4721 544 4780; x_wconf 58' lang='grc' dir='ltr'>συλλαϐόντες</span> <span class='ocrx_word' id='word_1_716' title='bbox 599 4717 854 4774; x_wconf 82' lang='grc' dir='ltr'>Σινωνίδα</span> <span class='ocrx_word' id='word_1_717' title='bbox 903 4727 994 4774; x_wconf 80' lang='grc' dir='ltr'>καὶ</span> <span class='ocrx_word' id='word_1_718' title='bbox 1047 4719 1322 4790; x_wconf 80' lang='grc' dir='ltr'>δήσαντες,</span> <span class='ocrx_word' id='word_1_719' title='bbox 1367 4721 1492 4796; x_wconf 78' lang='grc' dir='ltr'>ἦγον</span> <span class='ocrx_word' id='word_1_720' title='bbox 1531 4726 1614 4780; x_wconf 85' lang='grc' dir='ltr'>ἐπὶ</span> <span class='ocrx_word' id='word_1_721' title='bbox 1675 4730 1802 4801; x_wconf 78' lang='grc' dir='ltr'>Γάρ-</span> 
     </span>
    </p>
   </div>
   <div class='ocr_carea' id='block_1_99' title="bbox 209 4805 1807 4889">
    <p class='ocr_par' dir='ltr' id='par_1_99' title="bbox 209 4805 1807 4889">
     <span class='ocr_line' id='line_1_99' title="bbox 209 4805 1807 4889; baseline 0.007 -31"><span class='ocrx_word' id='word_1_722' title='bbox 209 4829 296 4878; x_wconf 63' lang='grc' dir='ltr'>εισι</span> <span class='ocrx_word' id='word_1_723' title='bbox 347 4813 414 4870; x_wconf 67' lang='grc' dir='ltr'>ὡς</span> <span class='ocrx_word' id='word_1_724' title='bbox 471 4805 792 4882; x_wconf 70' lang='grc' dir='ltr'>ἀνδροφόνον</span> <span class='ocrx_word' id='word_1_725' title='bbox 847 4809 1335 4884; x_wconf 78' lang='grc' dir='ltr'>κολασθησομένην.</span> <span class='ocrx_word' id='word_1_726' title='bbox 1395 4819 1494 4867; x_wconf 81' lang='grc' dir='ltr'>Καὶ</span> <span class='ocrx_word' id='word_1_727' title='bbox 1553 4821 1807 4889; x_wconf 85' lang='grc' dir='ltr'>Σόραιχος</span> 
     </span>
    </p>
   </div>
   <div class='ocr_carea' id='block_1_100' title="bbox 207 4896 1807 4968">
    <p class='ocr_par' dir='ltr' id='par_1_100' title="bbox 207 4896 1807 4968">
     <span class='ocr_line' id='line_1_100' title="bbox 207 4896 1807 4968; baseline 0.008 -20"><span class='ocrx_word' id='word_1_728' title='bbox 207 4897 274 4954; x_wconf 72' lang='grc' dir='ltr'>ἓν</span> <span class='ocrx_word' id='word_1_729' title='bbox 319 4897 540 4968; x_wconf 74' lang='grc' dir='ltr'>ἅγγελος</span> <span class='ocrx_word' id='word_1_730' title='bbox 591 4896 824 4951; x_wconf 71' lang='grc' dir='ltr'>Ῥοδοίνει</span> <span class='ocrx_word' id='word_1_731' title='bbox 875 4907 972 4952; x_wconf 83' lang='grc' dir='ltr'>τῶν</span> <span class='ocrx_word' id='word_1_732' title='bbox 1020 4909 1213 4968; x_wconf 86' lang='grc' dir='ltr'>κακῶν,</span> <span class='ocrx_word' id='word_1_733' title='bbox 1253 4907 1394 4955; x_wconf 88' lang='grc' dir='ltr'>κόνιν</span> <span class='ocrx_word' id='word_1_734' title='bbox 1432 4924 1483 4957; x_wconf 82' lang='grc' dir='ltr'>τε</span> <span class='ocrx_word' id='word_1_735' title='bbox 1530 4909 1666 4958; x_wconf 85' lang='grc' dir='ltr'>κατὰ</span> <span class='ocrx_word' id='word_1_736' title='bbox 1711 4915 1807 4966; x_wconf 74' lang='grc' dir='ltr'>τῆς</span> 
     </span>
    </p>
   </div>
   <div class='ocr_carea' id='block_1_101' title="bbox 207 4989 1804 5070">
    <p class='ocr_par' dir='ltr' id='par_1_101' title="bbox 207 4989 1804 5070">
     <span class='ocr_line' id='line_1_101' title="bbox 207 4989 1804 5070; baseline 0.008 -34"><span class='ocrx_word' id='word_1_737' title='bbox 207 4989 428 5056; x_wconf 46' lang='lat' dir='ltr'>mapali;</span> <span class='ocrx_word' id='word_1_738' title='bbox 479 4991 780 5062; x_wconf 72' lang='grc' dir='ltr'>πασάμενος</span> <span class='ocrx_word' id='word_1_739' title='bbox 845 4993 938 5042; x_wconf 83' lang='grc' dir='ltr'>καὶ</span> <span class='ocrx_word' id='word_1_740' title='bbox 989 4995 1076 5043; x_wconf 88' lang='grc' dir='ltr'>τὸν</span> <span class='ocrx_word' id='word_1_741' title='bbox 1157 4989 1354 5045; x_wconf 71' lang='grc' dir='ltr'>κάνδυν</span> <span class='ocrx_word' id='word_1_742' title='bbox 1437 4993 1804 5070; x_wconf 71' lang='grc' dir='ltr'>περιερρηγμέ-</span> 
     </span>
    </p>
   </div>
   <div class='ocr_carea' id='block_1_102' title="bbox 203 5076 1806 5157">
    <p class='ocr_par' dir='ltr' id='par_1_102' title="bbox 203 5076 1806 5157">
     <span class='ocr_line' id='line_1_102' title="bbox 203 5076 1806 5157; baseline 0.004 -26"><span class='ocrx_word' id='word_1_743' title='bbox 203 5095 292 5136; x_wconf 62' lang='grc' dir='ltr'>νος</span> <span class='ocrx_word' id='word_1_744' title='bbox 341 5081 384 5132; x_wconf 76' lang='grc'>⁸.</span> <span class='ocrx_word' id='word_1_745' title='bbox 445 5081 546 5132; x_wconf 73' lang='grc' dir='ltr'>Καὶ</span> <span class='ocrx_word' id='word_1_746' title='bbox 599 5076 852 5141; x_wconf 70' lang='grc' dir='ltr'>Ῥοδάνης</span> <span class='ocrx_word' id='word_1_747' title='bbox 901 5078 1127 5156; x_wconf 81' lang='grc' dir='ltr'>ἀναιρεῖν</span> <span class='ocrx_word' id='word_1_748' title='bbox 1186 5081 1366 5136; x_wconf 76' lang='grc' dir='ltr'>ἑαυτὸν</span> <span class='ocrx_word' id='word_1_749' title='bbox 1421 5085 1561 5157; x_wconf 77' lang='grc' dir='ltr'>ὁρμᾷ</span> <span class='ocrx_word' id='word_1_750' title='bbox 1609 5089 1652 5120; x_wconf 85' lang='grc'>³·</span> <span class='ocrx_word' id='word_1_751' title='bbox 1701 5085 1806 5138; x_wconf 78' lang='grc' dir='ltr'>ἀλλ’</span> 
     </span>
    </p>
   </div>
   <div class='ocr_carea' id='block_1_103' title="bbox 1913 4538 3571 4617">
    <p class='ocr_par' dir='ltr' id='par_1_103' title="bbox 1913 4538 3571 4617">
     <span class='ocr_line' id='line_1_103' title="bbox 1913 4538 3571 4617; baseline -0.008 -13"><span class='ocrx_word' id='word_1_752' title='bbox 1913 4547 2276 4617; x_wconf 80' lang='lat' dir='ltr'>colligatum,</span> <span class='ocrx_word' id='word_1_753' title='bbox 2321 4544 2400 4600; x_wconf 89' lang='lat' dir='ltr'>ad</span> <span class='ocrx_word' id='word_1_754' title='bbox 2445 4545 2726 4598; x_wconf 84' lang='lat' dir='ltr'>Garmum</span> <span class='ocrx_word' id='word_1_755' title='bbox 2789 4540 2969 4595; x_wconf 89' lang='lat' dir='ltr'>veluti</span> <span class='ocrx_word' id='word_1_756' title='bbox 3019 4538 3330 4594; x_wconf 89' lang='lat' dir='ltr'>homicidii</span> <span class='ocrx_word' id='word_1_757' title='bbox 3383 4553 3571 4604; x_wconf 88' lang='lat' dir='ltr'>ream,</span> 
     </span>
    </p>
   </div>
   <div class='ocr_carea' id='block_1_104' title="bbox 1913 4625 3576 4712">
    <p class='ocr_par' dir='ltr' id='par_1_104' title="bbox 1913 4625 3576 4712">
     <span class='ocr_line' id='line_1_104' title="bbox 1913 4625 3576 4712; baseline -0.01 -18"><span class='ocrx_word' id='word_1_758' title='bbox 1913 4651 2246 4712; x_wconf 69' lang='lat' dir='ltr'>poenasque</span> <span class='ocrx_word' id='word_1_759' title='bbox 2259 4635 2537 4690; x_wconf 88' lang='lat' dir='ltr'>daturam</span> <span class='ocrx_word' id='word_1_760' title='bbox 2559 4632 2802 4686; x_wconf 90' lang='lat' dir='ltr'>ducunt.</span> <span class='ocrx_word' id='word_1_761' title='bbox 2820 4628 3135 4684; x_wconf 72' lang='lat' dir='ltr'>Soraechus</span> <span class='ocrx_word' id='word_1_762' title='bbox 3153 4641 3316 4696; x_wconf 87' lang='lat' dir='ltr'>ergo,</span> <span class='ocrx_word' id='word_1_763' title='bbox 3332 4625 3576 4698; x_wconf 86' lang='lat' dir='ltr'>pulvere</span> 
     </span>
    </p>
   </div>
   <div class='ocr_carea' id='block_1_105' title="bbox 1915 4713 3578 4800">
    <p class='ocr_par' dir='ltr' id='par_1_105' title="bbox 1915 4713 3578 4800">
     <span class='ocr_line' id='line_1_105' title="bbox 1915 4713 3578 4800; baseline -0.01 -16"><span class='ocrx_word' id='word_1_764' title='bbox 1915 4743 2201 4800; x_wconf 84' lang='lat' dir='ltr'>aspersus</span> <span class='ocrx_word' id='word_1_765' title='bbox 2224 4729 2422 4796; x_wconf 88' lang='lat' dir='ltr'>caput,</span> <span class='ocrx_word' id='word_1_766' title='bbox 2437 4727 2494 4778; x_wconf 88' lang='lat' dir='ltr'>et</span> <span class='ocrx_word' id='word_1_767' title='bbox 2512 4723 2624 4794; x_wconf 77' lang='lat'>(65)</span> <span class='ocrx_word' id='word_1_768' title='bbox 2645 4721 2893 4776; x_wconf 61' lang='lat' dir='ltr'>Persicae</span> <span class='ocrx_word' id='word_1_769' title='bbox 2915 4717 3216 4774; x_wconf 88' lang='lat' dir='ltr'>involutus</span> <span class='ocrx_word' id='word_1_770' title='bbox 3234 4715 3474 4780; x_wconf 83' lang='lat' dir='ltr'>tunicae,</span> <span class='ocrx_word' id='word_1_771' title='bbox 3499 4713 3578 4769; x_wconf 91' lang='lat' dir='ltr'>ad</span> 
     </span>
    </p>
   </div>
   <div class='ocr_carea' id='block_1_106' title="bbox 1917 4803 3583 4879">
    <p class='ocr_par' dir='ltr' id='par_1_106' title="bbox 1917 4803 3583 4879">
     <span class='ocr_line' id='line_1_106' title="bbox 1917 4803 3583 4879; baseline -0.01 -5"><span class='ocrx_word' id='word_1_772' title='bbox 1917 4816 2268 4874; x_wconf 81' lang='lat' dir='ltr'>Rhodanem</span> <span class='ocrx_word' id='word_1_773' title='bbox 2295 4811 2688 4868; x_wconf 90' lang='lat' dir='ltr'>infortunium</span> <span class='ocrx_word' id='word_1_774' title='bbox 2719 4809 2917 4864; x_wconf 88' lang='lat' dir='ltr'>refert.</span> <span class='ocrx_word' id='word_1_775' title='bbox 2953 4807 3044 4862; x_wconf 87' lang='lat' dir='ltr'>Ad</span> <span class='ocrx_word' id='word_1_776' title='bbox 3073 4821 3210 4879; x_wconf 68' lang='lat' dir='ltr'>qure</span> <span class='ocrx_word' id='word_1_777' title='bbox 3241 4807 3394 4861; x_wconf 89' lang='lat' dir='ltr'>certe</span> <span class='ocrx_word' id='word_1_778' title='bbox 3427 4803 3583 4860; x_wconf 78' lang='lat' dir='ltr'>Rho-</span> 
     </span>
    </p>
   </div>
   <div class='ocr_carea' id='block_1_107' title="bbox 1917 4893 3584 4964">
    <p class='ocr_par' dir='ltr' id='par_1_107' title="bbox 1917 4893 3584 4964">
     <span class='ocr_line' id='line_1_107' title="bbox 1917 4893 3584 4964; baseline -0.01 -2"><span class='ocrx_word' id='word_1_779' title='bbox 1917 4907 2107 4964; x_wconf 88' lang='lat' dir='ltr'>danes</span> <span class='ocrx_word' id='word_1_780' title='bbox 2136 4919 2345 4960; x_wconf 90' lang='lat' dir='ltr'>necem</span> <span class='ocrx_word' id='word_1_781' title='bbox 2377 4901 2488 4956; x_wconf 89' lang='lat' dir='ltr'>sibi</span> <span class='ocrx_word' id='word_1_782' title='bbox 2518 4899 2919 4964; x_wconf 86' lang='lat' dir='ltr'>conscivisset,</span> <span class='ocrx_word' id='word_1_783' title='bbox 2954 4897 3015 4951; x_wconf 89' lang='lat' dir='ltr'>ni</span> <span class='ocrx_word' id='word_1_784' title='bbox 3063 4895 3374 4952; x_wconf 78' lang='lat' dir='ltr'>Sorzechus</span> <span class='ocrx_word' id='word_1_785' title='bbox 3404 4893 3584 4948; x_wconf 88' lang='lat' dir='ltr'>obsti-</span> 
     </span>
    </p>
   </div>
   <div class='ocr_carea' id='block_1_108' title="bbox 1919 4981 3586 5061">
    <p class='ocr_par' dir='ltr' id='par_1_108' title="bbox 1919 4981 3586 5061">
     <span class='ocr_line' id='line_1_108' title="bbox 1919 4981 3586 5061; baseline -0.011 -9"><span class='ocrx_word' id='word_1_786' title='bbox 1919 4997 2107 5061; x_wconf 87' lang='lat' dir='ltr'>tisset,</span> <span class='ocrx_word' id='word_1_787' title='bbox 2155 4993 2410 5047; x_wconf 86' lang='lat' dir='ltr'>Garmus</span> <span class='ocrx_word' id='word_1_788' title='bbox 2457 4988 2712 5054; x_wconf 90' lang='lat' dir='ltr'>interim,</span> <span class='ocrx_word' id='word_1_789' title='bbox 2761 4985 3019 5058; x_wconf 86' lang='lat' dir='ltr'>acceptis</span> <span class='ocrx_word' id='word_1_790' title='bbox 3075 4987 3237 5041; x_wconf 67' lang='lat' dir='ltr'>Saeua</span> <span class='ocrx_word' id='word_1_791' title='bbox 3285 4981 3486 5038; x_wconf 89' lang='lat' dir='ltr'>litteris</span> <span class='ocrx_word' id='word_1_792' title='bbox 3511 4981 3586 5036; x_wconf 89' lang='lat' dir='ltr'>de</span> 
     </span>
    </p>
   </div>
   <div class='ocr_carea' id='block_1_109' title="bbox 1922 5073 3585 5156">
    <p class='ocr_par' dir='ltr' id='par_1_109' title="bbox 1922 5073 3585 5156">
     <span class='ocr_line' id='line_1_109' title="bbox 1922 5073 3585 5156; baseline -0.008 -15"><span class='ocrx_word' id='word_1_793' title='bbox 1922 5088 2098 5156; x_wconf 86' lang='lat' dir='ltr'>capto</span> <span class='ocrx_word' id='word_1_794' title='bbox 2119 5081 2423 5145; x_wconf 82' lang='lat' dir='ltr'>Rhodane,</span> <span class='ocrx_word' id='word_1_795' title='bbox 2447 5083 2506 5134; x_wconf 90' lang='lat' dir='ltr'>et</span> <span class='ocrx_word' id='word_1_796' title='bbox 2523 5077 2604 5134; x_wconf 89' lang='lat' dir='ltr'>ab</span> <span class='ocrx_word' id='word_1_797' title='bbox 2617 5075 2918 5134; x_wconf 87' lang='lat' dir='ltr'>aurifabro</span> <span class='ocrx_word' id='word_1_798' title='bbox 2941 5075 3018 5132; x_wconf 92' lang='lat' dir='ltr'>de</span> <span class='ocrx_word' id='word_1_799' title='bbox 3035 5073 3320 5130; x_wconf 90' lang='lat' dir='ltr'>Sinonide</span> <span class='ocrx_word' id='word_1_800' title='bbox 3339 5073 3585 5128; x_wconf 62' lang='lat' dir='ltr'>retenta,</span> 
     </span>
    </p>
   </div>
   <div class='ocr_carea' id='block_1_110' title="bbox 1557 5209 2231 5270">
    <p class='ocr_par' dir='ltr' id='par_1_110' title="bbox 1557 5209 2231 5270">
     <span class='ocr_line' id='line_1_110' title="bbox 1557 5209 2231 5270; baseline -0.01 -3"><span class='ocrx_word' id='word_1_801' title='bbox 1557 5211 1786 5270; x_wconf 74' lang='lat' dir='ltr'><strong>VARLE</strong></span> <span class='ocrx_word' id='word_1_802' title='bbox 1827 5209 2231 5270; x_wconf 84' lang='lat' dir='ltr'>LECTIONES.</span> 
     </span>
    </p>
   </div>
   <div class='ocr_carea' id='block_1_111' title="bbox 291 5343 964 5416">
    <p class='ocr_par' dir='ltr' id='par_1_111' title="bbox 291 5343 964 5416">
     <span class='ocr_line' id='line_1_111' title="bbox 291 5343 964 5416; baseline 0.009 -18"><span class='ocrx_word' id='word_1_803' title='bbox 291 5343 336 5381; x_wconf 75' lang='lat'><strong>&quot;</strong></span> <span class='ocrx_word' id='word_1_804' title='bbox 355 5345 516 5399; x_wconf 61' lang='grc' dir='ltr'>λαϐὼν</span> <span class='ocrx_word' id='word_1_805' title='bbox 547 5357 582 5402; x_wconf 78' lang='grc' dir='ltr'><strong>Ρ</strong></span> <span class='ocrx_word' id='word_1_806' title='bbox 611 5365 624 5404; x_wconf 90' lang='lat'>:</span> <span class='ocrx_word' id='word_1_807' title='bbox 660 5347 854 5402; x_wconf 70' lang='grc' dir='ltr'>ἀνελὼν</span> <span class='ocrx_word' id='word_1_808' title='bbox 911 5369 964 5416; x_wconf 76' lang='grc' dir='ltr'>ς’.</span> 
     </span>
    </p>
   </div>
   <div class='ocr_carea' id='block_1_112' title="bbox 1081 5351 1566 5426">
    <p class='ocr_par' dir='ltr' id='par_1_112' title="bbox 1081 5351 1566 5426">
     <span class='ocr_line' id='line_1_112' title="bbox 1081 5351 1566 5426; baseline 0.004 -22"><span class='ocrx_word' id='word_1_809' title='bbox 1081 5354 1128 5388; x_wconf 75' lang='grc'>³⁸</span> <span class='ocrx_word' id='word_1_810' title='bbox 1157 5351 1478 5426; x_wconf 79' lang='grc' dir='ltr'>καλουμένης</span> <span class='ocrx_word' id='word_1_811' title='bbox 1512 5377 1566 5421; x_wconf 74' lang='grc' dir='ltr'>ς.</span> 
     </span>
    </p>
   </div>
   <div class='ocr_carea' id='block_1_113' title="bbox 213 5421 745 5490">
    <p class='ocr_par' dir='ltr' id='par_1_113' title="bbox 213 5421 745 5490">
     <span class='ocr_line' id='line_1_113' title="bbox 213 5421 745 5490; baseline 0.011 -21"><span class='ocrx_word' id='word_1_812' title='bbox 213 5421 266 5450; x_wconf 54' lang='lat'>&quot;3</span> <span class='ocrx_word' id='word_1_813' title='bbox 303 5438 416 5490; x_wconf 75' lang='grc' dir='ltr'>προς</span> <span class='ocrx_word' id='word_1_814' title='bbox 447 5423 648 5482; x_wconf 75' lang='grc' dir='ltr'>τούτοις</span> <span class='ocrx_word' id='word_1_815' title='bbox 681 5430 745 5475; x_wconf 83' lang='grc' dir='ltr'>Α.</span> 
     </span>
    </p>
   </div>
   <div class='ocr_carea' id='block_1_114' title="bbox 829 5425 1520 5482">
    <p class='ocr_par' dir='ltr' id='par_1_114' title="bbox 829 5425 1520 5482">
     <span class='ocr_line' id='line_1_114' title="bbox 829 5425 1520 5482; baseline 0.013 -9"><span class='ocrx_word' id='word_1_816' title='bbox 829 5425 846 5458; x_wconf 73' lang='grc' dir='ltr'>ί</span> <span class='ocrx_word' id='word_1_817' title='bbox 881 5427 1061 5474; x_wconf 87' lang='grc' dir='ltr'>πίστιν</span> <span class='ocrx_word' id='word_1_818' title='bbox 1088 5429 1178 5477; x_wconf 83' lang='grc' dir='ltr'>καὶ</span> <span class='ocrx_word' id='word_1_819' title='bbox 1201 5425 1426 5479; x_wconf 85' lang='grc' dir='ltr'>καταστ.</span> <span class='ocrx_word' id='word_1_820' title='bbox 1462 5449 1520 5482; x_wconf 76' lang='grc' dir='ltr'>ς’.</span> 
     </span>
    </p>
   </div>
   <div class='ocr_carea' id='block_1_115' title="bbox 1680 5347 2624 5428">
    <p class='ocr_par' dir='ltr' id='par_1_115' title="bbox 1680 5347 2624 5428">
     <span class='ocr_line' id='line_1_115' title="bbox 1680 5347 2624 5428; baseline -0.011 -17"><span class='ocrx_word' id='word_1_821' title='bbox 1680 5357 1728 5392; x_wconf 72' lang='grc'>⁸⁷</span> <span class='ocrx_word' id='word_1_822' title='bbox 1757 5359 1812 5410; x_wconf 89' lang='grc' dir='ltr'>αἱ</span> <span class='ocrx_word' id='word_1_823' title='bbox 1837 5355 2100 5428; x_wconf 82' lang='grc' dir='ltr'>ἔκθεσμοι]</span> <span class='ocrx_word' id='word_1_824' title='bbox 2131 5356 2220 5415; x_wconf 82' lang='grc' dir='ltr'>τὰς</span> <span class='ocrx_word' id='word_1_825' title='bbox 2255 5350 2531 5428; x_wconf 78' lang='grc' dir='ltr'>ἐκθέσμους</span> <span class='ocrx_word' id='word_1_826' title='bbox 2560 5347 2624 5401; x_wconf 79' lang='grc' dir='ltr'>Δ.</span> 
     </span>
    </p>
   </div>
   <div class='ocr_carea' id='block_1_116' title="bbox 1462 5417 2823 5504">
    <p class='ocr_par' dir='ltr' id='par_1_116' title="bbox 1462 5417 2823 5504">
     <span class='ocr_line' id='line_1_116' title="bbox 1462 5417 2823 5504; baseline -0.012 -21"><span class='ocrx_word' id='word_1_827' title='bbox 1462 5417 1533 5492; x_wconf 31' lang='grc' dir='ltr'>ς·.ν</span> <span class='ocrx_word' id='word_1_828' title='bbox 1601 5429 1622 5464; x_wconf 83' lang='grc'>²</span> <span class='ocrx_word' id='word_1_829' title='bbox 1653 5417 2160 5504; x_wconf 61' lang='grc' dir='ltr'>περιερριμμένοξς.</span> <span class='ocrx_word' id='word_1_830' title='bbox 2239 5429 2258 5459; x_wconf 84' lang='grc'>³</span> <span class='ocrx_word' id='word_1_831' title='bbox 2290 5417 2428 5496; x_wconf 73' lang='grc' dir='ltr'>ὁρμᾷ</span> <span class='ocrx_word' id='word_1_832' title='bbox 2451 5425 2490 5472; x_wconf 78' lang='grc' dir='ltr'><strong>Α</strong></span> <span class='ocrx_word' id='word_1_833' title='bbox 2528 5437 2539 5474; x_wconf 93' lang='lat'>:</span> <span class='ocrx_word' id='word_1_834' title='bbox 2571 5417 2738 5490; x_wconf 84' lang='grc' dir='ltr'>τολμᾷ</span> <span class='ocrx_word' id='word_1_835' title='bbox 2769 5439 2823 5482; x_wconf 75' lang='grc' dir='ltr'>ς.</span> 
     </span>
    </p>
   </div>
   <div class='ocr_carea' id='block_1_117' title="bbox 2739 5339 3595 5416">
    <p class='ocr_par' dir='ltr' id='par_1_117' title="bbox 2739 5339 3595 5416">
     <span class='ocr_line' id='line_1_117' title="bbox 2739 5339 3595 5416; baseline -0.008 -18"><span class='ocrx_word' id='word_1_836' title='bbox 2739 5345 2788 5382; x_wconf 68' lang='grc'>9⁸</span> <span class='ocrx_word' id='word_1_837' title='bbox 2821 5343 3004 5397; x_wconf 82' lang='grc' dir='ltr'>ἑαυτοῦ</span> <span class='ocrx_word' id='word_1_838' title='bbox 3037 5339 3504 5416; x_wconf 74' lang='grc' dir='ltr'>διαχειρισαμένου</span> <span class='ocrx_word' id='word_1_839' title='bbox 3538 5361 3595 5404; x_wconf 75' lang='grc' dir='ltr'>ς.</span> 
     </span>
    </p>
   </div>
   <div class='ocr_carea' id='block_1_118' title="bbox 1789 5573 2024 5629">
    <p class='ocr_par' dir='ltr' id='par_1_118' title="bbox 1789 5573 2024 5629">
     <span class='ocr_line' id='line_1_118' title="bbox 1789 5573 2024 5629; baseline -0.004 0"><span class='ocrx_word' id='word_1_840' title='bbox 1789 5573 2024 5629; x_wconf 70' lang='grc' dir='ltr'>ΝΟΤᾹΞ.</span> 
     </span>
    </p>
   </div>
   <div class='ocr_carea' id='block_1_119' title="bbox 307 5703 3500 5788">
    <p class='ocr_par' dir='ltr' id='par_1_119' title="bbox 307 5703 3500 5788">
     <span class='ocr_line' id='line_1_119' title="bbox 307 5703 3500 5788; baseline -0.008 -9"><span class='ocrx_word' id='word_1_841' title='bbox 307 5703 412 5774; x_wconf 69' lang='grc'><strong>(⁵⁵)</strong></span> <span class='ocrx_word' id='word_1_842' title='bbox 453 5709 535 5759; x_wconf 63' lang='grc' dir='ltr'>τὸν</span> <span class='ocrx_word' id='word_1_843' title='bbox 563 5704 776 5760; x_wconf 69' lang='grc' dir='ltr'>κανδύν</span> <span class='ocrx_word' id='word_1_844' title='bbox 807 5709 1230 5786; x_wconf 75' lang='grc' dir='ltr'>περιερῥιμμένος</span> <span class='ocrx_word' id='word_1_845' title='bbox 1253 5711 1398 5772; x_wconf 89' lang='lat' dir='ltr'>Vide</span> <span class='ocrx_word' id='word_1_846' title='bbox 1421 5713 1662 5784; x_wconf 89' lang='lat' dir='ltr'>Polluc.,</span> <span class='ocrx_word' id='word_1_847' title='bbox 1697 5714 1864 5788; x_wconf 81' lang='lat' dir='ltr'>Bayf.</span> <span class='ocrx_word' id='word_1_848' title='bbox 1906 5717 1962 5771; x_wconf 90' lang='lat' dir='ltr'>et</span> <span class='ocrx_word' id='word_1_849' title='bbox 1981 5717 2116 5772; x_wconf 88' lang='lat' dir='ltr'>ante</span> <span class='ocrx_word' id='word_1_850' title='bbox 2139 5709 2290 5768; x_wconf 87' lang='lat' dir='ltr'>alios</span> <span class='ocrx_word' id='word_1_851' title='bbox 2323 5708 2563 5766; x_wconf 84' lang='lat' dir='ltr'>doctiss.</span> <span class='ocrx_word' id='word_1_852' title='bbox 2593 5705 2854 5764; x_wconf 90' lang='lat' dir='ltr'>Brisson.</span> <span class='ocrx_word' id='word_1_853' title='bbox 2885 5703 3263 5764; x_wconf 79' lang='lat' dir='ltr'>Persicorum</span> <span class='ocrx_word' id='word_1_854' title='bbox 3295 5721 3308 5757; x_wconf 83' lang='lat'>1</span> <span class='ocrx_word' id='word_1_855' title='bbox 3339 5707 3396 5757; x_wconf 88' lang='lat' dir='ltr'>et</span> <span class='ocrx_word' id='word_1_856' title='bbox 3421 5715 3500 5756; x_wconf 85' lang='grc' dir='ltr'>ιιι.</span> 
     </span>
    </p>
   </div>
  </div>
