4036 6214
155 273 250 327 337
1325 272 1818 330 BIBLlOTHECA.
1861 303 1929 313 -—
1969 272 2133 329 COD.
2175 276 2353 334 XCIV.
3428 281 3533 337 338

161 405 244 451 τοῦ
276 400 504 461 στήθους
562 399 998 472 παρωᾷήχουσαν
1028 399 1069 433 ¹¹
1127 398 1175 466 (ὁ
1242 401 1494 471 Σὸραιχος
1535 403 1636 471 γὰρ
1687 398 1755 450 ἐπὶ

1941 398 2116 456 echus
2147 400 2308 456 enim
2341 401 2640 458 medicum
2671 403 3023 459 accersitum
3047 403 3209 473 ierat)
3251 404 3448 460 furore
3478 409 3535 461 et

158 490 380 549 ζήτησιν
455 488 634 561 ἰατροῦ
731 489 915 561 ἐξῄει),
989 487 1151 560 ὀργῆς
1202 505 1256 538 τε
1302 493 1390 539 καὶ
1456 488 1745 548 ζηλοτυπία

1938 487 2170 560 :lotypia
2198 491 2390 563 magis
2446 492 2712 557 incensa,
2745 492 2803 547 in
2835 491 3094 564 puellam
3143 509 3279 549 cum
3307 493 3532 566 impetu

156 577 340 648 μᾶλλον
376 576 702 650 ἐμπίπλαται
765 583 852 630 xui
909 579 1046 649 ὁρμᾷ
1085 579 1220 628 κατὰ
1269 583 1366 638 τῆς
1407 581 1582 652 κόρης.
1613 578 1672 630 '0
1713 575 1748 629 δ

1936 577 2015 632 iit.
2058 580 2130 632 At
2160 578 2499 645 Rhodanes,
2557 580 2816 637 collectis
2868 581 2944 636 ad
3005 597 3139 636 eam
3191 582 3530 637 violentiam

155 663 398 728 Ῥοδάνης
429 669 531 720 ὑπὸ
585 676 675 728 τῆς
733 666 855 742 βίας
901 671 1146 742 κρείττων
1203 673 1295 717 τοῦ
1347 670 1644 741 τραύματος
1689 686 1749 738 γε

1935 667 2156 722 onnihil
2186 683 2222 723 a
2250 668 2492 724 vulnere
2512 669 2761 733 viribus,
2790 671 3064 735 accurrit,
3091 671 3420 741 avertitque
3452 671 3529 726 ab

158 763 318 828 γονὼς
373 759 580 815 ὑπήντα
633 763 722 810 καὶ
781 756 969 808 ἐκώλυε
1034 759 1128 812 τὴν
1201 752 1472 820 Σινωνίδα,
1519 759 1576 807 τὸ
1628 756 1742 826 ξίφο

1945 772 1979 811 a
2003 755 2311 824 Sinonida,
2354 763 2410 813 et
2440 759 2663 813 ferrum
2688 758 2920 829 eripuit.
2951 758 3053 813 Illa
3080 758 3257 827 igitur
3287 776 3410 831 pt‘te
3444 760 3531 816 ira

159 846 401 920 ἁρπάσας
457 846 546 896 ἀπ’
607 847 792 908 αὐτῆς.
850 845 908 900 Ἡ
965 841 1024 896 δὲ
1080 842 1167 894 ὑπ’
1207 843 1368 918 ὀργῆς
1415 841 1753 902 ἐκπηδήσασι

1935 845 2182 901 amicilio
2213 846 2509 913 exsiliens,
2543 852 2598 902 et
2629 847 2954 902 furibunda
2981 851 3529 918 procurrens,Rho-—

161 955 248 988 του
312 940 671 1006 καταγωγίου,
759 939 849 986 καὶ
936 930 1114 1006 δρόμῳ
1175 937 1420 1004 χρωμένη
1493 931 1755 1005 μανιώδει

1935 935 2022 989 ani
2052 939 2284 990 tantum
2341 936 2456 994 hoc
2485 936 2775 1007 objiciens
2828 935 3016 991 dixit:
3052 959 3080 987 «
3141 936 3325 991 Hodie
3355 942 3410 992 te
3452 937 3529 993 ad

161 1033 314 1076 τοῦτο
338 1027 469 1097 πρὸς
509 1020 761 1081 Ῥοδάνην
787 1023 1007 1075 εἰποῦσα
1050 1020 1302 1095 ἀπέρριψε
1338 1027 1510 1094 μόνον’
1548 1042 1576 1074 ‹(
1620 1022 1755 1074 Καλᾶ

1931 1023 2076 1078 armi
2123 1025 2363 1096 nuptias
2414 1025 2616 1080 invito.
2654 1047 2676 1074 ι
2713 1025 3019 1081 Soraechus
3061 1025 3198 1080 dein
3235 1041 3525 1091 reversus,

158 1133 212 1166 σε
249 1119 481 1186 σήμερον
535 1113 608 1174 εἰς
651 1117 770 1172 τοὺς
803 1115 1007 1186 Γάρμου
1061 1112 1284 1182 γάμους.
1342 1133 1370 1160 ››
1430 1116 1684 1186 Σόραιχος
1711 1107 1752 1163 δί

1963 1128 2025 1168 re
2043 1113 2205 1168 omni
2229 1113 2486 1184 cognita,
2519 1113 2873 1170 Rbodanem
2895 1114 3234 1170 consolatur
3262 1131 3275 1180 ;
3302 1120 3527 1170 curata-

155 1209 592 1275 παραγενόμενος,
661 1207 753 1254 καὶ
802 1203 979 1274 μαθὼν
1044 1199 1268 1266 ἅπαντα,
1335 1208 1626 1274 παρηγορεῖ
1677 1205 1749 1272 με

1929 1217 1995 1256 ne
2029 1201 2230 1272 plaga,
2263 1219 2399 1258 cum
2427 1204 2676 1275 pecunia
2714 1203 2976 1276 puellam
2999 1203 3073 1259 ad
3101 1207 3410 1275 parentem
3442 1217 3523 1257 re-

151 1289 430 1357 Ῥοδάνην,
515 1295 607 1342 καὶ
691 1290 1046 1362 ἰατρεύσαντες
1117 1292 1175 1340 τὸ
1239 1296 1448 1361 τραῦμα
1481 1288 1769 1342 ἀπολύουσι
1877 1289 2138 1347 mittunt.

151 1384 282 1452 μετά
317 1389 418 1431 τῶν
451 1381 745 1452 χρημάτων
765 1383 862 1436 τὴν
887 1381 1045 1450 κόρην
1069 1380 1198 1450 πρὸς
1221 1381 1307 1430 τὸν
1337 1381 1551 1451 πατέρα.

221 1469 455 1539 Ἀγεται
507 1472 638 1540 πρὸς
697 1470 904 1539 Γάρμον
952 1467 1224 1540 Εὐφράτης
1272 1469 1337 1527 ὡς
1381 1463 1649 1533 Ῥοδάνης,
1679 1473 1768 1520 καὶ

1949 1473 2174 1527 Interea
2196 1472 2521 1543 Euphrates
2536 1473 2610 1527 ad
2625 1475 2906 1529 Garmum
2920 1473 3352 1545 ducitur,quasi
3374 1472 3527 1528 Rho-

152 1560 210 1618 ὧς
244 1564 467 1618 Σινωνὶς
519 1561 901 1628 Μεσοποταμία
951 1577 964 1588 ι
1020 1558 1202 1627 ἄγεται
1226 1562 1316 1609 καὶ
1368 1561 1626 1631 Σὸραιχος
1679 1577 1746 1608 κα

1930 1576 2067 1616 anes
2095 1566 2268 1630 esset,
2301 1565 2358 1617 et
2387 1577 2488 1632 pro
2512 1561 2796 1618 Sinonide
2827 1561 3524 1631 Mesopotamia.[)ucitur

153 1647 412 1708 ὀὰληθης
459 1645 730 1708 Ῥοδάνης.
793 1651 894 1699 Καὶ
951 1642 1194 1717 διαγνούς
1251 1648 1276 1697 ὁ
1308 1650 1508 1720 Γάρμος
1536 1651 1607 1719 μὴ
1638 1644 1746 1699 εἷνα

1929 1648 2291 1715 .Soraechus,
2325 1665 2604 1722 verusque
2645 1651 2987 1706 Rhodanes.
3022 1653 3233 1705 Verum
3285 1650 3523 1718 cognito

155 1735 418 1790 Σιν-ωνίδα
493 1743 586 1795 την
645 1739 1077 1806 Μεσοποταμίαν,
1111 1731 1313 1788 δίδωσι
1365 1735 1574 1811 Ζοϐάρᾳ
1626 1739 1749 1808 παρέ

1929 1754 2130 1794 armus
2160 1739 2650 1810 Mesopotamiam
2681 1755 2802 1794 non
2834 1755 2961 1794 esse
2983 1755 3186 1794 veram
3215 1738 3523 1807 Siuonida,

152 1830 396 1898 ποταμὸν
453 1826 727 1899 Εὐφράτην
775 1833 1146 1899 καρατομῆσαι
1204 1827 1272 1888 ³³,
1332 1826 1414 1876 ἵνα
1459 1830 1555 1896 μὴ,
1616 1831 1746 1897 φησί

1935 1828 2121 1882 )barm
2148 1843 2284 1882 eam
2317 1827 2573 1893 tradidit,
2589 1829 2667 1884 ad
2690 1828 3050 1900 Euphratem
3065 1828 3314 1883 ﬂuvium
3338 1827 3529 1898 capite

153 1921 236 1966 καὶ
267 1916 427 1990 ἑτέρα
483 1935 564 1976 τις
605 1923 696 1967 τοῦ
751 1924 847 1975 τῆς
879 1910 1154 1974 Σινωνίδος
1213 1913 1528 1986 ἐπιϐατεύση
1587 1914 1747 1987 ὄνομα

1938 1916 2380 1978 uncandam,ne
2406 1932 2543 1987 qua,
2569 1917 2780 1989 inquit,
2813 1917 2932 1973 alia
2956 1917 3255 1973 Sinonidis
3284 1931 3527 1979 nomen,

154 2024 259 2066 τος.
307 2005 370 2056 Ὀ
432 2001 494 2057 δῖε
559 2003 798 2079 Ζοϐάρας
847 2003 949 2056 ἀπὸ
980 2011 1154 2075 πηγῆς
1215 2003 1470 2077 ἐρωτικῆς
1523 2008 1653 2055 πιὼν
1684 2024 1748 2056 κα

1944 2022 2010 2061 us
2022 2005 2476 2076 exemplo,falso
2491 2005 3016 2078 usurpet.Zobaras
3050 2011 3246 2062 tamen
3268 2009 3531 2077 Mesopo-

157 2103 222 2163 τῷ
283 2099 708 2167 Μεσοποταμίας
765 2097 916 2167 ἔρωτι
969 2095 1179 2164 σχεθείς
1229 2094 1298 2156 ³³,
1337 2093 1495 2152 σώζει
1550 2112 1604 2144 τε
1651 2095 1748 2144 ταύ

1941 2094 2080 2150 mia:
2114 2096 2225 2165 (68)
2277 2110 2591 2166 possessus
2613 2110 2838 2160 amore,
2876 2095 3134 2150 servavit
3177 2111 3336 2160 eam,
3363 2099 3421 2150 et
3455 2093 3535 2148 ad

158 2202 248 2240 την
285 2185 361 2245 ¹⁴,
423 2188 518 2235 καὶ
563 2187 693 2256 πρὸς
749 2185 1018 2255 Βερενίκην
1074 2181 1374 2250 Αἰγυπτίων
1413 2177 1544 2246 ἤδη,
1569 2181 1655 2234 ἅτε
1685 2201 1752 2233 τοι

1940 2184 2205 2240 erenicen
2254 2185 2506 2256 Egypti,
2553 2184 2677 2254 jam
2728 2188 2897 2252 patre
2927 2185 3238 2247 exstincto,
3263 2185 3534 2251 reginam

156 2275 358 2344 πατρὸς
417 2272 836 2336 τελευτησαντος,
898 2269 1306 2343 βασιλεύουσαν,
1368 2268 1421 2332 ἐξ
1469 2270 1534 2331 ἧς
1585 2267 1645 2328 ἦν
1688 2290 1750 2322 κα

1946 2274 2042 2330 ide
2071 2274 2200 2345 ipse
2236 2272 2379 2328 olim
2412 2271 2700 2328 abductus
2721 2272 2934 2340 fuerat,
2980 2272 3244 2338 adducit,
3277 2276 3332 2327 et
3364 2274 3540 2328 Meso-

164 2361 507 2433 ἀφελόμενος,
583 2364 718 2432 οἰγειο
809 2367 899 2412 καὶ
947 2361 1150 2431 γάμους
1265 2363 1674 2430 Μεσοποταμίας
1744 2361 1758 2409 i

1947 2363 2170 2418 )tamiae
2201 2363 2442 2434 nuptias
2462 2360 3040 2426 Berenicefacit.0ua
3052 2362 3231 2417 etiam
3257 2361 3331 2416 de
3358 2376 3541 2416 causa

171 2457 410 2522 Βερενίκη
449 2458 700 2516 ποιεῖται,
757 2455 847 2501 καὶ
891 2448 1107 2520 πόλεμος
1140 2445 1213 2500 δι’
1273 2449 1436 2506 αὐτὴν
1468 2449 1657 2521 Γάρμῳ
1687 2452 1765 2500 xui

1944 2451 2115 2506 ellum
2162 2450 2418 2506 invicem
2469 2452 2719 2506 Garmus
2784 2454 2841 2505 et
2897 2450 3169 2506 Berenice
3217 2451 3538 2506 minantur.

169 2547 410 2613 Βερενίκη
469 2537 838 2592 ὃιαπειλεῑται.
897 2538 1172 2610 Εὐφράτης
1200 2533 1259 2590 δὲ
1313 2534 1676 2610 παραδίδοται
1705 2544 1763 2607 re}

1949 2540 2222 2612 aphrates
2272 2539 2412 2595 item
2444 2538 2673 2609 parenti
2705 2554 2836 2605 suo,
2882 2545 2943 2592 ut
2975 2538 3258 2602 carniﬁci,
3295 2539 3543 2594 traditus

166 2635 332 2702 πατρὶ
363 2633 431 2689 ὡς
489 2625 688 2700 δημίῳ,
722 2633 812 2680 καὶ
854 2627 1204 2698 ἀναγνωσθεὶς
1237 2627 1477 2691 σώζεται,
1510 2630 1598 2677 καὶ
1651 2626 1752 2682 πλη

1950 2644 2070 2701 que
2102 2628 2364 2697 agnitus,
2397 2632 2665 2683 servatur
2693 2646 2706 2686 :
2738 2631 2794 2682 et
2832 2627 3096 2697 parentis
3125 2626 3320 2681 ofﬁcio
3347 2626 3544 2695 fungi-

163 2729 248 2792 ροῐ
293 2723 386 2790 μὲν
441 2718 592 2778 αὐτὸς
623 2720 688 2769 τὰ
741 2725 832 2769 τοῦ
879 2719 1074 2788 πατρὸς
1130 2718 1273 2788 ἔργα,
1331 2717 1357 2767 ὁ
1389 2711 1447 2767 δὲ
1507 2719 1680 2788 πατὴρ
1723 2734 1757 2766 οε

1945 2718 2094 2783 ιι“,ἰῑδ.
2124 2732 2185 2772 se
2201 2715 2646 2772 humanonullo
2665 2715 2956 2785 sanguine
2969 2719 3136 2786 pater
3159 2714 3539 2770 contaminat.

167 2813 434 2879 μιαίνεται
488 2814 600 2868 τοῖς
659 2805 940 2880 ἀνθρώπων
985 2807 1203 2877 αἱμασιν
1261 2820 1274 2834 ·
1334 2804 1548 2876 ὕστερον
1609 2800 1754 2871 δὲ,ὼ

1951 2813 2030 2862 )st
2056 2811 2276 2869 tamen,
2307 2809 2368 2860 ut
2399 2803 2696 2860 carniﬁcis
2722 2803 2820 2859 ille
2850 2802 2971 2858 ﬁlia
3015 2819 3046 2858 e
3075 2817 3311 2858 carcere
3351 2819 3545 2873 egres-

167 2905 258 2949 τοῦ
303 2893 502 2967 ῖημίου
535 2899 692 2968 κόρη,
745 2895 1013 2968 ἐξέρχεται
1065 2902 1160 2946 τοῦ
1213 2893 1500 2966 οἰκήματος
1546 2897 1637 2944 καὶ
1669 2889 1761 2945 δια

1952 2911 2018 2962 IS,
2057 2894 2209 2950 liber
2269 2893 2474 2950 evasit.
2517 2893 2678 2964 78a
2735 2891 2964 2948 Ibidem
3022 2897 3078 2947 et
3125 2891 3198 2946 de
3252 2891 3546 2948 carniﬁcis

171 2988 426 3046 σώζεται.
485 2986 567 3038 Ἐν
709 2989 797 3036 καὶ
856 2988 972 3057 περὶ
1032 2993 1124 3043 τῆς
1187 2979 1659 3054 συγκαθιυδούσης
1713 2990 1765 3053 re}

1953 2983 2253 3050 mcubina,
2285 2983 2533 3054 ejusque
2601 2981 2835 3053 legibus
2902 2997 2970 3036 ac
3029 2980 3317 3045 moribus,
3379 2986 3434 3036 et
3487 2986 3547 3037 ut

171 3073 375 3146 δημίῳ,
411 3077 482 3126 τά
533 3093 587 3126 τε
639 3077 758 3146 περὶ
787 3073 951 3132 αὐτὴν
1003 3074 1154 3145 ἔθιμά
1195 3091 1250 3124 τε
1300 3077 1389 3125 καὶ
1447 3075 1664 3143 νόμιμα,
1697 3091 1764 3124 κα

1951 3073 2099 3130 istici
2123 3071 2269 3138 ﬁlia,
2294 3075 2692 3144 posteaquam
2715 3070 3102 3140 Sinonis,regi
3134 3070 3315 3141 Syriaa
3339 3074 3545 3142 nupta,

174 3169 298 3236 περὶ
379 3171 475 3224 τῆς
547 3170 640 3215 τοῦ
695 3170 932 3236 γεωργοῦ
982 3164 1259 3236 θυγατρὸς,
1319 3161 1442 3233 [137
1501 3162 1591 3232 Η.]
1652 3162 1760 3213 ὅπω

1955 3179 1997 3218 5e
2046 3160 2426 3218 vindicanda
2465 3164 2819 3234 potestatem
2851 3165 3027 3216 nacta
3055 3166 3160 3226 est,
3189 3158 3241 3212 vi
3297 3159 3549 3229 abrepta

173 3253 522 3314 ἀνάσπαστος
561 3255 781 3322 γίνεται,
819 3250 927 3303 ἐπεὶ
979 3255 1186 3311 Σινωνὶς
1243 3258 1315 3322 τῷ
1348 3255 1537 3324 Συρίας
1575 3249 1765 3323 βασιλε

1962 3251 2272 3324 erit,atque
2296 3249 2586 3306 damnata
2604 3249 2683 3306 ad
2713 3248 3236 3305 concumbendum
3269 3263 3404 3302 cum
3424 3262 3550 3303 car-

164 3345 482 3414 γαμηθεῖσα
537 3343 694 3411 ἔσχεν
748 3340 908 3411 ἰσχύν
940 3345 1032 3398 την
1083 3339 1236 3412 ὀργὴν
1287 3338 1364 3392 ἐπ’
1405 3340 1536 3413 αὐτῇ
1575 3339 1758 3412 πληρῶ

1959 3342 2090 3397 ﬁce.
2152 3342 2398 3413 Septum
2424 3340 2626 3412 itaque
2671 3337 3017 3396 carniﬁcum
3059 3337 3367 3403 introieus,
3411 3353 3547 3392 cum

169 3450 254 3482 σαι
289 3431 354 3466 ¹⁵ο
389 3436 482 3482 καὶ
524 3433 592 3491 ὡς
645 3426 820 3500 δημίῳ
873 3432 1068 3487 ταύτην
1121 3427 1502 3500 συγκαθεύδειν
1563 3427 1760 3482 καταδι

1956 3430 2193 3503 Jphrate
2215 3444 2536 3499 congressa
2551 3431 2672 3485 est:
2693 3428 2797 3501 qui
2823 3428 2873 3499 ej
2885 3444 2950 3483 us
2982 3443 3303 3500 personam
3319 3427 3550 3496 ﬁngens

166 3525 355 3583 κάζει·
417 3526 507 3572 καὶ
540 3521 621 3571 ὅτι
679 3516 1124 3576 συνεκαθεύδησεν
1185 3518 1234 3570 ἐν
1299 3529 1369 3589 τῷ
1437 3529 1536 3572 τῶν
1579 3517 1760 3592 δημίῳ

1956 3535 2004 3576 Ὀ
2034 3520 2168 3592 ipsa
2197 3536 2228 3575 e
2255 3524 2422 3592 septo
2451 3518 2772 3589 egreditur,
2803 3522 2859 3574 et
2888 3517 2987 3574 illa
3016 3517 3277 3573 vicissim
3307 3532 3418 3589 pro
3451 3519 3550 3570 Eu-

169 3611 432 3683 ποριςολῳ
481 3612 530 3646 ¹⁶
581 3609 889 3661 εἰσελθοῦσα
941 3616 1012 3679 τῷ
1091 3607 1356 3682 Εὐφράτῃ,
1421 3608 1475 3671 ὃς
1538 3613 1626 3661 καὶ
1679 3608 1763 3662 ἀντ

1955 3614 2106 3665 irate
2131 3609 2353 3665 lictoris
2375 3623 2624 3664 munere
2653 3607 2858 3664 functa
2883 3611 2993 3663 est.
3031 3609 3096 3661 Et
3126 3606 3254 3661 11sec
3302 3605 3549 3676 quidem

171 3699 328 3762 αὐτῆς
376 3700 450 3758 εἰς
507 3702 570 3750 τὸ
627 3697 826 3757 ἐκείνης
894 3702 1172 3770 πρόσωπον
1256 3699 1551 3771 ὑποκριθείς
1607 3696 1765 3760 ἔξῆλθ

1956 3717 1974 3756 ι
2005 3699 2514 3770 gesta.Soraechus
2537 3702 2738 3754 autem
2761 3695 2922 3752 cruci
2941 3695 3276 3764 afﬁgendus
3295 3695 3550 3749 damna-

171 3796 257 3838 τοῦ
303 3787 610 3862 περίϐολον,
663 3791 752 3838 καὶ
789 3789 954 3843 ἐκείνη
1013 3784 1123 3838 ἀντὶ
1152 3794 1244 3838 τοῦ
1294 3786 1564 3859 Εὐφράτου
1618 3789 1675 3838 τὸ
1706 3789 1765 3858 ἔρ·

1961 3803 2007 3854 r,
2036 3788 2324 3860 locusque
2371 3785 2650 3842 deﬁnitur
2701 3784 2804 3840 ubi
2859 3783 3174 3840 Rhodanes
3227 3787 3284 3837 et
3314 3781 3549 3837 Sinonis

169 3896 252 3944 γον
279 3880 505 3951 ἔπραττε
558 3883 649 3928 τοῦ
695 3872 914 3947 δημίου.
976 3879 1075 3927 Καὶ
1127 3882 1294 3926 ταῦτα
1339 3878 1429 3946 μὲν
1477 3871 1581 3926 ὧδε
1627 3876 1760 3942 προῦ

1953 3875 2178 3949 )spitati
2243 3875 2508 3947 primum
2554 3873 2809 3938 fuerant,
2869 3873 2927 3928 in
2983 3877 3153 3943 prato
3205 3870 3324 3934 illo,
3369 3875 3547 3941 atque

173 3963 327 4030 Cum,
352 3961 726 4039 παραδίδοται
766 3961 825 4016 δί
886 3968 972 4015 καὶ
1021 3965 1061 3999 ³⁷
1097 3967 1356 4037 Σόραιχος
1403 3963 1486 4015 ἐπὶ
1543 3970 1616 4033 τῷ
1661 3961 1767 4014 ἀνά·

1951 3966 2256 4030 lfontem,
2306 3963 2530 4036 quibus
2597 3962 2776 4019 etiam
2823 3962 2885 4016 in
2946 3961 3089 4017 locis
3148 3965 3326 4016 antea
3393 3959 3545 4013 Rho-

181 4058 565 4125 σταυρωθῆναι·
595 4055 621 4105 ὁ
664 4050 722 4106 δὲ
777 4057 937 4114 τόπος
985 4055 1198 4127 ὥριστο,
1233 4054 1351 4104 ἔνθα
1397 4047 1641 4112 Ῥοδάνης
1691 4054 1775 4103 xui

1951 4069 2080 4110 mes
2104 4053 2232 4109 auri
2265 4052 2614 4108 thesaurum
2654 4049 3149 4122 deprehenderat,
3172 4063 3352 4120 quem
3385 4061 3545 4102 nunc

180 4147 376 4202 Σινωνίς
401 4147 466 4196 τὰ
496 4152 688 4216 πρῶτα
725 4142 1028 4210 ηὐλίσαντο,
1086 4143 1133 4194 ἐν
1163 4149 1236 4211 τῷ
1293 4141 1501 4214 λειμῶνι
1529 4141 1657 4213 [249
1689 4141 1774 4214 3.]

1944 4159 2133 4214 noque
2167 4139 2462 4208 Soraacho,
2495 4139 2572 4195 ad
2611 4137 2953 4211 patibulum
2997 4137 3202 4204 ducto,
3233 4134 3538 4191 indicavit.

175 4231 418 4304 καὶέντῇ
482 4240 660 4304 πηγῇ,
693 4230 742 4283 ἐν
801 4232 880 4291 οἷς
935 4235 1023 4282 xui.
1080 4238 1152 4301 τῷ
1191 4227 1420 4282 Ῥοδάνει
1471 4234 1528 4282 τὸ
1559 4250 1769 4304 κεκρυμ-

1949 4232 2218 4288 lanorum
2249 4235 2377 4286 tum
2410 4228 2558 4285 forte
2579 4226 2893 4291 exercitus,
2931 4225 3201 4282 mercede
3257 4241 3292 4280 a
3323 4224 3543 4280 Garmo

177 4325 315 4388 μένον
356 4322 662 4394 ἐπεφώρατο
699 4325 947 4392 χρυσίον,
1009 4321 1034 4370 ὃ
1090 4324 1178 4371 καὶ
1227 4317 1537 4392 ἁπαγομένῳ
1568 4319 1651 4372 ἐπὶ
1692 4324 1771 4372 τὸν

1948 4321 2222 4384 nudatus,
2246 4323 2302 4374 et
2329 4315 2614 4373 hostiliter
2640 4315 2702 4372 in
2723 4331 2861 4371 eum
2887 4314 3211 4379 animatus,
3244 4313 3456 4370 eodem
3483 4312 3542 4368 in

183 4417 394 4482 σταυρὸν
480 4414 730 4483 Σοραίχῳ
793 4412 996 4481 μηνύει.
1076 4414 1174 4461 Καὶ
1272 4409 1497 4462 Ἀλανῶν
1561 4412 1777 4482 στρατὸς

1950 4424 2038 4473 co,
2089 4407 2190 4463 ubi
2229 4406 2388 4463 cruci
2423 4403 2762 4476 afﬁgendus
2792 4408 2919 4459 erat
2957 4403 3291 4467 Soraechus,
3341 4417 3544 4456 conse-

178 4498 462 4568 ἀπόμισθος
514 4502 704 4572 Γάρμῳ
756 4502 974 4569 γεγονὼς
1035 4502 1123 4549 καὶ
1212 4496 1626 4570 ἀπεχθανόμενοι
1663 4504 1772 4571 περὶ

1948 4502 2078 4554 erat.
2101 4497 2202 4552 Hic
2235 4495 2598 4565 Sortechum,
2615 4493 2802 4565 pulsis
2824 4493 2892 4548 iis
2914 4493 3014 4564 qui
3035 4507 3170 4547 eum
3195 4492 3272 4546 ad
3289 4495 3542 4546 mortem

183 4592 262 4637 τὰ,
285 4598 478 4662 χῶρον,
527 4591 576 4640 ἂν
634 4584 676 4657 ᾧ
729 4591 989 4660 Σοραιχος
1042 4584 1238 4658 ἔμελλεν
1296 4585 1777 4662 ἀνασταυροῦσθαι,

1950 4587 2211 4652 Jcebant,
2252 4584 2549 4641 liberavit.
2583 4582 2684 4639 Ille
2717 4598 2874 4647 vero,
2907 4585 3142 4653 reperto
3166 4580 3332 4652 quod
3373 4596 3544 4634 mon-

183 4673 536 4748 διατρίϐουσιν
568 4694 580 4705 ·
634 4675 683 4728 οἱ
770 4680 859 4726 καὶ
925 4673 1268 4736 ἀπελάσαντες
1346 4681 1467 4739 τούς
1524 4680 1777 4750 Σὸραιχον

1947 4683 2140 4732 ratum
2173 4679 2314 4741 erat,
2372 4689 2543 4738 auro,
2585 4678 2765 4743 atque
2817 4674 2942 4728 arte
2975 4670 3244 4742 quadam
3273 4677 3330 4724 et
3352 4672 3486 4723 astu
3513 4685 3541 4722 e

183 4767 389 4834 ἄγοντας
435 4766 654 4820 {meum
699 4764 759 4816 Ὀ
817 4759 876 4816 δὲ
925 4767 980 4815 τὸ
1030 4765 1253 4834 μηνυθὲν
1323 4771 1550 4839 χρυσίον
1599 4768 1776 4840 εὑρὼν,

1948 4781 2061 4820 Issa.
2089 4761 2578 4827 deducto,Alanis
2603 4759 2992 4832 persuasit,se
3019 4775 3054 4814 a
3079 4757 3191 4812 diis
3209 4759 3336 4814 htec
3361 4763 3542 4830 atque

183 4863 440 4928 καιτέχνη
475 4859 578 4907 τινὶ
625 4859 716 4905 καὶ
771 4857 930 4925 σοφία
985 4851 1038 4904 ἔκ
1084 4860 1175 4906 τοῦ
1241 4853 1535 4927 ὀρύγματος
1592 4854 1777 4927 ἀνιμώ-

1953 4855 2006 4910 ia
2028 4854 2308 4910 edoctum
2340 4849 2810 4908 scire.Paulatim
2844 4852 3043 4905 autem
3075 4863 3178 4903 eos
3202 4847 3540 4903 deliniendo

186 4950 479 5012 μῡος,τούς
533 4945 582 4980 ¹³
649 4943 894 5004 Ἀλανοὺς
943 4944 1134 4995 ἔπειθεν
1174 4945 1237 5004 ὡς
1283 4944 1384 4996 ύπὸ
1437 4945 1560 4996 θεῶν
1612 4945 1779 4998 ταῦτά

1947 4961 1986 5001 a
2011 4942 2340 5006 assuefecit,
2398 4945 2460 4995 ut
2490 4939 2656 4995 illum
2685 4953 2795 5011 pro
2825 4952 2962 5007 rege
2994 4951 3103 4992 suo
3129 4941 3541 5007 agnoscerent,

1516 5150 1754 5206 VARl/E
1795 5150 2087 5207 LECTION
2096 5148 2198 5206 ES.

261 5320 296 5352 ¹¹
326 5321 748 5393 παραψύχουσαν
793 5325 856 5374 Α.
936 5319 980 5353 ¹²
1038 5316 1251 5391 impun]
1313 5338 1501 5393 καρατ.
1552 5319 1714 5379 αὐτὴν
1754 5341 1810 5385 ς.
1889 5322 1935 5355 ¹³
1967 5320 2179 5391 σχεθείς
2210 5321 2362 5391 ἔρωτι
2412 5337 2467 5380 ς’.
2547 5316 2594 5351 ¹⁴
2634 5313 2795 5393 αύτῂν
2841 5334 2898 5378 ς’.
2975 5314 3028 5393 ¹ξ
3058 5312 3134 5366 ἐπ’
3175 5311 3307 5393 ut}???
3342 5309 3542 5393 πληρτῗξ.

265 5341 296 5352 ’³
326 5341 550 5393 παρκψνγ
582 5341 748 5372 ουσαν
793 5341 856 5374 Α.
939 5341 979 5353 ⁵⁴¹
1038 5341 1251 5391 καρατ.ι
1313 5341 1501 5393 impar.
1552 5341 1714 5379 αυτην
1754 5341 1810 5385 ς,
1890 5341 1935 5355 ⁸⁵
1967 5341 2179 5391 σχίσεις
2210 5341 2362 5391 ερωτι
2412 5341 2467 5380 ς’.
2547 5341 2591 5351 ⁸⁷
2634 5341 2795 5372 αυῖην
2841 5341 2898 5378 ς.
2978 5341 3021 5350 ⁸⁷
3058 5341 3118 5366 επ
3175 5341 3307 5384 “ut?
3345 5341 3542 5384 ιιΛιιμω,

194 5393 344 5444 ττιιΑ
374 5341 802 5464 εὰντιτᾷληρῶσαι
857 5411 910 5453 ς’.
991 5390 1036 5424 ¹⁶
1089 5390 1161 5452 εἰς
1212 5393 1298 5442 τὸν
1360 5423 1428 5432 -
1480 5391 1746 5464 περίϐολον
1778 5412 1834 5456 ς’.
1899 5391 1975 5446 cf.
2010 5408 2064 5462 p.
2107 5391 2195 5456 79,
2228 5395 2295 5446 39
2327 5405 2339 5444 :
2374 5388 2672 5461 εἰσέρχεται
2731 5384 2778 5437 iv
2827 5393 2889 5458 τῇ
2946 5385 3108 5440 πόλει.
3188 5386 3232 5420 1⁷
3282 5387 3368 5435 καὶ
3401 5382 3549 5439 add-

201 5467 258 5512 Α.
327 5464 365 5497 ⁸⁸
395 5471 510 5526 τοὺς
537 5469 583 5519 Α
620 5481 633 5517 :
661 5464 900 5522 καὶτοὺς
935 5481 988 5525 ς’.

1772 5623 1998 5680 NOTAE.

278 5769 372 5840 (68)
400 5771 539 5828 Hinc
571 5770 821 5829 Suidam
849 5768 1136 5845 corrigas,
1163 5769 1328 5845 apud
1357 5784 1540 5848 quem
1573 5770 1822 5827 Μεσόπτη
1835 5787 1874 5838 ς,
1909 5774 2076 5833 nato,
2106 5768 2170 5821 ut
2196 5763 2366 5834 solet,
2396 5778 2465 5820 ex
2495 5759 2850 5836 compendio
2881 5776 3096 5818 errore.
