  <div class='ocr_page' id='page_1' title='image "/cluster/home/n/w/nwhite01/storage/ocr_20150623/103/hvd.32044054112495/181.png"; bbox 0 0 4036 6214; ppageno 0'>
   <div class='ocr_carea' id='block_1_1' title="bbox 557 273 666 326">
    <p class='ocr_par' dir='ltr' id='par_1_1' title="bbox 557 273 666 326">
     <span class='ocr_line' id='line_1_1' title="bbox 557 273 666 326; baseline 0 0"><span class='ocrx_word' id='word_1_1' title='bbox 557 273 666 326; x_wconf 79' lang='grc'><strong>339</strong></span> 
     </span>
    </p>
   </div>
   <div class='ocr_carea' id='block_1_2' title="bbox 1796 269 2706 326">
    <p class='ocr_par' dir='ltr' id='par_1_2' title="bbox 1796 269 2706 326">
     <span class='ocr_line' id='line_1_2' title="bbox 1796 269 2706 326; baseline -0.003 0"><span class='ocrx_word' id='word_1_2' title='bbox 1796 270 2035 326; x_wconf 84' lang='lat' dir='ltr'>PHOTll</span> <span class='ocrx_word' id='word_1_3' title='bbox 2077 269 2562 326; x_wconf 67' lang='grc' dir='ltr'><strong>ΡΑΤΒῙΑΒΟΗᾸΞ</strong></span> <span class='ocrx_word' id='word_1_4' title='bbox 2601 269 2706 324; x_wconf 89' lang='lat' dir='ltr'><strong>CP.</strong></span> 
     </span>
    </p>
   </div>
   <div class='ocr_carea' id='block_1_3' title="bbox 3757 270 3843 325">
    <p class='ocr_par' dir='ltr' id='par_1_3' title="bbox 3757 270 3843 325">
     <span class='ocr_line' id='line_1_3' title="bbox 3757 270 3843 325; baseline 0.023 -2"><span class='ocrx_word' id='word_1_5' title='bbox 3757 270 3843 325; x_wconf 74' lang='grc'><strong>340</strong></span> 
     </span>
    </p>
   </div>
   <div class='ocr_carea' id='block_1_4' title="bbox 559 391 2228 468">
    <p class='ocr_par' dir='ltr' id='par_1_4' title="bbox 559 394 2206 468">
     <span class='ocr_line' id='line_1_4' title="bbox 559 394 2206 468; baseline -0.002 -16"><span class='ocrx_word' id='word_1_6' title='bbox 559 395 906 468; x_wconf 86' lang='lat' dir='ltr'><strong>bellumque</strong></span> <span class='ocrx_word' id='word_1_7' title='bbox 933 411 1072 451; x_wconf 91' lang='lat' dir='ltr'><strong>cum</strong></span> <span class='ocrx_word' id='word_1_8' title='bbox 1097 395 1292 451; x_wconf 88' lang='lat' dir='ltr'><strong>Carmi</strong></span> <span class='ocrx_word' id='word_1_9' title='bbox 1313 395 1571 451; x_wconf 79' lang='lat' dir='ltr'><strong>exercitu</strong></span> <span class='ocrx_word' id='word_1_10' title='bbox 1597 395 1846 465; x_wconf 83' lang='lat' dir='ltr'><strong>gesserit</strong></span> <span class='ocrx_word' id='word_1_11' title='bbox 1875 410 1946 451; x_wconf 88' lang='lat' dir='ltr'><strong>ac</strong></span> <span class='ocrx_word' id='word_1_12' title='bbox 1966 394 2206 460; x_wconf 83' lang='lat' dir='ltr'><strong>vicerit;</strong></span> 
     </span>
    </p>
   </div>
   <div class='ocr_carea' id='block_1_5' title="bbox 2341 391 3851 468">
    <p class='ocr_par' dir='ltr' id='par_1_5' title="bbox 2341 391 3851 466">
     <span class='ocr_line' id='line_1_5' title="bbox 2341 391 3851 466; baseline -0.001 -19"><span class='ocrx_word' id='word_1_13' title='bbox 2341 414 2372 447; x_wconf 82' lang='grc' dir='ltr'><strong>ἐ</strong></span> <span class='ocrx_word' id='word_1_14' title='bbox 2418 399 2507 447; x_wconf 84' lang='grc' dir='ltr'>καὶ</span> <span class='ocrx_word' id='word_1_15' title='bbox 2555 398 2622 448; x_wconf 78' lang='grc' dir='ltr'>τὰ</span> <span class='ocrx_word' id='word_1_16' title='bbox 2686 394 2815 446; x_wconf 80' lang='grc' dir='ltr'>ἄλλα</span> <span class='ocrx_word' id='word_1_17' title='bbox 2859 391 3252 447; x_wconf 75' lang='grc' dir='ltr'>ἐκδιδάσκοιτο.</span> <span class='ocrx_word' id='word_1_18' title='bbox 3305 396 3400 446; x_wconf 78' lang='grc' dir='ltr'><strong>Καὶ</strong></span> <span class='ocrx_word' id='word_1_19' title='bbox 3448 394 3572 444; x_wconf 82' lang='grc' dir='ltr'>κατὰ</span> <span class='ocrx_word' id='word_1_20' title='bbox 3606 397 3764 466; x_wconf 83' lang='grc' dir='ltr'>μικρὸν</span> <span class='ocrx_word' id='word_1_21' title='bbox 3791 394 3851 446; x_wconf 69' lang='grc' dir='ltr'><strong>ἔλα</strong></span> 
     </span>
    </p>
   </div>
   <div class='ocr_carea' id='block_1_6' title="bbox 565 483 2212 556">
    <p class='ocr_par' dir='ltr' id='par_1_6' title="bbox 565 483 2212 556">
     <span class='ocr_line' id='line_1_6' title="bbox 565 483 2212 556; baseline -0.002 -15"><span class='ocrx_word' id='word_1_22' title='bbox 565 486 672 542; x_wconf 86' lang='lat' dir='ltr'><strong>sed</strong></span> <span class='ocrx_word' id='word_1_23' title='bbox 703 486 826 540; x_wconf 66' lang='lat' dir='ltr'><strong>haec</strong></span> <span class='ocrx_word' id='word_1_24' title='bbox 859 489 992 556; x_wconf 91' lang='lat' dir='ltr'><strong>post</strong></span> <span class='ocrx_word' id='word_1_25' title='bbox 1032 489 1377 540; x_wconf 88' lang='lat' dir='ltr'><strong>evenerunt.</strong></span> <span class='ocrx_word' id='word_1_26' title='bbox 1411 486 1629 540; x_wconf 85' lang='lat' dir='ltr'><strong>Verum</strong></span> <span class='ocrx_word' id='word_1_27' title='bbox 1660 501 1781 556; x_wconf 90' lang='lat' dir='ltr'><strong>quo</strong></span> <span class='ocrx_word' id='word_1_28' title='bbox 1836 490 2102 556; x_wconf 86' lang='lat' dir='ltr'><strong>tempore</strong></span> <span class='ocrx_word' id='word_1_29' title='bbox 2133 483 2212 539; x_wconf 86' lang='lat' dir='ltr'><strong>ad</strong></span> 
     </span>
    </p>
   </div>
   <div class='ocr_carea' id='block_1_7' title="bbox 565 573 2216 647">
    <p class='ocr_par' dir='ltr' id='par_1_7' title="bbox 565 573 2216 647">
     <span class='ocr_line' id='line_1_7' title="bbox 565 573 2216 647; baseline -0.002 -16"><span class='ocrx_word' id='word_1_30' title='bbox 565 575 901 647; x_wconf 78' lang='lat' dir='ltr'><strong>patibulum</strong></span> <span class='ocrx_word' id='word_1_31' title='bbox 919 573 1225 629; x_wconf 68' lang='lat' dir='ltr'><strong>Soraachus</strong></span> <span class='ocrx_word' id='word_1_32' title='bbox 1243 574 1808 638; x_wconf 69' lang='lat' dir='ltr'><strong>ducebatur-,eodem</strong></span> <span class='ocrx_word' id='word_1_33' title='bbox 1827 581 1883 629; x_wconf 90' lang='lat' dir='ltr'><strong>et</strong></span> <span class='ocrx_word' id='word_1_34' title='bbox 1897 574 2216 629; x_wconf 79' lang='lat' dir='ltr'><strong>Rhodanes</strong></span> 
     </span>
    </p>
   </div>
   <div class='ocr_carea' id='block_1_8' title="bbox 568 663 2217 735">
    <p class='ocr_par' dir='ltr' id='par_1_8' title="bbox 568 663 2217 735">
     <span class='ocr_line' id='line_1_8' title="bbox 568 663 2217 735; baseline -0.002 -15"><span class='ocrx_word' id='word_1_35' title='bbox 568 665 646 720; x_wconf 87' lang='lat' dir='ltr'><strong>ab</strong></span> <span class='ocrx_word' id='word_1_36' title='bbox 675 665 808 734; x_wconf 90' lang='lat' dir='ltr'><strong>ipso</strong></span> <span class='ocrx_word' id='word_1_37' title='bbox 825 663 1046 717; x_wconf 90' lang='lat' dir='ltr'><strong>Garmo</strong></span> <span class='ocrx_word' id='word_1_38' title='bbox 1068 669 1351 718; x_wconf 88' lang='lat' dir='ltr'><strong>coronato</strong></span> <span class='ocrx_word' id='word_1_39' title='bbox 1373 669 1548 735; x_wconf 88' lang='lat' dir='ltr'><strong>atque</strong></span> <span class='ocrx_word' id='word_1_40' title='bbox 1563 664 1831 731; x_wconf 81' lang='lat' dir='ltr'><strong>saltante,</strong></span> <span class='ocrx_word' id='word_1_41' title='bbox 1866 665 1940 719; x_wconf 90' lang='lat' dir='ltr'><strong>ad</strong></span> <span class='ocrx_word' id='word_1_42' title='bbox 1957 663 2217 735; x_wconf 83' lang='lat' dir='ltr'><strong>priorem</strong></span> 
     </span>
    </p>
   </div>
   <div class='ocr_carea' id='block_1_9' title="bbox 570 751 2218 824">
    <p class='ocr_par' dir='ltr' id='par_1_9' title="bbox 570 751 2218 824">
     <span class='ocr_line' id='line_1_9' title="bbox 570 751 2218 824; baseline 0 -18"><span class='ocrx_word' id='word_1_43' title='bbox 570 753 734 807; x_wconf 84' lang='lat' dir='ltr'>illam</span> <span class='ocrx_word' id='word_1_44' title='bbox 764 767 1000 806; x_wconf 87' lang='lat' dir='ltr'><strong>crucem</strong></span> <span class='ocrx_word' id='word_1_45' title='bbox 1031 751 1243 806; x_wconf 78' lang='lat' dir='ltr'><strong>iterum</strong></span> <span class='ocrx_word' id='word_1_46' title='bbox 1269 751 1486 806; x_wconf 90' lang='lat' dir='ltr'><strong>ductus</strong></span> <span class='ocrx_word' id='word_1_47' title='bbox 1507 757 1802 824; x_wconf 85' lang='lat' dir='ltr'><strong>est,atque</strong></span> <span class='ocrx_word' id='word_1_48' title='bbox 1820 752 2218 809; x_wconf 79' lang='lat' dir='ltr'><strong>afﬁxus.Dum</strong></span> 
     </span>
    </p>
   </div>
   <div class='ocr_carea' id='block_1_10' title="bbox 571 839 2219 910">
    <p class='ocr_par' dir='ltr' id='par_1_10' title="bbox 571 839 2219 910">
     <span class='ocr_line' id='line_1_10' title="bbox 571 839 2219 910; baseline 0.001 -15"><span class='ocrx_word' id='word_1_49' title='bbox 571 846 770 896; x_wconf 88' lang='lat' dir='ltr'><strong>autem</strong></span> <span class='ocrx_word' id='word_1_50' title='bbox 803 839 880 893; x_wconf 89' lang='lat' dir='ltr'><strong>ibi</strong></span> <span class='ocrx_word' id='word_1_51' title='bbox 915 841 1165 894; x_wconf 86' lang='lat' dir='ltr'><strong>Garmus</strong></span> <span class='ocrx_word' id='word_1_52' title='bbox 1195 839 1417 908; x_wconf 81' lang='lat' dir='ltr'><strong>largius</strong></span> <span class='ocrx_word' id='word_1_53' title='bbox 1441 841 2219 910; x_wconf 73' lang='lat' dir='ltr'><strong>seingurgitat,etchoream</strong></span> 
     </span>
    </p>
   </div>
   <div class='ocr_carea' id='block_1_11' title="bbox 572 929 2218 997">
    <p class='ocr_par' dir='ltr' id='par_1_11' title="bbox 572 929 2218 997">
     <span class='ocr_line' id='line_1_11' title="bbox 572 929 2218 997; baseline 0 -13"><span class='ocrx_word' id='word_1_54' title='bbox 572 930 731 985; x_wconf 90' lang='lat' dir='ltr'><strong>circa</strong></span> <span class='ocrx_word' id='word_1_55' title='bbox 751 944 986 983; x_wconf 89' lang='lat' dir='ltr'><strong>crucem</strong></span> <span class='ocrx_word' id='word_1_56' title='bbox 1019 944 1142 983; x_wconf 90' lang='lat' dir='ltr'><strong>una</strong></span> <span class='ocrx_word' id='word_1_57' title='bbox 1166 945 1306 984; x_wconf 92' lang='lat' dir='ltr'><strong>cum</strong></span> <span class='ocrx_word' id='word_1_58' title='bbox 1329 929 1583 985; x_wconf 79' lang='lat' dir='ltr'><strong>tibicinis</strong></span> <span class='ocrx_word' id='word_1_59' title='bbox 1604 931 1953 987; x_wconf 86' lang='lat' dir='ltr'><strong>mulieribus</strong></span> <span class='ocrx_word' id='word_1_60' title='bbox 1973 932 2218 997; x_wconf 89' lang='lat' dir='ltr'><strong>ducens,</strong></span> 
     </span>
    </p>
   </div>
   <div class='ocr_carea' id='block_1_12' title="bbox 574 1017 2224 1084">
    <p class='ocr_par' dir='ltr' id='par_1_12' title="bbox 574 1017 2224 1084">
     <span class='ocr_line' id='line_1_12' title="bbox 574 1017 2224 1084; baseline 0.002 -11"><span class='ocrx_word' id='word_1_61' title='bbox 574 1019 745 1074; x_wconf 77' lang='lat' dir='ltr'><strong>laetus</strong></span> <span class='ocrx_word' id='word_1_62' title='bbox 769 1035 895 1073; x_wconf 89' lang='lat' dir='ltr'><strong>sese</strong></span> <span class='ocrx_word' id='word_1_63' title='bbox 922 1017 1193 1084; x_wconf 77' lang='lat' dir='ltr'><strong>oblectat,</strong></span> <span class='ocrx_word' id='word_1_64' title='bbox 1227 1019 1430 1074; x_wconf 67' lang='lat' dir='ltr'><strong>litterae</strong></span> <span class='ocrx_word' id='word_1_65' title='bbox 1491 1036 1527 1074; x_wconf 91' lang='lat' dir='ltr'><strong>a</strong></span> <span class='ocrx_word' id='word_1_66' title='bbox 1568 1021 1715 1076; x_wconf 88' lang='lat' dir='ltr'><strong>Saca</strong></span> <span class='ocrx_word' id='word_1_67' title='bbox 1766 1021 1969 1076; x_wconf 67' lang='lat' dir='ltr'><strong>missm</strong></span> <span class='ocrx_word' id='word_1_68' title='bbox 2009 1024 2224 1076; x_wconf 88' lang='lat' dir='ltr'><strong>Garmo</strong></span> 
     </span>
    </p>
   </div>
   <div class='ocr_carea' id='block_1_13' title="bbox 576 1108 2222 1180">
    <p class='ocr_par' dir='ltr' id='par_1_13' title="bbox 576 1108 2222 1180">
     <span class='ocr_line' id='line_1_13' title="bbox 576 1108 2222 1180; baseline 0 -16"><span class='ocrx_word' id='word_1_69' title='bbox 576 1109 924 1172; x_wconf 91' lang='lat' dir='ltr'><strong>redduntur,</strong></span> <span class='ocrx_word' id='word_1_70' title='bbox 955 1108 1029 1163; x_wconf 90' lang='lat' dir='ltr'><strong>de</strong></span> <span class='ocrx_word' id='word_1_71' title='bbox 1056 1109 1336 1164; x_wconf 89' lang='lat' dir='ltr'><strong>Sinonide</strong></span> <span class='ocrx_word' id='word_1_72' title='bbox 1372 1109 1556 1180; x_wconf 59' lang='lat' dir='ltr'><strong>Syriae</strong></span> <span class='ocrx_word' id='word_1_73' title='bbox 1583 1110 1706 1180; x_wconf 83' lang='lat' dir='ltr'><strong>regi</strong></span> <span class='ocrx_word' id='word_1_74' title='bbox 1728 1110 2056 1165; x_wconf 89' lang='lat' dir='ltr'><strong>etiamnum</strong></span> <span class='ocrx_word' id='word_1_75' title='bbox 2080 1111 2222 1165; x_wconf 88' lang='lat' dir='ltr'><strong>ado-</strong></span> 
     </span>
    </p>
   </div>
   <div class='ocr_carea' id='block_1_14' title="bbox 577 1197 2225 1270">
    <p class='ocr_par' dir='ltr' id='par_1_14' title="bbox 577 1197 2225 1270">
     <span class='ocr_line' id='line_1_14' title="bbox 577 1197 2225 1270; baseline 0.001 -19"><span class='ocrx_word' id='word_1_76' title='bbox 577 1198 816 1253; x_wconf 90' lang='lat' dir='ltr'><strong>lescenti</strong></span> <span class='ocrx_word' id='word_1_77' title='bbox 872 1197 1084 1268; x_wconf 88' lang='lat' dir='ltr'><strong>nuptui</strong></span> <span class='ocrx_word' id='word_1_78' title='bbox 1113 1197 1274 1252; x_wconf 88' lang='lat' dir='ltr'><strong>data.</strong></span> <span class='ocrx_word' id='word_1_79' title='bbox 1321 1199 1448 1262; x_wconf 88' lang='lat' dir='ltr'><strong>Quo</strong></span> <span class='ocrx_word' id='word_1_80' title='bbox 1478 1199 1686 1253; x_wconf 89' lang='lat' dir='ltr'><strong>nuntio</strong></span> <span class='ocrx_word' id='word_1_81' title='bbox 1736 1199 2045 1254; x_wconf 82' lang='lat' dir='ltr'><strong>Rhodanes</strong></span> <span class='ocrx_word' id='word_1_82' title='bbox 2085 1214 2225 1270; x_wconf 84' lang='lat' dir='ltr'><strong>pen-</strong></span> 
     </span>
    </p>
   </div>
   <div class='ocr_carea' id='block_1_15' title="bbox 579 1286 2227 1342">
    <p class='ocr_par' dir='ltr' id='par_1_15' title="bbox 579 1286 2227 1342">
     <span class='ocr_line' id='line_1_15' title="bbox 579 1286 2227 1342; baseline 0.001 -1"><span class='ocrx_word' id='word_1_83' title='bbox 579 1287 728 1341; x_wconf 88' lang='lat' dir='ltr'><strong>dens</strong></span> <span class='ocrx_word' id='word_1_84' title='bbox 744 1286 1104 1341; x_wconf 82' lang='lat' dir='ltr'><strong>exhilaratus</strong></span> <span class='ocrx_word' id='word_1_85' title='bbox 1134 1291 1307 1341; x_wconf 82' lang='lat' dir='ltr'><strong>estzat</strong></span> <span class='ocrx_word' id='word_1_86' title='bbox 1329 1289 1578 1342; x_wconf 88' lang='lat' dir='ltr'><strong>Garmus</strong></span> <span class='ocrx_word' id='word_1_87' title='bbox 1603 1287 1681 1342; x_wconf 89' lang='lat' dir='ltr'><strong>ad</strong></span> <span class='ocrx_word' id='word_1_88' title='bbox 1704 1288 2079 1342; x_wconf 84' lang='lat' dir='ltr'><strong>inferendum</strong></span> <span class='ocrx_word' id='word_1_89' title='bbox 2111 1287 2227 1342; x_wconf 84' lang='lat' dir='ltr'><strong>sibi</strong></span> 
     </span>
    </p>
   </div>
   <div class='ocr_carea' id='block_1_16' title="bbox 581 1375 2226 1441">
    <p class='ocr_par' dir='ltr' id='par_1_16' title="bbox 581 1375 2226 1441">
     <span class='ocr_line' id='line_1_16' title="bbox 581 1375 2226 1441; baseline 0 -11"><span class='ocrx_word' id='word_1_90' title='bbox 581 1392 788 1430; x_wconf 86' lang='lat' dir='ltr'><strong>necem</strong></span> <span class='ocrx_word' id='word_1_91' title='bbox 807 1375 1016 1430; x_wconf 83' lang='lat' dir='ltr'><strong>ruebat</strong></span> <span class='ocrx_word' id='word_1_92' title='bbox 1045 1393 1057 1429; x_wconf 93' lang='lat'><strong>:</strong></span> <span class='ocrx_word' id='word_1_93' title='bbox 1088 1376 1372 1430; x_wconf 84' lang='lat' dir='ltr'><strong>sustinuit</strong></span> <span class='ocrx_word' id='word_1_94' title='bbox 1395 1381 1713 1441; x_wconf 90' lang='lat' dir='ltr'><strong>tamem,ac</strong></span> <span class='ocrx_word' id='word_1_95' title='bbox 1729 1393 1863 1432; x_wconf 87' lang='lat' dir='ltr'><strong>mox</strong></span> <span class='ocrx_word' id='word_1_96' title='bbox 1885 1377 2226 1431; x_wconf 79' lang='lat' dir='ltr'><strong>Rhorianem</strong></span> 
     </span>
    </p>
   </div>
   <div class='ocr_carea' id='block_1_17' title="bbox 583 1464 2229 1535">
    <p class='ocr_par' dir='ltr' id='par_1_17' title="bbox 583 1464 2229 1535">
     <span class='ocr_line' id='line_1_17' title="bbox 583 1464 2229 1535; baseline 0 -16"><span class='ocrx_word' id='word_1_97' title='bbox 583 1465 833 1519; x_wconf 87' lang='lat' dir='ltr'><strong>invitum</strong></span> <span class='ocrx_word' id='word_1_98' title='bbox 861 1480 897 1520; x_wconf 89' lang='lat' dir='ltr'><strong>a</strong></span> <span class='ocrx_word' id='word_1_99' title='bbox 947 1479 1138 1530; x_wconf 83' lang='lat' dir='ltr'><strong>cruce,</strong></span> <span class='ocrx_word' id='word_1_100' title='bbox 1173 1464 1231 1518; x_wconf 92' lang='lat' dir='ltr'><strong>in</strong></span> <span class='ocrx_word' id='word_1_101' title='bbox 1273 1481 1392 1535; x_wconf 89' lang='lat' dir='ltr'><strong>qua</strong></span> <span class='ocrx_word' id='word_1_102' title='bbox 1425 1467 1574 1520; x_wconf 88' lang='lat' dir='ltr'><strong>mori</strong></span> <span class='ocrx_word' id='word_1_103' title='bbox 1622 1466 1948 1530; x_wconf 83' lang='lat' dir='ltr'><strong>maluisset,</strong></span> <span class='ocrx_word' id='word_1_104' title='bbox 1975 1465 2229 1520; x_wconf 87' lang='lat' dir='ltr'><strong>liberum</strong></span> 
     </span>
    </p>
   </div>
   <div class='ocr_carea' id='block_1_18' title="bbox 584 1553 2232 1626">
    <p class='ocr_par' dir='ltr' id='par_1_18' title="bbox 584 1553 2232 1626">
     <span class='ocr_line' id='line_1_18' title="bbox 584 1553 2232 1626; baseline 0.001 -18"><span class='ocrx_word' id='word_1_105' title='bbox 584 1554 828 1619; x_wconf 86' lang='lat' dir='ltr'><strong>dimisit,</strong></span> <span class='ocrx_word' id='word_1_106' title='bbox 863 1553 1344 1624; x_wconf 86' lang='lat' dir='ltr'><strong>militaribusque</strong></span> <span class='ocrx_word' id='word_1_107' title='bbox 1388 1560 1667 1610; x_wconf 89' lang='lat' dir='ltr'><strong>ornatum</strong></span> <span class='ocrx_word' id='word_1_108' title='bbox 1713 1556 2059 1626; x_wconf 83' lang='lat' dir='ltr'><strong>insignibus,</strong></span> <span class='ocrx_word' id='word_1_109' title='bbox 2100 1556 2232 1625; x_wconf 89' lang='lat' dir='ltr'><strong>ejus</strong></span> 
     </span>
    </p>
   </div>
   <div class='ocr_carea' id='block_1_19' title="bbox 588 1642 2232 1715">
    <p class='ocr_par' dir='ltr' id='par_1_19' title="bbox 588 1642 2232 1715">
     <span class='ocr_line' id='line_1_19' title="bbox 588 1642 2232 1715; baseline 0.001 -19"><span class='ocrx_word' id='word_1_110' title='bbox 588 1643 717 1697; x_wconf 86' lang='lat' dir='ltr'><strong>belli</strong></span> <span class='ocrx_word' id='word_1_111' title='bbox 747 1643 902 1714; x_wconf 88' lang='lat' dir='ltr'><strong>quod</strong></span> <span class='ocrx_word' id='word_1_112' title='bbox 928 1642 1215 1697; x_wconf 89' lang='lat' dir='ltr'><strong>adversus</strong></span> <span class='ocrx_word' id='word_1_113' title='bbox 1232 1643 1417 1714; x_wconf 69' lang='lat' dir='ltr'><strong>Syria.-</strong></span> <span class='ocrx_word' id='word_1_114' title='bbox 1431 1659 1632 1714; x_wconf 84' lang='lat' dir='ltr'><strong>regem</strong></span> <span class='ocrx_word' id='word_1_115' title='bbox 1668 1645 2232 1715; x_wconf 82' lang='lat' dir='ltr'><strong>movebat,impera-</strong></span> 
     </span>
    </p>
   </div>
   <div class='ocr_carea' id='block_1_20' title="bbox 587 1734 2588 1805">
    <p class='ocr_par' dir='ltr' id='par_1_20' title="bbox 587 1734 2588 1805">
     <span class='ocr_line' id='line_1_20' title="bbox 587 1734 2588 1805; baseline -0.002 -17"><span class='ocrx_word' id='word_1_116' title='bbox 587 1740 774 1788; x_wconf 89' lang='lat' dir='ltr'><strong>torem</strong></span> <span class='ocrx_word' id='word_1_117' title='bbox 807 1737 984 1792; x_wconf 89' lang='lat' dir='ltr'><strong>creat,</strong></span> <span class='ocrx_word' id='word_1_118' title='bbox 1014 1741 1303 1802; x_wconf 90' lang='lat' dir='ltr'><strong>tanquam</strong></span> <span class='ocrx_word' id='word_1_119' title='bbox 1331 1739 1632 1789; x_wconf 85' lang='lat' dir='ltr'><strong>amantem</strong></span> <span class='ocrx_word' id='word_1_120' title='bbox 1657 1734 1949 1790; x_wconf 88' lang='lat' dir='ltr'><strong>adversus</strong></span> <span class='ocrx_word' id='word_1_121' title='bbox 1969 1734 2234 1792; x_wconf 80' lang='lat' dir='ltr'><strong>rivalem.</strong></span> <span class='ocrx_word' id='word_1_122' title='bbox 2272 1745 2312 1798; x_wconf 82' lang='grc' dir='ltr'>Β</span> <span class='ocrx_word' id='word_1_123' title='bbox 2345 1739 2472 1805; x_wconf 78' lang='grc' dir='ltr'>πρὸς</span> <span class='ocrx_word' id='word_1_124' title='bbox 2503 1736 2588 1784; x_wconf 79' lang='grc' dir='ltr'>τὸν</span> 
     </span>
    </p>
   </div>
   <div class='ocr_carea' id='block_1_21' title="bbox 590 1821 2232 1894">
    <p class='ocr_par' dir='ltr' id='par_1_21' title="bbox 590 1821 2232 1894">
     <span class='ocr_line' id='line_1_21' title="bbox 590 1821 2232 1894; baseline 0 -17"><span class='ocrx_word' id='word_1_125' title='bbox 590 1823 681 1878; x_wconf 90' lang='lat' dir='ltr'><strong>Sic</strong></span> <span class='ocrx_word' id='word_1_126' title='bbox 706 1821 948 1886; x_wconf 84' lang='lat' dir='ltr'><strong>blande,</strong></span> <span class='ocrx_word' id='word_1_127' title='bbox 1003 1821 1108 1876; x_wconf 90' lang='lat' dir='ltr'><strong>sed</strong></span> <span class='ocrx_word' id='word_1_128' title='bbox 1155 1821 1452 1885; x_wconf 87' lang='lat' dir='ltr'><strong>simulate,</strong></span> <span class='ocrx_word' id='word_1_129' title='bbox 1480 1828 1761 1894; x_wconf 91' lang='lat' dir='ltr'><strong>acceptus</strong></span> <span class='ocrx_word' id='word_1_130' title='bbox 1813 1841 1848 1878; x_wconf 92' lang='lat' dir='ltr'><strong>a</strong></span> <span class='ocrx_word' id='word_1_131' title='bbox 1881 1826 2095 1878; x_wconf 89' lang='lat' dir='ltr'><strong>Garmo</strong></span> <span class='ocrx_word' id='word_1_132' title='bbox 2126 1832 2232 1879; x_wconf 89' lang='lat' dir='ltr'><strong>est.</strong></span> 
     </span>
    </p>
   </div>
   <div class='ocr_carea' id='block_1_22' title="bbox 587 1909 2234 1983">
    <p class='ocr_par' dir='ltr' id='par_1_22' title="bbox 587 1909 2234 1983">
     <span class='ocr_line' id='line_1_22' title="bbox 587 1909 2234 1983; baseline 0 -17"><span class='ocrx_word' id='word_1_133' title='bbox 587 1915 733 1966; x_wconf 75' lang='lat' dir='ltr'><strong>Nam</strong></span> <span class='ocrx_word' id='word_1_134' title='bbox 761 1910 986 1966; x_wconf 71' lang='lat' dir='ltr'><strong>caateris</strong></span> <span class='ocrx_word' id='word_1_135' title='bbox 1011 1910 1105 1964; x_wconf 92' lang='lat' dir='ltr'><strong>ille</strong></span> <span class='ocrx_word' id='word_1_136' title='bbox 1136 1909 1516 1966; x_wconf 79' lang='lat' dir='ltr'><strong>inferioribus</strong></span> <span class='ocrx_word' id='word_1_137' title='bbox 1558 1912 1816 1967; x_wconf 87' lang='lat' dir='ltr'><strong>ducibus</strong></span> <span class='ocrx_word' id='word_1_138' title='bbox 1870 1929 1974 1983; x_wconf 87' lang='lat' dir='ltr'><strong>per</strong></span> <span class='ocrx_word' id='word_1_139' title='bbox 2013 1913 2234 1968; x_wconf 88' lang='lat' dir='ltr'><strong>litteras</strong></span> 
     </span>
    </p>
   </div>
   <div class='ocr_carea' id='block_1_23' title="bbox 588 1998 2235 2071">
    <p class='ocr_par' dir='ltr' id='par_1_23' title="bbox 588 1998 2235 2071">
     <span class='ocr_line' id='line_1_23' title="bbox 588 1998 2235 2071; baseline 0.002 -18"><span class='ocrx_word' id='word_1_140' title='bbox 588 2000 742 2054; x_wconf 91' lang='lat' dir='ltr'><strong>clam</strong></span> <span class='ocrx_word' id='word_1_141' title='bbox 788 1999 1124 2070; x_wconf 86' lang='lat' dir='ltr'><strong>imperavit,</strong></span> <span class='ocrx_word' id='word_1_142' title='bbox 1181 1998 1230 2053; x_wconf 87' lang='lat' dir='ltr'><strong>si</strong></span> <span class='ocrx_word' id='word_1_143' title='bbox 1263 1999 1411 2054; x_wconf 80' lang='lat' dir='ltr'><strong>forte</strong></span> <span class='ocrx_word' id='word_1_144' title='bbox 1460 2000 1702 2056; x_wconf 85' lang='lat' dir='ltr'><strong>victoria</strong></span> <span class='ocrx_word' id='word_1_145' title='bbox 1734 2001 1918 2071; x_wconf 87' lang='lat' dir='ltr'><strong>potiti,</strong></span> <span class='ocrx_word' id='word_1_146' title='bbox 1950 2001 2235 2057; x_wconf 89' lang='lat' dir='ltr'><strong>Sinonida</strong></span> 
     </span>
    </p>
   </div>
   <div class='ocr_carea' id='block_1_24' title="bbox 586 2088 2235 2159">
    <p class='ocr_par' dir='ltr' id='par_1_24' title="bbox 586 2088 2235 2159">
     <span class='ocr_line' id='line_1_24' title="bbox 586 2088 2235 2159; baseline 0.002 -17"><span class='ocrx_word' id='word_1_147' title='bbox 586 2089 782 2143; x_wconf 86' lang='lat' dir='ltr'><strong>vivam</strong></span> <span class='ocrx_word' id='word_1_148' title='bbox 810 2089 1122 2159; x_wconf 88' lang='lat' dir='ltr'><strong>cepissent,</strong></span> <span class='ocrx_word' id='word_1_149' title='bbox 1154 2088 1505 2144; x_wconf 85' lang='lat' dir='ltr'><strong>Rhodanem</strong></span> <span class='ocrx_word' id='word_1_150' title='bbox 1533 2095 1596 2144; x_wconf 89' lang='lat' dir='ltr'><strong>ut</strong></span> <span class='ocrx_word' id='word_1_151' title='bbox 1627 2090 2043 2145; x_wconf 84' lang='lat' dir='ltr'><strong>interﬁcerent.</strong></span> <span class='ocrx_word' id='word_1_152' title='bbox 2090 2091 2235 2146; x_wconf 86' lang='lat' dir='ltr'><strong>Vicit</strong></span> 
     </span>
    </p>
   </div>
   <div class='ocr_carea' id='block_1_25' title="bbox 585 2176 2233 2250">
    <p class='ocr_par' dir='ltr' id='par_1_25' title="bbox 585 2176 2233 2250">
     <span class='ocr_line' id='line_1_25' title="bbox 585 2176 2233 2250; baseline 0.003 -21"><span class='ocrx_word' id='word_1_153' title='bbox 585 2193 725 2231; x_wconf 81' lang='lat' dir='ltr'><strong>vero</strong></span> <span class='ocrx_word' id='word_1_154' title='bbox 757 2176 1097 2240; x_wconf 80' lang='lat' dir='ltr'><strong>Rhodanes,</strong></span> <span class='ocrx_word' id='word_1_155' title='bbox 1131 2181 1186 2231; x_wconf 88' lang='lat' dir='ltr'><strong>et</strong></span> <span class='ocrx_word' id='word_1_156' title='bbox 1216 2193 1386 2232; x_wconf 87' lang='lat' dir='ltr'><strong>suam</strong></span> <span class='ocrx_word' id='word_1_157' title='bbox 1423 2178 1709 2234; x_wconf 89' lang='lat' dir='ltr'><strong>Sinonida</strong></span> <span class='ocrx_word' id='word_1_158' title='bbox 1738 2180 2128 2250; x_wconf 86' lang='lat' dir='ltr'><strong>recuperavit.</strong></span> <span class='ocrx_word' id='word_1_159' title='bbox 2164 2195 2233 2234; x_wconf 89' lang='lat' dir='ltr'><strong>ac</strong></span> 
     </span>
    </p>
   </div>
   <div class='ocr_carea' id='block_1_26' title="bbox 587 2264 2232 2335">
    <p class='ocr_par' dir='ltr' id='par_1_26' title="bbox 587 2264 2232 2335">
     <span class='ocr_line' id='line_1_26' title="bbox 587 2264 2232 2335; baseline 0.003 -17"><span class='ocrx_word' id='word_1_160' title='bbox 587 2265 927 2335; x_wconf 83' lang='lat' dir='ltr'><strong>Babyloniis</strong></span> <span class='ocrx_word' id='word_1_161' title='bbox 954 2264 1462 2334; x_wconf 71' lang='lat' dir='ltr'><strong>imperaviLQuod</strong></span> <span class='ocrx_word' id='word_1_162' title='bbox 1476 2272 1533 2322; x_wconf 91' lang='lat' dir='ltr'><strong>et</strong></span> <span class='ocrx_word' id='word_1_163' title='bbox 1553 2267 1893 2322; x_wconf 83' lang='lat' dir='ltr'><strong>hirundinis</strong></span> <span class='ocrx_word' id='word_1_164' title='bbox 1913 2268 2232 2334; x_wconf 71' lang='lat' dir='ltr'><strong>augurium</strong></span> 
     </span>
    </p>
   </div>
   <div class='ocr_carea' id='block_1_27' title="bbox 585 2353 2231 2426">
    <p class='ocr_par' dir='ltr' id='par_1_27' title="bbox 585 2353 2231 2426">
     <span class='ocr_line' id='line_1_27' title="bbox 585 2353 2231 2426; baseline 0.004 -20"><span class='ocrx_word' id='word_1_165' title='bbox 585 2360 756 2408; x_wconf 84' lang='lat' dir='ltr'><strong>antea</strong></span> <span class='ocrx_word' id='word_1_166' title='bbox 787 2353 1499 2424; x_wconf 89' lang='lat' dir='ltr'><strong>denuntiarat.lpsoenim</strong></span> <span class='ocrx_word' id='word_1_167' title='bbox 1529 2362 1822 2426; x_wconf 67' lang='lat' dir='ltr'><strong>praesente</strong></span> <span class='ocrx_word' id='word_1_168' title='bbox 1849 2357 2231 2421; x_wconf 85' lang='lat' dir='ltr'><strong>Garmo,cum</strong></span> 
     </span>
    </p>
   </div>
   <div class='ocr_carea' id='block_1_28' title="bbox 581 2442 2232 2517">
    <p class='ocr_par' dir='ltr' id='par_1_28' title="bbox 581 2442 2232 2517">
     <span class='ocr_line' id='line_1_28' title="bbox 581 2442 2232 2517; baseline 0.004 -21"><span class='ocrx_word' id='word_1_169' title='bbox 581 2443 631 2496; x_wconf 87' lang='lat' dir='ltr'><strong>is</strong></span> <span class='ocrx_word' id='word_1_170' title='bbox 661 2443 819 2512; x_wconf 81' lang='lat' dir='ltr'><strong>78b</strong></span> <span class='ocrx_word' id='word_1_171' title='bbox 865 2442 1211 2498; x_wconf 82' lang='lat' dir='ltr'><strong>Rhodanem</strong></span> <span class='ocrx_word' id='word_1_172' title='bbox 1265 2443 1526 2508; x_wconf 85' lang='lat' dir='ltr'><strong>mitteret,</strong></span> <span class='ocrx_word' id='word_1_173' title='bbox 1559 2449 1618 2500; x_wconf 87' lang='lat' dir='ltr'><strong>et</strong></span> <span class='ocrx_word' id='word_1_174' title='bbox 1644 2445 1848 2517; x_wconf 89' lang='lat' dir='ltr'><strong>aquila</strong></span> <span class='ocrx_word' id='word_1_175' title='bbox 1885 2446 2037 2500; x_wconf 90' lang='lat' dir='ltr'><strong>hanc</strong></span> <span class='ocrx_word' id='word_1_176' title='bbox 2072 2447 2232 2502; x_wconf 85' lang='lat' dir='ltr'><strong>inse-</strong></span> 
     </span>
    </p>
   </div>
   <div class='ocr_carea' id='block_1_29' title="bbox 581 2530 2231 2605">
    <p class='ocr_par' dir='ltr' id='par_1_29' title="bbox 581 2530 2231 2605">
     <span class='ocr_line' id='line_1_29' title="bbox 581 2530 2231 2605; baseline 0.004 -21"><span class='ocrx_word' id='word_1_177' title='bbox 581 2536 791 2595; x_wconf 90' lang='lat' dir='ltr'><strong>ctatur,</strong></span> <span class='ocrx_word' id='word_1_178' title='bbox 824 2535 881 2585; x_wconf 91' lang='lat' dir='ltr'><strong>et</strong></span> <span class='ocrx_word' id='word_1_179' title='bbox 927 2530 1167 2598; x_wconf 87' lang='lat' dir='ltr'><strong>milvus,</strong></span> <span class='ocrx_word' id='word_1_180' title='bbox 1202 2537 1262 2587; x_wconf 92' lang='lat' dir='ltr'><strong>at</strong></span> <span class='ocrx_word' id='word_1_181' title='bbox 1292 2531 1424 2587; x_wconf 88' lang='lat' dir='ltr'><strong>licet</strong></span> <span class='ocrx_word' id='word_1_182' title='bbox 1471 2534 1672 2605; x_wconf 90' lang='lat' dir='ltr'><strong>aquila</strong></span> <span class='ocrx_word' id='word_1_183' title='bbox 1702 2550 1935 2604; x_wconf 83' lang='lat' dir='ltr'><strong>ungues</strong></span> <span class='ocrx_word' id='word_1_184' title='bbox 1959 2534 2058 2590; x_wconf 91' lang='lat' dir='ltr'><strong>illa</strong></span> <span class='ocrx_word' id='word_1_185' title='bbox 2087 2535 2231 2590; x_wconf 72' lang='lat' dir='ltr'><strong>etfu-</strong></span> 
     </span>
    </p>
   </div>
   <div class='ocr_carea' id='block_1_30' title="bbox 580 2619 2231 2695">
    <p class='ocr_par' dir='ltr' id='par_1_30' title="bbox 580 2619 2231 2695">
     <span class='ocr_line' id='line_1_30' title="bbox 580 2619 2231 2695; baseline 0.004 -21"><span class='ocrx_word' id='word_1_186' title='bbox 580 2619 747 2688; x_wconf 81' lang='lat' dir='ltr'><strong>gerit,</strong></span> <span class='ocrx_word' id='word_1_187' title='bbox 790 2635 826 2674; x_wconf 89' lang='lat' dir='ltr'><strong>a</strong></span> <span class='ocrx_word' id='word_1_188' title='bbox 883 2619 1056 2674; x_wconf 89' lang='lat' dir='ltr'><strong>milvo</strong></span> <span class='ocrx_word' id='word_1_189' title='bbox 1107 2625 1308 2676; x_wconf 92' lang='lat' dir='ltr'><strong>tamen</strong></span> <span class='ocrx_word' id='word_1_190' title='bbox 1346 2626 1518 2693; x_wconf 86' lang='lat' dir='ltr'><strong>rapta</strong></span> <span class='ocrx_word' id='word_1_191' title='bbox 1569 2628 1673 2682; x_wconf 84' lang='lat' dir='ltr'><strong>est.</strong></span> <span class='ocrx_word' id='word_1_192' title='bbox 1718 2627 1906 2695; x_wconf 82' lang='lat' dir='ltr'><strong>Atque</strong></span> <span class='ocrx_word' id='word_1_193' title='bbox 1937 2624 2031 2680; x_wconf 93' lang='lat' dir='ltr'><strong>hic</strong></span> <span class='ocrx_word' id='word_1_194' title='bbox 2074 2623 2231 2680; x_wconf 87' lang='lat' dir='ltr'><strong>sede-</strong></span> 
     </span>
    </p>
   </div>
   <div class='ocr_carea' id='block_1_31' title="bbox 579 2707 1484 2779">
    <p class='ocr_par' dir='ltr' id='par_1_31' title="bbox 579 2707 1484 2779">
     <span class='ocr_line' id='line_1_31' title="bbox 579 2707 1484 2779; baseline 0.004 -17"><span class='ocrx_word' id='word_1_195' title='bbox 579 2709 694 2763; x_wconf 91' lang='lat' dir='ltr'><strong>cim</strong></span> <span class='ocrx_word' id='word_1_196' title='bbox 721 2708 836 2779; x_wconf 87' lang='lat'>(69)</span> <span class='ocrx_word' id='word_1_197' title='bbox 876 2707 1166 2764; x_wconf 89' lang='lat' dir='ltr'><strong>librorum</strong></span> <span class='ocrx_word' id='word_1_198' title='bbox 1206 2709 1345 2765; x_wconf 89' lang='lat' dir='ltr'><strong>ﬁnis</strong></span> <span class='ocrx_word' id='word_1_199' title='bbox 1377 2716 1484 2767; x_wconf 89' lang='lat' dir='ltr'><strong>est.</strong></span> 
     </span>
    </p>
   </div>
   <div class='ocr_carea' id='block_1_32' title="bbox 1331 2801 1485 2856">
    <p class='ocr_par' dir='ltr' id='par_1_32' title="bbox 1331 2801 1485 2856">
     <span class='ocr_line' id='line_1_32' title="bbox 1331 2801 1485 2856; baseline -0.019 0"><span class='ocrx_word' id='word_1_200' title='bbox 1331 2801 1485 2856; x_wconf 87' lang='lat' dir='ltr'><strong>XCV.</strong></span> 
     </span>
    </p>
   </div>
   <div class='ocr_carea' id='block_1_33' title="bbox 575 2887 2228 2964">
    <p class='ocr_par' dir='ltr' id='par_1_33' title="bbox 575 2887 2228 2964">
     <span class='ocr_line' id='line_1_33' title="bbox 575 2887 2228 2964; baseline 0.006 -23"><span class='ocrx_word' id='word_1_201' title='bbox 575 2887 829 2943; x_wconf 76' lang='lat' dir='ltr'><strong>Joannis</strong></span> <span class='ocrx_word' id='word_1_202' title='bbox 849 2888 1278 2957; x_wconf 74' lang='lat' dir='ltr'><strong>Scythopolita</strong></span> <span class='ocrx_word' id='word_1_203' title='bbox 1293 2890 1518 2948; x_wconf 84' lang='lat' dir='ltr'><strong>Contra</strong></span> <span class='ocrx_word' id='word_1_204' title='bbox 1540 2892 1940 2964; x_wconf 77' lang='lat' dir='ltr'><strong>Eutychianos</strong></span> <span class='ocrx_word' id='word_1_205' title='bbox 1963 2894 2110 2950; x_wconf 84' lang='lat' dir='ltr'><strong>libri</strong></span> <span class='ocrx_word' id='word_1_206' title='bbox 2123 2909 2228 2951; x_wconf 84' lang='lat' dir='ltr'><strong>xu.</strong></span> 
     </span>
    </p>
   </div>
   <div class='ocr_carea' id='block_1_34' title="bbox 651 3067 2207 3142">
    <p class='ocr_par' dir='ltr' id='par_1_34' title="bbox 651 3067 2207 3142">
     <span class='ocr_line' id='line_1_34' title="bbox 651 3067 2207 3142; baseline 0.004 -22"><span class='ocrx_word' id='word_1_207' title='bbox 651 3068 852 3121; x_wconf 87' lang='lat' dir='ltr'><strong>Lectus</strong></span> <span class='ocrx_word' id='word_1_208' title='bbox 880 3070 967 3121; x_wconf 91' lang='lat' dir='ltr'><strong>est</strong></span> <span class='ocrx_word' id='word_1_209' title='bbox 991 3069 1161 3121; x_wconf 84' lang='lat' dir='ltr'><strong>Joan.</strong></span> <span class='ocrx_word' id='word_1_210' title='bbox 1217 3067 1620 3140; x_wconf 86' lang='lat' dir='ltr'><strong>Scythopolita</strong></span> <span class='ocrx_word' id='word_1_211' title='bbox 1664 3073 1779 3142; x_wconf 88' lang='lat'>(70)</span> <span class='ocrx_word' id='word_1_212' title='bbox 1819 3072 2207 3129; x_wconf 86' lang='lat' dir='ltr'><strong>scholasticus</strong></span> 
     </span>
    </p>
   </div>
   <div class='ocr_carea' id='block_1_35' title="bbox 576 3155 2226 3232">
    <p class='ocr_par' dir='ltr' id='par_1_35' title="bbox 576 3155 2226 3232">
     <span class='ocr_line' id='line_1_35' title="bbox 576 3155 2226 3232; baseline 0.006 -24"><span class='ocrx_word' id='word_1_213' title='bbox 576 3157 617 3208; x_wconf 83' lang='lat' dir='ltr'><strong><em>A</em></strong></span> <span class='ocrx_word' id='word_1_214' title='bbox 632 3155 874 3211; x_wconf 83' lang='lat' dir='ltr'><strong>dversus</strong></span> <span class='ocrx_word' id='word_1_215' title='bbox 889 3155 1164 3211; x_wconf 78' lang='lat' dir='ltr'><strong>Ecclesia:</strong></span> <span class='ocrx_word' id='word_1_216' title='bbox 1177 3157 1673 3222; x_wconf 88' lang='lat' dir='ltr'><strong>desertores,sive,</strong></span> <span class='ocrx_word' id='word_1_217' title='bbox 1685 3161 1908 3216; x_wconf 83' lang='lat' dir='ltr'><strong>Contra</strong></span> <span class='ocrx_word' id='word_1_218' title='bbox 1925 3163 2226 3232; x_wconf 82' lang='lat' dir='ltr'><strong>Eutychen</strong></span> 
     </span>
    </p>
   </div>
   <div class='ocr_carea' id='block_1_36' title="bbox 580 3245 2226 3322">
    <p class='ocr_par' dir='ltr' id='par_1_36' title="bbox 580 3245 2226 3322">
     <span class='ocr_line' id='line_1_36' title="bbox 580 3245 2226 3322; baseline 0.005 -23"><span class='ocrx_word' id='word_1_219' title='bbox 580 3251 633 3299; x_wconf 88' lang='lat' dir='ltr'><strong>et</strong></span> <span class='ocrx_word' id='word_1_220' title='bbox 667 3245 1020 3309; x_wconf 86' lang='lat' dir='ltr'><strong>Dioscorum,</strong></span> <span class='ocrx_word' id='word_1_221' title='bbox 1085 3245 1455 3316; x_wconf 81' lang='lat' dir='ltr'><strong>ejusdemque</strong></span> <span class='ocrx_word' id='word_1_222' title='bbox 1510 3254 1675 3303; x_wconf 74' lang='lat' dir='ltr'><strong>sectae</strong></span> <span class='ocrx_word' id='word_1_223' title='bbox 1726 3253 2005 3315; x_wconf 83' lang='lat' dir='ltr'><strong>asseclas,</strong></span> <span class='ocrx_word' id='word_1_224' title='bbox 2033 3254 2138 3322; x_wconf 89' lang='lat' dir='ltr'><strong>qui</strong></span> <span class='ocrx_word' id='word_1_225' title='bbox 2169 3253 2226 3307; x_wconf 91' lang='lat' dir='ltr'><strong>in</strong></span> 
     </span>
    </p>
   </div>
   <div class='ocr_carea' id='block_1_37' title="bbox 579 3333 2225 3405">
    <p class='ocr_par' dir='ltr' id='par_1_37' title="bbox 579 3333 2225 3405">
     <span class='ocr_line' id='line_1_37' title="bbox 579 3333 2225 3405; baseline 0.006 -20"><span class='ocrx_word' id='word_1_226' title='bbox 579 3333 818 3388; x_wconf 89' lang='lat' dir='ltr'><strong>duabus</strong></span> <span class='ocrx_word' id='word_1_227' title='bbox 871 3335 1098 3389; x_wconf 89' lang='lat' dir='ltr'><strong>naturis</strong></span> <span class='ocrx_word' id='word_1_228' title='bbox 1130 3334 1455 3405; x_wconf 69' lang='lat' dir='ltr'><strong>praedicare</strong></span> <span class='ocrx_word' id='word_1_229' title='bbox 1506 3338 1800 3393; x_wconf 89' lang='lat' dir='ltr'><strong>Christum</strong></span> <span class='ocrx_word' id='word_1_230' title='bbox 1843 3341 2225 3395; x_wconf 85' lang='lat' dir='ltr'><strong>recusabant.</strong></span> 
     </span>
    </p>
   </div>
   <div class='ocr_carea' id='block_1_38' title="bbox 577 3425 2227 3500">
    <p class='ocr_par' dir='ltr' id='par_1_38' title="bbox 577 3425 2227 3500">
     <span class='ocr_line' id='line_1_38' title="bbox 577 3425 2227 3500; baseline 0.004 -21"><span class='ocrx_word' id='word_1_231' title='bbox 577 3427 909 3493; x_wconf 79' lang='lat' dir='ltr'><strong>Rogaverat</strong></span> <span class='ocrx_word' id='word_1_232' title='bbox 939 3441 1093 3495; x_wconf 90' lang='lat' dir='ltr'><strong>opus</strong></span> <span class='ocrx_word' id='word_1_233' title='bbox 1118 3425 1226 3479; x_wconf 91' lang='lat' dir='ltr'><strong>hoc</strong></span> <span class='ocrx_word' id='word_1_234' title='bbox 1257 3425 1553 3480; x_wconf 88' lang='lat' dir='ltr'><strong>conscribi</strong></span> <span class='ocrx_word' id='word_1_235' title='bbox 1592 3429 1932 3498; x_wconf 84' lang='lat' dir='ltr'><strong>patriarcha</strong></span> <span class='ocrx_word' id='word_1_236' title='bbox 1958 3431 2227 3500; x_wconf 90' lang='lat' dir='ltr'><strong>quidam,</strong></span> 
     </span>
    </p>
   </div>
   <div class='ocr_carea' id='block_1_39' title="bbox 579 3515 2230 3587">
    <p class='ocr_par' dir='ltr' id='par_1_39' title="bbox 579 3515 2230 3587">
     <span class='ocr_line' id='line_1_39' title="bbox 579 3515 2230 3587; baseline 0.005 -19"><span class='ocrx_word' id='word_1_237' title='bbox 579 3515 670 3568; x_wconf 88' lang='lat' dir='ltr'><strong>cui</strong></span> <span class='ocrx_word' id='word_1_238' title='bbox 705 3515 934 3569; x_wconf 83' lang='lat' dir='ltr'><strong>Juliano</strong></span> <span class='ocrx_word' id='word_1_239' title='bbox 961 3530 1182 3568; x_wconf 90' lang='lat' dir='ltr'><strong>nomen</strong></span> <span class='ocrx_word' id='word_1_240' title='bbox 1213 3515 1325 3585; x_wconf 79' lang='lat'>(71)</span> <span class='ocrx_word' id='word_1_241' title='bbox 1364 3530 1376 3568; x_wconf 90' lang='lat'>:</span> <span class='ocrx_word' id='word_1_242' title='bbox 1415 3516 1580 3587; x_wconf 89' lang='lat' dir='ltr'><strong>quod</strong></span> <span class='ocrx_word' id='word_1_243' title='bbox 1610 3523 1666 3571; x_wconf 92' lang='lat' dir='ltr'><strong>et</strong></span> <span class='ocrx_word' id='word_1_244' title='bbox 1721 3517 1885 3573; x_wconf 89' lang='lat' dir='ltr'><strong>libris</strong></span> <span class='ocrx_word' id='word_1_245' title='bbox 1911 3520 2230 3576; x_wconf 89' lang='lat' dir='ltr'><strong>duodecim</strong></span> 
     </span>
    </p>
   </div>
   <div class='ocr_carea' id='block_1_40' title="bbox 580 3603 2230 3675">
    <p class='ocr_par' dir='ltr' id='par_1_40' title="bbox 580 3603 2230 3675">
     <span class='ocr_line' id='line_1_40' title="bbox 580 3603 2230 3675; baseline 0.005 -18"><span class='ocrx_word' id='word_1_246' title='bbox 580 3604 916 3658; x_wconf 82' lang='lat' dir='ltr'><strong>absolutum</strong></span> <span class='ocrx_word' id='word_1_247' title='bbox 941 3609 1050 3658; x_wconf 89' lang='lat' dir='ltr'><strong>est.</strong></span> <span class='ocrx_word' id='word_1_248' title='bbox 1082 3603 1398 3675; x_wconf 87' lang='lat' dir='ltr'><strong>Scriptoris</strong></span> <span class='ocrx_word' id='word_1_249' title='bbox 1429 3612 1628 3660; x_wconf 90' lang='lat' dir='ltr'><strong>autem</strong></span> <span class='ocrx_word' id='word_1_250' title='bbox 1654 3609 1839 3663; x_wconf 91' lang='lat' dir='ltr'><strong>oratio</strong></span> <span class='ocrx_word' id='word_1_251' title='bbox 1867 3609 2028 3665; x_wconf 89' lang='lat' dir='ltr'><strong>clara</strong></span> <span class='ocrx_word' id='word_1_252' title='bbox 2054 3616 2142 3665; x_wconf 85' lang='lat' dir='ltr'><strong>est</strong></span> <span class='ocrx_word' id='word_1_253' title='bbox 2161 3628 2230 3666; x_wconf 91' lang='lat' dir='ltr'><strong>ac</strong></span> 
     </span>
    </p>
   </div>
   <div class='ocr_carea' id='block_1_41' title="bbox 585 3693 2226 3768">
    <p class='ocr_par' dir='ltr' id='par_1_41' title="bbox 585 3693 2226 3768">
     <span class='ocr_line' id='line_1_41' title="bbox 585 3693 2226 3768; baseline 0.006 -21"><span class='ocrx_word' id='word_1_254' title='bbox 585 3693 1074 3764; x_wconf 89' lang='lat' dir='ltr'><strong>pura,verbisque</strong></span> <span class='ocrx_word' id='word_1_255' title='bbox 1093 3695 1272 3748; x_wconf 89' lang='lat' dir='ltr'><strong>utitur</strong></span> <span class='ocrx_word' id='word_1_256' title='bbox 1285 3695 1563 3750; x_wconf 90' lang='lat' dir='ltr'><strong>historico</strong></span> <span class='ocrx_word' id='word_1_257' title='bbox 1581 3697 1736 3768; x_wconf 88' lang='lat' dir='ltr'><strong>stylo</strong></span> <span class='ocrx_word' id='word_1_258' title='bbox 1753 3701 2226 3757; x_wconf 87' lang='lat' dir='ltr'><strong>accommodatis.</strong></span> 
     </span>
    </p>
   </div>
   <div class='ocr_carea' id='block_1_42' title="bbox 584 3781 2228 3860">
    <p class='ocr_par' dir='ltr' id='par_1_42' title="bbox 584 3781 2228 3860">
     <span class='ocr_line' id='line_1_42' title="bbox 584 3781 2228 3860; baseline 0.006 -26"><span class='ocrx_word' id='word_1_259' title='bbox 584 3784 795 3836; x_wconf 75' lang='lat' dir='ltr'><strong>Contra</strong></span> <span class='ocrx_word' id='word_1_260' title='bbox 824 3781 1100 3836; x_wconf 61' lang='lat' dir='ltr'><strong>haeresim</strong></span> <span class='ocrx_word' id='word_1_261' title='bbox 1131 3787 1420 3853; x_wconf 64' lang='lat' dir='ltr'><strong>praeterea</strong></span> <span class='ocrx_word' id='word_1_262' title='bbox 1454 3800 1646 3856; x_wconf 88' lang='lat' dir='ltr'><strong>neque</strong></span> <span class='ocrx_word' id='word_1_263' title='bbox 1673 3786 1949 3857; x_wconf 83' lang='lat' dir='ltr'><strong>languide</strong></span> <span class='ocrx_word' id='word_1_264' title='bbox 1985 3795 2228 3860; x_wconf 84' lang='lat' dir='ltr'><strong>pugnat,</strong></span> 
     </span>
    </p>
   </div>
   <div class='ocr_carea' id='block_1_43' title="bbox 585 3871 2234 3942">
    <p class='ocr_par' dir='ltr' id='par_1_43' title="bbox 585 3871 2234 3942">
     <span class='ocr_line' id='line_1_43' title="bbox 585 3871 2234 3942; baseline 0.007 -17"><span class='ocrx_word' id='word_1_265' title='bbox 585 3886 779 3941; x_wconf 90' lang='lat' dir='ltr'><strong>neque</strong></span> <span class='ocrx_word' id='word_1_266' title='bbox 804 3886 989 3924; x_wconf 82' lang='lat' dir='ltr'><strong>sacrae</strong></span> <span class='ocrx_word' id='word_1_267' title='bbox 1019 3871 1326 3942; x_wconf 69' lang='lat' dir='ltr'><strong>Scriptura:</strong></span> <span class='ocrx_word' id='word_1_268' title='bbox 1354 3872 1614 3929; x_wconf 84' lang='lat' dir='ltr'><strong>abutitur</strong></span> <span class='ocrx_word' id='word_1_269' title='bbox 1644 3877 2030 3932; x_wconf 87' lang='lat' dir='ltr'><strong>testimoniis:</strong></span> <span class='ocrx_word' id='word_1_270' title='bbox 2060 3895 2130 3935; x_wconf 91' lang='lat' dir='ltr'><strong>ac</strong></span> <span class='ocrx_word' id='word_1_271' title='bbox 2161 3896 2234 3936; x_wconf 88' lang='lat' dir='ltr'><strong>ne</strong></span> 
     </span>
    </p>
   </div>
   <div class='ocr_carea' id='block_1_44' title="bbox 586 3959 2234 4040">
    <p class='ocr_par' dir='ltr' id='par_1_44' title="bbox 586 3959 2234 4040">
     <span class='ocr_line' id='line_1_44' title="bbox 586 3959 2234 4040; baseline 0.007 -28"><span class='ocrx_word' id='word_1_272' title='bbox 586 3960 815 4028; x_wconf 80' lang='lat' dir='ltr'><strong>iogicas</strong></span> <span class='ocrx_word' id='word_1_273' title='bbox 829 3959 1202 4031; x_wconf 87' lang='lat' dir='ltr'><strong>quidem,ubi</strong></span> <span class='ocrx_word' id='word_1_274' title='bbox 1217 3961 1332 4016; x_wconf 65' lang='lat' dir='ltr'><strong>illas</strong></span> <span class='ocrx_word' id='word_1_275' title='bbox 1345 3962 1423 4016; x_wconf 90' lang='lat' dir='ltr'><strong>ad</strong></span> <span class='ocrx_word' id='word_1_276' title='bbox 1437 3979 1556 4017; x_wconf 88' lang='lat' dir='ltr'><strong>rem</strong></span> <span class='ocrx_word' id='word_1_277' title='bbox 1575 3964 1706 4035; x_wconf 90' lang='lat' dir='ltr'><strong>ipsa</strong></span> <span class='ocrx_word' id='word_1_278' title='bbox 1720 3968 2234 4040; x_wconf 88' lang='lat' dir='ltr'><strong>perlinent,dispu-</strong></span> 
     </span>
    </p>
   </div>
   <div class='ocr_carea' id='block_1_45' title="bbox 586 4050 2239 4126">
    <p class='ocr_par' dir='ltr' id='par_1_45' title="bbox 586 4050 2239 4126">
     <span class='ocr_line' id='line_1_45' title="bbox 586 4050 2239 4126; baseline 0.008 -26"><span class='ocrx_word' id='word_1_279' title='bbox 586 4051 838 4104; x_wconf 84' lang='lat' dir='ltr'><strong>tationes</strong></span> <span class='ocrx_word' id='word_1_280' title='bbox 869 4050 1411 4122; x_wconf 69' lang='lat' dir='ltr'><strong>praatermittitlpse</strong></span> <span class='ocrx_word' id='word_1_281' title='bbox 1442 4068 1582 4108; x_wconf 90' lang='lat' dir='ltr'><strong>vero</strong></span> <span class='ocrx_word' id='word_1_282' title='bbox 1605 4060 1812 4109; x_wconf 86' lang='lat' dir='ltr'><strong>auctor</strong></span> <span class='ocrx_word' id='word_1_283' title='bbox 1842 4056 2020 4126; x_wconf 87' lang='lat' dir='ltr'><strong>hujus</strong></span> <span class='ocrx_word' id='word_1_284' title='bbox 2049 4064 2239 4114; x_wconf 89' lang='lat' dir='ltr'><strong>secta-</strong></span> 
     </span>
    </p>
   </div>
   <div class='ocr_carea' id='block_1_46' title="bbox 586 4138 2239 4213">
    <p class='ocr_par' dir='ltr' id='par_1_46' title="bbox 586 4138 2239 4213">
     <span class='ocr_line' id='line_1_46' title="bbox 586 4138 2239 4213; baseline 0.005 -20"><span class='ocrx_word' id='word_1_285' title='bbox 586 4138 800 4193; x_wconf 89' lang='lat' dir='ltr'><strong>riorum</strong></span> <span class='ocrx_word' id='word_1_286' title='bbox 829 4139 1049 4210; x_wconf 89' lang='lat' dir='ltr'><strong>scripti,</strong></span> <span class='ocrx_word' id='word_1_287' title='bbox 1079 4139 1140 4193; x_wconf 89' lang='lat' dir='ltr'><strong>in</strong></span> <span class='ocrx_word' id='word_1_288' title='bbox 1160 4156 1340 4211; x_wconf 92' lang='lat' dir='ltr'><strong>quem</strong></span> <span class='ocrx_word' id='word_1_289' title='bbox 1370 4143 2239 4213; x_wconf 87' lang='lat' dir='ltr'><strong>Scythopolitascribit.nomen</strong></span> 
     </span>
    </p>
   </div>
   <div class='ocr_carea' id='block_1_47' title="bbox 588 4228 2243 4307">
    <p class='ocr_par' dir='ltr' id='par_1_47' title="bbox 588 4228 2243 4307">
     <span class='ocr_line' id='line_1_47' title="bbox 588 4228 2243 4307; baseline 0.005 -26"><span class='ocrx_word' id='word_1_290' title='bbox 588 4245 764 4282; x_wconf 88' lang='lat' dir='ltr'><strong>suum</strong></span> <span class='ocrx_word' id='word_1_291' title='bbox 777 4228 1112 4296; x_wconf 81' lang='lat' dir='ltr'><strong>tegit,titulo</strong></span> <span class='ocrx_word' id='word_1_292' title='bbox 1127 4228 1417 4284; x_wconf 83' lang='lat' dir='ltr'><strong>duntaxat</strong></span> <span class='ocrx_word' id='word_1_293' title='bbox 1433 4231 1543 4286; x_wconf 89' lang='lat' dir='ltr'><strong>hoc</strong></span> <span class='ocrx_word' id='word_1_294' title='bbox 1557 4232 1718 4302; x_wconf 86' lang='lat' dir='ltr'><strong>operi</strong></span> <span class='ocrx_word' id='word_1_295' title='bbox 1739 4228 1950 4288; x_wconf 83' lang='lat' dir='ltr'><strong>callide</strong></span> <span class='ocrx_word' id='word_1_296' title='bbox 1966 4237 2080 4306; x_wconf 80' lang='lat'>(72)</span> <span class='ocrx_word' id='word_1_297' title='bbox 2098 4252 2243 4307; x_wconf 62' lang='lat' dir='ltr'><strong>praa-</strong></span> 
     </span>
    </p>
   </div>
   <div class='ocr_carea' id='block_1_48' title="bbox 2214 3113 2302 3165">
    <p class='ocr_par' dir='ltr' id='par_1_48' title="bbox 2214 3113 2302 3165">
     <span class='ocr_line' id='line_1_48' title="bbox 2214 3113 2302 3165; baseline 0 0"><span class='ocrx_word' id='word_1_298' title='bbox 2214 3117 2226 3143; x_wconf 93' lang='lat'><strong><em>’</em></strong></span> <span class='ocrx_word' id='word_1_299' title='bbox 2262 3113 2302 3165; x_wconf 89' lang='lat' dir='ltr'>C</span> 
     </span>
    </p>
   </div>
   <div class='ocr_carea' id='block_1_49' title="bbox 2323 481 3851 554">
    <p class='ocr_par' dir='ltr' id='par_1_49' title="bbox 2323 481 3851 554">
     <span class='ocr_line' id='line_1_49' title="bbox 2323 481 3851 554; baseline -0.001 -18"><span class='ocrx_word' id='word_1_300' title='bbox 2323 487 2489 545; x_wconf 88' lang='grc' dir='ltr'>κύσας</span> <span class='ocrx_word' id='word_1_301' title='bbox 2521 487 2706 536; x_wconf 78' lang='grc' dir='ltr'>εἲθισεν</span> <span class='ocrx_word' id='word_1_302' title='bbox 2737 487 2781 520; x_wconf 70' lang='grc' dir='ltr'>η</span> <span class='ocrx_word' id='word_1_303' title='bbox 2831 488 2963 536; x_wconf 74' lang='grc' dir='ltr'>ὥστε</span> <span class='ocrx_word' id='word_1_304' title='bbox 3021 492 3160 554; x_wconf 72' lang='grc' dir='ltr'>σφῶν</span> <span class='ocrx_word' id='word_1_305' title='bbox 3227 484 3458 552; x_wconf 78' lang='grc' dir='ltr'>ἡγεῖσθαι</span> <span class='ocrx_word' id='word_1_306' title='bbox 3515 481 3732 554; x_wconf 77' lang='grc' dir='ltr'>βασιλέα,</span> <span class='ocrx_word' id='word_1_307' title='bbox 3779 489 3851 534; x_wconf 81' lang='grc' dir='ltr'><strong>καί</strong></span> 
     </span>
    </p>
   </div>
   <div class='ocr_carea' id='block_1_50' title="bbox 2325 570 3852 647">
    <p class='ocr_par' dir='ltr' id='par_1_50' title="bbox 2325 570 3852 647">
     <span class='ocr_line' id='line_1_50' title="bbox 2325 570 3852 647; baseline -0.001 -23"><span class='ocrx_word' id='word_1_308' title='bbox 2325 574 2534 644; x_wconf 78' lang='grc' dir='ltr'>πολεμεί</span> <span class='ocrx_word' id='word_1_309' title='bbox 2583 578 2804 647; x_wconf 80' lang='grc' dir='ltr'>στρατὸν</span> <span class='ocrx_word' id='word_1_310' title='bbox 2852 577 2898 608; x_wconf 79' lang='grc'><strong>²⁰</strong></span> <span class='ocrx_word' id='word_1_311' title='bbox 2955 577 3184 646; x_wconf 85' lang='grc' dir='ltr'>Γάρμου,</span> <span class='ocrx_word' id='word_1_312' title='bbox 3231 578 3316 623; x_wconf 82' lang='grc' dir='ltr'>καὶ</span> <span class='ocrx_word' id='word_1_313' title='bbox 3357 578 3487 640; x_wconf 80' lang='grc' dir='ltr'>νικᾷ,</span> <span class='ocrx_word' id='word_1_314' title='bbox 3535 570 3629 622; x_wconf 74' lang='grc' dir='ltr'>ἀλλ’</span> <span class='ocrx_word' id='word_1_315' title='bbox 3677 573 3852 644; x_wconf 69' lang='grc' dir='ltr'>ὕστερον</span> 
     </span>
    </p>
   </div>
   <div class='ocr_carea' id='block_1_51' title="bbox 2328 659 3853 735">
    <p class='ocr_par' dir='ltr' id='par_1_51' title="bbox 2328 659 3853 735">
     <span class='ocr_line' id='line_1_51' title="bbox 2328 659 3853 735; baseline -0.002 -21"><span class='ocrx_word' id='word_1_316' title='bbox 2328 672 2494 715; x_wconf 80' lang='grc' dir='ltr'>ταυτα</span> <span class='ocrx_word' id='word_1_317' title='bbox 2523 682 2537 695; x_wconf 92' lang='grc'><strong>·</strong></span> <span class='ocrx_word' id='word_1_318' title='bbox 2572 664 2654 715; x_wconf 82' lang='grc' dir='ltr'>ὅτε</span> <span class='ocrx_word' id='word_1_319' title='bbox 2694 661 2753 715; x_wconf 68' lang='grc' dir='ltr'><em>δὲ</em></span> <span class='ocrx_word' id='word_1_320' title='bbox 2795 668 3049 735; x_wconf 80' lang='grc' dir='ltr'>Σοραιχος</span> <span class='ocrx_word' id='word_1_321' title='bbox 3105 661 3184 714; x_wconf 70' lang='grc' dir='ltr'><strong>ἐπὶ</strong></span> <span class='ocrx_word' id='word_1_322' title='bbox 3230 666 3312 713; x_wconf 80' lang='grc' dir='ltr'>τὸν</span> <span class='ocrx_word' id='word_1_323' title='bbox 3370 664 3578 732; x_wconf 78' lang='grc' dir='ltr'>σταυρὸν</span> <span class='ocrx_word' id='word_1_324' title='bbox 3627 659 3853 732; x_wconf 70' lang='grc' dir='ltr'>ἐπέμπετο,</span> 
     </span>
    </p>
   </div>
   <div class='ocr_carea' id='block_1_52' title="bbox 2329 749 3855 820">
    <p class='ocr_par' dir='ltr' id='par_1_52' title="bbox 2329 749 3855 820">
     <span class='ocr_line' id='line_1_52' title="bbox 2329 749 3855 820; baseline -0.003 -16"><span class='ocrx_word' id='word_1_325' title='bbox 2329 757 2443 804; x_wconf 84' lang='grc' dir='ltr'>τότε</span> <span class='ocrx_word' id='word_1_326' title='bbox 2485 757 2574 804; x_wconf 80' lang='grc' dir='ltr'>καὶ</span> <span class='ocrx_word' id='word_1_327' title='bbox 2624 749 2872 813; x_wconf 76' lang='grc' dir='ltr'>Ῥοόάνης</span> <span class='ocrx_word' id='word_1_328' title='bbox 2906 753 2993 803; x_wconf 75' lang='grc' dir='ltr'><strong>ὑπ’</strong></span> <span class='ocrx_word' id='word_1_329' title='bbox 3047 752 3204 803; x_wconf 71' lang='grc' dir='ltr'>αὑτοῦ</span> <span class='ocrx_word' id='word_1_330' title='bbox 3257 753 3452 820; x_wconf 87' lang='grc' dir='ltr'>Γάρμου</span> <span class='ocrx_word' id='word_1_331' title='bbox 3499 749 3855 819; x_wconf 75' lang='grc' dir='ltr'>ἐστεφανωμένου</span> 
     </span>
    </p>
   </div>
   <div class='ocr_carea' id='block_1_53' title="bbox 2331 838 3859 915">
    <p class='ocr_par' dir='ltr' id='par_1_53' title="bbox 2331 838 3859 915">
     <span class='ocr_line' id='line_1_53' title="bbox 2331 838 3859 915; baseline 0.005 -35"><span class='ocrx_word' id='word_1_332' title='bbox 2331 847 2419 893; x_wconf 69' lang='grc' dir='ltr'>καὶ</span> <span class='ocrx_word' id='word_1_333' title='bbox 2502 845 2813 915; x_wconf 72' lang='grc' dir='ltr'>χοριύοντος</span> <span class='ocrx_word' id='word_1_334' title='bbox 2879 841 2961 892; x_wconf 73' lang='grc' dir='ltr'><strong>ἐπὶ</strong></span> <span class='ocrx_word' id='word_1_335' title='bbox 3026 843 3112 892; x_wconf 80' lang='grc' dir='ltr'>τὸν</span> <span class='ocrx_word' id='word_1_336' title='bbox 3175 845 3413 913; x_wconf 82' lang='grc' dir='ltr'>πρότερον</span> <span class='ocrx_word' id='word_1_337' title='bbox 3477 841 3681 908; x_wconf 86' lang='grc' dir='ltr'>σταυρὸν</span> <span class='ocrx_word' id='word_1_338' title='bbox 3736 838 3859 889; x_wconf 84' lang='grc' dir='ltr'>πάλιν</span> 
     </span>
    </p>
   </div>
   <div class='ocr_carea' id='block_1_54' title="bbox 2333 928 3860 1003">
    <p class='ocr_par' dir='ltr' id='par_1_54' title="bbox 2333 928 3860 1003">
     <span class='ocr_line' id='line_1_54' title="bbox 2333 928 3860 1003; baseline -0.004 -20"><span class='ocrx_word' id='word_1_339' title='bbox 2333 935 2487 1002; x_wconf 78' lang='grc' dir='ltr'>ἤγετο</span> <span class='ocrx_word' id='word_1_340' title='bbox 2540 936 2626 983; x_wconf 76' lang='grc' dir='ltr'>καὶ</span> <span class='ocrx_word' id='word_1_341' title='bbox 2711 931 3110 1003; x_wconf 78' lang='grc' dir='ltr'>ἀνεσταυροῦτο,</span> <span class='ocrx_word' id='word_1_342' title='bbox 3164 934 3252 981; x_wconf 82' lang='grc' dir='ltr'>καὶ</span> <span class='ocrx_word' id='word_1_343' title='bbox 3312 930 3501 1000; x_wconf 83' lang='grc' dir='ltr'>Γάρμος</span> <span class='ocrx_word' id='word_1_344' title='bbox 3551 929 3725 998; x_wconf 82' lang='grc' dir='ltr'>μεθύων</span> <span class='ocrx_word' id='word_1_345' title='bbox 3772 928 3860 996; x_wconf 71' lang='grc' dir='ltr'>ἅμα</span> 
     </span>
    </p>
   </div>
   <div class='ocr_carea' id='block_1_55' title="bbox 2333 1015 3863 1093">
    <p class='ocr_par' dir='ltr' id='par_1_55' title="bbox 2333 1015 3863 1093">
     <span class='ocr_line' id='line_1_55' title="bbox 2333 1015 3863 1093; baseline -0.003 -22"><span class='ocrx_word' id='word_1_346' title='bbox 2333 1026 2421 1072; x_wconf 88' lang='grc' dir='ltr'>καὶ</span> <span class='ocrx_word' id='word_1_347' title='bbox 2476 1024 2709 1093; x_wconf 87' lang='grc' dir='ltr'>χορεύων</span> <span class='ocrx_word' id='word_1_348' title='bbox 2758 1026 2874 1093; x_wconf 83' lang='grc' dir='ltr'>περὶ</span> <span class='ocrx_word' id='word_1_349' title='bbox 2920 1025 3008 1071; x_wconf 76' lang='grc' dir='ltr'>τὸν</span> <span class='ocrx_word' id='word_1_350' title='bbox 3051 1022 3276 1091; x_wconf 84' lang='grc' dir='ltr'>σταυρὸν</span> <span class='ocrx_word' id='word_1_351' title='bbox 3335 1021 3422 1068; x_wconf 80' lang='grc' dir='ltr'><strong>συν</strong></span> <span class='ocrx_word' id='word_1_352' title='bbox 3467 1025 3569 1077; x_wconf 84' lang='grc' dir='ltr'>ταῖς</span> <span class='ocrx_word' id='word_1_353' title='bbox 3609 1015 3863 1086; x_wconf 69' lang='grc' dir='ltr'><strong>αὐλητρίσιν</strong></span> 
     </span>
    </p>
   </div>
   <div class='ocr_carea' id='block_1_56' title="bbox 2334 1103 3866 1182">
    <p class='ocr_par' dir='ltr' id='par_1_56' title="bbox 2334 1103 3866 1182">
     <span class='ocr_line' id='line_1_56' title="bbox 2334 1103 3866 1182; baseline -0.005 -20"><span class='ocrx_word' id='word_1_354' title='bbox 2334 1114 2516 1182; x_wconf 82' lang='grc' dir='ltr'>ἔχαιρέ</span> <span class='ocrx_word' id='word_1_355' title='bbox 2562 1129 2616 1162; x_wconf 81' lang='grc' dir='ltr'><strong>τε</strong></span> <span class='ocrx_word' id='word_1_356' title='bbox 2663 1116 2751 1162; x_wconf 84' lang='grc' dir='ltr'>καὶ</span> <span class='ocrx_word' id='word_1_357' title='bbox 2810 1110 3123 1181; x_wconf 69' lang='grc' dir='ltr'>εὐφραίνετο.</span> <span class='ocrx_word' id='word_1_358' title='bbox 3194 1109 3274 1160; x_wconf 82' lang='grc' dir='ltr'>Ἐν</span> <span class='ocrx_word' id='word_1_359' title='bbox 3416 1103 3470 1158; x_wconf 75' lang='grc' dir='ltr'><strong>δὲ</strong></span> <span class='ocrx_word' id='word_1_360' title='bbox 3518 1113 3670 1157; x_wconf 75' lang='grc' dir='ltr'>ταῦτα</span> <span class='ocrx_word' id='word_1_361' title='bbox 3717 1105 3866 1173; x_wconf 74' lang='grc' dir='ltr'>ἐπρατ-</span> 
     </span>
    </p>
   </div>
   <div class='ocr_carea' id='block_1_57' title="bbox 2334 1195 3870 1273">
    <p class='ocr_par' dir='ltr' id='par_1_57' title="bbox 2334 1195 3870 1273">
     <span class='ocr_line' id='line_1_57' title="bbox 2334 1195 3870 1273; baseline -0.005 -22"><span class='ocrx_word' id='word_1_362' title='bbox 2334 1219 2467 1264; x_wconf 81' lang='grc' dir='ltr'>τετο,</span> <span class='ocrx_word' id='word_1_363' title='bbox 2515 1202 2683 1260; x_wconf 85' lang='grc' dir='ltr'>Σάκας</span> <span class='ocrx_word' id='word_1_364' title='bbox 2728 1203 2857 1273; x_wconf 83' lang='grc' dir='ltr'>πρὸς</span> <span class='ocrx_word' id='word_1_365' title='bbox 2931 1202 3130 1270; x_wconf 84' lang='grc' dir='ltr'>Γάρμον</span> <span class='ocrx_word' id='word_1_366' title='bbox 3197 1199 3416 1270; x_wconf 84' lang='grc' dir='ltr'>γράμμα</span> <span class='ocrx_word' id='word_1_367' title='bbox 3470 1196 3534 1260; x_wconf 80' lang='grc'><strong>²¹,</strong></span> <span class='ocrx_word' id='word_1_368' title='bbox 3592 1199 3774 1265; x_wconf 78' lang='grc' dir='ltr'>πέμπει,</span> <span class='ocrx_word' id='word_1_369' title='bbox 3814 1195 3870 1252; x_wconf 79' lang='grc' dir='ltr'>ὡς</span> 
     </span>
    </p>
   </div>
   <div class='ocr_carea' id='block_1_58' title="bbox 2337 1287 3868 1362">
    <p class='ocr_par' dir='ltr' id='par_1_58' title="bbox 2337 1287 3868 1362">
     <span class='ocr_line' id='line_1_58' title="bbox 2337 1287 3868 1362; baseline -0.006 -21"><span class='ocrx_word' id='word_1_370' title='bbox 2337 1293 2533 1348; x_wconf 81' lang='grc' dir='ltr'>Σινωνὶς</span> <span class='ocrx_word' id='word_1_371' title='bbox 2561 1297 2631 1357; x_wconf 83' lang='grc' dir='ltr'>τῷ</span> <span class='ocrx_word' id='word_1_372' title='bbox 2663 1293 2832 1362; x_wconf 87' lang='grc' dir='ltr'>Σύρων</span> <span class='ocrx_word' id='word_1_373' title='bbox 2892 1287 3120 1356; x_wconf 78' lang='grc' dir='ltr'>βασιλεῖ,</span> <span class='ocrx_word' id='word_1_374' title='bbox 3171 1291 3419 1360; x_wconf 79' lang='grc' dir='ltr'><strong>μειρακίῳ</strong></span> <span class='ocrx_word' id='word_1_375' title='bbox 3457 1289 3578 1345; x_wconf 78' lang='grc' dir='ltr'>ὄντι,</span> <span class='ocrx_word' id='word_1_376' title='bbox 3625 1289 3832 1353; x_wconf 76' lang='grc' dir='ltr'><strong>γαμεῖται</strong></span> <span class='ocrx_word' id='word_1_377' title='bbox 3858 1310 3868 1323; x_wconf 72' lang='grc' dir='ltr'><strong>ι</strong></span> 
     </span>
    </p>
   </div>
   <div class='ocr_carea' id='block_1_59' title="bbox 2337 1368 3871 1448">
    <p class='ocr_par' dir='ltr' id='par_1_59' title="bbox 2337 1368 3871 1448">
     <span class='ocr_line' id='line_1_59' title="bbox 2337 1368 3871 1448; baseline -0.007 -19"><span class='ocrx_word' id='word_1_378' title='bbox 2337 1383 2425 1429; x_wconf 88' lang='grc' dir='ltr'>καὶ</span> <span class='ocrx_word' id='word_1_379' title='bbox 2464 1375 2714 1438; x_wconf 68' lang='grc' dir='ltr'>Ῥοὸάνης</span> <span class='ocrx_word' id='word_1_380' title='bbox 2762 1379 2950 1428; x_wconf 71' lang='grc' dir='ltr'>ἀνωθεν</span> <span class='ocrx_word' id='word_1_381' title='bbox 3027 1379 3228 1448; x_wconf 79' lang='grc' dir='ltr'>ἔχαιρε,</span> <span class='ocrx_word' id='word_1_382' title='bbox 3300 1378 3492 1444; x_wconf 82' lang='grc' dir='ltr'>Γάρμος</span> <span class='ocrx_word' id='word_1_383' title='bbox 3540 1368 3593 1424; x_wconf 69' lang='grc' dir='ltr'>δι</span> <span class='ocrx_word' id='word_1_384' title='bbox 3640 1374 3676 1405; x_wconf 82' lang='grc'><strong>²¹</strong></span> <span class='ocrx_word' id='word_1_385' title='bbox 3727 1371 3871 1422; x_wconf 76' lang='grc' dir='ltr'>ἑαυτὸν</span> 
     </span>
    </p>
   </div>
   <div class='ocr_carea' id='block_1_60' title="bbox 2342 1456 3872 1540">
    <p class='ocr_par' dir='ltr' id='par_1_60' title="bbox 2342 1456 3872 1540">
     <span class='ocr_line' id='line_1_60' title="bbox 2342 1456 3872 1540; baseline -0.008 -22"><span class='ocrx_word' id='word_1_386' title='bbox 2342 1465 2528 1518; x_wconf 77' lang='grc' dir='ltr'><strong>ἀνελεῖν</strong></span> <span class='ocrx_word' id='word_1_387' title='bbox 2585 1469 2845 1540; x_wconf 73' lang='grc' dir='ltr'>ὥρμησεν.</span> <span class='ocrx_word' id='word_1_388' title='bbox 2924 1466 3190 1535; x_wconf 80' lang='grc' dir='ltr'>Ἐπιο-χὼν</span> <span class='ocrx_word' id='word_1_389' title='bbox 3260 1459 3318 1515; x_wconf 74' lang='grc' dir='ltr'>δε</span> <span class='ocrx_word' id='word_1_390' title='bbox 3394 1463 3597 1530; x_wconf 83' lang='grc' dir='ltr'>κατάγει</span> <span class='ocrx_word' id='word_1_391' title='bbox 3670 1456 3872 1513; x_wconf 72' lang='grc' dir='ltr'>Ῥοδάνπν</span> 
     </span>
    </p>
   </div>
   <div class='ocr_carea' id='block_1_61' title="bbox 2342 1548 3875 1627">
    <p class='ocr_par' dir='ltr' id='par_1_61' title="bbox 2342 1548 3875 1627">
     <span class='ocr_line' id='line_1_61' title="bbox 2342 1548 3875 1627; baseline -0.007 -20"><span class='ocrx_word' id='word_1_392' title='bbox 2342 1558 2535 1607; x_wconf 78' lang='grc' dir='ltr'>ἄκοντα</span> <span class='ocrx_word' id='word_1_393' title='bbox 2564 1563 2654 1607; x_wconf 74' lang='grc' dir='ltr'>τοῦ</span> <span class='ocrx_word' id='word_1_394' title='bbox 2709 1563 2938 1627; x_wconf 69' lang='grc' dir='ltr'>σταυροῦ</span> <span class='ocrx_word' id='word_1_395' title='bbox 2992 1555 3179 1613; x_wconf 72' lang='grc' dir='ltr'>(θανεῖν</span> <span class='ocrx_word' id='word_1_396' title='bbox 3227 1555 3329 1624; x_wconf 75' lang='grc' dir='ltr'>γὰρ</span> <span class='ocrx_word' id='word_1_397' title='bbox 3369 1550 3549 1616; x_wconf 76' lang='grc' dir='ltr'>μᾶλλον</span> <span class='ocrx_word' id='word_1_398' title='bbox 3597 1548 3768 1619; x_wconf 70' lang='grc' dir='ltr'>ἡρεῖτο)</span> <span class='ocrx_word' id='word_1_399' title='bbox 3805 1552 3875 1596; x_wconf 77' lang='grc' dir='ltr'>καὶ</span> 
     </span>
    </p>
   </div>
   <div class='ocr_carea' id='block_1_62' title="bbox 2344 1634 3874 1716">
    <p class='ocr_par' dir='ltr' id='par_1_62' title="bbox 2344 1634 3874 1716">
     <span class='ocr_line' id='line_1_62' title="bbox 2344 1634 3874 1716; baseline -0.008 -21"><span class='ocrx_word' id='word_1_400' title='bbox 2344 1651 2531 1714; x_wconf 86' lang='grc' dir='ltr'>κοσμεῖ</span> <span class='ocrx_word' id='word_1_401' title='bbox 2585 1651 2968 1716; x_wconf 73' lang='grc' dir='ltr'><strong>στρατηγικῶς,</strong></span> <span class='ocrx_word' id='word_1_402' title='bbox 3048 1645 3136 1692; x_wconf 86' lang='grc' dir='ltr'>καὶ</span> <span class='ocrx_word' id='word_1_403' title='bbox 3211 1645 3399 1710; x_wconf 82' lang='grc' dir='ltr'>πέμπει</span> <span class='ocrx_word' id='word_1_404' title='bbox 3451 1645 3538 1689; x_wconf 75' lang='grc' dir='ltr'>τοῦ</span> <span class='ocrx_word' id='word_1_405' title='bbox 3582 1637 3792 1706; x_wconf 75' lang='grc' dir='ltr'>πολέμου,</span> <span class='ocrx_word' id='word_1_406' title='bbox 3834 1634 3874 1684; x_wconf 68' lang='grc' dir='ltr'>ἐν</span> 
     </span>
    </p>
   </div>
   <div class='ocr_carea' id='block_1_63' title="bbox 2667 1725 3874 1803">
    <p class='ocr_par' dir='ltr' id='par_1_63' title="bbox 2667 1725 3874 1803">
     <span class='ocr_line' id='line_1_63' title="bbox 2667 1725 3874 1803; baseline -0.009 -20"><span class='ocrx_word' id='word_1_407' title='bbox 2667 1741 2762 1783; x_wconf 85' lang='grc' dir='ltr'>τῶν</span> <span class='ocrx_word' id='word_1_408' title='bbox 2840 1735 3008 1803; x_wconf 80' lang='grc' dir='ltr'>Σύρων</span> <span class='ocrx_word' id='word_1_409' title='bbox 3059 1730 3272 1782; x_wconf 82' lang='grc' dir='ltr'>ανεκίνιι</span> <span class='ocrx_word' id='word_1_410' title='bbox 3334 1727 3566 1800; x_wconf 80' lang='grc' dir='ltr'>βασιλέα,</span> <span class='ocrx_word' id='word_1_411' title='bbox 3631 1725 3874 1798; x_wconf 74' lang='grc' dir='ltr'>στρατηγὸν</span> 
     </span>
    </p>
   </div>
   <div class='ocr_carea' id='block_1_64' title="bbox 2344 1814 3877 1895">
    <p class='ocr_par' dir='ltr' id='par_1_64' title="bbox 2344 1814 3877 1895">
     <span class='ocr_line' id='line_1_64' title="bbox 2344 1814 3877 1895; baseline -0.008 -20"><span class='ocrx_word' id='word_1_412' title='bbox 2344 1826 2407 1883; x_wconf 82' lang='grc' dir='ltr'>ὡς</span> <span class='ocrx_word' id='word_1_413' title='bbox 2460 1823 2681 1895; x_wconf 77' lang='grc' dir='ltr'>ἐραστὴν</span> <span class='ocrx_word' id='word_1_414' title='bbox 2729 1823 2863 1872; x_wconf 86' lang='grc' dir='ltr'>κατὰ</span> <span class='ocrx_word' id='word_1_415' title='bbox 2914 1827 3005 1871; x_wconf 75' lang='grc' dir='ltr'>τοῦ</span> <span class='ocrx_word' id='word_1_416' title='bbox 3057 1818 3398 1892; x_wconf 71' lang='grc' dir='ltr'>ἀντεραστοῦ,</span> <span class='ocrx_word' id='word_1_417' title='bbox 3471 1820 3554 1867; x_wconf 83' lang='grc' dir='ltr'>καὶ</span> <span class='ocrx_word' id='word_1_418' title='bbox 3613 1814 3877 1885; x_wconf 73' lang='grc' dir='ltr'>φιλοφρονεῖ-</span> 
     </span>
    </p>
   </div>
   <div class='ocr_carea' id='block_1_65' title="bbox 2343 1906 3876 1981">
    <p class='ocr_par' dir='ltr' id='par_1_65' title="bbox 2343 1906 3876 1981">
     <span class='ocr_line' id='line_1_65' title="bbox 2343 1906 3876 1981; baseline -0.009 -17"><span class='ocrx_word' id='word_1_419' title='bbox 2343 1932 2428 1964; x_wconf 87' lang='grc' dir='ltr'><strong>ται</strong></span> <span class='ocrx_word' id='word_1_420' title='bbox 2477 1911 2727 1975; x_wconf 75' lang='grc' dir='ltr'>ὑπούλως,</span> <span class='ocrx_word' id='word_1_421' title='bbox 2776 1915 2864 1962; x_wconf 85' lang='grc' dir='ltr'>καὶ</span> <span class='ocrx_word' id='word_1_422' title='bbox 2912 1911 3131 1981; x_wconf 84' lang='grc' dir='ltr'>γράμμα</span> <span class='ocrx_word' id='word_1_423' title='bbox 3199 1909 3412 1977; x_wconf 77' lang='grc' dir='ltr'><strong>κρύφιον</strong></span> <span class='ocrx_word' id='word_1_424' title='bbox 3479 1907 3516 1938; x_wconf 79' lang='grc'><strong>³³</strong></span> <span class='ocrx_word' id='word_1_425' title='bbox 3583 1906 3746 1975; x_wconf 70' lang='grc' dir='ltr'>γράφει</span> <span class='ocrx_word' id='word_1_426' title='bbox 3793 1907 3876 1960; x_wconf 81' lang='grc' dir='ltr'>τοῖς</span> 
     </span>
    </p>
   </div>
   <div class='ocr_carea' id='block_1_66' title="bbox 2341 1993 3876 2076">
    <p class='ocr_par' dir='ltr' id='par_1_66' title="bbox 2341 1993 3876 2076">
     <span class='ocr_line' id='line_1_66' title="bbox 2341 1993 3876 2076; baseline -0.008 -23"><span class='ocrx_word' id='word_1_427' title='bbox 2341 2003 2781 2076; x_wconf 70' lang='grc' dir='ltr'><strong>ὑποστρατήγοις,</strong></span> <span class='ocrx_word' id='word_1_428' title='bbox 2816 1999 2858 2051; x_wconf 81' lang='grc' dir='ltr'>εἰ</span> <span class='ocrx_word' id='word_1_429' title='bbox 2895 2003 3012 2054; x_wconf 82' lang='grc' dir='ltr'>νίκη</span> <span class='ocrx_word' id='word_1_430' title='bbox 3043 2002 3254 2066; x_wconf 70' lang='grc' dir='ltr'>γένηται</span> <span class='ocrx_word' id='word_1_431' title='bbox 3277 2000 3370 2047; x_wconf 81' lang='grc' dir='ltr'>καὶ</span> <span class='ocrx_word' id='word_1_432' title='bbox 3414 1993 3662 2064; x_wconf 71' lang='grc' dir='ltr'>συλληφθῇ</span> <span class='ocrx_word' id='word_1_433' title='bbox 3694 1993 3876 2050; x_wconf 82' lang='grc' dir='ltr'>Σινωνὶς,</span> 
     </span>
    </p>
   </div>
   <div class='ocr_carea' id='block_1_67' title="bbox 2344 2081 3878 2161">
    <p class='ocr_par' dir='ltr' id='par_1_67' title="bbox 2344 2081 3878 2161">
     <span class='ocr_line' id='line_1_67' title="bbox 2344 2081 3878 2161; baseline -0.009 -21"><span class='ocrx_word' id='word_1_434' title='bbox 2344 2089 2674 2161; x_wconf 80' lang='grc' dir='ltr'>ἀναιρεθῆναι</span> <span class='ocrx_word' id='word_1_435' title='bbox 2724 2086 2989 2144; x_wconf 62' lang='grc' dir='ltr'>Ῥοδάνηψ</span> <span class='ocrx_word' id='word_1_436' title='bbox 3041 2082 3292 2146; x_wconf 77' lang='grc' dir='ltr'>Ῥοδάνης</span> <span class='ocrx_word' id='word_1_437' title='bbox 3349 2081 3406 2136; x_wconf 72' lang='grc' dir='ltr'><strong>δὲ</strong></span> <span class='ocrx_word' id='word_1_438' title='bbox 3432 2088 3518 2134; x_wconf 86' lang='grc' dir='ltr'>καὶ</span> <span class='ocrx_word' id='word_1_439' title='bbox 3570 2087 3677 2149; x_wconf 82' lang='grc' dir='ltr'><strong>νικᾴ</strong></span> <span class='ocrx_word' id='word_1_440' title='bbox 3713 2083 3878 2134; x_wconf 71' lang='grc' dir='ltr'>καὶτὴν</span> 
     </span>
    </p>
   </div>
   <div class='ocr_carea' id='block_1_68' title="bbox 2343 2169 3872 2247">
    <p class='ocr_par' dir='ltr' id='par_1_68' title="bbox 2343 2169 3872 2247">
     <span class='ocr_line' id='line_1_68' title="bbox 2343 2169 3872 2247; baseline -0.01 -15"><span class='ocrx_word' id='word_1_441' title='bbox 2343 2177 2594 2232; x_wconf 70' lang='grc' dir='ltr'>Σινωνίὸα</span> <span class='ocrx_word' id='word_1_442' title='bbox 2625 2179 2994 2246; x_wconf 77' lang='grc' dir='ltr'>ἀπολαμϐάνει,</span> <span class='ocrx_word' id='word_1_443' title='bbox 3047 2181 3135 2228; x_wconf 85' lang='grc' dir='ltr'>καὶ</span> <span class='ocrx_word' id='word_1_444' title='bbox 3191 2174 3457 2247; x_wconf 80' lang='grc' dir='ltr'>βασιλεύει</span> <span class='ocrx_word' id='word_1_445' title='bbox 3507 2169 3872 2224; x_wconf 68' lang='grc' dir='ltr'>Βαϐυ).ωνίωνε⁸.</span> 
     </span>
    </p>
   </div>
   <div class='ocr_carea' id='block_1_69' title="bbox 2347 2261 3880 2338">
    <p class='ocr_par' dir='ltr' id='par_1_69' title="bbox 2347 2261 3880 2338">
     <span class='ocr_line' id='line_1_69' title="bbox 2347 2261 3880 2338; baseline -0.01 -17"><span class='ocrx_word' id='word_1_446' title='bbox 2347 2275 2443 2322; x_wconf 84' lang='grc' dir='ltr'><strong>Καὶ</strong></span> <span class='ocrx_word' id='word_1_447' title='bbox 2470 2278 2620 2320; x_wconf 78' lang='grc' dir='ltr'>τούτο</span> <span class='ocrx_word' id='word_1_448' title='bbox 2664 2265 2890 2338; x_wconf 75' lang='grc' dir='ltr'>χελιδὼν</span> <span class='ocrx_word' id='word_1_449' title='bbox 2943 2267 3228 2337; x_wconf 81' lang='grc' dir='ltr'>προμηνύει</span> <span class='ocrx_word' id='word_1_450' title='bbox 3263 2286 3273 2295; x_wconf 87' lang='grc'><strong>·</strong></span> <span class='ocrx_word' id='word_1_451' title='bbox 3306 2266 3498 2319; x_wconf 79' lang='grc' dir='ltr'>ταύτην</span> <span class='ocrx_word' id='word_1_452' title='bbox 3541 2263 3650 2332; x_wconf 78' lang='grc' dir='ltr'>γὰρ.</span> <span class='ocrx_word' id='word_1_453' title='bbox 3683 2261 3754 2310; x_wconf 81' lang='grc' dir='ltr'>ὅτε</span> <span class='ocrx_word' id='word_1_454' title='bbox 3777 2276 3880 2326; x_wconf 81' lang='grc' dir='ltr'>παρ-</span> 
     </span>
    </p>
   </div>
   <div class='ocr_carea' id='block_1_70' title="bbox 2342 2342 3878 2429">
    <p class='ocr_par' dir='ltr' id='par_1_70' title="bbox 2342 2342 3878 2429">
     <span class='ocr_line' id='line_1_70' title="bbox 2342 2342 3878 2429; baseline -0.01 -20"><span class='ocrx_word' id='word_1_455' title='bbox 2342 2368 2403 2417; x_wconf 85' lang='grc' dir='ltr'>ῆν</span> <span class='ocrx_word' id='word_1_456' title='bbox 2456 2361 2658 2429; x_wconf 83' lang='grc' dir='ltr'>Γάρμος</span> <span class='ocrx_word' id='word_1_457' title='bbox 2705 2363 2793 2408; x_wconf 83' lang='grc' dir='ltr'>καὶ</span> <span class='ocrx_word' id='word_1_458' title='bbox 2854 2355 3198 2424; x_wconf 75' lang='grc' dir='ltr'><strong>συνεξέπεμπε</strong></span> <span class='ocrx_word' id='word_1_459' title='bbox 3250 2349 3518 2414; x_wconf 77' lang='grc' dir='ltr'>Ῥοδάνην,</span> <span class='ocrx_word' id='word_1_460' title='bbox 3558 2349 3691 2409; x_wconf 75' lang='grc' dir='ltr'>ἀετὸς</span> <span class='ocrx_word' id='word_1_461' title='bbox 3732 2342 3878 2398; x_wconf 72' lang='grc' dir='ltr'>ἐδίωκε</span> 
     </span>
    </p>
   </div>
   <div class='ocr_carea' id='block_1_71' title="bbox 2342 2433 3881 2514">
    <p class='ocr_par' dir='ltr' id='par_1_71' title="bbox 2342 2433 3881 2514">
     <span class='ocr_line' id='line_1_71' title="bbox 2342 2433 3881 2514; baseline -0.01 -15"><span class='ocrx_word' id='word_1_462' title='bbox 2342 2453 2431 2499; x_wconf 83' lang='grc' dir='ltr'>καὶ</span> <span class='ocrx_word' id='word_1_463' title='bbox 2463 2448 2653 2506; x_wconf 86' lang='grc' dir='ltr'>ἰκτῖνος</span> <span class='ocrx_word' id='word_1_464' title='bbox 2677 2465 2688 2476; x_wconf 79' lang='lat'>&#39;</span> <span class='ocrx_word' id='word_1_465' title='bbox 2719 2446 2845 2497; x_wconf 80' lang='grc' dir='ltr'>ἀλλὰ</span> <span class='ocrx_word' id='word_1_466' title='bbox 2899 2449 2984 2496; x_wconf 84' lang='grc' dir='ltr'>τὸν</span> <span class='ocrx_word' id='word_1_467' title='bbox 3031 2447 3120 2514; x_wconf 70' lang='grc' dir='ltr'>μὲν</span> <span class='ocrx_word' id='word_1_468' title='bbox 3163 2442 3312 2494; x_wconf 76' lang='grc' dir='ltr'>ἀετὸν</span> <span class='ocrx_word' id='word_1_469' title='bbox 3371 2440 3613 2510; x_wconf 65' lang='grc' dir='ltr'>ἐξέφυγεν,</span> <span class='ocrx_word' id='word_1_470' title='bbox 3648 2433 3746 2488; x_wconf 75' lang='grc' dir='ltr'><strong>ὁδε</strong></span> <span class='ocrx_word' id='word_1_471' title='bbox 3780 2434 3881 2485; x_wconf 81' lang='grc' dir='ltr'>ἰκτῖ-</span> 
     </span>
    </p>
   </div>
   <div class='ocr_carea' id='block_1_72' title="bbox 2342 2529 3644 2609">
    <p class='ocr_par' dir='ltr' id='par_1_72' title="bbox 2342 2529 3644 2609">
     <span class='ocr_line' id='line_1_72' title="bbox 2342 2529 3644 2609; baseline -0.005 -23"><span class='ocrx_word' id='word_1_472' title='bbox 2342 2554 2424 2596; x_wconf 88' lang='grc' dir='ltr'><strong>νος</strong></span> <span class='ocrx_word' id='word_1_473' title='bbox 2454 2538 2644 2592; x_wconf 74' lang='grc' dir='ltr'>ταύτην</span> <span class='ocrx_word' id='word_1_474' title='bbox 2673 2539 2921 2609; x_wconf 74' lang='grc' dir='ltr'>ἣρπασεν.</span> <span class='ocrx_word' id='word_1_475' title='bbox 2955 2533 3038 2586; x_wconf 84' lang='grc' dir='ltr'>Ἐν</span> <span class='ocrx_word' id='word_1_476' title='bbox 3079 2533 3153 2593; x_wconf 82' lang='grc' dir='ltr'>οἷς</span> <span class='ocrx_word' id='word_1_477' title='bbox 3185 2533 3210 2583; x_wconf 88' lang='grc' dir='ltr'>ὀ</span> <span class='ocrx_word' id='word_1_478' title='bbox 3238 2532 3280 2564; x_wconf 75' lang='grc'><strong>³⁸</strong></span> <span class='ocrx_word' id='word_1_479' title='bbox 3313 2529 3388 2594; x_wconf 81' lang='grc' dir='ltr'>ις’</span> <span class='ocrx_word' id='word_1_480' title='bbox 3417 2529 3562 2600; x_wconf 85' lang='grc' dir='ltr'>λόγος</span> <span class='ocrx_word' id='word_1_481' title='bbox 3587 2530 3644 2580; x_wconf 78' lang='grc'><strong>³⁸.</strong></span> 
     </span>
    </p>
   </div>
   <div class='ocr_carea' id='block_1_73' title="bbox 3088 2808 3183 2865">
    <p class='ocr_par' dir='ltr' id='par_1_73' title="bbox 3088 2808 3183 2865">
     <span class='ocr_line' id='line_1_73' title="bbox 3088 2808 3183 2865; baseline 0.021 -11"><span class='ocrx_word' id='word_1_482' title='bbox 3088 2808 3183 2865; x_wconf 76' lang='grc' dir='ltr'><strong>ςΕ.</strong></span> 
     </span>
    </p>
   </div>
   <div class='ocr_carea' id='block_1_74' title="bbox 2343 2879 3889 2962">
    <p class='ocr_par' dir='ltr' id='par_1_74' title="bbox 2343 2879 3889 2962">
     <span class='ocr_line' id='line_1_74' title="bbox 2343 2879 3889 2962; baseline -0.006 -16"><span class='ocrx_word' id='word_1_483' title='bbox 2343 2895 2578 2946; x_wconf 78' lang='grc' dir='ltr'>Ἰωάννου</span> <span class='ocrx_word' id='word_1_484' title='bbox 2643 2891 3021 2946; x_wconf 85' lang='grc' dir='ltr'>Σκυθοπολὶτου</span> <span class='ocrx_word' id='word_1_485' title='bbox 3113 2889 3478 2962; x_wconf 82' lang='grc' dir='ltr'>σχολαστικοῡ</span> <span class='ocrx_word' id='word_1_486' title='bbox 3557 2885 3682 2937; x_wconf 83' lang='grc' dir='ltr'>κατὰ</span> <span class='ocrx_word' id='word_1_487' title='bbox 3761 2879 3889 2932; x_wconf 68' lang='grc' dir='ltr'>Εὗτυ-</span> 
     </span>
    </p>
   </div>
   <div class='ocr_carea' id='block_1_75' title="bbox 2981 2988 3298 3052">
    <p class='ocr_par' dir='ltr' id='par_1_75' title="bbox 2981 2988 3298 3052">
     <span class='ocr_line' id='line_1_75' title="bbox 2981 2988 3298 3052; baseline 0.003 -20"><span class='ocrx_word' id='word_1_488' title='bbox 2981 2988 3298 3052; x_wconf 85' lang='grc' dir='ltr'>χιανιστὼν.</span> 
     </span>
    </p>
   </div>
   <div class='ocr_carea' id='block_1_76' title="bbox 2415 3062 3888 3143">
    <p class='ocr_par' dir='ltr' id='par_1_76' title="bbox 2415 3062 3888 3143">
     <span class='ocr_line' id='line_1_76' title="bbox 2415 3062 3888 3143; baseline -0.012 -17"><span class='ocrx_word' id='word_1_489' title='bbox 2415 3071 2736 3143; x_wconf 79' lang='grc' dir='ltr'>Ἀνεγνωσθη</span> <span class='ocrx_word' id='word_1_490' title='bbox 2806 3071 3042 3123; x_wconf 77' lang='grc' dir='ltr'>Ἰωάννου</span> <span class='ocrx_word' id='word_1_491' title='bbox 3121 3067 3506 3122; x_wconf 79' lang='grc' dir='ltr'>Σκυθοπολίτου</span> <span class='ocrx_word' id='word_1_492' title='bbox 3583 3062 3888 3134; x_wconf 69' lang='grc' dir='ltr'>σχολαστικοῡ</span> 
     </span>
    </p>
   </div>
   <div class='ocr_carea' id='block_1_77' title="bbox 2346 3145 3892 3230">
    <p class='ocr_par' dir='ltr' id='par_1_77' title="bbox 2346 3145 3892 3230">
     <span class='ocr_line' id='line_1_77' title="bbox 2346 3145 3892 3230; baseline -0.002 -17"><span class='ocrx_word' id='word_1_493' title='bbox 2346 3166 2490 3216; x_wconf 79' lang='grc' dir='ltr'><strong>Κατὰ</strong></span> <span class='ocrx_word' id='word_1_494' title='bbox 2540 3169 2638 3213; x_wconf 83' lang='grc' dir='ltr'>τῶν</span> <span class='ocrx_word' id='word_1_495' title='bbox 2699 3160 3046 3230; x_wconf 70' lang='grc' dir='ltr'>ἀποσχιστὼν</span> <span class='ocrx_word' id='word_1_496' title='bbox 3101 3167 3194 3219; x_wconf 80' lang='grc' dir='ltr'>τῆς</span> <span class='ocrx_word' id='word_1_497' title='bbox 3250 3156 3580 3218; x_wconf 78' lang='grc' dir='ltr'>Ἐκκλησίας,</span> <span class='ocrx_word' id='word_1_498' title='bbox 3631 3155 3732 3210; x_wconf 72' lang='grc' dir='ltr'><strong>ἦτοι</strong></span> <span class='ocrx_word' id='word_1_499' title='bbox 3777 3145 3892 3199; x_wconf 60' lang='grc' dir='ltr'><strong>Κατά</strong></span> 
     </span>
    </p>
   </div>
   <div class='ocr_carea' id='block_1_78' title="bbox 2341 3243 3891 3323">
    <p class='ocr_par' dir='ltr' id='par_1_78' title="bbox 2341 3243 3891 3323">
     <span class='ocr_line' id='line_1_78' title="bbox 2341 3243 3891 3323; baseline -0.009 -19"><span class='ocrx_word' id='word_1_500' title='bbox 2341 3253 2615 3323; x_wconf 78' lang='grc' dir='ltr'>Εύτυχοῡς</span> <span class='ocrx_word' id='word_1_501' title='bbox 2665 3256 2754 3302; x_wconf 81' lang='grc' dir='ltr'>καὶ</span> <span class='ocrx_word' id='word_1_502' title='bbox 2812 3255 3102 3320; x_wconf 84' lang='grc' dir='ltr'>Διοσκόρου</span> <span class='ocrx_word' id='word_1_503' title='bbox 3164 3251 3253 3298; x_wconf 83' lang='grc' dir='ltr'>καὶ</span> <span class='ocrx_word' id='word_1_504' title='bbox 3341 3255 3442 3299; x_wconf 78' lang='grc' dir='ltr'>τῶν</span> <span class='ocrx_word' id='word_1_505' title='bbox 3491 3247 3552 3296; x_wconf 80' lang='grc' dir='ltr'>τὰ</span> <span class='ocrx_word' id='word_1_506' title='bbox 3598 3243 3737 3313; x_wconf 85' lang='grc' dir='ltr'>ὃμοια</span> <span class='ocrx_word' id='word_1_507' title='bbox 3800 3251 3891 3306; x_wconf 73' lang='grc' dir='ltr'><strong>φρο-</strong></span> 
     </span>
    </p>
   </div>
   <div class='ocr_carea' id='block_1_79' title="bbox 2339 3324 3893 3405">
    <p class='ocr_par' dir='ltr' id='par_1_79' title="bbox 2339 3333 3893 3405">
     <span class='ocr_line' id='line_1_79' title="bbox 2339 3333 3893 3405; baseline -0.013 -13"><span class='ocrx_word' id='word_1_508' title='bbox 2339 3344 2558 3393; x_wconf 88' lang='grc' dir='ltr'>νούντων</span> <span class='ocrx_word' id='word_1_509' title='bbox 2611 3346 2700 3391; x_wconf 87' lang='grc' dir='ltr'>καὶ</span> <span class='ocrx_word' id='word_1_510' title='bbox 2745 3339 3060 3392; x_wconf 77' lang='grc' dir='ltr'>ἀθετούντων</span> <span class='ocrx_word' id='word_1_511' title='bbox 3119 3336 3170 3387; x_wconf 81' lang='grc' dir='ltr'>ἐν</span> <span class='ocrx_word' id='word_1_512' title='bbox 3236 3333 3337 3387; x_wconf 84' lang='grc' dir='ltr'>δύο</span> <span class='ocrx_word' id='word_1_513' title='bbox 3369 3337 3557 3405; x_wconf 81' lang='grc' dir='ltr'>φύσεσι</span> <span class='ocrx_word' id='word_1_514' title='bbox 3602 3334 3679 3382; x_wconf 79' lang='grc' dir='ltr'>τὸν</span> <span class='ocrx_word' id='word_1_515' title='bbox 3709 3334 3893 3398; x_wconf 73' lang='grc' dir='ltr'>Χριστον</span> 
     </span>
    </p>
   </div>
   <div class='ocr_carea' id='block_1_80' title="bbox 2339 3413 3893 3502">
    <p class='ocr_par' dir='ltr' id='par_1_80' title="bbox 2339 3413 3893 3502">
     <span class='ocr_line' id='line_1_80' title="bbox 2339 3413 3893 3502; baseline -0.003 -20"><span class='ocrx_word' id='word_1_516' title='bbox 2339 3434 2645 3502; x_wconf 80' lang='grc' dir='ltr'>κηρύσσειν.</span> <span class='ocrx_word' id='word_1_517' title='bbox 2728 3428 2896 3490; x_wconf 83' lang='grc' dir='ltr'>Ἀξιοῖ</span> <span class='ocrx_word' id='word_1_518' title='bbox 2955 3423 3011 3478; x_wconf 78' lang='grc' dir='ltr'><strong>δὲ</strong></span> <span class='ocrx_word' id='word_1_519' title='bbox 3100 3429 3196 3482; x_wconf 85' lang='grc' dir='ltr'>τὴν</span> <span class='ocrx_word' id='word_1_520' title='bbox 3284 3426 3595 3496; x_wconf 66' lang='grc' dir='ltr'>συγγραφὴν</span> <span class='ocrx_word' id='word_1_521' title='bbox 3665 3413 3893 3488; x_wconf 58' lang='grc' dir='ltr'>ἀρχιερτλς</span> 
     </span>
    </p>
   </div>
   <div class='ocr_carea' id='block_1_81' title="bbox 2341 3502 3893 3591">
    <p class='ocr_par' dir='ltr' id='par_1_81' title="bbox 2341 3502 3893 3591">
     <span class='ocr_line' id='line_1_81' title="bbox 2341 3502 3893 3591; baseline -0.012 -21"><span class='ocrx_word' id='word_1_522' title='bbox 2341 3524 2500 3591; x_wconf 80' lang='grc' dir='ltr'>ὄνομα</span> <span class='ocrx_word' id='word_1_523' title='bbox 2541 3518 2820 3578; x_wconf 84' lang='grc' dir='ltr'>Ἰουλιανὸς</span> <span class='ocrx_word' id='word_1_524' title='bbox 2866 3522 3182 3585; x_wconf 83' lang='grc' dir='ltr'>συνταγῆναι</span> <span class='ocrx_word' id='word_1_525' title='bbox 3231 3515 3294 3549; x_wconf 72' lang='lat'><strong>’7&#39;</strong></span> <span class='ocrx_word' id='word_1_526' title='bbox 3337 3512 3385 3564; x_wconf 77' lang='grc' dir='ltr'>ἐν</span> <span class='ocrx_word' id='word_1_527' title='bbox 3448 3516 3622 3581; x_wconf 80' lang='grc' dir='ltr'>τὸμοις</span> <span class='ocrx_word' id='word_1_528' title='bbox 3667 3503 3716 3558; x_wconf 70' lang='grc' dir='ltr'><em>δὲ</em></span> <span class='ocrx_word' id='word_1_529' title='bbox 3758 3502 3893 3571; x_wconf 74' lang='grc' dir='ltr'>ἀπαρ-</span> 
     </span>
    </p>
   </div>
   <div class='ocr_carea' id='block_1_82' title="bbox 2340 3593 3893 3672">
    <p class='ocr_par' dir='ltr' id='par_1_82' title="bbox 2340 3600 3893 3672">
     <span class='ocr_line' id='line_1_82' title="bbox 2340 3600 3893 3672; baseline -0.01 -12"><span class='ocrx_word' id='word_1_530' title='bbox 2340 3611 2541 3669; x_wconf 79' lang='grc' dir='ltr'>τίζεται</span> <span class='ocrx_word' id='word_1_531' title='bbox 2569 3605 2912 3660; x_wconf 74' lang='grc' dir='ltr'>δυοκαίδεκα.</span> <span class='ocrx_word' id='word_1_532' title='bbox 2947 3605 3101 3660; x_wconf 79' lang='grc' dir='ltr'>Ἔστι</span> <span class='ocrx_word' id='word_1_533' title='bbox 3146 3600 3203 3656; x_wconf 69' lang='grc' dir='ltr'><strong>δὲ</strong></span> <span class='ocrx_word' id='word_1_534' title='bbox 3259 3605 3348 3654; x_wconf 85' lang='grc' dir='ltr'>τὸν</span> <span class='ocrx_word' id='word_1_535' title='bbox 3380 3602 3529 3672; x_wconf 85' lang='grc' dir='ltr'>λόγον</span> <span class='ocrx_word' id='word_1_536' title='bbox 3565 3602 3589 3650; x_wconf 89' lang='grc' dir='ltr'>ὁ</span> <span class='ocrx_word' id='word_1_537' title='bbox 3617 3608 3893 3667; x_wconf 68' lang='grc' dir='ltr'>συγγραφευς</span> 
     </span>
    </p>
   </div>
   <div class='ocr_carea' id='block_1_83' title="bbox 2345 3684 3890 3779">
    <p class='ocr_par' dir='ltr' id='par_1_83' title="bbox 2345 3691 3890 3770">
     <span class='ocr_line' id='line_1_83' title="bbox 2345 3691 3890 3770; baseline -0.005 -19"><span class='ocrx_word' id='word_1_538' title='bbox 2345 3704 2513 3768; x_wconf 76' lang='grc' dir='ltr'>σαφής</span> <span class='ocrx_word' id='word_1_539' title='bbox 2556 3718 2608 3751; x_wconf 84' lang='grc' dir='ltr'><strong>τε</strong></span> <span class='ocrx_word' id='word_1_540' title='bbox 2653 3702 2738 3748; x_wconf 82' lang='grc' dir='ltr'>καὶ</span> <span class='ocrx_word' id='word_1_541' title='bbox 2785 3698 3032 3770; x_wconf 73' lang='grc' dir='ltr'>καθαρὸς,</span> <span class='ocrx_word' id='word_1_542' title='bbox 3094 3698 3182 3745; x_wconf 84' lang='grc' dir='ltr'>καὶ</span> <span class='ocrx_word' id='word_1_543' title='bbox 3225 3691 3397 3754; x_wconf 78' lang='grc' dir='ltr'>λέξεσι</span> <span class='ocrx_word' id='word_1_544' title='bbox 3436 3691 3570 3760; x_wconf 83' lang='grc' dir='ltr'>λόγῳ</span> <span class='ocrx_word' id='word_1_545' title='bbox 3600 3697 3890 3757; x_wconf 67' lang='grc' dir='ltr'>συγγραφικῳ</span> 
     </span>
    </p>
   </div>
   <div class='ocr_carea' id='block_1_84' title="bbox 2343 3778 3894 3868">
    <p class='ocr_par' dir='ltr' id='par_1_84' title="bbox 2343 3778 3894 3868">
     <span class='ocr_line' id='line_1_84' title="bbox 2343 3778 3894 3868; baseline -0.01 -28"><span class='ocrx_word' id='word_1_546' title='bbox 2343 3791 2665 3861; x_wconf 76' lang='grc' dir='ltr'>πρεπούσαις</span> <span class='ocrx_word' id='word_1_547' title='bbox 2721 3805 3007 3857; x_wconf 81' lang='grc' dir='ltr'>χρωμενος,</span> <span class='ocrx_word' id='word_1_548' title='bbox 3061 3788 3150 3835; x_wconf 86' lang='grc' dir='ltr'>καὶ</span> <span class='ocrx_word' id='word_1_549' title='bbox 3208 3783 3345 3833; x_wconf 77' lang='grc' dir='ltr'>κατὰ</span> <span class='ocrx_word' id='word_1_550' title='bbox 3404 3789 3500 3841; x_wconf 72' lang='grc' dir='ltr'>τᾶς</span> <span class='ocrx_word' id='word_1_551' title='bbox 3557 3778 3778 3848; x_wconf 78' lang='grc' dir='ltr'>αἱρέσεως</span> <span class='ocrx_word' id='word_1_552' title='bbox 3805 3784 3894 3868; x_wconf 37' lang='grc' dir='ltr'>ὀυκ</span> 
     </span>
    </p>
   </div>
   <div class='ocr_carea' id='block_1_85' title="bbox 2345 3869 3892 3945">
    <p class='ocr_par' dir='ltr' id='par_1_85' title="bbox 2345 3869 3892 3945">
     <span class='ocr_line' id='line_1_85' title="bbox 2345 3869 3892 3945; baseline -0.008 -15"><span class='ocrx_word' id='word_1_553' title='bbox 2345 3877 2573 3938; x_wconf 76' lang='grc' dir='ltr'>ἀσθενῶς</span> <span class='ocrx_word' id='word_1_554' title='bbox 2625 3875 3086 3945; x_wconf 75' lang='grc' dir='ltr'>ἐπαγωνιζόμενος,</span> <span class='ocrx_word' id='word_1_555' title='bbox 3164 3876 3254 3922; x_wconf 88' lang='grc' dir='ltr'>καὶ</span> <span class='ocrx_word' id='word_1_556' title='bbox 3321 3876 3438 3930; x_wconf 88' lang='grc' dir='ltr'>ταῖς</span> <span class='ocrx_word' id='word_1_557' title='bbox 3491 3869 3750 3942; x_wconf 77' lang='grc' dir='ltr'>γραφικαῐς</span> <span class='ocrx_word' id='word_1_558' title='bbox 3797 3873 3892 3907; x_wconf 80' lang='grc' dir='ltr'><strong>απ⁰’</strong></span> 
     </span>
    </p>
   </div>
   <div class='ocr_carea' id='block_1_86' title="bbox 2346 3946 3892 4039">
    <p class='ocr_par' dir='ltr' id='par_1_86' title="bbox 2346 3952 3892 4039">
     <span class='ocr_line' id='line_1_86' title="bbox 2346 3952 3892 4039; baseline -0.008 -21"><span class='ocrx_word' id='word_1_559' title='bbox 2346 3974 2609 4039; x_wconf 81' lang='grc' dir='ltr'>χρώμενος</span> <span class='ocrx_word' id='word_1_560' title='bbox 2657 3969 2971 4037; x_wconf 79' lang='grc' dir='ltr'>μαρτυρίαις</span> <span class='ocrx_word' id='word_1_561' title='bbox 3023 3964 3152 4033; x_wconf 79' lang='grc' dir='ltr'>μετὰ</span> <span class='ocrx_word' id='word_1_562' title='bbox 3207 3968 3300 4012; x_wconf 74' lang='grc' dir='ltr'>τοῦ</span> <span class='ocrx_word' id='word_1_563' title='bbox 3369 3954 3508 4028; x_wconf 66' lang='grc' dir='ltr'><strong>μηδὲ</strong></span> <span class='ocrx_word' id='word_1_564' title='bbox 3573 3957 3656 4014; x_wconf 84' lang='grc' dir='ltr'>τὰς</span> <span class='ocrx_word' id='word_1_565' title='bbox 3705 3952 3892 4020; x_wconf 72' lang='grc' dir='ltr'>λογικαςι</span> 
     </span>
    </p>
   </div>
   <div class='ocr_carea' id='block_1_87' title="bbox 2347 4047 3896 4128">
    <p class='ocr_par' dir='ltr' id='par_1_87' title="bbox 2347 4047 3896 4128">
     <span class='ocr_line' id='line_1_87' title="bbox 2347 4047 3896 4128; baseline -0.015 -17"><span class='ocrx_word' id='word_1_566' title='bbox 2347 4056 2474 4128; x_wconf 82' lang='grc'><strong>[138</strong></span> <span class='ocrx_word' id='word_1_567' title='bbox 2533 4055 2622 4127; x_wconf 84' lang='grc' dir='ltr'><strong>Η.]</strong></span> <span class='ocrx_word' id='word_1_568' title='bbox 2683 4056 2804 4105; x_wconf 85' lang='grc' dir='ltr'>ὅσαι</span> <span class='ocrx_word' id='word_1_569' title='bbox 2862 4057 3087 4103; x_wconf 84' lang='grc' dir='ltr'>τείνουσι</span> <span class='ocrx_word' id='word_1_570' title='bbox 3137 4053 3261 4122; x_wconf 84' lang='grc' dir='ltr'>πρὸς</span> <span class='ocrx_word' id='word_1_571' title='bbox 3325 4052 3422 4106; x_wconf 78' lang='grc' dir='ltr'>τὴν</span> <span class='ocrx_word' id='word_1_572' title='bbox 3465 4047 3720 4104; x_wconf 74' lang='grc' dir='ltr'>ὑπόθεσιν,</span> <span class='ocrx_word' id='word_1_573' title='bbox 3765 4052 3896 4105; x_wconf 77' lang='grc' dir='ltr'>παρα-</span> 
     </span>
    </p>
   </div>
   <div class='ocr_carea' id='block_1_88' title="bbox 2349 4135 3898 4219">
    <p class='ocr_par' dir='ltr' id='par_1_88' title="bbox 2349 4135 3898 4219">
     <span class='ocr_line' id='line_1_88' title="bbox 2349 4135 3898 4219; baseline -0.003 -24"><span class='ocrx_word' id='word_1_574' title='bbox 2349 4150 2552 4219; x_wconf 85' lang='grc' dir='ltr'>τρέχειν</span> <span class='ocrx_word' id='word_1_575' title='bbox 2577 4140 2820 4215; x_wconf 74' lang='grc' dir='ltr'>ἑφοδους,</span> <span class='ocrx_word' id='word_1_576' title='bbox 2868 4141 2924 4192; x_wconf 87' lang='grc' dir='ltr'><strong>Ὀ</strong></span> <span class='ocrx_word' id='word_1_577' title='bbox 2974 4137 3030 4193; x_wconf 73' lang='grc' dir='ltr'><strong>δέ</strong></span> <span class='ocrx_word' id='word_1_578' title='bbox 3073 4159 3132 4210; x_wconf 86' lang='grc' dir='ltr'><strong>γε</strong></span> <span class='ocrx_word' id='word_1_579' title='bbox 3161 4146 3252 4191; x_wconf 76' lang='grc' dir='ltr'>τοῦ</span> <span class='ocrx_word' id='word_1_580' title='bbox 3297 4147 3398 4188; x_wconf 82' lang='grc' dir='ltr'><strong>των</strong></span> <span class='ocrx_word' id='word_1_581' title='bbox 3431 4135 3762 4205; x_wconf 79' lang='grc' dir='ltr'>ἀποοχιστών</span> <span class='ocrx_word' id='word_1_582' title='bbox 3793 4141 3898 4190; x_wconf 73' lang='grc' dir='ltr'><strong>συ7⁶</strong></span> 
     </span>
    </p>
   </div>
   <div class='ocr_carea' id='block_1_89' title="bbox 2349 4215 3900 4306">
    <p class='ocr_par' dir='ltr' id='par_1_89' title="bbox 2349 4215 3900 4306">
     <span class='ocr_line' id='line_1_89' title="bbox 2349 4215 3900 4306; baseline -0.011 -22"><span class='ocrx_word' id='word_1_583' title='bbox 2349 4236 2655 4306; x_wconf 78' lang='grc' dir='ltr'>γράμματος</span> <span class='ocrx_word' id='word_1_584' title='bbox 2703 4233 2744 4266; x_wconf 75' lang='grc'><strong>²⁸</strong></span> <span class='ocrx_word' id='word_1_585' title='bbox 2802 4236 2997 4303; x_wconf 76' lang='grc' dir='ltr'>πατὴρ,</span> <span class='ocrx_word' id='word_1_586' title='bbox 3048 4229 3161 4280; x_wconf 82' lang='grc' dir='ltr'>καθ’</span> <span class='ocrx_word' id='word_1_587' title='bbox 3225 4227 3285 4279; x_wconf 76' lang='grc' dir='ltr'>οὗ</span> <span class='ocrx_word' id='word_1_588' title='bbox 3334 4231 3424 4278; x_wconf 85' lang='grc' dir='ltr'>καὶ</span> <span class='ocrx_word' id='word_1_589' title='bbox 3500 4227 3524 4276; x_wconf 87' lang='grc' dir='ltr'><strong>ὁ</strong></span> <span class='ocrx_word' id='word_1_590' title='bbox 3572 4215 3900 4275; x_wconf 75' lang='grc' dir='ltr'>Σκυθοπολίτης</span> 
     </span>
    </p>
   </div>
   <div class='ocr_carea' id='block_1_90' title="bbox 591 4299 2228 4395">
    <p class='ocr_par' dir='ltr' id='par_1_90' title="bbox 591 4299 2228 4392">
     <span class='ocr_line' id='line_1_90' title="bbox 591 4299 2228 4392; baseline 0.007 -22"><span class='ocrx_word' id='word_1_591' title='bbox 591 4318 746 4371; x_wconf 80' lang='lat' dir='ltr'><strong>tixo:</strong></span> <span class='ocrx_word' id='word_1_592' title='bbox 781 4318 1083 4372; x_wconf 79' lang='lat' dir='ltr'><strong>Adversus</strong></span> <span class='ocrx_word' id='word_1_593' title='bbox 1117 4319 1475 4383; x_wconf 78' lang='lat' dir='ltr'><strong>Nestorium,</strong></span> <span class='ocrx_word' id='word_1_594' title='bbox 1510 4326 1571 4376; x_wconf 90' lang='lat' dir='ltr'><strong>ut</strong></span> <span class='ocrx_word' id='word_1_595' title='bbox 1613 4323 1746 4392; x_wconf 89' lang='lat' dir='ltr'><strong>ipsa</strong></span> <span class='ocrx_word' id='word_1_596' title='bbox 1782 4324 2062 4380; x_wconf 89' lang='lat' dir='ltr'><strong>nimirum</strong></span> <span class='ocrx_word' id='word_1_597' title='bbox 2100 4299 2228 4381; x_wconf 43' lang='lat' dir='ltr'><strong>.libr;</strong></span> 
     </span>
    </p>
   </div>
   <div class='ocr_carea' id='block_1_91' title="bbox 2341 4299 3901 4395">
    <p class='ocr_par' dir='ltr' id='par_1_91' title="bbox 2353 4299 3901 4395">
     <span class='ocr_line' id='line_1_91' title="bbox 2353 4299 3901 4395; baseline 0.004 -32"><span class='ocrx_word' id='word_1_598' title='bbox 2353 4324 2500 4383; x_wconf 68' lang='grc' dir='ltr'>οὗτος</span> <span class='ocrx_word' id='word_1_599' title='bbox 2555 4327 2646 4380; x_wconf 68' lang='grc' dir='ltr'>τὴν</span> <span class='ocrx_word' id='word_1_600' title='bbox 2698 4326 2901 4395; x_wconf 72' lang='grc' dir='ltr'>γραφὴν</span> <span class='ocrx_word' id='word_1_601' title='bbox 2957 4319 3290 4379; x_wconf 70' lang='grc' dir='ltr'>ἐνεστήσατο,</span> <span class='ocrx_word' id='word_1_602' title='bbox 3350 4319 3410 4366; x_wconf 90' lang='grc' dir='ltr'>τὸ</span> <span class='ocrx_word' id='word_1_603' title='bbox 3444 4314 3626 4367; x_wconf 86' lang='grc' dir='ltr'>οἰκεῖον</span> <span class='ocrx_word' id='word_1_604' title='bbox 3659 4299 3901 4374; x_wconf 53' lang='grc' dir='ltr'>ἀπέκρυψεν</span> 
     </span>
    </p>
   </div>
   <div class='ocr_carea' id='block_1_92' title="bbox 592 4405 2240 4480">
    <p class='ocr_par' dir='ltr' id='par_1_92' title="bbox 592 4405 2240 4480">
     <span class='ocr_line' id='line_1_92' title="bbox 592 4405 2240 4480; baseline 0.005 -22"><span class='ocrx_word' id='word_1_605' title='bbox 592 4405 971 4476; x_wconf 82' lang='lat' dir='ltr'><strong>inscriptione</strong></span> <span class='ocrx_word' id='word_1_606' title='bbox 991 4406 1572 4478; x_wconf 85' lang='lat' dir='ltr'><strong>simplicioresfurtim</strong></span> <span class='ocrx_word' id='word_1_607' title='bbox 1588 4411 1662 4465; x_wconf 90' lang='lat' dir='ltr'><strong>ad</strong></span> <span class='ocrx_word' id='word_1_608' title='bbox 1677 4411 1986 4480; x_wconf 83' lang='lat' dir='ltr'><strong>legendum</strong></span> <span class='ocrx_word' id='word_1_609' title='bbox 2006 4415 2240 4471; x_wconf 87' lang='lat' dir='ltr'><strong>alliciat.</strong></span> 
     </span>
    </p>
   </div>
   <div class='ocr_carea' id='block_1_93' title="bbox 594 4494 2245 4570">
    <p class='ocr_par' dir='ltr' id='par_1_93' title="bbox 594 4494 2245 4570">
     <span class='ocr_line' id='line_1_93' title="bbox 594 4494 2245 4570; baseline 0.008 -23"><span class='ocrx_word' id='word_1_610' title='bbox 594 4494 862 4550; x_wconf 88' lang='lat' dir='ltr'><strong>Fortasse</strong></span> <span class='ocrx_word' id='word_1_611' title='bbox 884 4495 1123 4550; x_wconf 86' lang='lat' dir='ltr'><strong>Basilius</strong></span> <span class='ocrx_word' id='word_1_612' title='bbox 1140 4497 1282 4552; x_wconf 85' lang='lat' dir='ltr'><strong>Cilix</strong></span> <span class='ocrx_word' id='word_1_613' title='bbox 1299 4503 1385 4552; x_wconf 90' lang='lat' dir='ltr'><strong>est</strong></span> <span class='ocrx_word' id='word_1_614' title='bbox 1407 4500 1743 4570; x_wconf 86' lang='lat' dir='ltr'><strong>auctor,qui</strong></span> <span class='ocrx_word' id='word_1_615' title='bbox 1763 4508 1892 4570; x_wconf 87' lang='lat' dir='ltr'><strong>post</strong></span> <span class='ocrx_word' id='word_1_616' title='bbox 1921 4504 2096 4558; x_wconf 90' lang='lat' dir='ltr'><strong>etiam</strong></span> <span class='ocrx_word' id='word_1_617' title='bbox 2112 4505 2245 4561; x_wconf 90' lang='lat' dir='ltr'><strong>dra-</strong></span> 
     </span>
    </p>
   </div>
   <div class='ocr_carea' id='block_1_94' title="bbox 597 4585 2246 4659">
    <p class='ocr_par' dir='ltr' id='par_1_94' title="bbox 597 4585 2246 4659">
     <span class='ocr_line' id='line_1_94' title="bbox 597 4585 2246 4659; baseline 0.006 -20"><span class='ocrx_word' id='word_1_618' title='bbox 597 4586 902 4650; x_wconf 88' lang='lat' dir='ltr'><strong>maticum,</strong></span> <span class='ocrx_word' id='word_1_619' title='bbox 936 4589 991 4640; x_wconf 90' lang='lat' dir='ltr'><strong>et</strong></span> <span class='ocrx_word' id='word_1_620' title='bbox 1011 4585 1263 4655; x_wconf 82' lang='lat' dir='ltr'><strong>dignum</strong></span> <span class='ocrx_word' id='word_1_621' title='bbox 1279 4587 1684 4658; x_wconf 85' lang='lat' dir='ltr'><strong>suareligione</strong></span> <span class='ocrx_word' id='word_1_622' title='bbox 1711 4589 2246 4659; x_wconf 81' lang='lat' dir='ltr'><strong>Dialogumcontra</strong></span> 
     </span>
    </p>
   </div>
   <div class='ocr_carea' id='block_1_95' title="bbox 594 4675 1253 4747">
    <p class='ocr_par' dir='ltr' id='par_1_95' title="bbox 594 4675 1253 4747">
     <span class='ocr_line' id='line_1_95' title="bbox 594 4675 1253 4747; baseline 0.003 -19"><span class='ocrx_word' id='word_1_623' title='bbox 594 4675 884 4730; x_wconf 85' lang='lat' dir='ltr'><strong>Joannem</strong></span> <span class='ocrx_word' id='word_1_624' title='bbox 898 4675 1253 4747; x_wconf 87' lang='lat' dir='ltr'><strong>composuit.</strong></span> 
     </span>
    </p>
   </div>
   <div class='ocr_carea' id='block_1_96' title="bbox 3542 4396 3908 4471">
    <p class='ocr_par' dir='ltr' id='par_1_96' title="bbox 3542 4396 3908 4471">
     <span class='ocr_line' id='line_1_96' title="bbox 3542 4396 3908 4471; baseline -0.008 0"><span class='ocrx_word' id='word_1_625' title='bbox 3542 4410 3612 4471; x_wconf 77' lang='grc' dir='ltr'>τῷ</span> <span class='ocrx_word' id='word_1_626' title='bbox 3681 4396 3908 4469; x_wconf 66' lang='grc' dir='ltr'><strong>γράμματι</strong></span> 
     </span>
    </p>
   </div>
   <div class='ocr_carea' id='block_1_97' title="bbox 2358 4493 3910 4574">
    <p class='ocr_par' dir='ltr' id='par_1_97' title="bbox 2358 4493 3910 4574">
     <span class='ocr_line' id='line_1_97' title="bbox 2358 4493 3910 4574; baseline -0.011 -19"><span class='ocrx_word' id='word_1_627' title='bbox 2358 4506 2500 4556; x_wconf 76' lang='grc' dir='ltr'>Κατὰ</span> <span class='ocrx_word' id='word_1_628' title='bbox 2565 4504 2872 4574; x_wconf 84' lang='grc' dir='ltr'>Νεστορίου,</span> <span class='ocrx_word' id='word_1_629' title='bbox 2949 4500 3030 4547; x_wconf 85' lang='grc' dir='ltr'><strong>ἱνα</strong></span> <span class='ocrx_word' id='word_1_630' title='bbox 3103 4503 3165 4567; x_wconf 75' lang='grc' dir='ltr'>τῇ</span> <span class='ocrx_word' id='word_1_631' title='bbox 3245 4493 3505 4566; x_wconf 73' lang='grc' dir='ltr'>ἐπιγραφῇ</span> <span class='ocrx_word' id='word_1_632' title='bbox 3553 4498 3640 4542; x_wconf 71' lang='grc' dir='ltr'><strong>τού</strong></span> <span class='ocrx_word' id='word_1_633' title='bbox 3687 4496 3910 4552; x_wconf 67' lang='grc' dir='ltr'>συγγραμ-</span> 
     </span>
    </p>
   </div>
   <div class='ocr_carea' id='block_1_98' title="bbox 2354 4403 3455 4484">
    <p class='ocr_par' dir='ltr' id='par_1_98' title="bbox 2354 4403 3455 4484">
     <span class='ocr_line' id='line_1_98' title="bbox 2354 4403 3455 4484; baseline -0.007 -21"><span class='ocrx_word' id='word_1_634' title='bbox 2354 4418 2532 4483; x_wconf 72' lang='grc' dir='ltr'>ὄνομα,</span> <span class='ocrx_word' id='word_1_635' title='bbox 2578 4410 2862 4484; x_wconf 78' lang='grc' dir='ltr'>ἐπιγραφὴν</span> <span class='ocrx_word' id='word_1_636' title='bbox 2909 4415 3195 4481; x_wconf 75' lang='grc' dir='ltr'>κακοῦργον</span> <span class='ocrx_word' id='word_1_637' title='bbox 3259 4403 3455 4465; x_wconf 68' lang='grc' dir='ltr'>ἐπιθεὶς</span> 
     </span>
    </p>
   </div>
   <div class='ocr_carea' id='block_1_99' title="bbox 2355 4574 3908 4664">
    <p class='ocr_par' dir='ltr' id='par_1_99' title="bbox 2355 4574 3908 4664">
     <span class='ocr_line' id='line_1_99' title="bbox 2355 4574 3908 4664; baseline -0.017 -21"><span class='ocrx_word' id='word_1_638' title='bbox 2355 4612 2512 4664; x_wconf 83' lang='grc' dir='ltr'>ματος</span> <span class='ocrx_word' id='word_1_639' title='bbox 2542 4590 2771 4642; x_wconf 78' lang='grc' dir='ltr'>κλέπτειν</span> <span class='ocrx_word' id='word_1_640' title='bbox 2821 4590 2939 4658; x_wconf 83' lang='grc' dir='ltr'>ἔχοι</span> <span class='ocrx_word' id='word_1_641' title='bbox 2964 4589 3082 4645; x_wconf 83' lang='grc' dir='ltr'>τοὺς</span> <span class='ocrx_word' id='word_1_642' title='bbox 3127 4583 3517 4654; x_wconf 80' lang='grc' dir='ltr'>ἁπλουστέρους</span> <span class='ocrx_word' id='word_1_643' title='bbox 3559 4579 3626 4640; x_wconf 80' lang='grc' dir='ltr'>εἰς</span> <span class='ocrx_word' id='word_1_644' title='bbox 3680 4574 3908 4643; x_wconf 71' lang='grc' dir='ltr'>ἀκροασιν.</span> 
     </span>
    </p>
   </div>
   <div class='ocr_carea' id='block_1_100' title="bbox 2355 4661 3908 4750">
    <p class='ocr_par' dir='ltr' id='par_1_100' title="bbox 2355 4661 3908 4742">
     <span class='ocr_line' id='line_1_100' title="bbox 2355 4661 3908 4742; baseline -0.015 -12"><span class='ocrx_word' id='word_1_645' title='bbox 2355 4681 2513 4742; x_wconf 75' lang='grc' dir='ltr'>Ἴσως</span> <span class='ocrx_word' id='word_1_646' title='bbox 2601 4676 2659 4732; x_wconf 69' lang='grc' dir='ltr'>δι</span> <span class='ocrx_word' id='word_1_647' title='bbox 2712 4677 2978 4735; x_wconf 81' lang='grc' dir='ltr'>Βασίλειός</span> <span class='ocrx_word' id='word_1_648' title='bbox 3031 4673 3170 4725; x_wconf 74' lang='grc' dir='ltr'>ἐστιν</span> <span class='ocrx_word' id='word_1_649' title='bbox 3219 4674 3242 4723; x_wconf 82' lang='grc' dir='ltr'><strong><em>ὁ</em></strong></span> <span class='ocrx_word' id='word_1_650' title='bbox 3290 4671 3466 4737; x_wconf 81' lang='grc' dir='ltr'>Κίλιξ,</span> <span class='ocrx_word' id='word_1_651' title='bbox 3524 4671 3550 4720; x_wconf 86' lang='grc' dir='ltr'><strong>ὁ</strong></span> <span class='ocrx_word' id='word_1_652' title='bbox 3600 4670 3683 4718; x_wconf 87' lang='grc' dir='ltr'>καὶ</span> <span class='ocrx_word' id='word_1_653' title='bbox 3731 4661 3908 4727; x_wconf 76' lang='grc' dir='ltr'>ὕστερον</span> 
     </span>
    </p>
   </div>
   <div class='ocr_carea' id='block_1_101' title="bbox 2360 4753 3909 4845">
    <p class='ocr_par' dir='ltr' id='par_1_101' title="bbox 2360 4753 3909 4845">
     <span class='ocr_line' id='line_1_101' title="bbox 2360 4753 3909 4845; baseline -0.014 -22"><span class='ocrx_word' id='word_1_654' title='bbox 2360 4769 2684 4845; x_wconf 80' lang='grc' dir='ltr'>δραματικὸν</span> <span class='ocrx_word' id='word_1_655' title='bbox 2736 4771 2825 4819; x_wconf 87' lang='grc' dir='ltr'>καὶ</span> <span class='ocrx_word' id='word_1_656' title='bbox 2856 4775 2950 4826; x_wconf 85' lang='grc' dir='ltr'>τῆς</span> <span class='ocrx_word' id='word_1_657' title='bbox 3011 4765 3170 4815; x_wconf 78' lang='grc' dir='ltr'>αὑτοῦ</span> <span class='ocrx_word' id='word_1_658' title='bbox 3235 4763 3521 4834; x_wconf 81' lang='grc' dir='ltr'>Θρησκείας</span> <span class='ocrx_word' id='word_1_659' title='bbox 3571 4753 3761 4815; x_wconf 78' lang='grc' dir='ltr'>ἐπάξιον</span> <span class='ocrx_word' id='word_1_660' title='bbox 3802 4761 3909 4798; x_wconf 74' lang='grc' dir='ltr'>κατα</span> 
     </span>
    </p>
   </div>
   <div class='ocr_carea' id='block_1_102' title="bbox 2360 4851 3344 4926">
    <p class='ocr_par' dir='ltr' id='par_1_102' title="bbox 2360 4851 3344 4926">
     <span class='ocr_line' id='line_1_102' title="bbox 2360 4851 3344 4926; baseline -0.009 -13"><span class='ocrx_word' id='word_1_661' title='bbox 2360 4869 2420 4912; x_wconf 83' lang='grc' dir='ltr'>οῦ</span> <span class='ocrx_word' id='word_1_662' title='bbox 2445 4861 2682 4912; x_wconf 83' lang='grc' dir='ltr'>Ἰωάννου</span> <span class='ocrx_word' id='word_1_663' title='bbox 2722 4855 2964 4926; x_wconf 79' lang='grc' dir='ltr'>Διάλογον</span> <span class='ocrx_word' id='word_1_664' title='bbox 2997 4851 3344 4924; x_wconf 86' lang='grc' dir='ltr'>συμπλάσας.</span> 
     </span>
    </p>
   </div>
   <div class='ocr_carea' id='block_1_103' title="bbox 1936 4984 2604 5042">
    <p class='ocr_par' dir='ltr' id='par_1_103' title="bbox 1936 4984 2604 5042">
     <span class='ocr_line' id='line_1_103' title="bbox 1936 4984 2604 5042; baseline -0.004 -2"><span class='ocrx_word' id='word_1_665' title='bbox 1936 4986 2168 5042; x_wconf 74' lang='lat' dir='ltr'><strong>VARl/E</strong></span> <span class='ocrx_word' id='word_1_666' title='bbox 2210 4984 2604 5041; x_wconf 85' lang='lat' dir='ltr'><strong>LECTIONES.</strong></span> 
     </span>
    </p>
   </div>
   <div class='ocr_carea' id='block_1_104' title="bbox 671 5093 3907 5183">
    <p class='ocr_par' dir='ltr' id='par_1_104' title="bbox 671 5093 3907 5183">
     <span class='ocr_line' id='line_1_104' title="bbox 671 5093 3907 5183; baseline -0.001 -21"><span class='ocrx_word' id='word_1_667' title='bbox 671 5115 718 5147; x_wconf 70' lang='lat'><strong>19</strong></span> <span class='ocrx_word' id='word_1_668' title='bbox 767 5109 943 5171; x_wconf 80' lang='grc' dir='ltr'>ἐθίσας</span> <span class='ocrx_word' id='word_1_669' title='bbox 992 5109 1220 5161; x_wconf 82' lang='grc' dir='ltr'>εἵλκυσεν</span> <span class='ocrx_word' id='word_1_670' title='bbox 1274 5114 1334 5161; x_wconf 86' lang='grc' dir='ltr'><strong>Α.</strong></span> <span class='ocrx_word' id='word_1_671' title='bbox 1409 5110 1452 5147; x_wconf 84' lang='grc'><strong>²⁰</strong></span> <span class='ocrx_word' id='word_1_672' title='bbox 1493 5117 1698 5182; x_wconf 81' lang='grc' dir='ltr'>στρατῷ</span> <span class='ocrx_word' id='word_1_673' title='bbox 1747 5131 1800 5172; x_wconf 81' lang='grc' dir='ltr'>ς’.</span> <span class='ocrx_word' id='word_1_674' title='bbox 1877 5111 1916 5146; x_wconf 77' lang='grc'>²¹</span> <span class='ocrx_word' id='word_1_675' title='bbox 1982 5113 2269 5183; x_wconf 80' lang='grc' dir='ltr'>γράμματα</span> <span class='ocrx_word' id='word_1_676' title='bbox 2333 5117 2393 5164; x_wconf 79' lang='grc' dir='ltr'>Α.</span> <span class='ocrx_word' id='word_1_677' title='bbox 2470 5114 2506 5144; x_wconf 68' lang='grc'><strong>⁸³</strong></span> <span class='ocrx_word' id='word_1_678' title='bbox 2559 5105 2616 5160; x_wconf 74' lang='grc' dir='ltr'><strong>δὲ</strong></span> <span class='ocrx_word' id='word_1_679' title='bbox 2669 5122 2784 5160; x_wconf 88' lang='lat' dir='ltr'><strong>om.</strong></span> <span class='ocrx_word' id='word_1_680' title='bbox 2846 5107 2911 5158; x_wconf 84' lang='grc' dir='ltr'>Α.</span> <span class='ocrx_word' id='word_1_681' title='bbox 2988 5107 3028 5142; x_wconf 78' lang='grc'><strong>³³</strong></span> <span class='ocrx_word' id='word_1_682' title='bbox 3079 5101 3352 5183; x_wconf 48' lang='grc' dir='ltr'>κρυφὶμᾼ-</span> <span class='ocrx_word' id='word_1_683' title='bbox 3432 5099 3476 5137; x_wconf 62' lang='grc'><strong>²⁵</strong></span> 
     </span>
    </p>
   </div>
   <div class='ocr_carea' id='block_1_105' title="bbox 599 5160 3915 5253">
    <p class='ocr_par' dir='ltr' id='par_1_105' title="bbox 599 5160 3915 5253">
     <span class='ocr_line' id='line_1_105' title="bbox 599 5160 3915 5253; baseline -0.009 -7"><span class='ocrx_word' id='word_1_684' title='bbox 599 5185 618 5218; x_wconf 77' lang='grc'><strong><em>⁵</em></strong></span> <span class='ocrx_word' id='word_1_685' title='bbox 652 5186 676 5235; x_wconf 84' lang='grc' dir='ltr'>ὁ</span> <span class='ocrx_word' id='word_1_686' title='bbox 699 5184 744 5236; x_wconf 87' lang='grc' dir='ltr'><strong>Α</strong></span> <span class='ocrx_word' id='word_1_687' title='bbox 771 5160 1057 5246; x_wconf 10' lang='lat' dir='ltr'><strong>iisiiss“</strong></span> <span class='ocrx_word' id='word_1_688' title='bbox 1088 5185 1219 5253; x_wconf 82' lang='lat' dir='ltr'><strong>post</strong></span> <span class='ocrx_word' id='word_1_689' title='bbox 1243 5160 1395 5250; x_wconf 68' lang='grc' dir='ltr'>λόγος</span> <span class='ocrx_word' id='word_1_690' title='bbox 1414 5179 1473 5234; x_wconf 86' lang='lat' dir='ltr'><strong>in</strong></span> <span class='ocrx_word' id='word_1_691' title='bbox 1504 5160 1799 5236; x_wconf 48' lang='lat' dir='ltr'><strong>A‘lac&#39;una</strong></span> <span class='ocrx_word' id='word_1_692' title='bbox 1825 5187 1914 5237; x_wconf 87' lang='lat' dir='ltr'><strong>est</strong></span> <span class='ocrx_word' id='word_1_693' title='bbox 1937 5160 2222 5238; x_wconf 64' lang='grc' dir='ltr'><strong>νὲὶίέίἷὸιὶέ</strong></span> <span class='ocrx_word' id='word_1_694' title='bbox 2241 5160 2569 5237; x_wconf 71' lang='lat' dir='ltr'><strong>duodecim</strong></span> <span class='ocrx_word' id='word_1_695' title='bbox 2594 5183 2650 5234; x_wconf 89' lang='lat' dir='ltr'><strong>et</strong></span> <span class='ocrx_word' id='word_1_696' title='bbox 2674 5160 3389 5246; x_wconf 57' lang='lat' dir='ltr'><strong>coluinnae,quam&#39;dicim</strong></span> <span class='ocrx_word' id='word_1_697' title='bbox 3403 5185 3491 5234; x_wconf 89' lang='lat' dir='ltr'><strong>us,</strong></span> <span class='ocrx_word' id='word_1_698' title='bbox 3535 5167 3727 5223; x_wconf 87' lang='lat' dir='ltr'><strong>totius.</strong></span> <span class='ocrx_word' id='word_1_699' title='bbox 3750 5160 3782 5196; x_wconf 76' lang='grc'>³⁷</span> <span class='ocrx_word' id='word_1_700' title='bbox 3810 5171 3915 5220; x_wconf 76' lang='grc' dir='ltr'><strong>συγ·</strong></span> 
     </span>
    </p>
   </div>
   <div class='ocr_carea' id='block_1_106' title="bbox 597 5255 1427 5329">
    <p class='ocr_par' dir='ltr' id='par_1_106' title="bbox 597 5255 1427 5329">
     <span class='ocr_line' id='line_1_106' title="bbox 597 5255 1427 5329; baseline 0.001 -23"><span class='ocrx_word' id='word_1_701' title='bbox 597 5264 858 5329; x_wconf 60' lang='grc' dir='ltr'>γραφῆναι</span> <span class='ocrx_word' id='word_1_702' title='bbox 889 5276 945 5318; x_wconf 78' lang='grc' dir='ltr'><strong>ς.</strong></span> <span class='ocrx_word' id='word_1_703' title='bbox 1021 5256 1062 5288; x_wconf 80' lang='grc'><strong>²⁸</strong></span> <span class='ocrx_word' id='word_1_704' title='bbox 1091 5255 1427 5328; x_wconf 80' lang='grc' dir='ltr'>γράμματος.</span> 
     </span>
    </p>
   </div>
   <div class='ocr_carea' id='block_1_107' title="bbox 2164 5379 2390 5436">
    <p class='ocr_par' dir='ltr' id='par_1_107' title="bbox 2164 5379 2390 5436">
     <span class='ocr_line' id='line_1_107' title="bbox 2164 5379 2390 5436; baseline 0.004 -3"><span class='ocrx_word' id='word_1_705' title='bbox 2164 5379 2390 5436; x_wconf 79' lang='lat' dir='ltr'><strong>NOT/E.</strong></span> 
     </span>
    </p>
   </div>
   <div class='ocr_carea' id='block_1_108' title="bbox 662 5545 2228 5619">
    <p class='ocr_par' dir='ltr' id='par_1_108' title="bbox 662 5545 2228 5619">
     <span class='ocr_line' id='line_1_108' title="bbox 662 5545 2228 5619; baseline -0.003 -16"><span class='ocrx_word' id='word_1_706' title='bbox 662 5547 1025 5619; x_wconf 81' lang='lat' dir='ltr'><strong>(69)Snidas,</strong></span> <span class='ocrx_word' id='word_1_707' title='bbox 1057 5547 1116 5598; x_wconf 78' lang='grc' dir='ltr'>λθ</span> <span class='ocrx_word' id='word_1_708' title='bbox 1167 5545 1687 5614; x_wconf 82' lang='lat' dir='ltr'><strong>Babylonicorum,</strong></span> <span class='ocrx_word' id='word_1_709' title='bbox 1747 5545 1925 5616; x_wconf 88' lang='lat' dir='ltr'><strong>hujus</strong></span> <span class='ocrx_word' id='word_1_710' title='bbox 1976 5547 2228 5600; x_wconf 83' lang='lat' dir='ltr'><strong>auctoris</strong></span> 
     </span>
    </p>
   </div>
   <div class='ocr_carea' id='block_1_109' title="bbox 586 5623 1094 5679">
    <p class='ocr_par' dir='ltr' id='par_1_109' title="bbox 586 5623 1094 5679">
     <span class='ocr_line' id='line_1_109' title="bbox 586 5623 1094 5679; baseline -0.02 0"><span class='ocrx_word' id='word_1_711' title='bbox 586 5623 768 5679; x_wconf 81' lang='lat' dir='ltr'><strong>libros</strong></span> <span class='ocrx_word' id='word_1_712' title='bbox 801 5624 1094 5672; x_wconf 86' lang='lat' dir='ltr'><strong>numerat.</strong></span> 
     </span>
    </p>
   </div>
   <div class='ocr_carea' id='block_1_110' title="bbox 654 5688 2230 5763">
    <p class='ocr_par' dir='ltr' id='par_1_110' title="bbox 654 5688 2230 5763">
     <span class='ocr_line' id='line_1_110' title="bbox 654 5688 2230 5763; baseline -0.001 -17"><span class='ocrx_word' id='word_1_713' title='bbox 654 5694 766 5763; x_wconf 80' lang='lat'>(70)</span> <span class='ocrx_word' id='word_1_714' title='bbox 795 5689 954 5743; x_wconf 80' lang='lat' dir='ltr'><strong>Idem</strong></span> <span class='ocrx_word' id='word_1_715' title='bbox 987 5688 1078 5742; x_wconf 82' lang='lat' dir='ltr'><strong>ille</strong></span> <span class='ocrx_word' id='word_1_716' title='bbox 1101 5689 1194 5763; x_wconf 76' lang='lat' dir='ltr'><strong>hie</strong></span> <span class='ocrx_word' id='word_1_717' title='bbox 1219 5688 1655 5763; x_wconf 79' lang='lat' dir='ltr'><strong>videtur,quem</strong></span> <span class='ocrx_word' id='word_1_718' title='bbox 1687 5689 2065 5763; x_wconf 55' lang='lat' dir='ltr'><strong>Antiochense</strong></span> <span class='ocrx_word' id='word_1_719' title='bbox 2087 5705 2230 5763; x_wconf 79' lang='lat' dir='ltr'><strong>par-</strong></span> 
     </span>
    </p>
   </div>
   <div class='ocr_carea' id='block_1_111' title="bbox 579 5760 2229 5829">
    <p class='ocr_par' dir='ltr' id='par_1_111' title="bbox 579 5760 2229 5829">
     <span class='ocr_line' id='line_1_111' title="bbox 579 5760 2229 5829; baseline -0.002 -7"><span class='ocrx_word' id='word_1_720' title='bbox 579 5760 742 5822; x_wconf 70' lang='lat' dir='ltr'><strong>oecize</strong></span> <span class='ocrx_word' id='word_1_721' title='bbox 774 5779 845 5818; x_wconf 79' lang='lat' dir='ltr'><strong>ex</strong></span> <span class='ocrx_word' id='word_1_722' title='bbox 877 5760 1270 5816; x_wconf 79' lang='lat' dir='ltr'><strong>Grammatico</strong></span> <span class='ocrx_word' id='word_1_723' title='bbox 1305 5761 1720 5829; x_wconf 86' lang='lat' dir='ltr'><strong>presbyterum</strong></span> <span class='ocrx_word' id='word_1_724' title='bbox 1768 5761 2041 5817; x_wconf 88' lang='lat' dir='ltr'><strong>nominat</strong></span> <span class='ocrx_word' id='word_1_725' title='bbox 2082 5761 2229 5819; x_wconf 85' lang='lat' dir='ltr'><strong>Mar-</strong></span> 
     </span>
    </p>
   </div>
   <div class='ocr_carea' id='block_1_112' title="bbox 582 5831 2047 5903">
    <p class='ocr_par' dir='ltr' id='par_1_112' title="bbox 582 5831 2047 5903">
     <span class='ocr_line' id='line_1_112' title="bbox 582 5831 2047 5903; baseline -0.005 -9"><span class='ocrx_word' id='word_1_726' title='bbox 582 5839 847 5903; x_wconf 80' lang='lat' dir='ltr'><strong>cellinus,</strong></span> <span class='ocrx_word' id='word_1_727' title='bbox 869 5840 925 5890; x_wconf 91' lang='lat' dir='ltr'><strong>et</strong></span> <span class='ocrx_word' id='word_1_728' title='bbox 950 5831 1309 5889; x_wconf 87' lang='lat' dir='ltr'><strong>Gennad.De</strong></span> <span class='ocrx_word' id='word_1_729' title='bbox 1334 5831 1538 5899; x_wconf 84' lang='lat' dir='ltr'><strong>script.</strong></span> <span class='ocrx_word' id='word_1_730' title='bbox 1566 5832 1770 5888; x_wconf 81' lang='lat' dir='ltr'><strong>eccles.</strong></span> <span class='ocrx_word' id='word_1_731' title='bbox 1798 5847 1929 5902; x_wconf 87' lang='lat' dir='ltr'><strong>cap.</strong></span> <span class='ocrx_word' id='word_1_732' title='bbox 1959 5835 2047 5886; x_wconf 88' lang='lat'><strong>93.</strong></span> 
     </span>
    </p>
   </div>
   <div class='ocr_carea' id='block_1_113' title="bbox 2413 5524 3920 5614">
    <p class='ocr_par' dir='ltr' id='par_1_113' title="bbox 2413 5524 3920 5614">
     <span class='ocr_line' id='line_1_113' title="bbox 2413 5524 3920 5614; baseline -0.011 -16"><span class='ocrx_word' id='word_1_733' title='bbox 2413 5546 2522 5614; x_wconf 86' lang='lat' dir='ltr'>(7t)</span> <span class='ocrx_word' id='word_1_734' title='bbox 2543 5541 2998 5603; x_wconf 69' lang='lat' dir='ltr'><strong>Antiochenam,</strong></span> <span class='ocrx_word' id='word_1_735' title='bbox 3019 5542 3182 5614; x_wconf 53' lang='lat' dir='ltr'><strong>puto,</strong></span> <span class='ocrx_word' id='word_1_736' title='bbox 3207 5535 3370 5614; x_wconf 78' lang='lat' dir='ltr'><strong>illum</strong></span> <span class='ocrx_word' id='word_1_737' title='bbox 3396 5532 3547 5614; x_wconf 82' lang='lat' dir='ltr'><strong>vult.</strong></span> <span class='ocrx_word' id='word_1_738' title='bbox 3564 5543 3742 5614; x_wconf 60' lang='lat' dir='ltr'><strong>quem</strong></span> <span class='ocrx_word' id='word_1_739' title='bbox 3761 5524 3920 5614; x_wconf 45' lang='lat' dir='ltr'><strong>initio</strong></span> 
     </span>
    </p>
   </div>
   <div class='ocr_carea' id='block_1_114' title="bbox 2341 5597 3918 5684">
    <p class='ocr_par' dir='ltr' id='par_1_114' title="bbox 2341 5597 3918 5684">
     <span class='ocr_line' id='line_1_114' title="bbox 2341 5597 3918 5684; baseline -0.014 -13"><span class='ocrx_word' id='word_1_740' title='bbox 2341 5597 2568 5670; x_wconf 68' lang='lat' dir='ltr'><strong>Pulloni</strong></span> <span class='ocrx_word' id='word_1_741' title='bbox 2601 5617 2808 5684; x_wconf 84' lang='lat' dir='ltr'><strong>(Petro,</strong></span> <span class='ocrx_word' id='word_1_742' title='bbox 2845 5597 3458 5684; x_wconf 39' lang='lat' dir='ltr'><strong>inquaiuLGnapheo)</strong></span> <span class='ocrx_word' id='word_1_743' title='bbox 3491 5597 3918 5684; x_wconf 37' lang='lat' dir='ltr'><strong>Sirt‘fectumnllla:</strong></span> 
     </span>
    </p>
   </div>
   <div class='ocr_carea' id='block_1_115' title="bbox 2339 5669 3914 5757">
    <p class='ocr_par' dir='ltr' id='par_1_115' title="bbox 2339 5669 3914 5757">
     <span class='ocr_line' id='line_1_115' title="bbox 2339 5669 3914 5757; baseline -0.015 -15"><span class='ocrx_word' id='word_1_744' title='bbox 2339 5669 2424 5743; x_wconf 84' lang='lat' dir='ltr'><strong>dit</strong></span> <span class='ocrx_word' id='word_1_745' title='bbox 2455 5669 2684 5757; x_wconf 75' lang='lat' dir='ltr'><strong>Onuph.</strong></span> <span class='ocrx_word' id='word_1_746' title='bbox 2723 5669 3381 5757; x_wconf 26' lang='lat' dir='ltr'><strong>PainvinrinFastisad</strong></span> <span class='ocrx_word' id='word_1_747' title='bbox 3413 5669 3512 5730; x_wconf 84' lang='lat' dir='ltr'><strong>an.</strong></span> <span class='ocrx_word' id='word_1_748' title='bbox 3542 5674 3676 5740; x_wconf 74' lang='lat' dir='ltr'><strong>Chr.</strong></span> <span class='ocrx_word' id='word_1_749' title='bbox 3716 5669 3827 5728; x_wconf 77' lang='grc'>460,</span> <span class='ocrx_word' id='word_1_750' title='bbox 3855 5673 3914 5714; x_wconf 65' lang='lat' dir='ltr'><strong>ei</strong></span> 
     </span>
    </p>
   </div>
   <div class='ocr_carea' id='block_1_116' title="bbox 2337 5752 3197 5816">
    <p class='ocr_par' dir='ltr' id='par_1_116' title="bbox 2337 5752 3197 5816">
     <span class='ocr_line' id='line_1_116' title="bbox 2337 5752 3197 5816; baseline -0.013 0"><span class='ocrx_word' id='word_1_751' title='bbox 2337 5759 2556 5816; x_wconf 86' lang='lat' dir='ltr'><strong>Theod.</strong></span> <span class='ocrx_word' id='word_1_752' title='bbox 2589 5752 2740 5813; x_wconf 82' lang='lat' dir='ltr'><strong>Lect.</strong></span> <span class='ocrx_word' id='word_1_753' title='bbox 2775 5755 2916 5810; x_wconf 62' lang='grc' dir='ltr'>ωλι</span> <span class='ocrx_word' id='word_1_754' title='bbox 2961 5752 3197 5810; x_wconf 88' lang='lat' dir='ltr'><strong>Collect.</strong></span> 
     </span>
    </p>
   </div>
   <div class='ocr_carea' id='block_1_117' title="bbox 2411 5810 3764 5902">
    <p class='ocr_par' dir='ltr' id='par_1_117' title="bbox 2411 5810 3764 5902">
     <span class='ocr_line' id='line_1_117' title="bbox 2411 5810 3764 5902; baseline -0.019 -14"><span class='ocrx_word' id='word_1_755' title='bbox 2411 5810 2720 5902; x_wconf 42' lang='lat' dir='ltr'><strong>(‘7?!)Cujus</strong></span> <span class='ocrx_word' id='word_1_756' title='bbox 2753 5832 3097 5898; x_wconf 84' lang='lat' dir='ltr'><strong>excerptum</strong></span> <span class='ocrx_word' id='word_1_757' title='bbox 3125 5837 3267 5879; x_wconf 81' lang='lat' dir='ltr'><strong>mox</strong></span> <span class='ocrx_word' id='word_1_758' title='bbox 3294 5820 3454 5890; x_wconf 80' lang='lat' dir='ltr'><strong>leges</strong></span> <span class='ocrx_word' id='word_1_759' title='bbox 3481 5815 3616 5873; x_wconf 91' lang='lat' dir='ltr'><strong>cod.</strong></span> <span class='ocrx_word' id='word_1_760' title='bbox 3652 5810 3764 5867; x_wconf 73' lang='grc'>107.</span> 
     </span>
    </p>
   </div>
  </div>
