4036 6214
470 254 575 308 343
1679 264 1918 320 PHOTll
1961 264 2064 318 PA'.

2263 258 2442 317 tCH/E
2503 258 2612 315 CP.
3740 253 3857 308 344

471 379 831 455 discesserit,
862 386 940 442 ab
969 388 1222 459 ipsemet
1253 389 1410 446 urbis
1443 392 1724 462 episcopo
1754 395 1962 462 postea
1993 406 2064 445 cu

2271 393 2573 457 ἱατηχεῐται
2627 381 2685 435 δὲ
2732 388 2822 436 καὶ
2867 385 2892 436 6
2944 385 3180 456 ἔπαρχος
3223 398 3235 411 ·
3266 378 3425 431 πάλαι
3453 379 3555 450 γὰρ
3590 374 3652 434 ἦν
3700 373 3865 437 οὗτος

473 470 638 524 omni
659 470 885 529 familia
899 475 1200 548 baptismo
1224 479 1562 549 tingendus.
1582 478 1892 534 Praefectus
1911 482 2067 534 auter

2269 473 2574 532 Ξαπτισθείς.
2666 477 2766 525 Καὶ
2843 471 2962 523 ἄλλο
3015 466 3074 522 δὲ
3149 468 3276 520 πολὺ
3342 465 3536 526 πλῆθος
3598 465 3863 523 Ἑλλήνων

475 559 641 630 quod
666 561 897 632 pridem
928 564 1263 636 baptizatus
1294 572 1466 633 esset,
1500 567 1797 624 catechesi
1829 566 2063 622 instruit

2268 560 2630 636 εροσέδραμεν.
2677 561 2735 613 Ὀ
2787 557 2846 613 δὲ
2890 569 2984 620 τῆς
3031 557 3222 619 πόλεως
3274 556 3396 627 [I39
3427 554 3521 627 H.]
3562 554 3862 616 ἐπίσκοπος

476 662 820 722 magnaque
835 654 1078 710 omnino
1094 656 1408 712 hominum
1425 672 1800 728 paganorum
1819 655 2070 712 multitm

2270 651 2416 725 μελλε
2473 659 2789 726 χειροτονεῖν
2861 652 2946 701 τὸν
3017 649 3277 712 Ἰωάννην,
3350 649 3439 697 καὶ
3509 643 3615 696 ἀντ’
3690 643 3864 695 αὐτοῦ

477 735 555 790 ad
589 736 698 792 hos
730 744 998 798 accessit.
1030 745 1160 800 Jam
1189 746 1318 818 ipse
1348 761 1592 818 quoque
1623 746 1788 801 urbis
1820 747 2071 818 episcop‘

2274 739 2650 811 ιαταλιμπάνειν
2690 738 2991 791 ἐπίσκοπον.
3026 743 3186 808 Ὅπερ
3231 738 3382 806 γνοὺς
3429 732 3631 802 ἐκεῖνος,
3683 731 3868 806 λάθρα

476 825 770 881 Joannem
795 828 1091 900 ordinare,
1121 837 1177 890 et
1200 848 1310 906 pro
1337 850 1398 890 se
1429 834 1778 906 episcopum
1805 833 2070 904 relinque

1857 833 2140 904 :linquere
2251 833 2337 882 καὶ
2361 826 2567 902 σπουδῇ
2603 832 2732 902 πρὸς
2756 832 2848 886 τὴν
2884 823 3121 901 πατρίδα
3152 823 3451 877 ἀπέπλευσε.

478 911 539 966 in
566 913 767 971 animo
799 916 1084 977 habebat.

553 1001 632 1058 Ea
657 1018 720 1058 re
748 1008 1002 1079 cognita,
1045 1011 1201 1068 clam
1231 1012 1347 1077 ille,
1378 1029 1449 1069 ac
1487 1013 1748 1069 celeriter
1787 1012 1845 1067 in
1887 1009 2145 1083 patriam

2325 1018 2431 1072 Τῆς
2507 1007 2565 1062 δὲ
2612 1009 2804 1070 πόλεως
2860 1008 3185 1078 Ἀντιοχείας
3238 1003 3322 1056 ἐπὶ
3378 999 3654 1058 δικανικὴν
3712 998 3867 1060 τάξιν

485 1090 893 1163 adnavigavit,
921 1097 1025 1154 ubi
1054 1099 1200 1156 dum
1223 1101 1370 1172 juris
1385 1101 1624 1159 dicendi
1657 1102 2071 1158 auctoritatem

2273 1099 2484 1171 ἷιγόντων
2523 1099 2699 1165 αὐτὸν,
2753 1097 2904 1158 αὐτὸς
2946 1094 3135 1168 μᾶλλον
3185 1096 3314 1166 πρὸς
3355 1094 3438 1144 τὸν
3487 1094 3691 1162 μονήρη
3745 1086 3867 1159 βίον

484 1179 642 1235 cives
658 1183 749 1238 sui
771 1187 1063 1244 mandare
1085 1189 1317 1256 vellent,
1335 1191 1662 1248 solitariam
1677 1191 1857 1246 vitam
1875 1188 2078 1262 praetul

2276 1188 2512 1254 'mt'xhvs,
2592 1185 2807 1240 δέκατον
2881 1191 2971 1237 καὶ
3047 1180 3232 1255 ὄγδοον
3307 1189 3396 1241 τῆς
3469 1179 3678 1238 ἡλικίας
3752 1179 3870 1236 ἔτος

484 1274 751 1325 octavum
767 1271 1208 1346 decimum,non
1222 1279 1686 1350 amplius,mtalis
1705 1294 1922 1334 annum
1943 1290 2078 1345 ager

2279 1282 2444 1333 ινύων.
2497 1285 2608 1330 Τῶν
2667 1275 2726 1329 δὲ
2775 1276 3241 1348 συμφοιτησοξντων
3291 1271 3427 1341 αὐτῷ
3480 1269 3545 1329 εἰς
3595 1263 3873 1320 διδασκοί-

488 1359 529 1412 Ε
559 1359 1114 1435 condiscipulorum
1137 1367 1344 1424 adhaac
1370 1368 1564 1434 turba,
1588 1367 1688 1440 qui
1718 1367 1910 1423 eidem
1937 1380 2082 1438 praet

2279 1387 2350 1420 ιου
2390 1368 2436 1402 ³⁸
2486 1369 2648 1420 πείθει
2695 1370 2808 1418 τότε
2839 1367 2884 1400 ³⁸
2922 1361 3215 1435 Θεόδωρον,
3263 1362 3322 1423 ὃς
3362 1361 3574 1432 ὕστερον
3620 1356 3873 1428 Μοψονε-

485 1447 642 1518 ptori
673 1463 920 1521 operam
959 1454 1268 1522 dederant,
1314 1457 1608 1529 persuasit
1647 1462 1785 1512 tunc
1820 1453 2079 1511 Theodox

2275 1463 2410 1517 ττίας
2456 1460 2681 1514 κατέστη
2738 1455 3042 1519 ἐπίσκοπος,
3098 1457 3187 1504 καὶ
3247 1449 3483 1521 Μάξιμον
3540 1447 3869 1519 (Σελευκείας

488 1538 593 1607 qui
624 1545 763 1608 post
787 1541 1163 1614 Mopsuestiee
1191 1545 1510 1618 episcopus
1536 1546 1664 1610 fuit,
1692 1549 1749 1602 et
1772 1545 2020 1602 Maximo
2047 1541 2082 1596 S

2273 1543 2325 1599 δὲ
2380 1551 2468 1598 καὶ
2522 1546 2670 1607 οὗτος
2729 1543 3076 1612 ἐπεσκόπησε)
3123 1544 3209 1593 τόν
3262 1539 3692 1613 χρηματιστικὸν
3745 1534 3867 1608 βίον

489 1623 696 1682 Ιθιιοὶω
727 1645 971 1704 quoque
1002 1638 1210 1706 postea
1245 1636 1544 1707 episcopo,
1594 1635 1814 1706 rejecta
1847 1634 1968 1690 vita
1995 1649 2083 1705 qu

2275 1634 2665 1696 διαπτύσοίντας
2707 1636 2755 1671 ⁴⁰
2798 1633 2925 1707 [253
2977 1634 3060 1702 8.]
3110 1631 3313 1685 ﬁsa-6m
3354 1633 3439 1681 τὸν
3477 1628 3637 1680 λιτόν.
3686 1629 3767 1678 Τὰ
3809 1622 3869 1676 δὲ

493 1717 717 1772 stuaria
733 1735 801 1774 ac
825 1721 1083 1793 publica,
1103 1723 1399 1795 privatam
1422 1741 1492 1780 ac
1505 1724 1838 1797 simplicem
1859 1728 1920 1778 ut
1938 1721 2087 1794 ampl

2277 1725 2428 1778 πολλὰ
2480 1724 2728 1796 Βασιλείῳ
2785 1732 2943 1782 συνῆν
2998 1729 3068 1792 τῷ
3143 1719 3370 1792 μεγάλῳ,
3439 1715 3544 1768 ἀλλ’
3607 1715 3737 1786 οὐχ,
3805 1714 3871 1772 ὡς

491 1808 804 1862 cterentur.
823 1809 1149 1868 Plurimum
1163 1829 1301 1869 vero
1317 1815 1367 1885 (7
1377 1815 1429 1885 8)
1449 1813 1657 1870 Basilio
1671 1830 1814 1869 usus
1827 1819 1911 1868 est
1927 1815 2085 1881 Magn

2280 1816 2426 1888 ἕτεροί
2483 1834 2658 1886 φασιν,
2732 1814 2885 1885 ἑτέρῳ
2941 1833 2953 1845 ·
3011 1811 3063 1863 ὃν
3113 1814 3202 1861 καὶ
3255 1805 3494 1860 διάκονον
3547 1807 3573 1858 6
3621 1804 3874 1864 Μελέτιος

493 1892 638 1962 (non
665 1894 763 1952 illo
796 1898 1002 1967 altero,
1034 1906 1097 1956 ut
1122 1901 1221 1957 alii
1252 1901 1573 1973 afﬁrmant)
1601 1918 1781 1973 quem
1813 1906 1867 1956 et
1899 1900 2082 1956 Meleti

2280 1911 2576 1978 χειροτονεῖ,
2622 1907 2706 1954 καὶ
2754 1911 2852 1953 τῶν
2908 1900 3069 1953 ἄλλων
3114 1899 3260 1951 πλέον
3300 1899 3325 1948 6
3373 1895 3615 1956 Ἰωάννης
3674 1893 3750 1953 εἰς
3795 1913 3874 1964 ρι-

492 1980 812 2041 diaconum
839 1987 1158 2053 ordinavit,
1183 1995 1240 2046 et
1262 1993 1520 2047 Joannes
1554 1992 1780 2046 caeteris
1812 1991 1872 2046 in
1898 1989 2086 2046 amicit

2277 1996 2380 2046 λίαν
2454 1996 2777 2066 προύκρινεν.
2836 1991 3003 2051 Οὗτος
3076 1989 3536 2060 προαποτάσσεται
3605 1984 3871 2046 Ἰωάννου,

491 2072 774 2141 praetulit.
805 2076 903 2131 Hic
925 2078 1077 2149 79b
1105 2084 1240 2135 ante
1261 2081 1554 2135 Joannem
1583 2079 1811 2135 mundo
1839 2095 1974 2135 cum
2003 2079 2085 2133 val

2281 2087 2359 2134 εαὶ
2399 2081 2771 2155 προσκαλεῖται
2821 2081 2862 2114 ⁸³
2912 2083 2998 2131 τὸν
3030 2078 3171 2150 φίλον
3212 2076 3286 2149 ἐφ’
3318 2074 3356 2147 ᾧ
3387 2084 3480 2136 τῆς
3511 2073 3677 2133 αὐτῆς
3710 2091 3875 2144 μετα-

493 2159 763 2226 dixisset,
779 2164 855 2219 ad
877 2165 1039 2222 idem
1059 2168 1189 2224 vita:
1209 2183 1399 2238 genus
1419 2170 1680 2225 amicum
1699 2184 1938 2241 quoque
1957 2183 2087 2223 acce

2285 2179 2425 2244 τχεῖν
2472 2170 2732 2232 πολιτείας
2761 2191 2772 2203 ·
2808 2172 2837 2227 ἡ
2887 2165 2946 2221 δὲ
2985 2173 3159 2241 μήτηρ
3200 2170 3319 2225 τέως
3364 2163 3571 2217 ἐκώλυε.
3603 2167 3792 2219 Ζήνων.
3818 2156 3879 2212 δὲ

494 2247 651 2319 sivit,
675 2268 857 2323 quem
885 2257 1092 2312 matris
1113 2257 1404 2313 hactenus
1431 2275 1575 2314 cura
1595 2258 1980 2330 impediebat.
2009 2260 2088 2312 ΖΘ]

2284 2260 2373 2312 ὶπό
2443 2259 2807 2332 Ἰεροσολύμων
2875 2257 3030 2309 ἐλθὼν
3090 2258 3116 2307 6
3177 2254 3454 2314 ἐπίσκοπος
3529 2250 3878 2321 ἀναγνώστην

494 2339 640 2396 forte
659 2347 774 2396 tum
796 2343 1238 2418 (79);episcopus
1253 2347 1669 2418 Hierosolymis
1685 2347 1977 2418 profectus
1990 2346 2088 2400 lecl

2282 2351 2512 2406 Ἰωάννην
2586 2357 2674 2408 τῆς
2741 2347 2788 2399 ἐν
2843 2347 3143 2416 ’Δντιοχεία
3192 2341 3506 2401 Ἐκκλησίας
3555 2341 3876 2395 καθίστησι.

492 2443 617 2486 rem
650 2429 811 2486 hunc
847 2432 1171 2506 [nostrum]
1205 2437 1580 2492 Antiochenze
1626 2435 1903 2492 Ecclesiae
1942 2451 2086 2491 cons

2286 2438 2492 2508 Γελευτᾷ
2538 2434 2597 2490 δε
2642 2435 2748 2510 μετ’
2797 2436 2854 2488 ού
2913 2435 3042 2488 πολὺ
3081 2436 3111 2491 ἡ
3171 2434 3216 2468 ⁸³
3271 2436 3443 2504 μήτηρ
3492 2429 3753 2494 Ἰωάννου,
3786 2431 3880 2478 καὶ

493 2517 602 2572 tuit
625 2535 638 2572 :
664 2519 836 2588 cujus
860 2526 914 2577 et
933 2528 1121 2579 mater
1140 2530 1276 2596 post
1297 2525 1482 2596 paulo
1505 2526 1774 2581 moritur.
1803 2525 2002 2580 Patriis
2020 2541 2087 2587 er,

2286 2528 2423 2588 ›ὖτος
2474 2527 2639 2586 καλῶς
2690 2529 2774 2578 τὸν
2830 2533 3066 2597 πατρῷον
3125 2526 3415 2595 σκορπίο-ας
3468 2515 3607 2570 οἶκον
3661 2518 3733 2582 ⁸⁸,
3787 2521 3880 2566 καὶ

493 2605 586 2662 ille
613 2607 828 2678 opibus
850 2609 911 2666 in
933 2627 1153 2682 egenos
1178 2614 1526 2680 distributis,
1550 2615 1818 2688 urheque
1848 2615 2076 2682 relicta,

2290 2621 2366 2675 τὴν
2439 2615 2585 2668 πόλιν
2662 2615 2844 2681 λιπὼν,
2916 2619 3021 2672 τοῖς
3081 2611 3174 2674 ἔξω
3245 2612 3441 2669 ταύτης
3497 2608 3884 2678 μοναστηρίοις

494 2698 924 2754 monasterium
947 2705 1112 2758 extra
1134 2702 1428 2774 oppidum
1453 2719 1513 2759 se
1535 2703 1718 2770 dedit,
1733 2705 1916 2777 fitque
1935 2704 2015 2759 ibi
2038 2722 2088 2775 ει

2287 2705 2453 2758 Ξαυτὸν
2486 2699 2766 2771 ἐκδίδωσι,
2799 2706 2889 2754 καὶ
2927 2706 3123 2771 γίνεται
3167 2698 3323 2758 αύτός
3365 2700 3520 2754 τύπος
3568 2698 3657 2745 καὶ
3706 2697 3881 2744 κανὼν

495 2784 696 2841 culum
719 2802 790 2842 ac
815 2804 1029 2845 norma
1059 2791 1471 2862 religiosorum
1500 2793 1792 2849 omnium.

1145 2791 1471 2862 igiosorum
1500 2793 1792 2849 omnium.
2270 2803 2366 2846 τῶν
2392 2794 2739 2866 μοναζόντων.

566 2875 892 2946 Hesychius
918 2879 1172 2950 quidam
1199 2883 1534 2938 monachus
1557 2899 1586 2937 e
1613 2883 1801 2954 Syria,
1825 2882 2160 2938 futurorum

2341 2883 2460 2936 Ὀτι
2505 2883 2759 2954 Ἰἰσύχιος
2807 2883 3058 2952 μοναχὸς,
3109 2879 3266 2949 Σύρος
3321 2882 3392 2944 τῷ
3435 2878 3589 2945 γένει,
3638 2877 3882 2944 προγνώ-

494 2963 802 3034 praascius,
824 2967 972 3022 duos
994 2969 1312 3026 viditviros
1327 2971 1851 3027 candidisindutos
1871 2971 2088 3026 vestibt

2290 2993 2396 3033 rem;
2454 2971 2703 3035 ἀξιωθεὶς,
2787 2972 2962 3042 θεωρεῖ
3013 2963 3211 3041 ἄνδρας
3267 2965 3749 3035 λευχειμονοῦντας,
3812 2961 3884 3010 ὧν

495 3067 756 3123 quorum
803 3055 947 3110 alter
992 3057 1210 3113 librum
1254 3074 1435 3130 quem
1468 3059 1720 3126 tenebat,
1775 3060 1973 3115 claves
2017 3059 2089 3115 all

2291 3085 2296 3111 ι
2329 3065 2418 3134 μὲν
2445 3069 2659 3131 κατεῖχε
2691 3065 2869 3132 τόμον,
2897 3061 2922 3110 6
2956 3055 3014 3110 δε
3060 3056 3211 3117 ἄλλος
3253 3054 3384 3113 κλεῖς
3415 3067 3430 3083 ‘
3464 3056 3552 3104 καὶ
3594 3045 3885 3102 ἐπεδίδουν

493 3142 708 3196 Joanni
729 3143 1055 3200 tradiderit.
1081 3145 1178 3200 Ille
1197 3147 1310 3218 (80)
1335 3163 1395 3202 se
1419 3149 1650 3203 Petrum
1673 3149 2011 3219 apostolum
2029 3164 2087 3203 es

2291 3153 2503 3224 κατερος
2552 3149 2716 3201 αὐτῶν
2774 3155 2940 3200 ταῦτα
3003 3155 3074 3198 τῶ
3129 3145 3361 3216 Ἰωάννῃ,
3433 3144 3458 3193 6
3533 3143 3623 3213 μὲν
3697 3139 3885 3190 ἑαυτὸν

497 3229 748 3296 dicebat,
783 3231 930 3286 alter
963 3235 1258 3290 Joannem
1290 3235 1655 3306 theologum.
1688 3239 1821 3292 llaec
1852 3237 2091 3293 monacl

2291 3238 2401 3292 ;ἶναι
2432 3243 2517 3292 τὸν
2558 3238 2846 3291 ἀπόστολον
2898 3240 3109 3310 Πέτρον,
3152 3235 3176 3286 6
3210 3230 3267 3285 δε
3310 3232 3468 3303 λέγων
3508 3233 3593 3282 τὸν
3637 3227 3885 3298 θεολόγον

498 3318 816 3387 Hesychius
830 3321 1338 3388 narravit,cavens
1356 3329 1552 3380 tamen
1571 3341 1643 3380 ne
1660 3341 1774 3396 qua
1789 3327 1864 3380 ad
1879 3329 2092 3380 Joanne

2293 3335 2531 3389 Ιωοίννην.
2593 3335 2692 3383 Καὶ
2747 3336 2912 3381 ταῦτα
2974 3324 3273 3397 ἀναγγέλλει
3335 3330 3440 3382 τοῖς
3495 3319 3540 3371 ἐν
3597 3326 3659 3391 τῇ
3720 3326 3883 3390 μονῇ,

497 3405 913 3477 perferrentur.
944 3412 1022 3465 Ne
1051 3426 1380 3482 summam,
1399 3414 1608 3484 inquit,
1644 3414 1722 3468 ob
1746 3413 2091 3470 humilitate:

2294 3421 2694 3494 ὶσφαλισάμενος
2765 3422 2836 3490 μὴ
2900 3415 3295 3487 διαγνωσθῆναι
3356 3419 3428 3482 τῷ
3504 3410 3741 3480 Ἰωάννῃ,
3802 3411 3888 3459 ἱνα

499 3498 772 3550 nostrum
797 3499 1224 3555 monasterium
1244 3500 1559 3573 relinquat.
1585 3501 1748 3556 Tunc
1773 3518 2016 3575 quoque
2041 3520 2093 3559 re

2288 3515 2369 3574 κὴ,
2406 3507 2500 3562 διὰ
2547 3509 3016 3580 ταπεινοφροσύνην
3050 3506 3234 3575 ἄκραν,
3266 3505 3463 3561 ταύτης
3493 3501 3658 3570 ἡμῶν,
3696 3502 3882 3569 φησιν,

499 3582 681 3672 ξὶοείε
710 3599 846 3640 eum
873 3587 1396 3646 exercitationibus
1429 3590 1815 3647 vehementer
1843 3593 2093 3648 exercitu

2292 3598 2602 3672 ἰιναχωρὴσῃ
2658 3607 2747 3657 τῆς
2804 3604 2981 3668 μονῆς.
3049 3599 3175 3646 Τότε
3240 3596 3329 3643 καὶ
3403 3588 3653 3662 μεγάλους
3720 3586 3886 3638 αὐτὸν

499 3666 780 3738 ferunt,et
794 3675 1385 3749 asceticaspraaterea
1399 3680 1699 3736 orationes
1719 3681 2093 3754 conscripsis:

2294 3689 2597 3750 ῖισκητικούς
2654 3706 2783 3759 φασι
2836 3681 3188 3737 διαπαλαῖσαι
3245 3680 3446 3751 ἀγῶνας
3515 3681 3604 3729 καὶ
3656 3675 3888 3734 ἀσκητι-

2278 3783 2398 3840 κούς
2425 3776 2734 3850 συγγράψαι
2760 3775 2960 3846 λόγους.

577 3858 690 3914 Sed
711 3863 768 3915 et
791 3860 1079 3917 miracula
1098 3862 1159 3917 in
1183 3863 1299 3919 hoc
1322 3867 1685 3923 monasterio
1711 3868 1987 3939 patravit.
2021 3869 2169 3925 Civis

2353 3873 2551 3920 Γίνεται
2625 3863 2684 3917 δὲ
2755 3870 2844 3916 καὶ
2906 3865 2953 3900 ⁴⁴
3013 3864 3256 3934 θαύματα
3308 3859 3355 3910 ἐν
3407 3865 3478 3928 τῷ
3537 3861 3883 3928 μοναστηρίῳ

504 3946 664 4003 enim
679 3949 980 4020 cujusdam
996 3951 1203 4022 capitis
1215 3957 1441 4024 partem
1455 3954 1706 4012 alteram
1720 3956 1887 4013 dolor
1902 3975 2085 4030 usque

2288 3959 2400 4030 παρ’
2447 3956 2626 4007 αὐτοῦ.
2666 3959 2757 4015 Ti;
2800 3956 2900 4025 γὰρ
2953 3960 3051 4003 τῶν
3096 3957 3191 4010 τῆς
3238 3947 3426 4006 πόλεως
3478 3947 3536 3996 τὸ
3588 3946 3882 4017 ἡμίκρανον

505 4036 824 4108 invaserat,
854 4046 918 4096 ut
943 4045 999 4096 et
1023 4041 1228 4098 dexter
1243 4044 1451 4100 oculus
1478 4045 1862 4118 dependeret;
1886 4047 1981 4103 ille
1997 4029 2099 4118 erg

2291 4053 2371 4107 τῆς
2416 4043 2633 4116 κεφαλῆς
2680 4040 2998 4115 ὑπεραλγῶν,
3059 4041 3192 4089 ὥστε
3262 4040 3352 4087 καὶ
3421 4036 3508 4085 τὸν
3561 4029 3736 4092 δεξιὸν
3793 4033 3885 4084 αύ-

509 4125 584 4182 ad
607 4126 900 4184 Joannem
925 4130 1242 4198 accedens,
1272 4134 1585 4190 sanitatem
1609 4135 1905 4208 extemplo
1927 4153 2100 4209 recep

2285 4141 2368 4186 τοῦ
2447 4135 2494 4168 ⁴⁵
2567 4131 2918 4205 ἐκκρέμασθαι
2991 4126 3270 4200 ὀφθαλμὸν,
3334 4121 3627 4196 προσελθὼν
3711 4122 3879 4192 αὐτῷ,

510 4217 836 4272 Archelaus
874 4225 1159 4290 praeterea
1188 4222 1459 4294 quidam,
1492 4224 1709 4280 divitiis
1743 4230 1797 4280 et
1827 4228 2104 4282 auctorita

2289 4230 2611 4297 παραχρῆμα
2684 4221 2935 4291 τυγχάνει
3006 4224 3096 4276 τῆς
3153 4216 3357 4276 ἰάσεως.
3429 4217 3528 4265 Καὶ
3586 4211 3883 4284 ’Δρχέλαός

510 4304 760 4375 pollens,
785 4304 1012 4376 lepram
1031 4309 1094 4364 in
1114 4307 1264 4364 facie
1282 4315 1518 4381 nactus,
1538 4313 1740 4382 jussus
1759 4314 1816 4368 in
1837 4315 1988 4378 lacu,
2011 4331 2104 4370 unc

2287 4333 2358 4374 τις
2413 4313 2460 4347 ⁴⁶
2517 4320 2614 4363 τῶν
2672 4309 2719 4362 ἐν
2784 4307 3041 4380 ἀξιώματι
3097 4311 3186 4357 καὶ
3243 4303 3445 4374 πλούτῳ
3513 4301 3881 4374 περίϐλεπτος,

513 4391 723 4447 fratres
749 4393 1032 4487 frigidam
1062 4398 1351 4466 biberent,
1386 4399 1606 4466 lavare,
1639 4403 1853 4459 morbo
1883 4404 2107 4460 liberati

2290 4407 2465 4474 λέπραν
2523 4400 2568 4452 ἐν
2621 4408 2692 4469 τῷ
2759 4404 3022 4470 προσώπῳ
3077 4399 3231 4466 ἔχων,
3301 4393 3629 4451 κελεύσαντος
3678 4390 3732 4442 ἐκ
3788 4400 3884 4443 τοῦ

512 4486 601 4536 est
623 4499 635 4536 :
659 4482 782 4555 qui,
807 4482 1183 4543 facultatibus
1209 4487 1331 4543 suis
1361 4489 1712 4557 distributis,
1742 4492 1799 4546 in
1827 4493 2039 4548 eodem
2071 4493 2106 4548 il

2293 4493 2494 4558 λάκκου,
2531 4489 2590 4540 οὗ
2642 4491 2690 4540 οἱ
2732 4485 2947 4558 ἀδελφοὶ
2990 4489 3175 4548 ἔπινον,
3221 4483 3535 4545 λούσασθαι,
3591 4482 3750 4552 ὑγιὴς
3798 4486 3887 4552 73'-

515 4570 617 4627 ubi
663 4573 971 4630 restitutus
1013 4581 1138 4632 erat
1175 4577 1471 4647 coenobio,
1515 4579 1693 4634 rebus
1734 4580 1914 4651 hujus
1960 4599 2105 4638 mun

2291 4600 2418 4652 γονεν
2476 4599 2488 4612 '
2539 4579 2594 4639 ὃς
2648 4581 2737 4628 καὶ
2783 4572 3002 4636 διαδούς
3053 4577 3118 4625 τὰ
3169 4575 3479 4646 ὑπάρχοντα
3523 4570 3708 4634 αὐτοῦ,
3755 4568 3812 4620 ἐν

514 4660 799 4719 valedixit
825 4679 837 4719 :
868 4680 938 4722 ac
963 4669 1171 4736 praeter
1189 4665 1351 4722 hunc
1371 4666 1469 4722 alii
1490 4667 1754 4739 plurimi.
1780 4670 2034 4734 Quidam
2057 4673 2108 4726 Ει

2291 4674 2369 4720 καὶ
2407 4669 2523 4726 ἰάθη
2570 4670 2904 4739 μοναστηρίῳ
2956 4663 3264 4726 ἀπετάξατο,
3319 4665 3408 4712 καὶ
3449 4658 3625 4712 πολλοὶ
3677 4655 3728 4710 δ’
3775 4660 3885 4711 ἓτε-

516 4750 673 4805 cleus
704 4754 965 4824 nomine,
1000 4755 1293 4812 daemonis
1323 4756 1702 4828 improbitate
1733 4757 1915 4814 altero
1946 4761 2110 4815 amis:

2288 4778 2388 4828 οοι.
2451 4756 2633 4816 ’Ἄλλος
2683 4753 2740 4807 δέ
2789 4775 2866 4816 τις
2923 4753 3138 4825 ὀνόματι
3183 4749 3394 4810 Εὕκλεος
3451 4749 3505 4800 ἐκ
3559 4745 3882 4817 δαιμονικῆς

515 4839 710 4905 oculo,
740 4843 1053 4899 monachis
1085 4844 1507 4916 aggregandus
1530 4845 1689 4902 venit
1717 4863 1729 4902 :
1759 4849 1862 4919 qui
1892 4853 1947 4903 et
1975 4865 2010 4904 a
2037 4865 2109 4904 sa

2289 4849 2535 4920 ἐνεργείας
2584 4847 2627 4879 ⁸⁷
2696 4847 2779 4896 τὸν
2835 4840 3004 4905 δεξιὸν
3064 4840 3320 4902 ἀπολέσας
3373 4838 3656 4911 ὀφθαλμὸν,
3715 4857 3883 4910 προσ-

1852 4955 2092 5010 VARUE
2129 4955 2533 5012 LECTIONES.

585 5043 1025 5123 ﬁdrdaaxélog;
1057 5071 1110 5113 ς’.
1268 5051 1314 5123 _"
1362 5051 1500 5123 τότε]
1547 5055 1782 5122 praestat
1831 5057 1916 5104 τόν
1962 5072 2037 5108 τε.
2187 5056 2234 5089 ⁴⁰
2282 5050 2670 5110 διαπτύσαντας
2721 5049 2934 5123 βίονῌς.
2979 5118 2999 5123 _
3086 5049 3127 5082 ⁴¹
3163 5045 3606 5123 προκαλεῖταισΑ.
3687 5120 3696 5123 >
3760 5047 3817 5123 ιε,
3849 5048 3878 5103 ἡ

510 5121 597 5192 καὶ
629 5121 657 5178 ἡ
691 5142 745 5184 ς,
862 5122 907 5154 ⁸³
935 5118 1072 5173 οἷκον
1117 5127 1152 5174 Α
1189 5121 1442 5179 επλοῦτον
1653 5125 1698 5157 ’⁵⁸
1729 5128 1816 5176 καὶ
1848 5141 1968 5180 om.
2011 5127 2079 5179 A.
2193 5127 2240 5160 ‘5
2281 5126 2440 5177 αὐτοῦ
2494 5139 2615 5179 om.
2648 5114 2729 5176 Δί
2825 5121 2872 5154 ⁴⁶
2903 5118 2999 5192 τις]
3043 5123 3096 5170 τέ
3139 5114 3213 5179 τις
3259 5139 3311 5182 ς’.
3426 5118 3470 5151 ‘7
3501 5114 3761 5189 ἐνεργείας
3793 5122 3881 5172 A:

513 5188 757 5264 ἐπηρείας
788 5213 844 5256 ς’.

2075 5296 2298 5352 NOT/E.

581 5385 692 5457 (78)
725 5386 804 5440 De
839 5388 1062 5463 Basiliis
1094 5390 1153 5463 Β.
1189 5391 1466 5463 Chrysos.
1500 5391 1709 5447 amicis
1740 5394 1972 5448 remitto
2005 5397 2056 5448 te
2088 5393 2164 5448 ad
2276 5391 2415 5463 Vide
2447 5391 2624 5445 etiam
2656 5388 2759 5463 inf.
2789 5385 2930 5463 cod.
2957 5387 3080 5440 468.
3193 5455 3203 5463 .

507 5453 901 5532 gemmam.
918 5453 1412 5532 Annal.tom.'lV,
1439 5463 1514 5518 ad
1528 5477 1627 5518 an.
1644 5464 1772 5519 Chr.
1791 5469 1893 5518 372
1907 5469 1962 5519 et
1986 5463 2165 5519 Notas
2347 5462 2459 5532 (79)
2483 5464 2670 5526 Gazae,
2691 5458 3094 5532 siveMajumae
3113 5455 3377 5532 episcop.
3399 5453 3640 5532 Niceph.
3659 5469 3796 5532 cap.
3825 5459 3878 5532 2.

507 5526 2159 5600 Claud.Dausqueiinustriinhoinil.B.Basil.Seleuciens.
2345 5526 2458 5600 (80)
2511 5533 2757 5588 Eosdem
2806 5526 3020 5586 iterum
3070 5526 3229 5600 visos
3273 5542 3404 5582 esse
3443 5526 3755 5593 morienti,
3786 5531 3882 5585 Ni-

506 5601 582 5680 9e
605 5598 823 5680 Basilio
839 5598 1771 5680 autemﬁzesareaeﬂappadocum
1789 5608 1883 5680 hic
1901 5607 2160 5680 locutum
2271 5598 2446 5676 ceph.
2477 5604 2577 5659 lib.
2609 5621 2726 5670 xm,
2761 5617 2891 5675 cap.
2921 5601 3010 5669 37,
3042 5599 3257 5657 retulit.

503 5671 918 5741 Georgium,ex
936 5672 1122 5743 ipsius
1139 5689 1316 5746 opere
1334 5671 1562 5747 intég'ro
1581 5677 2156 5735 manifestissimum.
