4036 6214
186 309 290 359 345

193 429 307 483 ῆιθε
385 426 640 496 μονάσαι,
701 428 794 476 καὶ
872 421 1264 495 ἆποκειρὸμενος
1314 422 1361 457 ⁴⁸
1410 424 1503 482 τὰς

190 518 619 587 προσευχομένου
663 520 759 564 τοῦ
813 512 971 584 ἁγίου
1026 510 1273 582 ἀπείληφε
1351 513 1436 562 τὸν
1515 509 1796 582 ὀφθαλμόν.

197 610 318 660 Γυνη
363 604 415 636 ⁸9
459 600 519 655 δέ
567 623 653 664 τις
701 601 986 677 αἱμόρρους
1037 600 1116 653 ἐπὶ
1176 603 1264 657 ἔτη
1309 599 1445 652 ἑπτὰ
1499 602 1656 671 ἔτυχε
1707 607 1800 660 τῆς

201 693 396 753 ἰάσεως.
429 695 531 744 Καὶ
573 692 754 744 λέοντα
806 688 885 758 δὲ,
914 693 983 753 ὦς
1030 692 1077 726 ⁵ο
1116 709 1268 762 φησι,
1316 688 1531 749 πολλοὺς
1589 685 1800 740 ὁδοιπό-

200 800 310 854 ρους
366 781 699 854 ἁρπάζοντα,
759 786 872 841 τοῖς
944 779 1315 851 αἰτησαμένοις
1393 775 1520 837 δούς
1585 780 1643 829 τὸ
1710 783 1801 828 τοῦ

203 877 431 940 σταυροῦ
465 868 750 940 σύμϐολον,
779 871 957 941 νεκρὸν
982 865 1168 930 ἓδειξιν
1186 869 1231 903 ⁵¹
1264 868 1364 920 ὑπὸ
1395 875 1467 938 τῷ
1501 873 1729 938 σταυρῷ.

269 956 387 1007 Ὀτι
449 961 583 1028 μετὰ
640 961 934 1032 τετραετίαν
990 953 1082 1008 διὰ
1137 959 1223 1008 τὸν
1277 955 1436 1027 ὄχλον
1491 963 1592 1007 τῶν
1643 973 1807 1028 προσ-

212 1051 380 1097 ιόντων
422 1047 699 1119 ἐξέρχεται
741 1055 837 1108 τῆς
876 1055 1056 1118 μονῆς,
1084 1049 1174 1098 καὶ
1224 1049 1298 1098 ἔτι
1343 1048 1431 1104 ἔτη
1476 1041 1571 1097 δύο
1611 1047 1660 1096 ἓν
1703 1064 1804 1096 τινι

204 1135 440 1206 σπηλαία
495 1134 694 1198 ἆῡπνος
741 1138 808 1188 τὰ
862 1135 1023 1188 πολλά
1099 1131 1331 1201 διετέλει,
1384 1139 1455 1207 μὴ
1534 1137 1804 1187 ἀναπεσὼν

202 1223 332 1295 [140
359 1224 456 1297 Η.]
503 1226 619 1277 ὅλον
671 1229 760 1278 τὸν
808 1229 999 1300 χρόνον
1047 1233 1142 1284 τῆς
1187 1221 1405 1285 διετίαςο
1440 1223 1487 1276 ἐν
1518 1222 1557 1296 ᾧ
1605 1227 1694 1276 καὶ
1732 1244 1807 1277 νε-

194 1316 418 1384 κρωθεὶς
462 1317 564 1367 ύπό
610 1322 700 1367 τοῦ
746 1318 936 1388 κρύους
980 1317 1046 1366 τὰ
1091 1318 1207 1385 περὶ
1236 1318 1331 1372 τὴν
1364 1315 1411 1348 ⁵³
1441 1317 1676 1386 γαστέρα
1713 1327 1804 1366 και

196 1407 316 1463 τούς
355 1409 594 1477 νεφρούς,
629 1405 928 1478 εἰσέρχεται
979 1401 1073 1456 διὰ
1109 1408 1202 1461 τὴν
1255 1407 1406 1455 νόσον
1453 1402 1502 1454 ἄν
1546 1411 1607 1476 τῇ
1640 1403 1803 1456 πόλειο

199 1491 247 1542 ἐν
387 1500 482 1544 καὶ
535 1501 916 1567 χειροτονεῖται
968 1495 1066 1546 ὑπὸ
1125 1493 1367 1550 Μελετίου
1417 1489 1675 1560 διάκονος,
1717 1498 1806 1546 καὶ

195 1584 452 1654 ὑπηρετεῖ
493 1591 569 1654 τῷ
626 1586 991 1657 θυσιαστηρίῳ
1031 1586 1116 1640 ἔτη
1166 1587 1330 1636 πέντε.
1360 1584 1550 1656 Γράφει
1594 1579 1653 1635 δὲ
1691 1586 1809 1635 τότε

195 1676 284 1722 καὶ
341 1675 472 1734 τούς
532 1676 659 1745 πρὸς
710 1677 1005 1748 Σταγείρων
1037 1675 1084 1707 ⁵³
1133 1679 1271 1745 τρεῖς
1321 1671 1510 1742 λόγους
1550 1676 1638 1723 καὶ
1691 1676 1808 1732 τοὺς

1388 294 1880 352 BlBLIOTHECA.

1582 425 1796 494 τρίχας,
1832 418 1879 471 Α
1911 427 2004 474 cto
2019 419 2139 474 viro
2154 418 2439 475 detonsus
2452 420 2692 476 oculum
2708 416 3156 490 recepit.Mulier
3167 431 3409 488 quoque
3426 433 3569 472 san-

1911 324 1977 336 —
2018 294 2179 349 COD.
2223 294 2412 351 XCVI.
3466 292 3568 348 346

1909 508 2107 579 guinis
2119 507 2287 564 ﬂuxu
2299 523 2490 564 annos
2504 512 2729 581 septem
2746 504 3388 571 aﬂlicta,valetudinem
3402 521 3568 562 recu-

1909 598 2152 671 peravit.
2165 600 2275 654 Leo
2288 597 2490 662 etiam,
2506 604 2566 653 ut
2583 598 2794 664 ferunt,
2812 596 3064 651 viatores
3080 593 3295 650 multos
3311 595 3570 667 abripie-

1910 688 2032 752 bat;
2047 692 2246 744 atcum
2260 691 2504 756 rogatus
2517 689 2763 743 Joannes
2777 685 2968 742 crucis
2981 684 3068 740 eis
3081 684 3314 752 signum
3331 683 3570 756 impres-

1911 778 2100 842 sisset,
2132 777 2314 847 hujus
2343 792 2484 832 mox
2513 776 2607 832 ille
2636 777 2692 832 vi
2725 775 3101 831 exanimatus
3132 778 3237 830 est.

1987 955 2117 1008 Post
2144 953 2608 1026 quadriennium
2633 953 2869 1019 deinde,
2899 953 2979 1009 ob
3003 952 3377 1024 frequentem
3407 967 3569 1008 acce-

1913 1043 2182 1100 dentium
2215 1043 2474 1109 turbam,
2499 1042 2862 1098 monasterio
2876 1041 3148 1109 excessit,
3171 1047 3226 1096 et
3255 1041 3566 1096 biennium

1916 1133 2183 1189 adhucin
2196 1132 2482 1205 spelunca.
2493 1131 2772 1204 quadam,
2787 1131 3068 1186 insomnis
3081 1131 3570 1202 plerumque,nec

1915 1239 2174 1295 unquam
2189 1226 2309 1278 toto
2322 1221 2417 1278 illo
2430 1226 2695 1292 tempore
2707 1221 2865 1276 humi
2880 1219 3570 1286 stratus,delituit.Emor-

1916 1311 2031 1368 tuis
2048 1315 2250 1367 autem
2263 1311 2356 1367 hic
2371 1327 2490 1383 prae
2514 1309 2729 1380 frigore
2751 1310 2821 1364 iis
2838 1309 3102 1381 corporis
3124 1307 3414 1380 partibus,
3431 1323 3568 1379 quae

1917 1404 2184 1456 ventrem
2202 1416 2271 1455 ac
2291 1416 2462 1455 renes
2481 1399 2792 1468 attingunt,
2809 1398 2870 1453 in
2893 1397 3104 1453 urbem
3117 1396 3231 1452 hoc
3254 1394 3414 1451 malo
3436 1410 3568 1450 coa-

1918 1494 2044 1544 ctus
2065 1489 2320 1553 revertit,
2341 1488 2441 1544 ubi
2476 1504 2509 1544 a
2542 1488 2766 1544 Meletio
2811 1487 3100 1542 diaconus
3131 1485 3463 1550 ordinatus,
3485 1483 3565 1540 al-

1916 1579 2029 1634 tari
2073 1579 2232 1648 80a
2262 1577 2525 1649 quinque
2555 1593 2660 1648 per
2690 1592 2882 1633 annos
2914 1574 3291 1631 ministravit.
3326 1572 3571 1644 Scripsit

1918 1671 2044 1722 tum
2062 1668 2138 1722 ad
2158 1669 2248 1723 Sta
2259 1665 2475 1737 girium
2495 1666 2680 1721 libros
2703 1671 2841 1729 tres,
2861 1669 2918 1721 et
2941 1667 3027 1721 De
3047 1663 3361 1720 sacerdotii
3377 1661 3570 1731 digni-

201 1766 324 1833 Περὶ
385 1762 675 1834 ἱερωσύνης
749 1767 840 1814 καὶ
897 1764 1018 1823 τοὺς
1069 1765 1193 1834 Περὶ
1259 1760 1648 1819 ἀκαταλήπτου.
1717 1769 1801 1814 Τε-

1919 1760 2036 1812 tate
2050 1756 2128 1827 (8t
2142 1757 2182 1825 ),
2198 1759 2256 1811 et
2266 1757 2351 1811 De
2362 1755 2947 1824 incomprehensibili
2965 1755 3080 1825 (82)
3092 1795 3104 1808 .
3118 1755 3334 1808 Verum
3347 1750 3569 1809 Meletio

196 1850 550 1910 λεντησκντος
603 1847 663 1903 δὲ
713 1850 962 1904 Μελετίου
1003 1849 1051 1902 ἐν
1102 1850 1636 1903 Κωνσταντινουπόλει
1691 1849 1808 1903 ἁνα-

198 1947 368 2011 χωρεί
420 1941 576 1991 πάλιν
608 1941 634 1992 ὁ
675 1942 810 2002 θεῖος
840 1939 1082 2000 Ἰωάννης
1110 1939 1160 1992 ἐν
1185 1949 1257 2011 τῷ
1289 1945 1647 2012 μοναστηρίῷ.
1679 1940 1809 1994 Φλα-

197 2027 377 2090 δια-δὸς
439 2026 498 2082 δὲ
553 2028 666 2081 ἀντὶ
724 2029 972 2082 Μελιτίου
1017 2031 1279 2089 καταστὰς
1325 2028 1380 2080 ἐκ
1426 2031 1566 2092 θείας
1614 2036 1807 2081 ἀποκα-

197 2117 404 2188 λύψεως
453 2126 747 2193 χειροτονεῖ
821 2117 1189 2192 πρεσϐύτερον,
1232 2118 1332 2171 ἀπὸ
1403 2125 1496 2171 τοῦ
1547 2138 1808 2192 μοναστη-

196 2213 316 2280 ρίου
370 2209 442 2268 εἰς
489 2213 583 2266 τὴν
630 2209 778 2262 πόλιν
832 2209 984 2260 αύτὸν
1027 2208 1256 2281 ἀγαγὼν,
1281 2217 1376 2270 τῆς
1433 2209 1810 2280 ἀποκαλύψεως

195 2303 286 2349 καὶ
351 2299 601 2356 Ἰωάννην
661 2300 1096 2372 χειροτονηθῆναι
1146 2302 1236 2350 καὶ
1296 2298 1578 2352 Φλαϐιανόν
1630 2319 1808 2372 χειρο-

195 2396 422 2445 τονῆσαι
481 2387 886 2462 ἐπιτρεπούσης.
946 2393 1045 2441 Καὶ
1087 2391 1368 2462 περιστερὰ
1425 2385 1486 2442 δε
1543 2388 1808 2442 ἐπιπτᾶσα

198 2482 288 2527 καὶ
334 2479 465 2549 ὑπὲρ
513 2481 735 2549 κεφαλῆς
763 2486 855 2530 τοῦ
905 2483 1365 2553 χιιροτονουμένου
1407 2485 1581 2532 στᾶσα
1613 2475 1804 2537 ἐδήλου

194 2571 287 2623 τὴν
323 2564 405 2616 ἐπ’
454 2566 594 2637 αύτῷ
636 2568 773 2618 θείαν
819 2567 999 2641 χάριν,
1045 2569 1142 2625 ὅση
1193 2570 1361 2622 ἔσται.
1397 2573 1496 2620 Καὶ
1542 2564 1802 2641 διέτριψεν

196 2653 243 2705 ἐν
274 2664 345 2725 τῷ
400 2663 494 2714 τῆς
546 2654 877 2727 Ἀντιοχείας
908 2658 1136 2730 ἱερατείῳ
1177 2660 1262 2715 ἰτη
1298 2655 1392 2729 ιβ’,
1427 2656 1555 2730 [256
1587 2657 1678 2730 Η.]
1709 2657 1803 2710 Ἦν

195 2740 255 2795 δε
301 2743 395 2796 διὰ
458 2745 616 2807 ζῆλον
666 2748 1011 2819 σωφροσύνης
1059 2745 1113 2796 ἐκ
1173 2750 1283 2806 νέας
1334 2745 1540 2807 ἡλικίας
1595 2751 1800 2821 πικρὸς,

194 2838 283 2884 καὶ
329 2835 480 2904 θυμῷ
523 2833 716 2904 μᾶλλον
762 2835 792 2892 ἦ
832 2832 980 2887 αἰδοῖ
1021 2835 1388 2908 χαριζόμενος,
1426 2835 1617 2896 Πολλὰς
1658 2833 1716 2889 δὲ
1757 2835 1804 2888 ἐν

195 2922 504 2994 Ἀντιοχείᾳ
556 2921 844 2995 ἐγγράφους
895 2923 1175 2983 ἔποιὴσατο
1229 2923 1520 2996 ἐξηγήσεις,
1572 2931 1662 2978 καὶ
1714 2934 1804 2978 τοῦ

197 3010 490 3064 ἐπισκόπου
575 3011 902 3085 βιασαμένου
978 3017 1067 3065 καὶ
1137 3011 1504 3086 αὐτοσχεδίως
1574 3017 1806 3089 καθωμί-

194 3100 324 3157 λησε
364 3103 412 3135 ⁵⁴
446 3110 521 3171 τῷ
553 3102 658 3173 λαῷ
683 3101 765 3154 ἰπὶ
791 3109 883 3154 τοῦ
913 3101 1169 3174 ἄμϐωνος.
1835 3130 1876 3186 C

265 3189 391 3241 Ὀτι
447 3195 697 3261 γυναικός
749 3211 884 3252 τινος
935 3191 1180 3252 Εὐκλείας
1209 3194 1322 3253 υἱὸς
1349 3197 1486 3264 νόσῳ
1515 3203 1799 3268 πυρεκτικῇ

195 3278 412 3349 βληθεὶς
484 3277 816 3349 ἀπεγνὼσθη,
869 3283 1025 3353 ἔτυχε
1083 3277 1141 3333 δὲ
1198 3285 1340 3356 παρὰ
1391 3284 1631 3336 Ἰωάννου
1709 3292 1800 3347 τῆς

196 3367 387 3428 ἰάσεως
437 3364 532 3420 διὰ
574 3375 665 3420 τοῦ
703 3367 916 3439 ὕδατος,
965 3372 992 3422 ὅ
1051 3369 1234 3430 ἐκεῖνος
1283 3375 1580 3446 σφραγίσας
1629 3372 1802 3447 περιρ-

190 3457 446 3528 ῥανᾰῆναι
491 3453 673 3508 ἔδωκε.
705 3463 806 3510 Καὶ
847 3463 979 3529 γυνὴ
1031 3456 1090 3510 δέ
1134 3479 1210 3518 τις
1253 3467 1352 3511 τῶν
1395 3468 1800 3534 Μαρκιανιστῶν

189 3547 392 3616 (ἀρχὰς
438 3543 497 3598 δὲ
549 3565 694 3607 τινας
721 3556 818 3599 τῶν
857 3546 906 3598 ἐν
947 3555 1008 3620 τῇ
1064 3548 1210 3601 πόλει
1239 3551 1264 3601 ὁ
1313 3552 1512 3612 ταύτης
1540 3549 1799 3625 ἑχείρισεν

195 3633 345 3707 ἀνὴρ)
415 3631 756 3709 δνσεντερικῇ
835 3645 1192 3710 περιπεσοῦσα
1264 3642 1400 3710 νόσῳ
1474 3639 1795 3711 ἀπέγνωστο,

192 3733 442 3793 τυχοῦσα
490 3720 553 3776 δὲ
603 3732 692 3785 τῆς
745 3725 930 3787 ἰάσεως
968 3726 1098 3784 αύτή
1151 3746 1204 3779 τε
1239 3732 1327 3779 καὶ
1370 3729 1396 3779 ὁ
1440 3730 1638 3791 ταύτης
1669 3728 1795 3805 ἀνὴρ

201 3816 288 3863 σὺν
341 3816 502 3864 παντὶ
548 3823 618 3883 τῷ
657 3817 782 3886 οἴκῳ
827 3817 954 3888 πρὸς
1001 3819 1095 3873 τὴν
1143 3814 1449 3890 ὀρθοδοξίαν
1494 3815 1794 3893 ἐπέστρεψε,

195 3906 282 3951 καὶ
304 3902 484 3954 πολλοί
512 3901 658 3954 ἄλλοι
673 3911 774 3955 τῶν
803 3911 1226 3976 Μαρκιανιστῶν.

265 3991 384 4043 Ὀτι
485 3998 778 4058 Νεκταρίου
886 3995 1464 4057 Κωνσταντινουπόλεως
1564 3997 1799 4058 τελευτή-

207 4099 383 4142 σαντος
432 4085 799 4155 μετάπεμπτος
855 4081 954 4135 ἀπὸ
1005 4084 1326 4157 Ἀντιοχείας
1370 4087 1796 4162 ὁΧρυσόσ-τομος

485 3998 778 4066 Νεκταρίου
886 3995 1464 4057 Κωνσταντινουπόλεως

207 4175 416 4239 γίνεται,
460 4171 628 4223 πολλὰ
698 4175 791 4244 μὲν
851 4171 1250 4226 ἐναντιωθέντων
1323 4183 1421 4227 τῶν
1484 4175 1795 4250 Ἀντιοχέων

201 4261 278 4322 (τὸ
326 4265 427 4332 γὰρ
483 4261 674 4313 οἰκεῖον
733 4260 926 4332 ἀγαθὸν
981 4262 1130 4315 αύτοὶ
1188 4269 1277 4316 καὶ
1328 4267 1470 4336 ἔχειν
1497 4267 1792 4341 ⁵³ηξίουν),

201 4347 552 4411 immeo-siem;
591 4348 652 4402 δὲ
705 4353 841 4424 ὅμως
878 4361 971 4413 τῆς
1011 4349 1293 4423 βασιλικῆς
1316 4357 1694 4428 μεταπέμψεως
1723 4362 1792 4413 ⁵⁸.

206 4444 296 4490 Καὶ
351 4446 648 4513 χειροτονεί
701 4447 882 4492 τοῦτον
943 4439 1078 4492 ἀκων
1149 4443 1174 4493 ὁ
1230 4451 1326 4504 τῆς
1399 4443 1872 4539 Ἀλεξανδρείαςῡ

204 4528 451 4600 Θεόφιλος
539 4529 826 4582 ἓπεσείοντο
882 4532 980 4601 γὰρ
1049 4530 1212 4602 αύτῷ,
1289 4531 1332 4582 εἰ
1385 4537 1458 4604 μὴ
1515 4538 1642 4608 πρὸς
1700 4543 1793 4596 τὴν

205 4625 518 4690 χειροτονία)
564 4621 894 4688 κατανεύσοι,
927 4621 975 4672 οἱ
1023 4628 1121 4671 τῶν
1165 4619 1501 4693 ἐγκλημάτων
1549 4623 1789 4684 λίϐελλοι,

209 4715 576 4779 Χιιεοτονεῐται
648 4716 774 4780 γοῦν
832 4709 988 4781 ψήφῳ
1043 4718 1212 4782 κοινῇ,
1280 4717 1369 4764 καὶ
1433 4709 1696 4786 δαίμονῶν
1743 4717 1796 4781 ἐξ

207 4797 356 4860 αᾶτὲς
385 4803 431 4835 ⁵7
462 4809 527 4858 τῆ
542 4820 562 4860 ς
582 4798 706 4874 παρ’
728 4803 884 4852 αύτού
904 4801 1160 4870 τυγχάνει
1201 4800 1403 4863 ἰάσεως.

1918 1844 2426 1916 Constantinopoli
2457 1845 2766 1912 exstincto,
2809 1845 2868 1899 in
2896 1843 3328 1898 monasterium
3358 1841 3569 1896 beatus

1915 1937 2174 1991 Joannes
2204 1933 2470 1990 revertit:
2500 1949 2682 2004 quem
2732 1933 3068 1996 Flavianus,
3102 1929 3309 1985 Meletii
3338 1929 3400 1984 in
3427 1928 3568 1985 sede

1916 2023 2288 2080 Antiochena
2299 2020 3014 2093 successor,apparitione
3027 2019 3232 2074 divina
3245 2018 3569 2087 monitus,e

1916 2113 2263 2170 caanobioin
2277 2112 2485 2168 urbem
2502 2111 2815 2167 reductum
2830 2107 3247 2180 presbyterum
3265 2107 3567 2177 creat(83).

1917 2203 2058 2268 Quae
2090 2217 2234 2258 sane
2253 2200 2403 2256 visio
2429 2205 2484 2256 et
2506 2202 2798 2255 Joannem
2826 2196 3110 2261 ordinari,
3137 2200 3192 2250 et
3220 2193 3571 2250 Flavianum

1915 2290 2188 2348 ordinare
2201 2286 2984 2346 mandabat.Columbaitem
3003 2285 3101 2341 illa
3125 2283 3571 2354 advolans,quae

1909 2380 2029 2451 jam
2041 2379 2356 2436 ordinandi
2368 2377 2543 2450 capiti
2557 2378 3018 2448 insedit,quanta
3033 2374 3131 2430 Dei
3143 2375 3332 2444 gratia
3343 2371 3571 2444 replen-

1913 2469 2027 2525 dus
2046 2469 2141 2525 ille
2166 2473 2340 2532 esset,
2362 2468 2503 2524 satis
2525 2466 2800 2523 ostendit.
2823 2464 3146 2520 Antiochiae
3165 2464 3364 2534 itaque
3388 2461 3571 2516 sacris

1913 2561 2196 2629 operatus
2210 2562 2296 2613 est
2315 2556 2393 2612 ad
2415 2571 2610 2611 annos
2633 2553 2976 2610 duodecim.
2994 2555 3342 2608 Eratautem
3371 2550 3450 2605 ob
3474 2565 3573 2603 ar—

1911 2647 2061 2704 dens
2090 2645 2401 2719 probitatis
2432 2644 2695 2700 studium
2723 2643 2851 2714 jam
2885 2642 3018 2696 inde
3059 2641 3136 2696 ab
3167 2637 3571 2694 adolescentia

1913 2753 2158 2794 severus
2177 2740 2353 2807 atque
2368 2749 2546 2805 asper
2564 2733 2704 2804 (8i),
2721 2736 2775 2787 et
2795 2728 3119 2787 iracundias
3143 2727 3365 2800 potius,
3381 2741 3569 2797 quam

1913 2825 2288 2884 verecundiaa
2301 2838 2520 2880 morem
2535 2819 2979 2892 gerens.Varios
2991 2835 3056 2874 ru
3066 2833 3229 2873 rsum
3243 2814 3568 2871 Antiochiae

1914 2913 2261 2986 conscripsit
2289 2911 2753 2969 commentarios
2778 2927 2791 2965 :
2822 2913 2878 2965 et
2907 2908 3192 2980 episcopo
3223 2907 3468 2974 urgente
3495 2919 3570 2958 ex

1917 3011 2183 3077 tempore
2205 3007 2292 3059 est
2317 3002 2391 3058 de
2422 3000 2723 3073 superiore
2747 2999 2878 3055 loco
2910 2997 2983 3054 ad
3009 2995 3302 3069 pOpulum
3333 2992 3569 3048 concio-

1913 3101 2113 3152 natus.

1984 3184 2240 3240 Feminae
2254 3181 2466 3238 Eucliaa
2481 3178 2723 3236 nomine
2741 3176 2921 3245 ﬁlius,
2937 3173 3090 3231 febri
3103 3171 3180 3228 ad
3196 3171 3568 3227 medicorum

1911 3272 2392 3347 desperationem
2406 3272 2778 3340 correptus,a
2789 3268 3014 3321 Joanne
3027 3265 3269 3319 curatus
3283 3264 3374 3315 est
3385 3273 3565 3331 aqua,

1909 3379 2098 3436 quam
2117 3362 2211 3418 ille
2226 3376 2400 3417 cruce
2422 3360 2720 3429 signatam
2751 3355 2828 3412 ad
2845 3351 3285 3425 aspergendum
3301 3349 3565 3405 dederat.

1910 3453 2109 3510 Mulier
2132 3452 2274 3508 item
2298 3449 2580 3523 quaedam
2608 3450 2780 3502 sectae
2824 3443 3334 3502 Marcionistarum
3368 3439 3564 3510 (cujus

1909 3542 2042 3612 conj
2054 3559 2130 3597 ux
2153 3557 2221 3596 ea
2248 3540 2308 3595 in
2331 3539 2478 3594 urbe
2508 3536 2920 3606 magistratum
2943 3531 3271 3605 quemdam
3304 3527 3566 3599 gerebat)

1908 3631 2245 3703 dysenteria
2257 3623 3142 3699 graviterlaborans,desperata
3149 3616 3566 3688 jacebatzsani-

1908 3725 2026 3777 tate
2040 3735 2179 3775 vero
2192 3717 2463 3790 perillum
2477 3713 2873 3785 recepta,ipsa
2887 3727 3005 3765 cum
3021 3706 3564 3777 conjuge,omm'que

1908 3809 2061 3865 adeo
2073 3807 2319 3874 familia,
2334 3803 2797 3875 compluresque
2811 3799 2908 3855 alii
2928 3796 3335 3856 Marcionistre,
3352 3793 3564 3848 haeresi

1909 3898 2203 3968 abjurata,
2237 3895 2315 3950 ad
2345 3892 2712 3950 orthodoxos
2741 3888 3062 3945 redierunt.

1977 3984 2241 4040 Nectario
2253 3982 2460 4039 deinde
2474 3976 3093 4048 Constantinopolitano
3106 3970 3439 4044 patriarcha
3451 3971 3565 4026 vita

1906 4058 3463 4138 functo,evocaturAntiochiaChrysostomus,multum
3480 4074 3539 4114 re
3559 4094 3562 4097 -

1905 4162 2308 4238 pugnantibus
2344 4147 3563 4227 Antiochenis,quisuumipsibonumamit-

1907 4237 2025 4311 tere
2047 4253 2346 4308 nolebant.
2372 4247 2612 4304 Pervicit
2635 4250 2833 4302 tamen
2859 4241 3105 4300 Caesaris
3123 4240 3386 4311 jussum,
3407 4237 3563 4293 ordi-

1905 4348 2127 4416 natque
2156 4342 2316 4397 hunc
2357 4339 2469 4411 (85)
2513 4335 2731 4392 invitus
2775 4330 3135 4404 Theophilus
3182 4325 3560 4416 Alexandriae

1906 4412 2140 4502 praesul.
2164 4425 2431 4483 Timendi
2461 4422 2620 4479 enim
2641 4423 2810 4476 erant
2833 4420 2884 4473 ei
2905 4416 3351 4473 accusationem
3380 4412 3561 4468 libelli

1907 4519 2018 4590 (86)
2070 4515 2182 4572 nisi
2210 4512 2572 4572 ordinationi
2615 4509 2945 4566 annuisset.
2980 4510 3051 4561 At
3079 4505 3226 4559 dum
3276 4503 3369 4558 ille
3401 4517 3560 4556 com-

1906 4607 2074 4663 muni
2111 4607 2348 4661 decreto
2373 4602 2701 4666 ordinatur,
2724 4595 3092 4654 adaemoniis
3121 4593 3402 4650 obsessus
3433 4590 3559 4662 qui-

1905 4699 2048 4754 dam
2081 4697 2209 4768 ejus
2236 4707 2351 4767 ope
2381 4691 2528 4748 liber
2542 4689 2704 4745 abiit.

1546 4902 1783 4960 VARI/13
1808 4902 2205 4960 LECTIONES.

271 4998 310 5075 ξ’
352 4996 752 5075 ἀποκειρομενος
796 4998 892 5058 τὰς
917 5001 1105 5068 τρίχας
1134 5003 1559 5072 προσευχομένου
1589 5003 1636 5058 Α
1670 5019 1682 5058 :
1713 5003 2112 5075 ἁποκειρομένου
2147 5020 2201 5063 ς’.

1767 5077 1814 5110 ⁵³
1846 5071 2056 5147 τάγίρον
2099 5086 2188 5147 pr.
2234 5071 2302 5124 Α.

1615 5147 1662 5180 ⁵⁷
1684 5145 1900 5208 ἐξαυτῆς
1921 5143 1977 5198 Ἀ’
2004 5162 2016 5199 :
2053 5143 2243 5196 αὐτίκα
2273 5163 2328 5205 ς.

1225 5071 1273 5104 ⁵²
1303 5077 1396 5129 τὴν
1426 5087 1546 5128 om.
1581 5077 1654 5132 A.

205 5069 243 5142 ξ’
277 5067 658 5132 ἀπέδειξε-,οὖντὸ
685 5075 776 5120 τοῦ
805 5067 1038 5142 σταυροῦ
1079 5090 1140 5133 ς’.

993 5141 1040 5176 ⁵⁸
1072 5139 1410 5214 διαπέμψεως
1433 5164 1493 5208 ς,

204 5138 432 5197 fortasse
455 5142 573 5211 leg.
617 5144 877 5211 κατέχειν.

2319 4998 2364 5032 ⁵9
2395 4997 2524 5068 γυνὴ
2572 5001 2611 5047 Α
2637 5009 2650 5048 :
2686 4995 2774 5068 x_ati
2803 4994 2933 5062 γυνὴ
2955 5011 3024 5068 Δς’,
3136 4990 3280 5068 ⁵ο-ᾦς
3485 4990 3556 5068 A:

2416 5069 2462 5102 ⁵⁸
2485 5063 2730 5138 καθωμ.]
2761 5059 2850 5115 καὶ
2875 5063 3078 5134 καθωμ.
3115 5081 3168 5125 ς.
3200 5063 3247 5095 ⁵⁵
3271 5064 3360 5111 καί
3389 5059 3554 5129 ἔχειν]

220 5317 234 5328 ’
271 5339 369 5409 (θ’)
403 5338 520 5392 "05
553 5336 704 5409 mire
733 5336 1006 5409 ριέεεάἰοαι
1038 5337 1272 5409 Suidas-
1761 5250 2074 5409 NOTAEtSt)
2110 5334 2589 5409 Suidaseodem,
2624 5335 2688 5409 ut
2715 5333 2770 5409 et
2800 5326 3069 5409 Cassiod.

272 5342 369 5405 (δ’)
403 5342 520 5392 Hos
553 5342 704 5391 mire
733 5342 1006 5407 praedicat
1038 5342 1272 5395 Suidas.
1961 5342 2052 5409 (84
2110 5342 2322 5395 Suidas
2354 5342 2589 5397 eodem,
2624 5342 2688 5386 ut
2715 5342 2770 5386 et
2800 5342 3069 5385 cassioa.

272 5406 372 5474 (82)
401 5409 581 5464 Addit
613 5408 996 5482 Nicephorus,
1036 5408 1144 5464 lib.
1177 5426 1295 5475 xm,
1330 5425 1463 5482 cap.
1494 5413 1547 5476 2,
1575 5412 1636 5468 in
1662 5413 1778 5468 ﬁne
1963 5342 2075 5482 (85;
2095 5411 2257 5476 Quos
2280 5407 2502 5482 Isidoro
2531 5397 3225 5482 presbyt._§lexandrino
3250 5396 3412 5452 hunc
3435 5395 3558 5482 epi-

211 5481 311 5548 Περί
341 5490 433 5532 τῶν
462 5481 838 5532 ουιεισάκτων.

266 5554 365 5620 (83')
391 5551 903 5633 Mirevanriantnhic
925 5550 1210 5633 historici,
1229 5556 1386 5633 teste
1415 5553 1654 5633 Niceph.
1675 5554 1780 5610 lib.

205 5633 454 5750 agtcap.
478 5627 514 5677 '2
530 5624 594 5678 in
615 5622 754 5678 ﬁne.
782 5622 1017 5679 Simeon
1037 5624 1451 5696 Metaphrastes
1466 5626 1782 5683 nobiscum

1893 5468 2211 5554 scopatum
2245 5479 2471 5554 tradere
2494 5468 2772 5554 studeret,
2791 5468 3165 5554 _N_i_ceph.ll‘ib.
3198 5483 3318 5536 xm,
3346 5483 3478 5550 cap.
3500 5472 3552 5521 2.

1964 5539 2079 5624 (έϐ)
2099 5555 2259 5625 Quos
2275 5550 2566 5625 adversus
2586 5539 2978 5625 Theophilum
2993 5540 3229 5625 oblatos
3252 5539 3557 5625 examina:

1892 5611 2021 5680 tum
2052 5611 2140 5680 ιἰυῗ
2157 5621 2498 5677 minabatur
2525 5611 2844 5688 Eutropius
2867 5613 3223 5686 praepositus
3244 5611 3469 5683 palatii,
3493 5615 3556 5666 ut

1893 5696 2075 5753 habet
2107 5692 2376 5752 Cassiod.
2406 5691 2467 5747 in
2498 5689 2623 5747 Vita
2657 5687 2723 5746 B.’
2751 5687 3054 5759 Chrysost.
