  <div class='ocr_page' id='page_1' title='image "/cluster/home/n/w/nwhite01/storage/ocr_20150623/103/hvd.32044054112495/185.png"; bbox 0 0 4036 6214; ppageno 0'>
   <div class='ocr_carea' id='block_1_1' title="bbox 561 274 662 331">
    <p class='ocr_par' dir='ltr' id='par_1_1' title="bbox 561 274 662 331">
     <span class='ocr_line' id='line_1_1' title="bbox 561 274 662 331; baseline -0.03 0"><span class='ocrx_word' id='word_1_1' title='bbox 561 274 662 331; x_wconf 81' lang='grc'>347</span> 
     </span>
    </p>
   </div>
   <div class='ocr_carea' id='block_1_2' title="bbox 554 484 2216 564">
    <p class='ocr_par' dir='ltr' id='par_1_2' title="bbox 554 484 2216 564">
     <span class='ocr_line' id='line_1_2' title="bbox 554 484 2216 564; baseline -0.003 -19"><span class='ocrx_word' id='word_1_2' title='bbox 554 491 837 546; x_wconf 89' lang='lat' dir='ltr'>continuo</span> <span class='ocrx_word' id='word_1_3' title='bbox 854 507 1078 546; x_wconf 90' lang='lat' dir='ltr'>morem</span> <span class='ocrx_word' id='word_1_4' title='bbox 1097 492 1350 556; x_wconf 75' lang='lat' dir='ltr'>sustulit,</span> <span class='ocrx_word' id='word_1_5' title='bbox 1367 507 1486 564; x_wconf 89' lang='lat' dir='ltr'>quo</span> <span class='ocrx_word' id='word_1_6' title='bbox 1501 490 1842 546; x_wconf 82' lang='lat' dir='ltr'>ccelibatum</span> <span class='ocrx_word' id='word_1_7' title='bbox 1858 484 2216 561; x_wconf 86' lang='lat' dir='ltr'>professi,di-</span> 
     </span>
    </p>
   </div>
   <div class='ocr_carea' id='block_1_3' title="bbox 552 577 2216 651">
    <p class='ocr_par' dir='ltr' id='par_1_3' title="bbox 552 577 2216 651">
     <span class='ocr_line' id='line_1_3' title="bbox 552 577 2216 651; baseline -0.003 -16"><span class='ocrx_word' id='word_1_8' title='bbox 552 581 702 635; x_wconf 83' lang='lat' dir='ltr'>versi</span> <span class='ocrx_word' id='word_1_9' title='bbox 744 596 921 635; x_wconf 84' lang='lat' dir='ltr'><strong>sexus</strong></span> <span class='ocrx_word' id='word_1_10' title='bbox 943 583 1063 650; x_wconf 85' lang='lat'>(87)</span> <span class='ocrx_word' id='word_1_11' title='bbox 1088 581 1548 636; x_wconf 83' lang='lat' dir='ltr'>contubernales</span> <span class='ocrx_word' id='word_1_12' title='bbox 1571 579 1735 651; x_wconf 90' lang='lat' dir='ltr'>apud</span> <span class='ocrx_word' id='word_1_13' title='bbox 1767 595 1828 634; x_wconf 87' lang='lat' dir='ltr'>se</span> <span class='ocrx_word' id='word_1_14' title='bbox 1859 577 2120 633; x_wconf 89' lang='lat' dir='ltr'>alebant.</span> <span class='ocrx_word' id='word_1_15' title='bbox 2154 577 2216 630; x_wconf 81' lang='lat' dir='ltr'>in</span> 
     </span>
    </p>
   </div>
   <div class='ocr_carea' id='block_1_4' title="bbox 554 664 2217 742">
    <p class='ocr_par' dir='ltr' id='par_1_4' title="bbox 554 664 2217 742">
     <span class='ocr_line' id='line_1_4' title="bbox 554 664 2217 742; baseline -0.002 -20"><span class='ocrx_word' id='word_1_16' title='bbox 554 670 810 738; x_wconf 90' lang='lat' dir='ltr'>injustos</span> <span class='ocrx_word' id='word_1_17' title='bbox 842 671 1003 732; x_wconf 92' lang='lat' dir='ltr'>item,</span> <span class='ocrx_word' id='word_1_18' title='bbox 1036 671 1346 742; x_wconf 86' lang='lat' dir='ltr'>ventrique</span> <span class='ocrx_word' id='word_1_19' title='bbox 1377 687 1446 725; x_wconf 90' lang='lat' dir='ltr'>ac</span> <span class='ocrx_word' id='word_1_20' title='bbox 1472 670 1706 724; x_wconf 85' lang='lat' dir='ltr'>libidini</span> <span class='ocrx_word' id='word_1_21' title='bbox 1738 667 1993 730; x_wconf 90' lang='lat' dir='ltr'>deditos,</span> <span class='ocrx_word' id='word_1_22' title='bbox 2019 664 2217 734; x_wconf 79' lang='lat' dir='ltr'>longis</span> 
     </span>
    </p>
   </div>
   <div class='ocr_carea' id='block_1_5' title="bbox 553 753 2220 829">
    <p class='ocr_par' dir='ltr' id='par_1_5' title="bbox 553 753 2220 829">
     <span class='ocr_line' id='line_1_5' title="bbox 553 753 2220 829; baseline -0.002 -18"><span class='ocrx_word' id='word_1_23' title='bbox 553 759 824 812; x_wconf 85' lang='lat' dir='ltr'>invectus</span> <span class='ocrx_word' id='word_1_24' title='bbox 857 764 948 814; x_wconf 87' lang='lat' dir='ltr'>est</span> <span class='ocrx_word' id='word_1_25' title='bbox 969 759 1356 814; x_wconf 81' lang='lat' dir='ltr'>orationibus.</span> <span class='ocrx_word' id='word_1_26' title='bbox 1386 762 1518 814; x_wconf 85' lang='lat' dir='ltr'>Erat</span> <span class='ocrx_word' id='word_1_27' title='bbox 1539 758 1749 814; x_wconf 77' lang='lat' dir='ltr'>adhaec</span> <span class='ocrx_word' id='word_1_28' title='bbox 1774 771 2111 829; x_wconf 83' lang='lat' dir='ltr'>pauperum</span> <span class='ocrx_word' id='word_1_29' title='bbox 2139 753 2220 808; x_wconf 86' lang='lat' dir='ltr'>ita</span> 
     </span>
    </p>
   </div>
   <div class='ocr_carea' id='block_1_6' title="bbox 553 845 2222 920">
    <p class='ocr_par' dir='ltr' id='par_1_6' title="bbox 553 845 2222 920">
     <span class='ocr_line' id='line_1_6' title="bbox 553 845 2222 920; baseline -0.002 -20"><span class='ocrx_word' id='word_1_30' title='bbox 553 847 1099 911; x_wconf 87' lang='lat' dir='ltr'>studiosus,uthinc</span> <span class='ocrx_word' id='word_1_31' title='bbox 1113 849 1458 920; x_wconf 84' lang='lat' dir='ltr'>aplerisque</span> <span class='ocrx_word' id='word_1_32' title='bbox 1474 845 1982 918; x_wconf 86' lang='lat' dir='ltr'>Eleemosynarius</span> <span class='ocrx_word' id='word_1_33' title='bbox 1999 858 2222 911; x_wconf 83' lang='lat' dir='ltr'>cogno-</span> 
     </span>
    </p>
   </div>
   <div class='ocr_carea' id='block_1_7' title="bbox 550 936 2222 1002">
    <p class='ocr_par' dir='ltr' id='par_1_7' title="bbox 550 936 2222 1002">
     <span class='ocr_line' id='line_1_7' title="bbox 550 936 2222 1002; baseline -0.002 -13"><span class='ocrx_word' id='word_1_34' title='bbox 550 937 813 992; x_wconf 85' lang='lat' dir='ltr'>minatus</span> <span class='ocrx_word' id='word_1_35' title='bbox 847 936 942 991; x_wconf 90' lang='lat' dir='ltr'>sit.</span> <span class='ocrx_word' id='word_1_36' title='bbox 971 940 1096 993; x_wconf 90' lang='lat' dir='ltr'>Uno</span> <span class='ocrx_word' id='word_1_37' title='bbox 1123 937 1322 993; x_wconf 90' lang='lat' dir='ltr'>dicam</span> <span class='ocrx_word' id='word_1_38' title='bbox 1355 937 1560 1002; x_wconf 83' lang='lat' dir='ltr'>verbo,</span> <span class='ocrx_word' id='word_1_39' title='bbox 1586 942 1641 991; x_wconf 90' lang='lat' dir='ltr'>et</span> <span class='ocrx_word' id='word_1_40' title='bbox 1667 937 1943 991; x_wconf 73' lang='lat' dir='ltr'>virtutem</span> <span class='ocrx_word' id='word_1_41' title='bbox 1977 949 2222 988; x_wconf 91' lang='lat' dir='ltr'>omnem</span> 
     </span>
    </p>
   </div>
   <div class='ocr_carea' id='block_1_8' title="bbox 555 1025 2227 1091">
    <p class='ocr_par' dir='ltr' id='par_1_8' title="bbox 555 1025 2227 1091">
     <span class='ocr_line' id='line_1_8' title="bbox 555 1025 2227 1091; baseline 0.003 -13"><span class='ocrx_word' id='word_1_42' title='bbox 555 1025 828 1091; x_wconf 82' lang='lat' dir='ltr'>docebat,</span> <span class='ocrx_word' id='word_1_43' title='bbox 850 1032 907 1082; x_wconf 91' lang='lat' dir='ltr'><strong>et</strong></span> <span class='ocrx_word' id='word_1_44' title='bbox 936 1028 1013 1082; x_wconf 89' lang='lat' dir='ltr'>ab</span> <span class='ocrx_word' id='word_1_45' title='bbox 1036 1028 1201 1081; x_wconf 90' lang='lat' dir='ltr'>omni</span> <span class='ocrx_word' id='word_1_46' title='bbox 1227 1026 1368 1082; x_wconf 89' lang='lat' dir='ltr'>vitio</span> <span class='ocrx_word' id='word_1_47' title='bbox 1389 1027 1742 1089; x_wconf 88' lang='lat' dir='ltr'>deterrebat,</span> <span class='ocrx_word' id='word_1_48' title='bbox 1767 1027 1911 1082; x_wconf 81' lang='lat' dir='ltr'>Misit</span> <span class='ocrx_word' id='word_1_49' title='bbox 1942 1029 2144 1079; x_wconf 90' lang='lat' dir='ltr'>autem</span> <span class='ocrx_word' id='word_1_50' title='bbox 2169 1034 2227 1084; x_wconf 89' lang='lat' dir='ltr'>et</span> 
     </span>
    </p>
   </div>
   <div class='ocr_carea' id='block_1_9' title="bbox 554 1113 2221 1187">
    <p class='ocr_par' dir='ltr' id='par_1_9' title="bbox 554 1113 2221 1187">
     <span class='ocr_line' id='line_1_9' title="bbox 554 1113 2221 1187; baseline -0.001 -20"><span class='ocrx_word' id='word_1_51' title='bbox 554 1113 614 1167; x_wconf 91' lang='lat' dir='ltr'><strong>in</strong></span> <span class='ocrx_word' id='word_1_52' title='bbox 639 1115 1000 1170; x_wconf 83' lang='lat' dir='ltr'>Phceniciam</span> <span class='ocrx_word' id='word_1_53' title='bbox 1026 1116 1377 1180; x_wconf 82' lang='lat' dir='ltr'>monachos,</span> <span class='ocrx_word' id='word_1_54' title='bbox 1401 1117 1505 1187; x_wconf 87' lang='lat' dir='ltr'>qui</span> <span class='ocrx_word' id='word_1_55' title='bbox 1529 1115 1879 1170; x_wconf 61' lang='lat' dir='ltr'>idololatrias</span> <span class='ocrx_word' id='word_1_56' title='bbox 1904 1113 2018 1168; x_wconf 93' lang='lat' dir='ltr'>illic</span> <span class='ocrx_word' id='word_1_57' title='bbox 2042 1114 2221 1168; x_wconf 89' lang='lat' dir='ltr'>etiam</span> 
     </span>
    </p>
   </div>
   <div class='ocr_carea' id='block_1_10' title="bbox 552 1203 2226 1274">
    <p class='ocr_par' dir='ltr' id='par_1_10' title="bbox 552 1203 2226 1274">
     <span class='ocr_line' id='line_1_10' title="bbox 552 1203 2226 1274; baseline -0.001 -16"><span class='ocrx_word' id='word_1_58' title='bbox 552 1220 700 1258; x_wconf 89' lang='lat' dir='ltr'>num</span> <span class='ocrx_word' id='word_1_59' title='bbox 724 1204 956 1260; x_wconf 89' lang='lat' dir='ltr'>deditos</span> <span class='ocrx_word' id='word_1_60' title='bbox 985 1206 1063 1260; x_wconf 89' lang='lat' dir='ltr'>ab</span> <span class='ocrx_word' id='word_1_61' title='bbox 1086 1221 1281 1260; x_wconf 89' lang='lat' dir='ltr'>errore</span> <span class='ocrx_word' id='word_1_62' title='bbox 1305 1205 1364 1260; x_wconf 92' lang='lat' dir='ltr'><strong>in</strong></span> <span class='ocrx_word' id='word_1_63' title='bbox 1394 1205 1554 1261; x_wconf 88' lang='lat' dir='ltr'>viam</span> <span class='ocrx_word' id='word_1_64' title='bbox 1574 1205 1918 1260; x_wconf 89' lang='lat' dir='ltr'>reduceret:</span> <span class='ocrx_word' id='word_1_65' title='bbox 1943 1203 2101 1274; x_wconf 75' lang='lat' dir='ltr'>80b</span> <span class='ocrx_word' id='word_1_66' title='bbox 2121 1218 2226 1274; x_wconf 91' lang='lat' dir='ltr'>per</span> 
     </span>
    </p>
   </div>
   <div class='ocr_carea' id='block_1_11' title="bbox 555 1293 2226 1366">
    <p class='ocr_par' dir='ltr' id='par_1_11' title="bbox 555 1293 2226 1366">
     <span class='ocr_line' id='line_1_11' title="bbox 555 1293 2226 1366; baseline -0.001 -19"><span class='ocrx_word' id='word_1_67' title='bbox 555 1294 1249 1366; x_wconf 76' lang='lat' dir='ltr'>quositemimperatoris</span> <span class='ocrx_word' id='word_1_68' title='bbox 1266 1294 1496 1364; x_wconf 80' lang='lat' dir='ltr'>legibus</span> <span class='ocrx_word' id='word_1_69' title='bbox 1514 1298 1802 1362; x_wconf 88' lang='lat' dir='ltr'>armatos,</span> <span class='ocrx_word' id='word_1_70' title='bbox 1817 1293 2114 1348; x_wconf 84' lang='lat' dir='ltr'>idolorum</span> <span class='ocrx_word' id='word_1_71' title='bbox 2135 1293 2226 1346; x_wconf 86' lang='lat' dir='ltr'>fa-</span> 
     </span>
    </p>
   </div>
   <div class='ocr_carea' id='block_1_12' title="bbox 552 1381 2226 1454">
    <p class='ocr_par' dir='ltr' id='par_1_12' title="bbox 552 1381 2226 1454">
     <span class='ocr_line' id='line_1_12' title="bbox 552 1381 2226 1454; baseline -0.002 -18"><span class='ocrx_word' id='word_1_72' title='bbox 552 1397 630 1436; x_wconf 87' lang='lat' dir='ltr'>na</span> <span class='ocrx_word' id='word_1_73' title='bbox 649 1381 1370 1447; x_wconf 85' lang='lat' dir='ltr'>subvertit,subversionis</span> <span class='ocrx_word' id='word_1_74' title='bbox 1390 1384 1731 1454; x_wconf 85' lang='lat' dir='ltr'>sumptibus</span> <span class='ocrx_word' id='word_1_75' title='bbox 1753 1381 1869 1452; x_wconf 88' lang='lat' dir='ltr'>piis</span> <span class='ocrx_word' id='word_1_76' title='bbox 1899 1381 2128 1452; x_wconf 83' lang='lat' dir='ltr'>aliquot</span> <span class='ocrx_word' id='word_1_77' title='bbox 2147 1381 2226 1437; x_wconf 86' lang='lat' dir='ltr'>fe-</span> 
     </span>
    </p>
   </div>
   <div class='ocr_carea' id='block_1_13' title="bbox 554 1471 2220 1544">
    <p class='ocr_par' dir='ltr' id='par_1_13' title="bbox 554 1471 2220 1544">
     <span class='ocr_line' id='line_1_13' title="bbox 554 1471 2220 1544; baseline 0.001 -20"><span class='ocrx_word' id='word_1_78' title='bbox 554 1471 1900 1543; x_wconf 68' lang='lat' dir='ltr'>minissuppeditantibus.Celticain(88)adhaec</span> <span class='ocrx_word' id='word_1_79' title='bbox 1917 1471 2220 1544; x_wconf 87' lang='lat' dir='ltr'>[militum]</span> 
     </span>
    </p>
   </div>
   <div class='ocr_carea' id='block_1_14' title="bbox 553 1559 2223 1632">
    <p class='ocr_par' dir='ltr' id='par_1_14' title="bbox 553 1559 2223 1632">
     <span class='ocr_line' id='line_1_14' title="bbox 553 1559 2223 1632; baseline 0.001 -20"><span class='ocrx_word' id='word_1_80' title='bbox 553 1559 793 1614; x_wconf 87' lang='lat' dir='ltr'>turbam</span> <span class='ocrx_word' id='word_1_81' title='bbox 807 1561 1137 1616; x_wconf 83' lang='lat' dir='ltr'>Arianismo</span> <span class='ocrx_word' id='word_1_82' title='bbox 1153 1561 1752 1626; x_wconf 85' lang='lat' dir='ltr'>infectam,ordinatis</span> <span class='ocrx_word' id='word_1_83' title='bbox 1767 1561 1868 1632; x_wconf 89' lang='lat' dir='ltr'>qui</span> <span class='ocrx_word' id='word_1_84' title='bbox 1885 1565 1933 1631; x_wconf 89' lang='lat' dir='ltr'>ej</span> <span class='ocrx_word' id='word_1_85' title='bbox 1949 1578 2015 1615; x_wconf 92' lang='lat' dir='ltr'>us</span> <span class='ocrx_word' id='word_1_86' title='bbox 2031 1560 2223 1631; x_wconf 78' lang='lat' dir='ltr'>gentis</span> 
     </span>
    </p>
   </div>
   <div class='ocr_carea' id='block_1_15' title="bbox 553 1647 2295 1743">
    <p class='ocr_par' dir='ltr' id='par_1_15' title="bbox 553 1647 2295 1743">
     <span class='ocr_line' id='line_1_15' title="bbox 553 1647 2295 1743; baseline 0.001 -41"><span class='ocrx_word' id='word_1_87' title='bbox 553 1647 822 1718; x_wconf 82' lang='lat' dir='ltr'>linguam</span> <span class='ocrx_word' id='word_1_88' title='bbox 843 1649 1123 1704; x_wconf 87' lang='lat' dir='ltr'>callerent</span> <span class='ocrx_word' id='word_1_89' title='bbox 1149 1651 1577 1714; x_wconf 87' lang='lat' dir='ltr'><strong>sacerdotibus,</strong></span> <span class='ocrx_word' id='word_1_90' title='bbox 1600 1649 2074 1706; x_wconf 83' lang='lat' dir='ltr'>orthodoxorum</span> <span class='ocrx_word' id='word_1_91' title='bbox 2096 1665 2222 1719; x_wconf 78' lang='lat' dir='ltr'>gre-</span> <span class='ocrx_word' id='word_1_92' title='bbox 2251 1689 2295 1743; x_wconf 78' lang='grc' dir='ltr'>Β</span> 
     </span>
    </p>
   </div>
   <div class='ocr_carea' id='block_1_16' title="bbox 554 1737 2215 1811">
    <p class='ocr_par' dir='ltr' id='par_1_16' title="bbox 554 1737 2215 1811">
     <span class='ocr_line' id='line_1_16' title="bbox 554 1737 2215 1811; baseline 0.001 -21"><span class='ocrx_word' id='word_1_93' title='bbox 554 1737 676 1791; x_wconf 90' lang='lat' dir='ltr'>mio</span> <span class='ocrx_word' id='word_1_94' title='bbox 693 1737 961 1792; x_wconf 88' lang='lat' dir='ltr'><strong>restituit.</strong></span> <span class='ocrx_word' id='word_1_95' title='bbox 987 1738 1072 1793; x_wconf 83' lang='lat' dir='ltr'>Ad</span> <span class='ocrx_word' id='word_1_96' title='bbox 1093 1741 1310 1794; x_wconf 87' lang='lat' dir='ltr'>lslrum</span> <span class='ocrx_word' id='word_1_97' title='bbox 1329 1740 1571 1810; x_wconf 88' lang='lat' dir='ltr'><strong>insuper</strong></span> <span class='ocrx_word' id='word_1_98' title='bbox 1591 1740 1772 1804; x_wconf 82' lang='lat' dir='ltr'>misit,</span> <span class='ocrx_word' id='word_1_99' title='bbox 1793 1741 1894 1811; x_wconf 87' lang='lat' dir='ltr'>qui</span> <span class='ocrx_word' id='word_1_100' title='bbox 1918 1739 2215 1794; x_wconf 85' lang='lat' dir='ltr'>Noniadas</span> 
     </span>
    </p>
   </div>
   <div class='ocr_carea' id='block_1_17' title="bbox 553 1822 2220 1896">
    <p class='ocr_par' dir='ltr' id='par_1_17' title="bbox 553 1822 2220 1896">
     <span class='ocr_line' id='line_1_17' title="bbox 553 1822 2220 1896; baseline 0.002 -19"><span class='ocrx_word' id='word_1_101' title='bbox 553 1822 636 1878; x_wconf 94' lang='lat' dir='ltr'>ibi</span> <span class='ocrx_word' id='word_1_102' title='bbox 669 1825 916 1896; x_wconf 85' lang='lat' dir='ltr'>Scythas</span> <span class='ocrx_word' id='word_1_103' title='bbox 947 1826 1021 1881; x_wconf 87' lang='lat' dir='ltr'>ad</span> <span class='ocrx_word' id='word_1_104' title='bbox 1055 1828 1406 1883; x_wconf 64' lang='lat' dir='ltr'>Christianae</span> <span class='ocrx_word' id='word_1_105' title='bbox 1437 1828 1570 1882; x_wconf 87' lang='lat' dir='ltr'>ﬁdei</span> <span class='ocrx_word' id='word_1_106' title='bbox 1603 1828 1910 1882; x_wconf 85' lang='lat' dir='ltr'>veritatem</span> <span class='ocrx_word' id='word_1_107' title='bbox 1955 1827 2220 1882; x_wconf 88' lang='lat' dir='ltr'>volentes</span> 
     </span>
    </p>
   </div>
   <div class='ocr_carea' id='block_1_18' title="bbox 554 1913 2218 1986">
    <p class='ocr_par' dir='ltr' id='par_1_18' title="bbox 554 1913 2218 1986">
     <span class='ocr_line' id='line_1_18' title="bbox 554 1913 2218 1986; baseline 0.002 -19"><span class='ocrx_word' id='word_1_108' title='bbox 554 1913 954 1969; x_wconf 85' lang='lat' dir='ltr'>adduxerunt.</span> <span class='ocrx_word' id='word_1_109' title='bbox 986 1917 1291 1970; x_wconf 85' lang='lat' dir='ltr'>Marcionis</span> <span class='ocrx_word' id='word_1_110' title='bbox 1335 1922 1622 1986; x_wconf 65' lang='lat' dir='ltr'>praeterea</span> <span class='ocrx_word' id='word_1_111' title='bbox 1665 1917 1938 1970; x_wconf 68' lang='lat' dir='ltr'>haeresim</span> <span class='ocrx_word' id='word_1_112' title='bbox 1991 1917 2124 1986; x_wconf 84' lang='lat'>(89),</span> <span class='ocrx_word' id='word_1_113' title='bbox 2158 1917 2218 1970; x_wconf 93' lang='lat' dir='ltr'>in</span> 
     </span>
    </p>
   </div>
   <div class='ocr_carea' id='block_1_19' title="bbox 556 2001 2218 2076">
    <p class='ocr_par' dir='ltr' id='par_1_19' title="bbox 556 2001 2218 2076">
     <span class='ocr_line' id='line_1_19' title="bbox 556 2001 2218 2076; baseline 0.002 -20"><span class='ocrx_word' id='word_1_114' title='bbox 556 2001 788 2056; x_wconf 86' lang='lat' dir='ltr'><strong>Oriente</strong></span> <span class='ocrx_word' id='word_1_115' title='bbox 804 2008 926 2057; x_wconf 91' lang='lat' dir='ltr'>tum</span> <span class='ocrx_word' id='word_1_116' title='bbox 943 2004 1419 2074; x_wconf 88' lang='lat' dir='ltr'>repullulantem,</span> <span class='ocrx_word' id='word_1_117' title='bbox 1440 2004 1706 2060; x_wconf 87' lang='lat' dir='ltr'>funditus</span> <span class='ocrx_word' id='word_1_118' title='bbox 1720 2005 2086 2076; x_wconf 81' lang='lat' dir='ltr'>exstirpavit.</span> <span class='ocrx_word' id='word_1_119' title='bbox 2103 2007 2218 2060; x_wconf 87' lang='lat' dir='ltr'>No-</span> 
     </span>
    </p>
   </div>
   <div class='ocr_carea' id='block_1_20' title="bbox 557 2091 2215 2164">
    <p class='ocr_par' dir='ltr' id='par_1_20' title="bbox 557 2091 2215 2164">
     <span class='ocr_line' id='line_1_20' title="bbox 557 2091 2215 2164; baseline 0.001 -20"><span class='ocrx_word' id='word_1_120' title='bbox 557 2094 797 2144; x_wconf 87' lang='lat' dir='ltr'>cturnos</span> <span class='ocrx_word' id='word_1_121' title='bbox 812 2091 1178 2161; x_wconf 87' lang='lat' dir='ltr'>psalmorum</span> <span class='ocrx_word' id='word_1_122' title='bbox 1195 2093 1456 2164; x_wconf 88' lang='lat' dir='ltr'>hymnos</span> <span class='ocrx_word' id='word_1_123' title='bbox 1471 2092 1836 2148; x_wconf 84' lang='lat' dir='ltr'>auxit.Solus</span> <span class='ocrx_word' id='word_1_124' title='bbox 1861 2108 2000 2147; x_wconf 89' lang='lat' dir='ltr'>vero</span> <span class='ocrx_word' id='word_1_125' title='bbox 2013 2093 2215 2147; x_wconf 90' lang='lat' dir='ltr'>cibum</span> 
     </span>
    </p>
   </div>
   <div class='ocr_carea' id='block_1_21' title="bbox 557 2178 2216 2252">
    <p class='ocr_par' dir='ltr' id='par_1_21' title="bbox 557 2178 2216 2252">
     <span class='ocr_line' id='line_1_21' title="bbox 557 2178 2216 2252; baseline 0.003 -21"><span class='ocrx_word' id='word_1_126' title='bbox 557 2192 769 2248; x_wconf 86' lang='lat' dir='ltr'><strong>capere</strong></span> <span class='ocrx_word' id='word_1_127' title='bbox 801 2178 1050 2243; x_wconf 87' lang='lat' dir='ltr'>solebat,</span> <span class='ocrx_word' id='word_1_128' title='bbox 1077 2182 1193 2251; x_wconf 82' lang='lat'>(90)</span> <span class='ocrx_word' id='word_1_129' title='bbox 1226 2187 1350 2235; x_wconf 92' lang='lat' dir='ltr'>tum</span> <span class='ocrx_word' id='word_1_130' title='bbox 1381 2183 1543 2252; x_wconf 91' lang='lat' dir='ltr'>quod</span> <span class='ocrx_word' id='word_1_131' title='bbox 1590 2183 1730 2236; x_wconf 91' lang='lat' dir='ltr'>vino</span> <span class='ocrx_word' id='word_1_132' title='bbox 1761 2181 1840 2236; x_wconf 93' lang='lat' dir='ltr'>ob</span> <span class='ocrx_word' id='word_1_133' title='bbox 1871 2181 2083 2252; x_wconf 82' lang='lat' dir='ltr'>capitis</span> <span class='ocrx_word' id='word_1_134' title='bbox 2115 2197 2216 2236; x_wconf 87' lang='lat' dir='ltr'>ca-</span> 
     </span>
    </p>
   </div>
   <div class='ocr_carea' id='block_1_22' title="bbox 554 2265 2213 2341">
    <p class='ocr_par' dir='ltr' id='par_1_22' title="bbox 554 2265 2213 2341">
     <span class='ocr_line' id='line_1_22' title="bbox 554 2265 2213 2341; baseline 0.002 -20"><span class='ocrx_word' id='word_1_135' title='bbox 554 2265 741 2321; x_wconf 92' lang='lat' dir='ltr'>lorem</span> <span class='ocrx_word' id='word_1_136' title='bbox 758 2283 1003 2338; x_wconf 89' lang='lat' dir='ltr'>prorsus</span> <span class='ocrx_word' id='word_1_137' title='bbox 1021 2270 1335 2324; x_wconf 88' lang='lat' dir='ltr'>abstineret</span> <span class='ocrx_word' id='word_1_138' title='bbox 1359 2271 1497 2341; x_wconf 91' lang='lat' dir='ltr'>(nisi</span> <span class='ocrx_word' id='word_1_139' title='bbox 1513 2270 1571 2325; x_wconf 87' lang='lat' dir='ltr'>id</span> <span class='ocrx_word' id='word_1_140' title='bbox 1598 2270 1742 2324; x_wconf 87' lang='lat' dir='ltr'>forte</span> <span class='ocrx_word' id='word_1_141' title='bbox 1764 2274 1966 2325; x_wconf 72' lang='lat' dir='ltr'>aestate</span> <span class='ocrx_word' id='word_1_142' title='bbox 1985 2274 2213 2324; x_wconf 86' lang='lat' dir='ltr'>tantum</span> 
     </span>
    </p>
   </div>
   <div class='ocr_carea' id='block_1_23' title="bbox 556 2356 2215 2430">
    <p class='ocr_par' dir='ltr' id='par_1_23' title="bbox 556 2356 2215 2430">
     <span class='ocr_line' id='line_1_23' title="bbox 556 2356 2215 2430; baseline 0.003 -21"><span class='ocrx_word' id='word_1_143' title='bbox 556 2371 693 2411; x_wconf 90' lang='lat' dir='ltr'>cum</span> <span class='ocrx_word' id='word_1_144' title='bbox 707 2356 1071 2429; x_wconf 80' lang='lat' dir='ltr'>rosaceum[9</span> <span class='ocrx_word' id='word_1_145' title='bbox 1088 2366 1096 2410; x_wconf 82' lang='grc' dir='ltr'><strong>Ι</strong></span> <span class='ocrx_word' id='word_1_146' title='bbox 1115 2358 1534 2430; x_wconf 83' lang='lat' dir='ltr'>]biberet).tum</span> <span class='ocrx_word' id='word_1_147' title='bbox 1552 2359 1722 2414; x_wconf 88' lang='lat' dir='ltr'>etiam</span> <span class='ocrx_word' id='word_1_148' title='bbox 1737 2359 1903 2430; x_wconf 89' lang='lat' dir='ltr'>quod</span> <span class='ocrx_word' id='word_1_149' title='bbox 1917 2374 2077 2427; x_wconf 69' lang='lat' dir='ltr'>mgro</span> <span class='ocrx_word' id='word_1_150' title='bbox 2093 2365 2215 2414; x_wconf 90' lang='lat' dir='ltr'>sto-</span> 
     </span>
    </p>
   </div>
   <div class='ocr_carea' id='block_1_24' title="bbox 557 2445 2213 2520">
    <p class='ocr_par' dir='ltr' id='par_1_24' title="bbox 557 2445 2213 2520">
     <span class='ocr_line' id='line_1_24' title="bbox 557 2445 2213 2520; baseline 0.002 -21"><span class='ocrx_word' id='word_1_151' title='bbox 557 2445 774 2500; x_wconf 90' lang='lat' dir='ltr'>macho</span> <span class='ocrx_word' id='word_1_152' title='bbox 793 2453 964 2514; x_wconf 89' lang='lat' dir='ltr'>esset,</span> <span class='ocrx_word' id='word_1_153' title='bbox 981 2453 1041 2501; x_wconf 89' lang='lat' dir='ltr'>ut</span> <span class='ocrx_word' id='word_1_154' title='bbox 1063 2463 1132 2502; x_wconf 88' lang='lat' dir='ltr'>ea</span> <span class='ocrx_word' id='word_1_155' title='bbox 1166 2449 1281 2502; x_wconf 83' lang='lat' dir='ltr'>fero</span> <span class='ocrx_word' id='word_1_156' title='bbox 1306 2464 1438 2520; x_wconf 64' lang='lat' dir='ltr'>qure</span> <span class='ocrx_word' id='word_1_157' title='bbox 1461 2449 1572 2518; x_wconf 92' lang='lat' dir='ltr'>ipsi</span> <span class='ocrx_word' id='word_1_158' title='bbox 1596 2448 2075 2519; x_wconf 88' lang='lat' dir='ltr'>apponebantur,</span> <span class='ocrx_word' id='word_1_159' title='bbox 2093 2463 2213 2503; x_wconf 92' lang='lat' dir='ltr'>non</span> 
     </span>
    </p>
   </div>
   <div class='ocr_carea' id='block_1_25' title="bbox 557 2533 2207 2608">
    <p class='ocr_par' dir='ltr' id='par_1_25' title="bbox 557 2533 2207 2608">
     <span class='ocr_line' id='line_1_25' title="bbox 557 2533 2207 2608; baseline 0.002 -21"><span class='ocrx_word' id='word_1_160' title='bbox 557 2533 774 2597; x_wconf 91' lang='lat' dir='ltr'>ederet,</span> <span class='ocrx_word' id='word_1_161' title='bbox 805 2534 911 2589; x_wconf 89' lang='lat' dir='ltr'>sed</span> <span class='ocrx_word' id='word_1_162' title='bbox 943 2535 1059 2590; x_wconf 86' lang='lat' dir='ltr'>alia</span> <span class='ocrx_word' id='word_1_163' title='bbox 1090 2551 1197 2606; x_wconf 91' lang='lat' dir='ltr'>pro</span> <span class='ocrx_word' id='word_1_164' title='bbox 1228 2535 1322 2591; x_wconf 87' lang='lat' dir='ltr'>his</span> <span class='ocrx_word' id='word_1_165' title='bbox 1353 2543 1657 2608; x_wconf 88' lang='lat' dir='ltr'>appeteret</span> <span class='ocrx_word' id='word_1_166' title='bbox 1685 2553 1698 2591; x_wconf 89' lang='lat'><strong>:</strong></span> <span class='ocrx_word' id='word_1_167' title='bbox 1730 2538 1900 2592; x_wconf 89' lang='lat' dir='ltr'>tertio</span> <span class='ocrx_word' id='word_1_168' title='bbox 1926 2536 2207 2608; x_wconf 90' lang='lat' dir='ltr'>denique,</span> 
     </span>
    </p>
   </div>
   <div class='ocr_carea' id='block_1_26' title="bbox 557 2621 2210 2697">
    <p class='ocr_par' dir='ltr' id='par_1_26' title="bbox 557 2621 2210 2697">
     <span class='ocr_line' id='line_1_26' title="bbox 557 2621 2210 2697; baseline 0.003 -22"><span class='ocrx_word' id='word_1_169' title='bbox 557 2621 720 2693; x_wconf 87' lang='lat' dir='ltr'>quod</span> <span class='ocrx_word' id='word_1_170' title='bbox 745 2621 1081 2694; x_wconf 85' lang='lat' dir='ltr'>frequenter</span> <span class='ocrx_word' id='word_1_171' title='bbox 1103 2625 1354 2693; x_wconf 83' lang='lat' dir='ltr'>negotiis</span> <span class='ocrx_word' id='word_1_172' title='bbox 1374 2641 1612 2688; x_wconf 86' lang='lat' dir='ltr'>vacans,</span> <span class='ocrx_word' id='word_1_173' title='bbox 1637 2626 1866 2697; x_wconf 86' lang='lat' dir='ltr'><strong>absque</strong></span> <span class='ocrx_word' id='word_1_174' title='bbox 1889 2624 2026 2682; x_wconf 91' lang='lat' dir='ltr'>cibo</span> <span class='ocrx_word' id='word_1_175' title='bbox 2052 2625 2210 2682; x_wconf 91' lang='lat' dir='ltr'>diem</span> 
     </span>
    </p>
   </div>
   <div class='ocr_carea' id='block_1_27' title="bbox 559 2712 2215 2786">
    <p class='ocr_par' dir='ltr' id='par_1_27' title="bbox 559 2712 2215 2786">
     <span class='ocr_line' id='line_1_27' title="bbox 559 2712 2215 2786; baseline 0.002 -20"><span class='ocrx_word' id='word_1_176' title='bbox 559 2712 927 2780; x_wconf 84' lang='lat' dir='ltr'>transigeret.</span> <span class='ocrx_word' id='word_1_177' title='bbox 961 2712 1124 2768; x_wconf 88' lang='lat' dir='ltr'>Clero</span> <span class='ocrx_word' id='word_1_178' title='bbox 1155 2719 1353 2768; x_wconf 88' lang='lat' dir='ltr'>autem</span> <span class='ocrx_word' id='word_1_179' title='bbox 1379 2714 1606 2784; x_wconf 86' lang='lat' dir='ltr'>rigidus</span> <span class='ocrx_word' id='word_1_180' title='bbox 1630 2715 1806 2770; x_wconf 90' lang='lat' dir='ltr'>nimis</span> <span class='ocrx_word' id='word_1_181' title='bbox 1834 2719 2014 2786; x_wconf 88' lang='lat' dir='ltr'>atque</span> <span class='ocrx_word' id='word_1_182' title='bbox 2037 2730 2215 2786; x_wconf 88' lang='lat' dir='ltr'>asper</span> 
     </span>
    </p>
   </div>
   <div class='ocr_carea' id='block_1_28' title="bbox 555 2799 2214 2874">
    <p class='ocr_par' dir='ltr' id='par_1_28' title="bbox 555 2799 2214 2874">
     <span class='ocr_line' id='line_1_28' title="bbox 555 2799 2214 2874; baseline 0.003 -20"><span class='ocrx_word' id='word_1_183' title='bbox 555 2799 889 2854; x_wconf 86' lang='lat' dir='ltr'>videbatur.</span> <span class='ocrx_word' id='word_1_184' title='bbox 917 2803 980 2856; x_wconf 92' lang='lat' dir='ltr'>Et</span> <span class='ocrx_word' id='word_1_185' title='bbox 1000 2803 1280 2873; x_wconf 89' lang='lat' dir='ltr'>Serapion</span> <span class='ocrx_word' id='word_1_186' title='bbox 1305 2802 1416 2869; x_wconf 78' lang='lat'>(9&#39;2)</span> <span class='ocrx_word' id='word_1_187' title='bbox 1437 2804 1566 2874; x_wconf 85' lang='lat' dir='ltr'>ejus</span> <span class='ocrx_word' id='word_1_188' title='bbox 1593 2803 1884 2858; x_wconf 81' lang='lat' dir='ltr'>diaconus</span> <span class='ocrx_word' id='word_1_189' title='bbox 1907 2804 2214 2872; x_wconf 82' lang='lat' dir='ltr'>ingentem</span> 
     </span>
    </p>
   </div>
   <div class='ocr_carea' id='block_1_29' title="bbox 553 2887 2215 2947">
    <p class='ocr_par' dir='ltr' id='par_1_29' title="bbox 553 2887 2215 2947">
     <span class='ocr_line' id='line_1_29' title="bbox 553 2887 2215 2947; baseline 0.002 -5"><span class='ocrx_word' id='word_1_190' title='bbox 553 2887 631 2942; x_wconf 88' lang='lat' dir='ltr'>illi</span> <span class='ocrx_word' id='word_1_191' title='bbox 646 2888 922 2943; x_wconf 87' lang='lat' dir='ltr'>invidiam</span> <span class='ocrx_word' id='word_1_192' title='bbox 938 2890 1350 2945; x_wconf 86' lang='lat' dir='ltr'>contlavit.Etsi</span> <span class='ocrx_word' id='word_1_193' title='bbox 1367 2891 1570 2946; x_wconf 88' lang='lat' dir='ltr'>multos</span> <span class='ocrx_word' id='word_1_194' title='bbox 1582 2892 1749 2946; x_wconf 85' lang='lat' dir='ltr'>etiam</span> <span class='ocrx_word' id='word_1_195' title='bbox 1765 2892 1906 2946; x_wconf 87' lang='lat' dir='ltr'>alias</span> <span class='ocrx_word' id='word_1_196' title='bbox 1918 2892 1996 2946; x_wconf 91' lang='lat' dir='ltr'>ob</span> <span class='ocrx_word' id='word_1_197' title='bbox 2012 2908 2215 2947; x_wconf 85' lang='lat' dir='ltr'>causas</span> 
     </span>
    </p>
   </div>
   <div class='ocr_carea' id='block_1_30' title="bbox 553 2969 2292 3049">
    <p class='ocr_par' dir='ltr' id='par_1_30' title="bbox 553 2969 2292 3049">
     <span class='ocr_line' id='line_1_30' title="bbox 553 2969 2292 3049; baseline 0.004 -18"><span class='ocrx_word' id='word_1_198' title='bbox 553 2978 811 3033; x_wconf 88' lang='lat' dir='ltr'>Joannes</span> <span class='ocrx_word' id='word_1_199' title='bbox 823 2978 901 3034; x_wconf 93' lang='lat' dir='ltr'>ab</span> <span class='ocrx_word' id='word_1_200' title='bbox 918 2979 1167 3034; x_wconf 89' lang='lat' dir='ltr'>Ecclesia</span> <span class='ocrx_word' id='word_1_201' title='bbox 1181 2980 1868 3049; x_wconf 89' lang='lat' dir='ltr'>relegavit.Conﬂictatus</span> <span class='ocrx_word' id='word_1_202' title='bbox 1882 2981 2096 3037; x_wconf 89' lang='lat' dir='ltr'>deinde</span> <span class='ocrx_word' id='word_1_203' title='bbox 2112 2983 2214 3038; x_wconf 89' lang='lat' dir='ltr'>Se-</span> <span class='ocrx_word' id='word_1_204' title='bbox 2254 2969 2292 3023; x_wconf 66' lang='grc' dir='ltr'>(ἶ</span> 
     </span>
    </p>
   </div>
   <div class='ocr_carea' id='block_1_31' title="bbox 553 3067 2215 3142">
    <p class='ocr_par' dir='ltr' id='par_1_31' title="bbox 553 3067 2215 3142">
     <span class='ocr_line' id='line_1_31' title="bbox 553 3067 2215 3142; baseline 0.004 -22"><span class='ocrx_word' id='word_1_205' title='bbox 553 3067 765 3137; x_wconf 86' lang='lat' dir='ltr'>rapion</span> <span class='ocrx_word' id='word_1_206' title='bbox 779 3068 948 3123; x_wconf 88' lang='lat' dir='ltr'>etiam</span> <span class='ocrx_word' id='word_1_207' title='bbox 963 3085 1088 3123; x_wconf 82' lang='lat' dir='ltr'>cuin</span> <span class='ocrx_word' id='word_1_208' title='bbox 1106 3069 1426 3123; x_wconf 88' lang='lat' dir='ltr'>Severiano</span> <span class='ocrx_word' id='word_1_209' title='bbox 1441 3069 1794 3124; x_wconf 88' lang='lat' dir='ltr'>Gabalorum</span> <span class='ocrx_word' id='word_1_210' title='bbox 1810 3071 2215 3142; x_wconf 88' lang='lat' dir='ltr'>episcopo,in-</span> 
     </span>
    </p>
   </div>
   <div class='ocr_carea' id='block_1_32' title="bbox 552 3157 2217 3230">
    <p class='ocr_par' dir='ltr' id='par_1_32' title="bbox 552 3157 2217 3230">
     <span class='ocr_line' id='line_1_32' title="bbox 552 3157 2217 3230; baseline 0.002 -20"><span class='ocrx_word' id='word_1_211' title='bbox 552 3171 690 3226; x_wconf 88' lang='lat' dir='ltr'>gens</span> <span class='ocrx_word' id='word_1_212' title='bbox 703 3157 885 3226; x_wconf 86' lang='lat' dir='ltr'>hujus</span> <span class='ocrx_word' id='word_1_213' title='bbox 899 3157 1237 3212; x_wconf 84' lang='lat' dir='ltr'>excitavitin</span> <span class='ocrx_word' id='word_1_214' title='bbox 1254 3159 1528 3212; x_wconf 87' lang='lat' dir='ltr'>Joannem</span> <span class='ocrx_word' id='word_1_215' title='bbox 1544 3174 1591 3212; x_wconf 88' lang='grc' dir='ltr'>ο·</span> <span class='ocrx_word' id='word_1_216' title='bbox 1605 3159 1931 3230; x_wconf 88' lang='lat' dir='ltr'>lium,quod</span> <span class='ocrx_word' id='word_1_217' title='bbox 1944 3159 2014 3214; x_wconf 90' lang='lat' dir='ltr'>ad</span> <span class='ocrx_word' id='word_1_218' title='bbox 2032 3164 2217 3214; x_wconf 84' lang='lat' dir='ltr'>extre-</span> 
     </span>
    </p>
   </div>
   <div class='ocr_carea' id='block_1_33' title="bbox 553 3246 2216 3317">
    <p class='ocr_par' dir='ltr' id='par_1_33' title="bbox 553 3246 2216 3317">
     <span class='ocr_line' id='line_1_33' title="bbox 553 3246 2216 3317; baseline 0.003 -20"><span class='ocrx_word' id='word_1_219' title='bbox 553 3261 698 3298; x_wconf 89' lang='lat' dir='ltr'>mum</span> <span class='ocrx_word' id='word_1_220' title='bbox 714 3261 901 3317; x_wconf 84' lang='lat' dir='ltr'>usque</span> <span class='ocrx_word' id='word_1_221' title='bbox 916 3246 1170 3316; x_wconf 89' lang='lat' dir='ltr'>spiritum</span> <span class='ocrx_word' id='word_1_222' title='bbox 1186 3246 1756 3302; x_wconf 84' lang='lat' dir='ltr'>retinuit.Amabatur</span> <span class='ocrx_word' id='word_1_223' title='bbox 1771 3253 1953 3302; x_wconf 89' lang='lat' dir='ltr'>tamen</span> <span class='ocrx_word' id='word_1_224' title='bbox 1967 3251 2216 3304; x_wconf 84' lang='lat' dir='ltr'>Joannes</span> 
     </span>
    </p>
   </div>
   <div class='ocr_carea' id='block_1_34' title="bbox 554 3333 2218 3408">
    <p class='ocr_par' dir='ltr' id='par_1_34' title="bbox 554 3333 2218 3408">
     <span class='ocr_line' id='line_1_34' title="bbox 554 3333 2218 3408; baseline 0.004 -21"><span class='ocrx_word' id='word_1_225' title='bbox 554 3333 840 3402; x_wconf 82' lang='lat' dir='ltr'>singulari</span> <span class='ocrx_word' id='word_1_226' title='bbox 857 3335 1054 3389; x_wconf 90' lang='lat' dir='ltr'>studio</span> <span class='ocrx_word' id='word_1_227' title='bbox 1071 3350 1106 3389; x_wconf 91' lang='lat' dir='ltr'>a</span> <span class='ocrx_word' id='word_1_228' title='bbox 1127 3335 1374 3404; x_wconf 89' lang='lat' dir='ltr'>populo,</span> <span class='ocrx_word' id='word_1_229' title='bbox 1395 3335 1473 3390; x_wconf 93' lang='lat' dir='ltr'>ob</span> <span class='ocrx_word' id='word_1_230' title='bbox 1495 3337 1734 3391; x_wconf 91' lang='lat' dir='ltr'>crebras</span> <span class='ocrx_word' id='word_1_231' title='bbox 1752 3336 2049 3408; x_wconf 88' lang='lat' dir='ltr'>intemplo</span> <span class='ocrx_word' id='word_1_232' title='bbox 2071 3353 2218 3393; x_wconf 92' lang='lat' dir='ltr'>con-</span> 
     </span>
    </p>
   </div>
   <div class='ocr_carea' id='block_1_35' title="bbox 553 3423 2217 3497">
    <p class='ocr_par' dir='ltr' id='par_1_35' title="bbox 553 3423 2217 3497">
     <span class='ocr_line' id='line_1_35' title="bbox 553 3423 2217 3497; baseline 0.002 -21"><span class='ocrx_word' id='word_1_233' title='bbox 553 3423 782 3476; x_wconf 88' lang='lat' dir='ltr'>ciones:</span> <span class='ocrx_word' id='word_1_234' title='bbox 815 3423 1018 3494; x_wconf 83' lang='lat' dir='ltr'><strong>utipse</strong></span> <span class='ocrx_word' id='word_1_235' title='bbox 1044 3423 1310 3478; x_wconf 87' lang='lat' dir='ltr'>vicissim</span> <span class='ocrx_word' id='word_1_236' title='bbox 1336 3425 1525 3479; x_wconf 86' lang='lat' dir='ltr'>sancti</span> <span class='ocrx_word' id='word_1_237' title='bbox 1545 3425 1712 3480; x_wconf 87' lang='lat' dir='ltr'>Pauli</span> <span class='ocrx_word' id='word_1_238' title='bbox 1733 3425 2018 3497; x_wconf 86' lang='lat' dir='ltr'>epistolas</span> <span class='ocrx_word' id='word_1_239' title='bbox 2041 3427 2217 3482; x_wconf 89' lang='lat' dir='ltr'>valde</span> 
     </span>
    </p>
   </div>
   <div class='ocr_carea' id='block_1_36' title="bbox 552 3511 2219 3586">
    <p class='ocr_par' dir='ltr' id='par_1_36' title="bbox 552 3511 2219 3586">
     <span class='ocr_line' id='line_1_36' title="bbox 552 3511 2219 3586; baseline 0.004 -22"><span class='ocrx_word' id='word_1_240' title='bbox 552 3511 898 3575; x_wconf 87' lang='lat' dir='ltr'>adamabat,</span> <span class='ocrx_word' id='word_1_241' title='bbox 927 3528 1077 3584; x_wconf 90' lang='lat' dir='ltr'>quas</span> <span class='ocrx_word' id='word_1_242' title='bbox 1090 3518 1145 3568; x_wconf 91' lang='lat' dir='ltr'>et</span> <span class='ocrx_word' id='word_1_243' title='bbox 1161 3512 1527 3584; x_wconf 81' lang='lat' dir='ltr'>explanavit;</span> <span class='ocrx_word' id='word_1_244' title='bbox 1551 3514 1838 3586; x_wconf 86' lang='lat' dir='ltr'>visusque</span> <span class='ocrx_word' id='word_1_245' title='bbox 1863 3520 1950 3570; x_wconf 90' lang='lat' dir='ltr'>est</span> <span class='ocrx_word' id='word_1_246' title='bbox 1965 3531 2001 3570; x_wconf 89' lang='lat' dir='ltr'>a</span> <span class='ocrx_word' id='word_1_247' title='bbox 2018 3515 2219 3571; x_wconf 84' lang='lat' dir='ltr'>Proclo</span> 
     </span>
    </p>
   </div>
   <div class='ocr_carea' id='block_1_37' title="bbox 553 3600 2198 3676">
    <p class='ocr_par' dir='ltr' id='par_1_37' title="bbox 553 3600 2198 3676">
     <span class='ocr_line' id='line_1_37' title="bbox 553 3600 2198 3676; baseline 0.004 -23"><span class='ocrx_word' id='word_1_248' title='bbox 553 3600 664 3671; x_wconf 87' lang='lat'>(93)</span> <span class='ocrx_word' id='word_1_249' title='bbox 717 3601 901 3654; x_wconf 87' lang='lat' dir='ltr'>tribus</span> <span class='ocrx_word' id='word_1_250' title='bbox 949 3603 1231 3657; x_wconf 89' lang='lat' dir='ltr'>continuo</span> <span class='ocrx_word' id='word_1_251' title='bbox 1279 3603 1555 3658; x_wconf 90' lang='lat' dir='ltr'>noctibus</span> <span class='ocrx_word' id='word_1_252' title='bbox 1617 3604 1839 3659; x_wconf 86' lang='lat' dir='ltr'>Paulus</span> <span class='ocrx_word' id='word_1_253' title='bbox 1888 3604 2198 3676; x_wconf 85' lang='lat' dir='ltr'>apostolus</span> 
     </span>
    </p>
   </div>
   <div class='ocr_carea' id='block_1_38' title="bbox 553 3689 2218 3766">
    <p class='ocr_par' dir='ltr' id='par_1_38' title="bbox 553 3689 2218 3766">
     <span class='ocr_line' id='line_1_38' title="bbox 553 3689 2218 3766; baseline 0.003 -22"><span class='ocrx_word' id='word_1_254' title='bbox 553 3705 795 3745; x_wconf 89' lang='lat' dir='ltr'>suarum</span> <span class='ocrx_word' id='word_1_255' title='bbox 811 3689 886 3745; x_wconf 92' lang='lat' dir='ltr'>illi</span> <span class='ocrx_word' id='word_1_256' title='bbox 905 3706 1228 3762; x_wconf 86' lang='lat' dir='ltr'>suggerens</span> <span class='ocrx_word' id='word_1_257' title='bbox 1241 3692 1628 3762; x_wconf 82' lang='lat' dir='ltr'>epistolarum</span> <span class='ocrx_word' id='word_1_258' title='bbox 1646 3695 2218 3766; x_wconf 84' lang='lat' dir='ltr'>interpretationem’</span> 
     </span>
    </p>
   </div>
   <div class='ocr_carea' id='block_1_39' title="bbox 626 3769 2222 3855">
    <p class='ocr_par' dir='ltr' id='par_1_39' title="bbox 626 3769 2222 3855">
     <span class='ocr_line' id='line_1_39' title="bbox 626 3769 2222 3855; baseline 0.008 -23"><span class='ocrx_word' id='word_1_259' title='bbox 626 3777 1135 3852; x_wconf 72' lang='lat' dir='ltr'>Offenditinsuper</span> <span class='ocrx_word' id='word_1_260' title='bbox 1163 3786 1493 3851; x_wconf 85' lang='lat' dir='ltr'>Augustam</span> <span class='ocrx_word' id='word_1_261' title='bbox 1516 3785 1771 3838; x_wconf 85' lang='lat' dir='ltr'>Joannes</span> <span class='ocrx_word' id='word_1_262' title='bbox 1784 3769 2222 3855; x_wconf 58' lang='lat' dir='ltr'>propterTheu:</span> 
     </span>
    </p>
   </div>
   <div class='ocr_carea' id='block_1_40' title="bbox 552 3866 2217 3948">
    <p class='ocr_par' dir='ltr' id='par_1_40' title="bbox 552 3866 2217 3948">
     <span class='ocr_line' id='line_1_40' title="bbox 552 3866 2217 3948; baseline 0.004 -28"><span class='ocrx_word' id='word_1_263' title='bbox 552 3866 860 3922; x_wconf 86' lang='lat' dir='ltr'>derichum</span> <span class='ocrx_word' id='word_1_264' title='bbox 881 3867 989 3939; x_wconf 72' lang='grc'>(94)</span> <span class='ocrx_word' id='word_1_265' title='bbox 1009 3869 1344 3940; x_wconf 88' lang='lat' dir='ltr'>patricium.</span> <span class='ocrx_word' id='word_1_266' title='bbox 1365 3871 1450 3925; x_wconf 84' lang='lat' dir='ltr'>Ab</span> <span class='ocrx_word' id='word_1_267' title='bbox 1467 3871 1674 3942; x_wconf 88' lang='lat' dir='ltr'>iniqua</span> <span class='ocrx_word' id='word_1_268' title='bbox 1698 3872 1854 3927; x_wconf 91' lang='lat' dir='ltr'>enim</span> <span class='ocrx_word' id='word_1_269' title='bbox 1889 3872 2217 3948; x_wconf 62' lang='lat' dir='ltr'>exactione,</span> 
     </span>
    </p>
   </div>
   <div class='ocr_carea' id='block_1_41' title="bbox 549 3957 2222 4037">
    <p class='ocr_par' dir='ltr' id='par_1_41' title="bbox 549 3957 2222 4037">
     <span class='ocr_line' id='line_1_41' title="bbox 549 3957 2222 4037; baseline 0.004 -29"><span class='ocrx_word' id='word_1_270' title='bbox 549 3972 733 4026; x_wconf 88' lang='lat' dir='ltr'>quam</span> <span class='ocrx_word' id='word_1_271' title='bbox 748 3959 1010 4026; x_wconf 83' lang='lat' dir='ltr'>Augusta</span> <span class='ocrx_word' id='word_1_272' title='bbox 1023 3957 1315 4028; x_wconf 84' lang='lat' dir='ltr'>exigebat,</span> <span class='ocrx_word' id='word_1_273' title='bbox 1338 3975 1475 4013; x_wconf 90' lang='lat' dir='ltr'>cum</span> <span class='ocrx_word' id='word_1_274' title='bbox 1490 3975 1644 4029; x_wconf 81' lang='lat' dir='ltr'>aegre</span> <span class='ocrx_word' id='word_1_275' title='bbox 1659 3961 1965 4016; x_wconf 90' lang='lat' dir='ltr'>hominem</span> <span class='ocrx_word' id='word_1_276' title='bbox 1977 3961 2222 4037; x_wconf 89' lang='lat' dir='ltr'>liberas_</span> 
     </span>
    </p>
   </div>
   <div class='ocr_carea' id='block_1_42' title="bbox 551 4045 2222 4134">
    <p class='ocr_par' dir='ltr' id='par_1_42' title="bbox 551 4045 2222 4134">
     <span class='ocr_line' id='line_1_42' title="bbox 551 4045 2222 4134; baseline 0.003 -35"><span class='ocrx_word' id='word_1_277' title='bbox 551 4051 656 4111; x_wconf 90' lang='lat' dir='ltr'>set,</span> <span class='ocrx_word' id='word_1_278' title='bbox 685 4045 898 4118; x_wconf 87' lang='lat' dir='ltr'>illeque</span> <span class='ocrx_word' id='word_1_279' title='bbox 938 4052 1071 4119; x_wconf 91' lang='lat' dir='ltr'>post</span> <span class='ocrx_word' id='word_1_280' title='bbox 1113 4047 1460 4102; x_wconf 83' lang='lat' dir='ltr'>facultatum</span> <span class='ocrx_word' id='word_1_281' title='bbox 1508 4050 1837 4105; x_wconf 85' lang='lat' dir='ltr'>maximam</span> <span class='ocrx_word' id='word_1_282' title='bbox 1879 4055 2126 4124; x_wconf 87' lang='lat' dir='ltr'>partem,</span> <span class='ocrx_word' id='word_1_283' title='bbox 2160 4066 2222 4134; x_wconf 61' lang='grc' dir='ltr'>ιι,</span> 
     </span>
    </p>
   </div>
   <div class='ocr_carea' id='block_1_43' title="bbox 550 4135 2226 4209">
    <p class='ocr_par' dir='ltr' id='par_1_43' title="bbox 550 4135 2226 4209">
     <span class='ocr_line' id='line_1_43' title="bbox 550 4135 2226 4209; baseline 0.006 -23"><span class='ocrx_word' id='word_1_284' title='bbox 550 4135 873 4202; x_wconf 89' lang='lat' dir='ltr'>gratuitum</span> <span class='ocrx_word' id='word_1_285' title='bbox 908 4138 1021 4190; x_wconf 88' lang='lat' dir='ltr'>Deo</span> <span class='ocrx_word' id='word_1_286' title='bbox 1054 4136 1305 4199; x_wconf 89' lang='lat' dir='ltr'>donum,</span> <span class='ocrx_word' id='word_1_287' title='bbox 1341 4136 1611 4192; x_wconf 69' lang='lat' dir='ltr'>Ecclesire</span> <span class='ocrx_word' id='word_1_288' title='bbox 1649 4139 2014 4209; x_wconf 88' lang='lat' dir='ltr'>pauperibus</span> <span class='ocrx_word' id='word_1_289' title='bbox 2059 4139 2226 4196; x_wconf 85' lang='lat' dir='ltr'>attri-</span> 
     </span>
    </p>
   </div>
   <div class='ocr_carea' id='block_1_44' title="bbox 549 4221 2225 4298">
    <p class='ocr_par' dir='ltr' id='par_1_44' title="bbox 549 4221 2225 4298">
     <span class='ocr_line' id='line_1_44' title="bbox 549 4221 2225 4298; baseline 0.005 -22"><span class='ocrx_word' id='word_1_290' title='bbox 549 4221 796 4285; x_wconf 89' lang='lat' dir='ltr'>buisset,</span> <span class='ocrx_word' id='word_1_291' title='bbox 822 4224 878 4277; x_wconf 91' lang='lat' dir='ltr'>in</span> <span class='ocrx_word' id='word_1_292' title='bbox 904 4225 1051 4278; x_wconf 91' lang='lat' dir='ltr'>iram</span> <span class='ocrx_word' id='word_1_293' title='bbox 1075 4224 1212 4278; x_wconf 91' lang='lat' dir='ltr'>hinc</span> <span class='ocrx_word' id='word_1_294' title='bbox 1247 4223 1507 4279; x_wconf 84' lang='lat' dir='ltr'>Eudoxia</span> <span class='ocrx_word' id='word_1_295' title='bbox 1542 4225 1950 4298; x_wconf 89' lang='lat' dir='ltr'>invidiamque</span> <span class='ocrx_word' id='word_1_296' title='bbox 1981 4229 2225 4284; x_wconf 83' lang='lat' dir='ltr'>incensa</span> 
     </span>
    </p>
   </div>
   <div class='ocr_carea' id='block_1_45' title="bbox 1786 267 2219 335">
    <p class='ocr_par' dir='ltr' id='par_1_45' title="bbox 1786 269 2219 327">
     <span class='ocr_line' id='line_1_45' title="bbox 1786 269 2219 327; baseline -0.012 0"><span class='ocrx_word' id='word_1_297' title='bbox 1786 272 1873 327; x_wconf 85' lang='lat' dir='ltr'>PH</span> <span class='ocrx_word' id='word_1_298' title='bbox 1886 271 2025 327; x_wconf 88' lang='grc' dir='ltr'>ΟΤΙῐ</span> <span class='ocrx_word' id='word_1_299' title='bbox 2065 269 2219 324; x_wconf 84' lang='grc' dir='ltr'><strong>ΡΛΤ]</strong></span> 
     </span>
    </p>
   </div>
   <div class='ocr_carea' id='block_1_46' title="bbox 2329 267 3852 335">
    <p class='ocr_par' dir='ltr' id='par_1_46' title="bbox 2329 268 3852 335">
     <span class='ocr_line' id='line_1_46' title="bbox 2329 268 3852 335; baseline 0.006 -13"><span class='ocrx_word' id='word_1_300' title='bbox 2329 268 2554 326; x_wconf 67' lang='lat' dir='ltr'>.RCHE</span> <span class='ocrx_word' id='word_1_301' title='bbox 2594 269 2700 325; x_wconf 73' lang='grc' dir='ltr'>ΕΡ.</span> <span class='ocrx_word' id='word_1_302' title='bbox 3769 281 3852 335; x_wconf 71' lang='grc'>348</span> 
     </span>
    </p>
   </div>
   <div class='ocr_carea' id='block_1_47' title="bbox 624 395 2291 473">
    <p class='ocr_par' dir='ltr' id='par_1_47' title="bbox 624 395 2291 473">
     <span class='ocr_line' id='line_1_47' title="bbox 624 395 2291 473; baseline -0.005 -15"><span class='ocrx_word' id='word_1_303' title='bbox 624 403 871 471; x_wconf 84' lang='lat' dir='ltr'>Magnus</span> <span class='ocrx_word' id='word_1_304' title='bbox 888 401 1089 473; x_wconf 86' lang='lat' dir='ltr'>itaque</span> <span class='ocrx_word' id='word_1_305' title='bbox 1103 401 1229 473; x_wconf 89' lang='lat' dir='ltr'>jam</span> <span class='ocrx_word' id='word_1_306' title='bbox 1244 400 1556 458; x_wconf 85' lang='lat' dir='ltr'>ordinatus</span> <span class='ocrx_word' id='word_1_307' title='bbox 1571 401 2028 471; x_wconf 85' lang='lat' dir='ltr'>Chrysostomus</span> <span class='ocrx_word' id='word_1_308' title='bbox 2042 396 2211 452; x_wconf 88' lang='lat' dir='ltr'>illum</span> <span class='ocrx_word' id='word_1_309' title='bbox 2251 395 2291 450; x_wconf 85' lang='lat' dir='ltr'><strong>A</strong></span> 
     </span>
    </p>
   </div>
   <div class='ocr_carea' id='block_1_48' title="bbox 2394 393 3855 471">
    <p class='ocr_par' dir='ltr' id='par_1_48' title="bbox 2394 393 3855 471">
     <span class='ocr_line' id='line_1_48' title="bbox 2394 393 3855 471; baseline 0.003 -23"><span class='ocrx_word' id='word_1_310' title='bbox 2394 393 2513 448; x_wconf 80' lang='grc' dir='ltr'>Ὅτι</span> <span class='ocrx_word' id='word_1_311' title='bbox 2564 397 2589 446; x_wconf 84' lang='grc' dir='ltr'><strong><em>ὁ</em></strong></span> <span class='ocrx_word' id='word_1_312' title='bbox 2641 399 2801 466; x_wconf 80' lang='grc' dir='ltr'>μέγας</span> <span class='ocrx_word' id='word_1_313' title='bbox 2847 399 3222 469; x_wconf 79' lang='grc' dir='ltr'>Χρυσόστομος</span> <span class='ocrx_word' id='word_1_314' title='bbox 3259 401 3542 468; x_wconf 75' lang='grc' dir='ltr'>παραυτίκα</span> <span class='ocrx_word' id='word_1_315' title='bbox 3579 400 3686 462; x_wconf 77' lang='grc' dir='ltr'>τοὺς</span> <span class='ocrx_word' id='word_1_316' title='bbox 3728 403 3855 471; x_wconf 85' lang='grc' dir='ltr'>ἔχον-</span> 
     </span>
    </p>
   </div>
   <div class='ocr_carea' id='block_1_49' title="bbox 2325 483 3852 555">
    <p class='ocr_par' dir='ltr' id='par_1_49' title="bbox 2325 483 3852 555">
     <span class='ocr_line' id='line_1_49' title="bbox 2325 483 3852 555; baseline 0.003 -19"><span class='ocrx_word' id='word_1_317' title='bbox 2325 504 2416 546; x_wconf 87' lang='grc' dir='ltr'>τας</span> <span class='ocrx_word' id='word_1_318' title='bbox 2473 487 2841 546; x_wconf 84' lang='grc' dir='ltr'>συνεισάκτους</span> <span class='ocrx_word' id='word_1_319' title='bbox 2891 492 2982 537; x_wconf 82' lang='grc' dir='ltr'>τοῦ</span> <span class='ocrx_word' id='word_1_320' title='bbox 3035 487 3181 546; x_wconf 82' lang='grc' dir='ltr'>ἔθους</span> <span class='ocrx_word' id='word_1_321' title='bbox 3233 483 3450 555; x_wconf 75' lang='grc' dir='ltr'>ἐξέκοψε,</span> <span class='ocrx_word' id='word_1_322' title='bbox 3480 491 3561 538; x_wconf 82' lang='grc' dir='ltr'>καὶ</span> <span class='ocrx_word' id='word_1_323' title='bbox 3615 492 3733 541; x_wconf 83' lang='grc' dir='ltr'>κατὰ</span> <span class='ocrx_word' id='word_1_324' title='bbox 3777 499 3852 541; x_wconf 83' lang='grc' dir='ltr'>τῶν</span> 
     </span>
    </p>
   </div>
   <div class='ocr_carea' id='block_1_50' title="bbox 2328 571 3854 648">
    <p class='ocr_par' dir='ltr' id='par_1_50' title="bbox 2328 571 3854 648">
     <span class='ocr_line' id='line_1_50' title="bbox 2328 571 3854 648; baseline 0.002 -22"><span class='ocrx_word' id='word_1_325' title='bbox 2328 571 2524 626; x_wconf 73' lang='grc' dir='ltr'>ἀδίκων</span> <span class='ocrx_word' id='word_1_326' title='bbox 2581 579 2669 626; x_wconf 87' lang='grc' dir='ltr'>καὶ</span> <span class='ocrx_word' id='word_1_327' title='bbox 2747 576 3156 648; x_wconf 86' lang='grc' dir='ltr'>γαστριμάργων</span> <span class='ocrx_word' id='word_1_328' title='bbox 3232 578 3319 626; x_wconf 82' lang='grc' dir='ltr'>καὶ</span> <span class='ocrx_word' id='word_1_329' title='bbox 3387 571 3651 645; x_wconf 76' lang='grc' dir='ltr'>φιληδόνων</span> <span class='ocrx_word' id='word_1_330' title='bbox 3701 577 3854 648; x_wconf 93' lang='grc' dir='ltr'>λόγους</span> 
     </span>
    </p>
   </div>
   <div class='ocr_carea' id='block_1_51' title="bbox 2328 661 3858 738">
    <p class='ocr_par' dir='ltr' id='par_1_51' title="bbox 2328 661 3858 738">
     <span class='ocr_line' id='line_1_51' title="bbox 2328 661 3858 738; baseline 0.002 -23"><span class='ocrx_word' id='word_1_331' title='bbox 2328 666 2556 737; x_wconf 82' lang='grc' dir='ltr'>μακροὺς</span> <span class='ocrx_word' id='word_1_332' title='bbox 2603 668 2904 717; x_wconf 76' lang='grc' dir='ltr'>κατέτεινεν.</span> <span class='ocrx_word' id='word_1_333' title='bbox 2940 663 3035 716; x_wconf 82' lang='grc' dir='ltr'>Ἦν</span> <span class='ocrx_word' id='word_1_334' title='bbox 3091 661 3149 715; x_wconf 76' lang='grc' dir='ltr'>δὲ</span> <span class='ocrx_word' id='word_1_335' title='bbox 3202 668 3289 715; x_wconf 86' lang='grc' dir='ltr'>καὶ</span> <span class='ocrx_word' id='word_1_336' title='bbox 3337 663 3544 733; x_wconf 73' lang='grc' dir='ltr'>ἐλεήμων</span> <span class='ocrx_word' id='word_1_337' title='bbox 3595 663 3789 738; x_wconf 66' lang='grc' dir='ltr'>σφόδρα,</span> <span class='ocrx_word' id='word_1_338' title='bbox 3817 666 3858 728; x_wconf 80' lang='grc' dir='ltr'>ἐξ</span> 
     </span>
    </p>
   </div>
   <div class='ocr_carea' id='block_1_52' title="bbox 2329 752 3855 826">
    <p class='ocr_par' dir='ltr' id='par_1_52' title="bbox 2329 752 3855 826">
     <span class='ocr_line' id='line_1_52' title="bbox 2329 752 3855 826; baseline 0.001 -22"><span class='ocrx_word' id='word_1_339' title='bbox 2329 753 2389 804; x_wconf 83' lang='grc' dir='ltr'>οὗ</span> <span class='ocrx_word' id='word_1_340' title='bbox 2462 756 2606 826; x_wconf 79' lang='grc' dir='ltr'>παρὰ</span> <span class='ocrx_word' id='word_1_341' title='bbox 2678 752 2886 813; x_wconf 88' lang='grc' dir='ltr'>πολλοῖς</span> <span class='ocrx_word' id='word_1_342' title='bbox 2959 754 2984 804; x_wconf 87' lang='grc' dir='ltr'><strong>ὁ</strong></span> <span class='ocrx_word' id='word_1_343' title='bbox 3058 761 3146 812; x_wconf 80' lang='grc' dir='ltr'>τῆς</span> <span class='ocrx_word' id='word_1_344' title='bbox 3235 752 3562 822; x_wconf 81' lang='grc' dir='ltr'>ἐλεημοσύνης</span> <span class='ocrx_word' id='word_1_345' title='bbox 3643 754 3855 812; x_wconf 76' lang='grc' dir='ltr'>ἐπεκλήθη</span> 
     </span>
    </p>
   </div>
   <div class='ocr_carea' id='block_1_53' title="bbox 2333 838 3858 913">
    <p class='ocr_par' dir='ltr' id='par_1_53' title="bbox 2333 838 3858 913">
     <span class='ocr_line' id='line_1_53' title="bbox 2333 838 3858 913; baseline 0 -19"><span class='ocrx_word' id='word_1_346' title='bbox 2333 843 2592 903; x_wconf 87' lang='grc' dir='ltr'>Ἰωάννης.</span> <span class='ocrx_word' id='word_1_347' title='bbox 2641 848 2741 896; x_wconf 81' lang='grc' dir='ltr'>Καὶ</span> <span class='ocrx_word' id='word_1_348' title='bbox 2816 842 2990 903; x_wconf 81' lang='grc' dir='ltr'>ἁπλῶς</span> <span class='ocrx_word' id='word_1_349' title='bbox 3041 848 3214 894; x_wconf 87' lang='grc' dir='ltr'>πᾶσαν</span> <span class='ocrx_word' id='word_1_350' title='bbox 3272 845 3357 912; x_wconf 75' lang='grc' dir='ltr'>μεν</span> <span class='ocrx_word' id='word_1_351' title='bbox 3407 839 3582 913; x_wconf 75' lang='grc' dir='ltr'>ἀρετὴν</span> <span class='ocrx_word' id='word_1_352' title='bbox 3630 838 3858 905; x_wconf 77' lang='grc' dir='ltr'>ἐδίδασκε,</span> 
     </span>
    </p>
   </div>
   <div class='ocr_carea' id='block_1_54' title="bbox 2334 927 3862 1003">
    <p class='ocr_par' dir='ltr' id='par_1_54' title="bbox 2334 927 3862 1003">
     <span class='ocr_line' id='line_1_54' title="bbox 2334 927 3862 1003; baseline -0.002 -19"><span class='ocrx_word' id='word_1_353' title='bbox 2334 933 2511 992; x_wconf 85' lang='grc' dir='ltr'>πάσης</span> <span class='ocrx_word' id='word_1_354' title='bbox 2562 929 2620 985; x_wconf 76' lang='grc' dir='ltr'>δε</span> <span class='ocrx_word' id='word_1_355' title='bbox 2684 936 2872 993; x_wconf 77' lang='grc' dir='ltr'>κακίας</span> <span class='ocrx_word' id='word_1_356' title='bbox 2925 930 3220 1003; x_wconf 80' lang='grc' dir='ltr'>ἀπέτρεπεν.</span> <span class='ocrx_word' id='word_1_357' title='bbox 3273 931 3556 984; x_wconf 72' lang='grc' dir='ltr'>Ἀπέστειλε</span> <span class='ocrx_word' id='word_1_358' title='bbox 3605 927 3654 982; x_wconf 69' lang='grc' dir='ltr'>δὲ</span> <span class='ocrx_word' id='word_1_359' title='bbox 3694 936 3769 983; x_wconf 83' lang='grc' dir='ltr'>καὶ</span> <span class='ocrx_word' id='word_1_360' title='bbox 3801 931 3862 990; x_wconf 80' lang='grc' dir='ltr'>εἰς</span> 
     </span>
    </p>
   </div>
   <div class='ocr_carea' id='block_1_55' title="bbox 2336 1016 3865 1092">
    <p class='ocr_par' dir='ltr' id='par_1_55' title="bbox 2336 1016 3865 1092">
     <span class='ocr_line' id='line_1_55' title="bbox 2336 1016 3865 1092; baseline -0.001 -19"><span class='ocrx_word' id='word_1_361' title='bbox 2336 1025 2574 1079; x_wconf 77' lang='grc' dir='ltr'>Φοινίκην</span> <span class='ocrx_word' id='word_1_362' title='bbox 2617 1025 2884 1092; x_wconf 82' lang='grc' dir='ltr'>μοναχοὺς</span> <span class='ocrx_word' id='word_1_363' title='bbox 2932 1019 3002 1092; x_wconf 69' lang='grc' dir='ltr'>ἐφ’</span> <span class='ocrx_word' id='word_1_364' title='bbox 3135 1023 3255 1081; x_wconf 79' lang='grc' dir='ltr'>τοὺς</span> <span class='ocrx_word' id='word_1_365' title='bbox 3295 1021 3368 1072; x_wconf 81' lang='grc' dir='ltr'>ἔτι</span> <span class='ocrx_word' id='word_1_366' title='bbox 3415 1028 3473 1090; x_wconf 70' lang='grc' dir='ltr'>τῇ</span> <span class='ocrx_word' id='word_1_367' title='bbox 3521 1016 3865 1092; x_wconf 73' lang='grc' dir='ltr'>εἰδωλολατρείᾳ</span> 
     </span>
    </p>
   </div>
   <div class='ocr_carea' id='block_1_56' title="bbox 2335 1106 3865 1179">
    <p class='ocr_par' dir='ltr' id='par_1_56' title="bbox 2335 1106 3865 1179">
     <span class='ocr_line' id='line_1_56' title="bbox 2335 1106 3865 1179; baseline -0.002 -19"><span class='ocrx_word' id='word_1_368' title='bbox 2335 1113 2714 1179; x_wconf 82' lang='grc' dir='ltr'>κατεχομένους</span> <span class='ocrx_word' id='word_1_369' title='bbox 2788 1107 3078 1170; x_wconf 74' lang='grc' dir='ltr'>ἀπαλλάξαι</span> <span class='ocrx_word' id='word_1_370' title='bbox 3135 1116 3230 1167; x_wconf 75' lang='grc' dir='ltr'>τῆς</span> <span class='ocrx_word' id='word_1_371' title='bbox 3291 1106 3500 1168; x_wconf 87' lang='grc' dir='ltr'>πλάνης·</span> <span class='ocrx_word' id='word_1_372' title='bbox 3559 1107 3638 1166; x_wconf 75' lang='grc' dir='ltr'>οὓς</span> <span class='ocrx_word' id='word_1_373' title='bbox 3682 1113 3757 1157; x_wconf 79' lang='grc' dir='ltr'>καὶ</span> <span class='ocrx_word' id='word_1_374' title='bbox 3802 1110 3865 1157; x_wconf 87' lang='grc' dir='ltr'>νό-</span> 
     </span>
    </p>
   </div>
   <div class='ocr_carea' id='block_1_57' title="bbox 2335 1191 3866 1270">
    <p class='ocr_par' dir='ltr' id='par_1_57' title="bbox 2335 1191 3866 1270">
     <span class='ocr_line' id='line_1_57' title="bbox 2335 1191 3866 1270; baseline -0.002 -22"><span class='ocrx_word' id='word_1_375' title='bbox 2335 1217 2449 1270; x_wconf 88' lang='grc' dir='ltr'>μοις</span> <span class='ocrx_word' id='word_1_376' title='bbox 2500 1197 2719 1257; x_wconf 79' lang='grc' dir='ltr'>ὁπλίσας</span> <span class='ocrx_word' id='word_1_377' title='bbox 2794 1195 3077 1268; x_wconf 84' lang='grc' dir='ltr'>βασιλκοῑς</span> <span class='ocrx_word' id='word_1_378' title='bbox 3159 1201 3283 1256; x_wconf 81' lang='grc' dir='ltr'>τοὺς</span> <span class='ocrx_word' id='word_1_379' title='bbox 3347 1201 3494 1256; x_wconf 71' lang='grc' dir='ltr'>ναοὺς</span> <span class='ocrx_word' id='word_1_380' title='bbox 3541 1204 3634 1248; x_wconf 82' lang='grc' dir='ltr'>τῶν</span> <span class='ocrx_word' id='word_1_381' title='bbox 3683 1191 3866 1246; x_wconf 73' lang='grc' dir='ltr'>εἰδώλων</span> 
     </span>
    </p>
   </div>
   <div class='ocr_carea' id='block_1_58' title="bbox 2333 1283 3864 1360">
    <p class='ocr_par' dir='ltr' id='par_1_58' title="bbox 2333 1283 3864 1360">
     <span class='ocr_line' id='line_1_58' title="bbox 2333 1283 3864 1360; baseline -0.004 -20"><span class='ocrx_word' id='word_1_382' title='bbox 2333 1292 2662 1360; x_wconf 69' lang='grc' dir='ltr'>κατέστρεφε,</span> <span class='ocrx_word' id='word_1_383' title='bbox 2724 1295 2822 1337; x_wconf 84' lang='grc' dir='ltr'>τῶν</span> <span class='ocrx_word' id='word_1_384' title='bbox 2876 1285 3220 1356; x_wconf 71' lang='grc' dir='ltr'>ἀναλωμάτων</span> <span class='ocrx_word' id='word_1_385' title='bbox 3292 1293 3390 1336; x_wconf 84' lang='grc' dir='ltr'>τῶν</span> <span class='ocrx_word' id='word_1_386' title='bbox 3445 1283 3524 1335; x_wconf 78' lang='grc' dir='ltr'>ἐπὶ</span> <span class='ocrx_word' id='word_1_387' title='bbox 3576 1291 3864 1354; x_wconf 70' lang='grc' dir='ltr'>καταστροφῇ</span> 
     </span>
    </p>
   </div>
   <div class='ocr_carea' id='block_1_59' title="bbox 2334 1375 3868 1447">
    <p class='ocr_par' dir='ltr' id='par_1_59' title="bbox 2334 1375 3868 1447">
     <span class='ocr_line' id='line_1_59' title="bbox 2334 1375 3868 1447; baseline -0.005 -19"><span class='ocrx_word' id='word_1_388' title='bbox 2334 1376 2390 1428; x_wconf 75' lang='grc' dir='ltr'>ἐκ</span> <span class='ocrx_word' id='word_1_389' title='bbox 2468 1386 2567 1428; x_wconf 77' lang='grc' dir='ltr'>τῶν</span> <span class='ocrx_word' id='word_1_390' title='bbox 2642 1375 2865 1428; x_wconf 71' lang='grc' dir='ltr'>εὐλαϐὠν</span> <span class='ocrx_word' id='word_1_391' title='bbox 2913 1383 3170 1445; x_wconf 81' lang='grc' dir='ltr'>γυναικῶν</span> <span class='ocrx_word' id='word_1_392' title='bbox 3242 1377 3619 1447; x_wconf 83' lang='grc' dir='ltr'>παρεχομένων.</span> <span class='ocrx_word' id='word_1_393' title='bbox 3671 1377 3756 1424; x_wconf 78' lang='grc' dir='ltr'>Καὶ</span> <span class='ocrx_word' id='word_1_394' title='bbox 3801 1375 3868 1422; x_wconf 88' lang='grc' dir='ltr'>τὸν</span> 
     </span>
    </p>
   </div>
   <div class='ocr_carea' id='block_1_60' title="bbox 2336 1462 3871 1535">
    <p class='ocr_par' dir='ltr' id='par_1_60' title="bbox 2336 1462 3871 1535">
     <span class='ocr_line' id='line_1_60' title="bbox 2336 1462 3871 1535; baseline -0.005 -16"><span class='ocrx_word' id='word_1_395' title='bbox 2336 1466 2573 1519; x_wconf 77' lang='grc' dir='ltr'>Κελτικὸν</span> <span class='ocrx_word' id='word_1_396' title='bbox 2619 1463 2678 1517; x_wconf 75' lang='grc' dir='ltr'>δὲ</span> <span class='ocrx_word' id='word_1_397' title='bbox 2730 1465 2902 1535; x_wconf 85' lang='grc' dir='ltr'>ὅμιλον</span> <span class='ocrx_word' id='word_1_398' title='bbox 2954 1463 3334 1528; x_wconf 81' lang='grc' dir='ltr'>ἀρειανίζοντα,</span> <span class='ocrx_word' id='word_1_399' title='bbox 3399 1462 3736 1534; x_wconf 74' lang='grc' dir='ltr'>ὁμογλώσσους</span> <span class='ocrx_word' id='word_1_400' title='bbox 3777 1480 3871 1530; x_wconf 84' lang='grc' dir='ltr'>χει-</span> 
     </span>
    </p>
   </div>
   <div class='ocr_carea' id='block_1_61' title="bbox 2331 1547 3869 1629">
    <p class='ocr_par' dir='ltr' id='par_1_61' title="bbox 2331 1547 3869 1629">
     <span class='ocr_line' id='line_1_61' title="bbox 2331 1547 3869 1629; baseline -0.007 -22"><span class='ocrx_word' id='word_1_401' title='bbox 2331 1561 2639 1629; x_wconf 80' lang='grc' dir='ltr'>ροτονήσας,</span> <span class='ocrx_word' id='word_1_402' title='bbox 2689 1552 3029 1628; x_wconf 65' lang='grc' dir='ltr'>μετέστρεῲεν</span> <span class='ocrx_word' id='word_1_403' title='bbox 3073 1554 3120 1586; x_wconf 81' lang='grc'>⁵⁸</span> <span class='ocrx_word' id='word_1_404' title='bbox 3169 1552 3237 1614; x_wconf 83' lang='grc' dir='ltr'>εἰς</span> <span class='ocrx_word' id='word_1_405' title='bbox 3291 1557 3386 1610; x_wconf 81' lang='grc' dir='ltr'>τὴν</span> <span class='ocrx_word' id='word_1_406' title='bbox 3444 1547 3745 1623; x_wconf 78' lang='grc' dir='ltr'>ὀρθοδοξίαν.</span> <span class='ocrx_word' id='word_1_407' title='bbox 3789 1552 3869 1600; x_wconf 72' lang='grc' dir='ltr'>Καὶ</span> 
     </span>
    </p>
   </div>
   <div class='ocr_carea' id='block_1_62' title="bbox 2333 1635 3869 1714">
    <p class='ocr_par' dir='ltr' id='par_1_62' title="bbox 2333 1635 3869 1714">
     <span class='ocr_line' id='line_1_62' title="bbox 2333 1635 3869 1714; baseline -0.007 -18"><span class='ocrx_word' id='word_1_408' title='bbox 2333 1644 2415 1698; x_wconf 75' lang='grc' dir='ltr'>ἐπὶ</span> <span class='ocrx_word' id='word_1_409' title='bbox 2473 1649 2557 1697; x_wconf 87' lang='grc' dir='ltr'>τόν</span> <span class='ocrx_word' id='word_1_410' title='bbox 2612 1650 2813 1714; x_wconf 82' lang='grc' dir='ltr'>Ἴστρον</span> <span class='ocrx_word' id='word_1_411' title='bbox 2863 1642 3071 1712; x_wconf 66' lang='grc' dir='ltr'>πέμψας</span> <span class='ocrx_word' id='word_1_412' title='bbox 3132 1645 3253 1702; x_wconf 76' lang='grc' dir='ltr'>τοὺς</span> <span class='ocrx_word' id='word_1_413' title='bbox 3309 1638 3538 1712; x_wconf 76' lang='grc' dir='ltr'>νομάδας</span> <span class='ocrx_word' id='word_1_414' title='bbox 3589 1639 3760 1697; x_wconf 77' lang='grc' dir='ltr'>Σκύθας</span> <span class='ocrx_word' id='word_1_415' title='bbox 3805 1635 3869 1687; x_wconf 74' lang='grc' dir='ltr'>ἐπὶ</span> 
     </span>
    </p>
   </div>
   <div class='ocr_carea' id='block_1_63' title="bbox 2329 1728 3867 1804">
    <p class='ocr_par' dir='ltr' id='par_1_63' title="bbox 2329 1728 3867 1804">
     <span class='ocr_line' id='line_1_63' title="bbox 2329 1728 3867 1804; baseline -0.008 -18"><span class='ocrx_word' id='word_1_416' title='bbox 2329 1738 2416 1786; x_wconf 81' lang='grc' dir='ltr'>τὸν</span> <span class='ocrx_word' id='word_1_417' title='bbox 2469 1735 2585 1803; x_wconf 76' lang='grc'>[141</span> <span class='ocrx_word' id='word_1_418' title='bbox 2634 1731 2728 1804; x_wconf 86' lang='grc' dir='ltr'>Η.]</span> <span class='ocrx_word' id='word_1_419' title='bbox 2767 1733 3183 1803; x_wconf 74' lang='grc' dir='ltr'>Χριστιανισμόν</span> <span class='ocrx_word' id='word_1_420' title='bbox 3236 1729 3447 1791; x_wconf 74' lang='grc' dir='ltr'>ἑκόντας</span> <span class='ocrx_word' id='word_1_421' title='bbox 3488 1728 3755 1781; x_wconf 83' lang='grc' dir='ltr'>εἱλκύσατο.</span> <span class='ocrx_word' id='word_1_422' title='bbox 3785 1729 3867 1777; x_wconf 73' lang='grc' dir='ltr'>Καὶ</span> 
     </span>
    </p>
   </div>
   <div class='ocr_carea' id='block_1_64' title="bbox 2329 1818 3869 1894">
    <p class='ocr_par' dir='ltr' id='par_1_64' title="bbox 2329 1818 3869 1894">
     <span class='ocr_line' id='line_1_64' title="bbox 2329 1818 3869 1894; baseline -0.004 -18"><span class='ocrx_word' id='word_1_423' title='bbox 2329 1829 2421 1881; x_wconf 78' lang='grc' dir='ltr'>τὴν</span> <span class='ocrx_word' id='word_1_424' title='bbox 2466 1827 2769 1892; x_wconf 77' lang='grc' dir='ltr'>Μαρκίωνος</span> <span class='ocrx_word' id='word_1_425' title='bbox 2815 1824 3012 1894; x_wconf 80' lang='grc' dir='ltr'>αἰρεσιν</span> <span class='ocrx_word' id='word_1_426' title='bbox 3039 1822 3187 1884; x_wconf 68' lang='grc' dir='ltr'>⁸κατὰ</span> <span class='ocrx_word' id='word_1_427' title='bbox 3227 1824 3322 1878; x_wconf 74' lang='grc' dir='ltr'>τὴν</span> <span class='ocrx_word' id='word_1_428' title='bbox 3350 1818 3621 1876; x_wconf 78' lang='grc' dir='ltr'>’Δνατολήν</span> <span class='ocrx_word' id='word_1_429' title='bbox 3658 1819 3869 1888; x_wconf 73' lang='grc' dir='ltr'>φυομένην</span> 
     </span>
    </p>
   </div>
   <div class='ocr_carea' id='block_1_65' title="bbox 2329 1904 3868 1984">
    <p class='ocr_par' dir='ltr' id='par_1_65' title="bbox 2329 1904 3868 1984">
     <span class='ocr_line' id='line_1_65' title="bbox 2329 1904 3868 1984; baseline -0.007 -19"><span class='ocrx_word' id='word_1_430' title='bbox 2329 1913 2542 1984; x_wconf 74' lang='grc' dir='ltr'>ἇξένεμε.</span> <span class='ocrx_word' id='word_1_431' title='bbox 2604 1917 2700 1964; x_wconf 85' lang='grc' dir='ltr'>Καὶ</span> <span class='ocrx_word' id='word_1_432' title='bbox 2753 1913 2843 1971; x_wconf 81' lang='grc' dir='ltr'>τὰς</span> <span class='ocrx_word' id='word_1_433' title='bbox 2898 1912 3192 1980; x_wconf 79' lang='grc' dir='ltr'>νυκτερινὰς</span> <span class='ocrx_word' id='word_1_434' title='bbox 3245 1906 3561 1980; x_wconf 67' lang='grc' dir='ltr'>ψαλμῳὸίας</span> <span class='ocrx_word' id='word_1_435' title='bbox 3631 1904 3868 1966; x_wconf 71' lang='grc' dir='ltr'>ἐπηύξησε.</span> 
     </span>
    </p>
   </div>
   <div class='ocr_carea' id='block_1_66' title="bbox 2328 1993 3873 2064">
    <p class='ocr_par' dir='ltr' id='par_1_66' title="bbox 2328 1993 3873 2064">
     <span class='ocr_line' id='line_1_66' title="bbox 2328 1993 3873 2064; baseline -0.008 -9"><span class='ocrx_word' id='word_1_436' title='bbox 2328 2007 2494 2062; x_wconf 73' lang='grc' dir='ltr'>Μόνος</span> <span class='ocrx_word' id='word_1_437' title='bbox 2545 1997 2602 2053; x_wconf 66' lang='grc' dir='ltr'>δὲ</span> <span class='ocrx_word' id='word_1_438' title='bbox 2652 2003 2853 2064; x_wconf 76' lang='grc' dir='ltr'>ἤσθιεν,</span> <span class='ocrx_word' id='word_1_439' title='bbox 2882 2003 2960 2052; x_wconf 83' lang='grc' dir='ltr'>ὅτι</span> <span class='ocrx_word' id='word_1_440' title='bbox 3009 2019 3062 2051; x_wconf 91' lang='grc' dir='ltr'>τε</span> <span class='ocrx_word' id='word_1_441' title='bbox 3109 1996 3241 2051; x_wconf 82' lang='grc' dir='ltr'>οἶνον</span> <span class='ocrx_word' id='word_1_442' title='bbox 3291 1994 3386 2051; x_wconf 78' lang='grc' dir='ltr'>διὰ</span> <span class='ocrx_word' id='word_1_443' title='bbox 3424 2003 3514 2056; x_wconf 81' lang='grc' dir='ltr'>τὴν</span> <span class='ocrx_word' id='word_1_444' title='bbox 3557 2005 3646 2056; x_wconf 77' lang='grc' dir='ltr'>τῆς</span> <span class='ocrx_word' id='word_1_445' title='bbox 3687 1993 3873 2064; x_wconf 76' lang='grc' dir='ltr'>κεφαλῆς</span> 
     </span>
    </p>
   </div>
   <div class='ocr_carea' id='block_1_67' title="bbox 2329 2079 3875 2161">
    <p class='ocr_par' dir='ltr' id='par_1_67' title="bbox 2329 2079 3875 2161">
     <span class='ocr_line' id='line_1_67' title="bbox 2329 2079 3875 2161; baseline -0.008 -18"><span class='ocrx_word' id='word_1_446' title='bbox 2329 2093 2518 2161; x_wconf 84' lang='grc' dir='ltr'>θέρμην</span> <span class='ocrx_word' id='word_1_447' title='bbox 2573 2089 2666 2141; x_wconf 65' lang='grc' dir='ltr'>οὐκ</span> <span class='ocrx_word' id='word_1_448' title='bbox 2712 2093 2895 2152; x_wconf 83' lang='grc' dir='ltr'>ἔπινεν,</span> <span class='ocrx_word' id='word_1_449' title='bbox 2945 2089 2986 2141; x_wconf 81' lang='grc' dir='ltr'>εἰ</span> <span class='ocrx_word' id='word_1_450' title='bbox 3012 2095 3081 2159; x_wconf 83' lang='grc' dir='ltr'>μή</span> <span class='ocrx_word' id='word_1_451' title='bbox 3132 2108 3230 2140; x_wconf 87' lang='grc' dir='ltr'>που</span> <span class='ocrx_word' id='word_1_452' title='bbox 3265 2087 3316 2140; x_wconf 77' lang='grc' dir='ltr'>ἐν</span> <span class='ocrx_word' id='word_1_453' title='bbox 3358 2096 3427 2158; x_wconf 83' lang='grc' dir='ltr'>τῷ</span> <span class='ocrx_word' id='word_1_454' title='bbox 3465 2090 3594 2160; x_wconf 74' lang='grc' dir='ltr'>θέρει</span> <span class='ocrx_word' id='word_1_455' title='bbox 3628 2089 3705 2137; x_wconf 87' lang='grc' dir='ltr'>τόν</span> <span class='ocrx_word' id='word_1_456' title='bbox 3733 2085 3771 2118; x_wconf 65' lang='grc'>⁵³</span> <span class='ocrx_word' id='word_1_457' title='bbox 3801 2079 3875 2133; x_wconf 75' lang='grc' dir='ltr'>διὰ</span> 
     </span>
    </p>
   </div>
   <div class='ocr_carea' id='block_1_68' title="bbox 2323 2175 3877 2254">
    <p class='ocr_par' dir='ltr' id='par_1_68' title="bbox 2323 2175 3877 2254">
     <span class='ocr_line' id='line_1_68' title="bbox 2323 2175 3877 2254; baseline -0.006 -23"><span class='ocrx_word' id='word_1_458' title='bbox 2323 2176 2484 2254; x_wconf 76' lang='grc' dir='ltr'>ῥόδου</span> <span class='ocrx_word' id='word_1_459' title='bbox 2519 2181 2586 2241; x_wconf 77' lang='grc' dir='ltr'>⁸ο,</span> <span class='ocrx_word' id='word_1_460' title='bbox 2620 2184 2708 2229; x_wconf 85' lang='grc' dir='ltr'>καὶ</span> <span class='ocrx_word' id='word_1_461' title='bbox 2741 2180 2820 2230; x_wconf 74' lang='grc' dir='ltr'>ὅτι</span> <span class='ocrx_word' id='word_1_462' title='bbox 2853 2183 3128 2237; x_wconf 79' lang='grc' dir='ltr'>κακόσιτος</span> <span class='ocrx_word' id='word_1_463' title='bbox 3159 2178 3226 2227; x_wconf 81' lang='grc' dir='ltr'>ὠν</span> <span class='ocrx_word' id='word_1_464' title='bbox 3255 2176 3354 2229; x_wconf 72' lang='grc' dir='ltr'>οὐκ</span> <span class='ocrx_word' id='word_1_465' title='bbox 3384 2175 3574 2250; x_wconf 72' lang='grc' dir='ltr'>ἐχρῆτο</span> <span class='ocrx_word' id='word_1_466' title='bbox 3611 2181 3710 2234; x_wconf 89' lang='grc' dir='ltr'>τοῖς</span> <span class='ocrx_word' id='word_1_467' title='bbox 3742 2189 3877 2241; x_wconf 83' lang='grc' dir='ltr'>παρα-</span> 
     </span>
    </p>
   </div>
   <div class='ocr_carea' id='block_1_69' title="bbox 2324 2259 3877 2338">
    <p class='ocr_par' dir='ltr' id='par_1_69' title="bbox 2324 2259 3877 2338">
     <span class='ocr_line' id='line_1_69' title="bbox 2324 2259 3877 2338; baseline -0.008 -17"><span class='ocrx_word' id='word_1_468' title='bbox 2324 2273 2575 2338; x_wconf 74' lang='grc' dir='ltr'>κειμένοις</span> <span class='ocrx_word' id='word_1_469' title='bbox 2657 2268 2796 2337; x_wconf 66' lang='grc' dir='ltr'>αντῴ</span> <span class='ocrx_word' id='word_1_470' title='bbox 2875 2267 3140 2329; x_wconf 75' lang='grc' dir='ltr'>πολλάκις,</span> <span class='ocrx_word' id='word_1_471' title='bbox 3203 2265 3310 2318; x_wconf 75' lang='grc' dir='ltr'>ἀλλ’</span> <span class='ocrx_word' id='word_1_472' title='bbox 3397 2264 3505 2317; x_wconf 80' lang='grc' dir='ltr'>ἀντ’</span> <span class='ocrx_word' id='word_1_473' title='bbox 3569 2264 3720 2316; x_wconf 72' lang='grc' dir='ltr'>αὐτῶν</span> <span class='ocrx_word' id='word_1_474' title='bbox 3775 2259 3877 2311; x_wconf 71' lang='grc' dir='ltr'>ἄλλα</span> 
     </span>
    </p>
   </div>
   <div class='ocr_carea' id='block_1_70' title="bbox 2325 2351 3877 2430">
    <p class='ocr_par' dir='ltr' id='par_1_70' title="bbox 2325 2351 3877 2430">
     <span class='ocr_line' id='line_1_70' title="bbox 2325 2351 3877 2430; baseline -0.007 -20"><span class='ocrx_word' id='word_1_475' title='bbox 2325 2357 2580 2420; x_wconf 73' lang='grc' dir='ltr'>ἐπεζήτει,</span> <span class='ocrx_word' id='word_1_476' title='bbox 2620 2362 2707 2409; x_wconf 87' lang='grc' dir='ltr'>καὶ</span> <span class='ocrx_word' id='word_1_477' title='bbox 2763 2363 2931 2430; x_wconf 85' lang='grc' dir='ltr'>τρίτον</span> <span class='ocrx_word' id='word_1_478' title='bbox 2991 2359 3069 2408; x_wconf 83' lang='grc' dir='ltr'>ὅτι</span> <span class='ocrx_word' id='word_1_479' title='bbox 3118 2355 3370 2416; x_wconf 74' lang='grc' dir='ltr'>πολλάκις</span> <span class='ocrx_word' id='word_1_480' title='bbox 3423 2353 3686 2425; x_wconf 70' lang='grc' dir='ltr'>σχολάζων</span> <span class='ocrx_word' id='word_1_481' title='bbox 3734 2351 3877 2406; x_wconf 77' lang='grc' dir='ltr'>ἄσιτος</span> 
     </span>
    </p>
   </div>
   <div class='ocr_carea' id='block_1_71' title="bbox 2327 2439 3882 2520">
    <p class='ocr_par' dir='ltr' id='par_1_71' title="bbox 2327 2439 3882 2520">
     <span class='ocr_line' id='line_1_71' title="bbox 2327 2439 3882 2520; baseline -0.008 -21"><span class='ocrx_word' id='word_1_482' title='bbox 2327 2444 2401 2500; x_wconf 79' lang='grc' dir='ltr'>δι’</span> <span class='ocrx_word' id='word_1_483' title='bbox 2463 2449 2660 2520; x_wconf 82' lang='grc' dir='ltr'>ἡμέρας</span> <span class='ocrx_word' id='word_1_484' title='bbox 2717 2449 2906 2516; x_wconf 73' lang='grc' dir='ltr'>ἔμενεν.</span> <span class='ocrx_word' id='word_1_485' title='bbox 2966 2442 3171 2498; x_wconf 71' lang='grc' dir='ltr'>Ἐδόκει</span> <span class='ocrx_word' id='word_1_486' title='bbox 3226 2440 3286 2497; x_wconf 69' lang='grc' dir='ltr'>δε</span> <span class='ocrx_word' id='word_1_487' title='bbox 3340 2453 3413 2516; x_wconf 83' lang='grc' dir='ltr'>τῷ</span> <span class='ocrx_word' id='word_1_488' title='bbox 3473 2443 3639 2516; x_wconf 74' lang='grc' dir='ltr'>κλήρῳ</span> <span class='ocrx_word' id='word_1_489' title='bbox 3690 2439 3882 2511; x_wconf 84' lang='grc' dir='ltr'>μάλιστα</span> 
     </span>
    </p>
   </div>
   <div class='ocr_carea' id='block_1_72' title="bbox 2327 2522 3878 2607">
    <p class='ocr_par' dir='ltr' id='par_1_72' title="bbox 2327 2522 3878 2607">
     <span class='ocr_line' id='line_1_72' title="bbox 2327 2522 3878 2607; baseline -0.01 -17"><span class='ocrx_word' id='word_1_490' title='bbox 2327 2535 2552 2607; x_wconf 84' lang='grc' dir='ltr'>σκληρὸς</span> <span class='ocrx_word' id='word_1_491' title='bbox 2598 2538 2728 2588; x_wconf 82' lang='grc' dir='ltr'>εἶναι</span> <span class='ocrx_word' id='word_1_492' title='bbox 2777 2541 2866 2587; x_wconf 86' lang='grc' dir='ltr'>καὶ</span> <span class='ocrx_word' id='word_1_493' title='bbox 2917 2537 3141 2607; x_wconf 81' lang='grc' dir='ltr'>τραχύς.</span> <span class='ocrx_word' id='word_1_494' title='bbox 3195 2537 3292 2586; x_wconf 82' lang='grc' dir='ltr'>Καὶ</span> <span class='ocrx_word' id='word_1_495' title='bbox 3342 2537 3597 2605; x_wconf 83' lang='grc' dir='ltr'>Σεραπίων</span> <span class='ocrx_word' id='word_1_496' title='bbox 3640 2525 3694 2580; x_wconf 72' lang='grc' dir='ltr'>δὲ</span> <span class='ocrx_word' id='word_1_497' title='bbox 3739 2522 3878 2578; x_wconf 66' lang='lat' dir='ltr'>63mi-</span> 
     </span>
    </p>
   </div>
   <div class='ocr_carea' id='block_1_73' title="bbox 2325 2615 3881 2694">
    <p class='ocr_par' dir='ltr' id='par_1_73' title="bbox 2325 2615 3881 2694">
     <span class='ocr_line' id='line_1_73' title="bbox 2325 2615 3881 2694; baseline -0.008 -18"><span class='ocrx_word' id='word_1_498' title='bbox 2325 2644 2467 2684; x_wconf 86' lang='grc' dir='ltr'>κονος</span> <span class='ocrx_word' id='word_1_499' title='bbox 2525 2625 2682 2676; x_wconf 67' lang='grc' dir='ltr'>αὐτοῦ</span> <span class='ocrx_word' id='word_1_500' title='bbox 2765 2622 2955 2675; x_wconf 67' lang='grc' dir='ltr'>πολλοῦ</span> <span class='ocrx_word' id='word_1_501' title='bbox 3013 2627 3202 2694; x_wconf 79' lang='grc' dir='ltr'>μίσους</span> <span class='ocrx_word' id='word_1_502' title='bbox 3262 2621 3409 2693; x_wconf 74' lang='grc' dir='ltr'>αὐτῷ</span> <span class='ocrx_word' id='word_1_503' title='bbox 3484 2625 3674 2690; x_wconf 76' lang='grc' dir='ltr'>γέγονεν</span> <span class='ocrx_word' id='word_1_504' title='bbox 3726 2615 3881 2674; x_wconf 76' lang='grc' dir='ltr'>αἴτιος.</span> 
     </span>
    </p>
   </div>
   <div class='ocr_carea' id='block_1_74' title="bbox 2327 2704 3881 2775">
    <p class='ocr_par' dir='ltr' id='par_1_74' title="bbox 2327 2704 3881 2775">
     <span class='ocr_line' id='line_1_74' title="bbox 2327 2704 3881 2775; baseline -0.009 -9"><span class='ocrx_word' id='word_1_505' title='bbox 2327 2714 2554 2775; x_wconf 79' lang='grc' dir='ltr'>Πολλοὺς</span> <span class='ocrx_word' id='word_1_506' title='bbox 2587 2712 2644 2765; x_wconf 82' lang='grc' dir='ltr'>δε</span> <span class='ocrx_word' id='word_1_507' title='bbox 2675 2717 2762 2764; x_wconf 89' lang='grc' dir='ltr'>καὶ</span> <span class='ocrx_word' id='word_1_508' title='bbox 2791 2714 2816 2763; x_wconf 89' lang='grc' dir='ltr'>ό</span> <span class='ocrx_word' id='word_1_509' title='bbox 2849 2715 2890 2746; x_wconf 81' lang='grc'>⁶¹</span> <span class='ocrx_word' id='word_1_510' title='bbox 2925 2712 3162 2772; x_wconf 75' lang='grc' dir='ltr'>Ἰωάννης</span> <span class='ocrx_word' id='word_1_511' title='bbox 3207 2709 3398 2772; x_wconf 67' lang='grc' dir='ltr'>ἄλλους</span> <span class='ocrx_word' id='word_1_512' title='bbox 3450 2706 3520 2762; x_wconf 78' lang='grc' dir='ltr'>δι’</span> <span class='ocrx_word' id='word_1_513' title='bbox 3554 2707 3696 2767; x_wconf 77' lang='grc' dir='ltr'>ἄλλας</span> <span class='ocrx_word' id='word_1_514' title='bbox 3740 2704 3881 2760; x_wconf 73' lang='grc' dir='ltr'>αἰτίας</span> 
     </span>
    </p>
   </div>
   <div class='ocr_carea' id='block_1_75' title="bbox 2325 2791 3880 2872">
    <p class='ocr_par' dir='ltr' id='par_1_75' title="bbox 2325 2791 3880 2872">
     <span class='ocr_line' id='line_1_75' title="bbox 2325 2791 3880 2872; baseline -0.009 -17"><span class='ocrx_word' id='word_1_515' title='bbox 2325 2811 2420 2864; x_wconf 79' lang='grc' dir='ltr'>τῆς</span> <span class='ocrx_word' id='word_1_516' title='bbox 2470 2801 2780 2863; x_wconf 84' lang='grc' dir='ltr'>Ἐκκλησίας</span> <span class='ocrx_word' id='word_1_517' title='bbox 2830 2800 3053 2863; x_wconf 75' lang='grc' dir='ltr'>ἐξέϐαλε.</span> <span class='ocrx_word' id='word_1_518' title='bbox 3087 2803 3416 2872; x_wconf 81' lang='grc' dir='ltr'>Προσκρούει</span> <span class='ocrx_word' id='word_1_519' title='bbox 3467 2795 3523 2850; x_wconf 74' lang='grc' dir='ltr'>δε</span> <span class='ocrx_word' id='word_1_520' title='bbox 3569 2798 3800 2868; x_wconf 81' lang='grc' dir='ltr'>Σεραπίων</span> <span class='ocrx_word' id='word_1_521' title='bbox 3844 2791 3880 2822; x_wconf 68' lang='grc'>⁸³</span> 
     </span>
    </p>
   </div>
   <div class='ocr_carea' id='block_1_76' title="bbox 2326 2881 3881 2963">
    <p class='ocr_par' dir='ltr' id='par_1_76' title="bbox 2326 2881 3881 2963">
     <span class='ocr_line' id='line_1_76' title="bbox 2326 2881 3881 2963; baseline -0.007 -19"><span class='ocrx_word' id='word_1_522' title='bbox 2326 2898 2414 2944; x_wconf 85' lang='grc' dir='ltr'>καὶ</span> <span class='ocrx_word' id='word_1_523' title='bbox 2472 2892 2760 2963; x_wconf 75' lang='grc' dir='ltr'>Σεϐηριανῴ</span> <span class='ocrx_word' id='word_1_524' title='bbox 2818 2898 2888 2959; x_wconf 79' lang='grc' dir='ltr'>τῷ</span> <span class='ocrx_word' id='word_1_525' title='bbox 2967 2887 3233 2952; x_wconf 79' lang='grc' dir='ltr'>Γαϐάλων,</span> <span class='ocrx_word' id='word_1_526' title='bbox 3302 2893 3396 2941; x_wconf 77' lang='grc' dir='ltr'>καὶ</span> <span class='ocrx_word' id='word_1_527' title='bbox 3447 2892 3670 2940; x_wconf 82' lang='grc' dir='ltr'>τίκτεται</span> <span class='ocrx_word' id='word_1_528' title='bbox 3723 2881 3881 2954; x_wconf 64' lang='grc' dir='ltr'>μεγάλη</span> 
     </span>
    </p>
   </div>
   <div class='ocr_carea' id='block_1_77' title="bbox 2326 2967 3886 3053">
    <p class='ocr_par' dir='ltr' id='par_1_77' title="bbox 2326 2967 3886 3053">
     <span class='ocr_line' id='line_1_77' title="bbox 2326 2967 3886 3053; baseline -0.011 -19"><span class='ocrx_word' id='word_1_529' title='bbox 2326 2981 2485 3034; x_wconf 76' lang='grc' dir='ltr'>αὐτοῦ</span> <span class='ocrx_word' id='word_1_530' title='bbox 2538 2985 2658 3053; x_wconf 87' lang='grc' dir='ltr'>πρὸς</span> <span class='ocrx_word' id='word_1_531' title='bbox 2704 2984 2787 3031; x_wconf 80' lang='grc' dir='ltr'>τὸν</span> <span class='ocrx_word' id='word_1_532' title='bbox 2829 2979 3067 3035; x_wconf 70' lang='grc' dir='ltr'>Ἰωάννην</span> <span class='ocrx_word' id='word_1_533' title='bbox 3107 2979 3298 3050; x_wconf 78' lang='grc' dir='ltr'>ἔχθρα,</span> <span class='ocrx_word' id='word_1_534' title='bbox 3335 2982 3398 3036; x_wconf 71' lang='grc' dir='ltr'>ἤν</span> <span class='ocrx_word' id='word_1_535' title='bbox 3428 2982 3516 3029; x_wconf 83' lang='grc' dir='ltr'>καὶ</span> <span class='ocrx_word' id='word_1_536' title='bbox 3559 2977 3708 3047; x_wconf 79' lang='grc' dir='ltr'>μέχρι</span> <span class='ocrx_word' id='word_1_537' title='bbox 3743 2967 3886 3024; x_wconf 68' lang='grc' dir='ltr'>τέλους</span> 
     </span>
    </p>
   </div>
   <div class='ocr_carea' id='block_1_78' title="bbox 2327 3056 3884 3141">
    <p class='ocr_par' dir='ltr' id='par_1_78' title="bbox 2327 3056 3884 3141">
     <span class='ocr_line' id='line_1_78' title="bbox 2327 3056 3884 3141; baseline -0.006 -20"><span class='ocrx_word' id='word_1_538' title='bbox 2327 3074 2613 3141; x_wconf 75' lang='grc' dir='ltr'>συνετήρει.</span> <span class='ocrx_word' id='word_1_539' title='bbox 2645 3068 2701 3119; x_wconf 70' lang='grc' dir='ltr'><strong>Ὀ</strong></span> <span class='ocrx_word' id='word_1_540' title='bbox 2752 3064 2809 3119; x_wconf 73' lang='grc' dir='ltr'>δὲ</span> <span class='ocrx_word' id='word_1_541' title='bbox 2853 3067 2975 3129; x_wconf 78' lang='grc' dir='ltr'>λαός</span> <span class='ocrx_word' id='word_1_542' title='bbox 3025 3064 3117 3118; x_wconf 71' lang='grc' dir='ltr'>διὰ</span> <span class='ocrx_word' id='word_1_543' title='bbox 3167 3070 3290 3129; x_wconf 79' lang='grc' dir='ltr'>τοὺς</span> <span class='ocrx_word' id='word_1_544' title='bbox 3332 3065 3383 3118; x_wconf 77' lang='grc' dir='ltr'>ἐν</span> <span class='ocrx_word' id='word_1_545' title='bbox 3441 3074 3500 3138; x_wconf 73' lang='grc' dir='ltr'>τῇ</span> <span class='ocrx_word' id='word_1_546' title='bbox 3554 3063 3784 3129; x_wconf 76' lang='grc' dir='ltr'>ἐκκλησίᾳ</span> <span class='ocrx_word' id='word_1_547' title='bbox 3814 3056 3884 3107; x_wconf 73' lang='grc' dir='ltr'>λό’</span> 
     </span>
    </p>
   </div>
   <div class='ocr_carea' id='block_1_79' title="bbox 2324 3146 3882 3231">
    <p class='ocr_par' dir='ltr' id='par_1_79' title="bbox 2324 3146 3882 3231">
     <span class='ocr_line' id='line_1_79' title="bbox 2324 3146 3882 3231; baseline -0.005 -21"><span class='ocrx_word' id='word_1_548' title='bbox 2324 3179 2443 3230; x_wconf 86' lang='grc' dir='ltr'>γους</span> <span class='ocrx_word' id='word_1_549' title='bbox 2499 3155 2706 3231; x_wconf 71' lang='grc' dir='ltr'>σφόδρα</span> <span class='ocrx_word' id='word_1_550' title='bbox 2747 3159 2930 3228; x_wconf 69' lang='grc' dir='ltr'>ἠγάπα</span> <span class='ocrx_word' id='word_1_551' title='bbox 2981 3159 3065 3208; x_wconf 85' lang='grc' dir='ltr'>τὸν</span> <span class='ocrx_word' id='word_1_552' title='bbox 3111 3156 3376 3214; x_wconf 81' lang='grc' dir='ltr'>Ἰωάννην,</span> <span class='ocrx_word' id='word_1_553' title='bbox 3412 3157 3616 3226; x_wconf 83' lang='grc' dir='ltr'>Ἠγάπα</span> <span class='ocrx_word' id='word_1_554' title='bbox 3665 3147 3719 3202; x_wconf 73' lang='grc' dir='ltr'>δε</span> <span class='ocrx_word' id='word_1_555' title='bbox 3761 3146 3882 3202; x_wconf 81' lang='grc' dir='ltr'>οὗτος</span> 
     </span>
    </p>
   </div>
   <div class='ocr_carea' id='block_1_80' title="bbox 2325 3238 3886 3316">
    <p class='ocr_par' dir='ltr' id='par_1_80' title="bbox 2325 3238 3886 3316">
     <span class='ocr_line' id='line_1_80' title="bbox 2325 3238 3886 3316; baseline -0.004 -15"><span class='ocrx_word' id='word_1_556' title='bbox 2325 3252 2417 3310; x_wconf 79' lang='grc' dir='ltr'>τὰς</span> <span class='ocrx_word' id='word_1_557' title='bbox 2476 3257 2565 3300; x_wconf 82' lang='grc' dir='ltr'>του</span> <span class='ocrx_word' id='word_1_558' title='bbox 2630 3247 2781 3316; x_wconf 76' lang='grc' dir='ltr'>ἁγίου</span> <span class='ocrx_word' id='word_1_559' title='bbox 2830 3245 3034 3298; x_wconf 83' lang='grc' dir='ltr'>Παύλου</span> <span class='ocrx_word' id='word_1_560' title='bbox 3085 3243 3368 3307; x_wconf 72' lang='grc' dir='ltr'>ἐπιστολὰς</span> <span class='ocrx_word' id='word_1_561' title='bbox 3417 3245 3550 3309; x_wconf 88' lang='grc' dir='ltr'>λίαν,</span> <span class='ocrx_word' id='word_1_562' title='bbox 3604 3245 3687 3293; x_wconf 88' lang='grc' dir='ltr'>καὶ</span> <span class='ocrx_word' id='word_1_563' title='bbox 3738 3238 3886 3309; x_wconf 70' lang='grc' dir='ltr'>ἡρμή-</span> 
     </span>
    </p>
   </div>
   <div class='ocr_carea' id='block_1_81' title="bbox 2326 3329 3888 3407">
    <p class='ocr_par' dir='ltr' id='par_1_81' title="bbox 2326 3329 3888 3407">
     <span class='ocr_line' id='line_1_81' title="bbox 2326 3329 3888 3407; baseline -0.004 -18"><span class='ocrx_word' id='word_1_564' title='bbox 2326 3357 2461 3390; x_wconf 86' lang='grc' dir='ltr'>νευεν</span> <span class='ocrx_word' id='word_1_565' title='bbox 2541 3336 2721 3398; x_wconf 66' lang='grc' dir='ltr'>αὐτάς</span> <span class='ocrx_word' id='word_1_566' title='bbox 2775 3335 3109 3406; x_wconf 71' lang='grc' dir='ltr'>ἐμφανίζεται</span> <span class='ocrx_word' id='word_1_567' title='bbox 3197 3331 3256 3387; x_wconf 71' lang='grc' dir='ltr'>δὲ</span> <span class='ocrx_word' id='word_1_568' title='bbox 3334 3333 3552 3407; x_wconf 85' lang='grc' dir='ltr'>Πρόκλῳ</span> <span class='ocrx_word' id='word_1_569' title='bbox 3630 3329 3706 3381; x_wconf 79' lang='grc' dir='ltr'>ἐπὶ</span> <span class='ocrx_word' id='word_1_570' title='bbox 3776 3329 3888 3398; x_wconf 80' lang='grc' dir='ltr'>τρεῖς</span> 
     </span>
    </p>
   </div>
   <div class='ocr_carea' id='block_1_82' title="bbox 2333 3415 3888 3500">
    <p class='ocr_par' dir='ltr' id='par_1_82' title="bbox 2333 3415 3888 3500">
     <span class='ocr_line' id='line_1_82' title="bbox 2333 3415 3888 3500; baseline -0.012 -19"><span class='ocrx_word' id='word_1_571' title='bbox 2333 3427 2458 3500; x_wconf 77' lang='grc'>[257</span> <span class='ocrx_word' id='word_1_572' title='bbox 2502 3424 2596 3498; x_wconf 66' lang='grc'>3.]</span> <span class='ocrx_word' id='word_1_573' title='bbox 2647 3428 2832 3486; x_wconf 86' lang='grc' dir='ltr'>νύκτας</span> <span class='ocrx_word' id='word_1_574' title='bbox 2887 3423 3215 3494; x_wconf 81' lang='grc' dir='ltr'>ἐμπνεόμενος</span> <span class='ocrx_word' id='word_1_575' title='bbox 3264 3424 3289 3473; x_wconf 88' lang='grc' dir='ltr'><em>ὁ</em></span> <span class='ocrx_word' id='word_1_576' title='bbox 3333 3427 3502 3494; x_wconf 71' lang='grc' dir='ltr'>μέγας</span> <span class='ocrx_word' id='word_1_577' title='bbox 3558 3421 3774 3475; x_wconf 82' lang='grc' dir='ltr'>Ἰωάννης</span> <span class='ocrx_word' id='word_1_578' title='bbox 3808 3415 3888 3464; x_wconf 82' lang='grc' dir='ltr'>ὑπὸ</span> 
     </span>
    </p>
   </div>
   <div class='ocr_carea' id='block_1_83' title="bbox 2327 3501 3887 3574">
    <p class='ocr_par' dir='ltr' id='par_1_83' title="bbox 2327 3501 3887 3574">
     <span class='ocr_line' id='line_1_83' title="bbox 2327 3501 3887 3574; baseline -0.01 -4"><span class='ocrx_word' id='word_1_579' title='bbox 2327 3524 2416 3570; x_wconf 79' lang='grc' dir='ltr'>τοῦ</span> <span class='ocrx_word' id='word_1_580' title='bbox 2461 3513 2777 3568; x_wconf 82' lang='grc' dir='ltr'>Ἀποττόλου</span> <span class='ocrx_word' id='word_1_581' title='bbox 2819 3514 2864 3547; x_wconf 73' lang='grc'>⁸⁸</span> <span class='ocrx_word' id='word_1_582' title='bbox 2921 3512 2989 3574; x_wconf 85' lang='grc' dir='ltr'>εἰς</span> <span class='ocrx_word' id='word_1_583' title='bbox 3044 3516 3134 3569; x_wconf 77' lang='grc' dir='ltr'>τὴν</span> <span class='ocrx_word' id='word_1_584' title='bbox 3182 3520 3279 3564; x_wconf 86' lang='grc' dir='ltr'>τῶν</span> <span class='ocrx_word' id='word_1_585' title='bbox 3335 3510 3624 3565; x_wconf 79' lang='grc' dir='ltr'>ἐπιστολῶν</span> <span class='ocrx_word' id='word_1_586' title='bbox 3670 3506 3807 3558; x_wconf 73' lang='grc' dir='ltr'>αὐτοῦ</span> <span class='ocrx_word' id='word_1_587' title='bbox 3850 3501 3887 3535; x_wconf 82' lang='grc'>⁶⁶</span> 
     </span>
    </p>
   </div>
   <div class='ocr_carea' id='block_1_84' title="bbox 2331 3605 2622 3680">
    <p class='ocr_par' dir='ltr' id='par_1_84' title="bbox 2331 3605 2622 3680">
     <span class='ocr_line' id='line_1_84' title="bbox 2331 3605 2622 3680; baseline -0.017 -22"><span class='ocrx_word' id='word_1_588' title='bbox 2331 3605 2622 3680; x_wconf 70' lang='grc' dir='ltr'>ἑρμηνείαν.</span> 
     </span>
    </p>
   </div>
   <div class='ocr_carea' id='block_1_85' title="bbox 2400 3683 3887 3765">
    <p class='ocr_par' dir='ltr' id='par_1_85' title="bbox 2400 3683 3887 3765">
     <span class='ocr_line' id='line_1_85' title="bbox 2400 3683 3887 3765; baseline -0.003 -21"><span class='ocrx_word' id='word_1_589' title='bbox 2400 3693 2521 3744; x_wconf 74' lang='grc' dir='ltr'>Ὀτι</span> <span class='ocrx_word' id='word_1_590' title='bbox 2548 3694 2861 3765; x_wconf 77' lang='grc' dir='ltr'>προσκρούει</span> <span class='ocrx_word' id='word_1_591' title='bbox 2891 3697 2950 3762; x_wconf 74' lang='grc' dir='ltr'>τῇ</span> <span class='ocrx_word' id='word_1_592' title='bbox 2991 3688 3234 3742; x_wconf 79' lang='grc' dir='ltr'>Βασιλίὸι</span> <span class='ocrx_word' id='word_1_593' title='bbox 3265 3684 3364 3742; x_wconf 71' lang='grc' dir='ltr'>διὰ</span> <span class='ocrx_word' id='word_1_594' title='bbox 3405 3686 3732 3760; x_wconf 76' lang='grc' dir='ltr'>Θεοὸὼριχον</span> <span class='ocrx_word' id='word_1_595' title='bbox 3757 3683 3795 3716; x_wconf 71' lang='grc'><strong>⁸⁵</strong></span> <span class='ocrx_word' id='word_1_596' title='bbox 3818 3683 3887 3732; x_wconf 68' lang='grc' dir='ltr'>τόν</span> 
     </span>
    </p>
   </div>
   <div class='ocr_carea' id='block_1_86' title="bbox 2331 3772 3890 3856">
    <p class='ocr_par' dir='ltr' id='par_1_86' title="bbox 2331 3772 3890 3856">
     <span class='ocr_line' id='line_1_86' title="bbox 2331 3772 3890 3856; baseline -0.003 -19"><span class='ocrx_word' id='word_1_597' title='bbox 2331 3788 2621 3856; x_wconf 89' lang='grc' dir='ltr'>πατρίκιον.</span> <span class='ocrx_word' id='word_1_598' title='bbox 2668 3788 2772 3843; x_wconf 85' lang='grc' dir='ltr'>Τῆς</span> <span class='ocrx_word' id='word_1_599' title='bbox 2821 3784 2908 3851; x_wconf 80' lang='grc' dir='ltr'>μεν</span> <span class='ocrx_word' id='word_1_600' title='bbox 2963 3782 3064 3851; x_wconf 81' lang='grc' dir='ltr'>γὰρ</span> <span class='ocrx_word' id='word_1_601' title='bbox 3123 3779 3431 3852; x_wconf 71' lang='grc' dir='ltr'>παραλόγου</span> <span class='ocrx_word' id='word_1_602' title='bbox 3488 3775 3802 3848; x_wconf 75' lang='grc' dir='ltr'>εἰσπράξεως,</span> <span class='ocrx_word' id='word_1_603' title='bbox 3843 3772 3890 3826; x_wconf 61' lang='grc' dir='ltr'>ἦν</span> 
     </span>
    </p>
   </div>
   <div class='ocr_carea' id='block_1_87' title="bbox 2331 3855 3890 3941">
    <p class='ocr_par' dir='ltr' id='par_1_87' title="bbox 2331 3855 3890 3941">
     <span class='ocr_line' id='line_1_87' title="bbox 2331 3855 3890 3941; baseline -0.006 -17"><span class='ocrx_word' id='word_1_604' title='bbox 2331 3872 2491 3924; x_wconf 86' lang='grc' dir='ltr'>ἐποίει</span> <span class='ocrx_word' id='word_1_605' title='bbox 2539 3874 2566 3928; x_wconf 82' lang='grc' dir='ltr'>ἡ</span> <span class='ocrx_word' id='word_1_606' title='bbox 2623 3869 2852 3941; x_wconf 78' lang='grc' dir='ltr'>βασιλὶς,</span> <span class='ocrx_word' id='word_1_607' title='bbox 2885 3868 3030 3940; x_wconf 86' lang='grc' dir='ltr'>μόλις</span> <span class='ocrx_word' id='word_1_608' title='bbox 3069 3866 3400 3920; x_wconf 80' lang='grc' dir='ltr'>ἀπαλλάσσει</span> <span class='ocrx_word' id='word_1_609' title='bbox 3444 3871 3530 3920; x_wconf 86' lang='grc' dir='ltr'>τόν</span> <span class='ocrx_word' id='word_1_610' title='bbox 3584 3861 3804 3936; x_wconf 76' lang='grc' dir='ltr'>ἄνδρα-ό</span> <span class='ocrx_word' id='word_1_611' title='bbox 3842 3855 3890 3909; x_wconf 72' lang='grc' dir='ltr'>δὲ</span> 
     </span>
    </p>
   </div>
   <div class='ocr_carea' id='block_1_88' title="bbox 2334 3953 3890 4028">
    <p class='ocr_par' dir='ltr' id='par_1_88' title="bbox 2334 3953 3890 4028">
     <span class='ocr_line' id='line_1_88' title="bbox 2334 3953 3890 4028; baseline -0.01 -14"><span class='ocrx_word' id='word_1_612' title='bbox 2334 3958 2533 4014; x_wconf 76' lang='grc' dir='ltr'>δίδωσι</span> <span class='ocrx_word' id='word_1_613' title='bbox 2562 3967 2632 4028; x_wconf 77' lang='grc' dir='ltr'>τῷ</span> <span class='ocrx_word' id='word_1_614' title='bbox 2672 3967 2759 4018; x_wconf 82' lang='grc' dir='ltr'>τῆς</span> <span class='ocrx_word' id='word_1_615' title='bbox 2793 3956 3103 4016; x_wconf 83' lang='grc' dir='ltr'>Ἐκκλησίας</span> <span class='ocrx_word' id='word_1_616' title='bbox 3134 3959 3384 4027; x_wconf 78' lang='grc' dir='ltr'>πτωχείῳ</span> <span class='ocrx_word' id='word_1_617' title='bbox 3419 3956 3810 4028; x_wconf 69' lang='grc' dir='ltr'>εὐχαριστήριον</span> <span class='ocrx_word' id='word_1_618' title='bbox 3834 3953 3890 4014; x_wconf 80' lang='grc' dir='ltr'>τῷ</span> 
     </span>
    </p>
   </div>
   <div class='ocr_carea' id='block_1_89' title="bbox 2333 4038 3892 4119">
    <p class='ocr_par' dir='ltr' id='par_1_89' title="bbox 2333 4038 3892 4119">
     <span class='ocr_line' id='line_1_89' title="bbox 2333 4038 3892 4119; baseline -0.009 -16"><span class='ocrx_word' id='word_1_619' title='bbox 2333 4059 2447 4119; x_wconf 80' lang='grc' dir='ltr'>Θεῴ</span> <span class='ocrx_word' id='word_1_620' title='bbox 2497 4052 2554 4100; x_wconf 87' lang='grc' dir='ltr'>τό</span> <span class='ocrx_word' id='word_1_621' title='bbox 2608 4047 2735 4100; x_wconf 85' lang='grc' dir='ltr'>πολὺ</span> <span class='ocrx_word' id='word_1_622' title='bbox 2779 4051 2928 4119; x_wconf 81' lang='grc' dir='ltr'>μέρος</span> <span class='ocrx_word' id='word_1_623' title='bbox 2954 4046 3112 4098; x_wconf 76' lang='grc' dir='ltr'>αὑτοῦ</span> <span class='ocrx_word' id='word_1_624' title='bbox 3139 4054 3234 4106; x_wconf 82' lang='grc' dir='ltr'>τῆς</span> <span class='ocrx_word' id='word_1_625' title='bbox 3258 4045 3554 4118; x_wconf 70' lang='grc' dir='ltr'>ὑπάρξεως,</span> <span class='ocrx_word' id='word_1_626' title='bbox 3586 4042 3666 4114; x_wconf 77' lang='grc' dir='ltr'>ὑφ’</span> <span class='ocrx_word' id='word_1_627' title='bbox 3713 4039 3765 4092; x_wconf 77' lang='grc' dir='ltr'>οὗ</span> <span class='ocrx_word' id='word_1_628' title='bbox 3793 4038 3892 4106; x_wconf 72' lang='grc' dir='ltr'>πρὸς</span> 
     </span>
    </p>
   </div>
   <div class='ocr_carea' id='block_1_90' title="bbox 2331 4123 3892 4203">
    <p class='ocr_par' dir='ltr' id='par_1_90' title="bbox 2331 4123 3892 4203">
     <span class='ocr_line' id='line_1_90' title="bbox 2331 4123 3892 4203; baseline -0.006 -12"><span class='ocrx_word' id='word_1_629' title='bbox 2331 4143 2518 4191; x_wconf 84' lang='grc' dir='ltr'>κακίαν</span> <span class='ocrx_word' id='word_1_630' title='bbox 2571 4141 2657 4188; x_wconf 78' lang='grc' dir='ltr'>καὶ</span> <span class='ocrx_word' id='word_1_631' title='bbox 2720 4132 2967 4191; x_wconf 71' lang='grc' dir='ltr'>διαϐολῆν</span> <span class='ocrx_word' id='word_1_632' title='bbox 3033 4133 3373 4203; x_wconf 72' lang='grc' dir='ltr'>ἀναφλέγεται</span> <span class='ocrx_word' id='word_1_633' title='bbox 3427 4136 3455 4190; x_wconf 78' lang='grc' dir='ltr'>ἡ</span> <span class='ocrx_word' id='word_1_634' title='bbox 3517 4128 3751 4192; x_wconf 66' lang='grc' dir='ltr'>Εὑδοξία.</span> <span class='ocrx_word' id='word_1_635' title='bbox 3794 4123 3892 4175; x_wconf 74' lang='grc' dir='ltr'>Ὀτι</span> 
     </span>
    </p>
   </div>
   <div class='ocr_carea' id='block_1_91' title="bbox 2333 4213 3894 4298">
    <p class='ocr_par' dir='ltr' id='par_1_91' title="bbox 2333 4213 3894 4298">
     <span class='ocr_line' id='line_1_91' title="bbox 2333 4213 3894 4298; baseline -0.008 -19"><span class='ocrx_word' id='word_1_636' title='bbox 2333 4228 2619 4298; x_wconf 71' lang='grc' dir='ltr'>Εὑτρόπιος</span> <span class='ocrx_word' id='word_1_637' title='bbox 2662 4229 2814 4296; x_wconf 87' lang='grc' dir='ltr'>νόμον</span> <span class='ocrx_word' id='word_1_638' title='bbox 2856 4223 3053 4294; x_wconf 83' lang='grc' dir='ltr'>εἰσάγει</span> <span class='ocrx_word' id='word_1_639' title='bbox 3101 4221 3216 4282; x_wconf 67' lang='grc' dir='ltr'>τούς</span> <span class='ocrx_word' id='word_1_640' title='bbox 3265 4227 3578 4294; x_wconf 73' lang='grc' dir='ltr'>προσφυγας</span> <span class='ocrx_word' id='word_1_641' title='bbox 3623 4229 3710 4280; x_wconf 83' lang='grc' dir='ltr'>τῆς</span> <span class='ocrx_word' id='word_1_642' title='bbox 3739 4213 3894 4269; x_wconf 78' lang='grc' dir='ltr'>ἐκκλη-</span> 
     </span>
    </p>
   </div>
   <div class='ocr_carea' id='block_1_92' title="bbox 551 4305 2219 4386">
    <p class='ocr_par' dir='ltr' id='par_1_92' title="bbox 551 4313 2219 4384">
     <span class='ocr_line' id='line_1_92' title="bbox 551 4313 2219 4384; baseline 0.005 -19"><span class='ocrx_word' id='word_1_643' title='bbox 551 4315 656 4366; x_wconf 89' lang='lat' dir='ltr'>est.</span> <span class='ocrx_word' id='word_1_644' title='bbox 688 4313 1003 4383; x_wconf 86' lang='lat' dir='ltr'>Eutropius</span> <span class='ocrx_word' id='word_1_645' title='bbox 1035 4315 1148 4384; x_wconf 79' lang='lat'>(95)</span> <span class='ocrx_word' id='word_1_646' title='bbox 1174 4313 1366 4382; x_wconf 88' lang='lat' dir='ltr'>legem</span> <span class='ocrx_word' id='word_1_647' title='bbox 1397 4313 1701 4370; x_wconf 85' lang='lat' dir='ltr'>ferendam</span> <span class='ocrx_word' id='word_1_648' title='bbox 1748 4324 2004 4379; x_wconf 85' lang='lat' dir='ltr'>curarat,</span> <span class='ocrx_word' id='word_1_649' title='bbox 2046 4333 2119 4373; x_wconf 89' lang='lat' dir='ltr'><strong>ne</strong></span> <span class='ocrx_word' id='word_1_650' title='bbox 2146 4319 2219 4374; x_wconf 90' lang='lat' dir='ltr'>ad</span> 
     </span>
    </p>
   </div>
   <div class='ocr_carea' id='block_1_93' title="bbox 2329 4305 3894 4386">
    <p class='ocr_par' dir='ltr' id='par_1_93' title="bbox 2337 4305 3894 4386">
     <span class='ocr_line' id='line_1_93' title="bbox 2337 4305 3894 4386; baseline -0.008 -17"><span class='ocrx_word' id='word_1_651' title='bbox 2337 4322 2450 4376; x_wconf 86' lang='grc' dir='ltr'>σίας</span> <span class='ocrx_word' id='word_1_652' title='bbox 2504 4319 2573 4386; x_wconf 79' lang='grc' dir='ltr'>μὴ</span> <span class='ocrx_word' id='word_1_653' title='bbox 2626 4315 2906 4385; x_wconf 86' lang='grc' dir='ltr'>τυγχάνειν</span> <span class='ocrx_word' id='word_1_654' title='bbox 2964 4318 3054 4364; x_wconf 76' lang='grc' dir='ltr'>τοῦ</span> <span class='ocrx_word' id='word_1_655' title='bbox 3095 4317 3184 4371; x_wconf 80' lang='grc' dir='ltr'>τῆς</span> <span class='ocrx_word' id='word_1_656' title='bbox 3232 4309 3457 4372; x_wconf 76' lang='grc' dir='ltr'>ἀσυλίας</span> <span class='ocrx_word' id='word_1_657' title='bbox 3506 4312 3792 4383; x_wconf 70' lang='grc' dir='ltr'>προνομίαν,</span> <span class='ocrx_word' id='word_1_658' title='bbox 3823 4305 3894 4352; x_wconf 80' lang='grc' dir='ltr'>καὶ</span> 
     </span>
    </p>
   </div>
   <div class='ocr_carea' id='block_1_94' title="bbox 1904 4437 2562 4498">
    <p class='ocr_par' dir='ltr' id='par_1_94' title="bbox 1904 4437 2562 4498">
     <span class='ocr_line' id='line_1_94' title="bbox 1904 4437 2562 4498; baseline -0.003 -6"><span class='ocrx_word' id='word_1_659' title='bbox 1904 4440 2132 4494; x_wconf 69' lang='lat' dir='ltr'>VARUS</span> <span class='ocrx_word' id='word_1_660' title='bbox 2164 4437 2562 4498; x_wconf 81' lang='lat' dir='ltr'>LECTIONES.</span> 
     </span>
    </p>
   </div>
   <div class='ocr_carea' id='block_1_95' title="bbox 617 4561 1856 4636">
    <p class='ocr_par' dir='ltr' id='par_1_95' title="bbox 617 4561 1856 4636">
     <span class='ocr_line' id='line_1_95' title="bbox 617 4561 1856 4636; baseline 0.002 -22"><span class='ocrx_word' id='word_1_661' title='bbox 617 4563 664 4598; x_wconf 79' lang='grc'>⁵³</span> <span class='ocrx_word' id='word_1_662' title='bbox 693 4561 1038 4636; x_wconf 75' lang='grc' dir='ltr'>κατέστρεψεν</span> <span class='ocrx_word' id='word_1_663' title='bbox 1078 4583 1134 4626; x_wconf 79' lang='grc' dir='ltr'>ς’.</span> <span class='ocrx_word' id='word_1_664' title='bbox 1248 4563 1295 4598; x_wconf 69' lang='grc'><strong>⁵9</strong></span> <span class='ocrx_word' id='word_1_665' title='bbox 1324 4565 1410 4636; x_wconf 80' lang='grc' dir='ltr'>τὸν</span> <span class='ocrx_word' id='word_1_666' title='bbox 1444 4577 1530 4632; x_wconf 89' lang='lat' dir='ltr'>pr.</span> <span class='ocrx_word' id='word_1_667' title='bbox 1714 4565 1772 4615; x_wconf 86' lang='grc' dir='ltr'>τὸ</span> <span class='ocrx_word' id='word_1_668' title='bbox 1801 4585 1856 4626; x_wconf 80' lang='grc' dir='ltr'>ς’.</span> 
     </span>
    </p>
   </div>
   <div class='ocr_carea' id='block_1_96' title="bbox 547 4632 1783 4692">
    <p class='ocr_par' dir='ltr' id='par_1_96' title="bbox 547 4632 1783 4692">
     <span class='ocr_line' id='line_1_96' title="bbox 547 4632 1783 4692; baseline -0.001 -2"><span class='ocrx_word' id='word_1_669' title='bbox 547 4650 686 4690; x_wconf 89' lang='lat' dir='ltr'>cum</span> <span class='ocrx_word' id='word_1_670' title='bbox 718 4638 760 4690; x_wconf 90' lang='lat' dir='ltr'><strong>A</strong></span> <span class='ocrx_word' id='word_1_671' title='bbox 787 4632 964 4692; x_wconf 82' lang='lat' dir='ltr'>omisi</span> <span class='ocrx_word' id='word_1_672' title='bbox 995 4636 1221 4690; x_wconf 81' lang='grc' dir='ltr'>Παύλου.</span> <span class='ocrx_word' id='word_1_673' title='bbox 1260 4636 1308 4668; x_wconf 69' lang='grc'>⁸⁸</span> <span class='ocrx_word' id='word_1_674' title='bbox 1349 4634 1509 4686; x_wconf 71' lang='grc' dir='ltr'>αὑτοῦ</span> <span class='ocrx_word' id='word_1_675' title='bbox 1534 4632 1672 4689; x_wconf 88' lang='lat' dir='ltr'>add.</span> <span class='ocrx_word' id='word_1_676' title='bbox 1715 4636 1783 4689; x_wconf 84' lang='lat' dir='ltr'>A.</span> 
     </span>
    </p>
   </div>
   <div class='ocr_carea' id='block_1_97' title="bbox 1972 4561 2297 4636">
    <p class='ocr_par' dir='ltr' id='par_1_97' title="bbox 1972 4561 2297 4636">
     <span class='ocr_line' id='line_1_97' title="bbox 1972 4561 2297 4636; baseline 0.012 -20"><span class='ocrx_word' id='word_1_677' title='bbox 1972 4567 2019 4598; x_wconf 77' lang='grc' dir='ltr'>⁸ο</span> <span class='ocrx_word' id='word_1_678' title='bbox 2038 4561 2209 4636; x_wconf 60' lang='grc' dir='ltr'>ῥόδων</span> <span class='ocrx_word' id='word_1_679' title='bbox 2242 4587 2297 4629; x_wconf 84' lang='grc' dir='ltr'>ς.</span> 
     </span>
    </p>
   </div>
   <div class='ocr_carea' id='block_1_98' title="bbox 1863 4633 2540 4712">
    <p class='ocr_par' dir='ltr' id='par_1_98' title="bbox 1863 4633 2540 4712">
     <span class='ocr_line' id='line_1_98' title="bbox 1863 4633 2540 4712; baseline 0.007 -26"><span class='ocrx_word' id='word_1_680' title='bbox 1863 4634 1910 4669; x_wconf 78' lang='grc'><strong>⁸⁵</strong></span> <span class='ocrx_word' id='word_1_681' title='bbox 1942 4633 2264 4712; x_wconf 73' lang='grc' dir='ltr'>Θιυδέριχον</span> <span class='ocrx_word' id='word_1_682' title='bbox 2295 4652 2442 4692; x_wconf 90' lang='lat' dir='ltr'>corr.</span> <span class='ocrx_word' id='word_1_683' title='bbox 2473 4637 2540 4691; x_wconf 84' lang='lat' dir='ltr'>A.</span> 
     </span>
    </p>
   </div>
   <div class='ocr_carea' id='block_1_99' title="bbox 2413 4550 3889 4635">
    <p class='ocr_par' dir='ltr' id='par_1_99' title="bbox 2413 4550 3889 4635">
     <span class='ocr_line' id='line_1_99' title="bbox 2413 4550 3889 4635; baseline -0.012 -19"><span class='ocrx_word' id='word_1_684' title='bbox 2413 4566 2456 4600; x_wconf 79' lang='grc'><strong>⁶¹</strong></span> <span class='ocrx_word' id='word_1_685' title='bbox 2493 4565 2517 4615; x_wconf 87' lang='grc' dir='ltr'>ό</span> <span class='ocrx_word' id='word_1_686' title='bbox 2545 4578 2667 4618; x_wconf 90' lang='lat' dir='ltr'>om.</span> <span class='ocrx_word' id='word_1_687' title='bbox 2697 4565 2762 4616; x_wconf 85' lang='lat' dir='ltr'>A.</span> <span class='ocrx_word' id='word_1_688' title='bbox 2854 4563 2901 4595; x_wconf 74' lang='grc' dir='ltr'>δ’</span> <span class='ocrx_word' id='word_1_689' title='bbox 2931 4567 3203 4635; x_wconf 84' lang='grc' dir='ltr'>Σαραπιων</span> <span class='ocrx_word' id='word_1_690' title='bbox 3233 4561 3299 4614; x_wconf 81' lang='grc' dir='ltr'>Α.</span> <span class='ocrx_word' id='word_1_691' title='bbox 3383 4564 3429 4596; x_wconf 80' lang='grc'>⁸³</span> <span class='ocrx_word' id='word_1_692' title='bbox 3463 4563 3604 4633; x_wconf 80' lang='lat' dir='ltr'>post</span> <span class='ocrx_word' id='word_1_693' title='bbox 3629 4550 3889 4610; x_wconf 76' lang='grc' dir='ltr'>ἀποστόλου</span> 
     </span>
    </p>
   </div>
   <div class='ocr_carea' id='block_1_100' title="bbox 2115 4759 2342 4816">
    <p class='ocr_par' dir='ltr' id='par_1_100' title="bbox 2115 4759 2342 4816">
     <span class='ocr_line' id='line_1_100' title="bbox 2115 4759 2342 4816; baseline 0.004 -1"><span class='ocrx_word' id='word_1_694' title='bbox 2115 4759 2342 4816; x_wconf 65' lang='lat' dir='ltr'>NOTAE.</span> 
     </span>
    </p>
   </div>
   <div class='ocr_carea' id='block_1_101' title="bbox 620 4883 2205 4956">
    <p class='ocr_par' dir='ltr' id='par_1_101' title="bbox 620 4883 2205 4956">
     <span class='ocr_line' id='line_1_101' title="bbox 620 4883 2205 4956; baseline -0.002 -18"><span class='ocrx_word' id='word_1_695' title='bbox 620 4883 732 4955; x_wconf 79' lang='lat'>(87)</span> <span class='ocrx_word' id='word_1_696' title='bbox 779 4886 1172 4954; x_wconf 72' lang='lat' dir='ltr'>a’wsm&#39;oixroug,</span> <span class='ocrx_word' id='word_1_697' title='bbox 1224 4883 1345 4956; x_wconf 89' lang='lat' dir='ltr'><strong>sive</strong></span> <span class='ocrx_word' id='word_1_698' title='bbox 1422 4883 2020 4948; x_wconf 84' lang='lat' dir='ltr'>subintroductas,et</span> <span class='ocrx_word' id='word_1_699' title='bbox 2070 4884 2205 4956; x_wconf 82' lang='grc' dir='ltr'>ἀγά-</span> 
     </span>
    </p>
   </div>
   <div class='ocr_carea' id='block_1_102' title="bbox 545 4955 2202 5026">
    <p class='ocr_par' dir='ltr' id='par_1_102' title="bbox 545 4955 2202 5026">
     <span class='ocr_line' id='line_1_102' title="bbox 545 4955 2202 5026; baseline 0.003 -19"><span class='ocrx_word' id='word_1_700' title='bbox 545 4956 1130 5022; x_wconf 68' lang='grc' dir='ltr'>πητὰςνοοαὺαηι,όθ</span> <span class='ocrx_word' id='word_1_701' title='bbox 1161 4955 1381 5026; x_wconf 87' lang='lat' dir='ltr'>quibus</span> <span class='ocrx_word' id='word_1_702' title='bbox 1406 4957 1468 5009; x_wconf 91' lang='lat' dir='ltr'>D.</span> <span class='ocrx_word' id='word_1_703' title='bbox 1499 4958 1707 5010; x_wconf 89' lang='lat' dir='ltr'>Baron.</span> <span class='ocrx_word' id='word_1_704' title='bbox 1736 4972 1774 5010; x_wconf 87' lang='lat'>1.</span> <span class='ocrx_word' id='word_1_705' title='bbox 1810 4959 1873 5019; x_wconf 93' lang='lat' dir='ltr'>V,</span> <span class='ocrx_word' id='word_1_706' title='bbox 1895 4971 2036 5011; x_wconf 89' lang='lat' dir='ltr'>ann.</span> <span class='ocrx_word' id='word_1_707' title='bbox 2071 4955 2202 5012; x_wconf 86' lang='lat' dir='ltr'>Chr.</span> 
     </span>
    </p>
   </div>
   <div class='ocr_carea' id='block_1_103' title="bbox 546 5026 2200 5096">
    <p class='ocr_par' dir='ltr' id='par_1_103' title="bbox 546 5026 2200 5096">
     <span class='ocr_line' id='line_1_103' title="bbox 546 5026 2200 5096; baseline -0.001 -12"><span class='ocrx_word' id='word_1_708' title='bbox 546 5032 668 5093; x_wconf 87' lang='lat'>393,</span> <span class='ocrx_word' id='word_1_709' title='bbox 689 5033 741 5083; x_wconf 93' lang='lat' dir='ltr'>et</span> <span class='ocrx_word' id='word_1_710' title='bbox 767 5029 824 5082; x_wconf 83' lang='grc' dir='ltr'>Β.</span> <span class='ocrx_word' id='word_1_711' title='bbox 853 5028 1019 5094; x_wconf 83' lang='lat' dir='ltr'>Greg.</span> <span class='ocrx_word' id='word_1_712' title='bbox 1049 5026 1553 5093; x_wconf 83' lang='lat' dir='ltr'>Nazianz.,0arm.</span> <span class='ocrx_word' id='word_1_713' title='bbox 1575 5028 1655 5083; x_wconf 84' lang='lat' dir='ltr'>ad</span> <span class='ocrx_word' id='word_1_714' title='bbox 1686 5027 1910 5096; x_wconf 64' lang='grc' dir='ltr'>νίν-θίγε.</span> <span class='ocrx_word' id='word_1_715' title='bbox 1939 5044 2090 5082; x_wconf 87' lang='lat' dir='ltr'>vers.</span> <span class='ocrx_word' id='word_1_716' title='bbox 2114 5027 2200 5089; x_wconf 83' lang='lat'>96;</span> 
     </span>
    </p>
   </div>
   <div class='ocr_carea' id='block_1_104' title="bbox 547 5098 2202 5169">
    <p class='ocr_par' dir='ltr' id='par_1_104' title="bbox 547 5098 2202 5169">
     <span class='ocr_line' id='line_1_104' title="bbox 547 5098 2202 5169; baseline 0.001 -15"><span class='ocrx_word' id='word_1_717' title='bbox 547 5100 898 5169; x_wconf 79' lang='lat' dir='ltr'>Gnomisque</span> <span class='ocrx_word' id='word_1_718' title='bbox 927 5098 1118 5152; x_wconf 74' lang='lat' dir='ltr'>distic.</span> <span class='ocrx_word' id='word_1_719' title='bbox 1158 5114 1310 5152; x_wconf 85' lang='lat' dir='ltr'>vers.</span> <span class='ocrx_word' id='word_1_720' title='bbox 1352 5098 1430 5151; x_wconf 84' lang='lat' dir='ltr'>t3.</span> <span class='ocrx_word' id='word_1_721' title='bbox 1465 5098 1663 5167; x_wconf 83' lang='lat' dir='ltr'>Ejusd.</span> <span class='ocrx_word' id='word_1_722' title='bbox 1699 5099 1839 5152; x_wconf 88' lang='lat' dir='ltr'>item</span> <span class='ocrx_word' id='word_1_723' title='bbox 1871 5099 2202 5158; x_wconf 82' lang='lat' dir='ltr'>Comment.</span> 
     </span>
    </p>
   </div>
   <div class='ocr_carea' id='block_1_105' title="bbox 546 5171 1169 5225">
    <p class='ocr_par' dir='ltr' id='par_1_105' title="bbox 546 5171 1169 5225">
     <span class='ocr_line' id='line_1_105' title="bbox 546 5171 1169 5225; baseline -0.006 0"><span class='ocrx_word' id='word_1_724' title='bbox 546 5172 774 5225; x_wconf 85' lang='lat' dir='ltr'>Nicetas</span> <span class='ocrx_word' id='word_1_725' title='bbox 809 5171 865 5224; x_wconf 94' lang='lat' dir='ltr'><strong>in</strong></span> <span class='ocrx_word' id='word_1_726' title='bbox 899 5175 1046 5224; x_wconf 89' lang='lat' dir='ltr'>orat.</span> <span class='ocrx_word' id='word_1_727' title='bbox 1081 5173 1169 5224; x_wconf 80' lang='grc'>43.</span> 
     </span>
    </p>
   </div>
   <div class='ocr_carea' id='block_1_106' title="bbox 617 5239 2204 5330">
    <p class='ocr_par' dir='ltr' id='par_1_106' title="bbox 617 5239 2204 5330">
     <span class='ocr_line' id='line_1_106' title="bbox 617 5239 2204 5330; baseline 0.001 -35"><span class='ocrx_word' id='word_1_728' title='bbox 617 5243 729 5330; x_wconf 73' lang='grc'>(88)</span> <span class='ocrx_word' id='word_1_729' title='bbox 753 5242 1060 5330; x_wconf 54' lang='lat' dir='ltr'>Sci/Uitam</span> <span class='ocrx_word' id='word_1_730' title='bbox 1086 5240 1434 5296; x_wconf 85' lang='lat' dir='ltr'>&#39;l‘heodoret.</span> <span class='ocrx_word' id='word_1_731' title='bbox 1461 5246 1516 5295; x_wconf 90' lang='lat' dir='ltr'>et</span> <span class='ocrx_word' id='word_1_732' title='bbox 1544 5239 1920 5311; x_wconf 80' lang='lat' dir='ltr'>Niceph.cap.</span> <span class='ocrx_word' id='word_1_733' title='bbox 1955 5241 2005 5304; x_wconf 76' lang='grc'>2,</span> <span class='ocrx_word' id='word_1_734' title='bbox 2032 5242 2204 5296; x_wconf 88' lang='lat' dir='ltr'>item-</span> 
     </span>
    </p>
   </div>
   <div class='ocr_carea' id='block_1_107' title="bbox 548 5313 956 5381">
    <p class='ocr_par' dir='ltr' id='par_1_107' title="bbox 548 5313 956 5381">
     <span class='ocr_line' id='line_1_107' title="bbox 548 5313 956 5381; baseline 0.007 -17"><span class='ocrx_word' id='word_1_735' title='bbox 548 5325 664 5381; x_wconf 90' lang='lat' dir='ltr'>que</span> <span class='ocrx_word' id='word_1_736' title='bbox 693 5313 956 5367; x_wconf 82' lang='lat' dir='ltr'>Cassiod.</span> 
     </span>
    </p>
   </div>
   <div class='ocr_carea' id='block_1_108' title="bbox 620 5382 1546 5454">
    <p class='ocr_par' dir='ltr' id='par_1_108' title="bbox 620 5382 1546 5454">
     <span class='ocr_line' id='line_1_108' title="bbox 620 5382 1546 5454; baseline -0.001 -19"><span class='ocrx_word' id='word_1_737' title='bbox 620 5385 731 5454; x_wconf 84' lang='lat'>(89)</span> <span class='ocrx_word' id='word_1_738' title='bbox 760 5384 930 5451; x_wconf 78' lang='lat' dir='ltr'>Apud</span> <span class='ocrx_word' id='word_1_739' title='bbox 966 5382 1272 5438; x_wconf 79' lang='lat' dir='ltr'>Osroamos</span> <span class='ocrx_word' id='word_1_740' title='bbox 1308 5382 1546 5454; x_wconf 83' lang='lat' dir='ltr'>Niceph.</span> 
     </span>
    </p>
   </div>
   <div class='ocr_carea' id='block_1_109' title="bbox 619 5453 2202 5524">
    <p class='ocr_par' dir='ltr' id='par_1_109' title="bbox 619 5453 2202 5524">
     <span class='ocr_line' id='line_1_109' title="bbox 619 5453 2202 5524; baseline 0.002 -18"><span class='ocrx_word' id='word_1_741' title='bbox 619 5453 730 5524; x_wconf 83' lang='lat'>(90)</span> <span class='ocrx_word' id='word_1_742' title='bbox 781 5455 908 5518; x_wconf 83' lang='lat' dir='ltr'>Quo</span> <span class='ocrx_word' id='word_1_743' title='bbox 934 5469 1072 5507; x_wconf 90' lang='lat' dir='ltr'>vero</span> <span class='ocrx_word' id='word_1_744' title='bbox 1104 5454 1348 5524; x_wconf 88' lang='lat' dir='ltr'>consilio</span> <span class='ocrx_word' id='word_1_745' title='bbox 1380 5453 1562 5508; x_wconf 38' lang='lat' dir='ltr'>id’ille</span> <span class='ocrx_word' id='word_1_746' title='bbox 1594 5453 1813 5516; x_wconf 83' lang='lat' dir='ltr'>fecerit,</span> <span class='ocrx_word' id='word_1_747' title='bbox 1839 5469 2018 5509; x_wconf 91' lang='lat' dir='ltr'>nemo</span> <span class='ocrx_word' id='word_1_748' title='bbox 2046 5453 2202 5510; x_wconf 90' lang='lat' dir='ltr'>clare</span> 
     </span>
    </p>
   </div>
   <div class='ocr_carea' id='block_1_110' title="bbox 548 5522 2203 5648">
    <p class='ocr_par' dir='ltr' id='par_1_110' title="bbox 548 5522 2203 5648">
     <span class='ocr_line' id='line_1_110' title="bbox 548 5522 2203 5648; baseline 0.002 -72"><span class='ocrx_word' id='word_1_749' title='bbox 548 5522 913 5648; x_wconf 32' lang='lat' dir='ltr'>dtiiatkinqluit</span> <span class='ocrx_word' id='word_1_750' title='bbox 927 5523 1374 5595; x_wconf 88' lang='lat' dir='ltr'>Niceph.Plures</span> <span class='ocrx_word' id='word_1_751' title='bbox 1388 5528 1641 5580; x_wconf 88' lang='lat' dir='ltr'>rationes</span> <span class='ocrx_word' id='word_1_752' title='bbox 1661 5524 1791 5580; x_wconf 90' lang='lat' dir='ltr'>vide</span> <span class='ocrx_word' id='word_1_753' title='bbox 1807 5526 1968 5597; x_wconf 86' lang='lat' dir='ltr'>apud</span> <span class='ocrx_word' id='word_1_754' title='bbox 1984 5525 2203 5580; x_wconf 87' lang='lat' dir='ltr'>Pallad.</span> 
     </span>
     <span class='ocr_line' id='line_1_111' title="bbox 548 5610 908 5648; baseline -0.006 0"><span class='ocrx_word' id='word_1_755' title='bbox 548 5610 578 5648; x_wconf 92' lang='lat' dir='ltr'><strong>e</strong></span> <span class='ocrx_word' id='word_1_756' title='bbox 681 5611 710 5648; x_wconf 90' lang='lat' dir='ltr'>e</span> <span class='ocrx_word' id='word_1_757' title='bbox 739 5611 816 5648; x_wconf 87' lang='lat' dir='ltr'>an</span> <span class='ocrx_word' id='word_1_758' title='bbox 837 5610 908 5648; x_wconf 78' lang='lat' dir='ltr'>ir.</span> 
     </span>
    </p>
   </div>
   <div class='ocr_carea' id='block_1_111' title="bbox 547 5598 908 5651">
    <p class='ocr_par' dir='ltr' id='par_1_111' title="bbox 547 5598 908 5651">
     <span class='ocr_line' id='line_1_112' title="bbox 547 5598 908 5651; baseline -0.014 -2"><span class='ocrx_word' id='word_1_759' title='bbox 547 5599 605 5649; x_wconf 88' lang='lat' dir='ltr'>et</span> <span class='ocrx_word' id='word_1_760' title='bbox 629 5598 908 5651; x_wconf 83' lang='lat' dir='ltr'>Metanhr.</span> 
     </span>
    </p>
   </div>
   <div class='ocr_carea' id='block_1_112' title="bbox 618 5611 2199 5740">
    <p class='ocr_par' dir='ltr' id='par_1_112' title="bbox 618 5611 2199 5740">
     <span class='ocr_line' id='line_1_113' title="bbox 618 5611 2199 5740; baseline 0.003 -18"><span class='ocrx_word' id='word_1_761' title='bbox 618 5611 1070 5740; x_wconf 49' lang='lat' dir='ltr'>(gfiaé‘rigrpodm,</span> <span class='ocrx_word' id='word_1_762' title='bbox 1101 5665 1262 5737; x_wconf 87' lang='lat' dir='ltr'>quod</span> <span class='ocrx_word' id='word_1_763' title='bbox 1292 5663 1755 5740; x_wconf 59' lang='lat' dir='ltr'>ﬁoi‘irmvocavit</span> <span class='ocrx_word' id='word_1_764' title='bbox 1788 5667 1978 5726; x_wconf 87' lang='lat' dir='ltr'>Diosc.</span> <span class='ocrx_word' id='word_1_765' title='bbox 2007 5667 2109 5725; x_wconf 83' lang='lat' dir='ltr'>lib.</span> <span class='ocrx_word' id='word_1_766' title='bbox 2139 5684 2199 5728; x_wconf 89' lang='lat' dir='ltr'>v.</span> 
     </span>
    </p>
   </div>
   <div class='ocr_carea' id='block_1_113' title="bbox 2387 4874 3891 4960">
    <p class='ocr_par' dir='ltr' id='par_1_113' title="bbox 2387 4874 3891 4960">
     <span class='ocr_line' id='line_1_114' title="bbox 2387 4874 3891 4960; baseline -0.007 -22"><span class='ocrx_word' id='word_1_767' title='bbox 2387 4883 2782 4960; x_wconf 45' lang='lat' dir='ltr'>(92)_Demquo</span> <span class='ocrx_word' id='word_1_768' title='bbox 2815 4882 3052 4960; x_wconf 87' lang='lat' dir='ltr'>Niceph.</span> <span class='ocrx_word' id='word_1_769' title='bbox 3096 4897 3242 4960; x_wconf 81' lang='lat' dir='ltr'>cap._</span> <span class='ocrx_word' id='word_1_770' title='bbox 3279 4884 3332 4948; x_wconf 89' lang='lat'>9,</span> <span class='ocrx_word' id='word_1_771' title='bbox 3368 4889 3426 4937; x_wconf 89' lang='lat' dir='ltr'>et</span> <span class='ocrx_word' id='word_1_772' title='bbox 3467 4881 3733 4960; x_wconf 77' lang='lat' dir='ltr'>cassiod.</span> <span class='ocrx_word' id='word_1_773' title='bbox 3783 4874 3891 4960; x_wconf 66' lang='lat' dir='ltr'>init.</span> 
     </span>
    </p>
   </div>
   <div class='ocr_carea' id='block_1_114' title="bbox 2315 4951 3897 5025">
    <p class='ocr_par' dir='ltr' id='par_1_114' title="bbox 2315 4951 3897 5025">
     <span class='ocr_line' id='line_1_115' title="bbox 2315 4951 3897 5025; baseline -0.006 -15"><span class='ocrx_word' id='word_1_774' title='bbox 2315 4951 2458 5012; x_wconf 64' lang='lat' dir='ltr'>Vitae</span> <span class='ocrx_word' id='word_1_775' title='bbox 2484 4951 2568 5009; x_wconf 87' lang='grc' dir='ltr'>Β.</span> <span class='ocrx_word' id='word_1_776' title='bbox 2598 4951 2907 5025; x_wconf 76' lang='lat' dir='ltr'>Chrysost.</span> <span class='ocrx_word' id='word_1_777' title='bbox 2942 4951 3125 5020; x_wconf 80' lang='lat' dir='ltr'>Quem</span> <span class='ocrx_word' id='word_1_778' title='bbox 3172 4951 3349 5010; x_wconf 84' lang='lat' dir='ltr'>etiam</span> <span class='ocrx_word' id='word_1_779' title='bbox 3377 4954 3659 5010; x_wconf 88' lang='lat' dir='ltr'>acerbius</span> <span class='ocrx_word' id='word_1_780' title='bbox 3690 4951 3897 5025; x_wconf 78' lang='lat' dir='ltr'>incusat</span> 
     </span>
    </p>
   </div>
   <div class='ocr_carea' id='block_1_115' title="bbox 2318 5024 3899 5106">
    <p class='ocr_par' dir='ltr' id='par_1_115' title="bbox 2318 5024 3899 5106">
     <span class='ocr_line' id='line_1_116' title="bbox 2318 5024 3899 5106; baseline -0.008 -21"><span class='ocrx_word' id='word_1_781' title='bbox 2318 5030 2429 5106; x_wconf 77' lang='lat' dir='ltr'>Leo</span> <span class='ocrx_word' id='word_1_782' title='bbox 2456 5024 2782 5106; x_wconf 84' lang='lat' dir='ltr'>imp._orat.</span> <span class='ocrx_word' id='word_1_783' title='bbox 2805 5025 2863 5105; x_wconf 81' lang='lat' dir='ltr'>in</span> <span class='ocrx_word' id='word_1_784' title='bbox 2891 5025 2953 5078; x_wconf 83' lang='grc' dir='ltr'>Β.</span> <span class='ocrx_word' id='word_1_785' title='bbox 2975 5027 3302 5106; x_wconf 38' lang='lat' dir='ltr'>CIhrysost.‘</span> <span class='ocrx_word' id='word_1_786' title='bbox 3321 5041 3512 5106; x_wconf 80' lang='lat' dir='ltr'>quam</span> <span class='ocrx_word' id='word_1_787' title='bbox 3537 5025 3723 5106; x_wconf 81' lang='lat' dir='ltr'>hujus</span> <span class='ocrx_word' id='word_1_788' title='bbox 3745 5024 3899 5106; x_wconf 57' lang='lat' dir='ltr'>Geor;</span> 
     </span>
    </p>
   </div>
   <div class='ocr_carea' id='block_1_116' title="bbox 2315 5085 3898 5170">
    <p class='ocr_par' dir='ltr' id='par_1_116' title="bbox 2315 5085 3898 5170">
     <span class='ocr_line' id='line_1_117' title="bbox 2315 5085 3898 5170; baseline -0.006 -16"><span class='ocrx_word' id='word_1_789' title='bbox 2315 5099 2391 5170; x_wconf 89' lang='lat' dir='ltr'>gii</span> <span class='ocrx_word' id='word_1_790' title='bbox 2422 5085 2670 5167; x_wconf 86' lang='lat' dir='ltr'>vestigia</span> <span class='ocrx_word' id='word_1_791' title='bbox 2701 5098 2968 5170; x_wconf 79' lang='lat' dir='ltr'>proxime</span> <span class='ocrx_word' id='word_1_792' title='bbox 3000 5085 3397 5170; x_wconf 34' lang='lat' dir='ltr'>insiactandofs,</span> <span class='ocrx_word' id='word_1_793' title='bbox 3421 5085 3659 5152; x_wconf 79' lang='lat' dir='ltr'>tantum</span> <span class='ocrx_word' id='word_1_794' title='bbox 3696 5107 3808 5150; x_wconf 88' lang='lat' dir='ltr'>non</span> <span class='ocrx_word' id='word_1_795' title='bbox 3833 5085 3898 5144; x_wconf 84' lang='lat' dir='ltr'>ad</span> 
     </span>
    </p>
   </div>
   <div class='ocr_carea' id='block_1_117' title="bbox 2315 5168 3484 5238">
    <p class='ocr_par' dir='ltr' id='par_1_117' title="bbox 2315 5168 3484 5238">
     <span class='ocr_line' id='line_1_118' title="bbox 2315 5168 3484 5238; baseline -0.003 -13"><span class='ocrx_word' id='word_1_796' title='bbox 2315 5168 2566 5226; x_wconf 74' lang='lat' dir='ltr'>verbum</span> <span class='ocrx_word' id='word_1_797' title='bbox 2599 5170 2733 5223; x_wconf 90' lang='lat' dir='ltr'>hinc</span> <span class='ocrx_word' id='word_1_798' title='bbox 2759 5168 2991 5222; x_wconf 89' lang='lat' dir='ltr'>videtur</span> <span class='ocrx_word' id='word_1_799' title='bbox 3019 5169 3484 5238; x_wconf 84' lang='lat' dir='ltr'>transcripsisse.</span> 
     </span>
    </p>
   </div>
   <div class='ocr_carea' id='block_1_118' title="bbox 2389 5235 3901 5315">
    <p class='ocr_par' dir='ltr' id='par_1_118' title="bbox 2389 5235 3901 5315">
     <span class='ocr_line' id='line_1_119' title="bbox 2389 5235 3901 5315; baseline -0.003 -22"><span class='ocrx_word' id='word_1_800' title='bbox 2389 5240 2818 5315; x_wconf 83' lang='lat' dir='ltr'>(93)Cl1rysos_t.</span> <span class='ocrx_word' id='word_1_801' title='bbox 2845 5240 2936 5293; x_wconf 87' lang='lat' dir='ltr'>hic</span> <span class='ocrx_word' id='word_1_802' title='bbox 2953 5239 3213 5315; x_wconf 84' lang='lat' dir='ltr'>primum</span> <span class='ocrx_word' id='word_1_803' title='bbox 3231 5235 3448 5302; x_wconf 80' lang='lat' dir='ltr'>scriba,</span> <span class='ocrx_word' id='word_1_804' title='bbox 3477 5255 3547 5294; x_wconf 88' lang='lat' dir='ltr'>ac</span> <span class='ocrx_word' id='word_1_805' title='bbox 3579 5237 3763 5315; x_wconf 75' lang='lat' dir='ltr'>multo</span> <span class='ocrx_word' id='word_1_806' title='bbox 3785 5235 3901 5315; x_wconf 69' lang='lat' dir='ltr'>post</span> 
     </span>
    </p>
   </div>
   <div class='ocr_carea' id='block_1_119' title="bbox 2312 5304 3894 5439">
    <p class='ocr_par' dir='ltr' id='par_1_119' title="bbox 2312 5304 3894 5439">
     <span class='ocr_line' id='line_1_120' title="bbox 2312 5304 3894 5439; baseline -0.007 -72"><span class='ocrx_word' id='word_1_807' title='bbox 2312 5304 2580 5439; x_wconf 50' lang='lat' dir='ltr'>1tegnpore</span> <span class='ocrx_word' id='word_1_808' title='bbox 2608 5304 2664 5366; x_wconf 74' lang='lat' dir='ltr'>in</span> <span class='ocrx_word' id='word_1_809' title='bbox 2691 5304 3040 5438; x_wconf 43' lang='lat' dir='ltr'>epigcopatu</span> <span class='ocrx_word' id='word_1_810' title='bbox 3064 5312 3238 5366; x_wconf 85' lang='lat' dir='ltr'>etiam</span> <span class='ocrx_word' id='word_1_811' title='bbox 3277 5325 3620 5366; x_wconf 88' lang='lat' dir='ltr'>successor.</span> <span class='ocrx_word' id='word_1_812' title='bbox 3662 5304 3894 5376; x_wconf 86' lang='lat' dir='ltr'>Niceph.</span> 
     </span>
     <span class='ocr_line' id='line_1_121' title="bbox 2337 5399 2849 5439; baseline -0.012 0"><span class='ocrx_word' id='word_1_813' title='bbox 2337 5401 2350 5439; x_wconf 88' lang='grc' dir='ltr'>ι</span> <span class='ocrx_word' id='word_1_814' title='bbox 2405 5399 2558 5439; x_wconf 77' lang='lat' dir='ltr'>.nv.</span> <span class='ocrx_word' id='word_1_815' title='bbox 2593 5399 2724 5439; x_wconf 85' lang='lat' dir='ltr'>can.</span> <span class='ocrx_word' id='word_1_816' title='bbox 2838 5421 2849 5433; x_wconf 95' lang='lat'>.</span> 
     </span>
    </p>
   </div>
   <div class='ocr_carea' id='block_1_120' title="bbox 2337 5384 2849 5447">
    <p class='ocr_par' dir='ltr' id='par_1_120' title="bbox 2337 5384 2849 5447">
     <span class='ocr_line' id='line_1_122' title="bbox 2337 5384 2849 5447; baseline -0.012 -8"><span class='ocrx_word' id='word_1_817' title='bbox 2337 5384 2415 5439; x_wconf 91' lang='lat' dir='ltr'>ib.</span> <span class='ocrx_word' id='word_1_818' title='bbox 2442 5399 2558 5447; x_wconf 81' lang='lat' dir='ltr'>xw,</span> <span class='ocrx_word' id='word_1_819' title='bbox 2593 5399 2724 5447; x_wconf 90' lang='lat' dir='ltr'>cap.</span> <span class='ocrx_word' id='word_1_820' title='bbox 2761 5384 2849 5438; x_wconf 76' lang='grc'>48.</span> 
     </span>
    </p>
   </div>
   <div class='ocr_carea' id='block_1_121' title="bbox 2387 5399 3902 5524">
    <p class='ocr_par' dir='ltr' id='par_1_121' title="bbox 2387 5399 3902 5524">
     <span class='ocr_line' id='line_1_123' title="bbox 2387 5399 2849 5453; baseline -0.006 -17"><span class='ocrx_word' id='word_1_821' title='bbox 2387 5399 2558 5447; x_wconf 68' lang='lat' dir='ltr'>i.x1v,</span> <span class='ocrx_word' id='word_1_822' title='bbox 2593 5399 2724 5453; x_wconf 90' lang='lat' dir='ltr'>cap.</span> <span class='ocrx_word' id='word_1_823' title='bbox 2761 5399 2849 5438; x_wconf 72' lang='grc'>48.</span> 
     </span>
     <span class='ocr_line' id='line_1_124' title="bbox 2387 5449 3902 5524; baseline -0.007 -14"><span class='ocrx_word' id='word_1_824' title='bbox 2387 5455 2498 5524; x_wconf 71' lang='lat' dir='ltr'>(9i)</span> <span class='ocrx_word' id='word_1_825' title='bbox 2527 5455 2953 5508; x_wconf 75' lang='lat' dir='ltr'>Theodericum</span> <span class='ocrx_word' id='word_1_826' title='bbox 3004 5451 3074 5524; x_wconf 88' lang='lat' dir='ltr'>al.</span> <span class='ocrx_word' id='word_1_827' title='bbox 3112 5452 3245 5524; x_wconf 86' lang='lat' dir='ltr'>vide</span> <span class='ocrx_word' id='word_1_828' title='bbox 3280 5452 3617 5523; x_wconf 81' lang='lat' dir='ltr'>Metaphor.</span> <span class='ocrx_word' id='word_1_829' title='bbox 3656 5451 3751 5505; x_wconf 91' lang='lat' dir='ltr'>hic</span> <span class='ocrx_word' id='word_1_830' title='bbox 3782 5449 3902 5518; x_wconf 79' lang='lat' dir='ltr'>pOSt</span> 
     </span>
    </p>
   </div>
   <div class='ocr_carea' id='block_1_122' title="bbox 2317 5523 3339 5589">
    <p class='ocr_par' dir='ltr' id='par_1_122' title="bbox 2317 5523 3339 5589">
     <span class='ocr_line' id='line_1_125' title="bbox 2317 5523 3339 5589; baseline -0.006 -7"><span class='ocrx_word' id='word_1_831' title='bbox 2317 5523 2564 5582; x_wconf 85' lang='lat' dir='ltr'>causam</span> <span class='ocrx_word' id='word_1_832' title='bbox 2607 5524 2905 5589; x_wconf 82' lang='lat' dir='ltr'>Antonini,</span> <span class='ocrx_word' id='word_1_833' title='bbox 2941 5523 3189 5587; x_wconf 87' lang='lat' dir='ltr'>Pallad.,</span> <span class='ocrx_word' id='word_1_834' title='bbox 3231 5529 3339 5578; x_wconf 91' lang='lat' dir='ltr'>etc.</span> 
     </span>
    </p>
   </div>
   <div class='ocr_carea' id='block_1_123' title="bbox 2390 5594 3411 5669">
    <p class='ocr_par' dir='ltr' id='par_1_123' title="bbox 2390 5594 3411 5669">
     <span class='ocr_line' id='line_1_126' title="bbox 2390 5594 3411 5669; baseline -0.001 -17"><span class='ocrx_word' id='word_1_835' title='bbox 2390 5597 2503 5668; x_wconf 79' lang='lat'>(95)</span> <span class='ocrx_word' id='word_1_836' title='bbox 2533 5596 2771 5669; x_wconf 81' lang='lat' dir='ltr'>Niceph.</span> <span class='ocrx_word' id='word_1_837' title='bbox 2800 5596 2928 5652; x_wconf 62' lang='lat' dir='ltr'>haec</span> <span class='ocrx_word' id='word_1_838' title='bbox 2966 5594 3160 5663; x_wconf 85' lang='lat' dir='ltr'>refert,</span> <span class='ocrx_word' id='word_1_839' title='bbox 3194 5611 3326 5669; x_wconf 89' lang='lat' dir='ltr'>cap.</span> <span class='ocrx_word' id='word_1_840' title='bbox 3357 5595 3411 5651; x_wconf 71' lang='grc'>4.</span> 
     </span>
    </p>
   </div>
  </div>
