4036 6214
210 274 305 331 349
1372 273 1870 332 BIBLIOTHECA.
1906 308 1971 318 —-
2005 276 2165 333 COD.
2204 278 2393 335 XCVI.

1079 399 1237 462 αὐτὸς
1293 407 1381 459 τῆς
1457 400 1650 461 οἰκείας
1682 399 1806 453 ἁπο-

1927 402 2237 460 ecclesiam
2260 404 2730 477 confugientibus
2761 409 2913 467 sacri
2952 410 3303 472 immunitas
3327 415 3443 474 loci
3479 435 3578 477 va-

213 400 310 468 μετ’
350 397 410 450 οὗ
469 397 602 450 πολὺ
659 402 980 469 καταφυγὼν

212 490 338 541 iam
386 490 717 558 νομοθεσίας.
777 489 855 539 Οὔ
923 492 1023 541 ὑπὸ
1081 493 1136 542 τὸ
1189 492 1566 561 θυσιαστήριον
1638 489 1814 564 ἐρριμ-

212 584 350 650 μένου
372 579 528 647 λόγον
594 578 888 647 ἐλεγκτικόν
944 576 1208 642 διεξῆλθεν
1249 581 1274 630 ό
1328 583 1494 650 μέγας
1550 580 1811 643 Ἰωάννης,

210 674 289 720 καὶ
318 667 542 728 πολλοὺς
595 667 666 728 εἰς
699 675 854 738 μῖσος
908 667 1138 725 ἐκίνησεν
1180 689 1193 704 ο
1227 665 1396 721 ἐδόκει
1443 671 1544 742 ’γὰρ
1605 668 1815 738 ἀφιλάν-

215 760 415 830 θρωπως
445 757 564 807 λίαν
613 755 944 814 ἐπιπλήττειν
996 761 1082 809 τόν
1127 755 1522 828 δυστυχοῦντα.
1568 757 1686 809 ’Ὁτι
1716 766 1814 810 τῶν

216 847 476 919 Ἀρειανῶν
527 849 619 905 τὰς
687 846 969 908 ἐκκλησίας
1007 845 1256 918 ἀφείλετο,
1329 851 1418 899 καὶ
1464 851 1550 898 τόν
1591 845 1816 917 βασιλέα

215 938 551 1006 αἰτησάμενος
617 943 714 996 τῆς
807 937 999 998 πόλεως
1073 937 1292 999 ἐξέϐαλε.
1375 942 1472 991 Καὶ
1557 935 1814 1008 ἀντίφωνα

217 1024 398 1078 ἐκείνων
449 1022 913 1082 ἐπιτηδευσάντων
989 1026 1061 1086 εἰς
1134 1025 1392 1088 ἐξαπάτην
1470 1034 1568 1077 τῶν
1624 1026 1814 1078 ἁπλου-

211 1120 390 1184 στέρων
461 1115 622 1176 αὑτός
707 1114 1006 1188 ὑπερέϐαλε,
1069 1121 1428 1188 συναραμένης
1484 1124 1580 1176 τῆς
1655 1113 1812 1186 βασι-

207 1201 358 1266 λίδος,
407 1207 481 1264 ὡς
535 1210 626 1256 καὶ
673 1209 937 1277 σταυροὺς
1001 1203 1256 1278 ἀργυρους
1326 1212 1431 1265 τοῖς
1514 1203 1813 1276 ἀντιφωνοις

208 1295 671 1366 παραπηγννσθαι.
729 1295 934 1365 Ἀρχὴν
977 1291 1035 1346 δέ
1109 1313 1238 1364 φασι
1312 1303 1410 1346 τῶν
1521 1292 1812 1365 ἀντιφώνων

208 1382 452 1451 Ἰγνάτιον
505 1384 750 1452 γενέσθαι
798 1387 884 1433 τόν
943 1385 1198 1456 θεοφόρον,
1255 1382 1502 1452 ἀγγέλους
1555 1385 1611 1433 τό
1681 1383 1810 1432 θεῖον

205 1473 489 1540 ὑμνοῦντας
545 1479 724 1522 τοῦτον
769 1476 856 1523 τόν
924 1476 1110 1542 τρόπον
1175 1471 1619 1543 ἐκμιμησάμενον.
1691 1469 1811 1521 "Ott

202 1566 383 1620 Γαινᾱς
425 1562 451 1610 ό
502 1559 767 1630 ’Δρειανός
848 1556 1072 1622 δυνατὸς
1140 1562 1206 1612 ὡν
1256 1565 1420 1632 ᾔτησε
1471 1570 1542 1629 τῷ
1603 1558 1815 1631 βασιλεί

577 1655 666 1702 καὶ
744 1651 770 1700 6
847 1649 1081 1710 Ἰωάννης
1163 1655 1337 1720 παρὼν
1444 1652 1575 1720 μετὰ
1622 1647 1811 1707 πολλῆς

201 1647 503 1714 ἐκκλησίαν,
577 1655 666 1702 καὶ
744 1651 770 1700 6
847 1649 1081 1710 Ἰωάννης
1163 1655 1337 1722 παρὼν

3475 291 3579 352 350

1926 491 2084 548 leret.
2114 493 2227 548 Sed
2254 499 2390 565 post
2413 510 2536 552 non
2563 497 2664 553 diu
2697 514 2833 555 cum
2871 499 3187 574 Eutropius
3227 505 3355 576 ipse
3388 508 3466 563 ad
3489 525 3580 563 ec-

1925 581 2164 638 clesiam
2198 583 2566 655 perfugisset,
2626 586 2774 656 legis
2821 605 2944 644 sum
3002 591 3258 648 fructum
3312 595 3454 652 tulit.
3498 597 3578 652 Eo

1925 669 2102 737 igitur
2126 671 2203 726 ad
2235 689 2401 728 aram
2441 679 2758 745 prostrato,
2815 679 3293 749 reprehensionis
3335 686 3579 755 plenam

1923 758 2257 815 orationem
2289 761 2567 818 adhibuit
2586 765 2992 838 Joannes,qua
3011 769 3408 839 plurimorum
3434 775 3492 828 in
3518 791 3578 828 se

1923 848 2132 903 odium
2161 850 2494 907 concitavit.
2519 852 2707 908 Nimis
2741 856 2897 910 enim
2943 857 3272 914 inhumane
3301 860 3578 916 afﬂictum

1924 936 2232 993 hominem
2264 939 2532 1010 accipere
2559 942 2722 996 visus
2753 950 2860 999 est.
2905 945 3138 1002 Arianis
3166 964 3368 1004 sacras
3400 951 3578 1007 eccle-

1925 1027 2040 1081 sias
2071 1025 2773 1100 ademit,et,imperatoris
2798 1032 3125 1103 implorata
3151 1039 3577 1107 ope,Constan-

1926 1114 2168 1185 tinopoli
2216 1117 2424 1185 exegit.
2498 1119 2851 1187 Antiphoni-3
2923 1124 3041 1193 (96)
3115 1125 3252 1180 item
3307 1127 3578 1198 [alternis

1923 1203 2282 1274 cantandis,]
2311 1205 2530 1276 quibus
2559 1207 2638 1262 illi
2667 1211 3014 1279 compositis
3048 1213 3283 1283 plebem
3325 1216 3579 1272 circum-

1923 1292 2241 1349 veniebant
2269 1295 2430 1364 δια
2465 1297 2708 1353 eosdem
2738 1301 3038 1370 superavit
3073 1319 3086 1356 :
3121 1303 3202 1358 ita
3253 1304 3578 1374 adjuvante

1923 1385 2207 1449 Augusta,
2246 1390 2306 1438 ut
2336 1391 2390 1439 et
2415 1393 2708 1454 argenteae
2736 1405 2942 1444 cruces
2993 1391 3068 1445 ad
3112 1392 3577 1463 antiphonorum

1921 1476 2162 1525 cantum
2193 1471 2603 1530 decorandum
2644 1477 3082 1536 adhiberentur.
3115 1484 3401 1538 Caeterum
3430 1484 3579 1539 anti-

1922 1557 2262 1629 phonorum
2326 1562 2619 1631 originem
2652 1566 2728 1621 ad
2766 1568 3061 1636 Ignatium
3093 1570 3262 1625 illum
3304 1571 3574 1627 divinum

1919 1647 2228 1704 hominem
2254 1650 2534 1718 referunt,
2567 1653 2773 1710 laudes
2800 1658 2895 1712 Dei
2923 1661 3304 1715 concinentes
3331 1660 3576 1730 angelos

201 1737 478 1808 ἐπετίμησε
518 1747 609 1798 τῆς
645 1737 946 1813 παρρησίας
993 1745 1082 1791 καὶ
1136 1743 1221 1796 τὸν
1284 1743 1495 1795 αἴτησιν
1559 1736 1806 1808 απεκρού-

1922 1734 2030 1790 hac
2059 1736 2119 1790 in
2142 1753 2202 1792 re
2234 1737 3358 1815 imitantem.Gainas(97)Arianus,cum
3379 1754 3578 1818 poten-

198 1847 344 1882 σατο.
386 1832 576 1899 Χρόνῳ
628 1825 686 1880 δὲ
735 1829 950 1900 ὕστερον
1003 1835 1188 1902 χεῖρας
1244 1827 1557 1901 ἁντάραντος
1601 1824 1810 1898 βασιλεῖ

196 1913 357 1986 μηδὲν
386 1915 657 1986 μελλήσας
701 1919 747 1952 ⁸⁵
791 1919 816 1968 ό
865 1918 1122 1982 Ἰωάννης,
1167 1917 1444 1979 ἀξιούντων
1477 1924 1628 1968 τοῦτο
1679 1917 1810 1966 πάν·-

195 2025 309 2068 των,
389 2010 525 2079 πρὸς
601 2007 759 2058 αὐτόν
834 2012 1176 2080 παραγίνεται
1253 2003 1806 2081 διαπρεσϐεύσασθαι,

194 2101 280 2146 καὶ
305 2101 463 2147 παύει
490 2099 608 2148 τότε
635 2101 727 2155 τὴν
763 2096 1138 2154 ἐπανάστασιν.

1921 1825 2000 1880 tia
2023 1825 2246 1883 valeret
2265 1829 2914 1904 plurimum,templum
2936 1836 3172 1891 Arianis
3197 1837 3318 1891 suis
3340 1837 3400 1892 in
3435 1835 3576 1892 urbe

1919 1913 1998 1968 ab
2021 1913 2372 1986 imperatore
2386 1919 2752 1988 postulabat.
2777 1923 2888 1978 Sed
2911 1925 3168 1984 Joannes
3189 1925 3267 1980 ibi
3288 1933 3408 1980 tum
3429 1941 3576 1996 prte-

1921 2004 2311 2074 sens,ingenti
2342 2023 2479 2062 cum
2502 2008 2772 2066 libertate
2803 2027 2927 2067 rem
2947 2014 3574 2084 penitusimprobavit,

1919 2091 2262 2164 obstititque
2314 2111 2389 2152 ne
2418 2097 2720 2166 postulata
2771 2099 2864 2155 ille
2923 2101 3218 2157 obtineret
3276 2119 3406 2158 sua.
3441 2105 3578 2157 Post

190 2184 367 2253 igitur
397 2201 541 2240 cum
571 2187 779 2257 copias
805 2186 1194 2251 idem,contra
1232 2186 1655 2257 imperatorem
1688 2181 2821 2253 insurgens,collegisset,Joannes,nihil
2853 2191 3093 2256 veritus,
3114 2190 3358 2263 reliquis
3384 2189 3577 2246 omni-

191 2274 305 2329 bus
332 2273 396 2329 id
430 2274 904 2345 postulantibus,
934 2275 1011 2331 ad
1043 2276 1367 2331 barbarum
1395 2272 1755 2341 legationem
1788 2269 2053 2335 instituit,
2080 2287 2150 2326 ac
2177 2272 2562 2331 rebellionem
2590 2279 2968 2346 compressit.

259 2362 380 2415 Ὀτι
440 2363 688 2424 Εὐσέϐιος
768 2363 871 2415 ἀπὸ
924 2372 1014 2415 τοῦ
1092 2363 1370 2417 Κελϐιανοῠ
1427 2365 1472 2397 6⁷
1531 2360 1810 2417 ἐπίσκοπος

201 2451 732 2513 Οτᾶιὶεντινουπόλεως
791 2455 839 2489 ⁵⁸
892 2456 1028 2505 κατὰ
1081 2454 1385 2506 Ἀντωνίνον
1445 2453 1490 2487 θ’
1539 2458 1630 2502 τοῦ
1662 2451 1808 2521 Ἐφε-

195 2547 321 2592 σίων
391 2541 660 2602 λιϐεἿᾶους
711 2539 1020 2594 ἐπιδίδωσι.
1076 2548 1375 2616 Περιείχιτο
1425 2538 1482 2593 δε
1561 2547 1668 2600 τοῖς
1721 2538 1813 2611 βι-

193 2629 355 2691 ϐλίοις
386 2629 522 2703 [142
583 2631 677 2702 H._|
736 2630 1042 2702 ἐγκλήματα
1116 2631 1266 2692 ἑπτὰ,
1328 2630 1615 2704 ἱεροσυλίας
1665 2630 1806 2700 τρία⁶

192 2725 278 2770 καὶ
336 2722 420 2772 ὅτι
479 2715 654 2772 παῖδα
703 2724 856 2790 φονέα
938 2724 1181 2790 γεγονότα
1257 2719 1620 2791 ἀνεπιτίμητον
1697 2720 1810 2788 ἔχει

195 2807 306 2877 μεθ’
343 2808 537 2859 ἑαυτοῦ
573 2828 586 2839 ο
616 2814 707 2859 καὶ
753 2810 833 2860 ὅτι
880 2812 938 2859 τό
991 2805 1232 2880 διαφέρον
1283 2817 1345 2879 τῇ
1391 2807 1678 2877 Ἐκκλησία
1726 2811 1803 2858 τό’

190 2915 306 2947 πίον
364 2899 440 2962 ⁷ο,
490 2899 615 2968 ὅπερ
665 2897 973 2955 Βασιλίναή
1024 2907 1116 2950 τοῦ
1148 2896 1427 2950 Ἰουλιανοῦ
1480 2905 1654 2968 μήτηρ
1685 2916 1808 2948 κατ-

196 2985 351 3050 έλιπε,
411 2985 662 3046 πωλήσας
710 2985 1076 3058 ἐσφετερίσατο
1125 3005 1136 3016 ·
1187 2991 1273 3038 καὶ
1331 2989 1410 3039 ὅτι
1470 2995 1563 3058 τῇς
1591 2990 1803 3057 γυναικὶ

197 3074 601 3146 ἀποταξάμενος
649 3080 939 3133 συνήπτετο
991 3081 1080 3128 καὶ
1145 3073 1551 3134 ἑπαιδοποίησεν
1604 3075 1656 3138 ἐξ
1709 3075 1804 3126 αὖ-

187 3174 297 3225 τλξς·
365 3162 593 3236 ἕϐδομον
649 3161 707 3216 δὲ
760 3167 840 3216 ὅτι
906 3164 991 3216 ἐπὶ
1063 3172 1314 3237 χρήμασι
1376 3167 1420 3201 ⁷¹
1491 3173 1798 3239 χειροτονεῖ.

184 3254 526 3314 Ἐξετοὲζεται
585 3257 653 3314 ὡς
707 3255 750 3287 τ’
807 3251 1094 3327 βαρύτερον
1157 3258 1215 3305 τὸ
1277 3252 1518 3326 ἕϐδομον,
1588 3260 1801 3316 καὶτῆς

181 3339 336 3402 δίκης
399 3341 487 3394 ἐπὶ
545 3342 677 3394 πολὺ
736 3347 1169 3414 παρατεινομένης
1241 3342 1653 3414 (ἐχρηματίζετο
1700 3347 1801 3418 γὰρ

181 3431 505 3484 ἐθελοκακεῖν
558 3437 649 3483 καὶ
682 3432 707 3482 6
765 3435 1104 3506 κατήγορος),
1160 3433 1185 3484 6
1238 3437 1327 3503 μὲν
1377 3434 1675 3493 Ἀντωνῖνος
1726 3454 1803 3486 τε-

177 3520 354 3590 itura},
390 3524 418 3572 6
447 3518 508 3573 δε
541 3526 708 3592 μέγας
756 3522 998 3582 Ἰωάννης
1053 3525 1183 3594 πρὸς
1233 3525 1326 3580 τὴν
1379 3520 1599 3594 Ἔφεσον
1633 3543 1805 3598 παρα-

181 3615 406 3678 γίνεται,
441 3614 536 3661 καὶ
567 3613 690 3669 τοὺς
747 3609 831 3661 ἐπὶ
889 3615 1141 3681 χρήμασι
1181 3611 1642 3680 χειροτονηθέντας
1673 3631 1806 3682 συγ-

173 3701 594 3768 καταθεμένους,
629 3697 681 3760 ἑξ
741 3702 892 3758 ὄντας
932 3701 1016 3749 τὸν
1063 3697 1304 3771 ἀριθμόν,
1359 3701 1618 3773 καθαιρεῖ,
1667 3703 1805 3755 Καθ-

177 3797 314 3858 «ipsi
365 3784 430 3838 δε
476 3791 570 3838 καὶ
623 3787 817 3859 ἑτέρους
868 3786 919 3848 ἓξ
965 3785 1012 3838 ἄν
1057 3794 1115 3857 τῇ
1167 3786 1323 3859 Ἀσίᾳ
1380 3784 1473 3840 διὰ
1523 3793 1614 3847 τὴν
1642 3791 1802 3849 αὐτὴν

171 3881 358 3932 νόσον.
398 3881 501 3928 Καὶ
542 3883 834 3946 χειροτονεῖ
876 3873 991 3927 ἀντὶ
1050 3879 1138 3947 μεν
1197 3875 1502 3930 Ἀντωνίνου
1538 3877 1803 3949 Ἡρακλεί-

174 3962 280 4021 δην
301 3969 396 4016 τόν
437 3965 629 4015 οἰκεῖον
696 3961 957 4028 διήκονον,
990 3963 1064 4034 ἐφ’
1207 3969 1296 4017 καὶ
1338 3970 1524 4027 στάσις
1579 3969 1801 4039 συμϐαίι

175 4061 392 4116 ut,in
441 4053 559 4105 ἀντὶ
606 4062 706 4104 τῶν
760 4053 951 4104 λοιπῶν
1010 4053 1208 4126 ἐτέρους
1286 4054 1521 4126 εὐλαϐείᾳ
1603 4063 1690 4110 καὶ
1733 4067 1794 4131 τῇ

179 4142 313 4212 ὧ.ὶς
561 4141 692 4193 πολὺ
775 4138 1139 4212 διαφέροντας.
1207 4142 1342 4195 Ἀλλ’
1422 4145 1562 4197 οὗτοι
1613 4149 1798 4210 πάντες

174 4230 540 4304 ἐξορισθέντος
588 4239 681 4282 τοῦ
740 4237 1117 4304 Χρυσοστόμον
1175 4240 1274 4283 τῶν
1341 4232 1635 4286 ἐπισκοπῶν
1695 4236 1798 4289 ἀπ-

175 4321 478 4386 ηλάθησαν,
513 4330 611 4371 τῶν
645 4325 1077 4391 κατεγνωσμένων
1127 4325 1217 4373 καὶ
1269 4320 1649 4394 ἐπιϐεϐλημένων
1695 4328 1797 4378 πά-

176 4409 256 4459 )ιν
285 4419 395 4469 τοῖς
416 4413 622 4481 θρόνοις
649 4409 1100 4479 ἐγκαταστάντων.

1992 2360 2286 2416 Eusebius
2301 2363 2792 2436 Valentianopolis
2811 2372 2945 2438 post
2978 2368 3325 2424 Celbianum
3348 2368 3574 2440 episco-

1920 2463 2053 2518 pus,
2088 2453 2298 2505 contra
2327 2453 2695 2511 Antoninum
2749 2456 2864 2526 (98)
2896 2458 3287 2528 Ephesiorum
3345 2457 3575 2512 antisti-

1923 2541 2041 2591 tem
2071 2536 2300 2594 libellos
2329 2540 2790 2612 obtulit,quibus
2816 2544 2908 2599 ille
2922 2551 3148 2615 septem
3171 2545 3572 2600 accusationis

1921 2626 2118 2696 capita
2143 2628 2258 2697 (99)
2285 2629 2632 2698 complexus
2665 2635 2751 2685 est
2783 2648 2796 2697 ;
2827 2632 3138 2701 sacrilegia
3172 2633 3280 2688 tria
3308 2649 3322 2697 ;
3354 2631 3570 2687 deinde

1919 2714 2082 2785 quod
2112 2730 2364 2786 puerum
2398 2716 2770 2784 homicidam,
2802 2736 2984 2790 quem
3012 2721 3233 2776 idcirco
3266 2736 3335 2774 ne
3372 2735 3570 2790 repre-

1917 2803 2225 2861 hendisset
2253 2805 2496 2876 quidem
2509 2848 2523 2871 ,
2541 2808 2702 2877 apud
2718 2823 2781 2862 se
2800 2808 3198 2864 haberetztum
3213 2808 3377 2880 quod
3391 2808 3569 2880 quid-

1917 2891 2059 2962 quid
2080 2893 2153 2948 ad
2173 2893 2446 2950 Ecclesia)
2477 2896 2785 2951 utilitatem
2803 2912 2838 2952 a
2861 2896 3124 2952 Basilina
3148 2897 3363 2952 Juliani
3380 2901 3570 2952 matre

1915 2981 2188 3038 relictum
2205 2984 2509 3055 esset,ipse
2523 2984 3151 3057 vendidisset,sibique
3163 2985 3526 3042 vindicasset
3553 3003 3566 3041 :

1915 3071 2081 3142 quod
2118 3088 2300 3128 uxore
2332 3078 2638 3143 preeterea,
2667 3089 2852 3144 quam
2882 3074 3119 3146 pietatis
3159 3079 3336 3131 antea
3368 3075 3570 3129 studio

1914 3160 2492 3226 deseruerat,rursus
2521 3163 2886 3220 familiariter
2917 3169 3278 3227 uteretur,ac
3297 3163 3564 3219 sobolem

1913 3249 2094 3306 etiam
2122 3267 2196 3306 ex
2221 3267 2292 3307 ea
2322 3252 2654 3309 sustulisset
2685 3269 2698 3307 :
2731 3254 3055 3323 septimum
3087 3253 3366 3324 denique,
3401 3253 3567 3323 quod

1915 3339 2166 3409 pecunia
2204 3347 2521 3411 corruptus
2551 3342 2872 3397 ordinaret.
2911 3346 2972 3397 In
3001 3341 3323 3413 septimum
3365 3347 3566 3398 autem

1914 3429 2303 3495 crimen,cum
2353 3429 2414 3484 id
2461 3431 2734 3486 omnium
2772 3431 3193 3500 gravissimum
3247 3430 3567 3498 videretur,

1913 3517 2262 3589 inquisitum
2279 3521 2459 3575 est.At
2489 3519 2938 3591 dumjudicium
2962 3520 3148 3590 hoczin
3180 3519 3415 3589 longum
3436 3536 3568 3592 pro-

1914 3607 2256 3664 tenderetur
2290 3607 2386 3678 (de
2411 3609 2706 3664 industria
2738 3609 3375 3680 enimimprobeagere
3398 3610 3568 3665 etiam

1911 3697 2038 3768 ipse
2068 3701 2382 3753 accusator
2409 3697 2761 3765 dicebatur),
2792 3698 3123 3753 Antoninus
3156 3697 3388 3753 interim
3412 3698 3563 3753 diem

1912 3785 2691 3852 clausitextremum.0uare
2712 3803 2969 3855 magnus
2982 3787 3247 3842 Joannes
3261 3786 3565 3857 Ephesum

1910 3877 2037 3946 ipse
2069 3874 2481 3946 proﬁciscitur,
2503 3875 2874 3945 pecuniaque
2896 3875 3223 3942 ordinatos,
3259 3881 3314 3931 et
3339 3876 3566 3931 crimen

1909 3965 2123 4031 fassos,
2151 3979 2255 4018 sex
2288 3979 2560 4022 numero.
2618 3963 2854 4019 sedibus
2912 3963 3238 4021 submovit.
3294 3964 3563 4020 Totidem

1908 4053 2057 4110 alios
2082 4053 2142 4107 in
2168 4067 2239 4107 ea
2290 4052 2415 4122 ipsa
2447 4052 2586 4107 Asia
2624 4051 2704 4107 ob
2750 4052 2909 4108 idem
2956 4052 3177 4108 crimen
3208 4053 3565 4124 episcopatu

1908 4141 2148 4213 expulit.
2185 4142 2248 4196 ln
2276 4139 2553 4196 Antonini
2577 4157 2719 4196 vero
2749 4140 2950 4196 locum
2969 4140 3340 4197 Heraclidem
3367 4141 3567 4198 diaco-

1904 4249 2050 4288 num
2086 4247 2266 4286 suum
2296 4229 2545 4295 suffecit,
2571 4229 2727 4285 unde
2759 4234 2813 4286 et
2851 4230 3064 4286 seditio
3095 4235 3302 4286 exorta
3333 4230 3564 4286 est.Pro

1907 4322 2207 4378 submotis
2237 4320 2378 4375 item
2404 4319 2515 4374 illis
2537 4319 2940 4390 aliis,pietate,
2967 4320 3314 4391 cmterisque
3347 4320 3566 4375 virtuti-

1903 4414 2020 4469 bus
2066 4412 2244 4480 longe
2276 4409 2546 4464 meliores
2576 4409 2893 4480 episcopos
2926 4409 3162 4464 creavit.
3215 4409 3326 4474 Qui
3356 4414 3564 4465 tamen

175 4513 410 4561 omnes,
435 4499 620 4570 pulso
650 4503 784 4569 post
822 4499 883 4553 in
913 4498 1185 4554 exsilium
1219 4497 1663 4570 Chrysostomo,
1694 4505 2044 4578 episcopatu
2065 4499 2279 4573 privati
2311 4503 2469 4568 sunt,
2493 4498 2831 4569 receptique
2858 4497 2982 4552 suis
3013 4513 3254 4553 rursum
3289 4497 3560 4563 sedibus,

180 4589 281 4658 qui
316 4588 551 4657 judicio
573 4587 744 4655 ejecti
777 4591 967 4643 erant.

251 4676 370 4729 Ὀτι
428 4675 737 4748 Σεϐηριανὸς
807 4679 833 4727 ό
891 4674 1132 4728 Γαϐάλων
1181 4679 1359 4748 μαθὼν
1415 4677 1685 4751 Ἀντίοχον
1742 4679 1788 4732 ἐν

1972 4678 2329 4735 Severianus
2362 4677 2439 4747 (t)
2479 4675 2734 4748 quidam
2793 4673 3152 4731 Gabalorum
3207 4673 3556 4747 episcopus,

187 4765 723 4818 Κωνσταντινουπόλει
774 4769 1165 4839 παραγεγονότα
1210 4771 1299 4818 καὶ
1346 4765 1477 4838 [260
1534 4768 1620 4839 3.]
1652 4775 1790 4841 χρή-

1899 4769 2134 4839 cognito
2166 4765 2523 4823 Antiochum
2569 4763 3147 4836 Constantinopolim
3191 4762 3419 4819 venisse
3453 4762 3554 4836 (Ξ),

1535 4883 1769 4940 VARle
1811 4883 2187 4941 LECTIONES
2203 4925 2216 4938 .

259 5006 300 5037 ⁶¹⁵
363 5004 500 5060 libri

189 5080 282 5126 ,τὶν
309 5078 378 5132 Α.
458 5077 502 5110 ⁷¹
531 5080 792 5149 χρήματα
818 5094 870 5140 ς’.

555 5002 808 5075 μελὴσας.
894 5003 940 5036 ⁸⁷
994 5005 1050 5054 τὸ
1123 5003 1387 5056 κελϐισνόν
1444 5009 1508 5060 Α.
1589 5007 1634 5039 ⁸⁸
1693 5003 2259 5065 Οὖαλεντιανουπόλεως
2310 5025 2362 5067 ς.
2443 5005 2488 5038 5°
2546 5003 2820 5055 Ἀντωνίου
2872 5024 2926 5066 ς’.
3004 5003 3054 5040 ’³ο
3101 5007 3278 5055 τόπιον
3337 4985 3457 5071 (ξς,
3494 5005 3553 5054 τὸ

951 5075 992 5113 τι
1017 5079 1158 5132 ante
1184 5079 1251 5137 ὡς
1293 5092 1430 5132 cum
1460 5078 1504 5131 A
1531 5077 1711 5133 omisi
1740 5075 1818 5131 δέ.

1751 5195 1796 5246 Ν
1803 5193 1959 5249 ΟΤᾸΕ
1972 5237 1983 5248 .

255 5317 364 5388 (96)
382 5317 675 5390 Ἀντίφωνα
713 5316 994 5392 describit
1017 5317 1256 5392 Niceph.
1284 5341 1303 5366 ι
1333 5318 1629 5392 Carmina,
1654 5336 1788 5392 quin

192 5386 420 5444 alternis
441 5386 546 5461 per
564 5389 1019 5461 responsionem
1041 5386 1455 5445 concinuntur.
1484 5412 1504 5438 ι
1537 5386 1787 5448 νὶιίοἰοο

193 5461 300 5514 tum
327 5477 455 5530 cap.
491 5466 544 5516 8.

253 5534 354 5594 (97:
387 5533 467 5588 De
488 5533 708 5604 Gaina,
738 5529 868 5599 lege
900 5530 1138 5604 Niceph.
1172 5548 1303 5604 cap.
1345 5537 1376 5587 5
1417 5535 1473 5588 et
1501 5535 1561 5589 6.

250 5604 352 5674 ('98)
381 5606 493 5671 Qui
519 5603 709 5675 apud
741 5602 1053 5675 Nicephor.
1104 5602 1256 5674 cap.
1299 5609 1352 5672 9,
1381 5609 1437 5660 et
1470 5605 1653 5662 semel
1684 5605 1784 5662 hic

183 5688 284 5733 non
309 5673 458 5734 recte
491 5673 792 5732 Antonius
825 5673 1178 5746 appellatur.

1995 5322 2084 5391 99)
2115 5321 2252 5391 Qua
2276 5317 2434 5391 leges
2452 5316 2614 5391 apud
2643 5315 2876 5391 Pallad.
2905 5321 2958 5371 et
2980 5319 3263 5389 Metaphr.

2002 5387 2455 5464 l)'Ptolemai_dis
2486 5387 2669 5459 Syriae
2719 5387 2981 5464 episcop.
3017 5387 3263 5464 ljic‘eph.

1991 5458 2044 5530 ‘2)
2076 5461 2316 5531 Niceph.
2352 5460 2480 5514 ilth
2511 5458 2643 5530 Cap.
2673 5463 2722 5523 5,
2754 5458 2866 5531 sub
2893 5459 2992 5514 lin.
3023 5458 3220 5518 Habes
3246 5467 3447 5518 autem
3471 5476 3544 5515 ex

1893 5529 2162 5605 hocipso
2184 5529 2477 5605 producta
2514 5529 2852 5605 testimonia
2896 5532 3054 5605 apud
3081 5533 3448 5605 _Theodoret.
3482 5533 3542 5586 in

1893 5600 2202 5672 Ενανὶἱειαζ
2236 5603 2645 5674 meminitque.
2680 5600 3031 5658 Gennad.in
3061 5603 3255 5663 Catal.
3295 5620 3427 5676 cap.
3451 5609 3540 5672 21,
