4036 6214
532 290 631 345 351

1763 286 2001 343 ΡΗΟΤΙΙ
2044 287 2189 341 ΡΑΤη

2300 287 2525 345 ιΒΟΗᾺΕ
2565 290 2672 345 CP.
3723 296 3807 349 3‘52

531 420 710 486 atque
734 429 832 484 per
852 412 1087 469 dicendi
1118 412 1370 483 gratiam
1389 428 1514 467 rem
1542 411 1780 467 auxisse
1799 410 2173 477 familiarem,

2300 432 2427 465 κατα
2468 410 2559 465 διὰ
2591 418 2682 471 την
2731 414 3003 487 ῥητορείαν
3056 415 3209 466 αὑτοῦ
3271 413 3612 486 συλλεξάμενον
3638 436 3715 467 και
3742 416 3817 467 αὐ-

528 503 741 559 eodem
769 508 825 557 et
864 504 987 572 ipse
1019 502 1291 557 accessit.
1324 501 1467 557 Huic
1500 500 1675 570 igitur
1703 502 1963 555 Joannes
1994 500 2177 572 Ephe-

530 608 662 647 sum
696 590 1098 662 proficiscens,
1128 606 1289 654 suas,
1323 590 1470 645 dum
1520 590 1777 660 abesset,
1820 589 2076 645 docendi
2118 590 2178 644 in

531 681 788 736 Ecclesia
818 680 972 735 vices
1002 678 1469 735 commendavit.
1496 678 1636 734 Hinc
1660 695 1802 749 ergo
1834 679 2179 751 imperatori

535 770 883 827 Severianus
913 768 1314 840 omnibusque
1345 768 1496 824 adeo
1514 768 1791 825 innotuit.

604 860 645 913 A
675 857 1821 929 Callitropa(3),pronauclericujusdam
1858 858 2184 925 vidua,ini-

532 964 667 1019 qua
699 947 1092 1016 exigebantur
1108 946 1659 1004 multa.Paulacius
1688 963 1827 1002 vero
1849 948 1959 1017 81
1984 947 2185 1003 bAlex-

538 1036 764 1091 andria
795 1034 1139 1105 Augustalis
1167 1035 1257 1089 his
1296 1033 1724 1106 exprimendis,
1750 1050 1885 1105 qua
1912 1048 2185 1087 nummo-

532 1142 663 1181 rum
678 1126 1140 1197 quingentorum
1156 1140 1461 1179 summam
1488 1123 2185 1187 conﬁciebant,miseram

535 1215 869 1271 exercebat.
891 1214 1164 1284 Confugit
1180 1214 1309 1269 hac
1323 1212 1399 1270 ad
1416 1215 1768 1282 Augustam,
1784 1229 1918 1284 qua
1936 1212 2189 1267 aPaula-

537 1305 625 1359 cio
654 1305 780 1358 auri
816 1302 994 1358 libras
1024 1306 1266 1357 centum
1293 1302 1491 1358 multa
1510 1302 1753 1357 nomine
1771 1302 1963 1370 exegit
1984 1319 1993 1354 :
2012 1300 2186 1373 equi-

536 1393 650 1447 bus
683 1398 881 1447 tamen
936 1392 1147 1448 misere
1179 1392 1315 1447 huic
1373 1391 1605 1447 afﬂicta
1668 1390 2031 1446 muliercula
2082 1406 2184 1445 sex

536 1486 766 1537 tantum
798 1487 855 1537 et
902 1481 1138 1551 triginta
1190 1481 1423 1536 nummi
1481 1485 1806 1536 cesserunt.
1852 1480 1957 1535 Illa
2010 1480 2185 1551 igitur

535 1571 760 1626 velutin
776 1586 1158 1626 communem
1178 1571 1903 1641 tempestatejactatorum
1922 1574 2182 1641 portum,

537 1660 614 1715 ad
662 1674 954 1728 magnum
985 1676 1043 1714 se
1066 1660 1283 1731 recepit
1305 1660 1596 1715 Joannem
1651 1659 1790 1730 :qui
1824 1675 1962 1714 mox
1986 1659 2185 1713 dicam

2286 506 2373 563 τὸς
2433 507 2793 575 παραγίνεται,
2855 500 3128 555 διδάσκειν
3198 501 3255 557 δὲ
3307 505 3453 556 αὐτὸν
3508 503 3715 576 ἀπαίρων
3764 507 3819 564 εἰς

2288 598 2503 663 Ἔφεσον
2544 594 2568 643 6
2617 597 2779 663 μέγας
2834 593 3067 654 Ἰωάννης
3135 592 3237 645 ἀντ’
3301 594 3453 645 αὐτοῦ
3504 592 3573 644 ἐπ’
3638 594 3819 651 Ἐκκλη-

2292 686 2406 742 σίας
2436 684 2483 715 ⁷³
2541 681 2821 755 ἐπιτρέπει,
2877 682 2928 744 ἐξ
2975 683 3034 734 οὗ
3086 688 3167 734 καὶ
3218 690 3285 752 τῷ
3343 682 3543 754 βασιλεῖ
3582 688 3659 734 καὶ
3711 690 3820 735 πᾶσι

2290 776 2544 845 γνώριμος
2564 777 2781 843 γίνεται.

2361 860 2482 912 ”Οτι
2542 861 2863 935 Καλλιτρόπη
2915 862 2943 919 ἡ
2998 866 3150 934 χήρα
3203 867 3325 933 γυνή
3372 882 3496 921 τινος
3541 860 3821 932 προναυκλή-

2295 970 2386 1022 ρον
2438 951 2630 1022 ζημίας
2712 951 3077 1025 εἰσπράττεται
3152 951 3490 1024 παραλόγους,
3574 950 3825 1010 Πανλάκιος

2298 1037 2348 1092 δ’
2400 1037 2461 1097 ἦν
2525 1042 2549 1091 6
2591 1049 2679 1101 τῆς
2736 1037 3126 1115 Ἀλεξανδρείας
3176 1040 3543 1111 αὑγουστάλιος
3577 1042 3725 1098 όταῐς
3754 1040 3829 1099 ζη-

2296 1134 2439 1201 μίαις
2470 1129 2711 1202 ἐκτρίϐων
2763 1133 2818 1181 τὸ
2873 1134 3104 1201 γύναιον,
3153 1131 3223 1192 εἰς
3267 1135 3567 1182 πεντακόσια
3622 1126 3672 1181 δὲ
3704 1132 3828 1198 νομί-

2298 1238 2471 1290 σματα
2515 1218 2876 1290 ἐκεφαλαιοῦτο
2926 1221 2955 1277 ἡ
3010 1221 3193 1291 ζημία.
3245 1224 3340 1272 Καὶ
3396 1221 3681 1289 καταφεύγει
3722 1218 3827 1273 αὕτη

2295 1312 2425 1380 πρὸς
2475 1313 2569 1366 τὴν
2620 1308 2964 1381 βασίλισσαν,
3024 1316 3113 1362 καὶ
3164 1310 3454 1361 ἀπαιτέῐται
3508 1310 3530 1359 6
3589 1306 3833 1359 Ιῐανλάκιος

2294 1402 2526 1471 χρυσίου
2556 1397 2730 1469 λίτρας
2776 1398 2955 1450 ἑκατὸν
3025 1416 3035 1427 ·
3092 1403 3148 1450 τὸ
3205 1395 3262 1451 δὲ
3309 1397 3718 1469 ἐκτετρυχωμένον
3756 1398 3832 1465 γύ-

2294 1508 2456 1553 ναιον,
2538 1487 2784 1558 λαμϐάνει
2860 1494 2992 1560 μονα
3056 1488 3133 1553 λς’
3195 1493 3503 1560 νομίσματα.
3558 1490 3835 1560 Προστρέχιι

2296 1583 2465 1630 τοίνυν
2498 1587 2567 1648 τῷ
2652 1588 2805 1648 κοινῴ
2858 1587 2954 1629 τῶν
3011 1580 3401 1650 χειμαζομένων
3450 1577 3620 1649 λιμένι,
3675 1582 3735 1643 τῷ
3768 1593 3835 1645 με·

3293 1667 3447 1719 αὐτοῦ
3511 1668 3535 1716 6
3589 1664 3835 1721 Πανλάκιος

2296 1667 2437 1738 γάλῳ
2482 1668 2710 1739 Ἰωάννη.
2791 1667 3007 1737 ’Ἄγεται
3091 1668 3212 1740 παρ’

540 1749 813 1804 Paulacio
854 1748 1183 1820 scripsitde
1205 1748 1546 1820 quingentis
1587 1749 1780 1803 vidua
1810 1749 2007 1803 aureis
2061 1763 2189 1819 per—

2301 1756 2675 1828 ἀπαιτούμενος
2732 1759 2796 1807 τά
2852 1761 3167 1808 πεντακόσια
3210 1766 3305 1818 τῆς
3342 1761 3513 1829 χήρας
3564 1757 3836 1824 νομίσματα.

540 1837 860 1891 solvendis.
888 1837 1158 1892 Eudoxia
1186 1837 1325 1892 hinc
1356 1837 1721 1892 simultatem
1774 1853 1911 1891 cum
1960 1837 2189 1891 Joanne

539 1927 814 1996 suscepit,
856 1925 1112 1980 liberum
1143 1925 1358 1981 dimitti
1390 1925 1738 1981 Paulacium
1770 1931 2067 1995 satagens;
2096 1941 2193 1979 ne-

538 2031 654 2086 que
682 2021 883 2069 tamen
924 2015 973 2069 ei
1001 2030 1131 2069 mos
1176 2015 1417 2083 geritur,
1465 2014 1570 2069 sed
1596 2015 1757 2085 justa
1804 2015 2191 2069 nihilominus

539 2102 855 2174 postulans
884 2103 1075 2172 justus
1102 2102 1511 2173 prasul,quod
1524 2117 1629 2173 per
1652 2102 1818 2157 nefas
1837 2102 1928 2156 ille
1946 2103 2195 2157 retinue-

542 2197 649 2260 rat,
678 2192 893 2260 injuria
921 2191 1143 2246 atfecta
1190 2191 1422 2246 mulieri
1478 2191 1749 2246 restituit.
1775 2193 1901 2257 Qua
1931 2192 1991 2246 in
2042 2206 2102 2246 re
2142 2196 2198 2245 et

546 2280 899 2334 miraculum
927 2280 1657 2335 accidit.Extrahereenim
1682 2280 2026 2335 Paulacium
2050 2280 2197 2335 dum

543 2371 741 2424 studet
764 2370 1046 2433 Eudoxia,
1074 2369 1166 2424 vel
1194 2370 1374 2425 invito
1399 2369 1652 2437 Joanne,
1680 2386 1812 2425 ecce
1836 2370 1940 2425 tibi
1964 2371 2197 2425 hastam

543 2455 736 2512 ferens
768 2458 1016 2527 angelus
1050 2458 1350 2530 apparuit,
1391 2458 1493 2529 qui
1551 2459 1771 2515 missos
1825 2459 1902 2514 ab
1936 2464 2199 2531 Augusta

544 2546 824 2600 satellites
871 2553 1083 2601 terrore
1139 2546 1465 2617 percellens
1496 2547 1592 2617 (4),
1644 2563 1717 2602 ne
1772 2548 2063 2603 mandata
2118 2543 2194 2603 illi

542 2639 1054 2705 persequerentur,
1099 2635 1308 2691 effecit.
1361 2638 1445 2690 Ex
1468 2636 1563 2690 his
1607 2652 1748 2707 ergo
1780 2642 1957 2708 atque
1990 2637 2193 2692 simili-

541 2720 654 2776 bus
684 2722 1007 2794 [praclaris
1038 2723 1194 2778 beati
1238 2725 1481 2779 Joannis
1513 2724 1901 2796 facinoribus]
1941 2726 2190 2781 Aeacius

544 2811 854 2877 Berrhaa,
888 2812 1270 2883 Theophilus,
1327 2813 1669 2877 Antiochus,
1703 2817 1760 2868 et
1813 2815 2184 2882 Severianus,

2303 1851 2499 1898 Γίνεται
2547 1850 2671 1919 πρὸς
2713 1846 2868 1897 αὑτὸν
2931 1848 2959 1903 ἡ
3016 1843 3245 1908 Εὐδοξία
3276 1843 3346 1897 δι’
3397 1846 3603 1916 ἔχθρας,
3640 1841 3840 1899 ἀνεθῆναι

2301 1941 2385 1989 τὸν
2427 1936 2718 1988 Ιιαυλάκιον
2800 1933 3110 1987 σπεύδουσα
3168 1941 3259 1987 καὶ
3334 1935 3437 2005 οὐχ
3530 1935 3838 2001 ὑπακονομένη

2302 2027 2481 2098 Ὀμως
2523 2026 2819 2086 ἀπαιτήσας
2873 2028 2896 2077 6
2952 2023 3152 2085 δίκαιος
3210 2022 3407 2077 δίδωσι
3462 2026 3516 2074 τὸ
3544 2019 3754 2090 ἀδίκημα
3789 2025 3837 2089 τῇ

2306 2112 2621 2187 ἠδικημένη.
2670 2114 2750 2166 Ἐν
2922 2121 3011 2166 καὶ
3083 2118 3262 2186 θαῦμα
3310 2119 3503 2183 γίνεται
3543 2132 3554 2144 ·
3586 2109 3845 2161 ἀποσπάσαι

2305 2207 2405 2277 γὰρ
2435 2209 2623 2276 πέμπει
2661 2207 2707 2239 ⁷⁸
2736 2206 2764 2261 ἡ
2798 2202 3024 2266 Εὖδοξία
3086 2209 3169 2255 τὸν
3232 2202 3520 2256 Παυλάκιον
3569 2204 3649 2252 καὶ
3674 2200 3846 2255 ἄκοντος

2309 2295 2566 2357 Ἰωάννου,
2595 2295 2810 2365 ἄγγελος
2858 2291 2915 2347 δε
2968 2294 3298 2366 λογχοφόρος
3330 2298 3493 2366 φανεὶς
3539 2294 3621 2341 καὶ
3650 2288 3845 2359 φοϐήσας

2307 2388 2428 2444 τοὺς
2480 2383 2861 2444 ἀποσταλέντας
2917 2383 3209 2456 ἀπράκτους
3267 2383 3500 2441 ἐποίησεν
3582 2380 3644 2432 ⁷⁵.
3683 2376 3754 2429 Ἐκ
3798 2368 3844 2423 δὲ

2307 2478 2499 2526 τούτων
2538 2479 2627 2526 καὶ
2690 2478 2931 2526 τοιούτων
2990 2474 3233 2534 Ἀκάκιος
3286 2476 3311 2524 6
3346 2478 3544 2546 Βεροίας
3572 2471 3615 2503 ⁷⁶
3656 2470 3732 2517 καὶ
3754 2466 3847 2515 Θεο-

2308 2564 2448 2637 φίλος
2484 2569 2571 2616 καὶ
2625 2564 2903 2635 Ἀντίοχος
2964 2569 3052 2615 καὶ
3128 2562 3437 2637 Σέϐηριανός
3487 2554 3846 2628 συλλαμϐανομέ-

2304 2675 2391 2716 νης
2423 2651 2677 2715 Εὔδοξίας
2719 2659 2806 2704 καὶ
2860 2656 3363 2727 προκαταρχομένης
3412 2652 3711 2721 σκενωροῦσι
3737 2643 3772 2677 77
3799 2642 3845 2691 τὰ

2302 2747 2433 2796 κατὰ
2459 2747 2544 2795 τὸν
2594 2743 2852 2805 Ἰωάννην,
2922 2742 3116 2793 πολλῶν
3170 2748 3261 2792 καὶ
3314 2740 3472 2792 ἄλλων
3525 2735 3841 2803 συνεπομένων,

2300 2816 2389 2878 οὓς
2412 2816 2636 2885 ἐλέγχων
2663 2812 2852 2867 ἐλύπει.

542 2901 865 2971 adjuvante
898 2902 1156 2957 maxime
1181 2905 1362 2974 atque
1386 2907 1686 2973 praeunte
1718 2903 2003 2969 Eudoxia,
2037 2905 2318 2978 improba
2349 2906 2443 2961 illa
2498 2906 2557 2959 in
2616 2906 2908 2958 Joannem
2985 2902 3239 2957 consilia
3298 2900 3488 2957 moliri
3545 2893 3845 2967 caperunli

541 2990 873 3046 subsecutis
894 2991 1203 3046 confestim
1235 2997 1289 3047 et
1320 2990 1448 3048 aliis
1480 2991 1700 3057 multis,
1728 2992 1951 3064 quibus
1975 2993 2067 3049 ille
2100 2994 2747 3066 suisincrepationibus
2775 2994 3057 3047 molestus
3086 2992 3300 3047 fuerat.

611 3079 972 3151 Theophilus
1005 3083 1080 3150 (5)
1108 3082 1338 3136 Petrum
1367 3080 1737 3136 Alexandria
1777 3082 2189 3154 archipresby-

2370 3084 2487 3135 Ὅτι
2514 3082 2753 3154 Θεόφιλος
2797 3086 2987 3155 Πέτρον
3039 3084 3124 3133 τὸν
3155 3078 3665 3155 πρωτοπρεσϐύτερον
3716 3066 3851 3129 Ἀλεξ-

542 3174 734 3223 ternm
788 3169 902 3223 hoc
969 3170 1213 3224 nomine
1259 3171 1575 3235 accusavit,
1626 3170 1786 3242 quod
1858 3172 2189 3227 Manichaee

540 3257 768 3311 mulieri
796 3258 1214 3312 eucharistiam
1262 3258 1625 3313 tradidisset.
1655 3258 1760 3314 Hic
1791 3274 1928 3315 vero
1960 3275 2068 3331 pro
2100 3260 2189 3315 sui

537 3345 881 3400 defensione
907 3345 1208 3411 afferebat,
1243 3350 1298 3402 et
1328 3362 1681 3402 conversam
1725 3347 1889 3404 illam
1945 3364 2093 3413 esse,
2136 3354 2193 3405 et

538 3433 778 3488 nonnisi
804 3433 1114 3503 ejusjussu
1130 3434 1547 3505 mysteriorum
1574 3436 1924 3507 participem
1945 3437 2187 3493 factam.

540 3524 669 3587 Qua
700 3522 759 3576 in
775 3538 835 3576 re
864 3522 1002 3577 fidei
1029 3528 1236 3578 testem
1258 3523 1523 3579 laudavit
1548 3524 1846 3579 lsidorum
1878 3527 2191 3597 presbyte-

539 3627 693 3677 rum,
722 3610 966 3665 advenis
1021 3611 1394 3667 Alexandria
1430 3612 1789 3685 recipiendis
1820 3614 2187 3685 prafectum.

545 3700 642 3754 llic
674 3700 766 3754 ille
792 3704 898 3765 est,
928 3715 1110 3770 quem
1141 3701 1218 3756 ob
1242 3702 1519 3757 virtutem
1539 3701 1895 3774 Theophilus
1918 3709 2094 3760 antea
2112 3704 2189 3760 ad

543 3790 863 3844 Damasum
895 3788 1159 3854 miserat,
1192 3790 1415 3863 quique
1449 3791 1732 3847 Flaviano
1762 3794 1840 3862 (6)
1866 3792 2190 3849 amicitiam

540 3881 728 3934 Roma
776 3878 1243 3951 societatemque
1298 3879 1591 3946 attulerat,
1642 3896 1782 3936 cum
1831 3881 1958 3951 jam
1989 3882 2191 3938 vicesi-

544 3985 709 4023 mum
737 3984 961 4023 annum
997 3973 1245 4040 utraque
1261 3967 1609 4024 Ecclesiaab
1641 3971 1825 4025 altera
1852 3970 2187 4027 dissideret.

544 4057 1200 4129 llic,inqnam,lsidorus
1219 4059 1541 4112 secundum
1557 4059 1786 4113 Petrum
1805 4060 2190 4115 testimonium

540 4146 704 4201 dixit.
734 4146 927 4213 Quare
958 4146 1313 4218 Theophilus
1344 4148 1431 4201 ira
1479 4147 1783 4214 incensus,
1818 4148 2051 4204 Petrum
2097 4166 2194 4205 ex-

544 4235 764 4306 templo
800 4235 1056 4290 Ecclesia
1088 4234 1412 4300 submovit,
1446 4236 1507 4290 in
1538 4236 1833 4292 Isidorum
1856 4253 1995 4293 vero
2026 4238 2193 4293 illum

542 4323 967 4377 admirandum
996 4324 1367 4395 virum,quas
1398 4324 1783 4395 impudicitia
1810 4325 1988 4397 plena
2008 4326 2195 4383 ﬁnxe-

545 4416 635 4465 rat
665 4411 1185 4482 tabulas,protulit,
1210 4418 1265 4467 et
1294 4428 1546 4484 puerum
1579 4419 1989 4470 accusatorem
2009 4417 2193 4487 pretio

547 4500 916 4555 subornavit.
978 4500 1144 4564 Quod
1179 4500 1282 4555 ubi
1335 4500 1565 4556 facinus
1616 4502 2055 4574 deprehensum
2086 4510 2191 4574 est,

548 4590 741 4659 magis
768 4590 945 4645 etiam
976 4590 1291 4646 iracundia
1319 4589 1671 4661 Theophilus
1701 4592 2015 4647 excanduit
2046 4609 2057 4647 :
2085 4594 2194 4649 etsi

547 4680 647 4735 illa
670 4696 909 4751 quoque
941 4679 1051 4734 alia
1095 4696 1165 4733 ex
1197 4695 1384 4735 causa
1414 4695 1669 4736 accensa
1698 4684 1807 4735 est.
1852 4681 2002 4735 Mille
2034 4681 2193 4737 enim

545 4785 851 4832 nummos,
904 4784 1057 4839 quos
1112 4769 1393 4840 inopibus
1423 4768 1865 4825 distribuendos
1896 4770 2195 4827 Theodota

549 4857 854 4923 tribuerat,
886 4858 1147 4913 lsidorus
1177 4862 1488 4930 acceperat
1517 4863 1571 4914 et
1600 4858 2003 4924 distribuerat,
2049 4860 2193 4916 nihil

2303 3170 2544 3248 ἀνδρείας
2593 3172 2641 3223 έν
2688 3172 2829 3243 αἰτίᾳ
2896 3171 3113 3223 ἐποιεῖτο
3164 3173 3233 3232 ὡς
3297 3172 3507 3241 γυναικὶ
3555 3157 3851 3234 Μανιχοιίτξιἵε

2300 3271 2398 3313 τῶν
2426 3265 2731 3333 μυστηρίων
2790 3257 3083 3332 μεταδόντα
3107 3282 3117 3292 ·
3174 3262 3197 3311 6
3233 3257 3294 3312 δὲ
3328 3258 3611 3327 ἀπελογεῖτο
3647 3252 3756 3325 [143
3785 3244 3853 3315 Ηο]

2299 3355 2383 3402 καὶ
2442 3352 2837 3421 μετατεθεῖσθαι
2898 3350 3057 3407 αὐτὴν
3115 3355 3204 3401 καὶ
3280 3358 3341 3421 τῇ
3410 3346 3590 3399 ἐκείνου
3641 3342 3848 3407 ἐπιτροπῇ

2299 3448 2397 3490 τών
2449 3444 2752 3512 μυστηρίων
2799 3439 2958 3496 αὐτὴν
3019 3437 3266 3501 ἀξιῶσαι,
3324 3442 3413 3489 καὶ
3459 3440 3649 3508 παρῆγε
3690 3433 3767 3480 τοῦ
3789 3424 3853 3474 λ⁰’

2298 3547 2393 3599 you
2453 3530 2693 3601 μάρτυρα
2746 3525 3018 3602 Ἰσίδωρον
3061 3532 3145 3579 τὸν
3199 3526 3546 3599 πρεσϐύτερον
3576 3525 3656 3573 καὶ
3686 3510 3851 3579 ξενοδφ

2298 3636 2397 3689 χον
2424 3626 2518 3678 τῆς
2565 3614 2976 3689 Ἀλεξανδρείας.
3032 3618 3197 3677 Οὗτός
3251 3615 3390 3668 ἐστιν
3431 3616 3456 3666 6
3504 3612 3593 3665 διὰ
3621 3614 3700 3665 τὴν
3727 3620 3853 3656 σντον

2301 3706 2485 3780 ἀρετὴν
2558 3710 2699 3778 παρά
2752 3708 3001 3778 Θεοφίλου
3082 3705 3269 3776 [πάλαι
3350 3706 3418 3775 τ⁵³]
3484 3705 3601 3777 πρὸς
3656 3706 3853 3766 Δαμασον

3219 3794 3424 3867 Ῥώμης
3478 3788 3721 3855 Φλαϐιανῷ
3783 3782 3855 3834 τήν

2301 3881 2581 3955 ἀποδοχὴν
2612 3890 2700 3937 καὶ
2732 3890 2823 3943 τὴν
2883 3889 3009 3960 πρὸς
3068 3886 3219 3936 αὑτὸν
3266 3888 3560 3950 κοινωνίαν,
3611 3879 3684 3930 ἐπὶ
3724 3876 3853 3924 ἔτεσιν

2302 3977 2469 4025 εἴκοσι
2513 3970 2893 4047 διαφερομένων
2949 3982 3047 4025 τῶν
3098 3970 3195 4025 δύο
3237 3973 3558 4030 Ἐκκλησιὼν
3604 3968 3714 4039 πρὸς
3738 3959 3857 4012 αλλη·

2301 4062 2410 4122 λας.
2444 4062 2501 4114 Ὀ
2553 4059 2610 4114 δὲ
2685 4060 2958 4134 Ἰσίδωρος
3018 4062 3292 4137 ἐμαρτύρει
3369 4065 3563 4132 Πέτρῳ,
3613 4059 3691 4106 καὶ
3734 4049 3857 4118 ὠργί-

2304 4150 2476 4209 ζετοὸ
2533 4152 2801 4222 Θεόφιλος.
2862 4156 2961 4204 Καὶ
3037 4156 3121 4202 τὸν
3185 4154 3273 4222 μὲν
3342 4156 3531 4223 Πέτρον
3589 4144 3755 4197 αὐτίκα
3791 4142 3858 4191 τῆς

2303 4240 2616 4301 Ἐκκλησίας
2656 4237 2856 4305 διώκει,
2901 4243 3035 4291 κατά
3066 4237 3346 4313 Ἰσιδωρου
3382 4236 3441 4291 δὲ
3474 4244 3561 4289 τοῦ
3611 4230 3857 4313 θαυμασίου

2303 3795 2525 3861 σταλεὶς,
2579 3800 2667 3846 καὶ
2715 3800 2939 3867 κομίσας
3022 3794 3121 3846 ἀπὸ

3251 4306 3260 4313 ·
3786 4306 3831 4329 ,α

2303 4329 2511 4402 χάρτην
2559 4328 2827 4400 ἀσελγείας
2882 4330 3198 4400 συμπλάσας
3239 4328 3547 4403 προκομίζει
3601 4327 3683 4375 καὶ
3724 4326 3861 4369 παιυα

2304 4422 2593 4489 κατήγορον
2647 4422 2950 4490 μισθοῦται.
3008 4426 3107 4473 Καὶ
3176 4428 3268 4472 τοῦ
3322 4416 3586 4492 δράματος
3634 4406 3859 4480 ἑλεγχθεν·

2303 4526 2388 4567 τος
2444 4507 2514 4567 εἰς
2570 4508 2777 4559 πλείονα
2830 4514 3010 4560 κακίαν
3092 4508 3351 4560 ἐκκαίεται
3406 4510 3431 4559 6
3494 4500 3859 4575 Θεόφιλοςοῖνν“

2304 4605 2434 4655 ἧπτε
2468 4597 2514 4629 ⁸ο
2548 4592 2605 4648 δὲ
2637 4597 2794 4649 αὐτοῦ
2828 4602 2881 4649 τὸ
2906 4600 3087 4661 πάθος,
3131 4600 3212 4649 ὅτι
3236 4602 3498 4670 χρήματα
3527 4596 3565 4629 ⁸¹
3616 4587 3763 4641 λαϐὼν
3789 4598 3862 4652 με·

2304 4704 2403 4755 χρι
2435 4684 2620 4755 χιλίων
2652 4689 2984 4759 νομισμάτων
3034 4695 3263 4758 πτωχοῖς
3334 4683 3599 4755 διανεῖμαι
3637 4669 3859 4749 (Θεοδότη

2305 4771 2356 4825 δ’
2406 4770 2465 4831 ἦν
2498 4776 2526 4831 ἡ
2561 4778 2965 4849 παρασχομένη)
3019 4776 3152 4828 οὕτω
3201 4781 3290 4827 καὶ
3334 4774 3570 4836 ἐποίησε,
3596 4764 3745 4843 μηδεν
3771 4779 3864 4811 τονσ

2304 4882 2400 4914 των
2434 4864 2657 4936 Θεοφίλῳ
2718 4867 3179 4937 προσαναθέμενος.
3267 4867 3449 4935 Φεύγει
3514 4858 3597 4913 οὖν
3659 4853 3742 4908 διὰ
3792 4866 3866 4902 την

1888 4966 2120 5022 VARI/13
2162 4969 2557 5027 LECTlONES.

617 5100 663 5133 ⁷³
696 5097 1009 5155 Ἐκκλησίαν
1044 5119 1098 5160 ς.
1176 5098 1223 5131 ⁷⁸
1254 5102 1555 5169 πέμπειΑε
1593 5094 1809 5150 σπεύδει
1864 5119 1919 5163 ς’.
1995 5101 2043 5134 ’⁷⁵
2100 5100 2257 5154 ἐποίεε
2299 5125 2357 5167 ς.
2433 5106 2479 5139 ⁷⁶
2539 5104 2773 5171 Βερῥοίας
2824 5129 2877 5171 ς.

1896 5171 1943 5205 ⁸ο
1983 5182 2307 5233 συνανῆπται
2339 5196 2392 5239 ς.
2473 5179 2513 5211 ⁸¹
2554 5158 2640 5228 ὅτί

547 5171 922 5243 μανιχαίανΑ.
1005 5170 1049 5203 ⁷³
1088 5168 1246 5221 πάλαι
1278 5168 1398 5225 om.
1436 5173 1501 5235 Α,
1538 5168 1719 5225 habet
1759 5172 1820 5227 C.

2980 5109 3023 5141 ⁷⁷
3080 5114 3400 5182 σκαιωροῠσι
3465 5125 3529 5167 ς,
3612 5100 3655 5134 ⁷⁸
3683 5096 3873 5167 γυναῖκα

2473 5179 2513 5211 ⁸¹
2554 5179 2633 5228 ὅτι
2664 5184 2751 5230 καὶ
2782 5184 3037 5252 χρήματα
3076 5200 3128 5241 ς’.

2116 5316 2345 5373 NOT/E.

625 5472 702 5545 (73)
739 5472 855 5526 Hoc
884 5472 1126 5545 nomine
1148 5474 2043 5545 Theognostividua,dequahic
2072 5474 2197 5541 inf.,

555 5544 671 5617 sed
691 5549 895 5617 contra
923 5543 1169 5598 Palladii
1201 5550 1255 5599 et
1286 5546 1565 5617 Metaphr.
1602 5543 2037 5610 auctoritatem,
2062 5562 2198 5601 cum

553 5616 770 5686 quibus
794 5616 999 5668 Noster
1020 5630 1260 5686 quoque
1276 5616 1471 5672 sentit.

630 5686 706 5755 (4)
737 5685 896 5741 Duos
927 5685 1303 5742 centuriones
1332 5704 1469 5745 cum
1512 5688 1636 5744 suis
1669 5688 2008 5745 cohortibus
2039 5687 2206 5745 addit

2316 5464 2427 5517 Leo
2458 5466 2702 5533 August.
2730 5466 2785 5520 in
2826 5468 2955 5521 Vita
2990 5468 3058 5521 Β.
3090 5467 3392 5536 Chrysosl.

2386 5540 2461 5600 (ὃ)
2495 5538 2697 5593 Narrat
2736 5537 2865 5593 hac
2896 5534 3365 5608 Nicephohcap.
3390 5536 3423 5590 9
3453 5536 3511 5589 et
3544 5534 3624 5587 to.

2390 5608 2469 5677 (6)
2523 5610 2888 5666 Antiocheno
2914 5610 3284 5681 patriarcha.
