4036 6214
224 316 312 374 353
1367 304 1858 362 BIBLIOTHECA.
1901 335 1969 346 -
2009 302 2168 360 COD.
2211 302 2401 358 XCVI.

3446 304 3550 360 354

227 443 512 514 ἐπικειμένην
561 438 713 509 ὀργὴν
763 438 850 490 ἐπὶ
919 437 977 488 τὸ
1031 441 1120 495 τῆς
1186 437 1406 507 Νιτρίας
1453 435 1590 505 ὅρος,
1651 431 1699 484 ἐν

1917 455 2112 494 lorum
2129 437 2452 510 Theophilo
2469 437 2728 495 conscio.
2752 437 3003 493 Secessit
3020 437 3197 506 igitur
3217 436 3552 494 devitanda;

223 537 300 584 καὶ
330 534 438 602 πρὶν
481 527 664 597 κελλίῳ
711 525 978 597 ἡσύχαζε.
1019 531 1130 576 Τῶν
1179 519 1236 574 δὲ
1280 529 1370 582 τῆς
1397 521 1669 592 Αἰγύπτου
1702 538 1788 570 αο-

227 625 487 693 ναστηρίων
554 622 838 690 Διόσκορος
913 616 1134 686 ἡγοῦντο
1208 616 1297 663 καὶ
1350 611 1645 683 Ἀμμώνιος
1700 612 1790 659 καὶ

231 711 456 781 Εὐθύμιος
513 711 601 760 καὶ
659 704 904 764 Εὐσέϐιος
962 699 1192 774 ἀδελφοὶ,
1250 701 1340 762 ούς
1397 700 1498 753 ἀπὸ
1551 709 1646 760 τῆς
1701 704 1792 751 τοῦ

235 807 437 871 σώματος
467 793 776 870 ἀναδρομῆς
803 797 1050 865 Μακροὺς
1097 791 1328 845 ἐκάλουν.
1373 790 1559 848 Συνέϐη
1594 786 1653 842 δὲ
1680 793 1794 841 τότε

231 894 279 941 τὸ
323 892 442 940 κατὰ
495 896 596 939 τῶν
644 887 1178 958 Ἀνθρωπομορφιτῶν
1229 880 1513 954 ἐκραγῆναι
1575 879 1795 951 φιλονεί-

232 999 356 1050 κημα
391 980 454 1028 ⁸³.
507 982 609 1029 Καὶ
660 974 1050 1034 στασιαζόντων
1097 978 1198 1022 τῶν
1236 973 1373 1023 κατὰ
1415 974 1509 1028 τὴν
1537 973 1794 1040 Αἴγυπτον

229 1069 334 1142 [261
387 1069 472 1134 8.]
531 1072 802 1138 μοναχῶν,
856 1060 1206 1134 ἀγραμμάτων
1272 1064 1427 1111 ὄντων
1478 1063 1568 1111 καὶ
1620 1058 1798 1132 ἀγροί-

224 1178 314 1209 κων
358 1163 452 1207 τῶν
499 1153 719 1218 πολλῶν,
755 1153 780 1203 ό
829 1149 1100 1222 Θεόφιλος,
1137 1148 1245 1201 ἐπεὶ
1283 1147 1578 1206 ἐπέστησαν
1633 1147 1794 1218 αύτῷ,

222 1243 474 1307 δεδοικὼς,
510 1246 580 1304 ὡς
624 1239 816 1309 ἐδόκει,
871 1238 1299 1310 κατασοφίζεται,
1347 1241 1438 1290 καὶ
1485 1257 1613 1309 φησι
1666 1241 1796 1314 πρὸς

220 1336 386 1394 αὐτούς
433 1354 447 1366 ·
502 1329 657 1385 Εἶδον
734 1333 798 1382 τὸ.
873 1335 1133 1404 πρόσωπα
1203 1329 1344 1399 ὑμῶν
1397 1329 1462 1387 ὡς
1518 1332 1796 1400 πρόσωπον

220 1432 358 1479 Θεοῦ.
408 1431 518 1476 Τῶν
573 1419 632 1474 δε
683 1425 775 1472 καὶ
826 1419 1115 1493 Ὠριγένην,
1177 1420 1240 1478 ὡς
1283 1416 1690 1490 ἀσχημάτιστον
1739 1422 1796 1471 τὸ

223 1517 341 1567 θεῖον
409 1512 646 1583 λέγοντα,
719 1507 1201 1581 ἁναθεματισθῆναι
1273 1508 1797 1580 προσεπιζητούντων

215 1606 465 1674 ὑπέσχετο
500 1605 739 1657 ποιήσειν
787 1599 834 1633 ⁸³
866 1602 950 1649 καὶ
983 1603 1157 1660 τοῦτο,
1203 1601 1293 1648 καὶ
1339 1593 1551 1669 διέφυγε
1577 1601 1662 1649 τὸν
1705 1600 1796 1650 θά-

213 1711 369 1744 νατον.
443 1692 648 1749 Ταύτης
696 1685 1014 1760 δραξάμενος
1068 1687 1202 1737 κατὰ
1272 1694 1370 1737 τῶν
1440 1695 1651 1758 μακρῶν
1706 1693 1800 1746 τῆς

1896 527 2220 584 iracundiae
2253 528 2310 582 in
2343 532 2603 583 montem
2646 526 2858 596 Nitrim,
2899 527 3273 598 quietemque
3312 526 3460 582 inibi
3491 529 3554 583 in

1900 617 2072 672 solita
2101 616 2248 672 cella
2275 616 2548 688 quaesivit
2578 633 2588 670 :
2621 633 2757 671 cum
2785 631 2856 671 eo
2884 619 3144 686 tempore
3173 615 3556 672 monasterio-

1901 722 2022 762 rum
2056 721 2160 778 per
2186 708 2500 777 [Egyptum
2523 705 2785 778 praefecti
2815 709 3010 760 essent
3032 704 3366 769 Dioscorus,
3396 705 3557 774 82a

1901 795 2273 860 Ammonius,
2290 794 2721 866 Euthymius,et
2740 792 3029 849 Eusebius
3047 794 3313 863 germani
3329 793 3556 858 fratres,

1902 901 2054 957 quos
2083 900 2119 941 a
2144 899 2464 954 corporum
2505 883 2856 954 proceritate
2885 884 3107 953 Longos
3147 881 3555 954 appellabant.

1904 973 2191 1030 Gliscebat
2219 988 2290 1028 ea
2327 976 2678 1043 tempestate
2715 971 3014 1026 contentio
3054 987 3191 1026 cum
3231 971 3559 1042 Anthropo-

1905 1070 2220 1143 morphitis
2249 1067 2563 1124 haereticis.
2589 1069 2784 1124 Versis
2812 1073 3010 1124 autem
3037 1084 3108 1123 ex
3134 1084 3204 1122 eo
3227 1069 3284 1123 in
3306 1067 3558 1139 gseditio-

1904 1159 2402 1231 nem,turbasque
2428 1173 2534 1229 per
2559 1159 2880 1230 IEgyptum
2907 1156 3330 1212 concitantibus
3357 1172 3564 1212 mona-

1905 1249 2034 1306 chis
2067 1248 2294 1320 aliquot
2324 1247 2573 1303 indoctis
2599 1251 2657 1303 et
2683 1247 3041 1316 agrestibus,
3073 1245 3450 1318 TheOphilus,
3484 1245 3561 1301 ab

1903 1338 1996 1394 his
2025 1336 2473 1402 circumsessus,
2498 1351 2621 1408 prae
2649 1339 2829 1400 metu,
2847 1339 2909 1390 ut
2929 1339 3191 1407 apparet,
3212 1335 3313 1406 huj
3326 1335 3564 1390 usmodi

1906 1443 2008 1484 eos
2047 1426 2414 1498 sophismate
2443 1425 2662 1481 delusit
2693 1441 2706 1480 :
2738 1427 2828 1479 Sic
2858 1431 3103 1489 vestras,
3145 1424 3350 1495 inquit,
3381 1425 3562 1493 facies

1908 1517 2048 1582 vidi,
2095 1521 2159 1571 ut
2196 1516 2418 1585 faciem
2457 1513 2576 1570 Dei.
2617 1515 2688 1569 At
2725 1530 2864 1569 cum
2893 1513 2955 1568 hi
2996 1517 3281 1584 praeterea
3320 1513 3397 1568 ab
3427 1514 3562 1582 ipso

1906 1605 2290 1678 postularent,
2323 1608 2386 1659 ut
2411 1603 2691 1672 Origenes
2724 1618 2986 1674 quoque,
3021 1601 3184 1674 quod
3215 1601 3266 1655 is
3298 1601 3565 1658 humana

1910 1697 2094 1750 Deum
2120 1693 2316 1749 forma
2343 1707 2544 1748 carere
2566 1695 2873 1755 assereret,
2907 1691 3288 1746 anathemate
3315 1690 3568 1746 damna-

215 1784 509 1854 προφάσεως
566 1778 650 1849 (ού
694 1780 796 1852 γὰρ
847 1775 1114 1828 ἐϐούλοντο
1158 1777 1255 1840 ἔτι,
1318 1776 1492 1848 ὥσπερ
1527 1780 1795 1850 πρότερον,

1917 1789 2086 1849 retur;
2129 1782 2426 1838 facturum
2458 1797 2518 1836 se
2548 1781 2786 1851 recepit,
2827 1780 3030 1851 sicque
3062 1784 3317 1836 mortem
3346 1779 3570 1837 devita-

212 1871 340 1941 αὐτῷ
363 1865 774 1922 συνδιαιτᾶσθαι
806 1886 819 1898 ·
851 1865 996 1917 οὗτοι
1026 1861 1085 1917 δι
1113 1865 1171 1916 τὸ
1204 1866 1334 1917 θεῖον
1366 1863 1796 1937 ἀσχημάτιστον,

211 1965 273 2023 ὡς
326 1962 352 2011 6
403 1961 562 2034 ὀρθός
608 1956 782 2027 λόγος,
844 1953 1174 2029 ἐπρέσϐευον)
1247 1951 1515 2007 διαϐάλλει
1584 1958 1801 2018 τούτους

206 2054 324 2124 πρὸς
373 2052 494 2108 τούς
545 2050 593 2098 ἐν
635 2046 893 2118 Αἰγύπτῳ
937 2047 1218 2116 μοναχούς,
1265 2049 1355 2096 καὶ
1396 2052 1527 2097 κινεῖ
1562 2047 1678 2097 κατ’
1708 2047 1796 2098 αύο

207 2150 298 2193 τῶν
324 2145 380 2191 τό
409 2137 652 2209 ἀγελαῖον
699 2134 858 2188 ἐκεῖνο
904 2135 950 2168 ⁸⁸
978 2132 1193 2198 πλῆθος,
1227 2136 1302 2185 ἔτι
1334 2130 1392 2186 δὲ
1421 2140 1511 2187 καὶ
1540 2137 1676 2188 κατὰ
1711 2143 1799 2189 τοῦ

208 2231 575 2301 προειρημένου
629 2221 934 2297 Ἰσιδὼροῦ,
995 2219 1068 2274 δι’
1129 2221 1182 2273 ὃν
1256 2222 1446 2295 μᾶλλον
1515 2228 1605 2276 καὶ
1677 2228 1801 2299 πρὸς

209 2319 425 2379 ἐκείνους
469 2313 909 2386 ἐξυπεπολέμωτο.
968 2311 1120 2373 Τέλος
1175 2313 1306 2383 μετὰ
1378 2311 1568 2374 πολλὰς
1624 2319 1801 2366 κακώ-

212 2428 313 2468 σεις
365 2411 459 2458 καὶ
522 2403 816 2466 ἐπιϐουλὰς,
875 2407 965 2453 καὶ
1020 2401 1149 2472 μετὰ
1208 2403 1294 2453 τόν
1361 2400 1669 2477 ἐμπρησμὸν
1714 2407 1802 2456 τὸν

209 2498 446 2550 factafata:
500 2497 638 2546 κατὰ
689 2501 788 2544 τῶν
849 2490 1054 2543 κελλίων
1109 2489 1292 2554 αὐτῶν,
1351 2493 1626 2563 φεύγουσιν
1679 2492 1804 2546 ἐκεῖ·

211 2590 290 2640 θεν
343 2587 411 2646 εἰς
480 2579 1043 2637 Κωνσταντινούπολιν.
1111 2577 1170 2631 Ὀ
1245 2575 1304 2632 δι
1374 2583 1804 2652 συμπαθέστατος

210 2678 446 2734 Ἰωάννης
492 2669 819 2743 ὑποδέχεται
865 2673 956 2742 μὲν
1007 2672 1196 2732 αύτούς
1238 2675 1323 2723 καὶ
1374 2670 1538 2732 ἄλλως
1569 2671 1807 2746 φιλοφρο-

205 2775 377 2830 νεὶται,
449 2763 508 2815 ού
565 2757 896 2834 μεταδίδωσι
951 2757 1012 2812 δι
1070 2755 1164 2811 διὰ
1217 2759 1461 2832 Θεόφιλον
1516 2765 1804 2823 κοινωνίας.

202 2857 387 2928 Γράφει
443 2849 504 2904 δι
558 2851 700 2920 αύτῷ
747 2853 838 2901 καὶ
885 2847 1185 2914 ἐπιστολὴν,
1231 2852 1362 2922 πρὸς
1413 2850 1618 2922 εἰρήνην
1679 2868 1810 2922 συμ-

203 2944 428 3007 ϐιϐάζων
462 2961 476 2974 ·
506 2944 533 2992 6
585 2937 644 2992 δέ
688 2940 1096 3013 παρακρούεται.
1143 2935 1515 2991 Ἐπιδιδοῦσιν
1555 2940 1605 2992 οἱ
1635 2941 1682 2977 ⁸⁵
1714 2958 1811 3012 μοι..

204 3039 314 3107 χροὶ
364 3033 502 3083 κατὰ
548 3029 800 3101 Θεοφίλου
842 3026 1121 3090 λιϐἐλλους.
1166 3030 1337 3081 Πείθει
1376 3033 1466 3081 καὶ
1510 3028 1697 3090 ἐκεῖνος
1735 3045 1813 3081 τι·-

201 3143 284 3184 ut;
328 3120 449 3173 κατ’
499 3119 669 3172 αὐτῶν
717 3113 1019 3170 ἐπιδιδόναι
1059 3137 1074 3151 ·

206 3208 368 3283 μηνῗεν
420 3205 817 3269 ἀποδεικνύντες
865 3205 1312 3279 ἐφυλακίσθησαν,
1364 3211 1455 3259 καὶ
1493 3209 1809 3280 μαπιχθέν-

208 3320 285 3363 τις
327 3303 377 3335 ⁸⁸
438 3301 626 3359 ἱκανῶς
674 3299 723 3349 οἱ
765 3299 854 3368 μὲν
902 3303 962 3368 τῇ
1024 3295 1224 3368 φυλακῇ
1271 3298 1594 3366 ἐναπέθανον,
1653 3299 1702 3349 οἱ
1754 3294 1814 3350 δὲ

207 3396 297 3449 τὴν
350 3394 718 3463 Προκόννησον
768 3386 810 3419 ³⁷
873 3385 1028 3437 οἰκεῖν
1082 3385 1256 3461 ἐξορίᾳ
1324 3383 1810 3446 κατεδικάσθησαν.

205 3480 260 3532 Ὀ
306 3477 368 3532 δε
416 3479 666 3539 Ἰωάννης
716 3472 872 3533 δηλοῖ
913 3475 1144 3547 Θεοφίλῳ
1197 3481 1314 3548 περὶ
1360 3484 1460 3528 τῶν
1500 3475 1615 3529 κατ’
1654 3476 1814 3529 αὐτοῦ

205 3569 450 3622 λιεελλων
483 3589 494 3602 ·
533 3571 624 3618 καὶ
654 3567 842 3640 γράφει
882 3563 1128 3634 Θεόφιλος
1159 3563 1485 3639 ὀργιζόμενος
1532 3583 1544 3595 ·
1593 3588 1620 3616 ‹‹
1651 3563 1816 3638 Οἶμαι

203 3663 272 3730 μὲ
320 3656 533 3729 ἐεγνοεῐν
582 3674 639 3707 σε
687 3658 742 3706 τό
784 3650 1059 3725 διάταγμα
1096 3661 1194 3705 τῶν
1239 3652 1287 3706 ἐν
1330 3659 1527 3727 Νικαίᾳ
1569 3660 1812 3722 κανόνων,

205 3750 335 3808 ὅπως
391 3745 746 3804 θεσπίζουσιν
794 3741 1076 3795 ἐπίσκοπον
1119 3741 1248 3814 [ini-1
1294 3744 1383 3814 H.]
1434 3745 1703 3816 ὑπερόριον
1741 3749 1812 3817 μή

204 3843 398 3910 κρίνειν
463 3831 643 3889 δίκην.
708 3832 769 3886 Εἰ
823 3829 883 3884 δὲ
935 3830 1156 3903 ἀγνοεῖς,
1201 3835 1378 3904 μαθὼν
1432 3833 1679 3906 ἁπόσχου
1716 3843 1816 3887 τῶν

200 3927 322 3977 καθ’
375 3927 532 3996 ἡμῶν
587 3921 848 3974 λιϐἐλλων.
911 3944 939 3970 ››
995 3920 1152 3974 Ἀλλὰ
1195 3927 1310 3974 τότε
1378 3930 1546 3975 ταῦτα
1591 3924 1640 3959 ⁸⁸
1690 3925 1810 3996 γρά·

203 4036 308 4086 ἴων
360 4013 621 4086 Θεόφιλος
670 4013 716 4046 οε
762 4011 975 4085 ἦστερον
1029 4009 1184 4071 αὐτὸς
1232 4012 1502 4086 ὑπερόριον
1561 4016 1652 4071 τὴν
1705 4010 1820 4065 κατ’

207 4105 403 4154 ἐκείνου
450 4105 616 4176 ἔκρινε
666 4096 841 4158 δίκην.
895 4101 961 4152 Οἱ
1012 4095 1071 4150 δε
1111 4105 1338 4172 μοναχοὶ
1377 4110 1476 4154 τῶν
1522 4104 1658 4154 κατὰ
1696 4109 1820 4156 Θεο-

207 4191 361 4264 φίλου
413 4190 659 4243 λιόίλλων
726 4189 820 4242 οὐκ
878 4187 1182 4262 ἀφίσταντο,
1238 4195 1328 4242 καὶ
1383 4192 1613 4263 ὁρίζεται
1677 4194 1822 4267 παρὰ

199 4277 477 4351 βασιλέως
516 4277 765 4350 Θεόφιλος
817 4277 902 4329 ἐπὶ
951 4282 1043 4335 τὴν
1084 4275 1239 4336 δίκην
1285 4277 1462 4333 ἐλθεῖν.
1511 4279 1572 4332 '0
1603 4278 1662 4332 δε
1704 4283 1822 4354 φθό-

195 4391 277 4431 νος
319 4375 609 4445 κρατήσας
660 4366 743 4421 ἐπὶ
785 4371 880 4425 τὴν
929 4364 1084 4425 δίκην
1129 4367 1292 4427 αύτήν
1337 4370 1574 4423 Ἰωάννου
1615 4372 1822 4432 καθίζει

199 4464 546 4533 παραγεγονό
555 4477 636 4512 τα.

1907 1874 2007 1928 vit.
2043 1871 2160 1928 Hac
2189 1871 2369 1941 igitur
2393 1870 2486 1925 ille
2513 1873 2745 1940 arrepta
2769 1869 3079 1925 occasione
3106 1867 3394 1924 adversus
3422 1871 3569 1926 Lon-

1909 1978 2018 2033 gos
2061 1961 2268 2017 fratres
2307 1959 2432 2032 (qui
2471 1959 2599 2030 jam
2642 1958 3002 2014 recusabant
3040 1957 3262 2013 diutius
3307 1959 3434 2030 ejus
3486 1959 3571 2015 uti

1909 2049 2320 2117 contubernio,
2362 2047 2527 2120 quod
2573 2047 2713 2113 Deo,
2761 2051 2822 2102 ut
2864 2062 2959 2102 res
3001 2051 3110 2111 est,
3153 2047 3412 2103 formam
3442 2063 3572 2103 esse

1908 2140 2242 2196 humanam
2261 2136 2641 2194 tribuendam
2659 2136 2991 2208 negarent),
3015 2134 3179 2208 apud
3197 2136 3431 2207 Egypti
3449 2151 3576 2192 mo-

1911 2238 2154 2303 nachos,
2187 2251 2292 2308 per
2323 2234 2690 2291 calumniam
2719 2249 2821 2290 eos
2847 2233 3123 2303 traduxit,
3153 2239 3208 2291 et
3232 2235 3574 2307 imperitam

1910 2327 2076 2383 illam
2104 2324 2547 2380 multitudinem
2574 2339 2712 2379 cum
2740 2323 2800 2378 in
2827 2323 2956 2379 illos
2989 2323 3322 2393 concitavit,
3356 2328 3482 2378 tum
3514 2324 3574 2379 in

1912 2416 2225 2480 Isidorum,
2245 2429 2428 2486 quem
2449 2412 2714 2468 diximus
2743 2430 2755 2468 :
2782 2413 2956 2483 cujus
2977 2412 3157 2468 etiam
3177 2412 3418 2468 nomine
3436 2428 3575 2468 cum

1912 2504 2027 2561 illis
2064 2502 2346 2559 libentius
2393 2505 2615 2558 certare
2654 2505 2933 2572 cmperat.
2993 2503 3126 2556 Post
3171 2501 3392 2556 multas
3434 2516 3576 2570 ergo

1912 2592 2104 2650 illatas
2152 2590 2404 2661 injurias
2455 2594 2825 2661 structasque
2873 2589 3142 2654 insidias,
3194 2595 3332 2661 post
3374 2589 3579 2659 ignem

1913 2696 2157 2754 quoque
2186 2679 2472 2750 injectum
2505 2678 2772 2749 ipsorum
2799 2677 2979 2748 cellis,
3009 2676 3152 2747 fuga
3183 2677 3295 2732 sibi
3321 2677 3580 2748 denique

1917 2769 2312 2833 consulentes,
2335 2765 2915 2838 Constantinopolim
2935 2766 3197 2822 veniunt.
3214 2766 3299 2821 Ibi
3317 2765 3580 2822 Joannes

1918 2860 2014 2916 ille
2069 2856 2542 2928 benignissimus
2593 2856 2825 2927 excepit
2872 2855 3117 2928 quidem
3168 2854 3296 2909 illos
3345 2854 3577 2922 fratres,

1918 2947 2378 3018 humaniterque
2409 2944 2760 3016 complexus
2787 2949 2896 3010 est;
2929 2949 3164 3015 propter
3187 2942 3579 3015 Theophilum

1919 3042 2123 3095 tamen
2147 3036 2206 3092 in
2231 3034 2721 3091 communionem
2751 3032 2995 3088 minime
3023 3032 3281 3098 admisit,
3310 3032 3413 3087 sed
3441 3047 3582 3087 eum

1118 3116 1226 3168 ἀλλ’
1271 3117 1486 3193 ὕστερον
1530 3121 1620 3190 μεν
1668 3118 1807 3172 οὗτοι

1923 3142 2027 3198 per
2073 3123 2391 3198 epistolam
2421 3124 2498 3179 ad
2540 3121 2926 3179 concordiam
2966 3121 3258 3177 invitavit.
3311 3121 3406 3176 llle
3438 3120 3583 3176 nihil

1921 3215 2106 3272 audit.
2160 3213 2344 3283 Longi
2393 3211 2626 3268 interim
2670 3210 2880 3267 fratres
2923 3209 3322 3282 Theophilum
3365 3210 3583 3266 oblatis

1918 3304 2133 3361 libellis
2166 3301 2535 3359 accusabant
2565 3319 2578 3357 :
2614 3305 2668 3357 et
2699 3300 2887 3357 suasit
2914 3299 3012 3355 hic
3043 3299 3307 3355 vicissim
3339 3299 3586 3372 quibus-

1920 3394 2059 3449 dam
2087 3393 2188 3465 (7),
2219 3395 2281 3447 ut
2323 3390 2453 3447 illos
2492 3394 2825 3447 acusarent.
2870 3389 3134 3445 Tandem
3165 3405 3303 3445 cum
3344 3389 3494 3445 nihil
3523 3388 3586 3444 hi

1921 3481 2178 3554 probare
2221 3480 2504 3536 adversus
2551 3481 2786 3549 Longos
2827 3485 3096 3551 possent,
3138 3480 3198 3534 in
3249 3478 3588 3535 custodiam

1921 3570 2112 3634 missi,
2139 3569 2508 3642 ﬂagellisque
2541 3569 2798 3638 graviter
2823 3569 2979 3638 caesi,
3005 3569 3226 3639 partim
3253 3567 3313 3622 in
3337 3567 3587 3623 vinculis

1921 3660 2141 3717 mortui
2161 3665 2314 3724 sunt,
2337 3658 2555 3730 partim
2572 3657 2632 3712 in
2652 3657 2916 3712 insulam
2943 3659 3355 3711 Praeconesum
3380 3656 3590 3727 depor-

1923 3749 2033 3809 tari
2053 3747 2357 3820 jubeutur.
2388 3746 2651 3802 Joannes
2677 3746 2816 3801 hinc
2846 3744 3238 3815 Theophilum
3266 3744 3340 3798 de
3368 3743 3586 3800 oblatis

1923 3839 2213 3896 adversus
2239 3852 2379 3891 eum
2409 3834 2811 3891 accusationis
2842 3832 3053 3889 libellis
3083 3832 3397 3889 certiorem
3429 3831 3588 3890 facit.

1926 3926 2019 3982 Ad
2050 3941 2183 3997 quae
2214 3925 2330 3981 bile
2361 3939 2649 3980 accensus
2678 3923 2774 3978 ille
2807 3941 2819 3978 :
2858 3943 2880 3974 (ι
2907 3923 3189 3988 Arbitror,
3222 3921 3434 3994 inquit,
3471 3937 3593 3978 non

1929 4017 2203 4088 ignorare
2236 4017 2287 4069 te
2318 4011 2534 4069 Nicasni
2567 4010 2802 4067 concilii
2839 4027 3120 4075 canones,
3163 4010 3356 4082 iisque
3397 4009 3593 4081 prohi-

1927 4104 2072 4169 beri,
2098 4119 2169 4158 ne
2193 4103 2514 4175 episcopus
2539 4100 2610 4156 de
2635 4100 2967 4172 peregrino,
2994 4099 3356 4171 alteriusque
3379 4098 3595 4156 dioece-

1930 4194 2013 4250 sis
2037 4191 2330 4265 judicium
2371 4195 2661 4248 exerceat.
2707 4189 2764 4245 Si
2795 4189 3056 4260 ignoras,
3091 4189 3272 4255 disce,
3308 4193 3486 4260 atque
3516 4188 3594 4245 ab

1928 4281 2323 4340 accusationis
2368 4296 2517 4336 mea:
2557 4278 2770 4336 libellis
2823 4278 3133 4334 abstineto.
3174 4300 3194 4327 ι
3235 4278 3452 4334 Verum
3492 4278 3597 4350 qui

1928 4372 2050 4428 haec
2094 4374 2236 4426 tunc
2271 4368 2631 4442 Theophilus
2665 4367 2884 4440 sripsit,
2917 4371 3056 4440 post
3101 4367 3351 4440 ipsemet
3390 4367 3598 4423 alienae.

1933 4460 2206 4518 dioecesis
2246 4459 2409 4516 hunc
2438 4459 2639 4530 ipsum
2688 4459 3004 4521 Joannem,
3037 4472 3148 4512 suo
3175 4457 3408 4529 judicio
3452 4472 3600 4513 con-

202 4548 549 4605 demnavit.
596 4545 902 4602 Monachis
950 4545 1166 4603 deinde
1206 4547 1283 4603 ab
1327 4549 1660 4606 accusando
1705 4551 2026 4625 Theophilo
2083 4548 2332 4605 minime
2379 4547 2777 4614 cessantibus,
2836 4545 3092 4602 decrevit
3143 4546 3486 4618 imperator,
3539 4551 3602 4601 ut

205 4637 590 4710 Theophilus
624 4635 850 4706 judicio
881 4634 1200 4692 sisteretur.
1229 4637 1302 4691 At
1329 4637 1549 4693 invidia
1585 4638 1820 4697 interim
1852 4641 2105 4697 nimium
2148 4638 2548 4702 invalescens,
2583 4636 2753 4693 illum
2788 4636 3013 4708 ipsum,
3059 4634 3160 4690 ubi
3201 4635 3456 4700 advenit,
3498 4635 3602 4707 qui

211 4727 286 4782 de
315 4728 563 4784 Joanne
591 4724 952 4780 sententiam
977 4725 1170 4790 ferret,
1195 4725 1462 4796 judicem
1496 4729 1819 4786 constituit.

284 4816 415 4868 Ὀτι
485 4819 828 4886 Θοογνώστου
900 4813 1251 4885 συγκλητικοῦ
1322 4812 1664 4888 δημευθέντος
1737 4823 1828 4871 καὶ

216 4909 357 4957 κιτά
411 4909 509 4963 τὴν
561 4903 761 4978 ἐξορίαν
807 4903 1200 4964 τελευτήσαντος
1246 4905 1276 4961 ἡ
1322 4909 1452 4976 γυνὴ
1504 4908 1590 4958 τὸν
1631 4907 1830 4960 ὑπολει-

223 4995 412 5063 φθέντα
470 4997 519 5029 ⁸ο
577 4997 707 5066 σιτῇ
762 4990 921 5066 ἀγρὸν
975 4993 1074 5045 ὑπὸ
1120 5001 1214 5053 τῆς
1267 4991 1551 5066 βασιλίδος
1595 4993 1829 5071 ἀφαιρεῖ-

228 5097 328 5138 ται,
387 5083 446 5140 Ἡ
499 5080 556 5136 δι
602 5082 687 5136 ἐπὶ
735 5086 822 5136 τὸν
870 5090 970 5135 τῶν
1021 5090 1206 5155 χηρῶν
1257 5086 1566 5158 καταφεύγει
1622 5089 1832 5159 πρόμα-

2015 4816 2371 4888 Theognosti
2421 4814 2710 4872 senatoris
2765 4813 3078 4886 proscripti
3119 4817 3174 4870 et
3211 4814 3272 4870 in
3329 4813 3603 4870 exsilium

1939 4907 2161 4964 mortui
2205 4921 2355 4962 uxor
2384 4905 2484 4975 (8),
2521 4919 2734 4974 agrum
2775 4903 2889 4959 sibi
2919 4903 3076 4973 826
3107 4902 3375 4958 relictum
3416 4901 3604 4958 habe-

1939 4997 2062 5064 bat,
2089 5011 2272 5069 quem
2301 4992 2566 5050 Eudoxia
2595 4992 2789 5049 invitae
2819 4992 3049 5063 eripuit.
3078 4991 3184 5049 Illa
3212 4992 3387 5063 igitur
3418 4990 3494 5046 ad
3523 4990 3606 5045 vi-

1941 5085 2191 5142 duarum
2205 5085 2705 5158 prOpugnatorem
2721 5082 3014 5139 Joannem
3029 5095 3090 5137 se
3103 5079 3358 5153 recepit:
3380 5078 3484 5152 qui
3497 5094 3606 5151 pro

1586 5208 1821 5264 VARLE
1857 5207 2258 5265 LECTIONES.

886 5331 932 5365 ⁸³
965 5337 1185 5389 ποιῆσαι
1217 5351 1272 5396 ς’.
1385 5332 1432 5366 ⁸⁴
1464 5330 1652 5394 ἐκεῖνος
1676 5354 1736 5398 ς’.

1013 5405 1058 5438 ³9
1093 5407 1249 5475 Θεόφ.
1277 5404 1302 5455 ὁ
1337 5407 1495 5476 Θεόφ.
1530 5425 1588 5468 ς’.

297 5333 342 5367 ⁸³
365 5333 595 5404 φιλονίκει
601 5353 680 5406 μα
711 5353 767 5397 ς’.

232 5401 272 5435 ⁸³
307 5401 492 5478 tacita]
510 5401 644 5480 μετὰ
675 5404 845 5457 ταῦτα
878 5424 931 5466 ς.

1867 5332 1913 5367 ⁸⁵
1945 5331 2024 5403 οἱ]
2048 5327 2106 5384 δὲ
2138 5331 2185 5384 οἱ
2213 5353 2267 5396 ς’.

1669 5407 1718 5440 ⁹⁰
1761 5403 2124 5476 ύποληφθέντα
2157 5425 2214 5467 ς.

2381 5330 2428 5364 ⁸⁸
2454 5330 2866 5402 μαστιγωθέντες
2902 5349 2955 5393 ς’.
3071 5328 3117 5363 ⁸⁷
3153 5331 3508 5402 ΙΙροικόνησον
3551 5352 3604 5395 ς’.

1804 5511 2034 5568 NOT/E.

278 5642 360 5708 (ἵ)
397 5641 706 5700 Μοηοειιὶε
742 5654 812 5693 ex
844 5634 1068 5708 Pallad.

270 5707 354 5786 ('8)
374 5716 774 5787 Callitropam
800 5707 1380 5780 vocatNiceph.cap.
1415 5709 1493 5774 lli,
1521 5724 1642 5765 non
1657 5713 1833 5774 recte,

1947 5639 2009 5692 ut
2033 5631 2363 5692 indicatum
2395 5646 2554 5704 supr.
2584 5645 2724 5704 pag.
2751 5631 3012 5703 prteced.
