4036 6214
480 294 583 348 355

1692 294 1930 355 PHOTII
1973 294 2449 356 ΡΑΤΗΙΑΒΟΗᾸΞ
2488 293 2592 353 CP.

3747 299 3852 355 356

479 419 665 475 vidua
702 418 884 474 libere
925 413 1109 476 multa
1150 433 1456 491 perorans,
1498 421 1650 478 adeo
1689 421 1836 478 nihil
1873 423 2136 493 profecit,

2259 443 2379 493 χον.
2435 422 2494 473 Ὀ
2543 418 2601 473 δὲ
2662 418 2823 473 πολλὰ
2876 419 3367 496 παρρησιασάμενος
3417 423 3542 494 ὑπὲρ
3596 431 3692 485 τῆς
3749 431 3853 495 χή·

483 512 545 563 ut
576 509 755 564 etiam
788 509 1117 578 Augustam
1148 511 1206 563 in
1239 511 1330 565 sui
1359 510 1566 565 odium
1597 509 1923 565 concitarit.
1954 514 2145 576 Quare

483 597 838 653 mandatum
865 597 1044 667 dedit,
1067 603 1122 653 ut
1141 613 1274 653 cum
1302 597 1444 654 festo
1465 599 1561 654 die
1588 600 1968 656 Exaltationis
1988 602 2146 673 [san-

479 693 587 760 cire
629 686 868 758 crucis],
903 687 1003 758 qui
1035 687 1089 740 in
1125 687 1428 742 decimum
1469 694 1750 760 quartum
1794 690 2144 760 Septembris

478 759 708 837 incidit,
729 775 788 829 in
812 775 1098 846 templum
1123 775 1329 847 iniqua
1349 759 1690 847 imperatrix
1706 759 1953 834 ventura
1971 784 2139 843 esset,

475 868 661 934 portis
707 863 787 917 illi
836 863 1274 919 clauderentur.
1317 866 1637 921 Conﬁcitur
1678 868 1944 938 praesulis
1977 885 2142 924 man-

473 955 702 1016 datum,
726 958 783 1006 et
811 953 1038 1023 pudore
1065 955 1318 1020 suffusa,
1341 955 1549 1028 iraque
1575 956 1820 1012 incensa
1849 962 2137 1026 Augusta,

473 1041 720 1097 domum
751 1043 1024 1106 revertit;
1051 1043 1381 1114 exindeque
1407 1044 1533 1099 Ι]ωο
1581 1045 1769 1100 sancti
1802 1045 1908 1100 viri
1937 1061 1969 1100 e
2000 1047 2141 1102 sede

473 1130 908 1201 depulsionem,
945 1132 1236 1194 exsilium,
1269 1132 1507 1204 aliaque
1538 1133 1810 1198 adversa,
1842 1150 1972 1205 quae
1995 1135 2141 1189 indi-

473 1220 676 1287 gnatio
707 1220 1082 1288 suggerebat,
1127 1223 1457 1277 machinari
1485 1223 1681 1293 erepit.
1729 1228 1802 1278 At
1828 1239 1966 1279 vero
1993 1225 2139 1278 dum

475 1307 550 1362 ad
596 1308 881 1379 templum
932 1310 1030 1366 illa
1083 1326 1402 1381 progressa
1455 1311 1608 1366 fores
1664 1312 1775 1366 sibi
1833 1312 2140 1368 obseratas

475 1398 745 1463 oﬂendit,
777 1399 851 1453 de
876 1399 1158 1454 comitatu
1181 1402 1309 1470 ejus
1335 1400 1584 1472 quidam
1613 1400 1878 1470 gladium
1901 1403 1958 1456 in
1981 1403 2138 1457 clau-

473 1488 682 1543 dentes
711 1488 1023 1559 stringens,
1049 1506 1298 1544 manum
1327 1489 1441 1545 sibi
1470 1490 1664 1546 subito
1688 1492 1991 1546 exaruisse
2013 1507 2142 1547 sen‘

474 1577 569 1643 sit,
604 1577 714 1648 qui
755 1583 953 1632 tamen
997 1585 1134 1649 post
1173 1579 1361 1634 sancti
1398 1579 1506 1634 viri
1547 1579 1800 1649 genibus
1839 1580 2138 1648 accidens,

475 1666 796 1720 sanitatem
829 1667 1215 1738 recuperavit.

543 1848 796 1916 Magnus
829 1863 1072 1921 quoque
1113 1847 1475 1920 Epiphanius
1505 1848 1609 1918 (9),
1643 1863 1820 1918 quem
1857 1847 2141 1919 Theophi-

472 1936 563 1990 lus
604 1937 817 1992 callide
861 1938 1180 2009 deceptum
1212 1937 1272 1992 in
1309 1939 1603 1992 Joannem
1648 1938 1939 2005 incitarat,
1987 1937 2140 1993 Con-

473 2027 920 2097 stantinOpolim
967 2028 1230 2090 veniens,
1265 2025 1732 2082 ecclesiasticum
1771 2026 2140 2097 quibusdam

473 2115 594 2168 suis
617 2115 784 2170 factis
819 2116 1092 2170 ordinem
1122 2115 1398 2170 turbavit.
1426 2115 1756 2170 Diaconum
1788 2131 2051 2186 namque
2078 2116 2138 2170 in

477 2204 733 2272 Septimo
753 2205 856 2274 (sic
874 2205 1030 2259 enim
1049 2204 1215 2259 locus
1234 2204 1431 2275 templi
1450 2204 1642 2258 Sancti
1663 2204 1906 2259 Joannis
1931 2204 2139 2275 appel-

473 2290 648 2362 latur)
664 2298 871 2347 contra
884 2309 1168 2349 canonem
1183 2293 1829 2364 ordinarat,deindeque
1845 2292 1970 2347 sine
1985 2293 2141 2348 bona

476 2378 885 2451 Chrysostomi
929 2383 1100 2437 venia
1127 2397 1254 2437 rem
1281 2381 1548 2436 divinam
1581 2381 1816 2444 fecerat,
1851 2388 1907 2436 et
1937 2382 2142 2450 Orige-

472 2467 568 2522 nis
602 2468 826 2539 scripta
858 2469 936 2523 ab
968 2485 1038 2525 eo
1069 2469 1343 2524 damnari
1387 2469 1741 2540 postularat.
1777 2470 1970 2525 Refert
1998 2485 2139 2525 vero

473 2555 635 2610 hunc
666 2558 916 2628 scriptor
940 2563 1137 2613 noster
1169 2558 1349 2628 (quod
1377 2562 1435 2613 et
1464 2560 1524 2613 in
1553 2557 1865 2630 Epiphanii
1899 2558 2029 2613 Vita
2057 2558 2135 2613 le-

473 2643 674 2714 gitur),
711 2645 955 2700 minime
984 2650 1375 2711 consensisse,
1406 2651 1468 2701 ut
1493 2647 1858 2717 quibusdam
1894 2646 2136 2718 placuit,

473 2732 534 2786 in
561 2733 967 2804 Chrysostomi
990 2735 1424 2806 expulsionem,
1449 2735 1582 2790 licet
1607 2735 1684 2789 ab
1713 2736 1843 2806 ipsa
1868 2738 2138 2805 Augusta

475 2837 544 2876 eo
576 2823 937 2892 adigeretur.
979 2825 1239 2880 Meminit
1267 2825 1426 2880 idem
1457 2824 1531 2878 de
1563 2825 1962 2895 pronuntiatis
1995 2825 2138 2880 invi-

473 2926 605 2966 cem
635 2911 925 2967 vaticiniis
953 2913 1064 2984 (tO)
1097 2930 1108 2968 :
1137 2913 1360 2984 quibus
1382 2913 1834 2980 signiﬁcabatur
1857 2919 2136 2969 neutrum

471 3001 736 3070 ipsorum
768 3001 1037 3056 visurum
1069 3002 1390 3073 aliquando
1436 3003 1714 3056 thronum
1749 3019 1945 3057 suum.
1978 3003 2135 3058 Acci-

475 3090 561 3144 dit
595 3095 900 3160 prmterea,
937 3088 1292 3162 priusquam
1325 3091 1826 3146 condemnaretur
1854 3092 2132 3158 Joannes,

478 3185 538 3232 ut
568 3179 806 3247 cognito
836 3180 1137 3248 indignari
1169 3180 1278 3234 sibi
1321 3180 1671 3243 Eudoxiam,
1707 3179 1859 3234 bene
1889 3179 2132 3250 longam

473 3266 720 3322 haberet
749 3269 806 3322 in
841 3268 1033 3322 malas
1077 3268 1328 3324 feminas
1370 3269 1722 3324 orationem.
1773 3269 1934 3324 lianc
1966 3270 2135 3342 plebs

471 3357 725 3427 rapiens,
743 3357 800 3411 in
815 3359 1140 3428 Augustam
1159 3357 1607 3428 pronuntiatam
1625 3357 2132 3428 interpretabatur.

473 3447 599 3500 Mox
622 3445 798 3514 igitur
817 3452 877 3501 ut
893 3446 1252 3517 Theophilus
1278 3447 1855 3518 Constantinopolim
1879 3448 2131 3513 advenit,

473 3540 778 3604 apparatae
802 3536 860 3589 in
886 3549 1169 3604 magnam
1198 3535 1484 3590 athletam
1508 3537 1799 3590 Joannem
1830 3537 2136 3593 machina-

473 3623 663 3678 tiones
686 3625 1036 3695 procedunt.
1059 3625 1326 3696 Cumque
1349 3625 1586 3695 synodo
1608 3641 1942 3696 numquam
1961 3627 2134 3682 inter-

472 3712 696 3777 fuisset,
742 3712 1103 3784 Theophilus
1137 3719 1336 3769 tamen
1385 3729 1523 3768 cum
1567 3714 1689 3768 suis
1729 3714 2034 3769 decretum
2075 3715 2131 3770 iu

473 3818 610 3857 eum
661 3801 808 3872 tulit,
841 3801 1058 3858 frustra
1109 3803 1474 3858 inclamante
1508 3803 1657 3874 ipso,
1692 3819 1762 3858 ac
1794 3803 2030 3872 publice
2057 3809 2134 3860 te-

474 3889 784 3955 stiﬁcante,
813 3896 1086 3961 paratum
1118 3907 1267 3954 esse,
1301 3897 1355 3945 et
1374 3891 1451 3946 ad
1484 3892 1785 3964 synodum
1822 3892 2042 3958 venire,
2079 3898 2136 3948 et

473 3980 549 4034 ad
576 3978 810 4048 objecta
833 3979 1215 4051 respondere,
1243 3980 1424 4034 modo
1446 3980 1795 4036 manifestos
1822 3981 2007 4052 ipsius
2029 3981 2135 4036 ho-

471 4075 587 4124 stes
607 4067 858 4123 concilio
882 4067 1303 4123 subducerent.
1327 4071 1588 4124 Aderant
1610 4074 1736 4124 tum
1753 4069 1964 4124 Joanni
1987 4085 2133 4141 qua-

471 4158 750 4226 draginta
781 4156 976 4211 adhuc
998 4157 1284 4228 episcopi,
1311 4157 1595 4213 adversus
1615 4157 2008 4229 Theophilum
2032 4174 2133 4229 pa-

467 4249 578 4302 rati
612 4261 717 4316 pro
749 4245 882 4315 ipso
913 4260 1184 4316 pugnare
1215 4268 1225 4298 :
1255 4263 1404 4316 quos
1457 4247 1550 4301 ille
1582 4246 1962 4317 quiritantes,
1995 4263 2132 4302 cum

469 4334 746 4403 lacrymis
773 4333 1131 4389 obtestando
1157 4333 1426 4399 sedabat.
1457 4339 1634 4406 atque
1661 4335 2004 4390 hortabatur
2027 4338 2133 4391 Ec-

470 4423 682 4477 clesias
723 4436 794 4476 ne
833 4421 1256 4477 discinderem.
1318 4423 1466 4478 Sede
1504 4423 1586 4478 ita
1624 4422 1852 4493 pulsus,
1894 4424 1954 4478 in
2000 4425 2129 4480 Bos-

2256 531 2347 585 ρας
2395 507 2546 562 οὐδὲν
2623 511 2828 573 ἤνυσεν,
2889 512 3015 562 ἄλλα
3072 518 3160 564 καὶ
3212 516 3342 583 πρὸς
3401 513 3600 584 ἔχθραν
3653 512 3852 571 ἐκίνησε

2255 606 2349 657 τὴν
2409 597 2687 671 βασιλίδα.
2752 604 3083 667 Προστάσσει
3137 599 3195 653 δὲ
3253 611 3312 672 τῇ
3366 605 3533 676 ἡμέρᾳ
3580 611 3676 664 τῆς
3718 603 3854 673 ὑψώ-

2259 708 2383 750 σεως
2445 687 3018 761 (τεσσαρεσκαιδεκάτη
3079 689 3218 741 ἐστὶν
3286 691 3416 748 αὕτη
3491 693 3534 725 ⁹¹
3616 700 3707 742 τοῦ
3770 699 3850 743 Σεη

2255 777 2538 851 πτεαϐρίου
2601 782 2804 849 μηνὸς),
2856 775 3067 830 ἐπειδὰν
3122 782 3151 835 η
3206 775 3392 838 ἄδικος
3439 777 3650 851 βασιλὶς
3688 800 3855 852 προσ-

2254 870 2504 940 έρχεσθαι
2567 867 2721 939 μέλλῃ
2799 877 2858 938 τῇ
2944 867 3213 938 ἐκκλησίᾳ,
3273 868 3682 926 ἀποκλεισθήναι
3736 871 3853 922 κατ’

2252 957 2412 1016 αὐτῆς
2468 959 2556 1016 τὰς
2635 957 2815 1016 πύλας.
2883 962 2982 1009 Καὶ
3044 958 3331 1028 πληροῦται
3399 963 3456 1010 τὸ
3510 964 3851 1031 πρόσταγμα,

2253 1051 2339 1096 καὶ
2406 1052 2826 1117 κατησχυμμένη
2880 1051 2968 1096 καὶ
3027 1051 3438 1119 περιωργισμένη
3495 1045 3859 1118 ἀποπέμπεται

2252 1137 2281 1191 ἡ
2335 1132 2548 1205 βασιλίς
2581 1153 2592 1163 °
2627 1141 2713 1185 καὶ
2761 1132 2867 1192 ἤδη
2927 1137 2954 1192 η
3007 1139 3144 1187 κατὰ
3199 1144 3288 1187 τοῦ
3344 1137 3495 1205 ἁγίου
3547 1139 3856 1210 καθαίρεσις

2255 1232 2606 1295 συνεκροτεῖτο
2663 1225 2783 1297 παρ’
2838 1223 2998 1283 αὑτῆς
3064 1230 3151 1275 καὶ
3202 1228 3231 1282 η
3291 1225 3483 1296 ἐξορία,
3553 1231 3641 1277 καὶ
3705 1228 3750 1277 εἰ
3810 1245 3858 1276 τι

2251 1311 2372 1363 ἄλλο
2422 1309 2589 1363 δεινόν
2637 1314 2662 1363 6
2710 1315 2868 1382 θυμός
2913 1312 3200 1385 ἐπέτρεπεν.
3243 1313 3364 1365 Ὀτε
3397 1310 3454 1365 δὲ
3494 1322 3553 1384 τῇ
3603 1314 3862 1385 ἐκκλησία

2252 1410 2549 1472 προσιοῦσα
2600 1406 2690 1463 τας
2744 1403 2902 1461 πύλας
2959 1403 3072 1452 κατ’
3124 1403 3283 1462 αὐτῆς
3335 1401 3770 1464 ἁποκλεισϐείσας
3814 1406 3859 1438 θ’

2252 1488 2482 1557 ἐδέξατο,
2517 1499 2627 1543 τότε
2673 1511 2751 1552 τις
2795 1501 2892 1542 τὼν
2946 1495 3041 1541 σὺν
3073 1492 3202 1562 αὐτῇ
3253 1491 3388 1562 ξίφος
3427 1495 3562 1544 κατὰ
3595 1501 3691 1543 τὼν
3723 1492 3858 1545 ἁπο-

2251 1579 2519 1631 κλειοντων
2600 1580 2824 1640 ἐνέτεινε,
2915 1585 3004 1631 καὶ
3098 1580 3352 1652 ἐξηράνθη
3438 1586 3529 1638 τὴν
3611 1588 3778 1654 χεῖρα
3846 1621 3859 1632 .

2251 1671 2464 1741 ὕστερον
2511 1667 2569 1722 δὲ
2626 1676 2935 1744 προσπεσὼν
2989 1679 3061 1739 τῷ
3109 1672 3384 1741 θαυμασίῳ
3434 1672 3864 1742 Ἰωάννη.ὑγιης

2250 1765 2468 1831 γέγονεν.

2321 1848 2450 1920 [264
2491 1848 2593 1920 3.]
2629 1848 2748 1899 Ὀτι
2795 1850 2820 1898 6
2852 1849 3152 1919 Ἐπιφάνιος
3182 1850 3206 1898 6
3245 1852 3427 1920 μέγας,
3473 1849 3526 1900 ὃν
3557 1851 3584 1900 6
3610 1849 3865 1919 Θεόφιλος

2248 1942 2383 1989 κατα
2444 1939 2678 1988 Ἰωάννου
2740 1937 3053 2000 ἐξηπάτησε,
3135 1944 3542 2009 παραγενόμενος
3596 1938 3642 1988 ἐν
3721 1945 3864 1991 Κων-

2252 2025 2671 2077 σταντινουπόλει
2717 2025 2933 2088 ἀταξίας
2981 2025 3193 2082 ἐποίησε
3226 2043 3238 2055 ⁸
3276 2023 3516 2078 διάκονον
3547 2029 3649 2100 γὰρ
3691 2027 3738 2078 ἐν
3795 2037 3866 2096 τῷ

2248 2112 2454 2186 ἑϐδόμῳ
2503 2117 2549 2149 9³
2595 2115 2753 2185 (οὕτω
2797 2116 3029 2166 καλεῖται
3077 2117 3101 2166 6
3148 2116 3322 2184 τόπος)
3368 2124 3428 2186 τῇ
3468 2118 3515 2150 9"
3565 2125 3657 2166 τοῦ
3704 2116 3865 2185 ἁγίου

2250 2205 2484 2256 Ἰωάννου
2562 2202 2812 2274 ἐκκλησίᾳ
2880 2207 3022 2273 παρὰ
3084 2207 3170 2254 τόν
3223 2210 3411 2255 κανόνα
3469 2204 3860 2276 ἐχειροτόνησε,

2248 2298 2336 2343 καὶ
2379 2298 2548 2362 χωρὶς
2591 2300 2679 2351 τῆς
2713 2294 2758 2327 ⁸³⁵
2805 2301 2893 2343 τοῦ
2953 2298 3333 2366 Χρυσοστόμου
3362 2301 3574 2364 γνώμης
3609 2292 3866 2365 ἐλειτοὺρ-

2247 2401 2345 2453 γει,
2381 2387 2468 2432 καὶ
2501 2380 2684 2453 ἀπῄτει
2717 2385 2763 2417 "5
2805 2382 2957 2433 αὐτόν
3003 2385 3063 2433 τὰ
3113 2383 3411 2455 Ὠριγένους
3450 2381 3859 2454 ἀναθεματίσαι.

2250 2476 2379 2528 Φησὶ
2410 2467 2466 2522 δε
2497 2471 2652 2522 αὶτὸν
2685 2473 2708 2520 6
2759 2475 3090 2542 συγγραφεὺς
3137 2473 3333 2542 (ὥσπερ
3365 2476 3450 2522 καὶ
3481 2473 3505 2522 6
3540 2470 3654 2542 βίος
3695 2472 3864 2523 αὐτοῦ

2246 2561 2423 2632 λέγει),
2465 2566 2537 2632 μὴ
2591 2557 2996 2622 συνευδοκῆσαι,
3046 2562 3214 2620 καθὼς
3257 2561 3440 2634 ἑτέροις
3480 2557 3626 2622 ἔδοξε
3671 2561 3862 2631 λέγειν.

2247 2650 2330 2702 ἐπὶ
2387 2659 2448 2721 τῇ
2505 2656 2595 2702 τοῦ
2667 2656 3050 2720 Χρυσοστόμου
3122 2653 3442 2722 καθαιρέσει,
3518 2656 3694 2702 καίτοι
3767 2659 3862 2709 τῆς

2248 2736 2530 2810 βασιλίδος
2569 2739 2962 2809 ἐκϐιαζομένης.
3013 2740 3333 2809 Μνημονεύει
3365 2736 3415 2791 δ’
3459 2736 3546 2791 οὖν
3595 2742 3734 2810 ὅμως
3767 2747 3860 2790 καὶ

2246 2829 2396 2887 οὗτος
2452 2838 2550 2880 τὼν
2617 2827 2903 2899 ἀμοιϐαίων
2958 2827 3191 2887 ἀλληλοις
3244 2837 3589 2900 προφητειῶν,
3659 2828 3710 2879 ἐν
3781 2831 3864 2888 αἷς

2247 2913 2494 2973 ἐδηλοῦτο
2538 2914 2822 2987 μηδέτερον
2853 2920 2926 2967 ἔτι
2958 2918 3003 2950 97
3037 2920 3123 2968 τόν
3154 2916 3338 2967 οἰκεῖον
3383 2916 3606 2986 ἅψεσθαι
3650 2917 3858 2989 θρόνον.

2250 3010 2353 3075 ιιρό
2404 3002 2471 3062 δὴ
2527 3013 2617 3064 τῆς
2670 3006 2829 3056 αὐτοῦ
2903 3002 3199 3066 καταδίκης
3254 3007 3627 3076 πυνθανόμενος
3693 3005 3862 3079 ὀργᾴν

2245 3100 2337 3152 τὴν
2393 3090 2666 3157 Ευδοξίαν,
2723 3094 2874 3164 λόγον
2932 3091 3261 3166 διεξέρχεται
3316 3098 3514 3165 μακρὸν
3574 3097 3710 3146 κατὰ
3761 3115 3864 3164 γυο

2247 3192 2456 3246 ναικῶν,
2506 3189 2594 3234 καὶ
2647 3186 2703 3233 το
2753 3182 2946 3242 πλῆθος
3013 3185 3220 3253 ἡρπασε
3274 3188 3332 3234 τό
3382 3183 3536 3255 ῥηθὲν
3593 3181 3860 3253 ἐκλαμϐά-

2243 3292 2410 3332 νοντες
2471 3272 2542 3331 εἰς
2589 3277 2680 3328 την
2728 3268 3012 3342 βασιλίδα.
3081 3276 3179 3324 Καὶ
3239 3279 3330 3322 τοῦ
3381 3271 3630 3342 Θεοφίλου
3686 3291 3862 3344 παρα-

2243 3368 2513 3431 γεγονότος
2566 3359 2808 3433 ἁρτύεται
2857 3364 2922 3412 τὰ
2978 3364 3113 3412 κατά
3165 3369 3255 3412 τοῦ
3313 3361 3534 3432 μεγάλου
3597 3360 3855 3417 ἀθλητοῦ.

2248 3456 2344 3502 Καὶ
2393 3454 2463 3520 μὴ
2511 3451 2967 3519 παρουσιάσαντος
3013 3450 3172 3501 αὐτοῦ
3219 3458 3281 3521 τῇ
3321 3446 3524 3518 συνόδῳ
3555 3453 3642 3506 την
3678 3451 3860 3520 ψῆφον

2244 3541 2290 3591 οἱ
2330 3546 2446 3609 περὶ
2479 3539 2723 3609 Θεόφιλον
2771 3543 3012 3609 ἤνεγκαν,
3065 3544 3241 3591 καίτοι
3285 3536 3508 3610 βοῶντος
3548 3539 3708 3591 αὐτοῦ
3761 3546 3857 3590 καί

2245 3627 2724 3700 διαμαρτυρομένου
2785 3629 2983 3698 ἕτοιμον
3043 3631 3090 3663 9⁸
3143 3626 3272 3680 εἶναι
3324 3632 3414 3678 καὶ
3464 3630 3859 3701 παραγενέσθαι

2853 3736 2894 3768 ει
2953 3721 3075 3777 τοὺς

2241 3722 2330 3768 καὶ
2385 3716 2776 3786 ἀπολογεῖσθαι,
2853 3717 2894 3768 εἰ
2953 3721 3075 3777 τοὺς
3149 3725 3422 3788 προφανείς
3472 3715 3698 3788 ἐχθροὺς
3758 3725 3857 3768 τοῦ

2243 3802 2519 3878 συνεδρίου
2571 3805 2872 3862 ἐκστησωσι
2904 3807 2975 3859 9'.
3010 3813 3242 3863 Συνῆσαν
3297 3801 3355 3857 δὲ
3401 3805 3542 3874 αὐτῷ
3588 3807 3858 3875 τεσσαρά-

2844 3897 2855 3922 ¹
2911 3899 3001 3945 καὶ
3050 3902 3156 3955 τοῖς
3193 3899 3310 3965 περὶ
3364 3893 3608 3964 Θεόφιλον
3650 3892 3857 3963 ἀπεμάο

2241 3915 2394 3946 κοντα
2437 3894 2712 3946 ἐπίσκοποι
2761 3893 2807 3945 οἱ

2241 4003 2402 4055 χοντο
2432 4003 2443 4015 ·
2481 3985 2507 4034 6
2555 3980 2612 4034 δὲ
2663 3986 2876 4044 τούτους
2923 3987 3294 4053 ποτνιωμένους
3342 3985 3708 4054 παρεμυθεῖτο,
3762 3989 3854 4033 καί

2242 4078 2460 4145 παρῄνει
2525 4081 2616 4132 τῆς
2687 4073 2810 4142 [145
2884 4072 2973 4144 IL]
3036 4072 3353 4134 Ἐκκλησίας
3400 4078 3471 4143 μὴ
3536 4072 3853 4142 σχίζεσθαι.

2248 4163 2578 4235 Καθαιρεθεὶς
2654 4157 2712 4212 δε
2788 4160 3100 4233 ἐκπέμπεται
3158 4162 3225 4221 εἰς
3279 4166 3337 4214 τὸ
3409 4169 3500 4212 τοῦ
3580 4166 3854 4234 Βοσπόρου

2247 4250 2397 4324 ἱερόν.
2467 4254 2564 4302 Καὶ
2621 4258 2841 4320 σεισμοῦ
2898 4250 3145 4307 θεηλάτου
3220 4255 3492 4321 γενομένου
3544 4250 3698 4300 πάλιν
3769 4248 3858 4300 ἐπὶ

2243 4345 2336 4399 τὴν
2419 4339 2566 4391 πολιν
2646 4342 2950 4408 κατάγεται,
3009 4345 3097 4390 καὶ
3163 4342 3298 4390 άκων
3375 4339 3446 4400 εἰς
3528 4342 3614 4390 τὸν
3673 4340 3858 4410 θρόνον

2243 4428 2488 4499 ἀνάγεται
2541 4449 2551 4460 ο
2601 4429 2658 4478 ου
2708 4431 2808 4500 γὰρ
2867 4432 3083 4499 ἔφασκεν
3144 4429 3328 4480 ἐθέλειν
3371 4437 3460 4488 τῆς
3506 4436 3861 4498 ποιμαντικῆς

471 4511 600 4585 pori
644 4513 853 4566 Hieron
893 4511 1003 4581 (ll)
1046 4511 1374 4580 ablegatur.
1438 4515 1507 4566 At
1543 4527 1683 4566 cum
1724 4511 1939 4568 deinde
1979 4517 2135 4570 terra

2249 4518 2420 4590 ἀρχῆς
2471 4517 2810 4590 ἀπάρχεσθαι
2859 4523 2979 4589 πρὶν
3039 4517 3098 4568 ἂν
3153 4518 3223 4578 εἰς
3272 4518 3502 4579 ἐξέτασιν
3561 4516 3722 4568 αὐτοῦ
3765 4522 3862 4574 τήν

471 4601 750 4659 divinitus
781 4608 1192 4655 concuteretur
1217 4600 1377 4671 83a
1409 4601 1523 4670 (l2)
1554 4601 2134 4674 Constantinopolim

473 4690 684 4746 iterum
706 4690 1026 4752 reducitur,
1048 4689 1294 4760 sedique
1315 4689 1648 4746 restituitur
1667 4689 1906 4744 invitus.
1935 4690 2131 4747 Pasto-

2243 4604 2428 4659 οἱδικον
2476 4608 2790 4678 προτεθῆναι
2828 4612 3024 4678 κρίσιν.
3075 4613 3176 4665 Τῆς
3224 4603 3283 4657 δι
3335 4602 3593 4667 Εῦδοξίας
3642 4604 3751 4675 μετ’
3797 4605 3862 4657 οὗ

2244 4694 2401 4746 πολὺν
2445 4700 2635 4766 χρόνον
2681 4693 3114 4766 ἀναφλεχθείσης,
3159 4697 3240 4747 ὅτι
3283 4697 3502 4766 ἐπετίμα
3549 4694 3680 4766 αὐτῇ
3722 4697 3866 4766 μετὰ

1815 4842 2055 4898 VARI/E
2097 4846 2494 4904 LECTIONES.

543 4991 588 5025 ⁰¹
623 4989 753 5045 αὕτη
781 5003 901 5063 om.
937 4990 1000 5040 Α.
1072 5059 1085 5063 _
1116 5058 1128 5063 _
1152 4989 1198 5063 ’ξ
1231 4986 1603 5063 ἀποκλειούσας
1649 4992 1710 5038 Α.
1826 4985 2144 5063 ῌ⁹³νᾶκδόμῳ
2178 5011 2231 5063 ς.
2265 4995 2401 5060 post
2428 4991 2564 5044 οὕτω
2594 5005 2732 5046 cum
2779 4995 2825 5046 Λ
2872 4991 3046 5047 omisi
3071 4993 3196 5063 γάρ.
3243 5062 3250 5063 7
3344 4992 3392 5026 ⁸⁸
3426 4996 3523 5051 τῆς
3565 5021 3633 5029 -
3663 4988 3866 5062 ἐκκλης

475 5082 588 5122 σιας
611 5084 665 5125 ς.
816 5061 862 5094 9⁵
889 5068 981 5122 τῆς
1014 5058 1134 5115 add
1161 5061 1222 5113 A.
1341 5061 1388 5095 ⁸⁸
1414 5057 1630 5130 κὰτῄτει
1663 5079 1724 5123 ς’.
1823 5059 1868 5094 ⁸⁷
1911 5062 1985 5112 ἔτι
2012 5057 2302 5116 Α⁷;ἀῦτῶν
2334 5083 2389 5126 ς’.
2497 5064 2544 5098 9⁸
2576 5063 2787 5136 ἑτοίμου
2813 5079 2962 5120 corr.
2999 5057 3089 5117 Α.’
3145 5057 3208 5098 ’99
3234 5062 3567 5120 ἔκστησουσι
3601 5082 3656 5125 ς’.
3755 5064 3772 5097 ³
3808 5057 3862 5113 οἱ

473 5134 614 5189 add.
644 5138 710 5187 A.

2025 5258 2247 5314 ΝΟΤᾸΞ.

543 5400 617 5471 (6)
645 5398 884 5467 Niceph.
915 5399 999 5453 De
1022 5397 1380 5465 Epiphanio,
1414 5413 1546 5470 cap.
1578 5399 1663 5453 13.

541 5468 655 5540 (te)
699 5471 839 5534 Quae
879 5476 933 5523 et
972 5473 1336 5525 Sozomenus
1377 5468 1810 5525 commemorat
1848 5468 1948 5524 lib.
2006 5486 2122 5536 vm,

471 5541 834 5692 €381,319“
868 5615 1056 5692 πάθεα»
1091 5611 1266 5692 ιιιιειεί
1290 5627 1616 5692 ερονιφηῖιρε
1645 5612 1766 5692 sive
1797 5611 2029 5692 οειίιξνηέ
2054 5617 2130 5692 Ψ

473 5681 1282 5754 Cassiodeertit.Oppidum
1308 5684 1380 5750 ei,
1411 5684 1582 5741 statio
1609 5685 1852 5741 navium
1884 5685 1944 5740 ni
1974 5685 2127 5742 ostio

2235 5401 2402 5456 Ponti
2433 5401 2819 5474 Tiheodoreto,
2849 5402 2949 5458 lib.
2981 5419 3033 5469 v,
3054 5415 3185 5474 cap.
3216 5402 3283 5456 34
3313 5417 3325 5468 ;
3351 5405 3404 5457 et
3433 5401 3681 5474 Niceph.
3703 5417 3861 5473 cap-

2237 5474 2323 5528 16.
2363 5473 2523 5527 Unde

2237 5543 2528 5614 Bithyniae

2618 5473 2890 5538 rofectus,
2937 5480 2999 5530 ut
3045 5474 3263 5530 Pallad.
3297 5474 3395 5537 ait,
3431 5495 3456 5521 ‹‹
3496 5473 3726 5541 agellos
3777 5476 3874 5530 ad

2607 5553 2897 5602 raenetum
2921 5552 3196 5616 occupat.
3228 5567 3255 5596 »

2309 5614 2420 5686 (12)
2456 5618 2520 5671 Et
2548 5617 2763 5672 cubitis
2795 5635 2865 5673 ex
2906 5633 2977 5672 eo
3009 5614 3378 5687 imperatorii
3406 5631 3566 5687 pars,
3595 5617 3873 5671 corruis-

2239 5694 2344 5754 set,
2379 5691 2444 5743 ut
2473 5694 2560 5743 est
2595 5695 2806 5746 auctor
2845 5690 2958 5745 Leo
3007 5686 3224 5762 imper.
3255 5688 3314 5744 in
3372 5688 3502 5744 Vita
3536 5686 3866 5758 Chrysost.
