4036 6214
526 278 628 337 359
1785 276 2018 332 ΡΗΟΤΙΙ
2056 274 2543 332 PATRIARCHE
2583 275 2692 332 ΟΡ.
3776 281 3878 337 360

521 404 661 461 inde
692 403 991 460 sufﬁciunt
1020 402 1259 460 Victoris
1296 404 1404 468 (20)
1434 403 1655 460 tribuni
1683 404 2048 468 eunuchum,
2071 402 2172 459 ho-

2302 402 2537 457 ιαθείλον.
2594 409 2962 476 Χειροτονοῦσι
3010 400 3066 456 δὲ
3107 402 3221 455 ἀντὶ
3268 400 3609 476 Ἡρακλείδου
3661 406 3746 455 τὸν
3793 414 3883 457 τοῦ

521 494 747 549 minem
779 493 1195 549 foedissimum.
1225 492 1382 549 Alios
1412 494 1551 549 item
1580 493 1896 565 episcOpos
1924 507 2172 548 numero

2302 491 2557 564 τριϐούνου
2612 496 2855 565 Βίκτορος
2921 493 3192 564 εὐγοῦχον,
3256 488 3428 565 ἄνδρα
3501 494 3882 566 ὑπέραισχρον.

521 583 641 638 fere
664 582 873 651 viginti
891 587 1135 637 vexatos
1156 582 1397 637 sedibus
1417 582 1850 637 submoverunt
1875 582 1997 636 suis
2015 601 2029 649 ;
2044 596 2175 652 pre-

520 672 790 742 sbyteros
825 686 1066 742 quoque
1096 686 1165 726 ac
1211 670 1496 726 diaconos
1532 671 1841 743 plurimos,
1875 675 1935 726 et
1978 669 2178 742 plures

519 759 696 815 etiam
731 760 931 829 laicos,
956 764 1249 831 quotquot
1277 760 1491 816 Joanni
1530 759 1754 816 addicti
1800 775 1931 814 esse
1958 758 2181 813 defere-

518 847 770 914 bantur;
794 848 915 902 imo
935 848 1063 919 pias
1080 849 1257 903 etiam
1282 853 1605 913 matronas,
1627 864 1886 920 quarum
1905 847 2071 903 fama
2088 861 2179 902 ce.

516 937 706 993 lcbres
754 936 916 992 fuere
970 937 1279 1009 Olympias
1346 938 1452 998 (21)
1503 937 1804 1002 Pentadia,
1850 937 2058 993 Procla
2123 941 2180 992 et

522 1026 800 1099 Sylvana.

592 1114 969 1170 innocentius
990 1116 1224 1171 interim
1248 1116 1417 1170 urbis
1438 1116 1641 1171 Roma:
1665 1116 1986 1187 episcopus
2005 1114 2179 1171 valde

518 1219 626 1276 pro
657 1203 833 1259 beato
880 1206 1106 1260 Joanne
1136 1204 1244 1264 (22)
1286 1203 1601 1269 laboravit,
1634 1203 1744 1259 etsi
1775 1204 1994 1260 frustra
2033 1220 2181 1260 con-

520 1298 794 1364 sumptus
820 1292 991 1348 labor
1016 1298 1120 1348 est.
1156 1294 1300 1348 Misit
1328 1294 1487 1349 enim
1518 1294 1631 1349 hoc
1666 1294 1906 1348 nomine
1951 1293 2180 1365 apocri-

518 1382 748 1445 siarios,
784 1398 935 1453 quos
965 1382 1023 1437 hi
1064 1382 1490 1438 contumeliose
1529 1384 1903 1438 remiserunt.
1937 1383 2178 1439 Litteras

517 1472 658 1526 item
686 1471 941 1542 scripsit,
976 1471 1196 1543 quibus
1239 1478 1444 1527 tamen
1474 1470 1620 1527 nihil
1658 1488 1863 1528 eorum
1894 1487 2029 1544 qua:
2060 1478 2178 1527 stu-

518 1560 689 1615 diose
744 1561 1075 1615 conabatur
1118 1561 1391 1631 perfecit;
1440 1562 1537 1616 vix
1580 1566 1645 1617 ut
1696 1562 1944 1617 tandem
1997 1565 2172 1617 Arsa-

2302 1563 2431 1623 ιόλις
2483 1564 2723 1617 ἑντάσσει
2771 1564 2930 1617 αὐτοῦ
2970 1572 3077 1626 τοῖς
3120 1560 3404 1634 διπτύχοις
3442 1566 3501 1613 τό
3556 1566 3742 1634 ὄνομα.
3785 1567 3895 1614 Καὶ

517 1649 643 1703 cius
666 1653 769 1715 (23)
791 1649 1033 1703 Joannis
1052 1665 1273 1705 nomen
1294 1650 1353 1704 in
1380 1650 1667 1722 diptycha
1684 1651 1960 1705 retulerit.
1986 1653 2172 1705 Donec

2302 1653 2515 1725 ᾎΙρόκλος
2562 1650 2621 1706 δε
2663 1660 2837 1728 χρόνῳ
2889 1655 3099 1725 ὕστερον
3150 1652 3347 1723 εἰσάγει
3401 1652 3560 1703 αὐτοῦ
3617 1660 3680 1723 τῇ
3744 1651 3896 1703 πόλει

516 1738 753 1793 Proclus
796 1737 982 1793 multo
1012 1743 1149 1810 post
1187 1740 1315 1810 ejus
1346 1738 1407 1794 in
1454 1739 1666 1795 urbem
1693 1756 1911 1812 corpus
1962 1739 2172 1796 attulit.

2302 1741 2343 1794 τό
2368 1742 2626 1814 λείψανον.
2663 1747 2763 1797 Καὶ
2790 1750 2954 1795 ταῦτα
2978 1746 3066 1815 μὲν
3092 1738 3169 1794 ὧδ
3174 1761 3213 1795 ε.

518 1828 653 1882 Haec
679 1827 991 1882 hactenus.

589 1925 846 1995 Scriptor
873 1924 1003 1995 ipse
1035 1925 1280 1996 quidem
1310 1930 1522 1997 praeter
1543 1926 1800 1981 historias
1834 1926 2015 1981 ﬁdem
2043 1942 2177 1983 nar-

515 2030 683 2069 rasse
704 2013 984 2085 quaedam
1004 2014 1166 2068 visus
1184 2018 1290 2069 est.
1318 2017 1528 2069 Verum
1548 2015 1693 2087 quid
1716 2015 1990 2085 prohibet
2013 2015 2177 2071 utilia

522 2102 803 2158 lectorem
834 2102 1100 2172 seligere,
1137 2108 1350 2159 caetera
1380 2105 1724 2175 praeterire?

2291 586 2389 633 Kui
2437 581 2615 643 ἄλλους
2659 578 2718 634 δε
2766 581 3104 652 ἐπισκόπους,
3151 582 3307 653 ἐγγὺς
3359 589 3457 632 τῶν
3498 584 3515 616 ⁷
3564 585 3749 645 εἴκοσι,
3796 604 3886 636 xu-

2286 677 2543 733 χώσαντες
2600 670 2874 729 ἀπήλασαν
2937 677 3024 724 καὶ
3081 680 3177 723 τῶν
3227 670 3518 723 ἕπισκοπῶν
3569 674 3612 737 ⁸,
3663 672 3887 745 πρεσϐυ-

2288 766 2467 833 τέρους
2508 758 2566 813 δὲ
2597 766 2685 813 καὶ
2720 758 2989 821 διακόνους
3026 760 3262 829 πολλοὺς,
3302 766 3389 812 καὶ
3418 759 3629 821 λαίκοὺς
3661 761 3884 828 πλείους,

2288 852 2403 903 ὅσοι
2449 854 2793 923 προσκεῖσθαι
2842 849 2970 923 [146
3004 849 3093 922 Η.]
3150 849 3356 921 Ἰωάννη
3414 846 3763 901 διεϐάλλοντο·
3796 855 3889 902 καὶ

2286 946 2534 1010 γυναῖκας
2604 936 2663 991 δὲ
2711 948 2810 990 τῶν
2860 937 3107 1002 εὐλαϐῶν,
3158 938 3225 989 ὧν
3284 940 3336 990 αἱ
3384 936 3641 1010 ἐπίσημοι
3697 938 3888 1009 Ὀλυμ-

2288 1032 2408 1091 πιάς
2438 1035 2527 1082 καὶ
2555 1027 2815 1082 Πενταδία
2844 1033 2933 1081 καὶ
2963 1028 3167 1101 Πρόκλη
3200 1033 3289 1080 καὶ
3320 1027 3559 1085 Σιλϐανη.

2356 1119 2415 1170 Ὀ
2461 1115 2518 1171 δὲ
2567 1118 2768 1191 Ῥώμης
2826 1117 3122 1178 Ἰνοκέντιος
3153 1120 3173 1152 ⁸
3206 1116 3369 1170 πολλὰ
3414 1118 3540 1191 ὑπὲρ
3596 1124 3687 1168 τοῦ
3733 1118 3887 1187 ἁγίου

2288 1207 2605 1279 ἠγωνίσατο,
2640 1208 2684 1260 εἰ
2717 1213 2806 1260 καὶ
2839 1209 3097 1283 ἄπρακτος
3124 1207 3284 1260 αὐτοῦ
3323 1210 3524 1278 γέγονεν
3560 1208 3589 1263 ἡ
3649 1203 3889 1264 σπουδίγ

2287 1303 2377 1349 καὶ
2413 1300 2514 1372 γὰρ
2554 1302 2645 1349 καὶ
2684 1297 3114 1371 ἀποκρισιαρίους
3157 1296 3399 1369 ἔπεμψεν,
3434 1294 3559 1347 ἀλλὰ
3602 1300 3692 1347 καὶ
3737 1295 3895 1346 αὗτοὶ

2286 1395 2456 1446 κακῶς
2503 1386 2930 1459 ἀπεπέμφθησαν,
2988 1390 3074 1437 καὶ
3130 1388 3418 1459 γράμματα
3477 1386 3713 1457 ἔγραφεν,
3776 1382 3892 1433 ἀλλ’

2288 1471 2437 1527 οὐδὲν
2487 1476 2554 1527 ὧν
2607 1473 2854 1528 ἔσπευδεν
2904 1480 3071 1535 ἤνυεν.
3102 1473 3344 1549 ’Υστιρον
3394 1470 3453 1525 δὲ
3504 1476 3790 1547 Νεκτάριος
3848 1475 3894 1508 ¹⁰

2360 1928 2418 1980 Ὀ
2469 1926 2528 1982 δὲ
2574 1933 2902 2005 συγγραφεὺς
2953 1930 3101 1991 οὗτος
3151 1927 3243 1980 οὐκ
3285 1926 3432 1998 ὀλίγα
3471 1932 3704 1999 φαίνεται
3762 1948 3897 2002 παρ-

2293 2026 2529 2092 ιστορῶν·
2570 2017 2676 2071 ἀλλ’
2748 2016 2897 2071 οὐδὲν
2976 2017 3158 2070 κωλύει
3241 2020 3357 2077 τοῦς
3433 2014 3897 2087 ἀναγινώσκοντας

2289 2107 2641 2181 ἐκλεγομένους
2670 2112 2736 2161 τὰ
2764 2114 3033 2183 χρήσιμα,
3074 2109 3139 2159 τὰ
3167 2106 3322 2158 λοιπα
3353 2112 3609 2179 παρορᾷν.

1250 2210 1451 2265 XCVII.
3024 2214 3136 2270 c-Z’.

517 2298 811 2367 Phlegon!
820 2298 865 2352 is
886 2298 1055 2353 Trall
1063 2298 1187 2354 iani
1200 2261 1648 2369 Oli/mpicorum
1666 2306 1719 2356 et
1741 2300 2172 2358 Chronicorum

3025 2261 3136 2279 ς--.

2360 2304 2633 2376 Φλίγοντος
2690 2304 3005 2377 Τραλλιανοῦ
3067 2302 3436 2375 Ὀλυμπιακῶν
3495 2306 3585 2352 καὶ
3634 2309 3825 2373 Χρονι·

1196 2388 1487 2443 collectio.

2866 2402 2967 2445 κῶν
3001 2396 3275 2463 συναγωγή
3288 2434 3299 2446 .

592 2497 764 2550 Lecta
786 2493 930 2549 mihi
964 2493 1318 2564 Philegontis
1337 2494 1637 2559 Tralliani,
1657 2497 1783 2567 ejus
1809 2497 1913 2568 qui
1934 2497 2172 2554 Adriani

2359 2502 2682 2569 Ἀνεγνώσθη
2771 2501 3046 2569 Φλέγοντος
3117 2497 3452 2569 Τραλλιανοῦ,
3544 2495 3895 2569 ἀπελευθέρου

516 2584 761 2653 Augusti
783 2582 1027 2638 libertus
1052 2582 1180 2647 fuit,
1203 2584 1639 2653 Olympicorum
1669 2591 1721 2641 et
1749 2586 2174 2644 Chronic-orum

518 2671 1612 2744 Collectio.OpusinscribiturAlcibiadi
1630 2674 1879 2743 cuidam,
1908 2678 2008 2748 qui
2025 2694 2175 2733 unus

517 2777 548 2815 e
563 2761 827 2833 corporis
842 2760 1190 2817 custodibus
1209 2761 1447 2818 Adriani
1467 2763 1821 2833 imperatoris
1838 2765 2176 2839 fuit.Auspi-

516 2855 686 2907 catur
716 2866 855 2906 vero
888 2865 923 2904 a
954 2850 1147 2921 prima
1174 2850 1531 2922 Olympiade
1564 2852 1681 2923 (24)
1711 2870 1722 2905 :
1752 2854 1921 2925 quod
1949 2858 2170 2927 priora,

516 2945 578 2996 ut
598 2945 654 2996 et
686 2939 781 2995 alii
802 2938 919 2995 fere
945 2954 1155 2994 omnes
1181 2939 1502 3006 afﬁrmant,
1529 2941 1763 2997 nullum
1790 2943 2080 3001 hactenus
2105 2963 2172 3003 ac

2302 2955 2495 3019 κγωγῆς
2538 2946 2638 2999 ἀπὸ
2682 2955 2773 3007 τῆς
2820 2951 3025 3021 πρώτης
3076 2939 3449 3015 Ὀλυμπιάδος,
3484 2938 3627 2993 διότι
3669 2944 3735 2993 τὰ
3766 2948 3897 3015 πρὸ·

515 3033 791 3086 curatum
824 3043 1159 3098 verumque
1193 3029 1541 3100 scriptorem
1570 3030 1685 3085 sint
1717 3036 1911 3097 nacta;
1944 3034 2046 3089 sed
2076 3035 2172 3091 ali-

2302 3057 2426 3110 τερα,
2460 3039 2628 3097 καθὼς
2679 3040 2769 3088 καὶ
2825 3037 2872 3087 οἱ
2912 3035 3055 3087 ἀλλοι
3108 3029 3305 3105 σχεδόν
3361 3051 3411 3083 τι
3459 3033 3644 3091 πάντες
3708 3037 3897 3102 φασὶν,

516 3121 601 3172 ter
631 3115 765 3187 (25),
800 3119 979 3186 atque
1023 3114 1188 3170 aliter
1218 3132 1307 3186 ea,
1342 3118 1402 3173 in
1430 3134 1567 3189 quae
1601 3117 1743 3173 forte
1789 3120 2172 3180 inciderunt?

2302 3126 2380 3178 vix
2429 3129 2611 3199 ἔτυχεν
2641 3128 2683 3162 ¹¹
2738 3126 2837 3178 ὑπὸ
2882 3144 3017 3186 τινος
3069 3121 3311 3197 ἀκριϐοῦς
3360 3125 3448 3172 καὶ
3498 3120 3727 3181 ἀληθοῦς
3770 3119 3900 3172 ἀνα-

518 3208 716 3275 Neque
737 3204 886 3258 inter
911 3218 972 3257 se
995 3204 1411 3260 convenientia
1434 3206 1793 3278 scripserint,
1818 3208 1997 3265 etiam
2013 3210 2049 3266 ii
2074 3212 2172 3285 qui

2302 3224 2505 3289 γραφῆς,
2554 3214 2680 3267 ἀλλὰ
2722 3214 2841 3267 ἄλλο
2868 3234 2919 3266 τι
2945 3213 3094 3275 ἄλλος
3120 3214 3166 3247 ¹²
3197 3220 3295 3263 τῶν
3327 3209 3683 3281 ἐπιτυχόντων
3716 3215 3813 3261 καὶ
3839 3210 3897 3261 οὗ

515 3309 587 3348 ex
616 3292 729 3347 hac
759 3289 1073 3362 scriptione
1097 3291 1347 3360 gloriam
1378 3296 1768 3365 queesiissent.
1798 3297 2034 3355 Initium
2058 3301 2164 3371 igi-

2302 3312 2573 3377 τυμφώνως
2624 3304 2876 3379 ἔγραψαν,
2909 3305 3047 3363 ὅσοις
3089 3305 3178 3353 καὶ
3206 3299 3410 3373 γράψαι
3457 3298 3896 3371 πεφιλοτίμηται.

516 3387 609 3437 tur
634 3379 826 3451 operis
858 3394 892 3435 a
925 3379 1138 3450 prima,
1174 3382 1255 3437 uti
1288 3381 1572 3449 diximus,
1601 3385 1765 3441 ducit
1799 3386 2171 3460 Olympiade,

2302 3399 2388 3454 Γήν
2435 3398 2525 3467 μεν
2565 3392 2651 3447 οὖν
2705 3394 2879 3469 ἀρχὴν
2926 3401 3015 3445 τοῦ
3072 3392 3501 3465 συγγράμματος,
3536 3391 3714 3458 ὥσπερ
3768 3392 3894 3460 ἔφη’

2359 2502 2682 2573 Ἀνεγνώσθη
2771 2501 3046 2573 Φλέγοντος
3117 2497 3452 2573 Τραλλιανοῦ,

2287 2598 2378 2643 τοῦ
2457 2590 2836 2664 αὐτοκράτορος
2902 2587 3203 2663 Ἀδριανοῦ,
3289 2587 3717 2657 Ὀλυμπιανικῶν
3807 2592 3896 2637 xui

2288 2688 2550 2755 Χρονικῶν
2599 2686 2903 2751 Συναγωγή.
2964 2684 3263 2752 Προσφωνεί
3309 2680 3367 2727 το
3432 2678 3712 2747 σύνταγμα
3760 2680 3894 2749 πρός

2288 2766 2629 2826 Ἀλκιϐιάδην
2677 2772 2811 2834 τινὰ,
2871 2768 2926 2828 ὃς
2976 2768 3045 2827 εἷς
3098 2763 3158 2824 ἦν
3214 2773 3313 2817 τῶν
3377 2764 3448 2825 εἰς
3506 2769 3600 2822 τὴν
3656 2764 3896 2835 φυλακὴν

2287 2862 2605 2931 τεταγμένων
2666 2866 2757 2911 τοῦ
2807 2854 3106 2931 Ἀδριανοῦ.
3173 2854 3433 2927 Ἀρχεται
3493 2850 3552 2905 δε
3620 2862 3719 2915 τῆς
3772 2874 3899 2905 συν-

514 3468 909 3542 perrexitque,
945 3472 1007 3525 ut
1050 3470 1177 3541 ipse
1230 3470 1330 3542 ait,
1363 3473 1441 3528 ad
1484 3472 1729 3529 Adriani
1772 3491 1964 3547 usque
2028 3484 2172 3536 tem-

2302 3505 2391 3549 ιεν,
2493 3484 2594 3537 ἀπο
2684 3492 2777 3545 τῆς
2874 3488 3081 3555 πρώτης
3185 3474 3548 3551 Ὀλυμπιάδος
3633 3484 3892 3530 ποιεῖται⁸

514 3574 664 3631 Ροτθι
692 3559 831 3629 (26)·
2280 3576 2485 3625 κάτεισι
2540 3570 2619 3643 δὲ,
2679 3576 2747 3634 ὡς
2808 3574 2955 3631 αῦτός
3008 3590 3157 3643 φησι,
3214 3573 3378 3641 μέχρι
3436 3576 3533 3619 τῶν
3594 3563 3891 3639 Ἀδριανοῦ

2278 3667 2483 3737 χρόνων
2502 3703 2515 3717 .

586 3734 874 3810 Equidem
904 3734 1020 3807 legi
1051 3752 1241 3810 usque
1274 3738 1349 3793 ad
1381 3755 1599 3796 CLxxvu
1630 3740 2011 3815 Olympiada,
2046 3763 2169 3819 qua

513 3828 698 3883 victor
724 3826 832 3882 fuit
861 3828 1257 3883 Hecatomnus
1286 3827 1560 3895 Milesius,
1588 3831 1763 3887 stadii
1790 3849 1968 3890 cursu
1998 3841 2053 3892 et
2077 3853 2168 3893 re-

513 3933 686 3972 cursu
715 3918 848 3987 (27),
874 3920 1104 3971 armato
1127 3932 1260 3971 vero
1283 3934 1463 3973 cursu
1492 3926 1573 3975 ter
1597 3920 1734 3976 vicit
1756 3924 2063 3996 Hypsicles
2089 3928 2170 3985 Si-

511 4006 755 4078 cyonius
768 4005 1199 4071 dolicho,Caius
1214 4009 1591 4075 Romanus,et
1603 4011 1987 4084 Aritonymias
2002 4018 2166 4084 Cous,

511 4095 810 4167 pentathlo
824 4094 1081 4151 Isidorus
1096 4094 1705 4164 Alexandrinus,lucta
1722 4102 2170 4176 Aptotus,perio-

511 4184 589 4239 do
604 4186 862 4256 Atyanas
879 4183 1589 4256 llippocratisAtramittei
1608 4191 1663 4243 F.
1684 4191 2170 4267 pugillatuSpho-

510 4272 671 4327 drias
692 4272 1026 4343 Sicyonius,
1053 4275 1363 4345 pancratio
1390 4276 1707 4348 Sosigenes
1739 4281 2015 4340 Asianus.
2040 4287 2169 4342 Jam

2302 4285 2647 4364 Αδραμυτίου
2681 4288 2726 4321 ¹³
2782 4294 2900 4345 παῖς
2942 4285 3063 4351 πὺξ,
3123 4279 3382 4355 Σφοδρίας
3430 4286 3710 4342 Σικυώνιος
3760 4301 3897 4351 παγο

511 4375 810 4429 puerorum
828 4362 1019 4416 stadio
1034 4361 1175 4417 vicit
1188 4362 1619 4433 Apollophanes
1636 4369 2171 4438 Cyparissius,lucta

2302 4379 2512 4453 ιράτιον,
2560 4379 2847 4446 Σωσιγένης
2888 4374 3133 4433 Ἀσιανός
3180 4366 3386 4424 παίδων
3442 4366 3685 4434 στάδιον,
3717 4368 3901 4422 Ἀπολ-

512 4447 849 4504 Soterichus
866 4448 1035 4507 Eleus
1049 4449 1207 4523 84a
1222 4451 1514 4523 pugillatu
1535 4454 1705 4511 Calas
1722 4457 1910 4525 Eleus,
1928 4463 2009 4517 uti
2025 4478 2169 4535 pan-

2302 4469 2503 4539 .o?u'im;
2582 4466 2982 4540 Κνπαρισσιεῦς
3046 4458 3249 4516 παίδων
3326 4458 3513 4526 πάλην,
3595 4464 3903 4529 Σωτήριχος

1854 4586 2093 4642 VARle
2135 4591 2515 4648 LEtITlONES
2536 4626 2551 4643 .

582 4702 600 4735 ⁷
650 4708 749 4786 τῶν
804 4704 937 4788 ρρεῐ
967 4699 1123 4788 ἐγγυς
1152 4716 1305 4785 "om.
1346 4703 1412 4786 Α..
1464 4775 1501 4788 η
1527 4702 1901 4788 ⁸ηέπισκοπιῶν
1926 4732 1980 4773 ς’.
2016 4711 2091 4767 cf.
2128 4729 2165 4769 v

2302 4721 2354 4772 et
2382 4717 2529 4788 pg._8t
2560 4731 2619 4781 a,
2652 4716 2743 4788 32.

508 4774 791 4854 ’APQW'X‘W;
893 4794 945 4836 ς’·
1062 4774 1333 4854 ¹¹Δέτυχεν
1551 4778 1708 4848 ἔτυχέ
1753 4799 1832 4831 πω
1874 4773 2183 4854 δοίιὶὶεθτ.’
2253 4773 2325 4823 ἠ
2384 4773 2567 4839 ὶῐλλοτε
2606 4773 2771 4847 άλλως
2805 4808 2859 4851 ς.

507 4841 666 4916 μίδας
694 4847 735 4898 Α
772 4860 783 4897 :
819 4844 1195 4916 Ἀριτωνυμίας
1363 4846 1408 4880 ¹⁵
1452 4841 1827 4920 ’Ᾱτραμυτείου
1859 4874 1913 4916 ς’.

2350 3755 2495 3825 Ἐμοὶ
2539 3748 2597 3804 δὲ
2650 3750 2947 3823 ἀνεγνώσθη
2994 3754 3156 3823 μέχρι
3195 3755 3285 3808 τῆς
3330 3747 3442 3821 ροζ¹
3498 3743 3885 3818 Ὀλυμπιάδος,

2278 3857 2325 3910 έν
2375 3842 2405 3913 ᾖ
2478 3842 2621 3893 ἐνίκα
2685 3840 3008 3912 Ἐκατόμνως
3066 3840 3109 3874 ¹³
3165 3836 3425 3897 Μιλήσιος
3518 3831 3737 3887 στάδιον
3796 3842 3890 3887 καὶ

2280 3928 2492 4003 δίαυλον
2536 3934 2623 3982 καὶ
2676 3929 2912 3993 ὁπλίτην,
2969 3931 3096 4001 τρὶς,
3155 3925 3399 3997 ’Υφικλῆς
3460 3930 3738 3985 Σικυώνιος
3796 3922 3896 3976 δό-

2278 4020 2451 4092 λιχον,
2510 4022 2658 4079 Γάϊος
2707 4018 2957 4091 Ῥωμαῖος
3010 4017 3138 4090 [268
3196 4015 3285 4084 3.]
3344 4010 3586 4085 δόλιχον,
3638 4015 3897 4083 Ἀριστω-

2279 4106 2502 4182 νυμίδας
2559 4110 2603 4143 ¹⁴
2654 4115 2793 4179 Κῷος
2845 4106 3144 4170 πένταθλον,
3196 4100 3472 4176 Ἰσίδωρος
3523 4099 3895 4175 Ἀλεξανδρεὺς

2278 4199 2465 4264 πάλην,
2526 4196 2797 4257 Ἀπτωτος
2870 4192 3135 4269 περίοδον,
3201 4194 3455 4253 Ἀτυάνας
3509 4191 3893 4264 Ἱπποκράτους

3413 4712 3461 4745 ¹⁰
3492 4709 3786 4781 Νεκτάριος
3816 4715 3856 4761 Α
3893 4724 3906 4762 :

3556 4781 3601 4816 ¹⁸
3625 4780 3911 4852 ’Δριτωνυ-

2857 4715 2877 4749 ⁹
2911 4710 3217 4773 Ἰνωκέντιος
3245 4733 3299 4775 ς.

2974 4786 3021 4821 ³³
3048 4784 3357 4855 Ἐκατόμνος
3385 4802 3438 4845 ς’·

2086 4984 2127 5037 Ν
2134 4983 2287 5039 ΟΤΑΞ
2298 5024 2311 5037 .

578 5095 689 5165 (20)
736 5091 973 5165 Niceph.
1010 5107 1141 5162 cap.
1174 5094 1261 5165 29,
1295 5098 1440 5149 extr.
1475 5097 1713 5152 Monstri
1758 5105 1959 5157 autem
2010 5102 2165 5160 illius

506 5163 730 5235 ﬂagitia
757 5163 1045 5219 indicabit
1075 5164 1302 5219 Pallad.

576 5239 687 5315 (2t)
724 5240 801 5315 De
826 5251 948 5307 quo
974 5236 1214 5315 Niceph.
1248 5251 1378 5308 cap.
1413 5241 1500 5315 24.
1546 5238 1804 5315 Nebridii
1832 5246 2164 5315 quondam

506 5306 1002 5389 prmiectistnsa
1017 5306 1439 5389 Pallady‘apud
1458 5325 1634 5389 quem
1651 5312 1723 5367 de
1737 5306 1947 5372 eadem
1965 5318 2161 5389 plura.

573 5380 689 5447 (2.2)
722 5377 1030 5449 Nicephor.
1062 5394 1196 5449 cap.
1232 5384 1297 5435 33
1322 5377 1382 5435 et
1414 5377 1509 5435 34'.

574 5451 685 5529 (23)
731 5448 970 5529 (δίοορὶλ.
1002 5449 1101 5529 lib.
1131 5448 1413 5529 igiv,.cap.
1447 5459 1591 5507 extr.
1626 5455 1836 5529 Zonar.
1889 5462 2034 5515 tom.
2071 5461 2162 5527 Ill,

503 5518 713 5594 et‘ipsa
735 5518 963 5587 Georgii
986 5518 1374 5594 editsLatina,‘
1397 5538 1517 5594 non
1542 5528 1805 5594 Arsacio,
1834 5530 1939 5583 sed
1968 5518 2164 5587 Artico

501 5588 754 5665 relatum
785 5593 1091 5665 nomen_l).
1118 5593 1285 5665 Joan.
1317 5588 1377 5648 in
1398 5592 1689 5665 diptycha
1712 5588 1999 5656 tribuunt.
2026 5604 2164 5659 Cas-

506 5662 657 5717 siod.
684 5662 823 5716 item
856 5666 912 5716 ct
943 5660 1175 5732 reliqui.

2348 5106 2463 5178 (24)
2493 5106 2659 5163 Suid.
2688 5106 2868 5163 Ἐτέθη
2905 5101 2963 5157 δε
2990 5111 3171 5178 πρώτη
3205 5102 3495 5175 Ὀλυμπίας
3519 5101 3606 5153 ἐπὶ
3641 5102 3913 5174 Σολομὼν-

2274 5196 2361 5238 τος
2382 5178 2455 5240 εἰς
2494 5179 2673 5250 ἑορτήν
2694 5181 2955 5250 κοσμικὴν
2988 5184 3078 5229 τοῦ
3106 5181 3242 5237 Διός.

2348 5250 2461 5321 (25)
2516 5244 2681 5305 Unde
2732 5244 2940 5305 merito
2969 5252 3208 5321 tempus
3240 5245 3386 5321 illud
3417 5246 3645 5321 μυθικὸν
3696 5244 3914 5315 Varro,

2279 5316 2581 5377 Censorin.
2612 5322 2826 5377 Euseb.
2852 5316 3112 5389 August:
3134 5326 3190 5375 et
3221 5318 3321 5375 alii
3347 5316 3761 5388 appellarunt.

2350 5392 2465 5464 (26)
2496 5395 2560 5448 Et
2591 5392 2831 5464 Olymp.
2873 5396 2996 5447 229.
3030 5390 3198 5447 Suid.
3232 5394 3409 5453 auct.,
3444 5389 3625 5458 cujus
3655 5404 3825 5445 anno
3859 5394 3913 5458 2,

2278 5469 2548 5518 mortuus
2585 5464 2825 5518 Adrian.
2878 5464 3024 5533 imp.

2347 5536 2463 5605 (27)
2482 5534 2795 5607 Olympica
2810 5529 3150 5606 ἀγωνίσματα
3166 5550 3197 5589 e
3212 5533 3472 5607 Pausan.
3492 5529 3691 5607 Eliac.
3707 5532 3916 5607 priore

2276 5603 2747 5674 lib'ro'col'ligére
2798 5603 2948 5670 licet,
2982 5603 3039 5660 et
3063 5604 3375 5676 descripsit
3407 5604 3557 5658 Bud.
3600 5603 3919 5675 prioribus

2276 5678 2337 5731 in
2380 5678 2651 5734 Pandect.
2690 5681 3026 5735 Comment.
