4036 6214
182 267 275 325 361

1393 270 1881 331 BlBLIOTHECA.
1913 305 1980 317 —
2020 274 2184 333 COD.
2221 277 2407 336 XCVI.

3448 280 3555 336 362

180 392 372 455 Ἠλεῖος
396 388 607 446 παίδων
631 393 755 458 πύξ,
787 394 965 456 Κάλας
988 393 1188 456 Ἠλεῖος
1212 392 1419 449 παίδων
1447 379 1783 472 παγκράτιον,

1900 401 2077 458 oratio
2129 407 2184 458 et
2222 406 2452 459 armato
2475 418 2656 459 cursu
2704 404 3110 460 Hecatomnus
3140 401 3415 460 Milesius.
3444 406 3554 461 Ter

179 481 501 553 Ἑκατόμνως
532 484 794 545 Μιλήσιος
822 489 911 536 καὶ
944 483 1160 541 ὁπλίτην
1193 486 1240 520 ³⁸
1271 485 1445 557 (οὗτος
1476 486 1523 539 ἐν
1557 496 1618 561 τῇ
1654 489 1783 560 αὐτῇ

182 574 243 623 τὰ
269 576 391 644 τρία
416 571 771 643 ἐστεφανώθη,
809 570 1048 641 στάδιον,
1079 570 1314 643 δίαυλον,
1348 576 1612 647 ὁπλίτην),
1652 578 1789 651 Ἀρι-

184 660 437 731 στόλοχος
461 661 489 712 ὁ
520 660 717 723 Ἠλεῖος
744 664 1048 736 τέθριππον,
1070 662 1357 735 Ἃγήμονος
1383 664 1584 718 Ἠλείου
1613 666 1787 736 κέλης,

179 749 479 805 Ἑλλανίκου
507 751 713 802 Ἠλείου
747 757 987 825 συνωρὶς,
1015 759 1106 804 τοῦ
1137 752 1298 805 αὑτοῦ
1326 753 1552 807 πωλικὸν
1577 758 1790 829 τέθριπ-

181 857 293 903 πον,
332 839 533 895 Κλητία
564 840 611 874 ¹⁷
642 838 846 892 Ἠλείου
880 840 926 876 ³⁸
956 840 1155 899 πωλική
1200 847 1442 917 συνωρὶς,
1489 844 1788 898 Καλλίππου

187 927 379 985 Πηλίου
408 927 636 988 πωλικός
675 929 797 987 κέλη
809 951 853 991 ς.

263 1016 539 1078 Λεύκολλος
596 1014 657 1071 δε
714 1019 938 1091 Ἀμισόν
989 1021 1035 1055 η
1092 1018 1398 1095 ἐπολιόρκει,
1439 1028 1528 1075 καὶ
1580 1028 1790 1096 Μουρή-

188 1126 275 1157 ναν
315 1106 397 1158 ἐπὶ
434 1114 531 1168 τῆς
566 1107 873 1181 πολιορκίας
917 1109 1214 1161 καταλιπὼν
1245 1113 1375 1181 μετὰ
1406 1106 1553 1163 δυοῖν
1582 1115 1790 1184 ταγμά-

181 1214 288 1246 τοιν
328 1195 480 1256 αὐτὸς
526 1199 659 1268 μετὰ
700 1206 855 1271 τριῶν
906 1197 1069 1250 ἄλλων
1108 1208 1333 1273 προῆγεν
1378 1198 1460 1251 ἐπὶ
1504 1200 1784 1276 Καϐείρων,

180 1286 310 1335 ὅπου
360 1281 694 1356 διεχείμαζε.
750 1292 850 1339 Καὶ
908 1283 1186 1360 Ἀδριανόν
1244 1286 1451 1351 ἐπέταξε
1496 1289 1789 1361 πολεμῆσαι

177 1370 492 1446 Μιθριδάτῃ
550 1395 561 1407 ·
616 1379 705 1427 καὶ
757 1375 1057 1448 πολεμήσας
1130 1376 1358 1435 ἐνίκησε.
1419 1384 1517 1431 Καὶ
1569 1387 1790 1451 σεισμοῦ

178 1461 232 1513 ἐν
297 1462 469 1534 Ῥώμη
538 1467 810 1534 γενομένου
876 1465 1040 1517 πολλὰ
1103 1469 1298 1527 ταύτης
1369 1471 1634 1523 συνέπεσε.
1690 1474 1790 1521 Καὶ

174 1551 310 1603 ἄλλα
340 1548 404 1603 δέ
447 1552 667 1604 πλεῖστα
704 1552 752 1605 ἐν
797 1556 961 1628 ταύτῃ
997 1554 1289 1627 ξυνηνέχθη
1327 1563 1390 1628 τῇ
1426 1554 1779 1629 Ὀλυμπιάδι.

176 1646 283 1694 Καὶ
331 1639 601 1711 Ῥωμαίων
659 1651 732 1711 τῷ
784 1648 943 1715 τρίτῳ
996 1645 1155 1705 αὐτῆς
1214 1648 1309 1698 ἔτει
1388 1644 1788 1718 ἀπετιμήθησαν

1895 490 1993 545 hic
2023 491 2237 547 eodem
2266 493 2399 564 ipso
2430 492 2523 548 die
2567 498 2887 549 coronatus
2933 497 3039 559 est,
3074 491 3267 548 stadio
3297 492 3553 565 ejusque

1897 595 2163 646 recursu,
2192 586 2248 636 et
2286 586 2519 637 armato
2551 598 2749 648 cursu,
2770 579 3175 637 Aristolochus
3204 579 3377 636 Eleus
3396 597 3553 654 qua-

1896 669 2063 741 driga
2092 670 2290 735 victor,
2326 686 2481 742 equo
2524 686 2663 726 vero
2705 668 2996 740 singulari
3042 671 3314 739 Agemon
3357 669 3549 729 Eleus.

1898 757 2196 815 Hellanico
2224 758 2466 829 Eleobig
2486 759 2726 825 acessit,
2743 764 2799 815 et
2822 758 3218 831 equuleorum
3244 758 3551 832 quadriga.

1898 846 2086 901 Cletia
2113 847 2227 902 Elei
2264 847 2658 919 equuleorum
2690 848 2831 920 biga
2860 846 2989 913 fuit,
3024 852 3081 902 et
3122 846 3367 921 Callippi
3405 847 3553 905 Pelei

1897 933 2215 1004 singularis
2240 935 2551 1007 equuleus.

1970 1025 2244 1081 Lucullus
2291 1041 2363 1082 eo
2421 1031 2679 1099 tempore
2716 1025 2988 1082 Amisum
3047 1024 3361 1082 obsidebat
3402 1026 3552 1093 ;sed

1898 1116 2202 1170 Murenain
2221 1115 2533 1171 obsidione
2560 1132 2689 1171 cum
2721 1116 2961 1171 duabus
2979 1115 3315 1186 legionibus
3328 1116 3551 1182 relicto,

1897 1200 2025 1273 ipse
2051 1217 2187 1257 cum
2219 1202 2403 1258 tribus
2433 1203 2562 1259 aliis
2587 1202 2874 1259 adversus
2898 1201 3177 1258 Cabeiros
3198 1202 3385 1267 duxit,
3414 1208 3469 1259 et
3494 1204 3554 1260 in

1898 1290 2162 1346 hibernis
2192 1290 2412 1346 ibidem
2434 1296 2630 1347 castra
2654 1290 3061 1347 locavit.ldem
3074 1289 3403 1346 Adrianum
3418 1308 3553 1347 cum

1898 1377 2226 1435 Mithridate
2253 1379 2572 1449 conﬂigere
2597 1378 2916 1450 jubet,quo
2949 1379 3128 1435 etiam
3160 1378 3364 1449 pralio
3383 1395 3556 1450 supe-

1898 1467 2017 1523 rior
2045 1466 2173 1524 fuit.
2206 1470 2408 1524 Roma
2425 1484 2669 1541 quoque
2686 1474 2837 1524 terra
2864 1468 3070 1531 movit,
3092 1466 3555 1541 multaqueafﬂi-

1898 1556 2000 1621 xit,
2034 1561 2088 1611 et
2118 1556 2235 1612 alia
2266 1563 2553 1628 praeterea
2584 1556 2843 1627 plurima
2873 1557 2987 1613 hac
3032 1557 3166 1628 ipsa
3192 1555 3551 1628 Olympiade

1899 1645 2293 1715 contigerunt.
2352 1649 2499 1702 Nam
2550 1661 2713 1702 anno
2745 1646 2913 1702 tertio
2948 1661 3141 1701 censa
3188 1652 3329 1701 sunt
3350 1647 3554 1702 Roma

174 1726 443 1803 μυριάδες
495 1729 795 1789 ἐνενήκοντα
846 1738 936 1786 καὶ
983 1739 1097 1805 μία.
1158 1740 1258 1787 Καὶ
1311 1739 1657 1807 Σινατρούκην
1705 1742 1787 1789 τόν

1900 1735 2199 1806 myriades
2215 1734 2329 1805 (29)
2347 1734 2677 1805 nonaginta
2690 1739 2745 1790 et
2761 1735 3215 1791 una.Sinatruce
3229 1734 3554 1789 Parthorum

173 1822 401 1893 Πάρθων
452 1818 680 1892 βασιλέα
721 1820 1100 1879 τελευτήσαντα
1153 1820 1423 1886 διεδέξατο
1466 1827 1702 1897 Φραάτης
1741 1828 1789 1862 ²⁰

172 1912 201 1961 ό
262 1909 561 1969 ἐπικληθεὶς
624 1914 772 1972 Θεός.
857 1916 956 1964 Καὶ
1014 1909 1238 1983 Φαῖδρον
1293 1917 1381 1965 τόν
1434 1915 1789 1989 Ἐπικούρειον

174 1995 461 2061 διεδέξατο
536 2000 777 2073 Πάτρων.
866 2005 966 2053 Καὶ
1052 2001 1357 2073 Οὐεργίλιος
1409 2004 1453 2038 ²¹
1516 2006 1706 2076 Μάρων
1762 2004 1787 2055 ὁ

173 2093 405 2148 ποιητής
462 2086 707 2160 ἐγεννήθη
766 2091 947 2141 τούτου
1000 2097 1091 2142 τοῦ
1153 2093 1313 2157 ἔτους,
1376 2090 1540 2154 εἰδοῖς
1592 2093 1790 2145 ὐκτω-

173 2177 375 2250 ερίαις.
433 2175 560 2249 [147
608 2176 699 2250 8.]
744 2184 828 2249 Τῷ
868 2176 928 2231 δε
978 2182 1205 2252 τετάρτῳ
1254 2182 1353 2233 ἔτει
1397 2184 1657 2255 Τιγράνης
1698 2186 1787 2235 καὶ

172 2263 521 2337 Μιθριδάτης
566 2264 907 2340 ἀθροίσαντες
948 2269 1139 2331 πεζούς
1180 2272 1270 2341 μεν
1300 2274 1562 2342 τέσσαρας
1600 2274 1788 2344 μυριά-

174 2352 301 2417 δας,
358 2358 549 2417 ἱππέας
608 2358 654 2390 ²²
701 2351 760 2408 δε
815 2364 969 2430 τρεῖς,
1007 2362 1093 2409 κα)
1151 2362 1236 2410 τόν
1294 2358 1543 2411 Ἰταλικόν
1600 2359 1788 2421 αὐτοὺς

173 2444 429 2507 τάξαντες
471 2449 682 2517 τρόπον,
736 2443 1061 2518 ἐπολέμησαν
1105 2447 1376 2519 Λευκόλλῳ
1419 2449 1468 2483 ³⁸
1506 2469 1518 2481 ·
1552 2453 1641 2501 καὶ
1670 2455 1789 2520 νικᾷ

172 2533 495 2602 Λεύκολλος,
566 2539 655 2585 καὶ.
709 2536 1135 2607 πεντακισχίλιοι
1208 2540 1298 2609 μὲν
1371 2546 1469 2589 τῶν
1514 2539 1643 2609 μετὰ
1693 2544 1787 2590 Τι-

167 2625 409 2696 γράνους
457 2625 661 2688 ἔπεσον,
699 2622 907 2686 πλείους
950 2621 1007 2677 δε
1048 2628 1242 2677 τούτων
1278 2626 1784 2698 ᾐχμαλωτίσθησαν,

169 2718 351 2784 χωρὶς
399 2718 492 2763 τοῦ
536 2711 691 2764 ἄλλου
731 2710 1031 2783 σύγκλυδος
1067 2714 1115 2749 ²⁴
1165 2714 1347 2785 ὄχλου.
1399 2720 1498 2767 Καὶ
1533 2718 1590 2766 τό
1623 2721 1789 2767 Καπι-

168 2801 362 2853 τώλιον
435 2799 485 2852 ἐν
532 2801 698 2874 Ῥώμη
769 2802 967 2864 Κάτλος
1021 2804 1329 2877 καθιέρωσε.
1387 2804 1490 2858 Καὶ
1549 2804 1787 2865 Μέτελλος

170 2888 263 2941 ἐπὶ
315 2894 408 2941 τόν
468 2894 730 2962 Κρητικὸν
783 2891 1003 2964 πόλεμον
1058 2893 1315 2966 ὁρμήσας,
1372 2898 1490 2966 τρία
1542 2896 1789 2965 τάγματα

169 2982 340 3049 ἔχων,
388 2975 543 3036 ἦλθεν
575 2980 642 3039 εἰς
685 2985 778 3039 τήν
809 2990 990 3048 νῆσον,
1019 2988 1108 3035 καὶ
1136 2986 1288 3056 μάχη
1316 2988 1537 3045 νικήσας
1567 2986 1653 3034 τὸν
1681 2988 1783 3035 Λα-

174 3070 336 3124 σθένη
370 3069 421 3103 ³⁵
450 3067 789 3141 αὐτοκράτωρ
823 3068 1169 3142 ἀνηγορεύθη,
1212 3077 1301 3124 καὶ
1340 3078 1604 3145 τειχήρεις
1634 3076 1783 3124 κατέ·
1817 3100 1856 3156 C

172 3175 348 3212 στησε
378 3160 504 3218 τοὺς
549 3163 777 3230 Κρῆτας.
828 3163 926 3211 Καὶ
965 3156 1327 3232 Ἀθηνόδωρος
1355 3167 1606 3234 πειρατὴς
1638 3161 1786 3223 ἐξαν-

171 3241 644 3318 δραποδισάμενος
683 3247 899 3309 Δηλίους
928 3250 994 3299 τὰ
1022 3256 1123 3300 τῶν
1163 3248 1444 3321 λεγομένων
1477 3252 1600 3302 θεῶν
1632 3250 1789 3313 ξόανα

171 3331 536 3405 διελυμήνατο
565 3355 577 3366 ·
614 3337 761 3423 Γάνῖος
786 3332 845 3388 δί
873 3338 1114 3412 Τριάριος
1138 3341 1210 3391 τὰξ
1227 3338 1552 3413 λελωϐημένα
1579 3347 1669 3401 τῆς
1696 3345 1788 3393 πό-

169 3422 302 3484 λεως
323 3422 688 3485 ἐπισκευάσας
706 3424 936 3497 ἐτείχισε
959 3431 1052 3485 τήν
1080 3427 1257 3486 Δῆλον.

248 3516 431 3587 Μέχρι
642 3510 729 3566 οὖν
771 3518 967 3577 ταύτης
1017 3535 1102 3588 μοι
1159 3526 1254 3578 τῆς
1298 3515 1683 3591 Ὀλλυμπιάδος
1739 3517 1787 3570 ἐν

171 3600 357 3672 λόγοις
400 3607 551 3655 πέντε
580 3604 611 3661 ή
645 3602 931 3675 ἀνάγνωσις
972 3609 1195 3677 γέγονεν.
1228 3606 1381 3660 Ἐστι
1413 3604 1471 3660 δὲ
1518 3613 1611 3667 τήν
1657 3612 1785 3683 φρά-

173 3710 267 3742 σεν
320 3695 440 3744 οὔτε
486 3692 603 3743 λίαν
648 3700 985 3764 χαμαιπετὴς
1038 3697 1154 3747 οὔτε
1208 3700 1293 3747 τόν
1347 3696 1587 3750 Ἀττικόν
1642 3697 1686 3759 ἐς
1732 3702 1787 3752 τὸ

175 3778 392 3853 ἀκριϐές
438 3777 725 3842 διασωζων
775 3791 1113 3856 χαρακτῆρα.
1169 3785 1367 3847 ’Ἄλλως
1414 3806 1468 3839 τε
1518 3784 1576 3840 δε
1617 3794 1706 3840 καὶ
1754 3791 1785 3847 ή

176 3877 297 3942 περὶ
344 3874 439 3931 τὰς
477 3868 848 3942 Ὀλυμπιάδας
894 3878 983 3926 καὶ
1027 3876 1092 3926 τὰ
1129 3873 1178 3926 ἐν
1225 3875 1408 3938 αὐταῖς
1454 3884 1552 3928 τῶν
1606 3876 1788 3950 ἀγωνι-

179 3962 393 4030 σμάτων
452 3960 682 4032 ὀνόματα
740 3966 832 4013 καὶ
891 3961 1101 4034 πράξεις
1154 3966 1202 3999 ²⁶
1254 3970 1345 4017 καὶ
1414 3967 1444 4023 ἠ
1499 3971 1618 4039 περὶ
1673 3970 1789 4027 τοὺς

180 4053 470 4119 χρησμούς
528 4052 743 4123 ἄκαιρος
796 4050 1068 4122 φιλοπονία
1118 4072 1170 4104 τε
1234 4058 1323 4106 καὶ
1376 4054 1663 4126 φιλοτιμία,
1720 4056 1788 4117 εἰς

182 4144 342 4209 κόρον
389 4137 673 4209 ὢτάγουσα
722 4144 810 4191 τόν
855 4138 1113 4212 ἀκροατήν
1165 4147 1255 4194 καὶ
1307 4138 1474 4215 μηδεν
1523 4143 1644 4197 οἴλλο
1688 4153 1787 4197 τῶν

178 4223 236 4276 ἐν
265 4234 335 4296 τῷ
374 4227 511 4299 λόγῳ
554 4232 873 4303 προκύπτειν
922 4238 1300 4304 συγχωροῦσα,
1346 4229 1486 4291 ἀηδῆ
1528 4252 1581 4285 τε
1614 4235 1662 4269 ³⁷
1699 4238 1787 4285 τόν

174 4314 331 4385 λόγον
370 4314 598 4370 δεικνύει
641 4322 732 4369 καὶ
778 4320 1004 4391 χάριτος
1050 4317 1199 4373 οὐδὲν
1253 4324 1392 4393 ἔχειν
1436 4325 1783 4397 παρατίθησι.

177 4410 456 4478 Χρησμοῖς
512 4403 572 4459 δε
619 4412 886 4470 παντοίοις
940 4408 1012 4470 εἰς
1064 4410 1349 4484 ὑπερϐολήν
1408 4411 1520 4465 ἐστι
1575 4432 1782 4487 κεχρη-

173 4514 343 4565 μενος.

1821 4457 1867 4513 D

1899 1839 2035 1893 rege
2065 1822 2352 1879 exstincto
2381 1823 2801 1895 (30),successit
2836 1822 3118 1879 Phraates
3150 1828 3554 1892 cognomento

1901 1911 2506 1977 Deus;etPhadrum
2563 1913 2917 1983 Epicureum
2968 1916 3294 1975 mortuum,
3333 1910 3554 1967 Patron

1897 2001 2430 2074 excepit.Virgilius
2459 2002 2598 2057 item
2628 2001 2790 2057 Maro
2817 2001 2931 2072 (31)
2964 2000 3078 2056 hoc
3108 2001 3239 2072 ipso
3265 2015 3425 2056 anno
3443 2000 3556 2056 Idi-

1896 2092 2009 2146 bus
2033 2089 2299 2147 Octobris
2329 2094 2506 2145 natus
2535 2094 2642 2145 est.
2669 2091 2892 2155 Quarto
2933 2104 3077 2145 vero
3134 2089 3313 2160 hujus
3356 2088 3556 2161 Olym-

1898 2180 2093 2251 piadis
2132 2194 2291 2234 anno
2320 2179 2601 2248 Tigranes
2631 2183 2688 2233 et
2716 2176 3103 2246 Mithridates,
3134 2176 3394 2232 collectis
3435 2177 3553 2249 (32)

1895 2268 2156 2340 peditum
2178 2266 3138 2340 quadragintamilibus,equitum
3174 2265 3434 2336 triginta,
3466 2265 3555 2322 in-

1897 2364 2235 2430 structaque
2269 2360 2672 2413 Romanorum
2707 2370 2872 2413 more
2893 2356 3184 2422 acie,cum
3208 2355 3450 2412 Lucullo
3465 2356 3553 2411 di-

1898 2446 2188 2504 micantes
2217 2445 2352 2501 victi
2375 2451 2513 2501 sunt
2544 2462 2557 2500 :
2589 2445 2757 2501 casis
2787 2460 2818 2499 e
2859 2444 3129 2514 Tigranis
3169 2444 3355 2516 copiis
3379 2444 3553 2517 quin-

1896 2552 2014 2608 que
2046 2535 2331 2602 millibus,
2354 2534 2515 2591 ethis
2529 2534 2803 2606 pluribus
2815 2534 3026 2605 captis,
3050 2538 3548 2605 pratercateram

1897 2624 2212 2681 hominum
2238 2624 2553 2679 colluviem
2592 2622 3087 2694 (33),Capitolium
3138 2624 3339 2677 Roma
3383 2622 3553 2678 Catu-

1896 2713 1986 2769 lus
2017 2713 2312 2769 dedicavit
2335 2716 2422 2768 :et
2444 2711 2521 2767 ad
2548 2711 2836 2766 Creticum
2856 2710 2970 2783 (34)
2990 2709 3217 2765 bellum
3244 2709 3546 2782 profectus

1896 2818 2033 2858 cum
2065 2801 2307 2871 triginta
2335 2798 2671 2871 legionibus
2695 2798 2977 2864 Metellus,
3016 2797 3281 2854 insulam
3307 2814 3443 2855 eam
3473 2804 3552 2855 te-

1896 2892 2022 2947 nuit
2053 2910 2065 2950 :
2102 2890 2204 2945 ubi
2235 2893 2294 2943 et
2314 2904 2498 2945 manu
2526 2903 2658 2943 cum
2682 2888 3016 2943 Laosthene
3046 2893 3341 2953 conserta,
3363 2888 3552 2945 victor

1896 2981 2218 3052 imperator
2242 2982 2333 3034 est
2357 2977 2713 3050 appellatus,
2747 2975 3124 3033 Cretensibus
3144 2974 3302 3031 intra
3322 2974 3551 3047 oppida

1896 3084 2221 3140 murosque
2238 3066 2583 3138 compulsis.
2611 3065 3016 3121 Athenodorus
3040 3064 3236 3136 pirata
3256 3063 3378 3119 Deli
3392 3064 3550 3119 inco-

1894 3160 1983 3214 las
2015 3158 2283 3228 captivos
2306 3154 3018 3225 abducens,deorum,qui
3052 3153 3548 3223 vocantur,signa

1895 3246 2184 3302 destruxit
2207 3263 2221 3313 ;
2255 3250 2314 3301 at
2344 3244 2441 3315 Caj
2452 3261 2520 3300 us
2535 3243 2781 3317 quidam
2795 3242 3047 3298 Triarius
3061 3242 3226 3299 urbis
3240 3248 3372 3299 ruta
3397 3256 3550 3299 casa

1896 3334 2262 3401 instaurans,
2300 3332 2508 3390 Delum
2540 3348 2714 3389 muro
2744 3331 2949 3388 cinxit.

1969 3514 2057 3570 Ad
2084 3514 2242 3569 hanc
2268 3514 2469 3586 itaque
2496 3510 2914 3583 Olympiadem
2940 3524 3129 3583 usque
3160 3507 3342 3567 libros
3378 3508 3552 3582 quin-

1896 3620 2013 3676 que
2042 3601 2695 3676 perlegimus.Auctoris
2712 3600 2900 3672 stylus
2918 3616 3110 3671 neque
3124 3599 3374 3655 omnino
3385 3597 3549 3653 humi

1900 3693 2100 3765 serpit,
2134 3708 2329 3765 neque
2360 3691 2618 3747 Atticum
2660 3703 3097 3761 usquequaque
3142 3687 3550 3743 characterem

1900 3787 2111 3838 servat.
2139 3780 2416 3853 Alioquin
2447 3779 2547 3834 illa
2578 3778 2757 3833 nimis
2787 3777 2996 3849 putida
3025 3777 3215 3847 ipsius
3246 3774 3548 3831 accuratio

1898 3876 2071 3942 atque
2095 3869 2401 3939 diligentia
2426 3868 2485 3922 in
2507 3864 2960 3938 Olympiadibus
2976 3861 3414 3936 percensendis,
3433 3862 3549 3918 sin-

1899 3960 2297 4031 gulorumque
2311 3956 2684 4012 certaminum
2698 3952 3321 4017 nominibus,etrebus
3341 3952 3543 4020 gestis,

1898 4056 2076 4121 atque
2101 4046 2247 4118 ipsis
2278 4045 2454 4101 etiam
2482 4042 2740 4099 oraculis
2770 4041 3121 4107 referendis,
3156 4056 3273 4097 non
3304 4040 3547 4096 tadium

1898 4138 2081 4196 modo
2107 4134 2310 4192 lectori
2340 4132 2530 4200 affert,
2548 4131 2696 4187 dum
2727 4146 2834 4203 per
2854 4146 2988 4186 eam
3011 4129 3242 4202 reliqua
3259 4129 3464 4185 omnia
3486 4129 3546 4185 in

1897 4230 2011 4285 hoc
2030 4226 2179 4282 libro
2208 4224 2590 4293 obteguntur,
2646 4236 2834 4292 neque
2891 4235 3183 4293 apparere
3236 4220 3542 4275 sinuntur:

1895 4333 2105 4374 verum
2135 4315 2315 4370 etiam
2337 4310 2731 4384 injucundum
2748 4309 3188 4383 propemodum
3219 4308 3546 4365 redditser-

1898 4421 2162 4471 monem,
2194 4402 2419 4476 quique
2443 4399 2603 4473 διὸ
2633 4400 2833 4471 gratia
2862 4397 3004 4454 nihil
3024 4397 3549 4455 habereindicetur

1896 4503 1954 4553 et
1984 4511 2119 4552 vero
2149 4492 2347 4550 omnis
2377 4489 2870 4562 generisdeorum
2884 4502 3178 4560 responsa
3202 4486 3329 4543 sine
3364 4486 3544 4543 modo

1896 4585 2174 4644 inculcat.

1528 4759 1767 4817 VARIIE
1806 4757 2200 4816 LECTIONES.

252 4898 303 4932 ¹⁶
328 4895 457 4949 Μελ.
481 4900 572 4949 καὶ
602 4895 822 4954 ὁπλίτην
850 4918 908 4961 ς’.
968 4900 1011 4935 ¹⁷
1050 4898 1275 4957 Κλητεία
1304 4921 1358 4965 ς’.
1426 4902 1473 4937 η
1506 4902 1726 4962 Πηλείου
1750 4925 1803 4968 ς,
1865 4904 1911 4938 1⁸
1935 4898 2190 4959 Λεύκολος
2222 4892 2280 4948 δε
2305 4894 2525 4968 ἄμινσον
2552 4912 2606 4957 ς’.
2669 4890 2950 4968 ²ῩΑΦρᾷτημς
2976 4910 3032 4954 ς’·
3083 4888 3144 4968 ,ξί
3168 4888 3465 4968 Οὗξργίλιοξ
3487 4909 3544 4954 ς’.

172 4969 227 5002 ’³
258 4969 544 5047 έπξῖέωνμς.
610 4970 657 5003 ³³
690 4960 998 5041 Λευκούλλῳ
1019 5000 1085 5012 -
1105 4960 1427 5037 Λεύκουλλος
1458 4995 1513 5038 ς.
1572 4960 1640 5012 Ἵ²⁶
1673 4960 2007 5047 συγκλυδοῦς
2035 4992 2089 5037 ς’.
2168 4969 2217 5005 ’⁵
2249 4960 2519 5023 Λαοσθένη
2555 4984 2610 5028 ς’.
2687 4964 2735 4999 ³⁸
2762 4960 2850 5015 καὶ
2879 4964 2967 5023 τὰς
2987 4960 3199 5035 πράξεις
3229 4960 3349 5025 (ξς.
3414 4961 3461 4996 ²⁷
3491 4980 3547 5014 τε

174 5036 387 5109 σχεδὸν
416 5045 507 5092 τὸν
531 5059 587 5103 ς’.

1752 5189 1976 5247 NOTAE.

249 5323 535 5402 (gs-292m
549 5322 1053 5402 est,decem_mi_llia
1064 5344 1247 5402 supra
1262 5335 1567 5402 nongenta
1586 5331 1781 5388 millia.

252 5398 371 5463 (30)
411 5398 820 5472 Sanatrfucen,
864 5398 1023 5465 huic,
1059 5398 1429 5472 iut'videtur,
1478 5404 1788 5472 cognomi-

170 5482 363 5545 nem.
398 5469 821 5545 graculorum
848 5471 1177 5545 quemdam
1223 5488 1424 5545 regem
1454 5469 1597 5532 citat
1617 5475 1783 5531 Suid.

254 5538 497 5621 (31)t3n.
524 5540 808 5621 Pompeio
842 5538 897 5597 et
921 5544 989 5599 Μ.
1024 5546 1234 5621 grasso
1256 5538 1439 5621 coss”
1473 5552 1537 5603 ut
1567 5548 1647 5604 ait
1676 5551 1788 5604 Do-

168 5616 366 5666 natus
394 5616 453 5664 in
486 5616 620 5680 ejus
652 5616 794 5675 Vita,
830 5627 991 5669 anno
1028 5616 1090 5671 U.
1124 5616 1182 5671 C.
1209 5620 1330 5673 684.

255 5683 376 5749 (32)
392 5683 668 5739 Errorem
694 5682 791 5739 hic
809 5684 1120 5757 irrepsisse
1131 5690 1192 5744 in
1207 5688 1506 5748 calculum
1531 5706 1603 5749 ex
1623 5694 1791 5748 cate-

570 5787 809 5847 ΡΑτειοι..
849 5790 955 5849 Gn.
998 5792 1143 5853 Clll.

1894 5330 1976 5387 ris
2005 5325 2321 5389 historicis,
2368 5321 2745 5392 negantibus
2786 5334 2995 5389 parem
3037 5332 3391 5392 unquamda
3422 5319 3547 5392 sole

1893 5403 2088 5457 visam
2128 5412 2420 5471 pugnam,
2454 5389 2937 5451 manifestissime
2981 5389 3236 5446 constat.
3274 5389 3413 5448 Vide
3453 5390 3547 5447 vel

1895 5474 2043 5530 Plut.
2077 5470 2407 5525 Lucullum.

1968 5536 2551 5617 (33)2?7AX1U6iB-XZ‘O?
2582 5534 2659 5589 ad
2678 5532 3023 5617 ministeria
3035 5531 3363 5617 destinatos
3379 5535 3550 5617 (quo-

1896 5604 2029 5673 rum
2064 5604 2141 5670 ad
2164 5604 2241 5668 ’35
2272 5604 2461 5666 millia
2469 5607 2646 5662 fuisse
2667 5604 2844 5678 refert
2858 5605 3029 5671 Plut.)
3044 5604 3283 5661 calones
3297 5604 3549 5678 accipio.

1974 5687 2086 5759 (34)
2119 5686 2199 5740 De
2228 5698 2349 5756 quo
2379 5681 2440 5736 L.
2475 5678 2700 5749 Florus,
2728 5676 2833 5734 lib.
2864 5693 2944 5743 ιιι,
2970 5692 3105 5750 cap.
3134 5680 3190 5732 7.
3423 5676 3439 5678 ⁷
3614 5680 3619 5685 ’

3234 5784 3270 5837 2
