4036 6214
183 261 275 318 355
1189 246 1679 309 BIBLIOTHECA.
1718 278 1789 294 —
1828 244 2043 317 conn.
2082 248 2536 311 XCVIII-XCIX.
3436 263 3571 325 36¢.

180 387 270 450 σὴς
312 389 405 439 καὶ
448 383 692 446 πολλάκις
740 381 789 436 ἓν
837 380 1046 441 πολλοῖς
1101 378 1334 433 ὑλακτῶν
1387 380 1521 433 κατὰ
1563 384 1661 429 τῶν
1693 375 1771 429 εύ-

1949 381 2118 436 cutus
2129 379 2564 452 religionem,in
2588 381 2860 457 pluribus
2882 384 3171 444 adversus
3184 389 3315 461 pios
3328 393 3543 465 saepius

178 476 351 543 σεϐὡν,
405 478 662 547 σύντομος
725 468 785 527 δε
826 477 923 531 τὴν
982 472 1192 545 φράσιν,
1221 469 1353 543 [272
1401 466 1493 541 Η.]
1540 467 1771 541 εὐκρινὴς

1950 472 2075 525 trat.
2126 469 2359 543 Alioqui
2396 470 2596 528 brevis
2635 476 2739 545 est,
2781 473 3034 533 dictione
3072 478 3427 551 perspicuus
3475 498 3544 541 ac

174 587 223 622 τι
276 571 365 619 καὶ
409 567 662 640 καθαρός,
691 559 817 616 οὐδὲ
863 568 954 615 τοῦ
1008 557 1163 621 ἡδέος
1216 557 1595 631 ἀπῳκισμένος,
1634 555 1768 629 ’Ἃρ-

1950 574 2086 625 irus,
2114 574 2223 614 nec
2255 560 2560 617 suavitatis
2592 577 2827 635 expers.
2862 564 3156 637 Incipiens
3188 572 3389 627 autem
3419 569 3544 628 his-

172 675 324 729 χεται
507 662 602 714 τῆς
628 654 673 688 ²⁹
713 653 968 726 ἱστορίας,
1020 652 1089 712 ὡς
1136 646 1196 700 ἂν
1244 667 1322 709 τις
1346 648 1503 714 εἴποι,
1535 643 1636 697 ἀπὸ
1666 643 1766 698 Αύ-

1951 645 2095 704 riam
2130 647 2257 719 jam
2297 648 2457 716 inde,
2499 650 2686 707 ferme
2725 652 2991 721 dixerim,
3032 654 3110 712 ab
3148 656 3447 727 Augusto,
3487 663 3545 718 et

170 748 417 818 γούστου,
481 742 750 814 ἐπιτρέχει
803 736 862 793 δε
917 740 1109 798 πάντας
1178 739 1295 798 τοὺς
1361 738 1527 808 μέχρι
1593 732 1764 818 Διολη-

1949 742 2264 807 iperatores
2291 754 2502 795 omnes
2528 740 2607 796 ad
2636 739 3063 800 Diocletianum
3092 760 3280 817 usque
3302 762 3543 818 percur-

170 817 364 897 τιανοῡ,
395 831 557 903 ψιλὴν
600 832 777 901 ὥσπερ
821 832 915 887 τὴν
974 825 1261 901 ἀνάρρησιν
1302 829 1392 876 καὶ
1439 827 1534 882 τὴν
1584 817 1764 874 διαδο·

1949 839 2035 891 ns,
2055 826 2281 882 nudam
2298 828 2467 900 quasi
2485 826 2965 899 designationem
2983 817 3543 910 successionemque

170 926 273 992 χὴν
326 921 495 973 αὐτῶν
544 918 924 991 ἀφηγούμενος,
956 915 1086 971 Ἀπὸ
1144 912 1200 968 δε
1234 913 1601 971 Διοκλητιανού
1640 910 1764 963 πλα-

1953 930 2084 970 rum
2107 923 2575 974 commemorat:
2602 918 2748 975 dum
2786 918 2961 976 latius
2997 923 3242 980 tandem
3262 940 3299 981 a
3321 924 3545 983 Diocle-

170 1013 372 1084 τύτερον
434 1014 555 1081 περὶ
628 1016 726 1059 τῶν
806 1004 1251 1079 βεϐασιλευκὸτων
1327 998 1670 1073 διαλαμϐάνει
1719 1000 1764 1051 ἐν

1948 1019 2061 1069 mo,
2090 1004 2163 1061 de
2194 1002 2266 1059 iis
2296 1005 2401 1079 qui
2430 1006 2683 1078 imperio
2715 1009 2877 1080 potiti
2912 1008 3047 1077 sint,
3076 1010 3243 1068 libris
3273 1014 3542 1088 quinque

169 1097 393 1171 βιϐλίοις
441 1102 610 1151 πέντε·
660 1099 717 1149 τὸ
764 1097 866 1167 γὰρ
914 1102 1116 1168 πρῶτον
1172 1095 1289 1154 τοὺς
1341 1094 1507 1165 μέχρι
1556 1088 1763 1148 Διοκλη·

1946 1100 2130 1150 actare
2163 1094 2371 1165 pergit.
2409 1095 2639 1153 Primus
2669 1097 2830 1153 enim
2861 1097 3012 1156 liber
3040 1099 3431 1172 imperatores
3463 1104 3540 1162 ab

164 1195 340 1240 τιανού
390 1185 494 1239 ἀπὸ
554 1186 861 1257 Αὐγούστου
906 1182 1224 1257 ἀριθμεῖται.
1274 1185 1376 1235 Καὶ
1432 1179 1625 1255 πληροῖ
1674 1182 1758 1237 τήι

1947 1188 2145 1252 igusto
2175 1183 2252 1239 ad
2279 1184 2709 1242 Diocletianum
2739 1202 2928 1259 usque
2954 1195 3238 1256 recenset,
3270 1193 3541 1265 sextique

162 1278 313 1335 ἕκτην
367 1274 557 1348 βίϐλον
595 1274 651 1327 έκ
698 1272 909 1334 ἕκείνοις
937 1270 1356 1347 ἁπαρτιζομένην
1386 1275 1495 1332 τοῖς
1534 1272 1756 1343 χρόνοις,

1944 1271 2091 1328 iisin
2115 1273 2184 1328 iis
2209 1272 2823 1347 desinittemporibus,
2848 1276 3069 1349 quibus
3093 1278 3404 1337 Alarichus
3427 1283 3538 1355 (86)

161 1364 208 1417 ἓν
254 1366 338 1428 οἷς
386 1364 676 1439 ’Δλάριχος
725 1368 818 1422 τὴν
854 1362 1051 1435 Ῥώμην
1094 1365 1153 1414 τὸ
1187 1357 1426 1436 δεύτερον
1458 1357 1755 1430 πολιορκῶν1

1940 1378 2129 1418 )mam
2158 1361 2374 1419 iterum
2388 1362 2685 1431 obsidens,
2714 1364 2943 1422 civibus
2971 1366 3046 1424 ad
3073 1368 3345 1440 inopiam
3359 1370 3534 1428 reda-

157 1459 249 1508 καὶ
326 1463 431 1507 τῶν
498 1454 824 1506 ἐνοικούντων
887 1451 1269 1527 ἀπορουμένων,
1328 1452 1435 1502 λύει
1506 1452 1598 1506 τὴν
1677 1465 1751 1499 ποη

1945 1453 1983 1507 is
2022 1451 2399 1508 obsidionem
2437 1453 2630 1521 solvit,
2673 1454 2873 1525 eisque
2912 1454 3338 1529 imperatorem
3377 1459 3539 1517 dedit

154 1544 415 1618 λιορκίαν,
468 1542 696 1616 βασιλέα
754 1543 956 1603 τούτοις
1011 1538 1268 1594 ’Ἄτταλον
1327 1538 1565 1592 ἁνιιπών.
1639 1534 1748 1589 Εἴτε

1951 1540 2154 1606 talum,
2185 1558 2367 1615 quem
2394 1546 2594 1598 tamen
2624 1542 2839 1599 deinde
2864 1560 3070 1600 rursus
3100 1544 3400 1603 abdicavit
3425 1547 3541 1605 im-

156 1630 212 1686 δέ
267 1638 363 1685 καὶ
414 1640 511 1695 τῆς
560 1630 835 1704 βασιλιίας
874 1638 1053 1683 τοῦτον
1104 1628 1409 1702 παραλύσας
1455 1622 1549 1679 διὰ
1590 1628 1647 1678 τὸ
1696 1631 1750 1698 μή

1947 1630 2061 1696 rio,
2105 1631 2270 1703 quod
2300 1646 2554 1701 regnum
2586 1631 2693 1687 sibi
2723 1632 3006 1688 traditum
3047 1634 3245 1691 minus
3274 1642 3430 1694 recte
3458 1636 3541 1695 vi-

156 1720 331 1777 δοκεῖν
392 1717 450 1774 εὖ
496 1718 829 1775 διατίθεσθαι
863 1723 925 1779 τὴ
980 1727 1069 1780 τῆς
1123 1717 1583 1794 ἐγκεχειρισμένης
1626 1716 1750 1787 «an;

1939 1726 2113 1777 iretur
2141 1720 2559 1777 administrare
2588 1740 2600 1779 :
2630 1726 2808 1793 atque
2839 1722 2916 1778 ad
2949 1724 3269 1781 Honorium
3298 1725 3533 1796 Augus-

154 1811 456 1884 βασιλείας,
517 1814 648 1884 πρὸς
687 1809 932 1882 Ὀνὼριον
970 1812 1056 1861 τὸν
1097 1806 1323 1881 βασιλέα
1362 1808 1499 1859 κατὰ
1526 1810 1620 1865 τὴν
1649 1804 1748 1858 Ῥά·

1947 1825 2005 1866 m
2033 1812 2285 1866 Ravenaa
2307 1814 2433 1867 tum
2460 1815 2737 1879 agentem
2768 1809 2965 1866 foedus
2986 1827 3125 1869 cum
3151 1828 3222 1869 eo
3248 1812 3537 1873 initurum

152 1899 332 1953 εινναν
388 1896 734 1975 διατρίϐοντα
771 1898 842 1972 ὶφτ
975 1898 1298 1951 σπείσασθαι
1337 1898 1385 1931 ³ο
1430 1898 1553 1948 ῖετο.
1608 1893 1746 1948 Ἀλλέ

1942 1899 2053 1957 isit.
2094 1905 2315 1955 Asarus
2348 1898 2459 1971 (37)
2490 1914 2652 1967 vero,
2686 1899 2902 1956 Gothus
2931 1904 2987 1956 et
3015 1900 3162 1974 ipse,
3198 1902 3536 1962 simultates

152 1991 332 2063 Σαίρος,
395 1990 592 2051 Γότθος
652 1992 744 2041 καὶ
796 1987 967 2051 αὐτὸς,
1026 1983 1271 2059 διάφορος
1328 1982 1395 2037 ὦν
1472 1984 1739 2058 Ἀλαρίχῳ

1944 1988 2161 2043 lversus
2180 1986 2520 2043 Alarichum
2541 2002 2842 2054 exercens,
2866 2003 3002 2044 cum
3024 1990 3298 2049 trecentis
3316 1992 3538 2065 quibus

151 2084 293 2153 έχων
348 2098 407 2131 τε
458 2077 551 2131 ὑπ’
594 2078 749 2130 αὐτὸν
796 2077 931 2148 ἄχρι
976 2079 1289 2151 τριακοσίων
1336 2078 1425 2127 καὶ
1463 2076 1745 2148 προστιθείη

1945 2080 2142 2142 inerat,
2199 2075 2553 2133 Honorianis
2586 2075 2858 2148 partibus
2899 2077 3239 2149 adjunctus,
3278 2079 3538 2155 bellique

148 2168 388 2243 Ὁνωρέῳ
466 2172 561 2220 καὶ
628 2165 975 2239 συμπολεμεῖν
1049 2164 1189 2235 αύτῷ
1255 2165 1392 2217 κατά
1468 2163 1742 2237 Ἀλαρίχοι

1947 2166 2219 2223 cietatem
2236 2164 2549 2238 pollicitus,
2567 2164 2826 2222 Alarichi
2843 2165 3022 2223 rebus
3039 2168 3538 2241 impedimentum

153 2254 567 2331 διατεινόμενος,
613 2251 854 2329 ἐμποδὼν
907 2256 1060 2312 ἔστη.
1102 2258 1203 2307 Καὶ
1250 2254 1280 2311 ἠ
1332 2255 1421 2327 μεν
1470 2254 1592 2312 ἕκτη
1621 2252 1747 2325 αύτᾴ

1941 2256 2112 2327 pjecit.
2161 2257 2348 2327 Atque
2385 2254 2548 2311 hunc
2577 2255 2726 2312 sexti
2767 2254 3163 2316 Historiarum
3187 2257 3322 2316 libri
3351 2258 3535 2318 ﬁnem

154 2349 370 2420 ἱστορία
394 2342 502 2399 ὧδε
522 2344 750 2415 τελευτᾷ.

440 2342 502 2399 δι
522 2344 750 2415 τελευτᾷ.
1872 2345 2031 2404 facit.

216 2439 381 2489 Εἱποι
438 2431 491 2487 δ’
545 2436 606 2487 ἄν
657 2453 737 2497 τις
782 2432 843 2486 ού
889 2431 1092 2507 γράψαι
1145 2431 1299 2484 αύτόν
1350 2432 1606 2506 ἱστορίαν,
1636 2431 1764 2485 ἀλλὰ

1943 2436 2160 2493 Dixerit
2188 2439 2388 2493 autem
2419 2433 2639 2507 aliquis
2668 2433 2831 2491 hunc
2860 2450 2983 2492 non
3013 2451 3187 2494 suam
3216 2437 3537 2499 Historiam

144 2523 496 2598 μεταγράψαι
543 2527 638 2582 τὴν
694 2522 974 2585 Εύναπίου,
1024 2530 1097 2592 τῷ
1151 2524 1386 2593 συντόμῳ
1442 2525 1596 2594 μόνον
1645 2518 1738 2575 δια

1939 2524 2205 2597 ripsisse,
2228 2524 2331 2580 sed
2362 2523 2779 2595 Eunapianam
2804 2522 3212 2596 descripsisse,
3241 2530 3299 2581 et
3318 2527 3531 2599 partim

150 2620 441 2687 φέρουσαν,
495 2617 587 2666 καὶ
639 2614 721 2665 ὅτι
786 2611 913 2684 οὐχ,
963 2612 1137 2686 ὥσπερ
1198 2608 1403 2677 ἕκείνος,
1470 2611 1606 2664 οὕτω
1673 2632 1740 2665 κα

1936 2613 2154 2671 ’θηὶιιιίθ
2205 2615 2500 2670 duntaxat
2533 2611 2612 2668 ab
2649 2609 2749 2668 illa
2788 2611 3041 2679 differre,
3084 2614 3303 2687 partim
3351 2615 3530 2671 etiam

147 2700 306 2765 οὗτος
394 2701 696 2774 Στελίχωνα
751 2697 1016 2777 διασύρειο
1068 2703 1134 2753 τὰ
1203 2696 1261 2753 δι
1310 2699 1440 2753 ἄλλα
1492 2703 1626 2754 κατὰ
1667 2706 1741 2760 τὴ

1934 2703 2035 2759 rod
2082 2702 2352 2759 Zosimus
2389 2716 2533 2768 non,
2574 2705 2639 2758 ut
2678 2700 2792 2766 ille,
2835 2699 3185 2758 Steliconem
3240 2702 3528 2759 conviciis

149 2795 397 2867 ἱστορίαν
440 2790 575 2864 [148
616 2788 709 2864 Η.]
754 2787 951 2863 σχεδόν
981 2809 1032 2843 τι
1063 2791 1088 2842 ὁ
1127 2789 1300 2855 αὐτὸς,
1334 2795 1424 2844 καὶ
1452 2790 1688 2863 μάλιστα
1714 2790 1743 2844 ἐ

1935 2791 2236 2848 'oscindat.
2259 2791 2479 2846 Caetera
2503 2789 2947 2863 propemodum
2968 2789 3128 2848 idem
3149 2794 3236 2847 est
3254 2791 3316 2847 in
3343 2791 3529 2849 histo-

146 2890 272 2944 ταῖς
323 2889 428 2947 τῶν
472 2878 700 2933 εὐσεϐῶν
750 2877 1009 2951 βασιλέων
1052 2875 1343 2941 διαϐολαῖς.
1377 2886 1524 2932 Δοκεῖ
1571 2877 1632 2933 δέ
1673 2899 1740 2953 μο

1935 2898 1981 2949 a,
2004 2881 2136 2955 pios
2155 2879 2489 2953 prmsertim
2514 2878 2906 2952 imperatores
2932 2878 3332 2937 criminando.
3362 2879 3529 2937 Arbi-

146 2978 231 3024 καὶ
290 2971 447 3034 οὗτος
498 2965 597 3022 δύο
649 2965 906 3035 έκδόσεις,
953 2970 1125 3043 ὥσπερ
1184 2967 1438 3036 κάκεῖνος,
1490 2974 1739 3029 πεποιηκέ

1937 2987 1992 3028 3r
2021 2976 2222 3028 autem
2253 2969 2404 3025 duas
2431 2968 2594 3024 hunc
2624 2983 2889 3042 quoque,
2918 2966 3071 3024 sicut
3100 2972 3157 3025 et
3184 2967 3377 3035 illum,
3409 2968 3531 3026 edi-

144 3081 254 3117 ναι.
314 3058 479 3113 ’Δλλὸι
517 3061 703 3111 τούτου
902 3062 994 3117 τὴν
1047 3063 1299 3132 προτέραν
1358 3058 1449 3112 ούκ
1500 3056 1659 3113 εἶδον·
1709 3061 1738 3112 ές

1939 3076 2063 3117 mes
2085 3058 2427 3124 instituisse,
2449 3058 2556 3114 etsi
2578 3058 2836 3131 priorem
2862 3056 3038 3128 hujus
3062 3056 3387 3115 editionem
3408 3074 3533 3116 non

146 3152 209 3202 ὧν
272 3146 353 3220 δε,
379 3152 445 3209 ἣν
504 3146 811 3220 ἀνέγνωμεν,
856 3147 1107 3221 ἕπέγραφε
1148 3152 1284 3210 Νέας
1326 3144 1577 3210 έκδόσεως
1631 3169 1739 3222 συμ

1938 3150 2014 3217 di,
2043 3149 2337 3220 conjicere
2362 3152 2566 3205 tamen
2595 3163 2667 3204 ex
2693 3144 2967 3203 editionis
2988 3161 3161 3203 novas
3190 3146 3327 3219 (38),
3345 3163 3532 3222 quam

146 3238 328 3292 ϐαλεῖν
378 3235 442 3297 ἦν
495 3243 589 3290 καὶ
631 3235 803 3310 ἑτέραν
854 3236 1011 3308 αύτῷ,
1046 3238 1220 3311 ὥσπερ
1259 3243 1350 3291 καὶ
1389 3246 1461 3311 τῷ
1500 3238 1739 3311 Εύναπίῳ

1935 3258 1985 3299 >s
2005 3240 2284 3311 legimus,
2305 3238 2691 3310 inscriptione
2710 3236 2863 3302 licet,
2882 3234 3061 3293 etiam
3081 3235 3333 3294 alteram
3353 3236 3529 3304 hunc,

147 3325 501 3383 ἐκδεδόσθαι.
550 3330 725 3399 Σαφὴς
770 3322 829 3379 δι
883 3325 1071 3398 μᾶλλον
1123 3325 1273 3388 οὗτος
1317 3331 1401 3379 καὶ
1446 3333 1741 3401 συντομώτε

1939 3336 2027 3389 aut
2066 3335 2123 3387 et
2152 3327 2508 3401 Eunapium,
2554 3324 2913 3399 publicasse.
2946 3324 3166 3382 Verum
3211 3327 3407 3398 magis
3436 3326 3533 3383 hic

147 3438 253 3489 ρος,
310 3420 500 3490 ὥσπερ
553 3419 764 3489 ἔφημεν,
806 3415 1086 3484 Εύναπίου,
1138 3420 1228 3469 καὶ
1271 3422 1383 3478 ταῖς
1441 3425 1672 3492 τροπαῖς,
1720 3436 1741 3471 ε

1936 3438 2078 3477 anus
2108 3424 2214 3485 est,
2238 3423 2296 3475 et
2315 3418 2569 3488 brevior,
2595 3415 2673 3472 uti
2691 3414 2974 3483 diximus,
2993 3430 3181 3488 quam
3203 3415 3528 3491 Eunapius,

150 3518 215 3579 μή
252 3510 511 3575 σπάνιον,
548 3504 607 3558 ού
638 3509 979 3581 κεχρημένος.

1873 3509 2202 3584 ﬁgurisque
2229 3506 2472 3566 nonnisi
2498 3521 2636 3563 raro
2664 3505 2861 3562 utitur.

909 3592 1024 3659 ς’Θ’.

2614 3594 2791 3650 XCIX.

522 3678 847 3758 Ἡρωδιανοῦ
876 3684 1133 3755 ἱστορικοὶ
1158 3682 1304 3755 λόγοι
1337 3684 1406 3742 η’.

2173 3684 2490 3745 Herodiani
2520 3684 2911 3741 historiarum
2945 3682 3087 3739 libri
3112 3697 3229 3739 VIII.

218 3775 666 3847 ’Δνεγνώσθησαν
716 3770 1042 3848 Ἠρωδιανοῡ
1097 3776 1355 3849 ἱστορικοὶ
1407 3774 1552 3847 λόγοι
1607 3776 1762 3831 ὀκτώ.

1947 3777 2225 3849 Legimus
2266 3773 2582 3832 Herodiani
2615 3771 3006 3829 historiarum
3045 3770 3228 3827 libros
3260 3774 3417 3827 octo.
3443 3772 3532 3828 In-

154 3866 425 3941 Ἀρχεται
484 3862 543 3926 ἕξ
605 3861 666 3915 οὗ
714 3862 929 3936 Μάρκος
980 3864 1005 3915 ὀ
1052 3861 1313 3936 Ῥωμαίων
1371 3862 1621 3937 βασιλεὺς
1666 3863 1748 3919 ἔτει

1936 3868 2019 3939 pit
2057 3884 2094 3924 a
2131 3866 2300 3923 Marci
2341 3862 2582 3937 [Aurelii
2621 3858 2904 3917 Antonini
2960 3858 3327 3932 philosophi]
3359 3862 3530 3917 Rom.

150 3954 401 4019 λτᾶτησε,
446 3956 542 4005 καὶ
599 3947 845 4013 διέξεισιν
893 3952 1031 4015 ὅπως
1085 3970 1139 4005 τε
1185 3949 1424 4026 Κὸμοδος
1474 3955 1499 4005 ὁ
1547 3956 1744 4031 Μάρκοτ

1941 3954 2250 4030 iperatoris
2289 3966 2555 4017 excessu,
2597 3948 2909 4022 pergitque
2947 3962 3131 4021 porro
3170 3962 3436 4015 narrare,
3468 3952 3535 4004 ut

152 4046 269 4105 υἱὸς
322 4042 683 4105 έδασΰιυσεν,
735 4043 869 4103 ὅπως
921 4061 975 4095 τε
1021 4050 1120 4095 τῶν
1162 4048 1417 4118 πατρῴων
1466 4043 1605 4102 ἠθῶν
1666 4046 1746 4097 ύπ‹

1940 4043 2246 4103 ωιωοᾱιιε
2270 4040 2441 4100 Marci
2469 4038 2623 4095 ﬁlius
2651 4037 2811 4110 85a
2840 4036 3165 4109 imperium
3199 4035 3534 4107 adeptus,a

153 4142 260 4185 τῶν
301 4132 541 4185 κολάκων
595 4128 947 4194 ὶκδιαιτηθιὶς
992 4131 1205 4207 ὕστερον
1245 4132 1345 4184 ύπὸ
1394 4137 1630 4206 Μαρκίας
1673 4144 1735 4195 τῆ

1937 4133 2137 4191 iternis
2156 4130 2438 4195 moribus,
2460 4125 2895 4185 assentantium
2912 4140 3116 4197 opera,
3136 4123 3531 4197 degenerarit;

154 4224 323 4275 αὑτοῦ
374 4220 644 4281 παλλακῆς
689 4226 779 4273 καὶ
818 4224 1017 4273 Λαίτου
1047 4225 1136 4273 καὶ
1180 4220 1450 4275 Ἐκλέκτου
1498 4242 1748 4278 σνσκευα·

1934 4224 2243 4294 .ndemque
2261 4237 2297 4277 a
2322 4217 2542 4275 Marcia
2570 4215 2799 4288 pellice,
2832 4219 2888 4270 et
2914 4214 3064 4269 Laeto
3094 4218 3274 4286 atque
3310 4212 3528 4281 Electo,

155 4314 296 4373 σθεὶς
354 4310 611 4384 ἀνῃρέθη.
670 4314 770 4364 Καὶ
837 4307 1107 4382 βασιλεύει
1166 4310 1420 4386 Περτίναξ
1474 4312 1749 4385 πρεσϐύτηη

1938 4313 2101 4372 iratis
2117 4309 2345 4368 insidiis
2366 4307 2687 4365 exstinctus
2704 4304 2799 4360 sit.
2830 4301 2977 4375 [Lib.
2996 4300 3083 4375 11.]
3103 4301 3373 4358 Pertinax
3393 4302 3532 4359 hinc

156 4408 245 4453 καὶ
281 4402 447 4462 καλὸς
491 4401 560 4450 τὰ
605 4400 730 4457 ἤθη·
776 4398 831 4450 ὃν
876 4400 925 4451 οἱ
968 4408 1305 4472 στρατιῶται,
1352 4399 1744 4475 ἁπεχθανόμενο

1938 4403 2195 4476 mperium
2217 4399 2420 4464 tenuit,
2448 4395 2799 4467 grandaevus
2822 4392 2968 4465 jam,
2996 4390 3380 4466 honestisque
3408 4407 3532 4449 mo-

159 4496 213 4542 τὸ
266 4497 508 4562 σῶςθρον,
563 4483 937 4559 εἰσδραμόντες
979 4486 1027 4539 έν
1058 4496 1120 4561 τῇ
1175 4487 1430 4564 βασιλικῇ
1477 4496 1753 4547 κτείνουσιι

1938 4500 2054 4549 bus.
2087 4492 2273 4558 Quem
2308 4486 2540 4551 milites,
2572 4482 2875 4540 modestia:
2901 4479 3143 4537 nomine
3169 4496 3444 4549 exosum,
3472 4480 3532 4538 in

158 4578 301 4651 οἰκία
328 4580 402 4633 ³⁸.
451 4580 553 4631 Καὶ
606 4577 744 4638 ὅπως
797 4576 1069 4638 Ἰουλιανὸς
1122 4579 1222 4631 ὑπὸ
1281 4586 1381 4631 τῶν
1436 4591 1752 4649 στρατιωτῶι

1937 4583 2102 4641 [τίθη]
2124 4581 2253 4651 ejus
2282 4578 2673 4648 irrumpentes
2695 4571 3079 4628 obtruncant.
3106 4567 3248 4624 Hinc
3270 4567 3531 4624 Julianus

158 4675 413 4740 χρήμασι
464 4664 637 4719 λαϐὼν
682 4670 773 4725 τήν
831 4664 1027 4740 ἀρχὴν,
1059 4668 1169 4739 μετ’
1200 4667 1261 4720 ού
1294 4667 1422 4722 πολύ
1454 4678 1563 4731 ταῖς
1597 4672 1752 4725 αύτῶῑ

1936 4670 2215 4729 militibus
2236 4682 2359 4724 non
2376 4666 2474 4721 diu
2492 4664 2902 4736 postemptum
2922 4655 3530 4731 pecuniaimperium,

161 4755 389 4831 ἔσῃρέθη
456 4760 669 4828 χερσίν.
724 4754 900 4817 Ὀπως
966 4774 1022 4809 τε
1074 4760 1292 4831 Νίγρος,
1344 4756 1471 4831 ἀνὴρ
1541 4760 1755 4822 ἐπιεικὴς

1941 4776 2145 4818 eorum
2171 4756 2481 4830 jugulatns
2508 4749 2810 4818 manibus,
2838 4747 3053 4836 amisit.
3081 4744 3227 4836 [_Lib.
3251 4746 3330 4817 3.]
3358 4745 3534 4836 Niger

162 4842 289 4899 εἶναι
356 4842 553 4913 δοκῶν,
601 4845 794 4907 ζῶντος
855 4846 929 4898 ἔτι
1001 4844 1288 4900 ἰουλιανοῦ
1343 4847 1411 4910 εἰς
1472 4856 1756 4925 μοναρχίαι

1938 4856 2101 4914 item,
2138 4846 2297 4903 mitis
2342 4846 2640 4917 quantum
2685 4835 3019 4911 apparebat
3061 4833 3171 4903 vir,
3221 4834 3532 4925 superstite

163 4936 319 5009 ἑρθιι.
356 4934 467 4992 Καὶ
517 4933 733 5008 Σιϐῆρος
759 4934 807 4973 ³³
868 4930 941 5001 δε,
980 4933 1107 5011 ἀνὴρ
1157 4934 1408 5010 ἀγχίνους
1446 4958 1501 4994 τε
1543 4924 1634 4994 καὶ
1676 4945 1757 4995 πό-

1939 4939 2207 4996 iamnum
2232 4932 2467 4991 Juliano
2505 4930 2585 4989 ad
2613 4925 2932 5000 imperium
2961 4928 3201 4980 evectus
3229 4928 3334 4981 est.
3366 4924 3533 4980 Hunc

1527 5064 1753 5122 VARIE
1791 5061 2079 5123 LECTION
2087 5062 2186 5118 ES.

229 5186 281 5222 ”
309 5186 500 5247 τῆεΔι
532 5186 617 5247 τές
640 5204 698 5250 ς’.
770 5182 821 5219 ⁸ο
857 5183 1148 5239 πείσασθαι
1170 5186 1318 5241 ιῖετο.
1346 5184 1484 5244 Ἀλλ’
1515 5185 1745 5266 ’Δσαρος
1772 5210 1828 5256 ς.
1907 5189 1951 5225 ’ί
1978 5187 2146 5259 οἰκείᾳ
2176 5206 2230 5251 ς’.
2310 5185 2355 5220 ⁸³
2389 5187 2609 5254 Σιυῆρος
2630 5198 2685 5243 ς’.

1740 5311 1969 5372 NOT/E.

233 5450 347 5520 (36)
370 5453 453 5508 De
475 5450 569 5507 his
595 5449 728 5521 lege
751 5448 1273 5522 Olympiodorum.
1299 5468 1481 5527 supra
1505 5454 1639 5513 cod.
1670 5459 1760 5524 80,
1947 5454 2059 5527 (38)
2091 5452 2279 5508 Aliam
2307 5446 2488 5513 hujus
2509 5439 2874 5526 _epigraphes
2902 5439 3062 5523 hanc
3090 5437 3383 5523 rationem
3408 5454 3532 5524 no-

162 5524 223 5571 in
258 5524 439 5571 princ.
1876 5524 2281 5571 tavitmlidam
2300 5519 2375 5571 ad
2393 5519 2696 5571 Zosimum
2728 5529 2742 5566 :
2770 5528 2947 5571 quasi
2966 5517 3230 5571 veterum
3251 5513 3456 5570 Dionis
3475 5516 3533 5571 et

160 5524 223 5577 in
248 5519 439 5593 ’Pfinc-
661 5519 681 5521 “
824 5519 837 5522 ’
932 5519 950 5522 ⁷
1375 5519 1394 5527 ”
1746 5519 1757 5524 ⁷
1876 5519 2050 5583 tavit'
2082 5524 2281 5580 uidam
2300 5519 2375 5575 ad
2393 5519 2696 5573 Zosimum
2728 5529 2742 5566 :
2770 5519 2947 5586 quasi
2966 5519 3230 5571 veterum
3251 5519 3507 5570 Dionise

236 5592 721 5677 (³⁷),οιῐωρὶρά
744 5607 934 5677 supra
956 5591 1089 5651 cod.
1121 5596 1209 5663 80,
1240 5595 1303 5654 in
1332 5595 1521 5670 princ.
1552 5599 1765 5658 Surum
1878 5541 2194 5656 Herogiani
2220 5589 2470 5650 historia
2490 5585 2853 5645 attexuisset.

162 5670 451 5736 perpetuo
480 5669 781 5725 nominat.
