  <div class='ocr_page' id='page_1' title='image "/cluster/home/n/w/nwhite01/storage/ocr_20150623/103/hvd.32044054112495/195.png"; bbox 0 0 4036 6214; ppageno 0'>
   <div class='ocr_carea' id='block_1_1' title="bbox 574 249 677 308">
    <p class='ocr_par' dir='ltr' id='par_1_1' title="bbox 574 249 677 308">
     <span class='ocr_line' id='line_1_1' title="bbox 574 249 677 308; baseline -0.019 -1"><span class='ocrx_word' id='word_1_1' title='bbox 574 249 677 308; x_wconf 83' lang='lat'>367</span> 
     </span>
    </p>
   </div>
   <div class='ocr_carea' id='block_1_2' title="bbox 1805 240 2693 301">
    <p class='ocr_par' dir='ltr' id='par_1_2' title="bbox 1805 240 2693 301">
     <span class='ocr_line' id='line_1_2' title="bbox 1805 240 2693 301; baseline -0.003 0"><span class='ocrx_word' id='word_1_2' title='bbox 1805 244 2044 301; x_wconf 86' lang='lat' dir='ltr'>PHOTII</span> <span class='ocrx_word' id='word_1_3' title='bbox 2073 240 2545 300; x_wconf 71' lang='lat' dir='ltr'>PATRIARCHAS</span> <span class='ocrx_word' id='word_1_4' title='bbox 2585 242 2693 299; x_wconf 90' lang='lat' dir='ltr'>CP.</span> 
     </span>
    </p>
   </div>
   <div class='ocr_carea' id='block_1_3' title="bbox 3762 245 3842 302">
    <p class='ocr_par' dir='ltr' id='par_1_3' title="bbox 3762 245 3842 302">
     <span class='ocr_line' id='line_1_3' title="bbox 3762 245 3842 302; baseline -0.013 0"><span class='ocrx_word' id='word_1_5' title='bbox 3762 245 3842 302; x_wconf 82' lang='lat'>368</span> 
     </span>
    </p>
   </div>
   <div class='ocr_carea' id='block_1_4' title="bbox 578 364 2243 444">
    <p class='ocr_par' dir='ltr' id='par_1_4' title="bbox 578 370 2239 444">
     <span class='ocr_line' id='line_1_4' title="bbox 578 370 2239 444; baseline -0.006 -10"><span class='ocrx_word' id='word_1_6' title='bbox 578 377 853 444; x_wconf 80' lang='lat' dir='ltr'>Severus,</span> <span class='ocrx_word' id='word_1_7' title='bbox 883 373 971 429; x_wconf 92' lang='lat' dir='ltr'>vir</span> <span class='ocrx_word' id='word_1_8' title='bbox 1001 372 1179 429; x_wconf 91' lang='lat' dir='ltr'>solers</span> <span class='ocrx_word' id='word_1_9' title='bbox 1208 371 1656 444; x_wconf 88' lang='lat' dir='ltr'>tolerandisque</span> <span class='ocrx_word' id='word_1_10' title='bbox 1680 370 1992 427; x_wconf 82' lang='lat' dir='ltr'>laboribus</span> <span class='ocrx_word' id='word_1_11' title='bbox 2021 370 2239 426; x_wconf 89' lang='lat' dir='ltr'>exerci-</span> 
     </span>
    </p>
   </div>
   <div class='ocr_carea' id='block_1_5' title="bbox 2353 364 3846 444">
    <p class='ocr_par' dir='ltr' id='par_1_5' title="bbox 2353 364 3846 443">
     <span class='ocr_line' id='line_1_5' title="bbox 2353 364 3846 443; baseline -0.001 -21"><span class='ocrx_word' id='word_1_12' title='bbox 2353 390 2447 430; x_wconf 89' lang='grc' dir='ltr'>νοις</span> <span class='ocrx_word' id='word_1_13' title='bbox 2532 366 2702 429; x_wconf 75' lang='grc' dir='ltr'>δεινός</span> <span class='ocrx_word' id='word_1_14' title='bbox 2774 366 3092 443; x_wconf 71' lang='grc' dir='ltr'>ἐγκαρτερεῖν</span> <span class='ocrx_word' id='word_1_15' title='bbox 3172 369 3262 419; x_wconf 81' lang='grc' dir='ltr'>καὶ</span> <span class='ocrx_word' id='word_1_16' title='bbox 3330 364 3645 439; x_wconf 81' lang='grc' dir='ltr'>βαθυγνώμων</span> <span class='ocrx_word' id='word_1_17' title='bbox 3699 368 3846 433; x_wconf 74' lang='grc' dir='ltr'>ἄλλως,</span> 
     </span>
    </p>
   </div>
   <div class='ocr_carea' id='block_1_6' title="bbox 576 460 2236 535">
    <p class='ocr_par' dir='ltr' id='par_1_6' title="bbox 576 460 2236 535">
     <span class='ocr_line' id='line_1_6' title="bbox 576 460 2236 535; baseline -0.005 -14"><span class='ocrx_word' id='word_1_18' title='bbox 576 470 691 531; x_wconf 85' lang='lat' dir='ltr'>tus,</span> <span class='ocrx_word' id='word_1_19' title='bbox 733 470 791 520; x_wconf 89' lang='lat' dir='ltr'>et</span> <span class='ocrx_word' id='word_1_20' title='bbox 828 462 1098 535; x_wconf 83' lang='lat' dir='ltr'>alioquin</span> <span class='ocrx_word' id='word_1_21' title='bbox 1138 466 1383 525; x_wconf 81' lang='lat' dir='ltr'>astutus,</span> <span class='ocrx_word' id='word_1_22' title='bbox 1428 461 1660 534; x_wconf 89' lang='lat' dir='ltr'>imperii</span> <span class='ocrx_word' id='word_1_23' title='bbox 1699 466 1907 516; x_wconf 86' lang='lat' dir='ltr'>nactus</span> <span class='ocrx_word' id='word_1_24' title='bbox 1945 460 2236 523; x_wconf 84' lang='lat' dir='ltr'>habenas,</span> 
     </span>
    </p>
   </div>
   <div class='ocr_carea' id='block_1_7' title="bbox 578 548 2237 626">
    <p class='ocr_par' dir='ltr' id='par_1_7' title="bbox 578 548 2237 626">
     <span class='ocr_line' id='line_1_7' title="bbox 578 548 2237 626; baseline -0.003 -17"><span class='ocrx_word' id='word_1_25' title='bbox 578 568 786 626; x_wconf 88' lang='lat' dir='ltr'>pugna</span> <span class='ocrx_word' id='word_1_26' title='bbox 810 552 1033 608; x_wconf 88' lang='lat' dir='ltr'>victum</span> <span class='ocrx_word' id='word_1_27' title='bbox 1059 550 1311 618; x_wconf 77' lang='lat' dir='ltr'>sustulit,</span> <span class='ocrx_word' id='word_1_28' title='bbox 1342 556 1400 607; x_wconf 91' lang='lat' dir='ltr'>et</span> <span class='ocrx_word' id='word_1_29' title='bbox 1419 550 1717 607; x_wconf 88' lang='lat' dir='ltr'>obstantia</span> <span class='ocrx_word' id='word_1_30' title='bbox 1736 564 1993 623; x_wconf 70' lang='lat' dir='ltr'>quaeque</span> <span class='ocrx_word' id='word_1_31' title='bbox 2019 548 2237 620; x_wconf 82' lang='lat' dir='ltr'>partim</span> 
     </span>
    </p>
   </div>
   <div class='ocr_carea' id='block_1_8' title="bbox 579 638 2235 713">
    <p class='ocr_par' dir='ltr' id='par_1_8' title="bbox 579 638 2235 713">
     <span class='ocr_line' id='line_1_8' title="bbox 579 638 2235 713; baseline -0.002 -17"><span class='ocrx_word' id='word_1_32' title='bbox 579 641 792 699; x_wconf 84' lang='lat' dir='ltr'>validis</span> <span class='ocrx_word' id='word_1_33' title='bbox 844 640 1077 713; x_wconf 72' lang='lat' dir='ltr'>prmliis,</span> <span class='ocrx_word' id='word_1_34' title='bbox 1122 640 1336 712; x_wconf 86' lang='lat' dir='ltr'>partim</span> <span class='ocrx_word' id='word_1_35' title='bbox 1377 639 1604 696; x_wconf 84' lang='lat' dir='ltr'>callidis</span> <span class='ocrx_word' id='word_1_36' title='bbox 1642 639 1869 696; x_wconf 90' lang='lat' dir='ltr'>artibus</span> <span class='ocrx_word' id='word_1_37' title='bbox 1918 638 2235 710; x_wconf 85' lang='lat' dir='ltr'>superavit.</span> 
     </span>
    </p>
   </div>
   <div class='ocr_carea' id='block_1_9' title="bbox 579 728 2238 792">
    <p class='ocr_par' dir='ltr' id='par_1_9' title="bbox 579 728 2238 792">
     <span class='ocr_line' id='line_1_9' title="bbox 579 728 2238 792; baseline -0.003 -6"><span class='ocrx_word' id='word_1_38' title='bbox 579 731 801 787; x_wconf 90' lang='lat' dir='ltr'>Verum</span> <span class='ocrx_word' id='word_1_39' title='bbox 858 730 917 785; x_wconf 93' lang='lat' dir='ltr'>in</span> <span class='ocrx_word' id='word_1_40' title='bbox 975 728 1248 785; x_wconf 90' lang='lat' dir='ltr'>subditos</span> <span class='ocrx_word' id='word_1_41' title='bbox 1300 728 1648 785; x_wconf 85' lang='lat' dir='ltr'>insolentior</span> <span class='ocrx_word' id='word_1_42' title='bbox 1699 728 1969 784; x_wconf 85' lang='lat' dir='ltr'>redditus</span> <span class='ocrx_word' id='word_1_43' title='bbox 2026 732 2132 792; x_wconf 91' lang='lat' dir='ltr'>est,</span> <span class='ocrx_word' id='word_1_44' title='bbox 2183 730 2238 782; x_wconf 89' lang='lat' dir='ltr'>et</span> 
     </span>
    </p>
   </div>
   <div class='ocr_carea' id='block_1_10' title="bbox 579 816 2234 888">
    <p class='ocr_par' dir='ltr' id='par_1_10' title="bbox 579 816 2234 888">
     <span class='ocr_line' id='line_1_10' title="bbox 579 816 2234 888; baseline -0.005 -11"><span class='ocrx_word' id='word_1_45' title='bbox 579 819 794 877; x_wconf 91' lang='lat' dir='ltr'>morbo</span> <span class='ocrx_word' id='word_1_46' title='bbox 815 818 1162 885; x_wconf 84' lang='lat' dir='ltr'>exstinctus,</span> <span class='ocrx_word' id='word_1_47' title='bbox 1196 818 1342 874; x_wconf 91' lang='lat' dir='ltr'>dum</span> <span class='ocrx_word' id='word_1_48' title='bbox 1364 819 1669 874; x_wconf 85' lang='lat' dir='ltr'>Britannos</span> <span class='ocrx_word' id='word_1_49' title='bbox 1692 817 1848 874; x_wconf 90' lang='lat' dir='ltr'>bello</span> <span class='ocrx_word' id='word_1_50' title='bbox 1876 816 2234 888; x_wconf 79' lang='lat' dir='ltr'>aggreditur.</span> 
     </span>
    </p>
   </div>
   <div class='ocr_carea' id='block_1_11' title="bbox 583 905 2239 981">
    <p class='ocr_par' dir='ltr' id='par_1_11' title="bbox 583 905 2239 981">
     <span class='ocr_line' id='line_1_11' title="bbox 583 905 2239 981; baseline -0.002 -17"><span class='ocrx_word' id='word_1_51' title='bbox 583 907 757 981; x_wconf 86' lang='lat' dir='ltr'>[Lib.</span> <span class='ocrx_word' id='word_1_52' title='bbox 800 905 929 980; x_wconf 80' lang='lat' dir='ltr'>lV.]</span> <span class='ocrx_word' id='word_1_53' title='bbox 972 906 1316 964; x_wconf 87' lang='lat' dir='ltr'>Antoninus</span> <span class='ocrx_word' id='word_1_54' title='bbox 1376 906 1515 962; x_wconf 91' lang='lat' dir='ltr'>inde</span> <span class='ocrx_word' id='word_1_55' title='bbox 1576 906 1839 963; x_wconf 88' lang='lat' dir='ltr'>ﬁliorum</span> <span class='ocrx_word' id='word_1_56' title='bbox 1900 907 2031 977; x_wconf 87' lang='lat' dir='ltr'>ejus</span> <span class='ocrx_word' id='word_1_57' title='bbox 2092 909 2239 961; x_wconf 89' lang='lat' dir='ltr'>natu</span> 
     </span>
    </p>
   </div>
   <div class='ocr_carea' id='block_1_12' title="bbox 579 995 2239 1068">
    <p class='ocr_par' dir='ltr' id='par_1_12' title="bbox 579 995 2239 1068">
     <span class='ocr_line' id='line_1_12' title="bbox 579 995 2239 1068; baseline -0.004 -13"><span class='ocrx_word' id='word_1_58' title='bbox 579 997 796 1068; x_wconf 90' lang='lat' dir='ltr'>major,</span> <span class='ocrx_word' id='word_1_59' title='bbox 838 996 1060 1052; x_wconf 68' lang='lat' dir='ltr'>foedere</span> <span class='ocrx_word' id='word_1_60' title='bbox 1099 1012 1233 1051; x_wconf 93' lang='lat' dir='ltr'>cum</span> <span class='ocrx_word' id='word_1_61' title='bbox 1274 995 1365 1051; x_wconf 89' lang='lat' dir='ltr'>his</span> <span class='ocrx_word' id='word_1_62' title='bbox 1407 996 1552 1051; x_wconf 90' lang='lat' dir='ltr'>inito</span> <span class='ocrx_word' id='word_1_63' title='bbox 1589 996 1846 1060; x_wconf 87' lang='lat' dir='ltr'>revertit,</span> <span class='ocrx_word' id='word_1_64' title='bbox 1889 995 2239 1065; x_wconf 90' lang='lat' dir='ltr'>sociumque</span> 
     </span>
    </p>
   </div>
   <div class='ocr_carea' id='block_1_13' title="bbox 579 1084 2236 1158">
    <p class='ocr_par' dir='ltr' id='par_1_13' title="bbox 579 1084 2236 1158">
     <span class='ocr_line' id='line_1_13' title="bbox 579 1084 2236 1158; baseline -0.004 -14"><span class='ocrx_word' id='word_1_65' title='bbox 579 1085 835 1158; x_wconf 90' lang='lat' dir='ltr'>imperii,</span> <span class='ocrx_word' id='word_1_66' title='bbox 903 1085 991 1139; x_wconf 89' lang='lat' dir='ltr'>vel</span> <span class='ocrx_word' id='word_1_67' title='bbox 1060 1085 1282 1140; x_wconf 88' lang='lat' dir='ltr'>invitus</span> <span class='ocrx_word' id='word_1_68' title='bbox 1350 1084 1608 1156; x_wconf 88' lang='lat' dir='ltr'>sumpsit</span> <span class='ocrx_word' id='word_1_69' title='bbox 1669 1087 1872 1141; x_wconf 88' lang='lat' dir='ltr'>Getam</span> <span class='ocrx_word' id='word_1_70' title='bbox 1941 1084 2236 1139; x_wconf 84' lang='lat' dir='ltr'>fratrem:</span> 
     </span>
    </p>
   </div>
   <div class='ocr_carea' id='block_1_14' title="bbox 580 1172 2242 1249">
    <p class='ocr_par' dir='ltr' id='par_1_14' title="bbox 580 1172 2242 1249">
     <span class='ocr_line' id='line_1_14' title="bbox 580 1172 2242 1249; baseline -0.003 -18"><span class='ocrx_word' id='word_1_71' title='bbox 580 1191 763 1249; x_wconf 88' lang='lat' dir='ltr'>quem</span> <span class='ocrx_word' id='word_1_72' title='bbox 801 1177 938 1247; x_wconf 89' lang='lat' dir='ltr'>post</span> <span class='ocrx_word' id='word_1_73' title='bbox 977 1173 1156 1245; x_wconf 92' lang='lat' dir='ltr'>paulo</span> <span class='ocrx_word' id='word_1_74' title='bbox 1205 1173 1265 1228; x_wconf 94' lang='lat' dir='ltr'>in</span> <span class='ocrx_word' id='word_1_75' title='bbox 1312 1173 1476 1228; x_wconf 73' lang='lat' dir='ltr'>Juliaa</span> <span class='ocrx_word' id='word_1_76' title='bbox 1514 1174 1824 1245; x_wconf 89' lang='lat' dir='ltr'>utriusque</span> <span class='ocrx_word' id='word_1_77' title='bbox 1858 1174 2064 1229; x_wconf 91' lang='lat' dir='ltr'>matris</span> <span class='ocrx_word' id='word_1_78' title='bbox 2107 1172 2242 1227; x_wconf 90' lang='lat' dir='ltr'>sinu</span> 
     </span>
    </p>
   </div>
   <div class='ocr_carea' id='block_1_15' title="bbox 579 1262 2242 1335">
    <p class='ocr_par' dir='ltr' id='par_1_15' title="bbox 579 1262 2242 1335">
     <span class='ocr_line' id='line_1_15' title="bbox 579 1262 2242 1335; baseline -0.004 -13"><span class='ocrx_word' id='word_1_79' title='bbox 579 1265 896 1322; x_wconf 90' lang='lat' dir='ltr'>interemit.</span> <span class='ocrx_word' id='word_1_80' title='bbox 957 1262 1060 1317; x_wconf 88' lang='lat' dir='ltr'>Hic</span> <span class='ocrx_word' id='word_1_81' title='bbox 1118 1262 1485 1330; x_wconf 89' lang='lat' dir='ltr'>crudelitate,</span> <span class='ocrx_word' id='word_1_82' title='bbox 1544 1264 1830 1335; x_wconf 90' lang='lat' dir='ltr'>omnique</span> <span class='ocrx_word' id='word_1_83' title='bbox 1878 1262 2242 1334; x_wconf 89' lang='lat' dir='ltr'>turpitudine</span> 
     </span>
    </p>
   </div>
   <div class='ocr_carea' id='block_1_16' title="bbox 580 1352 2244 1425">
    <p class='ocr_par' dir='ltr' id='par_1_16' title="bbox 580 1352 2244 1425">
     <span class='ocr_line' id='line_1_16' title="bbox 580 1352 2244 1425; baseline -0.002 -14"><span class='ocrx_word' id='word_1_84' title='bbox 580 1355 812 1411; x_wconf 79' lang='lat' dir='ltr'>vincere</span> <span class='ocrx_word' id='word_1_85' title='bbox 838 1368 1044 1409; x_wconf 89' lang='lat' dir='ltr'>omnes</span> <span class='ocrx_word' id='word_1_86' title='bbox 1077 1352 1464 1421; x_wconf 89' lang='lat' dir='ltr'>contendens,</span> <span class='ocrx_word' id='word_1_87' title='bbox 1491 1353 1637 1408; x_wconf 91' lang='lat' dir='ltr'>dum</span> <span class='ocrx_word' id='word_1_88' title='bbox 1669 1354 1826 1409; x_wconf 91' lang='lat' dir='ltr'>circa</span> <span class='ocrx_word' id='word_1_89' title='bbox 1860 1353 2091 1425; x_wconf 86' lang='lat' dir='ltr'>Syriam</span> <span class='ocrx_word' id='word_1_90' title='bbox 2119 1368 2244 1408; x_wconf 88' lang='lat' dir='ltr'>ver-</span> 
     </span>
    </p>
   </div>
   <div class='ocr_carea' id='block_1_17' title="bbox 582 1440 2242 1514">
    <p class='ocr_par' dir='ltr' id='par_1_17' title="bbox 582 1440 2242 1514">
     <span class='ocr_line' id='line_1_17' title="bbox 582 1440 2242 1514; baseline -0.002 -13"><span class='ocrx_word' id='word_1_91' title='bbox 582 1448 768 1511; x_wconf 85' lang='lat' dir='ltr'>satur,</span> <span class='ocrx_word' id='word_1_92' title='bbox 810 1442 1039 1498; x_wconf 90' lang='lat' dir='ltr'>insidiis</span> <span class='ocrx_word' id='word_1_93' title='bbox 1090 1442 1322 1514; x_wconf 87' lang='lat' dir='ltr'>petitur,</span> <span class='ocrx_word' id='word_1_94' title='bbox 1362 1458 1519 1514; x_wconf 90' lang='lat' dir='ltr'>quas</span> <span class='ocrx_word' id='word_1_95' title='bbox 1560 1440 1639 1497; x_wconf 90' lang='lat' dir='ltr'>illi</span> <span class='ocrx_word' id='word_1_96' title='bbox 1689 1443 1978 1498; x_wconf 85' lang='lat' dir='ltr'>Macrinus</span> <span class='ocrx_word' id='word_1_97' title='bbox 2017 1442 2242 1498; x_wconf 77' lang='lat' dir='ltr'>caedem</span> 
     </span>
    </p>
   </div>
   <div class='ocr_carea' id='block_1_18' title="bbox 579 1531 2239 1608">
    <p class='ocr_par' dir='ltr' id='par_1_18' title="bbox 579 1531 2239 1608">
     <span class='ocr_line' id='line_1_18' title="bbox 579 1531 2239 1608; baseline -0.002 -17"><span class='ocrx_word' id='word_1_98' title='bbox 579 1535 821 1597; x_wconf 89' lang='lat' dir='ltr'>veritus,</span> <span class='ocrx_word' id='word_1_99' title='bbox 841 1538 893 1587; x_wconf 90' lang='lat' dir='ltr'>et</span> <span class='ocrx_word' id='word_1_100' title='bbox 908 1538 1260 1604; x_wconf 74' lang='lat' dir='ltr'>praevertere</span> <span class='ocrx_word' id='word_1_101' title='bbox 1277 1537 1547 1597; x_wconf 87' lang='lat' dir='ltr'>conatus,</span> <span class='ocrx_word' id='word_1_102' title='bbox 1563 1533 1950 1605; x_wconf 89' lang='lat' dir='ltr'>comparavit.</span> <span class='ocrx_word' id='word_1_103' title='bbox 1976 1531 2134 1603; x_wconf 86' lang='lat' dir='ltr'>[Lib.</span> <span class='ocrx_word' id='word_1_104' title='bbox 2152 1535 2239 1608; x_wconf 88' lang='lat' dir='ltr'>v.]</span> 
     </span>
    </p>
   </div>
   <div class='ocr_carea' id='block_1_19' title="bbox 583 1621 2245 1691">
    <p class='ocr_par' dir='ltr' id='par_1_19' title="bbox 583 1621 2245 1691">
     <span class='ocr_line' id='line_1_19' title="bbox 583 1621 2245 1691; baseline -0.004 -9"><span class='ocrx_word' id='word_1_105' title='bbox 583 1622 828 1682; x_wconf 88' lang='lat' dir='ltr'>Sublato</span> <span class='ocrx_word' id='word_1_106' title='bbox 886 1621 1063 1691; x_wconf 83' lang='lat' dir='ltr'>igitur</span> <span class='ocrx_word' id='word_1_107' title='bbox 1115 1622 1437 1686; x_wconf 84' lang='lat' dir='ltr'>Antonino,</span> <span class='ocrx_word' id='word_1_108' title='bbox 1498 1626 1710 1691; x_wconf 81' lang='lat' dir='ltr'>regnat</span> <span class='ocrx_word' id='word_1_109' title='bbox 1774 1621 2088 1687; x_wconf 86' lang='lat' dir='ltr'>Macrinus,</span> <span class='ocrx_word' id='word_1_110' title='bbox 2156 1622 2245 1677; x_wconf 91' lang='lat' dir='ltr'>vir</span> 
     </span>
    </p>
   </div>
   <div class='ocr_carea' id='block_1_20' title="bbox 582 1711 2243 1784">
    <p class='ocr_par' dir='ltr' id='par_1_20' title="bbox 582 1711 2243 1784">
     <span class='ocr_line' id='line_1_20' title="bbox 582 1711 2243 1784; baseline -0.002 -15"><span class='ocrx_word' id='word_1_111' title='bbox 582 1717 755 1769; x_wconf 69' lang='lat' dir='ltr'>aetate</span> <span class='ocrx_word' id='word_1_112' title='bbox 812 1726 1054 1784; x_wconf 92' lang='lat' dir='ltr'>quoque</span> <span class='ocrx_word' id='word_1_113' title='bbox 1116 1711 1494 1781; x_wconf 71' lang='lat' dir='ltr'>grandaevus,</span> <span class='ocrx_word' id='word_1_114' title='bbox 1563 1712 1815 1780; x_wconf 88' lang='lat' dir='ltr'>ignavus</span> <span class='ocrx_word' id='word_1_115' title='bbox 1874 1711 2243 1782; x_wconf 87' lang='lat' dir='ltr'>minimeque</span> 
     </span>
    </p>
   </div>
   <div class='ocr_carea' id='block_1_21' title="bbox 582 1800 2239 1867">
    <p class='ocr_par' dir='ltr' id='par_1_21' title="bbox 582 1800 2239 1867">
     <span class='ocr_line' id='line_1_21' title="bbox 582 1800 2239 1867; baseline -0.001 -9"><span class='ocrx_word' id='word_1_116' title='bbox 582 1802 916 1863; x_wconf 90' lang='lat' dir='ltr'>continens,</span> <span class='ocrx_word' id='word_1_117' title='bbox 958 1806 1171 1857; x_wconf 64' lang='lat' dir='ltr'>caetera</span> <span class='ocrx_word' id='word_1_118' title='bbox 1210 1816 1350 1856; x_wconf 90' lang='lat' dir='ltr'>vero</span> <span class='ocrx_word' id='word_1_119' title='bbox 1388 1800 1537 1856; x_wconf 91' lang='lat' dir='ltr'>lenis</span> <span class='ocrx_word' id='word_1_120' title='bbox 1576 1817 1647 1856; x_wconf 91' lang='lat' dir='ltr'>ac</span> <span class='ocrx_word' id='word_1_121' title='bbox 1675 1802 1852 1856; x_wconf 89' lang='lat' dir='ltr'>mitis.</span> <span class='ocrx_word' id='word_1_122' title='bbox 1893 1802 2027 1857; x_wconf 84' lang='lat' dir='ltr'>Jam</span> <span class='ocrx_word' id='word_1_123' title='bbox 2066 1804 2239 1867; x_wconf 87' lang='lat' dir='ltr'>Mesa,</span> 
     </span>
    </p>
   </div>
   <div class='ocr_carea' id='block_1_22' title="bbox 581 1888 2243 1964">
    <p class='ocr_par' dir='ltr' id='par_1_22' title="bbox 581 1888 2243 1964">
     <span class='ocr_line' id='line_1_22' title="bbox 581 1888 2243 1964; baseline -0.001 -18"><span class='ocrx_word' id='word_1_124' title='bbox 581 1906 716 1964; x_wconf 62' lang='lat' dir='ltr'>qua;</span> <span class='ocrx_word' id='word_1_125' title='bbox 748 1889 920 1945; x_wconf 62' lang='lat' dir='ltr'>Julia;</span> <span class='ocrx_word' id='word_1_126' title='bbox 965 1905 1135 1945; x_wconf 89' lang='lat' dir='ltr'>soror</span> <span class='ocrx_word' id='word_1_127' title='bbox 1182 1894 1329 1953; x_wconf 86' lang='lat' dir='ltr'>erat,</span> <span class='ocrx_word' id='word_1_128' title='bbox 1379 1888 1531 1944; x_wconf 89' lang='lat' dir='ltr'>duas</span> <span class='ocrx_word' id='word_1_129' title='bbox 1578 1889 1836 1944; x_wconf 87' lang='lat' dir='ltr'>habebat</span> <span class='ocrx_word' id='word_1_130' title='bbox 1863 1888 2038 1956; x_wconf 88' lang='lat' dir='ltr'>ﬁlias,</span> <span class='ocrx_word' id='word_1_131' title='bbox 2088 1892 2243 1946; x_wconf 71' lang='lat' dir='ltr'>Soce-</span> 
     </span>
    </p>
   </div>
   <div class='ocr_carea' id='block_1_23' title="bbox 582 1978 2243 2050">
    <p class='ocr_par' dir='ltr' id='par_1_23' title="bbox 582 1978 2243 2050">
     <span class='ocr_line' id='line_1_23' title="bbox 582 1978 2243 2050; baseline -0.002 -16"><span class='ocrx_word' id='word_1_132' title='bbox 582 1979 773 2048; x_wconf 90' lang='lat' dir='ltr'>mida,</span> <span class='ocrx_word' id='word_1_133' title='bbox 795 1982 849 2034; x_wconf 91' lang='lat' dir='ltr'>et</span> <span class='ocrx_word' id='word_1_134' title='bbox 871 1980 1247 2034; x_wconf 70' lang='lat' dir='ltr'>Mammaaam</span> <span class='ocrx_word' id='word_1_135' title='bbox 1273 1997 1285 2036; x_wconf 91' lang='lat'>:</span> <span class='ocrx_word' id='word_1_136' title='bbox 1315 1993 1575 2049; x_wconf 88' lang='lat' dir='ltr'>quarum</span> <span class='ocrx_word' id='word_1_137' title='bbox 1596 1978 1807 2049; x_wconf 87' lang='lat' dir='ltr'>majori</span> <span class='ocrx_word' id='word_1_138' title='bbox 1822 1978 2068 2050; x_wconf 87' lang='lat' dir='ltr'>quidem</span> <span class='ocrx_word' id='word_1_139' title='bbox 2086 1978 2243 2032; x_wconf 86' lang='lat' dir='ltr'>ﬁlius</span> 
     </span>
    </p>
   </div>
   <div class='ocr_carea' id='block_1_24' title="bbox 581 2066 2243 2124">
    <p class='ocr_par' dir='ltr' id='par_1_24' title="bbox 581 2066 2243 2124">
     <span class='ocr_line' id='line_1_24' title="bbox 581 2066 2243 2124; baseline -0.001 0"><span class='ocrx_word' id='word_1_140' title='bbox 581 2073 706 2124; x_wconf 90' lang='lat' dir='ltr'>erat</span> <span class='ocrx_word' id='word_1_141' title='bbox 748 2067 1009 2123; x_wconf 88' lang='lat' dir='ltr'>Bassiani</span> <span class='ocrx_word' id='word_1_142' title='bbox 1064 2066 1307 2121; x_wconf 89' lang='lat' dir='ltr'>nomine</span> <span class='ocrx_word' id='word_1_143' title='bbox 1337 2083 1350 2121; x_wconf 94' lang='lat'>:</span> <span class='ocrx_word' id='word_1_144' title='bbox 1385 2066 1551 2123; x_wconf 89' lang='lat' dir='ltr'>alteri</span> <span class='ocrx_word' id='word_1_145' title='bbox 1590 2082 1727 2122; x_wconf 89' lang='lat' dir='ltr'>vero</span> <span class='ocrx_word' id='word_1_146' title='bbox 1768 2066 2044 2123; x_wconf 82' lang='lat' dir='ltr'>Alexinus</span> <span class='ocrx_word' id='word_1_147' title='bbox 2077 2083 2088 2121; x_wconf 91' lang='lat'><strong>:</strong></span> <span class='ocrx_word' id='word_1_148' title='bbox 2126 2066 2243 2122; x_wconf 89' lang='lat' dir='ltr'>fur-</span> 
     </span>
    </p>
   </div>
   <div class='ocr_carea' id='block_1_25' title="bbox 579 2155 2238 2228">
    <p class='ocr_par' dir='ltr' id='par_1_25' title="bbox 579 2155 2238 2228">
     <span class='ocr_line' id='line_1_25' title="bbox 579 2155 2238 2228; baseline -0.001 -16"><span class='ocrx_word' id='word_1_149' title='bbox 579 2156 701 2212; x_wconf 87' lang='lat' dir='ltr'>tivo</span> <span class='ocrx_word' id='word_1_150' title='bbox 740 2161 987 2228; x_wconf 89' lang='lat' dir='ltr'>uterque</span> <span class='ocrx_word' id='word_1_151' title='bbox 1027 2155 1349 2211; x_wconf 89' lang='lat' dir='ltr'>concubitu</span> <span class='ocrx_word' id='word_1_152' title='bbox 1383 2170 1451 2211; x_wconf 85' lang='lat' dir='ltr'>ex</span> <span class='ocrx_word' id='word_1_153' title='bbox 1476 2156 1794 2221; x_wconf 87' lang='lat' dir='ltr'>Antonino,</span> <span class='ocrx_word' id='word_1_154' title='bbox 1826 2161 1888 2211; x_wconf 88' lang='lat' dir='ltr'>ut</span> <span class='ocrx_word' id='word_1_155' title='bbox 1918 2155 2238 2221; x_wconf 84' lang='lat' dir='ltr'>ferebatur,</span> 
     </span>
    </p>
   </div>
   <div class='ocr_carea' id='block_1_26' title="bbox 583 2244 2240 2318">
    <p class='ocr_par' dir='ltr' id='par_1_26' title="bbox 583 2244 2240 2318">
     <span class='ocr_line' id='line_1_26' title="bbox 583 2244 2240 2318; baseline 0 -17"><span class='ocrx_word' id='word_1_156' title='bbox 583 2245 785 2316; x_wconf 87' lang='lat' dir='ltr'>geniti.</span> <span class='ocrx_word' id='word_1_157' title='bbox 818 2244 1114 2300; x_wconf 80' lang='lat' dir='ltr'>Exercitus</span> <span class='ocrx_word' id='word_1_158' title='bbox 1156 2250 1379 2311; x_wconf 89' lang='lat' dir='ltr'>autem,</span> <span class='ocrx_word' id='word_1_159' title='bbox 1412 2245 1660 2301; x_wconf 89' lang='lat' dir='ltr'>minima</span> <span class='ocrx_word' id='word_1_160' title='bbox 1691 2250 1867 2318; x_wconf 89' lang='lat' dir='ltr'>capta</span> <span class='ocrx_word' id='word_1_161' title='bbox 1906 2245 2240 2311; x_wconf 86' lang='lat' dir='ltr'>occasione,</span> 
     </span>
    </p>
   </div>
   <div class='ocr_carea' id='block_1_27' title="bbox 584 2332 2243 2406">
    <p class='ocr_par' dir='ltr' id='par_1_27' title="bbox 584 2332 2243 2406">
     <span class='ocr_line' id='line_1_27' title="bbox 584 2332 2243 2406; baseline 0 -16"><span class='ocrx_word' id='word_1_162' title='bbox 584 2333 935 2391; x_wconf 90' lang='lat' dir='ltr'>Bassianum</span> <span class='ocrx_word' id='word_1_163' title='bbox 956 2333 1015 2389; x_wconf 92' lang='lat' dir='ltr'>in</span> <span class='ocrx_word' id='word_1_164' title='bbox 1035 2332 1244 2389; x_wconf 91' lang='lat' dir='ltr'>castris</span> <span class='ocrx_word' id='word_1_165' title='bbox 1258 2334 1678 2406; x_wconf 89' lang='lat' dir='ltr'>imperatorem</span> <span class='ocrx_word' id='word_1_166' title='bbox 1696 2335 2013 2400; x_wconf 85' lang='lat' dir='ltr'>renuntiat,</span> <span class='ocrx_word' id='word_1_167' title='bbox 2039 2334 2243 2392; x_wconf 89' lang='lat' dir='ltr'>addito</span> 
     </span>
    </p>
   </div>
   <div class='ocr_carea' id='block_1_28' title="bbox 581 2421 2243 2496">
    <p class='ocr_par' dir='ltr' id='par_1_28' title="bbox 581 2421 2243 2496">
     <span class='ocr_line' id='line_1_28' title="bbox 581 2421 2243 2496; baseline 0.001 -18"><span class='ocrx_word' id='word_1_168' title='bbox 581 2421 864 2478; x_wconf 87' lang='lat' dir='ltr'>Antonini</span> <span class='ocrx_word' id='word_1_169' title='bbox 892 2421 1008 2493; x_wconf 91' lang='lat'>(39)</span> <span class='ocrx_word' id='word_1_170' title='bbox 1035 2430 1455 2492; x_wconf 91' lang='lat' dir='ltr'>cognomento,</span> <span class='ocrx_word' id='word_1_171' title='bbox 1510 2423 1815 2494; x_wconf 89' lang='lat' dir='ltr'>victusque</span> <span class='ocrx_word' id='word_1_172' title='bbox 1854 2423 1985 2479; x_wconf 87' lang='lat' dir='ltr'>dein</span> <span class='ocrx_word' id='word_1_173' title='bbox 2041 2423 2243 2496; x_wconf 69' lang='lat' dir='ltr'>praelia</span> 
     </span>
    </p>
   </div>
   <div class='ocr_carea' id='block_1_29' title="bbox 579 2510 2245 2583">
    <p class='ocr_par' dir='ltr' id='par_1_29' title="bbox 579 2510 2245 2583">
     <span class='ocr_line' id='line_1_29' title="bbox 579 2510 2245 2583; baseline 0.002 -18"><span class='ocrx_word' id='word_1_174' title='bbox 579 2511 890 2581; x_wconf 87' lang='lat' dir='ltr'>Macrinus,</span> <span class='ocrx_word' id='word_1_175' title='bbox 924 2526 994 2567; x_wconf 87' lang='lat' dir='ltr'>ac</span> <span class='ocrx_word' id='word_1_176' title='bbox 1025 2510 1260 2581; x_wconf 85' lang='lat' dir='ltr'>fugiens</span> <span class='ocrx_word' id='word_1_177' title='bbox 1281 2527 1312 2567; x_wconf 92' lang='lat' dir='ltr'>e</span> <span class='ocrx_word' id='word_1_178' title='bbox 1338 2510 1655 2567; x_wconf 67' lang='lat' dir='ltr'>Phoeniciis</span> <span class='ocrx_word' id='word_1_179' title='bbox 1687 2516 1867 2583; x_wconf 89' lang='lat' dir='ltr'>atque</span> <span class='ocrx_word' id='word_1_180' title='bbox 1898 2512 2078 2583; x_wconf 67' lang='lat' dir='ltr'>Syriae</span> <span class='ocrx_word' id='word_1_181' title='bbox 2116 2512 2245 2568; x_wconf 86' lang='lat' dir='ltr'>ﬁni-</span> 
     </span>
    </p>
   </div>
   <div class='ocr_carea' id='block_1_30' title="bbox 580 2599 2244 2673">
    <p class='ocr_par' dir='ltr' id='par_1_30' title="bbox 580 2599 2244 2673">
     <span class='ocr_line' id='line_1_30' title="bbox 580 2599 2244 2673; baseline 0.001 -17"><span class='ocrx_word' id='word_1_182' title='bbox 580 2599 761 2666; x_wconf 90' lang='lat' dir='ltr'>timis,</span> <span class='ocrx_word' id='word_1_183' title='bbox 792 2599 1231 2655; x_wconf 90' lang='lat' dir='ltr'>Chalcedonem</span> <span class='ocrx_word' id='word_1_184' title='bbox 1255 2615 1315 2655; x_wconf 91' lang='lat' dir='ltr'>se</span> <span class='ocrx_word' id='word_1_185' title='bbox 1332 2601 1571 2671; x_wconf 89' lang='lat' dir='ltr'>recepit,</span> <span class='ocrx_word' id='word_1_186' title='bbox 1606 2603 1857 2656; x_wconf 83' lang='lat' dir='ltr'>Romam</span> <span class='ocrx_word' id='word_1_187' title='bbox 1884 2601 2021 2657; x_wconf 91' lang='lat' dir='ltr'>inde</span> <span class='ocrx_word' id='word_1_188' title='bbox 2048 2607 2244 2673; x_wconf 87' lang='lat' dir='ltr'>petere</span> 
     </span>
    </p>
   </div>
   <div class='ocr_carea' id='block_1_31' title="bbox 579 2688 2244 2761">
    <p class='ocr_par' dir='ltr' id='par_1_31' title="bbox 579 2688 2244 2761">
     <span class='ocr_line' id='line_1_31' title="bbox 579 2688 2244 2761; baseline 0 -16"><span class='ocrx_word' id='word_1_189' title='bbox 579 2689 875 2759; x_wconf 89' lang='lat' dir='ltr'>cogitans.</span> <span class='ocrx_word' id='word_1_190' title='bbox 897 2688 1011 2745; x_wconf 93' lang='lat' dir='ltr'>Sed</span> <span class='ocrx_word' id='word_1_191' title='bbox 1030 2689 1133 2761; x_wconf 90' lang='lat' dir='ltr'>qui</span> <span class='ocrx_word' id='word_1_192' title='bbox 1157 2704 1225 2744; x_wconf 85' lang='lat' dir='ltr'>ex</span> <span class='ocrx_word' id='word_1_193' title='bbox 1240 2688 1526 2745; x_wconf 85' lang='lat' dir='ltr'>Antonini</span> <span class='ocrx_word' id='word_1_194' title='bbox 1550 2690 1828 2745; x_wconf 90' lang='lat' dir='ltr'>studiosis</span> <span class='ocrx_word' id='word_1_195' title='bbox 1848 2690 1924 2746; x_wconf 89' lang='lat' dir='ltr'>ad</span> <span class='ocrx_word' id='word_1_196' title='bbox 1942 2691 2054 2747; x_wconf 91' lang='lat' dir='ltr'>hoc</span> <span class='ocrx_word' id='word_1_197' title='bbox 2077 2691 2244 2746; x_wconf 89' lang='lat' dir='ltr'>missi</span> 
     </span>
    </p>
   </div>
   <div class='ocr_carea' id='block_1_32' title="bbox 581 2778 2241 2851">
    <p class='ocr_par' dir='ltr' id='par_1_32' title="bbox 581 2778 2241 2851">
     <span class='ocr_line' id='line_1_32' title="bbox 581 2778 2241 2851; baseline 0.001 -17"><span class='ocrx_word' id='word_1_198' title='bbox 581 2778 834 2849; x_wconf 85' lang='lat' dir='ltr'>fuerant,</span> <span class='ocrx_word' id='word_1_199' title='bbox 867 2782 1265 2844; x_wconf 89' lang='lat' dir='ltr'>antevertunt,</span> <span class='ocrx_word' id='word_1_200' title='bbox 1300 2785 1596 2851; x_wconf 88' lang='lat' dir='ltr'>caputque</span> <span class='ocrx_word' id='word_1_201' title='bbox 1627 2784 1919 2836; x_wconf 90' lang='lat' dir='ltr'>resectum</span> <span class='ocrx_word' id='word_1_202' title='bbox 1951 2786 2241 2836; x_wconf 54' lang='lat' dir='ltr'>revertenc</span> 
     </span>
    </p>
   </div>
   <div class='ocr_carea' id='block_1_33' title="bbox 582 2866 2243 2941">
    <p class='ocr_par' dir='ltr' id='par_1_33' title="bbox 582 2866 2243 2941">
     <span class='ocr_line' id='line_1_33' title="bbox 582 2866 2243 2941; baseline 0.001 -18"><span class='ocrx_word' id='word_1_203' title='bbox 582 2871 666 2923; x_wconf 91' lang='lat' dir='ltr'>tes</span> <span class='ocrx_word' id='word_1_204' title='bbox 702 2872 1110 2939; x_wconf 88' lang='lat' dir='ltr'>asportarunt.</span> <span class='ocrx_word' id='word_1_205' title='bbox 1151 2866 1301 2936; x_wconf 87' lang='lat' dir='ltr'>[Lib.</span> <span class='ocrx_word' id='word_1_206' title='bbox 1339 2869 1437 2936; x_wconf 81' lang='lat' dir='ltr'>vr.]</span> <span class='ocrx_word' id='word_1_207' title='bbox 1475 2872 1664 2940; x_wconf 84' lang='lat' dir='ltr'>Atque</span> <span class='ocrx_word' id='word_1_208' title='bbox 1695 2869 1822 2941; x_wconf 91' lang='lat' dir='ltr'>ipse</span> <span class='ocrx_word' id='word_1_209' title='bbox 1850 2868 2099 2941; x_wconf 91' lang='lat' dir='ltr'>quidem</span> <span class='ocrx_word' id='word_1_210' title='bbox 2131 2874 2243 2925; x_wconf 82' lang='lat' dir='ltr'>An-</span> 
     </span>
    </p>
   </div>
   <div class='ocr_carea' id='block_1_34' title="bbox 578 2954 2240 3029">
    <p class='ocr_par' dir='ltr' id='par_1_34' title="bbox 578 2954 2240 3029">
     <span class='ocr_line' id='line_1_34' title="bbox 578 2954 2240 3029; baseline 0.001 -18"><span class='ocrx_word' id='word_1_211' title='bbox 578 2954 821 3011; x_wconf 86' lang='lat' dir='ltr'>toninus</span> <span class='ocrx_word' id='word_1_212' title='bbox 849 2954 997 3011; x_wconf 91' lang='lat' dir='ltr'>dum</span> <span class='ocrx_word' id='word_1_213' title='bbox 1026 2956 1200 3011; x_wconf 89' lang='lat' dir='ltr'>matri</span> <span class='ocrx_word' id='word_1_214' title='bbox 1222 2962 1406 3026; x_wconf 89' lang='lat' dir='ltr'>paret,</span> <span class='ocrx_word' id='word_1_215' title='bbox 1437 2956 1703 3013; x_wconf 89' lang='lat' dir='ltr'>modeste</span> <span class='ocrx_word' id='word_1_216' title='bbox 1736 2958 1879 3013; x_wconf 90' lang='lat' dir='ltr'>satis</span> <span class='ocrx_word' id='word_1_217' title='bbox 1906 2958 2240 3029; x_wconf 89' lang='lat' dir='ltr'>imperavit,</span> 
     </span>
    </p>
   </div>
   <div class='ocr_carea' id='block_1_35' title="bbox 579 3043 2241 3117">
    <p class='ocr_par' dir='ltr' id='par_1_35' title="bbox 579 3043 2241 3117">
     <span class='ocr_line' id='line_1_35' title="bbox 579 3043 2241 3117; baseline 0.001 -17"><span class='ocrx_word' id='word_1_218' title='bbox 579 3050 635 3100; x_wconf 91' lang='lat' dir='ltr'>et</span> <span class='ocrx_word' id='word_1_219' title='bbox 691 3043 1005 3098; x_wconf 83' lang='lat' dir='ltr'>Alexinum</span> <span class='ocrx_word' id='word_1_220' title='bbox 1036 3043 1151 3115; x_wconf 78' lang='grc'>(40)</span> <span class='ocrx_word' id='word_1_221' title='bbox 1181 3044 1240 3098; x_wconf 90' lang='lat' dir='ltr'>in</span> <span class='ocrx_word' id='word_1_222' title='bbox 1296 3044 1487 3099; x_wconf 88' lang='lat' dir='ltr'>ﬁlium</span> <span class='ocrx_word' id='word_1_223' title='bbox 1541 3045 1895 3117; x_wconf 80' lang='lat' dir='ltr'>adoptatum</span> <span class='ocrx_word' id='word_1_224' title='bbox 1950 3048 2241 3103; x_wconf 62' lang='lat' dir='ltr'>Caesarem</span> 
     </span>
    </p>
   </div>
   <div class='ocr_carea' id='block_1_36' title="bbox 583 3131 2243 3202">
    <p class='ocr_par' dir='ltr' id='par_1_36' title="bbox 583 3131 2243 3202">
     <span class='ocr_line' id='line_1_36' title="bbox 583 3131 2243 3202; baseline 0.002 -15"><span class='ocrx_word' id='word_1_225' title='bbox 583 3131 823 3197; x_wconf 88' lang='lat' dir='ltr'>creavit,</span> <span class='ocrx_word' id='word_1_226' title='bbox 882 3132 1163 3202; x_wconf 90' lang='lat' dir='ltr'>imposito</span> <span class='ocrx_word' id='word_1_227' title='bbox 1225 3133 1277 3187; x_wconf 91' lang='lat' dir='ltr'>ei</span> <span class='ocrx_word' id='word_1_228' title='bbox 1329 3133 1645 3189; x_wconf 82' lang='lat' dir='ltr'>Alexandri</span> <span class='ocrx_word' id='word_1_229' title='bbox 1703 3135 1966 3190; x_wconf 90' lang='lat' dir='ltr'>nomine.</span> <span class='ocrx_word' id='word_1_230' title='bbox 2026 3136 2243 3191; x_wconf 84' lang='lat' dir='ltr'>Verum</span> 
     </span>
    </p>
   </div>
   <div class='ocr_carea' id='block_1_37' title="bbox 582 3220 2243 3296">
    <p class='ocr_par' dir='ltr' id='par_1_37' title="bbox 582 3220 2243 3296">
     <span class='ocr_line' id='line_1_37' title="bbox 582 3220 2243 3296; baseline 0.004 -22"><span class='ocrx_word' id='word_1_231' title='bbox 582 3226 907 3293; x_wconf 90' lang='lat' dir='ltr'>postquam</span> <span class='ocrx_word' id='word_1_232' title='bbox 937 3220 1349 3276; x_wconf 88' lang='lat' dir='ltr'>adulatoribus</span> <span class='ocrx_word' id='word_1_233' title='bbox 1383 3238 1445 3277; x_wconf 92' lang='lat' dir='ltr'>se</span> <span class='ocrx_word' id='word_1_234' title='bbox 1471 3223 1793 3292; x_wconf 87' lang='lat' dir='ltr'>commisit,</span> <span class='ocrx_word' id='word_1_235' title='bbox 1822 3224 1979 3296; x_wconf 78' lang='lat'>856</span> <span class='ocrx_word' id='word_1_236' title='bbox 2012 3225 2243 3281; x_wconf 86' lang='lat' dir='ltr'>nullum</span> 
     </span>
    </p>
   </div>
   <div class='ocr_carea' id='block_1_38' title="bbox 584 3307 2245 3383">
    <p class='ocr_par' dir='ltr' id='par_1_38' title="bbox 584 3307 2245 3383">
     <span class='ocr_line' id='line_1_38' title="bbox 584 3307 2245 3383; baseline 0.002 -17"><span class='ocrx_word' id='word_1_237' title='bbox 584 3307 969 3379; x_wconf 86' lang='lat' dir='ltr'>turpitudinis</span> <span class='ocrx_word' id='word_1_238' title='bbox 996 3312 1179 3381; x_wconf 90' lang='lat' dir='ltr'>atque</span> <span class='ocrx_word' id='word_1_239' title='bbox 1208 3310 1680 3382; x_wconf 75' lang='lat' dir='ltr'>intemperantiae</span> <span class='ocrx_word' id='word_1_240' title='bbox 1708 3327 1896 3382; x_wconf 88' lang='lat' dir='ltr'>genus</span> <span class='ocrx_word' id='word_1_241' title='bbox 1928 3315 2245 3383; x_wconf 64' lang='lat' dir='ltr'>praetermi-</span> 
     </span>
    </p>
   </div>
   <div class='ocr_carea' id='block_1_39' title="bbox 587 3397 2247 3474">
    <p class='ocr_par' dir='ltr' id='par_1_39' title="bbox 587 3397 2247 3474">
     <span class='ocr_line' id='line_1_39' title="bbox 587 3397 2247 3474; baseline 0.005 -21"><span class='ocrx_word' id='word_1_242' title='bbox 587 3398 679 3453; x_wconf 86' lang='lat' dir='ltr'>sit.</span> <span class='ocrx_word' id='word_1_243' title='bbox 736 3397 887 3463; x_wconf 85' lang='lat' dir='ltr'>Quin</span> <span class='ocrx_word' id='word_1_244' title='bbox 928 3402 985 3453; x_wconf 92' lang='lat' dir='ltr'>et</span> <span class='ocrx_word' id='word_1_245' title='bbox 1022 3397 1357 3454; x_wconf 84' lang='lat' dir='ltr'>Alexandro</span> <span class='ocrx_word' id='word_1_246' title='bbox 1396 3399 1663 3455; x_wconf 90' lang='lat' dir='ltr'>insidiari</span> <span class='ocrx_word' id='word_1_247' title='bbox 1704 3417 1840 3457; x_wconf 90' lang='lat' dir='ltr'>cum</span> <span class='ocrx_word' id='word_1_248' title='bbox 1882 3403 2168 3474; x_wconf 68' lang='lat' dir='ltr'>caepisset,</span> <span class='ocrx_word' id='word_1_249' title='bbox 2212 3420 2247 3461; x_wconf 90' lang='lat' dir='ltr'>a</span> 
     </span>
    </p>
   </div>
   <div class='ocr_carea' id='block_1_40' title="bbox 586 3486 2247 3567">
    <p class='ocr_par' dir='ltr' id='par_1_40' title="bbox 586 3486 2247 3567">
     <span class='ocr_line' id='line_1_40' title="bbox 586 3486 2247 3567; baseline -0.004 -24"><span class='ocrx_word' id='word_1_250' title='bbox 586 3486 825 3543; x_wconf 90' lang='lat' dir='ltr'>militari</span> <span class='ocrx_word' id='word_1_251' title='bbox 868 3501 1050 3541; x_wconf 89' lang='lat' dir='ltr'>manu</span> <span class='ocrx_word' id='word_1_252' title='bbox 1093 3487 1465 3558; x_wconf 90' lang='lat' dir='ltr'>prohibetur,</span> <span class='ocrx_word' id='word_1_253' title='bbox 1512 3505 1660 3561; x_wconf 91' lang='lat' dir='ltr'>quos</span> <span class='ocrx_word' id='word_1_254' title='bbox 1702 3490 1831 3561; x_wconf 92' lang='lat' dir='ltr'>ipse</span> <span class='ocrx_word' id='word_1_255' title='bbox 1870 3495 2079 3564; x_wconf 90' lang='lat' dir='ltr'>punire</span> <span class='ocrx_word' id='word_1_256' title='bbox 2114 3511 2247 3567; x_wconf 80' lang='lat' dir='ltr'>pro-</span> 
     </span>
    </p>
   </div>
   <div class='ocr_carea' id='block_1_41' title="bbox 587 3574 2249 3647">
    <p class='ocr_par' dir='ltr' id='par_1_41' title="bbox 587 3574 2249 3647">
     <span class='ocr_line' id='line_1_41' title="bbox 587 3574 2249 3647; baseline 0.006 -17"><span class='ocrx_word' id='word_1_257' title='bbox 587 3579 791 3647; x_wconf 91' lang='lat' dir='ltr'>pterea</span> <span class='ocrx_word' id='word_1_258' title='bbox 817 3574 1162 3641; x_wconf 85' lang='lat' dir='ltr'>meditatus,</span> <span class='ocrx_word' id='word_1_259' title='bbox 1187 3575 1264 3631; x_wconf 90' lang='lat' dir='ltr'>ab</span> <span class='ocrx_word' id='word_1_260' title='bbox 1288 3576 1496 3632; x_wconf 91' lang='lat' dir='ltr'>iisdem</span> <span class='ocrx_word' id='word_1_261' title='bbox 1523 3578 1886 3636; x_wconf 87' lang='lat' dir='ltr'>interﬁcitur.</span> <span class='ocrx_word' id='word_1_262' title='bbox 1917 3582 2249 3641; x_wconf 84' lang='lat' dir='ltr'>Alexander</span> 
     </span>
    </p>
   </div>
   <div class='ocr_carea' id='block_1_42' title="bbox 589 3664 2246 3744">
    <p class='ocr_par' dir='ltr' id='par_1_42' title="bbox 589 3664 2246 3744">
     <span class='ocr_line' id='line_1_42' title="bbox 589 3664 2246 3744; baseline 0.005 -23"><span class='ocrx_word' id='word_1_263' title='bbox 589 3679 750 3735; x_wconf 88' lang='lat' dir='ltr'>ergo,</span> <span class='ocrx_word' id='word_1_264' title='bbox 780 3667 1104 3721; x_wconf 65' lang='lat' dir='ltr'>Mammaea:</span> <span class='ocrx_word' id='word_1_265' title='bbox 1125 3664 1306 3732; x_wconf 92' lang='lat' dir='ltr'>ﬁlius,</span> <span class='ocrx_word' id='word_1_266' title='bbox 1331 3682 1523 3722; x_wconf 88' lang='lat' dir='ltr'>annos</span> <span class='ocrx_word' id='word_1_267' title='bbox 1551 3666 1862 3740; x_wconf 89' lang='lat' dir='ltr'>imperavit</span> <span class='ocrx_word' id='word_1_268' title='bbox 1887 3674 2246 3744; x_wconf 88' lang='lat' dir='ltr'>quatuorde-</span> 
     </span>
    </p>
   </div>
   <div class='ocr_carea' id='block_1_43' title="bbox 590 3754 2248 3834">
    <p class='ocr_par' dir='ltr' id='par_1_43' title="bbox 590 3754 2248 3834">
     <span class='ocr_line' id='line_1_43' title="bbox 590 3754 2248 3834; baseline 0.007 -25"><span class='ocrx_word' id='word_1_269' title='bbox 590 3754 725 3821; x_wconf 90' lang='lat' dir='ltr'>cim;</span> <span class='ocrx_word' id='word_1_270' title='bbox 748 3760 901 3810; x_wconf 91' lang='lat' dir='ltr'>recte</span> <span class='ocrx_word' id='word_1_271' title='bbox 934 3770 1076 3810; x_wconf 89' lang='lat' dir='ltr'>sane</span> <span class='ocrx_word' id='word_1_272' title='bbox 1106 3760 1286 3827; x_wconf 90' lang='lat' dir='ltr'>atque</span> <span class='ocrx_word' id='word_1_273' title='bbox 1317 3755 1657 3823; x_wconf 90' lang='lat' dir='ltr'>clementer,</span> <span class='ocrx_word' id='word_1_274' title='bbox 1688 3767 1981 3831; x_wconf 87' lang='lat' dir='ltr'>quantum</span> <span class='ocrx_word' id='word_1_275' title='bbox 2004 3764 2248 3834; x_wconf 87' lang='lat' dir='ltr'>quidem</span> 
     </span>
    </p>
   </div>
   <div class='ocr_carea' id='block_1_44' title="bbox 588 3842 2251 3919">
    <p class='ocr_par' dir='ltr' id='par_1_44' title="bbox 588 3842 2251 3919">
     <span class='ocr_line' id='line_1_44' title="bbox 588 3842 2251 3919; baseline 0.007 -21"><span class='ocrx_word' id='word_1_276' title='bbox 588 3842 650 3898; x_wconf 90' lang='lat' dir='ltr'>in</span> <span class='ocrx_word' id='word_1_277' title='bbox 684 3843 817 3915; x_wconf 93' lang='lat' dir='ltr'>ipso</span> <span class='ocrx_word' id='word_1_278' title='bbox 840 3843 963 3910; x_wconf 88' lang='lat' dir='ltr'>fuit,</span> <span class='ocrx_word' id='word_1_279' title='bbox 995 3848 1049 3899; x_wconf 92' lang='lat' dir='ltr'>et</span> <span class='ocrx_word' id='word_1_280' title='bbox 1075 3844 1203 3900; x_wconf 87' lang='lat' dir='ltr'>sine</span> <span class='ocrx_word' id='word_1_281' title='bbox 1230 3845 1348 3901; x_wconf 90' lang='lat' dir='ltr'>ullo</span> <span class='ocrx_word' id='word_1_282' title='bbox 1374 3847 1622 3902; x_wconf 93' lang='lat' dir='ltr'>omnino</span> <span class='ocrx_word' id='word_1_283' title='bbox 1650 3851 1961 3919; x_wconf 86' lang='lat' dir='ltr'>sanguine.</span> <span class='ocrx_word' id='word_1_284' title='bbox 1987 3851 2102 3908; x_wconf 90' lang='lat' dir='ltr'>Sed</span> <span class='ocrx_word' id='word_1_285' title='bbox 2128 3870 2251 3909; x_wconf 90' lang='lat' dir='ltr'>ma-</span> 
     </span>
    </p>
   </div>
   <div class='ocr_carea' id='block_1_45' title="bbox 590 3930 2247 4013">
    <p class='ocr_par' dir='ltr' id='par_1_45' title="bbox 590 3930 2247 4013">
     <span class='ocr_line' id='line_1_45' title="bbox 590 3930 2247 4013; baseline 0.006 -26"><span class='ocrx_word' id='word_1_286' title='bbox 590 3930 693 3987; x_wconf 90' lang='lat' dir='ltr'>tris</span> <span class='ocrx_word' id='word_1_287' title='bbox 732 3934 1071 3999; x_wconf 65' lang='lat' dir='ltr'>Mammaaae,</span> <span class='ocrx_word' id='word_1_288' title='bbox 1119 3938 1183 3989; x_wconf 88' lang='lat' dir='ltr'>ut</span> <span class='ocrx_word' id='word_1_289' title='bbox 1221 3934 1313 3990; x_wconf 88' lang='lat' dir='ltr'>hic</span> <span class='ocrx_word' id='word_1_290' title='bbox 1343 3934 1539 4004; x_wconf 83' lang='lat' dir='ltr'>refert,</span> <span class='ocrx_word' id='word_1_291' title='bbox 1582 3940 1969 4008; x_wconf 89' lang='lat' dir='ltr'>pecuniarum</span> <span class='ocrx_word' id='word_1_292' title='bbox 2018 3942 2247 4013; x_wconf 90' lang='lat' dir='ltr'>cupidi-</span> 
     </span>
    </p>
   </div>
   <div class='ocr_carea' id='block_1_46' title="bbox 591 4022 2250 4102">
    <p class='ocr_par' dir='ltr' id='par_1_46' title="bbox 591 4022 2250 4102">
     <span class='ocr_line' id='line_1_46' title="bbox 591 4022 2250 4102; baseline 0.007 -25"><span class='ocrx_word' id='word_1_293' title='bbox 591 4026 727 4087; x_wconf 88' lang='lat' dir='ltr'>tate,</span> <span class='ocrx_word' id='word_1_294' title='bbox 771 4038 840 4079; x_wconf 83' lang='lat' dir='ltr'>ac</span> <span class='ocrx_word' id='word_1_295' title='bbox 871 4022 1148 4079; x_wconf 87' lang='lat' dir='ltr'>sordibus</span> <span class='ocrx_word' id='word_1_296' title='bbox 1187 4023 1407 4080; x_wconf 86' lang='lat' dir='ltr'>factum</span> <span class='ocrx_word' id='word_1_297' title='bbox 1440 4031 1548 4091; x_wconf 91' lang='lat' dir='ltr'>est,</span> <span class='ocrx_word' id='word_1_298' title='bbox 1584 4030 1647 4081; x_wconf 88' lang='lat' dir='ltr'>ut</span> <span class='ocrx_word' id='word_1_299' title='bbox 1689 4034 1953 4102; x_wconf 91' lang='lat' dir='ltr'>uterque,</span> <span class='ocrx_word' id='word_1_300' title='bbox 1994 4031 2250 4088; x_wconf 87' lang='lat' dir='ltr'>Maximo</span> 
     </span>
    </p>
   </div>
   <div class='ocr_carea' id='block_1_47' title="bbox 590 4111 1784 4177">
    <p class='ocr_par' dir='ltr' id='par_1_47' title="bbox 590 4111 1784 4177">
     <span class='ocr_line' id='line_1_47' title="bbox 590 4111 1784 4177; baseline 0.003 -9"><span class='ocrx_word' id='word_1_301' title='bbox 590 4112 796 4177; x_wconf 88' lang='lat' dir='ltr'>electo,</span> <span class='ocrx_word' id='word_1_302' title='bbox 830 4111 1074 4169; x_wconf 87' lang='lat' dir='ltr'>militari</span> <span class='ocrx_word' id='word_1_303' title='bbox 1100 4112 1386 4169; x_wconf 91' lang='lat' dir='ltr'>seditione</span> <span class='ocrx_word' id='word_1_304' title='bbox 1416 4120 1659 4171; x_wconf 88' lang='lat' dir='ltr'>necatus</span> <span class='ocrx_word' id='word_1_305' title='bbox 1690 4117 1784 4173; x_wconf 89' lang='lat' dir='ltr'>sit.</span> 
     </span>
    </p>
   </div>
   <div class='ocr_carea' id='block_1_48' title="bbox 666 4284 2249 4359">
    <p class='ocr_par' dir='ltr' id='par_1_48' title="bbox 666 4284 2249 4359">
     <span class='ocr_line' id='line_1_48' title="bbox 666 4284 2249 4359; baseline 0.01 -20"><span class='ocrx_word' id='word_1_306' title='bbox 666 4284 814 4359; x_wconf 90' lang='lat' dir='ltr'>[Lib.</span> <span class='ocrx_word' id='word_1_307' title='bbox 850 4286 976 4359; x_wconf 90' lang='lat' dir='ltr'>vn.]</span> <span class='ocrx_word' id='word_1_308' title='bbox 1022 4287 1374 4343; x_wconf 80' lang='lat' dir='ltr'>Maximinus</span> <span class='ocrx_word' id='word_1_309' title='bbox 1406 4293 1536 4359; x_wconf 86' lang='lat' dir='ltr'>post</span> <span class='ocrx_word' id='word_1_310' title='bbox 1564 4289 1724 4347; x_wconf 91' lang='lat' dir='ltr'>hunc</span> <span class='ocrx_word' id='word_1_311' title='bbox 1766 4308 1953 4350; x_wconf 89' lang='lat' dir='ltr'>annos</span> <span class='ocrx_word' id='word_1_312' title='bbox 1983 4295 2100 4353; x_wconf 91' lang='lat' dir='ltr'>fere</span> <span class='ocrx_word' id='word_1_313' title='bbox 2132 4302 2249 4356; x_wconf 89' lang='lat' dir='ltr'>tres</span> 
     </span>
    </p>
   </div>
   <div class='ocr_carea' id='block_1_49' title="bbox 596 4373 2247 4458">
    <p class='ocr_par' dir='ltr' id='par_1_49' title="bbox 596 4373 2247 4458">
     <span class='ocr_line' id='line_1_49' title="bbox 596 4373 2247 4458; baseline 0.009 -28"><span class='ocrx_word' id='word_1_314' title='bbox 596 4373 867 4431; x_wconf 89' lang='lat' dir='ltr'>ferociter</span> <span class='ocrx_word' id='word_1_315' title='bbox 896 4390 965 4430; x_wconf 91' lang='lat' dir='ltr'>ac</span> <span class='ocrx_word' id='word_1_316' title='bbox 995 4377 1303 4446; x_wconf 88' lang='lat' dir='ltr'>tyrannice</span> <span class='ocrx_word' id='word_1_317' title='bbox 1334 4377 1664 4448; x_wconf 87' lang='lat' dir='ltr'>imperavit,</span> <span class='ocrx_word' id='word_1_318' title='bbox 1709 4381 1891 4438; x_wconf 87' lang='lat' dir='ltr'>homo</span> <span class='ocrx_word' id='word_1_319' title='bbox 1921 4383 2247 4458; x_wconf 88' lang='lat' dir='ltr'>fastuosus,</span> 
     </span>
    </p>
   </div>
   <div class='ocr_carea' id='block_1_50' title="bbox 594 4463 2248 4544">
    <p class='ocr_par' dir='ltr' id='par_1_50' title="bbox 594 4463 2248 4544">
     <span class='ocr_line' id='line_1_50' title="bbox 594 4463 2248 4544; baseline 0.01 -26"><span class='ocrx_word' id='word_1_320' title='bbox 594 4463 983 4537; x_wconf 89' lang='lat' dir='ltr'>moribusque</span> <span class='ocrx_word' id='word_1_321' title='bbox 1007 4481 1222 4521; x_wconf 77' lang='lat' dir='ltr'>saevus.</span> <span class='ocrx_word' id='word_1_322' title='bbox 1254 4466 1657 4531; x_wconf 87' lang='lat' dir='ltr'>Quamobrem</span> <span class='ocrx_word' id='word_1_323' title='bbox 1679 4470 1881 4529; x_wconf 69' lang='lat' dir='ltr'>Africa:</span> <span class='ocrx_word' id='word_1_324' title='bbox 1903 4475 2248 4544; x_wconf 84' lang='lat' dir='ltr'>praefectum</span> 
     </span>
    </p>
   </div>
   <div class='ocr_carea' id='block_1_51' title="bbox 595 4554 2250 4624">
    <p class='ocr_par' dir='ltr' id='par_1_51' title="bbox 595 4554 2250 4624">
     <span class='ocr_line' id='line_1_51' title="bbox 595 4554 2250 4624; baseline 0.008 -14"><span class='ocrx_word' id='word_1_325' title='bbox 595 4567 631 4610; x_wconf 86' lang='lat' dir='ltr'>a</span> <span class='ocrx_word' id='word_1_326' title='bbox 660 4569 722 4609; x_wconf 92' lang='lat' dir='ltr'>se</span> <span class='ocrx_word' id='word_1_327' title='bbox 752 4554 1157 4621; x_wconf 89' lang='lat' dir='ltr'>constitutum,</span> <span class='ocrx_word' id='word_1_328' title='bbox 1201 4554 1465 4612; x_wconf 90' lang='lat' dir='ltr'>moribus</span> <span class='ocrx_word' id='word_1_329' title='bbox 1497 4556 1771 4623; x_wconf 89' lang='lat' dir='ltr'>similem,</span> <span class='ocrx_word' id='word_1_330' title='bbox 1816 4561 2029 4619; x_wconf 88' lang='lat' dir='ltr'>milites</span> <span class='ocrx_word' id='word_1_331' title='bbox 2058 4565 2133 4621; x_wconf 92' lang='lat' dir='ltr'>ibi</span> <span class='ocrx_word' id='word_1_332' title='bbox 2166 4573 2250 4624; x_wconf 88' lang='lat' dir='ltr'>tu-</span> 
     </span>
    </p>
   </div>
   <div class='ocr_carea' id='block_1_52' title="bbox 593 4642 2248 4725">
    <p class='ocr_par' dir='ltr' id='par_1_52' title="bbox 593 4642 2248 4725">
     <span class='ocr_line' id='line_1_52' title="bbox 593 4642 2248 4725; baseline 0.009 -27"><span class='ocrx_word' id='word_1_333' title='bbox 593 4642 980 4709; x_wconf 90' lang='lat' dir='ltr'>multuantes,</span> <span class='ocrx_word' id='word_1_334' title='bbox 1045 4648 1221 4716; x_wconf 88' lang='lat' dir='ltr'>atque</span> <span class='ocrx_word' id='word_1_335' title='bbox 1276 4645 1331 4701; x_wconf 89' lang='lat' dir='ltr'>in</span> <span class='ocrx_word' id='word_1_336' title='bbox 1387 4646 1810 4717; x_wconf 89' lang='lat' dir='ltr'>imperatorem</span> <span class='ocrx_word' id='word_1_337' title='bbox 1858 4650 2248 4725; x_wconf 89' lang='lat' dir='ltr'>insurgentes,</span> 
     </span>
    </p>
   </div>
   <div class='ocr_carea' id='block_1_53' title="bbox 592 4726 2246 4815">
    <p class='ocr_par' dir='ltr' id='par_1_53' title="bbox 592 4726 2246 4815">
     <span class='ocr_line' id='line_1_53' title="bbox 592 4726 2246 4815; baseline 0.01 -30"><span class='ocrx_word' id='word_1_338' title='bbox 592 4726 955 4787; x_wconf 88' lang='lat' dir='ltr'>Gordianum</span> <span class='ocrx_word' id='word_1_339' title='bbox 984 4730 1125 4787; x_wconf 92' lang='lat' dir='ltr'>olim</span> <span class='ocrx_word' id='word_1_340' title='bbox 1152 4735 1598 4804; x_wconf 89' lang='lat' dir='ltr'>proconsulem,</span> <span class='ocrx_word' id='word_1_341' title='bbox 1629 4737 1755 4808; x_wconf 87' lang='lat' dir='ltr'>jam</span> <span class='ocrx_word' id='word_1_342' title='bbox 1778 4744 2246 4815; x_wconf 89' lang='lat' dir='ltr'>octogenarium,</span> 
     </span>
    </p>
   </div>
   <div class='ocr_carea' id='block_1_54' title="bbox 590 4818 2249 4899">
    <p class='ocr_par' dir='ltr' id='par_1_54' title="bbox 590 4818 2249 4899">
     <span class='ocr_line' id='line_1_54' title="bbox 590 4818 2249 4899; baseline 0.01 -24"><span class='ocrx_word' id='word_1_343' title='bbox 590 4818 1016 4890; x_wconf 89' lang='lat' dir='ltr'>imperatorem</span> <span class='ocrx_word' id='word_1_344' title='bbox 1048 4826 1271 4888; x_wconf 91' lang='lat' dir='ltr'>creant,</span> <span class='ocrx_word' id='word_1_345' title='bbox 1304 4823 1397 4880; x_wconf 91' lang='lat' dir='ltr'>vel</span> <span class='ocrx_word' id='word_1_346' title='bbox 1426 4824 1700 4893; x_wconf 89' lang='lat' dir='ltr'>invitum;</span> <span class='ocrx_word' id='word_1_347' title='bbox 1748 4828 1919 4899; x_wconf 90' lang='lat' dir='ltr'>cujus</span> <span class='ocrx_word' id='word_1_348' title='bbox 1963 4847 2103 4887; x_wconf 88' lang='lat' dir='ltr'>mox</span> <span class='ocrx_word' id='word_1_349' title='bbox 2144 4836 2249 4891; x_wconf 83' lang='lat' dir='ltr'>Ro-</span> 
     </span>
    </p>
   </div>
   <div class='ocr_carea' id='block_1_55' title="bbox 591 4906 2249 4990">
    <p class='ocr_par' dir='ltr' id='par_1_55' title="bbox 591 4906 2249 4990">
     <span class='ocr_line' id='line_1_55' title="bbox 591 4906 2249 4990; baseline 0.009 -25"><span class='ocrx_word' id='word_1_350' title='bbox 591 4924 694 4967; x_wconf 88' lang='lat' dir='ltr'>ma</span> <span class='ocrx_word' id='word_1_351' title='bbox 716 4906 1039 4966; x_wconf 87' lang='lat' dir='ltr'>libentibus</span> <span class='ocrx_word' id='word_1_352' title='bbox 1065 4909 1411 4969; x_wconf 86' lang='lat' dir='ltr'>electionem</span> <span class='ocrx_word' id='word_1_353' title='bbox 1436 4916 1653 4972; x_wconf 89' lang='lat' dir='ltr'>animis</span> <span class='ocrx_word' id='word_1_354' title='bbox 1682 4919 1930 4990; x_wconf 90' lang='lat' dir='ltr'>accepit,</span> <span class='ocrx_word' id='word_1_355' title='bbox 1963 4920 2249 4980; x_wconf 87' lang='lat' dir='ltr'>honores-</span> 
     </span>
    </p>
   </div>
   <div class='ocr_carea' id='block_1_56' title="bbox 2276 3089 2316 3145">
    <p class='ocr_par' dir='ltr' id='par_1_56' title="bbox 2276 3089 2316 3145">
     <span class='ocr_line' id='line_1_56' title="bbox 2276 3089 2316 3145; baseline 0 0"><span class='ocrx_word' id='word_1_356' title='bbox 2276 3089 2316 3145; x_wconf 77' lang='grc' dir='ltr'>Ο</span> 
     </span>
    </p>
   </div>
   <div class='ocr_carea' id='block_1_57' title="bbox 2348 454 3847 530">
    <p class='ocr_par' dir='ltr' id='par_1_57' title="bbox 2348 454 3847 530">
     <span class='ocr_line' id='line_1_57' title="bbox 2348 454 3847 530; baseline -0.003 -19"><span class='ocrx_word' id='word_1_357' title='bbox 2348 458 2533 517; x_wconf 84' lang='grc' dir='ltr'>ἀνῆλθέ</span> <span class='ocrx_word' id='word_1_358' title='bbox 2574 478 2628 511; x_wconf 87' lang='grc' dir='ltr'>τε</span> <span class='ocrx_word' id='word_1_359' title='bbox 2667 458 2735 518; x_wconf 88' lang='grc' dir='ltr'>εἰς</span> <span class='ocrx_word' id='word_1_360' title='bbox 2772 462 2865 516; x_wconf 78' lang='grc' dir='ltr'>τὴν</span> <span class='ocrx_word' id='word_1_361' title='bbox 2906 456 3173 530; x_wconf 87' lang='grc' dir='ltr'>βασίλειον</span> <span class='ocrx_word' id='word_1_362' title='bbox 3206 454 3392 528; x_wconf 75' lang='grc' dir='ltr'>ἀρχὴν,</span> <span class='ocrx_word' id='word_1_363' title='bbox 3423 460 3505 508; x_wconf 81' lang='grc' dir='ltr'>καὶ</span> <span class='ocrx_word' id='word_1_364' title='bbox 3536 460 3704 529; x_wconf 86' lang='grc' dir='ltr'>Νίγρον</span> <span class='ocrx_word' id='word_1_365' title='bbox 3728 458 3847 530; x_wconf 71' lang='grc' dir='ltr'>μάχη</span> 
     </span>
    </p>
   </div>
   <div class='ocr_carea' id='block_1_58' title="bbox 2345 543 3851 621">
    <p class='ocr_par' dir='ltr' id='par_1_58' title="bbox 2345 543 3851 621">
     <span class='ocr_line' id='line_1_58' title="bbox 2345 543 3851 621; baseline -0.003 -21"><span class='ocrx_word' id='word_1_366' title='bbox 2345 554 2465 619; x_wconf 85' lang='grc' dir='ltr'>νικᾴ</span> <span class='ocrx_word' id='word_1_367' title='bbox 2506 552 2595 601; x_wconf 88' lang='grc' dir='ltr'>καὶ</span> <span class='ocrx_word' id='word_1_368' title='bbox 2636 546 2853 621; x_wconf 84' lang='grc' dir='ltr'>ἀναιρεῖ,</span> <span class='ocrx_word' id='word_1_369' title='bbox 2886 551 2975 599; x_wconf 82' lang='grc' dir='ltr'>καὶ</span> <span class='ocrx_word' id='word_1_370' title='bbox 3024 551 3125 597; x_wconf 86' lang='grc' dir='ltr'>πᾶν</span> <span class='ocrx_word' id='word_1_371' title='bbox 3165 548 3223 597; x_wconf 89' lang='grc' dir='ltr'>τό</span> <span class='ocrx_word' id='word_1_372' title='bbox 3273 543 3582 596; x_wconf 84' lang='grc' dir='ltr'>ἀντιστατούν</span> <span class='ocrx_word' id='word_1_373' title='bbox 3623 546 3649 603; x_wconf 75' lang='grc' dir='ltr'>ἡ</span> <span class='ocrx_word' id='word_1_374' title='bbox 3688 546 3851 616; x_wconf 80' lang='grc' dir='ltr'>μάχαις</span> 
     </span>
    </p>
   </div>
   <div class='ocr_carea' id='block_1_59' title="bbox 2348 631 3854 711">
    <p class='ocr_par' dir='ltr' id='par_1_59' title="bbox 2348 631 3854 711">
     <span class='ocr_line' id='line_1_59' title="bbox 2348 631 3854 711; baseline -0.003 -22"><span class='ocrx_word' id='word_1_375' title='bbox 2348 640 2545 711; x_wconf 81' lang='grc' dir='ltr'>βιαίοις</span> <span class='ocrx_word' id='word_1_376' title='bbox 2591 640 2617 695; x_wconf 70' lang='grc' dir='ltr'>ἦ</span> <span class='ocrx_word' id='word_1_377' title='bbox 2656 641 2865 708; x_wconf 81' lang='grc' dir='ltr'>τέχναις</span> <span class='ocrx_word' id='word_1_378' title='bbox 2909 631 3324 706; x_wconf 80' lang='grc' dir='ltr'>δυσδιαφύκτοις</span> <span class='ocrx_word' id='word_1_379' title='bbox 3366 634 3651 704; x_wconf 80' lang='grc' dir='ltr'>ὑπηγάγετο,</span> <span class='ocrx_word' id='word_1_380' title='bbox 3673 638 3747 685; x_wconf 84' lang='grc' dir='ltr'>καὶ</span> <span class='ocrx_word' id='word_1_381' title='bbox 3779 641 3854 684; x_wconf 82' lang='grc' dir='ltr'>τῶν</span> 
     </span>
    </p>
   </div>
   <div class='ocr_carea' id='block_1_60' title="bbox 2346 719 3854 797">
    <p class='ocr_par' dir='ltr' id='par_1_60' title="bbox 2346 719 3854 797">
     <span class='ocr_line' id='line_1_60' title="bbox 2346 719 3854 797; baseline -0.004 -18"><span class='ocrx_word' id='word_1_382' title='bbox 2346 730 2585 785; x_wconf 77' lang='grc' dir='ltr'>ὑπηκόων</span> <span class='ocrx_word' id='word_1_383' title='bbox 2653 725 2736 778; x_wconf 76' lang='grc' dir='ltr'>ἐπὶ</span> <span class='ocrx_word' id='word_1_384' title='bbox 2807 728 2865 777; x_wconf 91' lang='grc' dir='ltr'>τό</span> <span class='ocrx_word' id='word_1_385' title='bbox 2947 723 3299 797; x_wconf 83' lang='grc' dir='ltr'>σοϐαρώτερον</span> <span class='ocrx_word' id='word_1_386' title='bbox 3371 719 3483 795; x_wconf 75' lang='grc' dir='ltr'>ἦρξε</span> <span class='ocrx_word' id='word_1_387' title='bbox 3550 726 3736 795; x_wconf 83' lang='grc' dir='ltr'>προῖὼν,</span> <span class='ocrx_word' id='word_1_388' title='bbox 3786 726 3854 774; x_wconf 81' lang='grc' dir='ltr'>καὶ</span> 
     </span>
    </p>
   </div>
   <div class='ocr_carea' id='block_1_61' title="bbox 2345 807 3857 888">
    <p class='ocr_par' dir='ltr' id='par_1_61' title="bbox 2345 807 3857 888">
     <span class='ocr_line' id='line_1_61' title="bbox 2345 807 3857 888; baseline -0.006 -19"><span class='ocrx_word' id='word_1_389' title='bbox 2345 816 2553 888; x_wconf 83' lang='grc' dir='ltr'>τελευτᾴ</span> <span class='ocrx_word' id='word_1_390' title='bbox 2605 820 2740 886; x_wconf 87' lang='grc' dir='ltr'>νόσῳ</span> <span class='ocrx_word' id='word_1_391' title='bbox 2814 817 2900 866; x_wconf 86' lang='grc' dir='ltr'>τόν</span> <span class='ocrx_word' id='word_1_392' title='bbox 2963 817 3093 886; x_wconf 86' lang='grc' dir='ltr'>πρὸς</span> <span class='ocrx_word' id='word_1_393' title='bbox 3142 815 3438 886; x_wconf 75' lang='grc' dir='ltr'>Βρεττανοὺς</span> <span class='ocrx_word' id='word_1_394' title='bbox 3489 814 3529 846; x_wconf 82' lang='grc'><strong><em>³⁸</em></strong></span> <span class='ocrx_word' id='word_1_395' title='bbox 3572 807 3857 882; x_wconf 82' lang='grc' dir='ltr'>διαχειρίζων</span> 
     </span>
    </p>
   </div>
   <div class='ocr_carea' id='block_1_62' title="bbox 2345 895 3858 978">
    <p class='ocr_par' dir='ltr' id='par_1_62' title="bbox 2345 895 3858 978">
     <span class='ocr_line' id='line_1_62' title="bbox 2345 895 3858 978; baseline -0.007 -19"><span class='ocrx_word' id='word_1_396' title='bbox 2345 904 2589 978; x_wconf 83' lang='grc' dir='ltr'>πόλεμον.</span> <span class='ocrx_word' id='word_1_397' title='bbox 2632 909 2732 957; x_wconf 82' lang='grc' dir='ltr'>Καὶ</span> <span class='ocrx_word' id='word_1_398' title='bbox 2782 906 3083 963; x_wconf 81' lang='grc' dir='ltr'>Ἀντωνῖνος</span> <span class='ocrx_word' id='word_1_399' title='bbox 3143 904 3167 953; x_wconf 88' lang='lat'>6</span> <span class='ocrx_word' id='word_1_400' title='bbox 3224 910 3321 953; x_wconf 91' lang='grc' dir='ltr'>τῶν</span> <span class='ocrx_word' id='word_1_401' title='bbox 3358 901 3506 953; x_wconf 73' lang='grc' dir='ltr'>αὐτοῦ</span> <span class='ocrx_word' id='word_1_402' title='bbox 3549 895 3722 951; x_wconf 83' lang='grc' dir='ltr'>παίδων</span> <span class='ocrx_word' id='word_1_403' title='bbox 3768 917 3858 971; x_wconf 82' lang='grc' dir='ltr'>πρε-</span> 
     </span>
    </p>
   </div>
   <div class='ocr_carea' id='block_1_63' title="bbox 2350 987 3858 1068">
    <p class='ocr_par' dir='ltr' id='par_1_63' title="bbox 2350 987 3858 1068">
     <span class='ocr_line' id='line_1_63' title="bbox 2350 987 3858 1068; baseline -0.007 -20"><span class='ocrx_word' id='word_1_404' title='bbox 2350 995 2590 1068; x_wconf 86' lang='grc' dir='ltr'>σϐύτερος</span> <span class='ocrx_word' id='word_1_405' title='bbox 2644 990 2873 1054; x_wconf 81' lang='grc' dir='ltr'>σπονδὰς</span> <span class='ocrx_word' id='word_1_406' title='bbox 2947 996 3075 1066; x_wconf 86' lang='grc' dir='ltr'>πρὸς</span> <span class='ocrx_word' id='word_1_407' title='bbox 3120 991 3308 1052; x_wconf 81' lang='grc' dir='ltr'>αύτούς</span> <span class='ocrx_word' id='word_1_408' title='bbox 3382 992 3564 1061; x_wconf 76' lang='grc' dir='ltr'>θέμενος</span> <span class='ocrx_word' id='word_1_409' title='bbox 3628 987 3858 1059; x_wconf 84' lang='grc' dir='ltr'>ἀναχωρεῖ,</span> 
     </span>
    </p>
   </div>
   <div class='ocr_carea' id='block_1_64' title="bbox 2347 1074 3860 1156">
    <p class='ocr_par' dir='ltr' id='par_1_64' title="bbox 2347 1074 3860 1156">
     <span class='ocr_line' id='line_1_64' title="bbox 2347 1074 3860 1156; baseline -0.007 -20"><span class='ocrx_word' id='word_1_410' title='bbox 2347 1090 2438 1136; x_wconf 86' lang='grc' dir='ltr'>καὶ</span> <span class='ocrx_word' id='word_1_411' title='bbox 2487 1083 2937 1156; x_wconf 84' lang='grc' dir='ltr'>συμϐασιλεύοντα</span> <span class='ocrx_word' id='word_1_412' title='bbox 2991 1086 3080 1133; x_wconf 85' lang='grc' dir='ltr'>καὶ</span> <span class='ocrx_word' id='word_1_413' title='bbox 3118 1082 3256 1133; x_wconf 82' lang='grc' dir='ltr'>ἄκων</span> <span class='ocrx_word' id='word_1_414' title='bbox 3303 1080 3536 1152; x_wconf 74' lang='grc' dir='ltr'>λαμϐάνει</span> <span class='ocrx_word' id='word_1_415' title='bbox 3574 1081 3648 1129; x_wconf 88' lang='grc' dir='ltr'>τόν</span> <span class='ocrx_word' id='word_1_416' title='bbox 3685 1074 3860 1146; x_wconf 71' lang='grc' dir='ltr'>ἀδελφὸν</span> 
     </span>
    </p>
   </div>
   <div class='ocr_carea' id='block_1_65' title="bbox 2352 1164 3864 1246">
    <p class='ocr_par' dir='ltr' id='par_1_65' title="bbox 2352 1164 3864 1246">
     <span class='ocr_line' id='line_1_65' title="bbox 2352 1164 3864 1246; baseline -0.008 -19"><span class='ocrx_word' id='word_1_417' title='bbox 2352 1178 2530 1240; x_wconf 81' lang='grc' dir='ltr'>Γέταν,</span> <span class='ocrx_word' id='word_1_418' title='bbox 2576 1172 2703 1246; x_wconf 82' lang='lat'>[275</span> <span class='ocrx_word' id='word_1_419' title='bbox 2757 1171 2849 1245; x_wconf 68' lang='grc'>8.]</span> <span class='ocrx_word' id='word_1_420' title='bbox 2890 1177 2979 1224; x_wconf 82' lang='grc' dir='ltr'>καὶ</span> <span class='ocrx_word' id='word_1_421' title='bbox 3037 1170 3144 1244; x_wconf 86' lang='grc' dir='ltr'>μετ’</span> <span class='ocrx_word' id='word_1_422' title='bbox 3181 1170 3239 1222; x_wconf 81' lang='grc' dir='ltr'>ού</span> <span class='ocrx_word' id='word_1_423' title='bbox 3284 1168 3407 1222; x_wconf 88' lang='grc' dir='ltr'>πολύ</span> <span class='ocrx_word' id='word_1_424' title='bbox 3453 1166 3647 1227; x_wconf 79' lang='grc' dir='ltr'>Ἰουλίας</span> <span class='ocrx_word' id='word_1_425' title='bbox 3683 1174 3762 1227; x_wconf 80' lang='grc' dir='ltr'>τῆς</span> <span class='ocrx_word' id='word_1_426' title='bbox 3797 1164 3864 1216; x_wconf 84' lang='grc' dir='ltr'>αύ-</span> 
     </span>
    </p>
   </div>
   <div class='ocr_carea' id='block_1_66' title="bbox 2351 1254 3867 1337">
    <p class='ocr_par' dir='ltr' id='par_1_66' title="bbox 2351 1254 3867 1337">
     <span class='ocr_line' id='line_1_66' title="bbox 2351 1254 3867 1337; baseline -0.009 -20"><span class='ocrx_word' id='word_1_427' title='bbox 2351 1272 2449 1317; x_wconf 87' lang='grc' dir='ltr'>τῶν</span> <span class='ocrx_word' id='word_1_428' title='bbox 2500 1266 2695 1337; x_wconf 87' lang='grc' dir='ltr'>μητρὸς</span> <span class='ocrx_word' id='word_1_429' title='bbox 2734 1266 2858 1335; x_wconf 85' lang='grc' dir='ltr'>πρὸς</span> <span class='ocrx_word' id='word_1_430' title='bbox 2910 1268 3018 1322; x_wconf 90' lang='grc' dir='ltr'>τοῖς</span> <span class='ocrx_word' id='word_1_431' title='bbox 3082 1259 3295 1321; x_wconf 82' lang='grc' dir='ltr'>κόλποις</span> <span class='ocrx_word' id='word_1_432' title='bbox 3350 1265 3517 1310; x_wconf 86' lang='grc' dir='ltr'>τοῦτον</span> <span class='ocrx_word' id='word_1_433' title='bbox 3571 1254 3759 1325; x_wconf 78' lang='grc' dir='ltr'>ἀναιρεῖ,</span> <span class='ocrx_word' id='word_1_434' title='bbox 3799 1256 3867 1303; x_wconf 82' lang='grc' dir='ltr'>καὶ</span> 
     </span>
    </p>
   </div>
   <div class='ocr_carea' id='block_1_67' title="bbox 2352 1345 3867 1425">
    <p class='ocr_par' dir='ltr' id='par_1_67' title="bbox 2352 1345 3867 1425">
     <span class='ocr_line' id='line_1_67' title="bbox 2352 1345 3867 1425; baseline -0.01 -19"><span class='ocrx_word' id='word_1_435' title='bbox 2352 1353 2421 1415; x_wconf 86' lang='grc' dir='ltr'>εἰς</span> <span class='ocrx_word' id='word_1_436' title='bbox 2479 1354 2727 1425; x_wconf 87' lang='grc' dir='ltr'>ὠμότητα</span> <span class='ocrx_word' id='word_1_437' title='bbox 2785 1356 2874 1403; x_wconf 89' lang='lat' dir='ltr'>xui</span> <span class='ocrx_word' id='word_1_438' title='bbox 2923 1350 3260 1422; x_wconf 75' lang='grc' dir='ltr'>αἰσχρότητα</span> <span class='ocrx_word' id='word_1_439' title='bbox 3314 1345 3664 1420; x_wconf 80' lang='grc' dir='ltr'>ὑπερϐαλέσθαι</span> <span class='ocrx_word' id='word_1_440' title='bbox 3716 1345 3867 1398; x_wconf 81' lang='grc' dir='ltr'>πάντας</span> 
     </span>
    </p>
   </div>
   <div class='ocr_carea' id='block_1_68' title="bbox 2353 1431 3868 1514">
    <p class='ocr_par' dir='ltr' id='par_1_68' title="bbox 2353 1431 3868 1514">
     <span class='ocr_line' id='line_1_68' title="bbox 2353 1431 3868 1514; baseline -0.01 -20"><span class='ocrx_word' id='word_1_441' title='bbox 2353 1442 2713 1514; x_wconf 80' lang='grc' dir='ltr'>φιλονεικὴσας</span> <span class='ocrx_word' id='word_1_442' title='bbox 2798 1444 2915 1514; x_wconf 87' lang='grc' dir='ltr'>περὶ</span> <span class='ocrx_word' id='word_1_443' title='bbox 2987 1443 3175 1512; x_wconf 82' lang='grc' dir='ltr'>Συρίαν</span> <span class='ocrx_word' id='word_1_444' title='bbox 3258 1434 3451 1507; x_wconf 83' lang='grc' dir='ltr'>διάγων</span> <span class='ocrx_word' id='word_1_445' title='bbox 3529 1431 3868 1485; x_wconf 78' lang='grc' dir='ltr'>ἐπιϐουλεύεται·</span> 
     </span>
    </p>
   </div>
   <div class='ocr_carea' id='block_1_69' title="bbox 2351 1515 3871 1606">
    <p class='ocr_par' dir='ltr' id='par_1_69' title="bbox 2351 1515 3871 1606">
     <span class='ocr_line' id='line_1_69' title="bbox 2351 1515 3871 1606; baseline -0.012 -21"><span class='ocrx_word' id='word_1_446' title='bbox 2351 1538 2609 1606; x_wconf 80' lang='grc' dir='ltr'>Μακρῖνος</span> <span class='ocrx_word' id='word_1_447' title='bbox 2636 1527 2686 1583; x_wconf 86' lang='grc' dir='ltr'>δ’</span> <span class='ocrx_word' id='word_1_448' title='bbox 2719 1526 2779 1588; x_wconf 77' lang='grc' dir='ltr'>ἧν</span> <span class='ocrx_word' id='word_1_449' title='bbox 2807 1531 2831 1581; x_wconf 89' lang='lat'>6</span> <span class='ocrx_word' id='word_1_450' title='bbox 2861 1534 2951 1587; x_wconf 74' lang='grc' dir='ltr'>την</span> <span class='ocrx_word' id='word_1_451' title='bbox 2984 1526 3258 1585; x_wconf 74' lang='grc' dir='ltr'>ἐπιϐουλὴν</span> <span class='ocrx_word' id='word_1_452' title='bbox 3288 1524 3605 1584; x_wconf 77' lang='grc' dir='ltr'>συσκενάξων</span> <span class='ocrx_word' id='word_1_453' title='bbox 3631 1522 3691 1585; x_wconf 73' lang='grc'>³⁴,</span> <span class='ocrx_word' id='word_1_454' title='bbox 3719 1515 3871 1577; x_wconf 84' lang='grc' dir='ltr'>δεδιὼς</span> 
     </span>
    </p>
   </div>
   <div class='ocr_carea' id='block_1_70' title="bbox 2351 1609 3870 1691">
    <p class='ocr_par' dir='ltr' id='par_1_70' title="bbox 2351 1609 3870 1691">
     <span class='ocr_line' id='line_1_70' title="bbox 2351 1609 3870 1691; baseline -0.01 -19"><span class='ocrx_word' id='word_1_455' title='bbox 2351 1625 2435 1672; x_wconf 77' lang='grc' dir='ltr'>καὶ</span> <span class='ocrx_word' id='word_1_456' title='bbox 2489 1624 2641 1680; x_wconf 77' lang='grc' dir='ltr'>αὗτός</span> <span class='ocrx_word' id='word_1_457' title='bbox 2691 1622 2905 1672; x_wconf 84' lang='grc' dir='ltr'>θάνατον</span> <span class='ocrx_word' id='word_1_458' title='bbox 2953 1622 3041 1669; x_wconf 87' lang='grc' dir='ltr'>καὶ</span> <span class='ocrx_word' id='word_1_459' title='bbox 3112 1615 3483 1691; x_wconf 82' lang='grc' dir='ltr'>προλαμϐάνειν</span> <span class='ocrx_word' id='word_1_460' title='bbox 3534 1609 3870 1683; x_wconf 70' lang='grc' dir='ltr'>ἀγωνισάμενος.</span> 
     </span>
    </p>
   </div>
   <div class='ocr_carea' id='block_1_71' title="bbox 2276 1702 3871 1781">
    <p class='ocr_par' dir='ltr' id='par_1_71' title="bbox 2276 1702 3871 1781">
     <span class='ocr_line' id='line_1_71' title="bbox 2276 1702 3871 1781; baseline -0.013 -16"><span class='ocrx_word' id='word_1_461' title='bbox 2276 1717 2320 1773; x_wconf 91' lang='grc' dir='ltr'><strong>Β</strong></span> <span class='ocrx_word' id='word_1_462' title='bbox 2352 1710 2491 1764; x_wconf 81' lang='grc' dir='ltr'>Ἐπεὶ</span> <span class='ocrx_word' id='word_1_463' title='bbox 2543 1707 2602 1762; x_wconf 69' lang='grc' dir='ltr'>δὲ</span> <span class='ocrx_word' id='word_1_464' title='bbox 2649 1708 2878 1781; x_wconf 69' lang='grc' dir='ltr'>ἀνῄρητο</span> <span class='ocrx_word' id='word_1_465' title='bbox 2955 1708 3271 1771; x_wconf 88' lang='grc' dir='ltr'>Ἀντῶνινος,</span> <span class='ocrx_word' id='word_1_466' title='bbox 3321 1703 3573 1778; x_wconf 77' lang='grc' dir='ltr'>βασιλεύει</span> <span class='ocrx_word' id='word_1_467' title='bbox 3644 1702 3871 1769; x_wconf 80' lang='grc' dir='ltr'>Μακρῖνος,</span> 
     </span>
    </p>
   </div>
   <div class='ocr_carea' id='block_1_72' title="bbox 2353 1787 3873 1875">
    <p class='ocr_par' dir='ltr' id='par_1_72' title="bbox 2353 1787 3873 1875">
     <span class='ocr_line' id='line_1_72' title="bbox 2353 1787 3873 1875; baseline -0.012 -23"><span class='ocrx_word' id='word_1_468' title='bbox 2353 1800 2479 1875; x_wconf 78' lang='grc' dir='ltr'>ἀνὴρ</span> <span class='ocrx_word' id='word_1_469' title='bbox 2535 1798 2835 1872; x_wconf 86' lang='grc' dir='ltr'>πρεσϐύτης</span> <span class='ocrx_word' id='word_1_470' title='bbox 2899 1800 2981 1849; x_wconf 74' lang='grc' dir='ltr'>καὶ</span> <span class='ocrx_word' id='word_1_471' title='bbox 3031 1795 3278 1866; x_wconf 72' lang='grc' dir='ltr'>μελλητὴς</span> <span class='ocrx_word' id='word_1_472' title='bbox 3331 1798 3418 1846; x_wconf 83' lang='grc' dir='ltr'>καὶ</span> <span class='ocrx_word' id='word_1_473' title='bbox 3470 1787 3576 1844; x_wconf 80' lang='grc' dir='ltr'>οὐδ’</span> <span class='ocrx_word' id='word_1_474' title='bbox 3626 1787 3873 1875; x_wconf 58' lang='grc' dir='ltr'>ἐγκράτειαν</span> 
     </span>
    </p>
   </div>
   <div class='ocr_carea' id='block_1_73' title="bbox 2352 1874 3872 1953">
    <p class='ocr_par' dir='ltr' id='par_1_73' title="bbox 2352 1874 3872 1953">
     <span class='ocr_line' id='line_1_73' title="bbox 2352 1874 3872 1953; baseline -0.005 -12"><span class='ocrx_word' id='word_1_475' title='bbox 2352 1874 2545 1953; x_wconf 84' lang='grc' dir='ltr'>ἀσκῶν,</span> <span class='ocrx_word' id='word_1_476' title='bbox 2577 1891 2643 1940; x_wconf 81' lang='grc' dir='ltr'>τὰ</span> <span class='ocrx_word' id='word_1_477' title='bbox 2690 1884 2749 1939; x_wconf 79' lang='grc' dir='ltr'>δε</span> <span class='ocrx_word' id='word_1_478' title='bbox 2800 1886 2930 1938; x_wconf 80' lang='grc' dir='ltr'>ἄλλα</span> <span class='ocrx_word' id='word_1_479' title='bbox 2981 1883 3149 1938; x_wconf 82' lang='grc' dir='ltr'>δοκῶν</span> <span class='ocrx_word' id='word_1_480' title='bbox 3208 1884 3449 1943; x_wconf 77' lang='grc' dir='ltr'>ἐπιεικής.</span> <span class='ocrx_word' id='word_1_481' title='bbox 3482 1887 3583 1941; x_wconf 82' lang='grc' dir='ltr'>Τῆς</span> <span class='ocrx_word' id='word_1_482' title='bbox 3619 1874 3672 1930; x_wconf 80' lang='grc' dir='ltr'>δ“ε</span> <span class='ocrx_word' id='word_1_483' title='bbox 3716 1878 3872 1936; x_wconf 69' lang='grc' dir='ltr'>Μέσης,</span> 
     </span>
    </p>
   </div>
   <div class='ocr_carea' id='block_1_74' title="bbox 2352 1963 3872 2045">
    <p class='ocr_par' dir='ltr' id='par_1_74' title="bbox 2352 1963 3872 2045">
     <span class='ocr_line' id='line_1_74' title="bbox 2352 1963 3872 2045; baseline -0.004 -15"><span class='ocrx_word' id='word_1_484' title='bbox 2352 1981 2468 2038; x_wconf 80' lang='grc' dir='ltr'>ἣτις</span> <span class='ocrx_word' id='word_1_485' title='bbox 2520 1974 2581 2035; x_wconf 69' lang='grc' dir='ltr'>ἦν</span> <span class='ocrx_word' id='word_1_486' title='bbox 2647 1975 2864 2036; x_wconf 84' lang='grc' dir='ltr'>Ἰουλίας</span> <span class='ocrx_word' id='word_1_487' title='bbox 2924 1971 3141 2045; x_wconf 79' lang='grc' dir='ltr'>ἀδελφὴ,</span> <span class='ocrx_word' id='word_1_488' title='bbox 3191 1970 3287 2025; x_wconf 78' lang='grc' dir='ltr'>δύο</span> <span class='ocrx_word' id='word_1_489' title='bbox 3362 1973 3625 2043; x_wconf 72' lang='grc' dir='ltr'>θυγατέρας</span> <span class='ocrx_word' id='word_1_490' title='bbox 3670 1963 3872 2037; x_wconf 72' lang='grc' dir='ltr'>ἐχούσης.</span> 
     </span>
    </p>
   </div>
   <div class='ocr_carea' id='block_1_75' title="bbox 2352 2046 3877 2139">
    <p class='ocr_par' dir='ltr' id='par_1_75' title="bbox 2352 2046 3877 2139">
     <span class='ocr_line' id='line_1_75' title="bbox 2352 2046 3877 2139; baseline -0.013 -19"><span class='ocrx_word' id='word_1_491' title='bbox 2352 2062 2611 2139; x_wconf 83' lang='grc' dir='ltr'>Σοαιμίδα</span> <span class='ocrx_word' id='word_1_492' title='bbox 2658 2070 2746 2118; x_wconf 87' lang='grc' dir='ltr'>καὶ</span> <span class='ocrx_word' id='word_1_493' title='bbox 2799 2068 3069 2137; x_wconf 79' lang='grc' dir='ltr'>Μαμαίαν,</span> <span class='ocrx_word' id='word_1_494' title='bbox 3098 2068 3187 2114; x_wconf 86' lang='grc' dir='ltr'>καὶ</span> <span class='ocrx_word' id='word_1_495' title='bbox 3236 2071 3327 2122; x_wconf 80' lang='grc' dir='ltr'>τῆς</span> <span class='ocrx_word' id='word_1_496' title='bbox 3370 2063 3456 2134; x_wconf 70' lang='grc' dir='ltr'>μὶν</span> <span class='ocrx_word' id='word_1_497' title='bbox 3499 2057 3710 2130; x_wconf 75' lang='grc' dir='ltr'>ἐχούσης</span> <span class='ocrx_word' id='word_1_498' title='bbox 3746 2046 3877 2104; x_wconf 81' lang='grc' dir='ltr'>παῖδα</span> 
     </span>
    </p>
   </div>
   <div class='ocr_carea' id='block_1_76' title="bbox 2352 2143 3877 2229">
    <p class='ocr_par' dir='ltr' id='par_1_76' title="bbox 2352 2143 3877 2229">
     <span class='ocr_line' id='line_1_76' title="bbox 2352 2143 3877 2229; baseline -0.009 -19"><span class='ocrx_word' id='word_1_499' title='bbox 2352 2164 2512 2229; x_wconf 79' lang='grc' dir='ltr'>ὄνομα</span> <span class='ocrx_word' id='word_1_500' title='bbox 2555 2158 2846 2208; x_wconf 88' lang='grc' dir='ltr'>Βασσιανὸν</span> <span class='ocrx_word' id='word_1_501' title='bbox 2896 2155 2964 2219; x_wconf 79' lang='grc'>³⁵,</span> <span class='ocrx_word' id='word_1_502' title='bbox 2991 2161 3086 2215; x_wconf 86' lang='grc' dir='ltr'>τῆς</span> <span class='ocrx_word' id='word_1_503' title='bbox 3137 2149 3197 2205; x_wconf 65' lang='grc' dir='ltr'>δι</span> <span class='ocrx_word' id='word_1_504' title='bbox 3254 2151 3521 2213; x_wconf 83' lang='grc' dir='ltr'>Ἀλεξῖνον,</span> <span class='ocrx_word' id='word_1_505' title='bbox 3553 2148 3598 2200; x_wconf 82' lang='grc' dir='ltr'>οῖ</span> <span class='ocrx_word' id='word_1_506' title='bbox 3640 2145 3685 2208; x_wconf 78' lang='grc' dir='ltr'>ἐξ</span> <span class='ocrx_word' id='word_1_507' title='bbox 3728 2143 3877 2198; x_wconf 82' lang='grc' dir='ltr'>Ἀντω-</span> 
     </span>
    </p>
   </div>
   <div class='ocr_carea' id='block_1_77' title="bbox 2350 2230 3880 2319">
    <p class='ocr_par' dir='ltr' id='par_1_77' title="bbox 2350 2230 3880 2319">
     <span class='ocr_line' id='line_1_77' title="bbox 2350 2230 3880 2319; baseline -0.012 -19"><span class='ocrx_word' id='word_1_508' title='bbox 2350 2254 2489 2300; x_wconf 92' lang='grc' dir='ltr'>νίνου</span> <span class='ocrx_word' id='word_1_509' title='bbox 2540 2247 2816 2319; x_wconf 86' lang='grc' dir='ltr'>λαθραίαις</span> <span class='ocrx_word' id='word_1_510' title='bbox 2888 2243 3093 2316; x_wconf 80' lang='grc' dir='ltr'>μίξεσιν</span> <span class='ocrx_word' id='word_1_511' title='bbox 3178 2240 3405 2312; x_wconf 73' lang='grc' dir='ltr'>ἐλέγοντο</span> <span class='ocrx_word' id='word_1_512' title='bbox 3476 2235 3793 2311; x_wconf 81' lang='grc' dir='ltr'>γεγεννῆσθαι,</span> <span class='ocrx_word' id='word_1_513' title='bbox 3838 2230 3880 2278; x_wconf 85' lang='grc' dir='ltr'>τὸ</span> 
     </span>
    </p>
   </div>
   <div class='ocr_carea' id='block_1_78' title="bbox 2354 2319 3881 2411">
    <p class='ocr_par' dir='ltr' id='par_1_78' title="bbox 2354 2319 3881 2411">
     <span class='ocr_line' id='line_1_78' title="bbox 2354 2319 3881 2411; baseline -0.009 -22"><span class='ocrx_word' id='word_1_514' title='bbox 2354 2338 2748 2411; x_wconf 83' lang='grc' dir='ltr'>στρατιωτικόν,</span> <span class='ocrx_word' id='word_1_515' title='bbox 2805 2339 2997 2408; x_wconf 87' lang='grc' dir='ltr'>μικρᾶς</span> <span class='ocrx_word' id='word_1_516' title='bbox 3066 2330 3347 2403; x_wconf 86' lang='grc' dir='ltr'>λαϐόμενοι</span> <span class='ocrx_word' id='word_1_517' title='bbox 3397 2327 3703 2402; x_wconf 74' lang='grc' dir='ltr'>προφάσεως,</span> <span class='ocrx_word' id='word_1_518' title='bbox 3747 2319 3787 2370; x_wconf 75' lang='grc' dir='ltr'>έν</span> <span class='ocrx_word' id='word_1_519' title='bbox 3828 2322 3881 2385; x_wconf 76' lang='grc' dir='ltr'>τῷ</span> 
     </span>
    </p>
   </div>
   <div class='ocr_carea' id='block_1_79' title="bbox 2357 2410 3883 2498">
    <p class='ocr_par' dir='ltr' id='par_1_79' title="bbox 2357 2410 3883 2498">
     <span class='ocr_line' id='line_1_79' title="bbox 2357 2410 3883 2498; baseline -0.012 -21"><span class='ocrx_word' id='word_1_520' title='bbox 2357 2410 2496 2498; x_wconf 57' lang='grc' dir='ltr'>σφῶν</span> <span class='ocrx_word' id='word_1_521' title='bbox 2592 2422 2966 2496; x_wconf 71' lang='grc' dir='ltr'>ἀναγορεύουσι</span> <span class='ocrx_word' id='word_1_522' title='bbox 3039 2416 3381 2493; x_wconf 81' lang='grc' dir='ltr'>στρατοπέδῳ</span> <span class='ocrx_word' id='word_1_523' title='bbox 3467 2420 3550 2469; x_wconf 88' lang='grc' dir='ltr'>τόν</span> <span class='ocrx_word' id='word_1_524' title='bbox 3627 2410 3883 2467; x_wconf 79' lang='grc' dir='ltr'>Βασσιανὸν,</span> 
     </span>
    </p>
   </div>
   <div class='ocr_carea' id='block_1_80' title="bbox 2354 2496 3885 2588">
    <p class='ocr_par' dir='ltr' id='par_1_80' title="bbox 2354 2496 3885 2588">
     <span class='ocr_line' id='line_1_80' title="bbox 2354 2496 3885 2588; baseline -0.009 -21"><span class='ocrx_word' id='word_1_525' title='bbox 2354 2496 2796 2588; x_wconf 80' lang='grc' dir='ltr'>μετονομάσαντες</span> <span class='ocrx_word' id='word_1_526' title='bbox 2855 2512 2900 2547; x_wconf 71' lang='grc'>³⁵</span> <span class='ocrx_word' id='word_1_527' title='bbox 2953 2512 3267 2562; x_wconf 78' lang='grc' dir='ltr'>Ἀντωνίνονο</span> <span class='ocrx_word' id='word_1_528' title='bbox 3315 2512 3403 2559; x_wconf 90' lang='lat' dir='ltr'>xui</span> <span class='ocrx_word' id='word_1_529' title='bbox 3457 2507 3646 2578; x_wconf 82' lang='grc' dir='ltr'>μάχαις</span> <span class='ocrx_word' id='word_1_530' title='bbox 3691 2496 3885 2557; x_wconf 77' lang='grc' dir='ltr'>ἡττηθεὶς</span> 
     </span>
    </p>
   </div>
   <div class='ocr_carea' id='block_1_81' title="bbox 2355 2592 3889 2677">
    <p class='ocr_par' dir='ltr' id='par_1_81' title="bbox 2355 2592 3889 2677">
     <span class='ocr_line' id='line_1_81' title="bbox 2355 2592 3889 2677; baseline -0.008 -21"><span class='ocrx_word' id='word_1_531' title='bbox 2355 2607 2608 2677; x_wconf 80' lang='grc' dir='ltr'>Μακρῖνος</span> <span class='ocrx_word' id='word_1_532' title='bbox 2659 2608 2748 2653; x_wconf 90' lang='lat' dir='ltr'>xui</span> <span class='ocrx_word' id='word_1_533' title='bbox 2805 2603 3001 2673; x_wconf 79' lang='grc' dir='ltr'>φεύγων</span> <span class='ocrx_word' id='word_1_534' title='bbox 3057 2598 3113 2650; x_wconf 86' lang='grc' dir='ltr'>ἐκ</span> <span class='ocrx_word' id='word_1_535' title='bbox 3160 2606 3260 2650; x_wconf 89' lang='grc' dir='ltr'>τῶν</span> <span class='ocrx_word' id='word_1_536' title='bbox 3311 2598 3560 2669; x_wconf 81' lang='grc' dir='ltr'>μεθορίων</span> <span class='ocrx_word' id='word_1_537' title='bbox 3602 2592 3811 2646; x_wconf 75' lang='grc' dir='ltr'>Φοινίκης</span> <span class='ocrx_word' id='word_1_538' title='bbox 3850 2600 3889 2677; x_wconf 47' lang='grc' dir='ltr'>τε</span> 
     </span>
    </p>
   </div>
   <div class='ocr_carea' id='block_1_82' title="bbox 2354 2675 3888 2763">
    <p class='ocr_par' dir='ltr' id='par_1_82' title="bbox 2354 2675 3888 2763">
     <span class='ocr_line' id='line_1_82' title="bbox 2354 2675 3888 2763; baseline -0.013 -17"><span class='ocrx_word' id='word_1_539' title='bbox 2354 2698 2443 2746; x_wconf 84' lang='grc' dir='ltr'>καὶ</span> <span class='ocrx_word' id='word_1_540' title='bbox 2476 2675 2481 2677; x_wconf 15' lang='grc' dir='ltr'><strong>ν</strong></span> <span class='ocrx_word' id='word_1_541' title='bbox 2520 2696 2702 2763; x_wconf 86' lang='grc' dir='ltr'>Συρίας</span> <span class='ocrx_word' id='word_1_542' title='bbox 2776 2695 2869 2748; x_wconf 78' lang='grc' dir='ltr'>τὴν</span> <span class='ocrx_word' id='word_1_543' title='bbox 2944 2684 3261 2746; x_wconf 77' lang='grc' dir='ltr'>Χαλκηδόνα</span> <span class='ocrx_word' id='word_1_544' title='bbox 3347 2682 3601 2751; x_wconf 73' lang='grc' dir='ltr'>κατέλαϐε,</span> <span class='ocrx_word' id='word_1_545' title='bbox 3650 2681 3762 2753; x_wconf 87' lang='grc' dir='ltr'>πρὸς</span> <span class='ocrx_word' id='word_1_546' title='bbox 3816 2675 3888 2763; x_wconf 68' lang='grc' dir='ltr'>τὴν</span> 
     </span>
    </p>
   </div>
   <div class='ocr_carea' id='block_1_83' title="bbox 2351 2762 3893 2855">
    <p class='ocr_par' dir='ltr' id='par_1_83' title="bbox 2351 2762 3893 2855">
     <span class='ocr_line' id='line_1_83' title="bbox 2351 2762 3893 2855; baseline -0.015 -20"><span class='ocrx_word' id='word_1_547' title='bbox 2351 2782 2551 2855; x_wconf 81' lang='grc' dir='ltr'>Ῥώμην</span> <span class='ocrx_word' id='word_1_548' title='bbox 2631 2780 2819 2833; x_wconf 77' lang='grc' dir='ltr'>έκεῖθεν</span> <span class='ocrx_word' id='word_1_549' title='bbox 2900 2777 3177 2851; x_wconf 74' lang='grc' dir='ltr'>ἀφικέσθαι</span> <span class='ocrx_word' id='word_1_550' title='bbox 3240 2773 3613 2847; x_wconf 83' lang='grc' dir='ltr'>διανοούμενος·</span> <span class='ocrx_word' id='word_1_551' title='bbox 3676 2765 3766 2820; x_wconf 75' lang='grc' dir='ltr'>ἀλλ’</span> <span class='ocrx_word' id='word_1_552' title='bbox 3810 2762 3893 2855; x_wconf 59' lang='lat' dir='ltr'>im:</span> 
     </span>
    </p>
   </div>
   <div class='ocr_carea' id='block_1_84' title="bbox 2354 2849 3891 2932">
    <p class='ocr_par' dir='ltr' id='par_1_84' title="bbox 2354 2849 3891 2932">
     <span class='ocr_line' id='line_1_84' title="bbox 2354 2849 3891 2932; baseline -0.014 -7"><span class='ocrx_word' id='word_1_553' title='bbox 2354 2871 2731 2932; x_wconf 89' lang='grc' dir='ltr'>καταλαϐόντες</span> <span class='ocrx_word' id='word_1_554' title='bbox 2772 2869 2925 2921; x_wconf 77' lang='grc' dir='ltr'>αὐτόν</span> <span class='ocrx_word' id='word_1_555' title='bbox 2960 2870 3002 2903; x_wconf 80' lang='grc'>⁸⁷</span> <span class='ocrx_word' id='word_1_556' title='bbox 3038 2869 3086 2919; x_wconf 84' lang='grc' dir='ltr'>οἱ</span> <span class='ocrx_word' id='word_1_557' title='bbox 3128 2874 3217 2919; x_wconf 82' lang='grc' dir='ltr'>τοῦ</span> <span class='ocrx_word' id='word_1_558' title='bbox 3256 2866 3560 2918; x_wconf 84' lang='grc' dir='ltr'>Ἀντωνίνου</span> <span class='ocrx_word' id='word_1_559' title='bbox 3605 2860 3830 2912; x_wconf 74' lang='grc' dir='ltr'>ἐπὶτοῦτο</span> <span class='ocrx_word' id='word_1_560' title='bbox 3857 2849 3891 2883; x_wconf 81' lang='grc'>³⁸</span> 
     </span>
    </p>
   </div>
   <div class='ocr_carea' id='block_1_85' title="bbox 2355 2942 3892 3032">
    <p class='ocr_par' dir='ltr' id='par_1_85' title="bbox 2355 2942 3892 3032">
     <span class='ocr_line' id='line_1_85' title="bbox 2355 2942 3892 3032; baseline -0.01 -17"><span class='ocrx_word' id='word_1_561' title='bbox 2355 2961 2727 3032; x_wconf 80' lang='grc' dir='ltr'>ἀπεσταλμένοι</span> <span class='ocrx_word' id='word_1_562' title='bbox 2798 2961 3043 3030; x_wconf 87' lang='grc' dir='ltr'>τέμνουσί</span> <span class='ocrx_word' id='word_1_563' title='bbox 3110 2975 3161 3008; x_wconf 85' lang='grc' dir='ltr'>τε</span> <span class='ocrx_word' id='word_1_564' title='bbox 3210 2959 3303 3014; x_wconf 77' lang='grc' dir='ltr'>τὴν</span> <span class='ocrx_word' id='word_1_565' title='bbox 3360 2952 3576 3026; x_wconf 74' lang='grc' dir='ltr'>κεφαλήν</span> <span class='ocrx_word' id='word_1_566' title='bbox 3628 2952 3709 3000; x_wconf 85' lang='lat' dir='ltr'>xui</span> <span class='ocrx_word' id='word_1_567' title='bbox 3756 2942 3892 2994; x_wconf 77' lang='grc' dir='ltr'>ὀπίσω</span> 
     </span>
    </p>
   </div>
   <div class='ocr_carea' id='block_1_86' title="bbox 2354 3034 3891 3122">
    <p class='ocr_par' dir='ltr' id='par_1_86' title="bbox 2354 3034 3891 3122">
     <span class='ocr_line' id='line_1_86' title="bbox 2354 3034 3891 3122; baseline -0.014 -18"><span class='ocrx_word' id='word_1_568' title='bbox 2354 3050 2789 3122; x_wconf 78' lang='grc' dir='ltr'>ἀποκομίζουσιν.</span> <span class='ocrx_word' id='word_1_569' title='bbox 2838 3049 3136 3105; x_wconf 86' lang='grc' dir='ltr'>Ἀντωνῖνος</span> <span class='ocrx_word' id='word_1_570' title='bbox 3195 3040 3273 3111; x_wconf 66' lang='grc' dir='ltr'>δὲ,</span> <span class='ocrx_word' id='word_1_571' title='bbox 3322 3045 3413 3104; x_wconf 83' lang='grc' dir='ltr'>ἓως</span> <span class='ocrx_word' id='word_1_572' title='bbox 3469 3045 3555 3114; x_wconf 66' lang='grc' dir='ltr'>μὲν</span> <span class='ocrx_word' id='word_1_573' title='bbox 3608 3036 3803 3090; x_wconf 77' lang='grc' dir='ltr'>ἐπείθετο</span> 
     </span>
    </p>
   </div>
   <div class='ocr_carea' id='block_1_87' title="bbox 2353 3114 3895 3213">
    <p class='ocr_par' dir='ltr' id='par_1_87' title="bbox 2353 3114 3895 3213">
     <span class='ocr_line' id='line_1_87' title="bbox 2353 3114 3895 3213; baseline -0.012 -19"><span class='ocrx_word' id='word_1_574' title='bbox 2353 3144 2563 3213; x_wconf 77' lang='grc' dir='ltr'>μάμμη,</span> <span class='ocrx_word' id='word_1_575' title='bbox 2624 3138 2916 3209; x_wconf 79' lang='grc' dir='ltr'>ἐσωφρόνει,</span> <span class='ocrx_word' id='word_1_576' title='bbox 2977 3140 3067 3187; x_wconf 87' lang='grc' dir='ltr'>καὶ</span> <span class='ocrx_word' id='word_1_577' title='bbox 3114 3141 3346 3187; x_wconf 85' lang='grc' dir='ltr'>ποιεῖται</span> <span class='ocrx_word' id='word_1_578' title='bbox 3393 3137 3482 3185; x_wconf 87' lang='lat' dir='ltr'>xui</span> <span class='ocrx_word' id='word_1_579' title='bbox 3532 3132 3612 3182; x_wconf 86' lang='grc' dir='ltr'>τόν</span> <span class='ocrx_word' id='word_1_580' title='bbox 3671 3124 3777 3196; x_wconf 76' lang='grc'>[149</span> 
     </span>
    </p>
   </div>
   <div class='ocr_carea' id='block_1_88' title="bbox 2356 3208 3897 3297">
    <p class='ocr_par' dir='ltr' id='par_1_88' title="bbox 2356 3208 3897 3297">
     <span class='ocr_line' id='line_1_88' title="bbox 2356 3208 3897 3297; baseline -0.009 -14"><span class='ocrx_word' id='word_1_581' title='bbox 2356 3208 2605 3292; x_wconf 67' lang='grc' dir='ltr'>Ἄλεξῖνον</span> <span class='ocrx_word' id='word_1_582' title='bbox 2634 3231 2679 3262; x_wconf 74' lang='grc'>³9</span> <span class='ocrx_word' id='word_1_583' title='bbox 2726 3208 2838 3279; x_wconf 78' lang='grc' dir='ltr'>υίόν</span> <span class='ocrx_word' id='word_1_584' title='bbox 2886 3244 2939 3278; x_wconf 91' lang='grc' dir='ltr'>τε</span> <span class='ocrx_word' id='word_1_585' title='bbox 2982 3224 3091 3297; x_wconf 79' lang='grc' dir='ltr'>ἅμα</span> <span class='ocrx_word' id='word_1_586' title='bbox 3138 3228 3222 3275; x_wconf 82' lang='grc' dir='ltr'>καὶ</span> <span class='ocrx_word' id='word_1_587' title='bbox 3279 3228 3546 3295; x_wconf 80' lang='grc' dir='ltr'>Καίσαρα,</span> <span class='ocrx_word' id='word_1_588' title='bbox 3597 3216 3664 3278; x_wconf 88' lang='grc' dir='ltr'>εἰς</span> <span class='ocrx_word' id='word_1_589' title='bbox 3707 3208 3897 3297; x_wconf 48' lang='grc' dir='ltr'>Ἀκξφξ</span> 
     </span>
    </p>
   </div>
   <div class='ocr_carea' id='block_1_89' title="bbox 2357 3292 3898 3399">
    <p class='ocr_par' dir='ltr' id='par_1_89' title="bbox 2357 3292 3898 3399">
     <span class='ocr_line' id='line_1_89' title="bbox 2357 3292 3898 3399; baseline -0.01 -29"><span class='ocrx_word' id='word_1_590' title='bbox 2357 3316 2479 3391; x_wconf 79' lang='grc' dir='ltr'>δρον</span> <span class='ocrx_word' id='word_1_591' title='bbox 2532 3316 2934 3389; x_wconf 77' lang='grc' dir='ltr'>μετακληθένταο</span> <span class='ocrx_word' id='word_1_592' title='bbox 2974 3312 3080 3365; x_wconf 78' lang='grc' dir='ltr'>ἐπεὶ</span> <span class='ocrx_word' id='word_1_593' title='bbox 3130 3309 3189 3364; x_wconf 70' lang='grc' dir='ltr'>δὲ</span> <span class='ocrx_word' id='word_1_594' title='bbox 3248 3319 3356 3373; x_wconf 85' lang='grc' dir='ltr'>τοῖς</span> <span class='ocrx_word' id='word_1_595' title='bbox 3403 3308 3604 3370; x_wconf 82' lang='grc' dir='ltr'>κόλαξιν</span> <span class='ocrx_word' id='word_1_596' title='bbox 3646 3302 3803 3399; x_wconf 63' lang='grc' dir='ltr'>ἑαυτὸν</span> <span class='ocrx_word' id='word_1_597' title='bbox 3841 3292 3898 3355; x_wconf 69' lang='grc' dir='ltr'>ἕξ·</span> 
     </span>
    </p>
   </div>
   <div class='ocr_carea' id='block_1_90' title="bbox 2356 3396 3901 3477">
    <p class='ocr_par' dir='ltr' id='par_1_90' title="bbox 2356 3396 3901 3477">
     <span class='ocr_line' id='line_1_90' title="bbox 2356 3396 3901 3477; baseline -0.013 -16"><span class='ocrx_word' id='word_1_598' title='bbox 2356 3404 2565 3473; x_wconf 72' lang='grc' dir='ltr'>ἔδωκεν,</span> <span class='ocrx_word' id='word_1_599' title='bbox 2599 3402 2847 3477; x_wconf 69' lang='grc' dir='ltr'>οὐδεμίαν</span> <span class='ocrx_word' id='word_1_600' title='bbox 2878 3402 3162 3476; x_wconf 77' lang='grc' dir='ltr'>ὑπερϐολὴν</span> <span class='ocrx_word' id='word_1_601' title='bbox 3195 3403 3242 3437; x_wconf 66' lang='grc' dir='ltr'>⁸ο</span> <span class='ocrx_word' id='word_1_602' title='bbox 3279 3402 3635 3474; x_wconf 80' lang='grc' dir='ltr'>αἱσχρότητος</span> <span class='ocrx_word' id='word_1_603' title='bbox 3667 3396 3747 3445; x_wconf 90' lang='lat' dir='ltr'>xui</span> <span class='ocrx_word' id='word_1_604' title='bbox 3776 3396 3901 3457; x_wconf 73' lang='grc' dir='ltr'>ἀκρα-</span> 
     </span>
    </p>
   </div>
   <div class='ocr_carea' id='block_1_91' title="bbox 2359 3477 3901 3557">
    <p class='ocr_par' dir='ltr' id='par_1_91' title="bbox 2359 3477 3901 3557">
     <span class='ocr_line' id='line_1_91' title="bbox 2359 3477 3901 3557; baseline -0.006 -8"><span class='ocrx_word' id='word_1_605' title='bbox 2359 3502 2473 3557; x_wconf 90' lang='grc' dir='ltr'>σίας</span> <span class='ocrx_word' id='word_1_606' title='bbox 2505 3495 2766 3549; x_wconf 80' lang='grc' dir='ltr'>ἀπέλιπεν.</span> <span class='ocrx_word' id='word_1_607' title='bbox 2795 3491 3172 3548; x_wconf 86' lang='grc' dir='ltr'>Ἑπιϐουλεύειν</span> <span class='ocrx_word' id='word_1_608' title='bbox 3195 3487 3253 3543; x_wconf 72' lang='grc' dir='ltr'>δε</span> <span class='ocrx_word' id='word_1_609' title='bbox 3283 3496 3377 3543; x_wconf 87' lang='grc' dir='ltr'>καὶ</span> <span class='ocrx_word' id='word_1_610' title='bbox 3408 3480 3717 3557; x_wconf 80' lang='grc' dir='ltr'>Ἀλεξάνδρῳ</span> <span class='ocrx_word' id='word_1_611' title='bbox 3741 3477 3901 3546; x_wconf 77' lang='grc' dir='ltr'>ἐπιχει’</span> 
     </span>
    </p>
   </div>
   <div class='ocr_carea' id='block_1_92' title="bbox 2357 3573 3903 3661">
    <p class='ocr_par' dir='ltr' id='par_1_92' title="bbox 2357 3573 3903 3661">
     <span class='ocr_line' id='line_1_92' title="bbox 2357 3573 3903 3661; baseline -0.013 -22"><span class='ocrx_word' id='word_1_612' title='bbox 2357 3592 2523 3661; x_wconf 78' lang='grc' dir='ltr'>ρήσας</span> <span class='ocrx_word' id='word_1_613' title='bbox 2553 3587 2652 3637; x_wconf 86' lang='grc' dir='ltr'>ύπό</span> <span class='ocrx_word' id='word_1_614' title='bbox 2700 3593 2798 3637; x_wconf 92' lang='grc' dir='ltr'>τῶν</span> <span class='ocrx_word' id='word_1_615' title='bbox 2832 3589 3163 3656; x_wconf 85' lang='grc' dir='ltr'>στρατιωτῶν</span> <span class='ocrx_word' id='word_1_616' title='bbox 3196 3580 3445 3639; x_wconf 87' lang='grc' dir='ltr'>ἀνεκόπη·</span> <span class='ocrx_word' id='word_1_617' title='bbox 3481 3580 3507 3630; x_wconf 89' lang='grc' dir='ltr'>ό</span> <span class='ocrx_word' id='word_1_618' title='bbox 3547 3573 3603 3629; x_wconf 77' lang='grc' dir='ltr'>δε</span> <span class='ocrx_word' id='word_1_619' title='bbox 3630 3574 3812 3626; x_wconf 79' lang='grc' dir='ltr'>τούτους</span> <span class='ocrx_word' id='word_1_620' title='bbox 3848 3581 3903 3615; x_wconf 81' lang='grc' dir='ltr'>τι·</span> 
     </span>
    </p>
   </div>
   <div class='ocr_carea' id='block_1_93' title="bbox 2357 3654 3902 3749">
    <p class='ocr_par' dir='ltr' id='par_1_93' title="bbox 2357 3654 3902 3749">
     <span class='ocr_line' id='line_1_93' title="bbox 2357 3654 3902 3749; baseline -0.03 -1"><span class='ocrx_word' id='word_1_621' title='bbox 2357 3654 2708 3749; x_wconf 63' lang='grc' dir='ltr'>ίιωρὴσασθαι</span> <span class='ocrx_word' id='word_1_622' title='bbox 2758 3654 3047 3731; x_wconf 67' lang='grc' dir='ltr'>διανόηθεὶς</span> <span class='ocrx_word' id='word_1_623' title='bbox 3091 3670 3179 3722; x_wconf 73' lang='grc' dir='ltr'>ὑπ’</span> <span class='ocrx_word' id='word_1_624' title='bbox 3228 3670 3400 3722; x_wconf 68' lang='grc' dir='ltr'>αὐτῶν</span> <span class='ocrx_word' id='word_1_625' title='bbox 3458 3666 3692 3741; x_wconf 65' lang='grc' dir='ltr'>ἀνῃρέθη.</span> <span class='ocrx_word' id='word_1_626' title='bbox 3730 3654 3902 3749; x_wconf 41' lang='grc' dir='ltr'>Ἐϐασίιτ</span> 
     </span>
    </p>
   </div>
   <div class='ocr_carea' id='block_1_94' title="bbox 2358 3748 3902 3833">
    <p class='ocr_par' dir='ltr' id='par_1_94' title="bbox 2358 3748 3902 3833">
     <span class='ocr_line' id='line_1_94' title="bbox 2358 3748 3902 3833; baseline -0.017 -14"><span class='ocrx_word' id='word_1_627' title='bbox 2358 3748 2505 3819; x_wconf 84' lang='grc' dir='ltr'>λευσέ</span> <span class='ocrx_word' id='word_1_628' title='bbox 2556 3785 2610 3817; x_wconf 88' lang='grc' dir='ltr'>τε</span> <span class='ocrx_word' id='word_1_629' title='bbox 2662 3758 2999 3833; x_wconf 78' lang='grc' dir='ltr'>Ἀλέξανδρος</span> <span class='ocrx_word' id='word_1_630' title='bbox 3053 3762 3077 3811; x_wconf 86' lang='grc' dir='ltr'><strong><em>ὁ</em></strong></span> <span class='ocrx_word' id='word_1_631' title='bbox 3121 3762 3369 3831; x_wconf 84' lang='grc' dir='ltr'>Μαμαίοις</span> <span class='ocrx_word' id='word_1_632' title='bbox 3401 3761 3443 3793; x_wconf 76' lang='grc'>⁶¹</span> <span class='ocrx_word' id='word_1_633' title='bbox 3489 3759 3573 3813; x_wconf 76' lang='grc' dir='ltr'>ἔτη</span> <span class='ocrx_word' id='word_1_634' title='bbox 3626 3749 3710 3815; x_wconf 79' lang='grc' dir='ltr'>ιδ’,</span> <span class='ocrx_word' id='word_1_635' title='bbox 3744 3748 3819 3799; x_wconf 79' lang='grc' dir='ltr'>καὶ</span> <span class='ocrx_word' id='word_1_636' title='bbox 3860 3748 3902 3791; x_wconf 74' lang='grc' dir='ltr'>το</span> 
     </span>
    </p>
   </div>
   <div class='ocr_carea' id='block_1_95' title="bbox 2357 3834 3905 3929">
    <p class='ocr_par' dir='ltr' id='par_1_95' title="bbox 2357 3843 3905 3929">
     <span class='ocr_line' id='line_1_95' title="bbox 2357 3843 3905 3929; baseline -0.012 -22"><span class='ocrx_word' id='word_1_637' title='bbox 2357 3874 2413 3927; x_wconf 89' lang='grc' dir='ltr'>γε</span> <span class='ocrx_word' id='word_1_638' title='bbox 2456 3854 2533 3906; x_wconf 80' lang='grc' dir='ltr'>ἐπ’</span> <span class='ocrx_word' id='word_1_639' title='bbox 2573 3854 2709 3922; x_wconf 73' lang='grc' dir='ltr'>αὐτῷ</span> <span class='ocrx_word' id='word_1_640' title='bbox 2749 3852 2917 3913; x_wconf 88' lang='grc' dir='ltr'>καλῶς</span> <span class='ocrx_word' id='word_1_641' title='bbox 2962 3868 3016 3902; x_wconf 84' lang='grc' dir='ltr'>τε</span> <span class='ocrx_word' id='word_1_642' title='bbox 3059 3854 3148 3901; x_wconf 87' lang='lat' dir='ltr'>xui</span> <span class='ocrx_word' id='word_1_643' title='bbox 3187 3851 3428 3909; x_wconf 74' lang='grc' dir='ltr'>ἐπιεικῶς</span> <span class='ocrx_word' id='word_1_644' title='bbox 3467 3846 3639 3919; x_wconf 77' lang='grc' dir='ltr'>ἄρξας,</span> <span class='ocrx_word' id='word_1_645' title='bbox 3666 3843 3742 3892; x_wconf 86' lang='lat' dir='ltr'>xui</span> <span class='ocrx_word' id='word_1_646' title='bbox 3777 3848 3905 3929; x_wconf 61' lang='grc' dir='ltr'>χωριξ</span> 
     </span>
    </p>
   </div>
   <div class='ocr_carea' id='block_1_96' title="bbox 2359 3934 3901 4023">
    <p class='ocr_par' dir='ltr' id='par_1_96' title="bbox 2359 3934 3901 4023">
     <span class='ocr_line' id='line_1_96' title="bbox 2359 3934 3901 4023; baseline -0.008 -28"><span class='ocrx_word' id='word_1_647' title='bbox 2359 3945 2591 4015; x_wconf 88' lang='grc' dir='ltr'>αἱμάτων</span> <span class='ocrx_word' id='word_1_648' title='bbox 2638 3941 2783 4002; x_wconf 86' lang='grc' dir='ltr'>ὅλως·</span> <span class='ocrx_word' id='word_1_649' title='bbox 2819 3948 2911 4001; x_wconf 84' lang='grc' dir='ltr'>τῆς</span> <span class='ocrx_word' id='word_1_650' title='bbox 2964 3936 3023 3992; x_wconf 73' lang='grc' dir='ltr'>δὲ</span> <span class='ocrx_word' id='word_1_651' title='bbox 3071 3942 3266 4010; x_wconf 87' lang='grc' dir='ltr'>μητρός</span> <span class='ocrx_word' id='word_1_652' title='bbox 3308 3940 3580 4010; x_wconf 80' lang='grc' dir='ltr'>Μαμαίας,</span> <span class='ocrx_word' id='word_1_653' title='bbox 3609 3934 3672 3992; x_wconf 85' lang='grc' dir='ltr'>ὦς</span> <span class='ocrx_word' id='word_1_654' title='bbox 3704 3937 3901 4023; x_wconf 39' lang='grc' dir='ltr'>φησιξχη</span> 
     </span>
    </p>
   </div>
   <div class='ocr_carea' id='block_1_97' title="bbox 2358 4020 3904 4114">
    <p class='ocr_par' dir='ltr' id='par_1_97' title="bbox 2358 4020 3904 4114">
     <span class='ocr_line' id='line_1_97' title="bbox 2358 4020 3904 4114; baseline -0.012 -24"><span class='ocrx_word' id='word_1_655' title='bbox 2358 4053 2411 4086; x_wconf 79' lang='grc' dir='ltr'>τε</span> <span class='ocrx_word' id='word_1_656' title='bbox 2452 4032 2849 4104; x_wconf 79' lang='grc' dir='ltr'>φιλοχρηματία</span> <span class='ocrx_word' id='word_1_657' title='bbox 2885 4034 2974 4081; x_wconf 85' lang='grc' dir='ltr'>καὶ</span> <span class='ocrx_word' id='word_1_658' title='bbox 3013 4032 3071 4079; x_wconf 90' lang='grc' dir='ltr'>τό</span> <span class='ocrx_word' id='word_1_659' title='bbox 3120 4025 3436 4100; x_wconf 87' lang='grc' dir='ltr'>μικρολόγον</span> <span class='ocrx_word' id='word_1_660' title='bbox 3481 4025 3548 4084; x_wconf 85' lang='grc' dir='ltr'>εἰς</span> <span class='ocrx_word' id='word_1_661' title='bbox 3575 4020 3763 4093; x_wconf 69' lang='grc' dir='ltr'>σφαγὴν</span> <span class='ocrx_word' id='word_1_662' title='bbox 3784 4020 3904 4114; x_wconf 56' lang='grc' dir='ltr'>σξύτξν</span> 
     </span>
    </p>
   </div>
   <div class='ocr_carea' id='block_1_98' title="bbox 2358 4111 3905 4191">
    <p class='ocr_par' dir='ltr' id='par_1_98' title="bbox 2358 4111 3905 4191">
     <span class='ocr_line' id='line_1_98' title="bbox 2358 4111 3905 4191; baseline -0.014 -17"><span class='ocrx_word' id='word_1_663' title='bbox 2358 4126 2451 4180; x_wconf 82' lang='grc' dir='ltr'>τὴν</span> <span class='ocrx_word' id='word_1_664' title='bbox 2495 4122 2596 4173; x_wconf 77' lang='grc' dir='ltr'>ὑπὸ</span> <span class='ocrx_word' id='word_1_665' title='bbox 2641 4129 2739 4172; x_wconf 89' lang='grc' dir='ltr'>τῶν</span> <span class='ocrx_word' id='word_1_666' title='bbox 2773 4125 3102 4191; x_wconf 84' lang='grc' dir='ltr'>στρατιωτῶν</span> <span class='ocrx_word' id='word_1_667' title='bbox 3149 4120 3243 4169; x_wconf 84' lang='grc' dir='ltr'>σὺν</span> <span class='ocrx_word' id='word_1_668' title='bbox 3284 4116 3448 4188; x_wconf 73' lang='grc' dir='ltr'>αὐτῇ,</span> <span class='ocrx_word' id='word_1_669' title='bbox 3476 4111 3754 4183; x_wconf 84' lang='grc' dir='ltr'>Μαξιμίνου</span> <span class='ocrx_word' id='word_1_670' title='bbox 3790 4111 3905 4169; x_wconf 79' lang='grc' dir='ltr'>αναρ·</span> 
     </span>
    </p>
   </div>
   <div class='ocr_carea' id='block_1_99' title="bbox 2357 4208 2955 4286">
    <p class='ocr_par' dir='ltr' id='par_1_99' title="bbox 2357 4208 2955 4286">
     <span class='ocr_line' id='line_1_99' title="bbox 2357 4208 2955 4286; baseline -0.005 -22"><span class='ocrx_word' id='word_1_671' title='bbox 2357 4212 2619 4286; x_wconf 84' lang='grc' dir='ltr'>ῥηθέντος,</span> <span class='ocrx_word' id='word_1_672' title='bbox 2654 4208 2955 4280; x_wconf 81' lang='grc' dir='ltr'>ἀπήνεγκεν.</span> 
     </span>
    </p>
   </div>
   <div class='ocr_carea' id='block_1_100' title="bbox 2430 4283 3907 4375">
    <p class='ocr_par' dir='ltr' id='par_1_100' title="bbox 2430 4283 3907 4375">
     <span class='ocr_line' id='line_1_100' title="bbox 2430 4283 3907 4375; baseline -0.019 -21"><span class='ocrx_word' id='word_1_673' title='bbox 2430 4308 2602 4375; x_wconf 83' lang='grc' dir='ltr'>Ἦρχε</span> <span class='ocrx_word' id='word_1_674' title='bbox 2629 4297 2687 4352; x_wconf 75' lang='grc' dir='ltr'>δε</span> <span class='ocrx_word' id='word_1_675' title='bbox 2712 4298 2994 4369; x_wconf 84' lang='grc' dir='ltr'>Μαξιμῖνος</span> <span class='ocrx_word' id='word_1_676' title='bbox 3024 4295 3105 4348; x_wconf 83' lang='grc' dir='ltr'>ἐπὶ</span> <span class='ocrx_word' id='word_1_677' title='bbox 3136 4297 3223 4353; x_wconf 83' lang='grc' dir='ltr'>ἔτη</span> <span class='ocrx_word' id='word_1_678' title='bbox 3258 4299 3386 4369; x_wconf 86' lang='grc' dir='ltr'>τρία</span> <span class='ocrx_word' id='word_1_679' title='bbox 3424 4291 3671 4366; x_wconf 83' lang='grc' dir='ltr'>ἐμϐριθῶς</span> <span class='ocrx_word' id='word_1_680' title='bbox 3697 4302 3745 4337; x_wconf 85' lang='grc' dir='ltr'>τε</span> <span class='ocrx_word' id='word_1_681' title='bbox 3766 4283 3808 4375; x_wconf 32' lang='grc' dir='ltr'>δέ</span> <span class='ocrx_word' id='word_1_682' title='bbox 3838 4294 3907 4375; x_wconf 68' lang='grc' dir='ltr'>και</span> 
     </span>
    </p>
   </div>
   <div class='ocr_carea' id='block_1_101' title="bbox 2358 4371 3910 4472">
    <p class='ocr_par' dir='ltr' id='par_1_101' title="bbox 2358 4371 3910 4472">
     <span class='ocr_line' id='line_1_101' title="bbox 2358 4371 3910 4472; baseline -0.012 -29"><span class='ocrx_word' id='word_1_683' title='bbox 2358 4371 2689 4463; x_wconf 84' lang='grc' dir='ltr'>τυραννικῶς,</span> <span class='ocrx_word' id='word_1_684' title='bbox 2749 4387 2875 4461; x_wconf 80' lang='grc' dir='ltr'>ἀνὴρ</span> <span class='ocrx_word' id='word_1_685' title='bbox 2949 4386 3301 4458; x_wconf 76' lang='grc' dir='ltr'>ὑπερμεγέθης</span> <span class='ocrx_word' id='word_1_686' title='bbox 3374 4388 3467 4435; x_wconf 87' lang='grc' dir='ltr'>καὶ</span> <span class='ocrx_word' id='word_1_687' title='bbox 3518 4381 3575 4433; x_wconf 85' lang='grc' dir='ltr'>τό</span> <span class='ocrx_word' id='word_1_688' title='bbox 3632 4375 3743 4437; x_wconf 75' lang='grc' dir='ltr'>ἦθος</span> <span class='ocrx_word' id='word_1_689' title='bbox 3786 4371 3910 4472; x_wconf 45' lang='lat'>65,16:-</span> 
     </span>
    </p>
   </div>
   <div class='ocr_carea' id='block_1_102' title="bbox 2361 4472 3915 4554">
    <p class='ocr_par' dir='ltr' id='par_1_102' title="bbox 2361 4472 3915 4554">
     <span class='ocr_line' id='line_1_102' title="bbox 2361 4472 3915 4554; baseline -0.016 -20"><span class='ocrx_word' id='word_1_690' title='bbox 2361 4485 2543 4554; x_wconf 85' lang='grc' dir='ltr'>Διόπερ</span> <span class='ocrx_word' id='word_1_691' title='bbox 2584 4483 2669 4531; x_wconf 86' lang='grc' dir='ltr'>τόν</span> <span class='ocrx_word' id='word_1_692' title='bbox 2717 4476 2915 4537; x_wconf 88' lang='grc' dir='ltr'>Λιϐύης</span> <span class='ocrx_word' id='word_1_693' title='bbox 2957 4477 3267 4547; x_wconf 77' lang='grc' dir='ltr'>ὑπάρχοντα</span> <span class='ocrx_word' id='word_1_694' title='bbox 3308 4474 3396 4527; x_wconf 74' lang='grc' dir='ltr'>ὑπ’</span> <span class='ocrx_word' id='word_1_695' title='bbox 3430 4472 3590 4524; x_wconf 73' lang='grc' dir='ltr'>αὐτοῦ</span> <span class='ocrx_word' id='word_1_696' title='bbox 3631 4472 3915 4519; x_wconf 73' lang='grc' dir='ltr'>καταστάντα</span> 
     </span>
    </p>
   </div>
   <div class='ocr_carea' id='block_1_103' title="bbox 2360 4553 3917 4641">
    <p class='ocr_par' dir='ltr' id='par_1_103' title="bbox 2360 4553 3917 4641">
     <span class='ocr_line' id='line_1_103' title="bbox 2360 4553 3917 4641; baseline -0.014 -19"><span class='ocrx_word' id='word_1_697' title='bbox 2360 4574 2449 4622; x_wconf 85' lang='grc' dir='ltr'>καὶ</span> <span class='ocrx_word' id='word_1_698' title='bbox 2500 4570 2675 4641; x_wconf 85' lang='grc' dir='ltr'>ὅμοιον</span> <span class='ocrx_word' id='word_1_699' title='bbox 2727 4571 2848 4619; x_wconf 85' lang='grc' dir='ltr'>ὄντα</span> <span class='ocrx_word' id='word_1_700' title='bbox 2886 4572 2990 4625; x_wconf 86' lang='grc' dir='ltr'>τοῖς</span> <span class='ocrx_word' id='word_1_701' title='bbox 3039 4569 3251 4637; x_wconf 89' lang='grc' dir='ltr'>τρόποις</span> <span class='ocrx_word' id='word_1_702' title='bbox 3293 4565 3343 4615; x_wconf 83' lang='grc' dir='ltr'>οἱ</span> <span class='ocrx_word' id='word_1_703' title='bbox 3390 4561 3560 4615; x_wconf 72' lang='grc' dir='ltr'>ἐκεῖσε</span> <span class='ocrx_word' id='word_1_704' title='bbox 3596 4553 3917 4641; x_wconf 57' lang='grc' dir='ltr'>στασιάσαντες</span> 
     </span>
    </p>
   </div>
   <div class='ocr_carea' id='block_1_104' title="bbox 2360 4646 3918 4728">
    <p class='ocr_par' dir='ltr' id='par_1_104' title="bbox 2360 4646 3918 4728">
     <span class='ocr_line' id='line_1_104' title="bbox 2360 4646 3918 4728; baseline -0.013 -17"><span class='ocrx_word' id='word_1_705' title='bbox 2360 4664 2449 4711; x_wconf 89' lang='lat' dir='ltr'>xui</span> <span class='ocrx_word' id='word_1_706' title='bbox 2510 4657 2759 4716; x_wconf 87' lang='grc' dir='ltr'>ἀνελοντες</span> <span class='ocrx_word' id='word_1_707' title='bbox 2787 4657 2853 4717; x_wconf 71' lang='grc'>⁸³,</span> <span class='ocrx_word' id='word_1_708' title='bbox 2883 4650 3165 4728; x_wconf 82' lang='grc' dir='ltr'>Γορδιανόν</span> <span class='ocrx_word' id='word_1_709' title='bbox 3220 4651 3521 4704; x_wconf 81' lang='grc' dir='ltr'>ἀνθύπατον</span> <span class='ocrx_word' id='word_1_710' title='bbox 3568 4646 3798 4720; x_wconf 80' lang='grc' dir='ltr'>γεγονότα</span> <span class='ocrx_word' id='word_1_711' title='bbox 3849 4650 3918 4684; x_wconf 83' lang='grc' dir='ltr'>και</span> 
     </span>
    </p>
   </div>
   <div class='ocr_carea' id='block_1_105' title="bbox 2362 4730 3923 4829">
    <p class='ocr_par' dir='ltr' id='par_1_105' title="bbox 2362 4730 3923 4829">
     <span class='ocr_line' id='line_1_105' title="bbox 2362 4730 3923 4829; baseline -0.013 -29"><span class='ocrx_word' id='word_1_712' title='bbox 2362 4745 2716 4820; x_wconf 74' lang='grc' dir='ltr'>ὀγδοηκοστόν</span> <span class='ocrx_word' id='word_1_713' title='bbox 2768 4747 2959 4817; x_wconf 80' lang='grc' dir='ltr'>ἄγοντα</span> <span class='ocrx_word' id='word_1_714' title='bbox 3033 4746 3144 4803; x_wconf 80' lang='grc' dir='ltr'>ἔτος</span> <span class='ocrx_word' id='word_1_715' title='bbox 3202 4747 3576 4813; x_wconf 82' lang='grc' dir='ltr'>χειροτονοῦσι</span> <span class='ocrx_word' id='word_1_716' title='bbox 3646 4732 3728 4787; x_wconf 86' lang='grc' dir='ltr'>καί</span> <span class='ocrx_word' id='word_1_717' title='bbox 3767 4730 3923 4829; x_wconf 49' lang='lat' dir='ltr'>(Exofo</span> 
     </span>
    </p>
   </div>
   <div class='ocr_carea' id='block_1_106' title="bbox 2365 4826 3925 4906">
    <p class='ocr_par' dir='ltr' id='par_1_106' title="bbox 2365 4826 3925 4906">
     <span class='ocr_line' id='line_1_106' title="bbox 2365 4826 3925 4906; baseline -0.021 -15"><span class='ocrx_word' id='word_1_718' title='bbox 2365 4836 2605 4905; x_wconf 82' lang='grc' dir='ltr'>βασιλέα.</span> <span class='ocrx_word' id='word_1_719' title='bbox 2642 4840 2741 4889; x_wconf 79' lang='grc' dir='ltr'>Καὶ</span> <span class='ocrx_word' id='word_1_720' title='bbox 2798 4836 2826 4892; x_wconf 78' lang='grc' dir='ltr'>ἡ</span> <span class='ocrx_word' id='word_1_721' title='bbox 2876 4840 3044 4905; x_wconf 83' lang='grc' dir='ltr'>Ῥώμη</span> <span class='ocrx_word' id='word_1_722' title='bbox 3100 4840 3403 4906; x_wconf 86' lang='grc' dir='ltr'>περιχαρῶς</span> <span class='ocrx_word' id='word_1_723' title='bbox 3456 4828 3617 4881; x_wconf 68' lang='grc' dir='ltr'>αὐτοῦ</span> <span class='ocrx_word' id='word_1_724' title='bbox 3673 4826 3757 4880; x_wconf 72' lang='grc' dir='ltr'>τὴν</span> <span class='ocrx_word' id='word_1_725' title='bbox 3797 4826 3925 4906; x_wconf 44' lang='lat' dir='ltr'>amp-</span> 
     </span>
    </p>
   </div>
   <div class='ocr_carea' id='block_1_107' title="bbox 2361 4900 3927 5001">
    <p class='ocr_par' dir='ltr' id='par_1_107' title="bbox 2361 4900 3927 5001">
     <span class='ocr_line' id='line_1_107' title="bbox 2361 4900 3927 5001; baseline -0.006 -21"><span class='ocrx_word' id='word_1_726' title='bbox 2361 4900 2516 5001; x_wconf 70' lang='grc' dir='ltr'>ρησιν</span> <span class='ocrx_word' id='word_1_727' title='bbox 2590 4923 2867 4997; x_wconf 76' lang='grc' dir='ltr'>δεξαμένη,</span> <span class='ocrx_word' id='word_1_728' title='bbox 2910 4900 3085 4984; x_wconf 80' lang='grc' dir='ltr'>πάσας</span> <span class='ocrx_word' id='word_1_729' title='bbox 3148 4900 3259 4973; x_wconf 57' lang='grc' dir='ltr'>τού</span> <span class='ocrx_word' id='word_1_730' title='bbox 3293 4900 3597 4993; x_wconf 64' lang='grc' dir='ltr'>Μαξιμίνου</span> <span class='ocrx_word' id='word_1_731' title='bbox 3640 4913 3782 4986; x_wconf 81' lang='grc' dir='ltr'>τιμὰς</span> <span class='ocrx_word' id='word_1_732' title='bbox 3826 4900 3927 4956; x_wconf 70' lang='grc' dir='ltr'>καθ’</span> 
     </span>
    </p>
   </div>
   <div class='ocr_carea' id='block_1_108' title="bbox 2284 4446 2326 4501">
    <p class='ocr_par' dir='ltr' id='par_1_108' title="bbox 2284 4446 2326 4501">
     <span class='ocr_line' id='line_1_108' title="bbox 2284 4446 2326 4501; baseline 0 0"><span class='ocrx_word' id='word_1_733' title='bbox 2284 4446 2326 4501; x_wconf 87' lang='lat' dir='ltr'><strong>D</strong></span> 
     </span>
    </p>
   </div>
   <div class='ocr_carea' id='block_1_109' title="bbox 1933 5046 2605 5108">
    <p class='ocr_par' dir='ltr' id='par_1_109' title="bbox 1933 5046 2605 5108">
     <span class='ocr_line' id='line_1_109' title="bbox 1933 5046 2605 5108; baseline 0.003 -8"><span class='ocrx_word' id='word_1_734' title='bbox 1933 5046 2165 5105; x_wconf 70' lang='lat' dir='ltr'>VARIE</span> <span class='ocrx_word' id='word_1_735' title='bbox 2208 5051 2500 5108; x_wconf 87' lang='lat' dir='ltr'>LECTION</span> <span class='ocrx_word' id='word_1_736' title='bbox 2510 5052 2605 5107; x_wconf 83' lang='lat' dir='ltr'>ES.</span> 
     </span>
    </p>
   </div>
   <div class='ocr_carea' id='block_1_110' title="bbox 665 5162 1844 5235">
    <p class='ocr_par' dir='ltr' id='par_1_110' title="bbox 665 5162 1844 5235">
     <span class='ocr_line' id='line_1_110' title="bbox 665 5162 1844 5235; baseline 0.004 -22"><span class='ocrx_word' id='word_1_737' title='bbox 665 5162 711 5235; x_wconf 57' lang='grc' dir='ltr'>δῖ’</span> <span class='ocrx_word' id='word_1_738' title='bbox 750 5163 1031 5235; x_wconf 82' lang='grc' dir='ltr'>Βρετανούς</span> <span class='ocrx_word' id='word_1_739' title='bbox 1078 5182 1131 5225; x_wconf 78' lang='grc' dir='ltr'>ς.</span> <span class='ocrx_word' id='word_1_740' title='bbox 1246 5162 1292 5196; x_wconf 66' lang='grc'><strong>³4</strong></span> <span class='ocrx_word' id='word_1_741' title='bbox 1332 5167 1745 5235; x_wconf 79' lang='grc' dir='ltr'>παρασκευάζων</span> <span class='ocrx_word' id='word_1_742' title='bbox 1791 5190 1844 5232; x_wconf 79' lang='grc' dir='ltr'>ς.</span> 
     </span>
    </p>
   </div>
   <div class='ocr_carea' id='block_1_111' title="bbox 590 5232 1259 5305">
    <p class='ocr_par' dir='ltr' id='par_1_111' title="bbox 590 5232 1259 5305">
     <span class='ocr_line' id='line_1_111' title="bbox 590 5232 1259 5305; baseline 0 -16"><span class='ocrx_word' id='word_1_743' title='bbox 590 5232 732 5289; x_wconf 90' lang='lat' dir='ltr'>add.</span> <span class='ocrx_word' id='word_1_744' title='bbox 766 5232 835 5305; x_wconf 65' lang='lat' dir='ltr'>A.</span> <span class='ocrx_word' id='word_1_745' title='bbox 904 5234 979 5305; x_wconf 12' lang='lat'>7”</span> <span class='ocrx_word' id='word_1_746' title='bbox 1006 5236 1171 5305; x_wconf 83' lang='grc' dir='ltr'>τούτῳ</span> <span class='ocrx_word' id='word_1_747' title='bbox 1204 5254 1259 5297; x_wconf 81' lang='grc' dir='ltr'>ς’.</span> 
     </span>
    </p>
   </div>
   <div class='ocr_carea' id='block_1_112' title="bbox 593 5304 1181 5369">
    <p class='ocr_par' dir='ltr' id='par_1_112' title="bbox 593 5304 1181 5369">
     <span class='ocr_line' id='line_1_112' title="bbox 593 5304 1181 5369; baseline 0.003 -12"><span class='ocrx_word' id='word_1_748' title='bbox 593 5305 659 5357; x_wconf 78' lang='grc' dir='ltr'>Α.</span> <span class='ocrx_word' id='word_1_749' title='bbox 738 5305 784 5338; x_wconf 81' lang='grc'>⁴³</span> <span class='ocrx_word' id='word_1_750' title='bbox 816 5304 1100 5366; x_wconf 82' lang='grc' dir='ltr'>ἀνελθόντες</span> <span class='ocrx_word' id='word_1_751' title='bbox 1128 5304 1181 5369; x_wconf 85' lang='grc' dir='ltr'>ς’.</span> 
     </span>
    </p>
   </div>
   <div class='ocr_carea' id='block_1_113' title="bbox 1960 5174 2663 5244">
    <p class='ocr_par' dir='ltr' id='par_1_113' title="bbox 1960 5174 2663 5244">
     <span class='ocr_line' id='line_1_113' title="bbox 1960 5174 2663 5244; baseline 0.007 -20"><span class='ocrx_word' id='word_1_752' title='bbox 1960 5175 2006 5208; x_wconf 82' lang='grc'>³⁵</span> <span class='ocrx_word' id='word_1_753' title='bbox 2051 5174 2263 5244; x_wconf 84' lang='grc' dir='ltr'>ὀνόματι</span> <span class='ocrx_word' id='word_1_754' title='bbox 2305 5180 2557 5229; x_wconf 89' lang='grc' dir='ltr'>Βασιανόν</span> <span class='ocrx_word' id='word_1_755' title='bbox 2610 5197 2663 5239; x_wconf 79' lang='grc' dir='ltr'>ς.</span> 
     </span>
    </p>
   </div>
   <div class='ocr_carea' id='block_1_114' title="bbox 1366 5236 3030 5321">
    <p class='ocr_par' dir='ltr' id='par_1_114' title="bbox 1366 5236 3030 5321">
     <span class='ocr_line' id='line_1_114' title="bbox 1366 5236 3030 5321; baseline 0.008 -34"><span class='ocrx_word' id='word_1_756' title='bbox 1366 5236 1412 5270; x_wconf 72' lang='grc'>³9</span> <span class='ocrx_word' id='word_1_757' title='bbox 1440 5236 1727 5300; x_wconf 79' lang='grc' dir='ltr'>Ἀλεξιανόν</span> <span class='ocrx_word' id='word_1_758' title='bbox 1772 5245 1835 5294; x_wconf 87' lang='grc' dir='ltr'>Α.</span> <span class='ocrx_word' id='word_1_759' title='bbox 1911 5243 1960 5278; x_wconf 86' lang='grc'>⁴⁰</span> <span class='ocrx_word' id='word_1_760' title='bbox 2000 5236 2286 5319; x_wconf 76' lang='grc' dir='ltr'>ὑπερϐολὴν</span> <span class='ocrx_word' id='word_1_761' title='bbox 2326 5255 2455 5321; x_wconf 88' lang='lat' dir='ltr'>post</span> <span class='ocrx_word' id='word_1_762' title='bbox 2486 5236 2746 5321; x_wconf 78' lang='grc' dir='ltr'>ἀκρασίας</span> <span class='ocrx_word' id='word_1_763' title='bbox 2773 5236 2940 5318; x_wconf 69' lang='lat' dir='ltr'>ponit</span> <span class='ocrx_word' id='word_1_764' title='bbox 2969 5266 3030 5309; x_wconf 84' lang='grc' dir='ltr'>ς’.</span> 
     </span>
    </p>
   </div>
   <div class='ocr_carea' id='block_1_115' title="bbox 3711 5152 3931 5208">
    <p class='ocr_par' dir='ltr' id='par_1_115' title="bbox 3711 5152 3931 5208">
     <span class='ocr_line' id='line_1_115' title="bbox 3711 5152 3931 5208; baseline -0.027 -5"><span class='ocrx_word' id='word_1_765' title='bbox 3711 5162 3752 5197; x_wconf 77' lang='lat'>37</span> <span class='ocrx_word' id='word_1_766' title='bbox 3803 5152 3931 5208; x_wconf 71' lang='grc' dir='ltr'>αὑτὸν</span> 
     </span>
    </p>
   </div>
   <div class='ocr_carea' id='block_1_116' title="bbox 2780 5168 3913 5282">
    <p class='ocr_par' dir='ltr' id='par_1_116' title="bbox 2780 5168 3913 5282">
     <span class='ocr_line' id='line_1_116' title="bbox 2780 5168 3913 5245; baseline -0.019 -17"><span class='ocrx_word' id='word_1_767' title='bbox 2780 5177 2825 5209; x_wconf 78' lang='grc'>³⁸</span> <span class='ocrx_word' id='word_1_768' title='bbox 2883 5190 3124 5245; x_wconf 89' lang='grc' dir='ltr'>μετονομ.</span> <span class='ocrx_word' id='word_1_769' title='bbox 3159 5168 3312 5223; x_wconf 70' lang='grc' dir='ltr'>αὐτόν</span> <span class='ocrx_word' id='word_1_770' title='bbox 3342 5168 3485 5221; x_wconf 79' lang='grc' dir='ltr'>Ἀντ’</span> <span class='ocrx_word' id='word_1_771' title='bbox 3546 5189 3602 5231; x_wconf 86' lang='grc' dir='ltr'>ς’,</span> <span class='ocrx_word' id='word_1_772' title='bbox 3711 5168 3751 5197; x_wconf 69' lang='lat'>37</span> <span class='ocrx_word' id='word_1_773' title='bbox 3803 5168 3913 5208; x_wconf 60' lang='lat' dir='ltr'>uota</span> 
     </span>
     <span class='ocr_line' id='line_1_117' title="bbox 2780 5220 3913 5282; baseline -0.012 8"><span class='ocrx_word' id='word_1_774' title='bbox 2780 5246 2936 5282; x_wconf 65' lang='grc' dir='ltr'>ηηηῖί</span> <span class='ocrx_word' id='word_1_775' title='bbox 2970 5266 3005 5282; x_wconf 69' lang='grc' dir='ltr'>ρ-</span> <span class='ocrx_word' id='word_1_776' title='bbox 3116 5244 3157 5279; x_wconf 72' lang='grc' dir='ltr'>Η</span> <span class='ocrx_word' id='word_1_777' title='bbox 3192 5244 3490 5282; x_wconf 67' lang='grc' dir='ltr'>Μηιιιιαῖασ</span> <span class='ocrx_word' id='word_1_778' title='bbox 3528 5260 3581 5282; x_wconf 65' lang='grc' dir='ltr'>ρ,</span> <span class='ocrx_word' id='word_1_779' title='bbox 3663 5236 3708 5269; x_wconf 56' lang='lat' dir='ltr'>ﬂ</span> <span class='ocrx_word' id='word_1_780' title='bbox 3732 5249 3782 5282; x_wconf 74' lang='grc' dir='ltr'>τε</span> <span class='ocrx_word' id='word_1_781' title='bbox 3812 5220 3913 5282; x_wconf 73' lang='lat' dir='ltr'>add</span> 
     </span>
    </p>
   </div>
   <div class='ocr_carea' id='block_1_117' title="bbox 3732 5251 3929 5284">
    <p class='ocr_par' dir='ltr' id='par_1_117' title="bbox 3732 5251 3929 5284">
     <span class='ocr_line' id='line_1_118' title="bbox 3732 5251 3929 5284; baseline -0.041 0"><span class='ocrx_word' id='word_1_782' title='bbox 3732 5251 3782 5284; x_wconf 87' lang='grc' dir='ltr'>τε</span> <span class='ocrx_word' id='word_1_783' title='bbox 3812 5251 3929 5282; x_wconf 68' lang='grc' dir='ltr'>δυυο</span> 
     </span>
    </p>
   </div>
   <div class='ocr_carea' id='block_1_118' title="bbox 3116 5244 3583 5313">
    <p class='ocr_par' dir='ltr' id='par_1_118' title="bbox 3116 5244 3583 5313">
     <span class='ocr_line' id='line_1_119' title="bbox 3116 5244 3583 5313; baseline -0.004 -18"><span class='ocrx_word' id='word_1_784' title='bbox 3116 5244 3157 5279; x_wconf 76' lang='grc'>⁴¹</span> <span class='ocrx_word' id='word_1_785' title='bbox 3192 5244 3490 5313; x_wconf 81' lang='grc' dir='ltr'>Μαμμαίας</span> <span class='ocrx_word' id='word_1_786' title='bbox 3528 5260 3583 5303; x_wconf 79' lang='grc' dir='ltr'>ς.</span> 
     </span>
    </p>
   </div>
   <div class='ocr_carea' id='block_1_119' title="bbox 2165 5444 2394 5502">
    <p class='ocr_par' dir='ltr' id='par_1_119' title="bbox 2165 5444 2394 5502">
     <span class='ocr_line' id='line_1_120' title="bbox 2165 5444 2394 5502; baseline 0.013 -3"><span class='ocrx_word' id='word_1_787' title='bbox 2165 5446 2206 5498; x_wconf 84' lang='grc' dir='ltr'><strong>Ν</strong></span> <span class='ocrx_word' id='word_1_788' title='bbox 2216 5444 2394 5502; x_wconf 68' lang='lat' dir='ltr'>OTIE.</span> 
     </span>
    </p>
   </div>
   <div class='ocr_carea' id='block_1_120' title="bbox 663 5551 2253 5695">
    <p class='ocr_par' dir='ltr' id='par_1_120' title="bbox 663 5551 2253 5695">
     <span class='ocr_line' id='line_1_121' title="bbox 663 5551 2253 5695; baseline 0.011 -90"><span class='ocrx_word' id='word_1_789' title='bbox 663 5551 781 5695; x_wconf 45' lang='lat'><strong>(39;</strong></span> <span class='ocrx_word' id='word_1_790' title='bbox 808 5553 994 5633; x_wconf 88' lang='lat' dir='ltr'>Quem</span> <span class='ocrx_word' id='word_1_791' title='bbox 1027 5553 1441 5637; x_wconf 81' lang='lat' dir='ltr'>Elagabalum,</span> <span class='ocrx_word' id='word_1_792' title='bbox 1472 5574 1507 5615; x_wconf 91' lang='lat' dir='ltr'>a</span> <span class='ocrx_word' id='word_1_793' title='bbox 1536 5576 1695 5619; x_wconf 88' lang='lat' dir='ltr'>novo</span> <span class='ocrx_word' id='word_1_794' title='bbox 1726 5579 1907 5637; x_wconf 90' lang='lat' dir='ltr'>quem</span> <span class='ocrx_word' id='word_1_795' title='bbox 1940 5564 2253 5623; x_wconf 86' lang='lat' dir='ltr'>colendum</span> 
     </span>
     <span class='ocr_line' id='line_1_122' title="bbox 666 5623 1433 5693; baseline 0.01 -17"><span class='ocrx_word' id='word_1_796' title='bbox 666 5624 761 5693; x_wconf 85' lang='grc'>(40</span> <span class='ocrx_word' id='word_1_797' title='bbox 823 5623 1021 5679; x_wconf 75' lang='lat' dir='ltr'>Melius</span> <span class='ocrx_word' id='word_1_798' title='bbox 1060 5627 1433 5685; x_wconf 66' lang='lat' dir='ltr'>Alemanum.</span> 
     </span>
    </p>
   </div>
   <div class='ocr_carea' id='block_1_121' title="bbox 666 5623 1433 5693">
    <p class='ocr_par' dir='ltr' id='par_1_121' title="bbox 666 5623 1433 5693">
     <span class='ocr_line' id='line_1_123' title="bbox 666 5623 1433 5693; baseline 0.01 -17"><span class='ocrx_word' id='word_1_799' title='bbox 666 5623 781 5693; x_wconf 86' lang='grc'>(40)</span> <span class='ocrx_word' id='word_1_800' title='bbox 823 5623 1021 5679; x_wconf 84' lang='lat' dir='ltr'>Melius</span> <span class='ocrx_word' id='word_1_801' title='bbox 1060 5628 1103 5680; x_wconf 88' lang='lat' dir='ltr'>A</span> <span class='ocrx_word' id='word_1_802' title='bbox 1118 5623 1433 5685; x_wconf 62' lang='lat' dir='ltr'>lectionum.</span> 
     </span>
    </p>
   </div>
   <div class='ocr_carea' id='block_1_122' title="bbox 2286 5560 3238 5640">
    <p class='ocr_par' dir='ltr' id='par_1_122' title="bbox 2286 5560 3238 5640">
     <span class='ocr_line' id='line_1_124' title="bbox 2286 5560 3238 5640; baseline -0.006 -17"><span class='ocrx_word' id='word_1_803' title='bbox 2286 5568 2547 5640; x_wconf 84' lang='lat' dir='ltr'>suscepit</span> <span class='ocrx_word' id='word_1_804' title='bbox 2586 5567 2718 5633; x_wconf 91' lang='lat' dir='ltr'>deo,</span> <span class='ocrx_word' id='word_1_805' title='bbox 2747 5560 3238 5636; x_wconf 87' lang='lat' dir='ltr'>agnominarunt.</span> 
     </span>
    </p>
   </div>
  </div>
