4036 6214
186 290 286 347 369

1322 289 1807 347 BIBLIOTHECA.
1848 320 1918 334 —-
1958 292 2167 350 CODD.
2214 294 2411 353 C-CII.

3458 307 3569 365 370

185 414 300 467 εἰλε.
342 418 650 466 Συνανεῑπον
707 410 766 465 δὲ
820 411 959 484 αῦτῷ
1016 418 1105 467 καὶ
1158 417 1268 467 υἱόν
1323 412 1610 490 Γορδιανοῦ
1668 420 1776 489 Γορ-

1900 433 2017 489 que
2057 434 2269 475 omnes
2312 421 2631 481 Maximino
2678 426 2936 485 ademit:
2972 430 3271 487 Gordiano
3314 431 3565 505 insuper

184 501 363 557 διανόν
439 500 687 574 βασιλέα.
768 502 1063 574 Μαξιμίνου
1132 500 1193 557 δι
1259 505 1790 579 παρασκευαζομένου

181 596 308 666 πρὸς
337 591 579 664 πόλεμον,
630 596 721 643 καὶ
771 588 1055 665 Γορδιανός
1102 592 1212 666 οἶμα
1251 602 1324 664 τῷ
1369 596 1466 665 υἱῷ
1516 598 1608 652 τὴν
1650 600 1792 667 Καρ-

184 679 397 755 χηδόνα
426 682 475 715 ⁸⁸
506 679 814 732 καταλαϐὼν
862 686 952 733 καὶ
997 682 1047 733 ἐν
1097 682 1391 754 ἀπογνώσει
1421 692 1519 735 τῶν
1550 683 1674 735 ὅλων
1704 703 1791 755 γε·

1373 773 1397 825 ὁ
1444 770 1503 826 δὲ
1542 780 1660 833 παῖς
1700 780 1791 833 τῆς

1510 860 1791 933 ἀναιρεθεὶς

182 778 346 842 γονως
400 770 591 846 βρόχῳ
640 769 968 824 ἀνεπαύσατο
1008 779 1100 824 τοῦ
1150 772 1271 846 βίου
1312 794 1324 806 ·

186 865 310 934 πρὸς
398 859 687 931 Μαξιμίνον
776 860 961 933 μάχης
1061 864 1414 935 κρατουμένης

184 950 468 1022 ἠφανίσθη.
514 950 579 1000 Οἱ
629 944 688 1001 δε
736 948 981 1022 Ῥωμαῖοι
1024 957 1096 1020 τῷ
1151 952 1304 1003 πάθει
1349 953 1537 1003 τούτων
1574 949 1791 1023 ὑπεραλ-

183 1046 459 1111 γήσαντες,
530 1042 622 1089 καὶ
695 1033 933 1101 δεδιότες
1006 1044 1095 1091 καὶ
1152 1046 1426 1111 μισοῦντες
1479 1039 1786 1112 Μαξιμῖνον,

180 1127 588 1200 ἀναγορεύουσιν
643 1127 693 1179 ἕν
741 1126 909 1202 Ῥώμη
958 1128 1199 1181 Βαλϐῐνόν
1249 1148 1302 1181 τε
1350 1134 1437 1182 καὶ
1480 1129 1719 1201 Μάξιμον
1773 1149 1785 1162 ·

177 1218 293 1269 καθ’
346 1217 417 1267 ὧν
468 1218 706 1278 στάσεως
754 1218 853 1269 ὑπὸ
890 1226 989 1269 τῶν
1035 1226 1362 1292 στρατιωτῶν
1404 1218 1791 1293 ἀνεγειρομένης

178 1306 562 1378 συμϐασιλεύει
616 1308 821 1369 τούτοις
875 1311 963 1359 καὶ
1018 1304 1324 1381 Γορδιανός,
1374 1307 1625 1380 ἀπόγονος
1668 1315 1791 1380 Γορ-

178 1393 364 1448 διανοῦ
398 1404 493 1448 τοῦ
524 1400 756 1469 πρώτου,
793 1392 988 1469 κομιδῇ
1036 1405 1177 1462 παῖς,
1222 1400 1475 1471 θυγατρός
1522 1400 1653 1460 υἱός.
1690 1403 1789 1452 Καὶ

175 1487 426 1558 Μαξίμου
490 1483 707 1547 ίξιόντος
760 1489 895 1537 κατὰ
939 1486 1230 1559 Μαξίμίνου
1288 1485 1574 1561 ἀναιρεῖται
1629 1487 1789 1550 Μαξιο

174 1584 322 1648 ῷνος
376 1576 482 1627 ὑπὸ
550 1582 649 1626 τῶν
718 1574 917 1627 οἰκείων
975 1585 1322 1649 στρατιωτῶν,
1374 1582 1463 1628 καὶ
1518 1578 1789 1650 κομίζεται

171 1668 295 1737 πρὸς
346 1664 593 1735 Μάξιμον
642 1665 670 1721 ἠ
723 1664 933 1737 κεφαλὴ,
978 1662 1090 1718 εἶτα
1140 1670 1229 1719 καὶ
1270 1670 1398 1741 πρός
1458 1666 1613 1725 αὐτὴν
1658 1666 1786 1719 Ῥώ-

1901 507 2181 564 Gordiani
2202 509 2323 567 ﬁlio
2348 511 2408 567 in
2441 513 2729 572 Cmsarem
2753 516 2834 572 illi
2860 518 3089 575 allecto.
3114 520 3188 575 At
3211 520 3357 577 dum
3389 522 3567 587 Maxi-

1900 597 2099 653 minus
2120 599 2349 656 bellum
2372 602 2644 671 adornat,
2670 607 2882 662 videns
2906 608 3266 674 Gordianus,
3288 611 3564 683 (quijam

1903 702 2021 743 una
2050 704 2185 743 cum
2213 688 2335 745 ﬁlio
2362 691 2780 763 Carthaginem
2807 698 2916 765 (41)
2938 703 3281 770 occuparat)
3312 700 3369 753 in
3399 716 3560 756 sum-

1900 792 2064 831 mam
2094 794 2293 834 rerum
2314 782 2587 839 omnium
2613 784 3093 857 desperationem
3121 803 3181 843 se
3204 787 3559 855 adductum,

1897 864 2115 937 laqueo
2160 867 2344 924 vitam
2376 871 2635 944 abrupit.
2665 874 2841 930 Filius
2875 892 3038 943 vero,
3064 877 3397 934 commissa
3417 878 3559 935 dein

1898 970 2036 1010 cum
2060 955 2312 1012 Maximo
2340 975 2563 1029 pugna,
2587 961 2930 1021 interfectus
2962 965 3151 1038 periit.
3182 967 3437 1024 Romani
3462 967 3558 1023 hic

1898 1044 2228 1100 incredibili
2273 1046 2476 1103 dolore
2517 1066 2589 1105 ex
2635 1051 2851 1108 horum
2890 1053 3129 1111 interitu
3172 1056 3457 1127 percussi,
3486 1056 3561 1111 si-

1898 1132 2022 1188 mul
2047 1138 2401 1202 metuentes,
2424 1142 2601 1210 atque
2627 1140 2765 1197 odio
2782 1143 3169 1199 Maximinum
3194 1160 3561 1217 prosequen-

1898 1226 2003 1288 tes,
2036 1225 2429 1294 imperatores
2474 1229 2679 1285 Romaa
2726 1232 3068 1288 renuntiant
3116 1233 3456 1301 Balbinum,
3501 1239 3559 1291 et

1896 1312 2241 1368 Maximum.
2278 1315 2340 1369 In
2384 1332 2537 1388 quos
2588 1323 2649 1374 ut
2694 1336 2934 1376 rursum
2978 1322 3251 1378 militaris
3302 1323 3557 1380 excitata

1899 1400 2107 1458 seditio
2147 1411 2256 1469 est,
2285 1405 2601 1477 imperavit
2648 1424 2768 1465 una
2820 1426 2957 1465 cum
2990 1410 3074 1466 eis
3107 1415 3163 1467 et
3198 1411 3548 1481 Gordianus,

1898 1491 2178 1547 Gordiani
2211 1494 2455 1563 majoris
2482 1512 2553 1551 ex
2579 1496 2702 1554 ﬁlia
2749 1514 2957 1571 nepos,
2990 1500 3325 1557 admodum
3354 1502 3554 1558 adhuc

1897 1596 2063 1653 puer.
2088 1581 2388 1657 [Lib.v1u.]
2412 1585 2666 1643 Maximo
2686 1594 2823 1659 post
2843 1589 3133 1645 adversus
3162 1591 3553 1649 Maximinum

1897 1669 2179 1741 profecto,
2214 1672 2551 1731 interfectus
2598 1692 2634 1733 a
2688 1679 2811 1733 suis
2864 1679 3147 1735 militibus
3192 1680 3550 1737 Maximinus

170 1774 293 1825 μην.
344 1752 423 1805 Οῦ
472 1752 605 1804 πολὺ
658 1756 716 1804 τό
766 1751 813 1804 ἓν
862 1758 1023 1825 μέσῳ,
1076 1758 1165 1806 καὶ
1205 1757 1253 1807 οἱ
1301 1764 1615 1828 στρατιῶται
1662 1775 1776 1807 στα·

1895 1762 2001 1822 est,
2032 1757 2399 1833 allatumque
2448 1769 2628 1836 caput
2653 1767 2779 1837 ejus
2806 1767 2884 1823 ad
2928 1769 3275 1837 Maximum,
3310 1774 3366 1825 et
3414 1770 3551 1827 inde

171 1846 460 1903 σεοίσαντες
526 1840 775 1913 ἐξάγουσι
856 1851 955 1893 τῶν
1032 1841 1312 1915 βασιλείων
1377 1843 1621 1897 Βαλϐῖνον
1696 1848 1785 1897 καὶ

162 1933 433 2004 Μάξιμον,
490 1930 619 2002 [276
663 1930 756 2004 8.]
806 1935 897 1983 καὶ
941 1938 1113 1984 πᾶσαν
1146 1932 1331 1994 αὐτοὺς
1361 1934 1533 1987 αἰκίαν
1573 1933 1782 1987 αἰκισά-

160 2042 306 2094 μενοι
362 2021 669 2096 ἀναιροῦσι,
720 2025 874 2093 μόνον
925 2020 1212 2083 ἁνειπόντες
1268 2021 1492 2095 βασιλέα
1556 2020 1780 2097 Γορδια-

162 2116 267 2178 νόν,
300 2116 426 2185 περὶ
455 2114 545 2169 ἔτη
568 2107 923 2186 τρισκαίδεκα
943 2116 1194 2184 γεγονότα
1226 2129 1238 2141 ·
1268 2111 1316 2165 ἐν
1340 2114 1412 2174 οἷς
1438 2117 1527 2166 καὶ
1545 2114 1570 2165 ό
1593 2110 1781 2186 ὄγδοος

161 2201 457 2254 τὼιοῦται
491 2204 664 2271 λόγος.

236 2387 397 2434 Ἔστι
442 2376 505 2433 δὲ
543 2386 639 2439 τὴν
685 2382 875 2454 φράσιν
924 2385 1096 2454 σαφὴς
1124 2385 1213 2434 καὶ
1244 2380 1477 2456 λαμπρός
1505 2386 1594 2434 καὶ
1624 2377 1776 2449 ἡδὺς,

164 2476 258 2523 καὶ
313 2471 451 2535 λέξει
490 2476 763 2543 χρώμενος
826 2476 1069 2544 σώφρονι,
1117 2477 1248 2544 μήτε
1299 2472 1776 2546 ὑπεραττικιζούση

159 2566 253 2613 καὶ
306 2565 406 2618 τὴν
466 2563 689 2632 ἔμφυτον
743 2559 1087 2635 ἆξυϐριζούσῃ
1145 2564 1307 2635 χάριν
1360 2569 1452 2613 τοῦ
1499 2564 1776 2630 συνήθους,

158 2656 296 2722 μήτε
342 2653 474 2723 πρός
525 2652 582 2701 τό
636 2653 875 2701 ταπεινόν
922 2649 1219 2724 ἔκλελυμένη
1274 2655 1364 2703 καὶ
1404 2655 1496 2709 τὴν
1544 2654 1777 2723 ἔντεχνον

158 2740 479 2813 ὑπερορῶσῃ
514 2745 733 2809 γνῶσιν.
768 2741 902 2791 Οὔτε
932 2735 991 2791 δὲ
1018 2738 1429 2812 περιττολογίαις
1456 2739 1570 2792 ἐστὶ
1596 2759 1778 2812 σεμνυ-

154 2834 390 2900 νόμενος,
440 2831 565 2880 οὔτε
613 2847 665 2879 τι
714 2836 811 2881 τῶν
858 2827 1149 2899 ἀναγκαίων
1198 2828 1629 2901 παραλιμπάνων,
1687 2834 1775 2882 καὶ

154 2917 336 2980 ἁπλῶς
367 2919 416 2953 ⁴⁵
444 2920 498 2969 ἑν
524 2919 720 2977 πάσαις
750 2925 865 2980 ταῖς
909 2920 1045 2971 κατὰ
1073 2923 1163 2976 τὴν
1189 2919 1425 2993 ἱστορίαν
1468 2918 1671 2994 ἀρεταῖς
1714 2919 1773 2972 οὐ

150 3007 358 3059 πολλῶν
385 3006 503 3059 ἐστι
536 3003 777 3082 δεύτερος
792 3050 804 3063 .

1894 1846 2169 1902 Romam.
2196 1850 2308 1903 Nec
2334 1850 2515 1921 longo
2538 1854 2842 1925 interjecto
2875 1861 3163 1929 tempore,
3190 1858 3553 1915 tumultuan-

1893 1939 1979 1992 tes
2023 1935 2223 1992 denuo
2251 1938 2485 2011 milites,
2518 1943 2739 2014 palatio
2770 1945 3091 2003 educentes
3128 1947 3464 2014 Balbinum,
3496 1952 3553 2005 et

1892 2024 2236 2092 Maximum,
2292 2030 2575 2087 omnibus
2638 2035 3014 2091 contumeliis
3070 2036 3552 2110 cruciatibusque

1890 2112 2134 2170 affectos
2158 2113 2524 2186 interimunt,
2554 2125 2611 2177 et
2642 2123 2744 2178 uni
2792 2123 3091 2180 Gordiano
3118 2124 3401 2180 tredecim
3436 2126 3550 2181 cir-

1889 2208 2031 2264 citer
2079 2222 2272 2264 annos
2314 2215 2455 2265 nato
2507 2210 2828 2285 imperium
2887 2211 3199 2269 mandant.
3245 2215 3365 2271 Hoc
3416 2213 3554 2272 libri

1889 2301 2084 2358 octavi
2111 2306 2446 2357 extremum
2479 2304 2587 2355 est.

1961 2389 2271 2462 Scriptoris
2286 2389 2467 2459 hujus
2488 2388 2663 2445 dictio
2682 2389 2843 2446 clara
2865 2394 2973 2456 est,
2998 2394 3178 2464 atque
3200 2391 3549 2464 perspicua,

1888 2478 2035 2551 quin
2058 2486 2115 2535 et
2130 2478 2438 2551 jucunda:
2473 2478 2724 2533 vocibus
2748 2484 2949 2535 autem
2978 2480 3158 2536 utitur
3179 2482 3546 2554 temperatis,

1887 2584 2084 2641 neque
2131 2583 2315 2640 supra
2358 2566 2609 2623 modum
2653 2566 2875 2635 Atticis,
2923 2568 3145 2641 quibus
3203 2570 3406 2625 nativa
3449 2569 3551 2626 illa

1888 2657 2226 2713 communis
2249 2655 2540 2711 sermonis
2568 2655 2761 2724 gratia
2785 2655 3239 2727 quodammodo
3258 2656 3542 2714 violetur:

1888 2762 1997 2803 nec
2026 2762 2233 2801 rursus
2263 2745 2322 2801 in
2352 2744 2749 2801 humilitatem
2771 2744 3103 2816 quamdam
3130 2745 3211 2802 ita
3239 2745 3545 2812 demissis,

1885 2840 1949 2892 ut
1973 2840 2163 2892 artem
2180 2849 2423 2891 omnem
2443 2834 2557 2890 illae
2584 2833 2805 2904 fugisse
2819 2833 3151 2891 videantur.
3174 2835 3260 2890 Ad
3287 2834 3417 2891 haec
3437 2849 3547 2891 nec

1884 2925 2343 2997 supervacaneis
2377 2928 2582 2989 tumet,
2616 2938 2724 2980 nec
2756 2924 3160 2981 necessarium
3193 2923 3339 2997 quid
3370 2925 3545 2980 omit-

1885 3015 1980 3082 lit:
2016 3014 2140 3079 sed,
2174 3017 2240 3069 ut
2283 3028 2403 3069 uno
2437 3012 2622 3070 verbo
2675 3012 3014 3079 absolvam,
3048 3014 3209 3086 86a
3247 3012 3538 3071 omnibus

1808 3142 1849 3198 ρ
1881 3103 2139 3161 historias
2169 3102 2480 3160 virtutibus
2510 3103 2719 3175 paucis
2747 3117 2891 3160 sane
2922 3101 3098 3159 cedit.

936 3184 1007 3238 P'.

334 3271 629 3349 Ἀδριανοῦ
659 3281 751 3327 τοῦ
792 3272 1046 3348 βασιλεως
1086 3275 1293 3349 μελέται
1324 3272 1587 3353 διάφοροι.

217 3366 556 3437 Ἀνεγνώσθη
589 3360 875 3439 Ἀδριανοῦ
918 3373 1008 3418 τοῦ
1059 3364 1319 3438 βασιλέως
1349 3367 1554 3440 μελέται
1585 3363 1767 3440 διάφο·

146 3476 258 3527 ροε,
315 3455 387 3517 εὶς
457 3457 518 3507 τό
566 3457 776 3527 μέτριον
830 3462 922 3507 τοῦ
986 3454 1144 3527 λόγου
1198 3454 1482 3529 ἀνηγμέναι
1538 3462 1627 3509 καὶ
1674 3457 1767 3510 οῦκ

151 3540 361 3605 ἆηδείς.

906 3631 1027 3689 ΡΑ’.

324 3726 621 3796 Βικτωρίου
652 3727 744 3774 τοῦ
769 3720 1091 3795 Λαμπαδίου
1121 3724 1365 3777 ὑπατικοὶ
1398 3728 1580 3797 Λόγοι.

215 3812 663 3883 ’Λνεγνωσθησαν
694 3817 1007 3887 Βικτωρίνου
1039 3822 1130 3866 τοῦ
1174 3811 1490 3887 Λαμπαδίου
1533 3816 1760 3887 (Ἄντιο-

145 3906 271 3971 χώς
303 3899 370 3954 δι
400 3898 577 3971 οὗτος)
611 3902 856 3954 ὑπατικοὶ
885 3902 1029 3975 λόγοι
1062 3899 1327 3979 διάφοροι,
1366 3909 1453 3956 καὶ
1486 3904 1757 3976 βασιλικοὶ

146 3986 201 4041 δε
229 3991 300 4051 εἰς
327 3994 550 4047 Ζήνωνα
580 3993 666 4041 τόν
698 3988 945 4062 βασιλέα,
979 3990 1053 4063 ἐφ’
1098 3991 1158 4043 οὗ
1188 3997 1277 4044 καὶ
1309 3992 1379 4054 εἰς
1420 3991 1559 4065 βαθύ
1589 4003 1756 4067 γῆρας

148 4073 208 4133 Eu
233 4079 363 4149 [150
392 4076 490 4151 H.]
526 4078 802 4139 ἐληλακὼς.
831 4085 936 4137 Τὴν
982 4076 1041 4132 δε
1073 4082 1261 4155 φράσιν
1306 4086 1363 4134 τό
1395 4101 1446 4134 τε
1477 4086 1629 4154 σαφὲς
1668 4087 1755 4135 καὶ

146 4170 202 4218 τό
232 4166 505 4241 ἀπέριττον
532 4172 622 4221 καὶ
651 4171 709 4221 τό
738 4170 955 4231 σύνηθες
981 4168 1270 4242 ἐπικοσμεῖ.

890 4345 1001 4400 ΡΒ’.

145 4434 394 4489 Γεὶασίον
490 4433 783 4510 ἄπισκοπου
880 4440 1195 4510 Καισαρείας
1286 4445 1381 4510 ¹ςῆς
1468 4438 1749 4492 Παλαιστί-

207 4528 300 4567 νης
397 4511 538 4559 κατὰ
588 4508 931 4584 ,Ἀνομοίωντ
1027 4500 1126 4561 Καὶ
1189 4506 1498 4584 ,Διοδώρουᾳ
1540 4518 1749 4584 Ταρσοῦ
1785 4500 1828 4553 Ῐ)

208 4585 325 4649 περὶ
404 4586 503 4631 τοῦ
580 4576 761 4650 ἁγίουή
810 4581 1099 4651 Πνεῦματος
1178 4576 1407 4654 διάφορα
1480 4576 1750 4657 ἓπιχέιρή-

210 4670 373 4719 ματα.

209 4740 547 4811 ’Δνιτιὼσϐη
643 4738 692 4790 ὶν
765 4737 1053 4811 μονοϐίϐλῳ
1130 4739 1383 4793 Γελασίου
1459 4741 1747 4798 ἐπισκόπου

144 4826 463 4902 Καισαρείας
505 4836 602 4888 τῆς
647 4827 1021 4896 Παλαιστίνης,
1056 4832 1203 4883 Κατὰ
1246 4829 1547 4904 Ἀνομοίων.
1596 4832 1749 4888 Ἐστι

2316 3279 2581 3336 Adriani
2602 3193 3101 3337 Deglamationes.

1952 3371 2136 3427 Lecta)
2175 3374 2313 3427 sunt
2357 3369 2600 3426 Adriani
2646 3370 2759 3441 (42)
2803 3370 3051 3441 Augusti
3099 3368 3278 3427 varia)
3328 3370 3541 3428 Decla-

1877 3459 2180 3526 mationes,
2209 3459 2443 3516 dicendi
2471 3458 2881 3516 moderatione
2913 3463 3279 3532 temperatae,
3312 3475 3423 3516 nec
3449 3460 3539 3516 in-

1872 3548 2180 3620 jucundaa.

2662 3636 2744 3693 Cl.

1954 3724 2242 3784 Victorini
2268 3724 2579 3795 Lampadii
2600 3724 2719 3793 ﬁlii
2749 3723 3062 3782 Orationes
3090 3726 3459 3783 consulares.

1944 3818 2128 3871 Lectae
2173 3820 2311 3869 sunt
2357 3813 2631 3870 Victorini
2678 3813 2987 3885 Lampadii
3030 3812 3136 3868 ﬁlii
3182 3814 3530 3873 Antiocheni

1871 3904 2182 3961 Orationes
2211 3904 2553 3959 consulares
2595 3901 2800 3967 varia},
2834 3902 3009 3958 simul
3040 3908 3095 3958 et
3124 3903 3529 3971 imperatoriae

1867 3993 1927 4049 in
1969 3992 2217 4049 Zenonis
2256 3990 2503 4062 Augusti
2551 3989 2829 4049 laudem:
2882 4006 3003 4062 quo
3056 3990 3409 4062 imperante,
3445 3992 3525 4048 ad

1865 4087 2195 4139 extremam
2238 4080 2334 4135 hic
2377 4082 2731 4151 pervenerat
2774 4084 3159 4135 senectutem.
3194 4078 3522 4137 Dictionem

1863 4172 2011 4243 ejus,
2045 4171 2105 4226 in
2149 4185 2270 4243 qua
2312 4167 2456 4224 nihil
2498 4167 2862 4234 redundans,
2896 4167 3314 4240 perspicuitas,
3343 4167 3522 4227 usita-

1863 4265 2077 4332 tusque
2104 4256 2391 4331 loquendi
2422 4256 2640 4313 modus
2668 4261 2982 4314 exornant.

1861 4438 2072 4497 Gelasii
2087 4438 2369 4495 Cmsarez
2383 4435 2724 4494 Palaestinae
2735 4435 3012 4507 episcopi,
3022 4436 3290 4509 ζῶον-(43)
3307 4442 3517 4495 contra

1940 4582 2015 4638 Et
2047 4580 2291 4637 Diodori
2322 4513 2985 4706 Tarseniizsoc’nggz’iritu
3011 4582 3214 4636 sancto
3245 4593 3427 4651 argu-

2572 4666 2703 4706 men
2736 4666 2791 4706 α.

2572 4666 2791 4708 menta.

1931 4745 2140 4800 Lectus
2170 4744 2262 4798 est
2288 4740 2436 4797 liber
2477 4739 2795 4811 singularis
2831 4738 3047 4798 Gelasii
3096 4740 3378 4797 Cassareaa
3409 4740 3517 4797 Pa-

1858 4832 2105 4890 laestinae
2148 4831 2413 4904 episcopi
2463 4830 2747 4887 adversus
2790 4830 3103 4888 Anomceos
3146 4829 3282 4902 (44).
3328 4831 3513 4901 Hujus

1500 4931 1733 4990 νΑΒΙιΕ
1773 4931 2178 4991 LECTIONES.

212 5028 252 5058 δδ
288 5020 616 5083 Χαλκηδόνα
648 5045 703 5089 ς.
783 5026 830 5060 ⁸⁵
858 5023 1047 5097 ἁπλῶς]
1082 5025 1255 5089 ἁπλῶς
1289 5028 1566 5103 ἱστορικῶν
1599 5036 1661 5086 Α.

1712 5129 1947 5188 ΝΟΤΛΕ.

204 5223 287 5291 (LI
302 5220 480 5292 )Male
493 5220 673 5280 Χαλκη
683 5216 1120 5292 δόναιεεθῦαιιιι·
1135 5222 1191 5278 in
1205 5225 1359 5281 textu
1371 5224 1720 5282 GraecoEDt'r
1731 5267 1744 5281 .

206 5228 287 5291 (5t
326 5228 480 5280 Male
493 5228 673 5280 Χαλκη
683 5228 1120 5292 δόναιεεθῠαιιιι·
1135 5228 1191 5278 in
1205 5228 1359 5281 textu
1371 5228 1720 5282 GraecoEmr
1731 5267 1744 5281 .

206 5228 323 5375 (εὖ
354 5295 507 5375 Lege
535 5294 728 5375 plura
746 5294 911 5375 apud
944 5294 1110 5375 Suid.
1144 5298 1200 5351 et
1228 5296 1610 5375 Xiphilin‘um.
1642 5300 1747 5375 Ex-

138 5370 293 5421 stant
322 5367 455 5437 ejus
496 5370 555 5421 et
602 5365 912 5438 sententia:
942 5366 1245 5438 qusedam,
1286 5365 1407 5425 sive
1458 5365 1748 5423 δικαστικὰ

138 5435 431 5507 responsa
462 5438 522 5493 in
563 5438 686 5493 Vel.
732 5435 987 5493 Glossar'.

210 5509 325 5577 (43)
373 5512 569 5565 Exstat
610 5508 910 5580 hodieque
940 5507 1105 5565 titulo
1139 5510 1221 5565 De
1250 5509 1483 5567 duabus
1513 5511 1747 5567 naturis

142 5578 203 5633 in
232 5580 481 5654 Christo,
510 5580 619 5654 sed
634 5578 1056 5654 falso—Gelasio
1080 5581 1287 5652 pontif.
1324 5584 1489 5637 Rom.
1526 5584 1746 5654 ascrip-

145 5658 264 5719 tus,
298 5658 361 5706 ut
388 5653 559 5710 docet
586 5650 894 5708 illustriss.
928 5650 1142 5710 Baron.
1174 5653 1338 5709 card.
1374 5658 1517 5711 tom.
1556 5654 1643 5720 IV,
1674 5650 1748 5712 ad

145 5736 289 5779 ann.
318 5721 446 5782 Chr.
478 5726 587 5783 496
622 5723 753 5781 init.

1930 5225 2043 5304 (44)
2066 5223 2366 5304 _Non_il_lo_s
2396 5221 2800 5279 Eunomianos
2830 5219 2994 5304 apud
3022 5219 3261 5304 Niceph.
3290 5219 3435 5304 ibid.
3468 5238 3507 5289 ι,

1855 5295 1991 5374 cap.
2026 5295 2109 5374 l_t_,
2136 5295 2241 5351 sed
2272 5295 2499 5374 integro
2522 5310 2673 5374 pene
2704 5295 2919 5374 sarculo
2952 5295 3243 5374 posterius
3274 5298 3510 5374 exortes

1859 5364 2282 5440 Eu'tychianos,
2311 5365 2395 5420 sic
2414 5364 2659 5440 forsitan
2678 5364 2756 5420 ab
2787 5364 3090 5440 aliquibus
3110 5364 3319 5440 dictos,
3344 5366 3511 5440 quod

1855 5436 2144 5510 negarent
2161 5439 2460 5496 Christum
2480 5436 2762 5510 habuisse
2781 5452 3002 5510 corpus
3019 5437 3294 5508 ὀμοούσιον
3313 5436 3507 5502 nobis,

1856 5507 1976 5584 qua
2008 5510 2187 5584 etiam
2214 5510 2441 5565 ratione
2472 5507 2645 5584 apud
2671 5510 2780 5584 DD.
2806 5507 3099 5584 Albanas.
3124 5514 3303 5580 atque
3319 5510 3510 5584 phry-

1857 5578 1998 5638 s'ost.
2051 5582 2188 5637 dicti
2233 5581 2519 5651 Anomaei
2554 5579 2925 5651 Aria_ni,_7qui
2970 5578 3267 5636 Christum
3319 5578 3506 5636 Patris

1857 5653 2240 5783 ifnagqgalem,
2264 5658 2319 5708 et
2340 5649 2524 5723 aliqui
2541 5649 3110 5723 dissimilis—quoque
3133 5651 3503 5718 substantiae,

1882 5741 2003 5783 acie
2051 5739 2129 5782 an
2161 5764 2175 5779 .

1858 5725 2175 5783 faciebant.
