  <div class='ocr_page' id='page_1' title='image "/cluster/home/n/w/nwhite01/storage/ocr_20150623/103/hvd.32044054112495/199.png"; bbox 0 0 4136 6216; ppageno 0'>
   <div class='ocr_carea' id='block_1_1' title="bbox 582 287 687 343">
    <p class='ocr_par' dir='ltr' id='par_1_1' title="bbox 582 287 687 343">
     <span class='ocr_line' id='line_1_1' title="bbox 582 287 687 343; baseline 0 0"><span class='ocrx_word' id='word_1_1' title='bbox 582 287 687 343; x_wconf 74' lang='grc'><strong>3⁵15</strong></span> 
     </span>
    </p>
   </div>
   <div class='ocr_carea' id='block_1_2' title="bbox 1808 277 3892 351">
    <p class='ocr_par' dir='ltr' id='par_1_2' title="bbox 1808 277 3892 351">
     <span class='ocr_line' id='line_1_2' title="bbox 1808 277 3892 351; baseline 0.006 -16"><span class='ocrx_word' id='word_1_2' title='bbox 1808 278 2043 335; x_wconf 87' lang='lat' dir='ltr'><strong>PHOTII</strong></span> <span class='ocrx_word' id='word_1_3' title='bbox 2086 277 2567 336; x_wconf 71' lang='lat' dir='ltr'><strong>PATRIARCHE</strong></span> <span class='ocrx_word' id='word_1_4' title='bbox 2605 281 2709 339; x_wconf 79' lang='grc' dir='ltr'><strong>ΟΡ.</strong></span> <span class='ocrx_word' id='word_1_5' title='bbox 3801 290 3892 351; x_wconf 79' lang='lat'><strong>376</strong></span> 
     </span>
    </p>
   </div>
   <div class='ocr_carea' id='block_1_3' title="bbox 583 404 2229 487">
    <p class='ocr_par' dir='ltr' id='par_1_3' title="bbox 583 404 2224 477">
     <span class='ocr_line' id='line_1_3' title="bbox 583 404 2224 477; baseline -0.006 -10"><span class='ocrx_word' id='word_1_6' title='bbox 583 410 718 476; x_wconf 87' lang='lat' dir='ltr'><strong>alia,</strong></span> <span class='ocrx_word' id='word_1_7' title='bbox 786 425 906 465; x_wconf 84' lang='lat' dir='ltr'><strong>una</strong></span> <span class='ocrx_word' id='word_1_8' title='bbox 957 424 1093 465; x_wconf 90' lang='lat' dir='ltr'><strong>cum</strong></span> <span class='ocrx_word' id='word_1_9' title='bbox 1140 408 1387 472; x_wconf 77' lang='lat' dir='ltr'><strong>Origene</strong></span> <span class='ocrx_word' id='word_1_10' title='bbox 1436 407 1576 463; x_wconf 82' lang='lat' dir='ltr'><strong>Filio</strong></span> <span class='ocrx_word' id='word_1_11' title='bbox 1639 404 2039 477; x_wconf 72' lang='lat' dir='ltr'><strong>ascribit(51),</strong></span> <span class='ocrx_word' id='word_1_12' title='bbox 2103 404 2224 459; x_wconf 88' lang='lat' dir='ltr'><strong>sive</strong></span> 
     </span>
    </p>
   </div>
   <div class='ocr_carea' id='block_1_4' title="bbox 2339 404 3869 487">
    <p class='ocr_par' dir='ltr' id='par_1_4' title="bbox 2339 409 3869 487">
     <span class='ocr_line' id='line_1_4' title="bbox 2339 409 3869 487; baseline 0.007 -30"><span class='ocrx_word' id='word_1_13' title='bbox 2339 410 2468 477; x_wconf 75' lang='grc' dir='ltr'>φέρει</span> <span class='ocrx_word' id='word_1_14' title='bbox 2497 409 2542 443; x_wconf 73' lang='grc'><strong>⁵9</strong></span> <span class='ocrx_word' id='word_1_15' title='bbox 2594 418 2663 476; x_wconf 73' lang='grc' dir='ltr'>τῷ</span> <span class='ocrx_word' id='word_1_16' title='bbox 2713 411 2833 480; x_wconf 82' lang='grc' dir='ltr'>Υίῳ.</span> <span class='ocrx_word' id='word_1_17' title='bbox 2868 412 2966 462; x_wconf 85' lang='grc' dir='ltr'>ε’ίτε</span> <span class='ocrx_word' id='word_1_18' title='bbox 3011 412 3198 483; x_wconf 87' lang='grc' dir='ltr'>ὁμοίως</span> <span class='ocrx_word' id='word_1_19' title='bbox 3238 411 3406 484; x_wconf 72' lang='grc' dir='ltr'>ἐκείνῳ</span> <span class='ocrx_word' id='word_1_20' title='bbox 3462 409 3735 487; x_wconf 75' lang='grc' dir='ltr'>δυσσεϐείᾳ</span> <span class='ocrx_word' id='word_1_21' title='bbox 3759 415 3869 468; x_wconf 80' lang='grc' dir='ltr'>ἑαλω</span> 
     </span>
    </p>
   </div>
   <div class='ocr_carea' id='block_1_5' title="bbox 582 494 2229 572">
    <p class='ocr_par' dir='ltr' id='par_1_5' title="bbox 582 494 2229 572">
     <span class='ocr_line' id='line_1_5' title="bbox 582 494 2229 572; baseline -0.005 -16"><span class='ocrx_word' id='word_1_22' title='bbox 582 503 790 557; x_wconf 88' lang='lat' dir='ltr'><strong>eadem</strong></span> <span class='ocrx_word' id='word_1_23' title='bbox 824 502 1123 572; x_wconf 73' lang='lat' dir='ltr'><strong>impietate</strong></span> <span class='ocrx_word' id='word_1_24' title='bbox 1152 501 1367 553; x_wconf 87' lang='lat' dir='ltr'><strong>ductus</strong></span> <span class='ocrx_word' id='word_1_25' title='bbox 1401 513 1415 563; x_wconf 88' lang='lat'><strong>;</strong></span> <span class='ocrx_word' id='word_1_26' title='bbox 1449 499 1593 563; x_wconf 88' lang='lat' dir='ltr'>sive,</span> <span class='ocrx_word' id='word_1_27' title='bbox 1629 504 1689 551; x_wconf 88' lang='lat' dir='ltr'><strong>ut</strong></span> <span class='ocrx_word' id='word_1_28' title='bbox 1726 498 1861 568; x_wconf 84' lang='lat' dir='ltr'><strong>quis</strong></span> <span class='ocrx_word' id='word_1_29' title='bbox 1890 494 2119 557; x_wconf 80' lang='lat' dir='ltr'><strong>dixerit.</strong></span> <span class='ocrx_word' id='word_1_30' title='bbox 2154 494 2229 548; x_wconf 91' lang='lat' dir='ltr'><strong>il-</strong></span> 
     </span>
    </p>
   </div>
   <div class='ocr_carea' id='block_1_6' title="bbox 581 584 2224 655">
    <p class='ocr_par' dir='ltr' id='par_1_6' title="bbox 581 584 2224 655">
     <span class='ocr_line' id='line_1_6' title="bbox 581 584 2224 655; baseline -0.005 -10"><span class='ocrx_word' id='word_1_31' title='bbox 581 588 696 646; x_wconf 88' lang='lat' dir='ltr'><strong>lius</strong></span> <span class='ocrx_word' id='word_1_32' title='bbox 724 589 1085 645; x_wconf 81' lang='lat' dir='ltr'><strong>defendendi</strong></span> <span class='ocrx_word' id='word_1_33' title='bbox 1116 585 1771 651; x_wconf 81' lang='lat' dir='ltr'><strong>studio,exercitationis</strong></span> <span class='ocrx_word' id='word_1_34' title='bbox 1797 584 2001 639; x_wconf 77' lang='lat' dir='ltr'><strong>isthaec</strong></span> <span class='ocrx_word' id='word_1_35' title='bbox 2017 584 2224 655; x_wconf 87' lang='lat' dir='ltr'><strong>gratia,</strong></span> 
     </span>
    </p>
   </div>
   <div class='ocr_carea' id='block_1_7' title="bbox 582 673 2226 748">
    <p class='ocr_par' dir='ltr' id='par_1_7' title="bbox 582 673 2226 748">
     <span class='ocr_line' id='line_1_7' title="bbox 582 673 2226 748; baseline -0.004 -13"><span class='ocrx_word' id='word_1_36' title='bbox 582 684 638 735; x_wconf 89' lang='lat' dir='ltr'><strong>et</strong></span> <span class='ocrx_word' id='word_1_37' title='bbox 670 694 793 735; x_wconf 89' lang='lat' dir='ltr'><strong>non</strong></span> <span class='ocrx_word' id='word_1_38' title='bbox 819 694 886 734; x_wconf 84' lang='lat' dir='ltr'><strong>ex</strong></span> <span class='ocrx_word' id='word_1_39' title='bbox 916 694 1029 733; x_wconf 88' lang='lat' dir='ltr'><strong>sua</strong></span> <span class='ocrx_word' id='word_1_40' title='bbox 1061 676 1356 732; x_wconf 83' lang='lat' dir='ltr'><strong>sententia</strong></span> <span class='ocrx_word' id='word_1_41' title='bbox 1382 690 1742 748; x_wconf 86' lang='lat' dir='ltr'><strong>proponens,</strong></span> <span class='ocrx_word' id='word_1_42' title='bbox 1775 674 1897 729; x_wconf 85' lang='lat' dir='ltr'><strong>sive</strong></span> <span class='ocrx_word' id='word_1_43' title='bbox 1918 689 1953 729; x_wconf 89' lang='lat' dir='ltr'><strong>a</strong></span> <span class='ocrx_word' id='word_1_44' title='bbox 1982 673 2226 729; x_wconf 83' lang='lat' dir='ltr'><strong>veritate</strong></span> 
     </span>
    </p>
   </div>
   <div class='ocr_carea' id='block_1_8' title="bbox 580 762 2226 831">
    <p class='ocr_par' dir='ltr' id='par_1_8' title="bbox 580 762 2226 831">
     <span class='ocr_line' id='line_1_8' title="bbox 580 762 2226 831; baseline -0.004 -7"><span class='ocrx_word' id='word_1_45' title='bbox 580 766 855 824; x_wconf 87' lang='lat' dir='ltr'><strong>nonnihil</strong></span> <span class='ocrx_word' id='word_1_46' title='bbox 930 765 1148 822; x_wconf 90' lang='lat' dir='ltr'><strong>abduci</strong></span> <span class='ocrx_word' id='word_1_47' title='bbox 1207 764 1424 831; x_wconf 82' lang='lat' dir='ltr'><strong>sinens,</strong></span> <span class='ocrx_word' id='word_1_48' title='bbox 1484 764 1565 820; x_wconf 93' lang='lat' dir='ltr'><strong>ob</strong></span> <span class='ocrx_word' id='word_1_49' title='bbox 1611 762 2074 819; x_wconf 79' lang='lat' dir='ltr'><strong>imbecillitatem</strong></span> <span class='ocrx_word' id='word_1_50' title='bbox 2132 778 2226 818; x_wconf 90' lang='lat' dir='ltr'><strong>ca-</strong></span> 
     </span>
    </p>
   </div>
   <div class='ocr_carea' id='block_1_9' title="bbox 582 850 2228 928">
    <p class='ocr_par' dir='ltr' id='par_1_9' title="bbox 582 850 2228 928">
     <span class='ocr_line' id='line_1_9' title="bbox 582 850 2228 928; baseline -0.005 -16"><span class='ocrx_word' id='word_1_51' title='bbox 582 862 865 928; x_wconf 88' lang='lat' dir='ltr'><strong>ptumque</strong></span> <span class='ocrx_word' id='word_1_52' title='bbox 878 854 1285 926; x_wconf 89' lang='lat' dir='ltr'><strong>auditoris,qui</strong></span> <span class='ocrx_word' id='word_1_53' title='bbox 1305 852 1458 910; x_wconf 89' lang='lat' dir='ltr'><strong>nulla</strong></span> <span class='ocrx_word' id='word_1_54' title='bbox 1471 852 1720 909; x_wconf 85' lang='lat' dir='ltr'><strong>fortasse</strong></span> <span class='ocrx_word' id='word_1_55' title='bbox 1732 851 1871 907; x_wconf 86' lang='lat' dir='ltr'><strong>ﬁdei</strong></span> <span class='ocrx_word' id='word_1_56' title='bbox 1885 850 2228 908; x_wconf 66' lang='lat' dir='ltr'><strong>Christianae</strong></span> 
     </span>
    </p>
   </div>
   <div class='ocr_carea' id='block_1_10' title="bbox 581 942 2229 1015">
    <p class='ocr_par' dir='ltr' id='par_1_10' title="bbox 581 942 2229 1015">
     <span class='ocr_line' id='line_1_10' title="bbox 581 942 2229 1015; baseline -0.005 -14"><span class='ocrx_word' id='word_1_57' title='bbox 581 944 920 1015; x_wconf 85' lang='lat' dir='ltr'><strong>cognitione</strong></span> <span class='ocrx_word' id='word_1_58' title='bbox 952 943 1239 1007; x_wconf 89' lang='lat' dir='ltr'><strong>imbutus,</strong></span> <span class='ocrx_word' id='word_1_59' title='bbox 1276 943 1434 1013; x_wconf 77' lang='lat' dir='ltr'><strong>87a</strong></span> <span class='ocrx_word' id='word_1_60' title='bbox 1463 942 1661 998; x_wconf 90' lang='lat' dir='ltr'><strong>minus</strong></span> <span class='ocrx_word' id='word_1_61' title='bbox 1716 943 1943 1013; x_wconf 86' lang='lat' dir='ltr'><strong>poterat</strong></span> <span class='ocrx_word' id='word_1_62' title='bbox 1988 954 2229 994; x_wconf 87' lang='lat' dir='ltr'><strong>accura-</strong></span> 
     </span>
    </p>
   </div>
   <div class='ocr_carea' id='block_1_11' title="bbox 579 1028 2230 1105">
    <p class='ocr_par' dir='ltr' id='par_1_11' title="bbox 579 1028 2230 1105">
     <span class='ocr_line' id='line_1_11' title="bbox 579 1028 2230 1105; baseline -0.004 -14"><span class='ocrx_word' id='word_1_63' title='bbox 579 1034 792 1091; x_wconf 89' lang='lat' dir='ltr'><strong>tiorem</strong></span> <span class='ocrx_word' id='word_1_64' title='bbox 839 1033 914 1089; x_wconf 90' lang='lat' dir='ltr'><strong>de</strong></span> <span class='ocrx_word' id='word_1_65' title='bbox 961 1033 1248 1105; x_wconf 81' lang='lat' dir='ltr'><strong>religione</strong></span> <span class='ocrx_word' id='word_1_66' title='bbox 1273 1031 1675 1102; x_wconf 82' lang='lat' dir='ltr'><strong>cognitionem</strong></span> <span class='ocrx_word' id='word_1_67' title='bbox 1701 1030 2032 1095; x_wconf 86' lang='lat' dir='ltr'><strong>admittere,</strong></span> <span class='ocrx_word' id='word_1_68' title='bbox 2054 1033 2115 1085; x_wconf 89' lang='lat' dir='ltr'><strong>ut</strong></span> <span class='ocrx_word' id='word_1_69' title='bbox 2148 1028 2230 1084; x_wconf 85' lang='lat' dir='ltr'><strong>Fi-</strong></span> 
     </span>
    </p>
   </div>
   <div class='ocr_carea' id='block_1_12' title="bbox 576 1117 2229 1196">
    <p class='ocr_par' dir='ltr' id='par_1_12' title="bbox 576 1117 2229 1196">
     <span class='ocr_line' id='line_1_12' title="bbox 576 1117 2229 1196; baseline -0.004 -15"><span class='ocrx_word' id='word_1_70' title='bbox 576 1124 637 1181; x_wconf 89' lang='lat' dir='ltr'><strong>lii</strong></span> <span class='ocrx_word' id='word_1_71' title='bbox 673 1128 985 1196; x_wconf 84' lang='lat' dir='ltr'><strong>propterea</strong></span> <span class='ocrx_word' id='word_1_72' title='bbox 1008 1121 1495 1194; x_wconf 85' lang='lat' dir='ltr'><strong>qualemcunque</strong></span> <span class='ocrx_word' id='word_1_73' title='bbox 1531 1118 1934 1191; x_wconf 86' lang='lat' dir='ltr'><strong>cognitionem</strong></span> <span class='ocrx_word' id='word_1_74' title='bbox 1974 1117 2229 1174; x_wconf 90' lang='lat' dir='ltr'><strong>auditori</strong></span> 
     </span>
    </p>
   </div>
   <div class='ocr_carea' id='block_1_13' title="bbox 586 1206 2230 1280">
    <p class='ocr_par' dir='ltr' id='par_1_13' title="bbox 586 1206 2230 1280">
     <span class='ocr_line' id='line_1_13' title="bbox 586 1206 2230 1280; baseline -0.005 -11"><span class='ocrx_word' id='word_1_75' title='bbox 586 1212 877 1269; x_wconf 88' lang='lat' dir='ltr'><strong>utiliorem</strong></span> <span class='ocrx_word' id='word_1_76' title='bbox 915 1209 1263 1267; x_wconf 83' lang='lat' dir='ltr'><strong>existimarit</strong></span> <span class='ocrx_word' id='word_1_77' title='bbox 1292 1224 1441 1277; x_wconf 91' lang='lat' dir='ltr'><strong>esse,</strong></span> <span class='ocrx_word' id='word_1_78' title='bbox 1473 1224 1659 1280; x_wconf 90' lang='lat' dir='ltr'><strong>quam</strong></span> <span class='ocrx_word' id='word_1_79' title='bbox 1706 1208 1756 1262; x_wconf 94' lang='lat' dir='ltr'><strong>si</strong></span> <span class='ocrx_word' id='word_1_80' title='bbox 1815 1206 2067 1263; x_wconf 88' lang='lat' dir='ltr'><strong>omnino</strong></span> <span class='ocrx_word' id='word_1_81' title='bbox 2120 1221 2230 1261; x_wconf 91' lang='lat' dir='ltr'><strong>nec</strong></span> 
     </span>
    </p>
   </div>
   <div class='ocr_carea' id='block_1_14' title="bbox 582 1296 2228 1373">
    <p class='ocr_par' dir='ltr' id='par_1_14' title="bbox 582 1296 2228 1373">
     <span class='ocr_line' id='line_1_14' title="bbox 582 1296 2228 1373; baseline -0.006 -11"><span class='ocrx_word' id='word_1_82' title='bbox 582 1302 821 1373; x_wconf 84' lang='lat' dir='ltr'><strong>agnitus</strong></span> <span class='ocrx_word' id='word_1_83' title='bbox 850 1302 947 1358; x_wconf 90' lang='lat' dir='ltr'><strong>ille</strong></span> <span class='ocrx_word' id='word_1_84' title='bbox 978 1300 1073 1368; x_wconf 86' lang='lat' dir='ltr'><strong>sit,</strong></span> <span class='ocrx_word' id='word_1_85' title='bbox 1104 1315 1217 1357; x_wconf 89' lang='lat' dir='ltr'><strong>nee</strong></span> <span class='ocrx_word' id='word_1_86' title='bbox 1241 1299 1504 1356; x_wconf 90' lang='lat' dir='ltr'><strong>auditus.</strong></span> <span class='ocrx_word' id='word_1_87' title='bbox 1527 1300 1742 1354; x_wconf 87' lang='lat' dir='ltr'><strong>Verum</strong></span> <span class='ocrx_word' id='word_1_88' title='bbox 1773 1302 1833 1353; x_wconf 89' lang='lat' dir='ltr'><strong>ut</strong></span> <span class='ocrx_word' id='word_1_89' title='bbox 1864 1297 2123 1353; x_wconf 83' lang='lat' dir='ltr'><strong>maxime</strong></span> <span class='ocrx_word' id='word_1_90' title='bbox 2168 1296 2228 1352; x_wconf 91' lang='lat' dir='ltr'><strong>in</strong></span> 
     </span>
    </p>
   </div>
   <div class='ocr_carea' id='block_1_15' title="bbox 579 1386 2226 1465">
    <p class='ocr_par' dir='ltr' id='par_1_15' title="bbox 579 1386 2226 1465">
     <span class='ocr_line' id='line_1_15' title="bbox 579 1386 2226 1465; baseline -0.005 -16"><span class='ocrx_word' id='word_1_91' title='bbox 579 1392 978 1465; x_wconf 86' lang='lat' dir='ltr'><strong>disputatione</strong></span> <span class='ocrx_word' id='word_1_92' title='bbox 988 1391 1103 1447; x_wconf 90' lang='lat' dir='ltr'><strong>hoc</strong></span> <span class='ocrx_word' id='word_1_93' title='bbox 1115 1394 1292 1463; x_wconf 89' lang='lat' dir='ltr'><strong>pacto</strong></span> <span class='ocrx_word' id='word_1_94' title='bbox 1304 1394 1526 1444; x_wconf 90' lang='lat' dir='ltr'><strong>rectam</strong></span> <span class='ocrx_word' id='word_1_95' title='bbox 1540 1388 1899 1443; x_wconf 89' lang='lat' dir='ltr'><strong>sententiam</strong></span> <span class='ocrx_word' id='word_1_96' title='bbox 1911 1386 2226 1451; x_wconf 88' lang='lat' dir='ltr'><strong>declinare,</strong></span> 
     </span>
    </p>
   </div>
   <div class='ocr_carea' id='block_1_16' title="bbox 579 1475 2227 1554">
    <p class='ocr_par' dir='ltr' id='par_1_16' title="bbox 579 1475 2227 1554">
     <span class='ocr_line' id='line_1_16' title="bbox 579 1475 2227 1554; baseline -0.006 -14"><span class='ocrx_word' id='word_1_97' title='bbox 579 1482 658 1540; x_wconf 92' lang='lat' dir='ltr'><strong>ab</strong></span> <span class='ocrx_word' id='word_1_98' title='bbox 686 1497 877 1554; x_wconf 90' lang='lat' dir='ltr'><strong>eaque</strong></span> <span class='ocrx_word' id='word_1_99' title='bbox 898 1479 1173 1537; x_wconf 88' lang='lat' dir='ltr'><strong>recedere</strong></span> <span class='ocrx_word' id='word_1_100' title='bbox 1198 1494 1311 1534; x_wconf 88' lang='lat' dir='ltr'><strong>non</strong></span> <span class='ocrx_word' id='word_1_101' title='bbox 1344 1477 1591 1533; x_wconf 90' lang='lat' dir='ltr'><strong>omnino</strong></span> <span class='ocrx_word' id='word_1_102' title='bbox 1623 1475 1977 1542; x_wconf 90' lang='lat' dir='ltr'><strong>absurdum,</strong></span> <span class='ocrx_word' id='word_1_103' title='bbox 2013 1480 2117 1531; x_wconf 92' lang='lat' dir='ltr'><strong>aut</strong></span> <span class='ocrx_word' id='word_1_104' title='bbox 2141 1490 2227 1530; x_wconf 90' lang='lat' dir='ltr'><strong>re-</strong></span> 
     </span>
    </p>
   </div>
   <div class='ocr_carea' id='block_1_17' title="bbox 578 1564 2229 1646">
    <p class='ocr_par' dir='ltr' id='par_1_17' title="bbox 578 1564 2229 1646">
     <span class='ocr_line' id='line_1_17' title="bbox 578 1564 2229 1646; baseline -0.006 -17"><span class='ocrx_word' id='word_1_105' title='bbox 578 1571 977 1646; x_wconf 89' lang='lat' dir='ltr'><strong>prehensione</strong></span> <span class='ocrx_word' id='word_1_106' title='bbox 1006 1568 1259 1639; x_wconf 88' lang='lat' dir='ltr'><strong>dignum</strong></span> <span class='ocrx_word' id='word_1_107' title='bbox 1287 1567 1556 1623; x_wconf 88' lang='lat' dir='ltr'><strong>videatur</strong></span> <span class='ocrx_word' id='word_1_108' title='bbox 1584 1581 1595 1620; x_wconf 92' lang='lat'><strong>:</strong></span> <span class='ocrx_word' id='word_1_109' title='bbox 1624 1566 1797 1638; x_wconf 86' lang='lat' dir='ltr'><strong>(nam</strong></span> <span class='ocrx_word' id='word_1_110' title='bbox 1840 1564 1921 1621; x_wconf 89' lang='lat' dir='ltr'><strong>ibi</strong></span> <span class='ocrx_word' id='word_1_111' title='bbox 1945 1564 2229 1637; x_wconf 87' lang='lat' dir='ltr'><strong>pleraque</strong></span> 
     </span>
    </p>
   </div>
   <div class='ocr_carea' id='block_1_18' title="bbox 578 1654 2224 1733">
    <p class='ocr_par' dir='ltr' id='par_1_18' title="bbox 578 1654 2224 1733">
     <span class='ocr_line' id='line_1_18' title="bbox 578 1654 2224 1733; baseline -0.006 -15"><span class='ocrx_word' id='word_1_112' title='bbox 578 1662 729 1733; x_wconf 91' lang='lat' dir='ltr'><strong>ejus,</strong></span> <span class='ocrx_word' id='word_1_113' title='bbox 760 1659 863 1733; x_wconf 91' lang='lat' dir='ltr'><strong>qui</strong></span> <span class='ocrx_word' id='word_1_114' title='bbox 911 1663 1118 1715; x_wconf 90' lang='lat' dir='ltr'><strong>contra</strong></span> <span class='ocrx_word' id='word_1_115' title='bbox 1146 1657 1431 1729; x_wconf 86' lang='lat' dir='ltr'><strong>disputat,</strong></span> <span class='ocrx_word' id='word_1_116' title='bbox 1485 1655 1778 1711; x_wconf 89' lang='lat' dir='ltr'><strong>sententia</strong></span> <span class='ocrx_word' id='word_1_117' title='bbox 1835 1660 1891 1709; x_wconf 91' lang='lat' dir='ltr'><strong>et</strong></span> <span class='ocrx_word' id='word_1_118' title='bbox 1920 1654 2224 1727; x_wconf 89' lang='lat' dir='ltr'><strong>opinione,</strong></span> 
     </span>
    </p>
   </div>
   <div class='ocr_carea' id='block_1_19' title="bbox 2335 500 3893 576">
    <p class='ocr_par' dir='ltr' id='par_1_19' title="bbox 2335 500 3893 576">
     <span class='ocr_line' id='line_1_19' title="bbox 2335 500 3893 576; baseline 0.008 -30"><span class='ocrx_word' id='word_1_119' title='bbox 2335 500 2459 559; x_wconf 87' lang='grc' dir='ltr'>κὼς,</span> <span class='ocrx_word' id='word_1_120' title='bbox 2514 501 2609 549; x_wconf 79' lang='grc' dir='ltr'>εἴτε</span> <span class='ocrx_word' id='word_1_121' title='bbox 2677 500 2764 571; x_wconf 86' lang='grc' dir='ltr'><strong>(ὡς</strong></span> <span class='ocrx_word' id='word_1_122' title='bbox 2814 500 2875 551; x_wconf 76' lang='grc' dir='ltr'>ἄν</span> <span class='ocrx_word' id='word_1_123' title='bbox 2929 502 2976 536; x_wconf 76' lang='grc' dir='ltr'><strong>⁸ο</strong></span> <span class='ocrx_word' id='word_1_124' title='bbox 3055 521 3135 563; x_wconf 92' lang='grc' dir='ltr'><strong>τις</strong></span> <span class='ocrx_word' id='word_1_125' title='bbox 3202 503 3354 572; x_wconf 81' lang='grc' dir='ltr'>εἴποι)</span> <span class='ocrx_word' id='word_1_126' title='bbox 3411 502 3765 576; x_wconf 80' lang='grc' dir='ltr'>ἐκϐιασάμενος</span> <span class='ocrx_word' id='word_1_127' title='bbox 3813 510 3893 563; x_wconf 73' lang='grc' dir='ltr'>τὴν</span> 
     </span>
    </p>
   </div>
   <div class='ocr_carea' id='block_1_20' title="bbox 2337 586 3892 664">
    <p class='ocr_par' dir='ltr' id='par_1_20' title="bbox 2337 586 3892 664">
     <span class='ocr_line' id='line_1_20' title="bbox 2337 586 3892 664; baseline 0.006 -27"><span class='ocrx_word' id='word_1_128' title='bbox 2337 586 2461 657; x_wconf 72' lang='grc' dir='ltr'>ὑπὲρ</span> <span class='ocrx_word' id='word_1_129' title='bbox 2515 587 2675 640; x_wconf 74' lang='grc' dir='ltr'>αὑτοῦ</span> <span class='ocrx_word' id='word_1_130' title='bbox 2734 588 3035 661; x_wconf 78' lang='grc' dir='ltr'>ἀπολογίαν,</span> <span class='ocrx_word' id='word_1_131' title='bbox 3091 589 3139 642; x_wconf 69' lang='grc' dir='ltr'>ἐν</span> <span class='ocrx_word' id='word_1_132' title='bbox 3199 597 3487 663; x_wconf 75' lang='grc' dir='ltr'><strong>γυμνασίας</strong></span> <span class='ocrx_word' id='word_1_133' title='bbox 3538 592 3669 664; x_wconf 73' lang='grc' dir='ltr'>λόγῳ</span> <span class='ocrx_word' id='word_1_134' title='bbox 3712 599 3794 647; x_wconf 83' lang='grc' dir='ltr'>καὶ</span> <span class='ocrx_word' id='word_1_135' title='bbox 3843 594 3892 647; x_wconf 77' lang='grc' dir='ltr'><strong>ού</strong></span> 
     </span>
    </p>
   </div>
   <div class='ocr_carea' id='block_1_21' title="bbox 2339 671 3891 757">
    <p class='ocr_par' dir='ltr' id='par_1_21' title="bbox 2339 671 3891 757">
     <span class='ocr_line' id='line_1_21' title="bbox 2339 671 3891 757; baseline 0.006 -30"><span class='ocrx_word' id='word_1_136' title='bbox 2339 671 2498 738; x_wconf 87' lang='grc' dir='ltr'>δόξης</span> <span class='ocrx_word' id='word_1_137' title='bbox 2528 685 2694 729; x_wconf 85' lang='grc' dir='ltr'>ταῦτα</span> <span class='ocrx_word' id='word_1_138' title='bbox 2724 681 3001 753; x_wconf 81' lang='grc' dir='ltr'><strong>προτιθεὶς,</strong></span> <span class='ocrx_word' id='word_1_139' title='bbox 3033 681 3062 739; x_wconf 74' lang='grc' dir='ltr'>ἡ</span> <span class='ocrx_word' id='word_1_140' title='bbox 3096 684 3185 733; x_wconf 81' lang='grc' dir='ltr'>καὶ</span> <span class='ocrx_word' id='word_1_141' title='bbox 3232 686 3359 755; x_wconf 88' lang='grc' dir='ltr'>πρός</span> <span class='ocrx_word' id='word_1_142' title='bbox 3413 687 3505 740; x_wconf 83' lang='grc' dir='ltr'>τὴν</span> <span class='ocrx_word' id='word_1_143' title='bbox 3540 690 3629 735; x_wconf 90' lang='grc' dir='ltr'><strong>τοῦ</strong></span> <span class='ocrx_word' id='word_1_144' title='bbox 3660 682 3891 757; x_wconf 71' lang='grc' dir='ltr'>ἀκροατοῦ</span> 
     </span>
    </p>
   </div>
   <div class='ocr_carea' id='block_1_22' title="bbox 2338 764 3893 843">
    <p class='ocr_par' dir='ltr' id='par_1_22' title="bbox 2338 764 3893 843">
     <span class='ocr_line' id='line_1_22' title="bbox 2338 764 3893 843; baseline 0.005 -26"><span class='ocrx_word' id='word_1_145' title='bbox 2338 764 2439 827; x_wconf 80' lang='grc' dir='ltr'>ἕξιν</span> <span class='ocrx_word' id='word_1_146' title='bbox 2488 771 2575 817; x_wconf 83' lang='grc' dir='ltr'>καὶ</span> <span class='ocrx_word' id='word_1_147' title='bbox 2662 766 2946 833; x_wconf 80' lang='grc' dir='ltr'>ἀσθένειαν,</span> <span class='ocrx_word' id='word_1_148' title='bbox 3015 768 3250 841; x_wconf 74' lang='grc' dir='ltr'>ἀμυήτου</span> <span class='ocrx_word' id='word_1_149' title='bbox 3327 771 3599 837; x_wconf 78' lang='grc' dir='ltr'><strong>παντελῶς,</strong></span> <span class='ocrx_word' id='word_1_150' title='bbox 3653 772 3693 824; x_wconf 89' lang='grc' dir='ltr'>εἰ</span> <span class='ocrx_word' id='word_1_151' title='bbox 3736 774 3893 843; x_wconf 79' lang='grc' dir='ltr'>τύχοι,</span> 
     </span>
    </p>
   </div>
   <div class='ocr_carea' id='block_1_23' title="bbox 2339 858 3898 933">
    <p class='ocr_par' dir='ltr' id='par_1_23' title="bbox 2339 858 3898 933">
     <span class='ocr_line' id='line_1_23' title="bbox 2339 858 3898 933; baseline 0.004 -26"><span class='ocrx_word' id='word_1_152' title='bbox 2339 860 2483 917; x_wconf 82' lang='grc' dir='ltr'>ὄντος</span> <span class='ocrx_word' id='word_1_153' title='bbox 2559 863 2649 908; x_wconf 89' lang='grc' dir='ltr'><strong>τοῦ</strong></span> <span class='ocrx_word' id='word_1_154' title='bbox 2698 866 2797 909; x_wconf 81' lang='grc' dir='ltr'>τῶν</span> <span class='ocrx_word' id='word_1_155' title='bbox 2848 866 3177 932; x_wconf 80' lang='grc' dir='ltr'>Χριστιανῶν</span> <span class='ocrx_word' id='word_1_156' title='bbox 3237 862 3487 932; x_wconf 77' lang='grc' dir='ltr'><strong>θειασμοῦ</strong></span> <span class='ocrx_word' id='word_1_157' title='bbox 3542 864 3629 914; x_wconf 85' lang='grc' dir='ltr'>καὶ</span> <span class='ocrx_word' id='word_1_158' title='bbox 3696 866 3762 933; x_wconf 79' lang='grc' dir='ltr'>μὴ</span> <span class='ocrx_word' id='word_1_159' title='bbox 3819 858 3898 914; x_wconf 83' lang='grc' dir='ltr'>δυ-</span> 
     </span>
    </p>
   </div>
   <div class='ocr_carea' id='block_1_24' title="bbox 2337 942 3897 1022">
    <p class='ocr_par' dir='ltr' id='par_1_24' title="bbox 2337 942 3897 1022">
     <span class='ocr_line' id='line_1_24' title="bbox 2337 942 3897 1022; baseline 0.004 -27"><span class='ocrx_word' id='word_1_160' title='bbox 2337 950 2552 1017; x_wconf 77' lang='grc' dir='ltr'>ναμένου</span> <span class='ocrx_word' id='word_1_161' title='bbox 2598 942 2852 1009; x_wconf 77' lang='grc' dir='ltr'>δέξασθαι</span> <span class='ocrx_word' id='word_1_162' title='bbox 2888 953 2982 1006; x_wconf 77' lang='grc' dir='ltr'>τὴν</span> <span class='ocrx_word' id='word_1_163' title='bbox 3027 956 3119 1010; x_wconf 78' lang='grc' dir='ltr'>τῆς</span> <span class='ocrx_word' id='word_1_164' title='bbox 3174 951 3457 1022; x_wconf 75' lang='grc' dir='ltr'><strong>θρησκείας</strong></span> <span class='ocrx_word' id='word_1_165' title='bbox 3495 948 3763 1022; x_wconf 76' lang='grc' dir='ltr'>ἀκρίϐειαν,</span> <span class='ocrx_word' id='word_1_166' title='bbox 3812 952 3897 1003; x_wconf 83' lang='grc' dir='ltr'><strong>ύπο</strong></span> 
     </span>
    </p>
   </div>
   <div class='ocr_carea' id='block_1_25' title="bbox 2338 1024 3900 1106">
    <p class='ocr_par' dir='ltr' id='par_1_25' title="bbox 2338 1024 3900 1106">
     <span class='ocr_line' id='line_1_25' title="bbox 2338 1024 3900 1106; baseline 0.004 -20"><span class='ocrx_word' id='word_1_167' title='bbox 2338 1040 2743 1106; x_wconf 75' lang='grc' dir='ltr'>κατασπώμενος</span> <span class='ocrx_word' id='word_1_168' title='bbox 2794 1044 2888 1097; x_wconf 83' lang='grc' dir='ltr'>τῆς</span> <span class='ocrx_word' id='word_1_169' title='bbox 2942 1024 3203 1102; x_wconf 78' lang='grc' dir='ltr'>ἀληθείας,</span> <span class='ocrx_word' id='word_1_170' title='bbox 3277 1044 3366 1091; x_wconf 82' lang='grc' dir='ltr'>καὶ</span> <span class='ocrx_word' id='word_1_171' title='bbox 3422 1047 3513 1098; x_wconf 83' lang='grc' dir='ltr'>τῆν</span> <span class='ocrx_word' id='word_1_172' title='bbox 3585 1036 3900 1097; x_wconf 77' lang='grc' dir='ltr'><strong>ὁπωσδήποτε</strong></span> 
     </span>
    </p>
   </div>
   <div class='ocr_carea' id='block_1_26' title="bbox 2337 1126 3899 1199">
    <p class='ocr_par' dir='ltr' id='par_1_26' title="bbox 2337 1126 3899 1199">
     <span class='ocr_line' id='line_1_26' title="bbox 2337 1126 3899 1199; baseline 0.004 -25"><span class='ocrx_word' id='word_1_173' title='bbox 2337 1130 2529 1194; x_wconf 78' lang='grc' dir='ltr'>γνῶσιν</span> <span class='ocrx_word' id='word_1_174' title='bbox 2570 1130 2693 1178; x_wconf 88' lang='grc' dir='ltr'>Υίοῦ</span> <span class='ocrx_word' id='word_1_175' title='bbox 2736 1134 2830 1187; x_wconf 82' lang='grc' dir='ltr'>τῆς</span> <span class='ocrx_word' id='word_1_176' title='bbox 2876 1126 3154 1189; x_wconf 79' lang='grc' dir='ltr'>παντελοῦς</span> <span class='ocrx_word' id='word_1_177' title='bbox 3214 1126 3465 1189; x_wconf 80' lang='grc' dir='ltr'>ἀνηκοίας</span> <span class='ocrx_word' id='word_1_178' title='bbox 3514 1133 3601 1179; x_wconf 72' lang='grc' dir='ltr'><strong>καὶ⁵</strong></span> <span class='ocrx_word' id='word_1_179' title='bbox 3668 1128 3899 1199; x_wconf 76' lang='grc' dir='ltr'>ἀγνωσίας</span> 
     </span>
    </p>
   </div>
   <div class='ocr_carea' id='block_1_27' title="bbox 2337 1212 3897 1289">
    <p class='ocr_par' dir='ltr' id='par_1_27' title="bbox 2337 1212 3897 1289">
     <span class='ocr_line' id='line_1_27' title="bbox 2337 1212 3897 1289; baseline 0.002 -24"><span class='ocrx_word' id='word_1_180' title='bbox 2337 1212 2757 1287; x_wconf 74' lang='grc' dir='ltr'>λυσιτελεστέραν</span> <span class='ocrx_word' id='word_1_181' title='bbox 2830 1216 3053 1287; x_wconf 77' lang='grc' dir='ltr'>νομίζων</span> <span class='ocrx_word' id='word_1_182' title='bbox 3124 1214 3249 1269; x_wconf 83' lang='grc' dir='ltr'>εἶναι</span> <span class='ocrx_word' id='word_1_183' title='bbox 3310 1220 3353 1254; x_wconf 78' lang='grc'>⁶¹</span> <span class='ocrx_word' id='word_1_184' title='bbox 3426 1226 3496 1289; x_wconf 83' lang='grc' dir='ltr'>τῷ</span> <span class='ocrx_word' id='word_1_185' title='bbox 3562 1219 3606 1254; x_wconf 75' lang='grc'>⁸³</span> <span class='ocrx_word' id='word_1_186' title='bbox 3676 1216 3897 1289; x_wconf 75' lang='grc' dir='ltr'>ἀκροατῇ.</span> 
     </span>
    </p>
   </div>
   <div class='ocr_carea' id='block_1_28' title="bbox 2340 1300 3899 1379">
    <p class='ocr_par' dir='ltr' id='par_1_28' title="bbox 2340 1300 3899 1379">
     <span class='ocr_line' id='line_1_28' title="bbox 2340 1300 3899 1379; baseline 0.002 -24"><span class='ocrx_word' id='word_1_187' title='bbox 2340 1302 2493 1355; x_wconf 84' lang='grc' dir='ltr'><strong>Ἀλλὰ</strong></span> <span class='ocrx_word' id='word_1_188' title='bbox 2537 1300 2759 1367; x_wconf 78' lang='grc' dir='ltr'>διαλέξει</span> <span class='ocrx_word' id='word_1_189' title='bbox 2788 1308 2877 1377; x_wconf 74' lang='grc' dir='ltr'><strong>μεν</strong></span> <span class='ocrx_word' id='word_1_190' title='bbox 2925 1308 2955 1364; x_wconf 75' lang='grc' dir='ltr'><strong>η</strong></span> <span class='ocrx_word' id='word_1_191' title='bbox 3006 1308 3220 1365; x_wconf 81' lang='grc' dir='ltr'>τοιαύτη</span> <span class='ocrx_word' id='word_1_192' title='bbox 3281 1311 3521 1379; x_wconf 79' lang='grc' dir='ltr'>καταφυή</span> <span class='ocrx_word' id='word_1_193' title='bbox 3555 1314 3641 1359; x_wconf 89' lang='grc' dir='ltr'><strong>τοῦ</strong></span> <span class='ocrx_word' id='word_1_194' title='bbox 3666 1311 3732 1378; x_wconf 72' lang='grc' dir='ltr'>μὴ</span> <span class='ocrx_word' id='word_1_195' title='bbox 3761 1306 3899 1375; x_wconf 75' lang='grc' dir='ltr'>λέγειν</span> 
     </span>
    </p>
   </div>
   <div class='ocr_carea' id='block_1_29' title="bbox 2340 1392 3899 1469">
    <p class='ocr_par' dir='ltr' id='par_1_29' title="bbox 2340 1392 3899 1469">
     <span class='ocr_line' id='line_1_29' title="bbox 2340 1392 3899 1469; baseline 0.002 -25"><span class='ocrx_word' id='word_1_196' title='bbox 2340 1392 2504 1467; x_wconf 82' lang='grc' dir='ltr'>ὀρθῶς</span> <span class='ocrx_word' id='word_1_197' title='bbox 2533 1399 2622 1445; x_wconf 87' lang='grc' dir='ltr'>καὶ</span> <span class='ocrx_word' id='word_1_198' title='bbox 2673 1394 3015 1469; x_wconf 82' lang='grc' dir='ltr'>ἀναχώρησις</span> <span class='ocrx_word' id='word_1_199' title='bbox 3068 1396 3163 1448; x_wconf 77' lang='grc' dir='ltr'>οὐκ</span> <span class='ocrx_word' id='word_1_200' title='bbox 3214 1395 3274 1448; x_wconf 77' lang='grc' dir='ltr'>ἂν</span> <span class='ocrx_word' id='word_1_201' title='bbox 3328 1395 3578 1459; x_wconf 73' lang='grc' dir='ltr'>ἀπίθανος</span> <span class='ocrx_word' id='word_1_202' title='bbox 3602 1392 3719 1449; x_wconf 71' lang='grc' dir='ltr'>οὐδὲ</span> <span class='ocrx_word' id='word_1_203' title='bbox 3753 1395 3899 1467; x_wconf 69' lang='grc' dir='ltr'>ψόγου</span> 
     </span>
    </p>
   </div>
   <div class='ocr_carea' id='block_1_30' title="bbox 2340 1480 3902 1559">
    <p class='ocr_par' dir='ltr' id='par_1_30' title="bbox 2340 1480 3902 1559">
     <span class='ocr_line' id='line_1_30' title="bbox 2340 1480 3902 1559; baseline 0.001 -26"><span class='ocrx_word' id='word_1_204' title='bbox 2340 1480 2558 1554; x_wconf 77' lang='grc' dir='ltr'>ἐχομένη</span> <span class='ocrx_word' id='word_1_205' title='bbox 2594 1480 2721 1555; x_wconf 77' lang='grc' dir='ltr'>δόξῃ</span> <span class='ocrx_word' id='word_1_206' title='bbox 2773 1486 2841 1519; x_wconf 71' lang='grc'><strong>⁵³⁸</strong></span> <span class='ocrx_word' id='word_1_207' title='bbox 2891 1487 2955 1537; x_wconf 81' lang='grc' dir='ltr'>τὰ</span> <span class='ocrx_word' id='word_1_208' title='bbox 2984 1484 3146 1538; x_wconf 84' lang='grc' dir='ltr'>πολλὰ</span> <span class='ocrx_word' id='word_1_209' title='bbox 3172 1488 3274 1559; x_wconf 73' lang='grc' dir='ltr'>γὰρ</span> <span class='ocrx_word' id='word_1_210' title='bbox 3326 1494 3389 1556; x_wconf 72' lang='grc' dir='ltr'>τῇ</span> <span class='ocrx_word' id='word_1_211' title='bbox 3436 1494 3526 1538; x_wconf 86' lang='grc' dir='ltr'><strong>τοῦ</strong></span> <span class='ocrx_word' id='word_1_212' title='bbox 3564 1482 3902 1557; x_wconf 76' lang='grc' dir='ltr'>προσδιαλεγο-</span> 
     </span>
    </p>
   </div>
   <div class='ocr_carea' id='block_1_31' title="bbox 2337 1570 3903 1648">
    <p class='ocr_par' dir='ltr' id='par_1_31' title="bbox 2337 1570 3903 1648">
     <span class='ocr_line' id='line_1_31' title="bbox 2337 1570 3903 1648; baseline 0.001 -25"><span class='ocrx_word' id='word_1_213' title='bbox 2337 1577 2489 1645; x_wconf 78' lang='grc' dir='ltr'>μένου</span> <span class='ocrx_word' id='word_1_214' title='bbox 2529 1578 2708 1645; x_wconf 77' lang='grc' dir='ltr'>γνώμη</span> <span class='ocrx_word' id='word_1_215' title='bbox 2740 1578 2829 1625; x_wconf 84' lang='grc' dir='ltr'>καὶ</span> <span class='ocrx_word' id='word_1_216' title='bbox 2861 1570 2987 1647; x_wconf 73' lang='grc' dir='ltr'>δόξῃ</span> <span class='ocrx_word' id='word_1_217' title='bbox 3043 1580 3131 1627; x_wconf 85' lang='grc' dir='ltr'>καὶ</span> <span class='ocrx_word' id='word_1_218' title='bbox 3186 1575 3347 1647; x_wconf 86' lang='grc' dir='ltr'>ἰσχύῐ</span> <span class='ocrx_word' id='word_1_219' title='bbox 3400 1571 3763 1648; x_wconf 80' lang='grc' dir='ltr'>διαπράττεται</span> <span class='ocrx_word' id='word_1_220' title='bbox 3792 1593 3802 1607; x_wconf 89' lang='grc'><strong>·</strong></span> <span class='ocrx_word' id='word_1_221' title='bbox 3833 1572 3903 1644; x_wconf 70' lang='grc' dir='ltr'><strong>ἑγ-</strong></span> 
     </span>
    </p>
   </div>
   <div class='ocr_carea' id='block_1_32' title="bbox 2336 1658 3903 1738">
    <p class='ocr_par' dir='ltr' id='par_1_32' title="bbox 2336 1658 3903 1738">
     <span class='ocr_line' id='line_1_32' title="bbox 2336 1658 3903 1738; baseline 0.001 -26"><span class='ocrx_word' id='word_1_222' title='bbox 2336 1663 2538 1734; x_wconf 72' lang='grc' dir='ltr'>γράφου</span> <span class='ocrx_word' id='word_1_223' title='bbox 2590 1658 2649 1714; x_wconf 78' lang='grc' dir='ltr'><strong>δε</strong></span> <span class='ocrx_word' id='word_1_224' title='bbox 2704 1661 2860 1733; x_wconf 71' lang='grc' dir='ltr'>λόγου</span> <span class='ocrx_word' id='word_1_225' title='bbox 2915 1668 3004 1716; x_wconf 86' lang='grc' dir='ltr'>καὶ</span> <span class='ocrx_word' id='word_1_226' title='bbox 3055 1672 3228 1716; x_wconf 89' lang='grc' dir='ltr'>κοινοῦ</span> <span class='ocrx_word' id='word_1_227' title='bbox 3308 1666 3619 1738; x_wconf 88' lang='grc' dir='ltr'>προκεῖσθαι</span> <span class='ocrx_word' id='word_1_228' title='bbox 3667 1662 3903 1735; x_wconf 70' lang='grc' dir='ltr'>μέλλοντος</span> 
     </span>
    </p>
   </div>
   <div class='ocr_carea' id='block_1_33' title="bbox 580 1743 2229 1826">
    <p class='ocr_par' dir='ltr' id='par_1_33' title="bbox 580 1743 2227 1821">
     <span class='ocr_line' id='line_1_33' title="bbox 580 1743 2227 1821; baseline -0.005 -15"><span class='ocrx_word' id='word_1_229' title='bbox 580 1767 651 1806; x_wconf 92' lang='lat' dir='ltr'><strong>ac</strong></span> <span class='ocrx_word' id='word_1_230' title='bbox 678 1748 855 1821; x_wconf 89' lang='lat' dir='ltr'><strong>quasi</strong></span> <span class='ocrx_word' id='word_1_231' title='bbox 899 1748 950 1804; x_wconf 89' lang='lat' dir='ltr'><strong>vi</strong></span> <span class='ocrx_word' id='word_1_232' title='bbox 990 1748 1185 1816; x_wconf 87' lang='lat' dir='ltr'><strong>ﬁunt).</strong></span> <span class='ocrx_word' id='word_1_233' title='bbox 1210 1748 1273 1801; x_wconf 90' lang='lat' dir='ltr'><strong>In</strong></span> <span class='ocrx_word' id='word_1_234' title='bbox 1303 1745 1525 1818; x_wconf 82' lang='lat' dir='ltr'><strong>scripta</strong></span> <span class='ocrx_word' id='word_1_235' title='bbox 1550 1749 1752 1800; x_wconf 87' lang='lat' dir='ltr'><strong>tamen</strong></span> <span class='ocrx_word' id='word_1_236' title='bbox 1775 1743 2064 1809; x_wconf 89' lang='lat' dir='ltr'><strong>oratione,</strong></span> <span class='ocrx_word' id='word_1_237' title='bbox 2094 1759 2227 1815; x_wconf 60' lang='lat' dir='ltr'><strong>quae</strong></span> 
     </span>
    </p>
   </div>
   <div class='ocr_carea' id='block_1_34' title="bbox 2339 1743 3903 1826">
    <p class='ocr_par' dir='ltr' id='par_1_34' title="bbox 2339 1750 3903 1826">
     <span class='ocr_line' id='line_1_34' title="bbox 2339 1750 3903 1826; baseline 0.001 -24"><span class='ocrx_word' id='word_1_238' title='bbox 2339 1750 2505 1803; x_wconf 77' lang='grc' dir='ltr'>ἅπασι</span> <span class='ocrx_word' id='word_1_239' title='bbox 2546 1755 2703 1821; x_wconf 75' lang='grc' dir='ltr'>νόμου</span> <span class='ocrx_word' id='word_1_240' title='bbox 2753 1752 2822 1815; x_wconf 72' lang='grc'><strong>⁸⁵,</strong></span> <span class='ocrx_word' id='word_1_241' title='bbox 2868 1756 2911 1804; x_wconf 81' lang='grc' dir='ltr'>εἳ</span> <span class='ocrx_word' id='word_1_242' title='bbox 2949 1772 3030 1815; x_wconf 89' lang='grc' dir='ltr'><strong>τις</strong></span> <span class='ocrx_word' id='word_1_243' title='bbox 3084 1760 3179 1816; x_wconf 83' lang='grc' dir='ltr'>τῆς</span> <span class='ocrx_word' id='word_1_244' title='bbox 3205 1752 3253 1805; x_wconf 74' lang='grc' dir='ltr'>ἐν</span> <span class='ocrx_word' id='word_1_245' title='bbox 3285 1753 3429 1824; x_wconf 81' lang='grc' dir='ltr'>αύτῷ</span> <span class='ocrx_word' id='word_1_246' title='bbox 3481 1752 3804 1826; x_wconf 69' lang='grc' dir='ltr'>βλασφημίας</span> <span class='ocrx_word' id='word_1_247' title='bbox 3824 1756 3903 1809; x_wconf 79' lang='grc' dir='ltr'>τήν</span> 
     </span>
    </p>
   </div>
   <div class='ocr_carea' id='block_1_35' title="bbox 580 1832 2229 1911">
    <p class='ocr_par' dir='ltr' id='par_1_35' title="bbox 580 1832 2229 1911">
     <span class='ocr_line' id='line_1_35' title="bbox 580 1832 2229 1911; baseline -0.004 -17"><span class='ocrx_word' id='word_1_248' title='bbox 580 1840 728 1911; x_wconf 89' lang='lat' dir='ltr'><strong>legis</strong></span> <span class='ocrx_word' id='word_1_249' title='bbox 757 1836 1242 1895; x_wconf 88' lang='lat' dir='ltr'><strong>instaromnibus</strong></span> <span class='ocrx_word' id='word_1_250' title='bbox 1261 1836 1320 1891; x_wconf 91' lang='lat' dir='ltr'><strong>in</strong></span> <span class='ocrx_word' id='word_1_251' title='bbox 1342 1832 2059 1907; x_wconf 88' lang='lat' dir='ltr'><strong>communiproponenda</strong></span> <span class='ocrx_word' id='word_1_252' title='bbox 2082 1832 2229 1889; x_wconf 90' lang='lat' dir='ltr'><strong>sit.si</strong></span> 
     </span>
    </p>
   </div>
   <div class='ocr_carea' id='block_1_36' title="bbox 579 1921 2229 2000">
    <p class='ocr_par' dir='ltr' id='par_1_36' title="bbox 579 1921 2229 2000">
     <span class='ocr_line' id='line_1_36' title="bbox 579 1921 2229 2000; baseline -0.005 -16"><span class='ocrx_word' id='word_1_253' title='bbox 579 1928 715 2000; x_wconf 89' lang='lat' dir='ltr'><strong>quis</strong></span> <span class='ocrx_word' id='word_1_254' title='bbox 756 1928 915 1983; x_wconf 92' lang='lat' dir='ltr'><strong>hanc</strong></span> <span class='ocrx_word' id='word_1_255' title='bbox 945 1926 1036 1981; x_wconf 88' lang='lat' dir='ltr'><strong>sui</strong></span> <span class='ocrx_word' id='word_1_256' title='bbox 1067 1924 1366 1997; x_wconf 84' lang='lat' dir='ltr'><strong>purgandi</strong></span> <span class='ocrx_word' id='word_1_257' title='bbox 1415 1938 1618 1988; x_wconf 88' lang='lat' dir='ltr'><strong>causa,</strong></span> <span class='ocrx_word' id='word_1_258' title='bbox 1651 1921 2039 1993; x_wconf 65' lang='lat' dir='ltr'><strong>blasphemia:</strong></span> <span class='ocrx_word' id='word_1_259' title='bbox 2091 1935 2229 1977; x_wconf 89' lang='lat' dir='ltr'><strong>con-</strong></span> 
     </span>
    </p>
   </div>
   <div class='ocr_carea' id='block_1_37' title="bbox 584 2010 2227 2088">
    <p class='ocr_par' dir='ltr' id='par_1_37' title="bbox 584 2010 2227 2088">
     <span class='ocr_line' id='line_1_37' title="bbox 584 2010 2227 2088; baseline -0.005 -15"><span class='ocrx_word' id='word_1_260' title='bbox 584 2017 818 2088; x_wconf 70' lang='lat' dir='ltr'><strong>scriptae</strong></span> <span class='ocrx_word' id='word_1_261' title='bbox 849 2015 1249 2071; x_wconf 82' lang='lat' dir='ltr'><strong>defensionem</strong></span> <span class='ocrx_word' id='word_1_262' title='bbox 1279 2011 1562 2076; x_wconf 79' lang='lat' dir='ltr'><strong>aﬁ&#39;erat,is</strong></span> <span class='ocrx_word' id='word_1_263' title='bbox 1587 2026 1732 2066; x_wconf 87' lang='lat' dir='ltr'><strong>sane</strong></span> <span class='ocrx_word' id='word_1_264' title='bbox 1753 2010 1832 2066; x_wconf 94' lang='lat' dir='ltr'><strong>ad</strong></span> <span class='ocrx_word' id='word_1_265' title='bbox 1864 2010 2227 2066; x_wconf 88' lang='lat' dir='ltr'><strong>imbecillum</strong></span> 
     </span>
    </p>
   </div>
   <div class='ocr_carea' id='block_1_38' title="bbox 580 2098 2230 2176">
    <p class='ocr_par' dir='ltr' id='par_1_38' title="bbox 580 2098 2230 2176">
     <span class='ocr_line' id='line_1_38' title="bbox 580 2098 2230 2176; baseline -0.002 -15"><span class='ocrx_word' id='word_1_266' title='bbox 580 2105 883 2175; x_wconf 88' lang='lat' dir='ltr'><strong>confugiet</strong></span> <span class='ocrx_word' id='word_1_267' title='bbox 907 2102 1466 2176; x_wconf 89' lang='lat' dir='ltr'><strong>patrocinium.Jam</strong></span> <span class='ocrx_word' id='word_1_268' title='bbox 1488 2105 1551 2156; x_wconf 86' lang='lat' dir='ltr'><strong>ut</strong></span> <span class='ocrx_word' id='word_1_269' title='bbox 1579 2099 1846 2156; x_wconf 90' lang='lat' dir='ltr'><strong>secundo</strong></span> <span class='ocrx_word' id='word_1_270' title='bbox 1867 2099 2040 2166; x_wconf 90' lang='lat' dir='ltr'><strong>libro,</strong></span> <span class='ocrx_word' id='word_1_271' title='bbox 2060 2098 2143 2155; x_wconf 92' lang='lat' dir='ltr'><strong>ita</strong></span> <span class='ocrx_word' id='word_1_272' title='bbox 2174 2104 2230 2157; x_wconf 88' lang='lat' dir='ltr'><strong>et</strong></span> 
     </span>
    </p>
   </div>
   <div class='ocr_carea' id='block_1_39' title="bbox 580 2189 2227 2264">
    <p class='ocr_par' dir='ltr' id='par_1_39' title="bbox 580 2189 2227 2264">
     <span class='ocr_line' id='line_1_39' title="bbox 580 2189 2227 2264; baseline -0.002 -15"><span class='ocrx_word' id='word_1_273' title='bbox 580 2194 773 2263; x_wconf 89' lang='lat' dir='ltr'><strong>tertio,</strong></span> <span class='ocrx_word' id='word_1_274' title='bbox 804 2193 878 2248; x_wconf 90' lang='lat' dir='ltr'><strong>de</strong></span> <span class='ocrx_word' id='word_1_275' title='bbox 909 2192 1126 2264; x_wconf 87' lang='lat' dir='ltr'><strong>Spiritu</strong></span> <span class='ocrx_word' id='word_1_276' title='bbox 1156 2195 1363 2246; x_wconf 88' lang='lat' dir='ltr'><strong>sancto</strong></span> <span class='ocrx_word' id='word_1_277' title='bbox 1395 2193 1675 2255; x_wconf 88' lang='lat' dir='ltr'><strong>tractans,</strong></span> <span class='ocrx_word' id='word_1_278' title='bbox 1716 2195 2067 2259; x_wconf 88' lang='lat' dir='ltr'><strong>argumenta</strong></span> <span class='ocrx_word' id='word_1_279' title='bbox 2094 2189 2227 2261; x_wconf 88' lang='lat' dir='ltr'><strong>qui-</strong></span> 
     </span>
    </p>
   </div>
   <div class='ocr_carea' id='block_1_40' title="bbox 581 2278 2230 2353">
    <p class='ocr_par' dir='ltr' id='par_1_40' title="bbox 581 2278 2230 2353">
     <span class='ocr_line' id='line_1_40' title="bbox 581 2278 2230 2353; baseline -0.003 -14"><span class='ocrx_word' id='word_1_280' title='bbox 581 2281 719 2339; x_wconf 91' lang='lat' dir='ltr'><strong>dem</strong></span> <span class='ocrx_word' id='word_1_281' title='bbox 751 2280 1015 2347; x_wconf 89' lang='lat' dir='ltr'><strong>adhibet,</strong></span> <span class='ocrx_word' id='word_1_282' title='bbox 1047 2279 1267 2353; x_wconf 89' lang='lat' dir='ltr'><strong>quibus</strong></span> <span class='ocrx_word' id='word_1_283' title='bbox 1295 2278 1577 2351; x_wconf 90' lang='lat' dir='ltr'><strong>Spiritum</strong></span> <span class='ocrx_word' id='word_1_284' title='bbox 1605 2282 1871 2334; x_wconf 89' lang='lat' dir='ltr'><strong>sanctum</strong></span> <span class='ocrx_word' id='word_1_285' title='bbox 1898 2293 2027 2333; x_wconf 89' lang='lat' dir='ltr'><strong>esse</strong></span> <span class='ocrx_word' id='word_1_286' title='bbox 2052 2294 2230 2335; x_wconf 87' lang='lat' dir='ltr'><strong>cona-</strong></span> 
     </span>
    </p>
   </div>
   <div class='ocr_carea' id='block_1_41' title="bbox 582 2368 2229 2437">
    <p class='ocr_par' dir='ltr' id='par_1_41' title="bbox 582 2368 2229 2437">
     <span class='ocr_line' id='line_1_41' title="bbox 582 2368 2229 2437; baseline -0.002 -9"><span class='ocrx_word' id='word_1_287' title='bbox 582 2377 675 2429; x_wconf 86' lang='lat' dir='ltr'><strong>tur</strong></span> <span class='ocrx_word' id='word_1_288' title='bbox 702 2370 1013 2428; x_wconf 85' lang='lat' dir='ltr'><strong>ostendere</strong></span> <span class='ocrx_word' id='word_1_289' title='bbox 1042 2386 1055 2435; x_wconf 91' lang='lat'><strong>;</strong></span> <span class='ocrx_word' id='word_1_290' title='bbox 1083 2385 1288 2425; x_wconf 89' lang='lat' dir='ltr'><strong>verum</strong></span> <span class='ocrx_word' id='word_1_291' title='bbox 1320 2373 1550 2435; x_wconf 69' lang='lat' dir='ltr'><strong>cmtera,</strong></span> <span class='ocrx_word' id='word_1_292' title='bbox 1584 2368 1661 2423; x_wconf 90' lang='lat' dir='ltr'><strong>ad</strong></span> <span class='ocrx_word' id='word_1_293' title='bbox 1696 2368 1943 2423; x_wconf 89' lang='lat' dir='ltr'><strong>modum</strong></span> <span class='ocrx_word' id='word_1_294' title='bbox 1966 2368 2229 2437; x_wconf 79' lang='lat' dir='ltr'><strong>Origenis</strong></span> 
     </span>
    </p>
   </div>
   <div class='ocr_carea' id='block_1_42' title="bbox 582 2457 2225 2532">
    <p class='ocr_par' dir='ltr' id='par_1_42' title="bbox 582 2457 2225 2532">
     <span class='ocr_line' id='line_1_42' title="bbox 582 2457 2225 2532; baseline -0.003 -13"><span class='ocrx_word' id='word_1_295' title='bbox 582 2461 735 2519; x_wconf 89' lang='lat' dir='ltr'><strong>libro</strong></span> <span class='ocrx_word' id='word_1_296' title='bbox 769 2461 852 2517; x_wconf 91' lang='lat' dir='ltr'><strong>De</strong></span> <span class='ocrx_word' id='word_1_297' title='bbox 897 2459 1229 2532; x_wconf 79' lang='lat' dir='ltr'><strong>principiis,</strong></span> <span class='ocrx_word' id='word_1_298' title='bbox 1285 2458 1459 2513; x_wconf 91' lang='lat' dir='ltr'><strong>etiam</strong></span> <span class='ocrx_word' id='word_1_299' title='bbox 1512 2457 1611 2513; x_wconf 90' lang='lat' dir='ltr'><strong>hic</strong></span> <span class='ocrx_word' id='word_1_300' title='bbox 1654 2458 1941 2529; x_wconf 86' lang='lat' dir='ltr'><strong>nugando</strong></span> <span class='ocrx_word' id='word_1_301' title='bbox 1996 2457 2225 2514; x_wconf 91' lang='lat' dir='ltr'><strong>delirat.</strong></span> 
     </span>
    </p>
   </div>
   <div class='ocr_carea' id='block_1_43' title="bbox 584 2548 2231 2620">
    <p class='ocr_par' dir='ltr' id='par_1_43' title="bbox 584 2548 2231 2620">
     <span class='ocr_line' id='line_1_43' title="bbox 584 2548 2231 2620; baseline 0 -15"><span class='ocrx_word' id='word_1_302' title='bbox 584 2552 806 2617; x_wconf 88' lang='lat' dir='ltr'><strong>Quarto</strong></span> <span class='ocrx_word' id='word_1_303' title='bbox 833 2549 967 2606; x_wconf 90' lang='lat' dir='ltr'><strong>dein</strong></span> <span class='ocrx_word' id='word_1_304' title='bbox 994 2549 1143 2605; x_wconf 89' lang='lat' dir='ltr'><strong>libro</strong></span> <span class='ocrx_word' id='word_1_305' title='bbox 1188 2549 1260 2606; x_wconf 83' lang='lat' dir='ltr'><strong>de</strong></span> <span class='ocrx_word' id='word_1_306' title='bbox 1288 2548 1510 2620; x_wconf 73' lang='lat' dir='ltr'><strong>angelis</strong></span> <span class='ocrx_word' id='word_1_307' title='bbox 1540 2554 1595 2605; x_wconf 88' lang='lat' dir='ltr'><strong>et</strong></span> <span class='ocrx_word' id='word_1_308' title='bbox 1627 2548 1992 2605; x_wconf 74' lang='lat' dir='ltr'><strong>daemonibus</strong></span> <span class='ocrx_word' id='word_1_309' title='bbox 2030 2548 2231 2605; x_wconf 88' lang='lat' dir='ltr'><strong>inania</strong></span> 
     </span>
    </p>
   </div>
   <div class='ocr_carea' id='block_1_44' title="bbox 582 2636 2231 2713">
    <p class='ocr_par' dir='ltr' id='par_1_44' title="bbox 582 2636 2231 2713">
     <span class='ocr_line' id='line_1_44' title="bbox 582 2636 2231 2713; baseline -0.001 -17"><span class='ocrx_word' id='word_1_310' title='bbox 582 2655 774 2713; x_wconf 68' lang='lat' dir='ltr'><strong>aeque,</strong></span> <span class='ocrx_word' id='word_1_311' title='bbox 830 2644 893 2694; x_wconf 91' lang='lat' dir='ltr'><strong>ut</strong></span> <span class='ocrx_word' id='word_1_312' title='bbox 939 2638 1053 2705; x_wconf 93' lang='lat' dir='ltr'><strong>ille,</strong></span> <span class='ocrx_word' id='word_1_313' title='bbox 1099 2637 1405 2711; x_wconf 88' lang='lat' dir='ltr'><strong>jactitans,</strong></span> <span class='ocrx_word' id='word_1_314' title='bbox 1466 2637 1643 2693; x_wconf 83' lang='lat' dir='ltr'><strong>exilia</strong></span> <span class='ocrx_word' id='word_1_315' title='bbox 1672 2636 1817 2709; x_wconf 91' lang='lat' dir='ltr'><strong>ipsis</strong></span> <span class='ocrx_word' id='word_1_316' title='bbox 1865 2653 2119 2710; x_wconf 89' lang='lat' dir='ltr'><strong>corpora</strong></span> <span class='ocrx_word' id='word_1_317' title='bbox 2144 2637 2231 2694; x_wconf 86' lang='lat' dir='ltr'><strong>in-</strong></span> 
     </span>
    </p>
   </div>
   <div class='ocr_carea' id='block_1_45' title="bbox 582 2728 2230 2799">
    <p class='ocr_par' dir='ltr' id='par_1_45' title="bbox 582 2728 2230 2799">
     <span class='ocr_line' id='line_1_45' title="bbox 582 2728 2230 2799; baseline -0.002 -13"><span class='ocrx_word' id='word_1_318' title='bbox 582 2729 765 2786; x_wconf 91' lang='lat' dir='ltr'><strong>ducit.</strong></span> <span class='ocrx_word' id='word_1_319' title='bbox 805 2728 1023 2795; x_wconf 85' lang='lat' dir='ltr'><strong>Quinto</strong></span> <span class='ocrx_word' id='word_1_320' title='bbox 1080 2743 1222 2784; x_wconf 83' lang='lat' dir='ltr'><strong>vero</strong></span> <span class='ocrx_word' id='word_1_321' title='bbox 1269 2732 1326 2785; x_wconf 89' lang='lat' dir='ltr'><strong>et</strong></span> <span class='ocrx_word' id='word_1_322' title='bbox 1390 2730 1556 2783; x_wconf 85' lang='lat' dir='ltr'><strong>sexto</strong></span> <span class='ocrx_word' id='word_1_323' title='bbox 1609 2731 1928 2799; x_wconf 86' lang='lat' dir='ltr'><strong>pertractat</strong></span> <span class='ocrx_word' id='word_1_324' title='bbox 1969 2731 2029 2784; x_wconf 92' lang='lat' dir='ltr'><strong>ut</strong></span> <span class='ocrx_word' id='word_1_325' title='bbox 2076 2729 2230 2783; x_wconf 90' lang='lat' dir='ltr'><strong>Deus</strong></span> 
     </span>
    </p>
   </div>
   <div class='ocr_carea' id='block_1_46' title="bbox 580 2817 2233 2890">
    <p class='ocr_par' dir='ltr' id='par_1_46' title="bbox 580 2817 2233 2890">
     <span class='ocr_line' id='line_1_46' title="bbox 580 2817 2233 2890; baseline -0.002 -15"><span class='ocrx_word' id='word_1_326' title='bbox 580 2817 892 2876; x_wconf 91' lang='lat' dir='ltr'><strong>hominem</strong></span> <span class='ocrx_word' id='word_1_327' title='bbox 942 2817 1225 2883; x_wconf 89' lang='lat' dir='ltr'><strong>induerit,</strong></span> <span class='ocrx_word' id='word_1_328' title='bbox 1270 2822 1572 2890; x_wconf 88' lang='lat' dir='ltr'><strong>tentatque</strong></span> <span class='ocrx_word' id='word_1_329' title='bbox 1624 2832 1735 2873; x_wconf 93' lang='lat' dir='ltr'><strong>suo</strong></span> <span class='ocrx_word' id='word_1_330' title='bbox 1786 2832 1949 2873; x_wconf 89' lang='lat' dir='ltr'><strong>more</strong></span> <span class='ocrx_word' id='word_1_331' title='bbox 1991 2819 2233 2873; x_wconf 90' lang='lat' dir='ltr'><strong>demon-</strong></span> 
     </span>
    </p>
   </div>
   <div class='ocr_carea' id='block_1_47' title="bbox 577 2905 2232 2977">
    <p class='ocr_par' dir='ltr' id='par_1_47' title="bbox 577 2905 2232 2977">
     <span class='ocr_line' id='line_1_47' title="bbox 577 2905 2232 2977; baseline -0.002 -12"><span class='ocrx_word' id='word_1_332' title='bbox 577 2913 763 2965; x_wconf 86' lang='lat' dir='ltr'><strong>strare</strong></span> <span class='ocrx_word' id='word_1_333' title='bbox 792 2908 1269 2964; x_wconf 89' lang='lat' dir='ltr'><strong>incarnationem</strong></span> <span class='ocrx_word' id='word_1_334' title='bbox 1322 2906 1444 2963; x_wconf 87' lang='lat' dir='ltr'><strong>Filii</strong></span> <span class='ocrx_word' id='word_1_335' title='bbox 1477 2905 1606 2961; x_wconf 84' lang='lat' dir='ltr'><strong>ﬁeri</strong></span> <span class='ocrx_word' id='word_1_336' title='bbox 1652 2906 1935 2977; x_wconf 87' lang='lat' dir='ltr'><strong>potuisse.</strong></span> <span class='ocrx_word' id='word_1_337' title='bbox 1970 2906 2145 2963; x_wconf 85' lang='lat' dir='ltr'><strong>Multa</strong></span> <span class='ocrx_word' id='word_1_338' title='bbox 2178 2912 2232 2963; x_wconf 89' lang='lat' dir='ltr'><strong>et</strong></span> 
     </span>
    </p>
   </div>
   <div class='ocr_carea' id='block_1_48' title="bbox 2336 1839 3904 1918">
    <p class='ocr_par' dir='ltr' id='par_1_48' title="bbox 2336 1839 3904 1918">
     <span class='ocr_line' id='line_1_48' title="bbox 2336 1839 3904 1918; baseline 0.004 -25"><span class='ocrx_word' id='word_1_339' title='bbox 2336 1844 2709 1915; x_wconf 81' lang='grc' dir='ltr'>προειρημένην</span> <span class='ocrx_word' id='word_1_340' title='bbox 2768 1842 2835 1904; x_wconf 88' lang='grc' dir='ltr'><strong>εἰς</strong></span> <span class='ocrx_word' id='word_1_341' title='bbox 2884 1840 3122 1895; x_wconf 84' lang='grc' dir='ltr'>ἁθὼωσιν</span> <span class='ocrx_word' id='word_1_342' title='bbox 3202 1845 3432 1918; x_wconf 80' lang='grc' dir='ltr'>ἐπιφέρει</span> <span class='ocrx_word' id='word_1_343' title='bbox 3507 1842 3792 1914; x_wconf 75' lang='grc' dir='ltr'>ἀπολογίαν,</span> <span class='ocrx_word' id='word_1_344' title='bbox 3844 1839 3904 1899; x_wconf 84' lang='grc' dir='ltr'>εἰς</span> 
     </span>
    </p>
   </div>
   <div class='ocr_carea' id='block_1_49' title="bbox 2338 1926 3905 2005">
    <p class='ocr_par' dir='ltr' id='par_1_49' title="bbox 2338 1926 3905 2005">
     <span class='ocr_line' id='line_1_49' title="bbox 2338 1926 3905 2005; baseline -0.001 -22"><span class='ocrx_word' id='word_1_345' title='bbox 2338 1929 2524 1990; x_wconf 81' lang='grc' dir='ltr'>ἀσθενῆ</span> <span class='ocrx_word' id='word_1_346' title='bbox 2558 1928 2853 2003; x_wconf 79' lang='grc' dir='ltr'>κατέδραμε</span> <span class='ocrx_word' id='word_1_347' title='bbox 2906 1936 3239 2004; x_wconf 74' lang='grc' dir='ltr'>συνηγορίαν.</span> <span class='ocrx_word' id='word_1_348' title='bbox 3290 1931 3494 2005; x_wconf 84' lang='grc' dir='ltr'>Ὠσπερ</span> <span class='ocrx_word' id='word_1_349' title='bbox 3544 1929 3602 1985; x_wconf 72' lang='grc' dir='ltr'>δὲ</span> <span class='ocrx_word' id='word_1_350' title='bbox 3640 1931 3685 1984; x_wconf 74' lang='grc' dir='ltr'>ἓν</span> <span class='ocrx_word' id='word_1_351' title='bbox 3714 1939 3778 2001; x_wconf 79' lang='grc' dir='ltr'>τῷ</span> <span class='ocrx_word' id='word_1_352' title='bbox 3806 1926 3905 1982; x_wconf 84' lang='grc' dir='ltr'>δευ-</span> 
     </span>
    </p>
   </div>
   <div class='ocr_carea' id='block_1_50' title="bbox 2337 2018 3902 2095">
    <p class='ocr_par' dir='ltr' id='par_1_50' title="bbox 2337 2018 3902 2095">
     <span class='ocr_line' id='line_1_50' title="bbox 2337 2018 3902 2095; baseline -0.003 -22"><span class='ocrx_word' id='word_1_353' title='bbox 2337 2024 2487 2094; x_wconf 83' lang='grc' dir='ltr'>τέρῳ,</span> <span class='ocrx_word' id='word_1_354' title='bbox 2527 2019 2661 2072; x_wconf 86' lang='grc' dir='ltr'>ούτω</span> <span class='ocrx_word' id='word_1_355' title='bbox 2707 2025 2797 2072; x_wconf 82' lang='grc' dir='ltr'>καὶ</span> <span class='ocrx_word' id='word_1_356' title='bbox 2849 2018 2897 2071; x_wconf 79' lang='grc' dir='ltr'>ἐν</span> <span class='ocrx_word' id='word_1_357' title='bbox 2952 2029 3024 2091; x_wconf 82' lang='grc' dir='ltr'>τῷ</span> <span class='ocrx_word' id='word_1_358' title='bbox 3081 2026 3238 2095; x_wconf 83' lang='grc' dir='ltr'>τρίτῳ</span> <span class='ocrx_word' id='word_1_359' title='bbox 3292 2020 3431 2093; x_wconf 77' lang='grc' dir='ltr'>λόγῳ</span> <span class='ocrx_word' id='word_1_360' title='bbox 3474 2026 3592 2095; x_wconf 83' lang='grc' dir='ltr'>περὶ</span> <span class='ocrx_word' id='word_1_361' title='bbox 3645 2027 3728 2073; x_wconf 88' lang='grc' dir='ltr'><strong>τοῦ</strong></span> <span class='ocrx_word' id='word_1_362' title='bbox 3774 2019 3902 2090; x_wconf 69' lang='grc' dir='ltr'>ἁγίου</span> 
     </span>
    </p>
   </div>
   <div class='ocr_carea' id='block_1_51' title="bbox 2340 2106 3900 2182">
    <p class='ocr_par' dir='ltr' id='par_1_51' title="bbox 2340 2106 3900 2182">
     <span class='ocr_line' id='line_1_51' title="bbox 2340 2106 3900 2182; baseline -0.002 -21"><span class='ocrx_word' id='word_1_363' title='bbox 2340 2111 2635 2181; x_wconf 87' lang='grc' dir='ltr'>Πνεύματος</span> <span class='ocrx_word' id='word_1_364' title='bbox 2681 2106 3046 2181; x_wconf 80' lang='grc' dir='ltr'>διαλαμϐάνων</span> <span class='ocrx_word' id='word_1_365' title='bbox 3125 2111 3309 2167; x_wconf 85' lang='grc' dir='ltr'>τίθησι</span> <span class='ocrx_word' id='word_1_366' title='bbox 3387 2113 3476 2181; x_wconf 67' lang='grc' dir='ltr'>μὲν</span> <span class='ocrx_word' id='word_1_367' title='bbox 3530 2110 3900 2182; x_wconf 74' lang='grc' dir='ltr'>ἐπιχειρήματα,</span> 
     </span>
    </p>
   </div>
   <div class='ocr_carea' id='block_1_52' title="bbox 2337 2195 3903 2272">
    <p class='ocr_par' dir='ltr' id='par_1_52' title="bbox 2337 2195 3903 2272">
     <span class='ocr_line' id='line_1_52' title="bbox 2337 2195 3903 2272; baseline 0 -23"><span class='ocrx_word' id='word_1_368' title='bbox 2337 2202 2430 2257; x_wconf 81' lang='grc' dir='ltr'>τὴν</span> <span class='ocrx_word' id='word_1_369' title='bbox 2469 2206 2560 2251; x_wconf 88' lang='grc' dir='ltr'><strong>τοῦ</strong></span> <span class='ocrx_word' id='word_1_370' title='bbox 2631 2203 2886 2270; x_wconf 71' lang='grc' dir='ltr'>παναγίου</span> <span class='ocrx_word' id='word_1_371' title='bbox 2965 2201 3255 2270; x_wconf 87' lang='grc' dir='ltr'>Πνεύματος</span> <span class='ocrx_word' id='word_1_372' title='bbox 3322 2198 3546 2272; x_wconf 77' lang='grc' dir='ltr'>ὕπαρξιν</span> <span class='ocrx_word' id='word_1_373' title='bbox 3594 2195 3824 2252; x_wconf 79' lang='grc' dir='ltr'>δεικνύειν</span> <span class='ocrx_word' id='word_1_374' title='bbox 3864 2197 3903 2231; x_wconf 67' lang='grc'><strong>⁸⁵</strong></span> 
     </span>
    </p>
   </div>
   <div class='ocr_carea' id='block_1_53' title="bbox 2337 2283 3903 2361">
    <p class='ocr_par' dir='ltr' id='par_1_53' title="bbox 2337 2283 3903 2361">
     <span class='ocr_line' id='line_1_53' title="bbox 2337 2283 3903 2361; baseline -0.002 -24"><span class='ocrx_word' id='word_1_375' title='bbox 2337 2284 2767 2359; x_wconf 78' lang='grc' dir='ltr'>ἀποπειρώμενος,</span> <span class='ocrx_word' id='word_1_376' title='bbox 2819 2287 2884 2338; x_wconf 79' lang='grc' dir='ltr'><strong>τὰ</strong></span> <span class='ocrx_word' id='word_1_377' title='bbox 2941 2283 2990 2337; x_wconf 80' lang='grc' dir='ltr'>δ’</span> <span class='ocrx_word' id='word_1_378' title='bbox 3025 2285 3171 2355; x_wconf 76' lang='grc' dir='ltr'>ἄλλα,</span> <span class='ocrx_word' id='word_1_379' title='bbox 3241 2288 3419 2359; x_wconf 79' lang='grc' dir='ltr'>ὥσπερ</span> <span class='ocrx_word' id='word_1_380' title='bbox 3474 2287 3732 2361; x_wconf 69' lang='grc' dir='ltr'>Ὠριγένης</span> <span class='ocrx_word' id='word_1_381' title='bbox 3775 2284 3819 2336; x_wconf 83' lang='grc' dir='ltr'>ἐν</span> <span class='ocrx_word' id='word_1_382' title='bbox 3844 2289 3903 2351; x_wconf 86' lang='grc' dir='ltr'>τῷ</span> 
     </span>
    </p>
   </div>
   <div class='ocr_carea' id='block_1_54' title="bbox 2340 2373 3902 2449">
    <p class='ocr_par' dir='ltr' id='par_1_54' title="bbox 2340 2373 3902 2449">
     <span class='ocr_line' id='line_1_54' title="bbox 2340 2373 3902 2449; baseline -0.002 -21"><span class='ocrx_word' id='word_1_383' title='bbox 2340 2382 2464 2449; x_wconf 86' lang='grc' dir='ltr'>Περὶ</span> <span class='ocrx_word' id='word_1_384' title='bbox 2496 2374 2697 2448; x_wconf 79' lang='grc' dir='ltr'>ἀρχῶν,</span> <span class='ocrx_word' id='word_1_385' title='bbox 2738 2375 2872 2447; x_wconf 81' lang='grc' dir='ltr'>ούτῳ</span> <span class='ocrx_word' id='word_1_386' title='bbox 2926 2380 3015 2428; x_wconf 84' lang='grc' dir='ltr'>καὶ</span> <span class='ocrx_word' id='word_1_387' title='bbox 3072 2375 3225 2437; x_wconf 76' lang='grc' dir='ltr'>αὐτὸς</span> <span class='ocrx_word' id='word_1_388' title='bbox 3268 2375 3494 2429; x_wconf 78' lang='grc' dir='ltr'>ἐνταῦθα</span> <span class='ocrx_word' id='word_1_389' title='bbox 3519 2375 3810 2449; x_wconf 86' lang='grc' dir='ltr'>παραληρεί.</span> <span class='ocrx_word' id='word_1_390' title='bbox 3836 2373 3902 2425; x_wconf 82' lang='grc' dir='ltr'>Ἐν</span> 
     </span>
    </p>
   </div>
   <div class='ocr_carea' id='block_1_55' title="bbox 2340 2462 3906 2540">
    <p class='ocr_par' dir='ltr' id='par_1_55' title="bbox 2340 2462 3906 2540">
     <span class='ocr_line' id='line_1_55' title="bbox 2340 2462 3906 2540; baseline -0.002 -22"><span class='ocrx_word' id='word_1_391' title='bbox 2340 2462 2398 2518; x_wconf 69' lang='grc' dir='ltr'>δὲ</span> <span class='ocrx_word' id='word_1_392' title='bbox 2446 2474 2516 2536; x_wconf 86' lang='grc' dir='ltr'>τῷ</span> <span class='ocrx_word' id='word_1_393' title='bbox 2573 2467 2797 2539; x_wconf 79' lang='grc' dir='ltr'>τετάρτῳ</span> <span class='ocrx_word' id='word_1_394' title='bbox 2851 2470 2968 2540; x_wconf 86' lang='grc' dir='ltr'>περὶ</span> <span class='ocrx_word' id='word_1_395' title='bbox 3016 2464 3244 2537; x_wconf 73' lang='grc' dir='ltr'>ἀγγέλων</span> <span class='ocrx_word' id='word_1_396' title='bbox 3300 2470 3390 2519; x_wconf 85' lang='grc' dir='ltr'><strong>καὶ</strong></span> <span class='ocrx_word' id='word_1_397' title='bbox 3450 2463 3701 2538; x_wconf 81' lang='grc' dir='ltr'>δαιμόνων</span> <span class='ocrx_word' id='word_1_398' title='bbox 3745 2466 3906 2536; x_wconf 85' lang='grc' dir='ltr'>όμόίως</span> 
     </span>
    </p>
   </div>
   <div class='ocr_carea' id='block_1_56' title="bbox 2340 2550 3907 2628">
    <p class='ocr_par' dir='ltr' id='par_1_56' title="bbox 2340 2550 3907 2628">
     <span class='ocr_line' id='line_1_56' title="bbox 2340 2550 3907 2628; baseline -0.003 -21"><span class='ocrx_word' id='word_1_399' title='bbox 2340 2554 2511 2627; x_wconf 75' lang='grc' dir='ltr'>ἐκείνῳ</span> <span class='ocrx_word' id='word_1_400' title='bbox 2558 2555 2816 2627; x_wconf 86' lang='grc' dir='ltr'>κενολογεί</span> <span class='ocrx_word' id='word_1_401' title='bbox 2858 2557 2925 2623; x_wconf 73' lang='grc'><strong>⁵⁸,</strong></span> <span class='ocrx_word' id='word_1_402' title='bbox 2976 2560 3065 2607; x_wconf 83' lang='grc' dir='ltr'>καὶ</span> <span class='ocrx_word' id='word_1_403' title='bbox 3134 2560 3359 2628; x_wconf 86' lang='grc' dir='ltr'>σώματα</span> <span class='ocrx_word' id='word_1_404' title='bbox 3415 2556 3592 2618; x_wconf 72' lang='grc' dir='ltr'>αὐτοῖς</span> <span class='ocrx_word' id='word_1_405' title='bbox 3640 2554 3788 2607; x_wconf 81' lang='grc' dir='ltr'>λεπτὰ</span> <span class='ocrx_word' id='word_1_406' title='bbox 3828 2550 3907 2624; x_wconf 81' lang='grc' dir='ltr'>ἀμ·</span> 
     </span>
    </p>
   </div>
   <div class='ocr_carea' id='block_1_57' title="bbox 2340 2641 3907 2717">
    <p class='ocr_par' dir='ltr' id='par_1_57' title="bbox 2340 2641 3907 2717">
     <span class='ocr_line' id='line_1_57' title="bbox 2340 2641 3907 2717; baseline 0.003 -21"><span class='ocrx_word' id='word_1_407' title='bbox 2340 2649 2615 2717; x_wconf 69' lang='grc' dir='ltr'>φιέννυσιν.</span> <span class='ocrx_word' id='word_1_408' title='bbox 2679 2644 2759 2697; x_wconf 88' lang='grc' dir='ltr'>Ἐν</span> <span class='ocrx_word' id='word_1_409' title='bbox 2802 2641 2860 2697; x_wconf 87' lang='grc' dir='ltr'>δὲ</span> <span class='ocrx_word' id='word_1_410' title='bbox 2913 2653 2984 2715; x_wconf 87' lang='grc' dir='ltr'>τῷ</span> <span class='ocrx_word' id='word_1_411' title='bbox 3054 2648 3273 2717; x_wconf 84' lang='grc' dir='ltr'>πέμπτῳ</span> <span class='ocrx_word' id='word_1_412' title='bbox 3324 2651 3416 2699; x_wconf 84' lang='grc' dir='ltr'>καὶ</span> <span class='ocrx_word' id='word_1_413' title='bbox 3476 2646 3605 2717; x_wconf 79' lang='grc' dir='ltr'>ἕκτῳ</span> <span class='ocrx_word' id='word_1_414' title='bbox 3676 2647 3783 2717; x_wconf 81' lang='grc' dir='ltr'>περὶ</span> <span class='ocrx_word' id='word_1_415' title='bbox 3833 2649 3907 2700; x_wconf 78' lang='grc' dir='ltr'><strong>τῆς</strong></span> 
     </span>
    </p>
   </div>
   <div class='ocr_carea' id='block_1_58' title="bbox 2340 2729 3905 2808">
    <p class='ocr_par' dir='ltr' id='par_1_58' title="bbox 2340 2729 3905 2808">
     <span class='ocr_line' id='line_1_58' title="bbox 2340 2729 3905 2808; baseline -0.003 -21"><span class='ocrx_word' id='word_1_416' title='bbox 2340 2734 2773 2808; x_wconf 77' lang='grc' dir='ltr'>ἐνανθρωπήσεως</span> <span class='ocrx_word' id='word_1_417' title='bbox 2826 2741 2917 2786; x_wconf 91' lang='grc' dir='ltr'><strong>τοῦ</strong></span> <span class='ocrx_word' id='word_1_418' title='bbox 2971 2742 3208 2808; x_wconf 80' lang='grc' dir='ltr'>Σωτῆρος</span> <span class='ocrx_word' id='word_1_419' title='bbox 3275 2730 3642 2807; x_wconf 77' lang='grc' dir='ltr'>διαλαμϐάνων</span> <span class='ocrx_word' id='word_1_420' title='bbox 3704 2734 3746 2769; x_wconf 84' lang='grc'><strong>⁶⁷</strong></span> <span class='ocrx_word' id='word_1_421' title='bbox 3816 2729 3905 2783; x_wconf 72' lang='grc' dir='ltr'>ἑπι-</span> 
     </span>
    </p>
   </div>
   <div class='ocr_carea' id='block_1_59' title="bbox 2339 2819 3906 2899">
    <p class='ocr_par' dir='ltr' id='par_1_59' title="bbox 2339 2819 3906 2899">
     <span class='ocr_line' id='line_1_59' title="bbox 2339 2819 3906 2899; baseline -0.004 -22"><span class='ocrx_word' id='word_1_422' title='bbox 2339 2830 2511 2899; x_wconf 85' lang='grc' dir='ltr'>χειρεῖ</span> <span class='ocrx_word' id='word_1_423' title='bbox 2534 2827 2642 2896; x_wconf 77' lang='grc' dir='ltr'>μεν,</span> <span class='ocrx_word' id='word_1_424' title='bbox 2691 2827 2761 2886; x_wconf 80' lang='grc' dir='ltr'>ὡς</span> <span class='ocrx_word' id='word_1_425' title='bbox 2802 2825 2911 2884; x_wconf 76' lang='grc' dir='ltr'>ἔθος</span> <span class='ocrx_word' id='word_1_426' title='bbox 2964 2823 3124 2889; x_wconf 87' lang='grc' dir='ltr'>αύτῶ,</span> <span class='ocrx_word' id='word_1_427' title='bbox 3168 2820 3396 2883; x_wconf 78' lang='grc' dir='ltr'>δυνατὴν</span> <span class='ocrx_word' id='word_1_428' title='bbox 3448 2822 3576 2878; x_wconf 84' lang='grc' dir='ltr'>εἶναι</span> <span class='ocrx_word' id='word_1_429' title='bbox 3606 2820 3844 2876; x_wconf 82' lang='grc' dir='ltr'>δεικνύναι</span> <span class='ocrx_word' id='word_1_430' title='bbox 3868 2819 3906 2854; x_wconf 81' lang='grc'><strong>⁸⁸</strong></span> 
     </span>
    </p>
   </div>
   <div class='ocr_carea' id='block_1_60' title="bbox 2342 2911 3902 2987">
    <p class='ocr_par' dir='ltr' id='par_1_60' title="bbox 2342 2911 3902 2987">
     <span class='ocr_line' id='line_1_60' title="bbox 2342 2911 3902 2987; baseline -0.004 -20"><span class='ocrx_word' id='word_1_431' title='bbox 2342 2918 2428 2971; x_wconf 77' lang='grc' dir='ltr'>τὴν</span> <span class='ocrx_word' id='word_1_432' title='bbox 2456 2913 2842 2987; x_wconf 76' lang='grc' dir='ltr'>ἐνανθρώπησιν</span> <span class='ocrx_word' id='word_1_433' title='bbox 2872 2921 2964 2967; x_wconf 88' lang='grc' dir='ltr'><strong>τοῦ</strong></span> <span class='ocrx_word' id='word_1_434' title='bbox 3003 2917 3148 2981; x_wconf 83' lang='grc' dir='ltr'>Υὶοῦ,</span> <span class='ocrx_word' id='word_1_435' title='bbox 3195 2914 3360 2967; x_wconf 86' lang='grc' dir='ltr'>πολλὰ</span> <span class='ocrx_word' id='word_1_436' title='bbox 3392 2911 3452 2968; x_wconf 74' lang='grc' dir='ltr'><strong>δε</strong></span> <span class='ocrx_word' id='word_1_437' title='bbox 3491 2913 3538 2967; x_wconf 77' lang='grc' dir='ltr'>ἐν</span> <span class='ocrx_word' id='word_1_438' title='bbox 3569 2914 3736 2973; x_wconf 75' lang='grc' dir='ltr'>αὐτοῖς</span> <span class='ocrx_word' id='word_1_439' title='bbox 3782 2928 3902 2963; x_wconf 82' lang='grc' dir='ltr'>κενο-</span> 
     </span>
    </p>
   </div>
   <div class='ocr_carea' id='block_1_61' title="bbox 583 2994 2229 3077">
    <p class='ocr_par' dir='ltr' id='par_1_61' title="bbox 583 2994 2229 3067">
     <span class='ocr_line' id='line_1_61' title="bbox 583 2994 2229 3067; baseline -0.002 -13"><span class='ocrx_word' id='word_1_440' title='bbox 583 2997 682 3054; x_wconf 89' lang='lat' dir='ltr'><strong>hic</strong></span> <span class='ocrx_word' id='word_1_441' title='bbox 707 2995 1371 3067; x_wconf 83' lang='lat' dir='ltr'><strong>nugatur,maximeque</strong></span> <span class='ocrx_word' id='word_1_442' title='bbox 1397 2995 1543 3049; x_wconf 87' lang='lat' dir='ltr'><strong>dum</strong></span> <span class='ocrx_word' id='word_1_443' title='bbox 1576 2994 1716 3049; x_wconf 88' lang='lat' dir='ltr'><strong>illud</strong></span> <span class='ocrx_word' id='word_1_444' title='bbox 1750 3010 2013 3050; x_wconf 87' lang='lat' dir='ltr'><strong>asserere</strong></span> <span class='ocrx_word' id='word_1_445' title='bbox 2030 2995 2229 3062; x_wconf 89' lang='lat' dir='ltr'><strong>audet,</strong></span> 
     </span>
    </p>
   </div>
   <div class='ocr_carea' id='block_1_62' title="bbox 2339 2994 3908 3077">
    <p class='ocr_par' dir='ltr' id='par_1_62' title="bbox 2344 3000 3908 3077">
     <span class='ocr_line' id='line_1_62' title="bbox 2344 3000 3908 3077; baseline -0.006 -21"><span class='ocrx_word' id='word_1_446' title='bbox 2344 3011 2513 3077; x_wconf 77' lang='grc' dir='ltr'>φωνεῖ,</span> <span class='ocrx_word' id='word_1_447' title='bbox 2559 3009 2648 3056; x_wconf 84' lang='grc' dir='ltr'>καὶ</span> <span class='ocrx_word' id='word_1_448' title='bbox 2713 3004 2945 3076; x_wconf 81' lang='grc' dir='ltr'>μάλιστα</span> <span class='ocrx_word' id='word_1_449' title='bbox 2994 3005 3114 3056; x_wconf 85' lang='grc' dir='ltr'>ὅταν</span> <span class='ocrx_word' id='word_1_450' title='bbox 3167 3002 3444 3077; x_wconf 78' lang='grc' dir='ltr'>ἀποτολμᾷ</span> <span class='ocrx_word' id='word_1_451' title='bbox 3493 3004 3649 3076; x_wconf 70' lang='grc' dir='ltr'>λέγειν</span> <span class='ocrx_word' id='word_1_452' title='bbox 3716 3003 3787 3055; x_wconf 85' lang='grc' dir='ltr'>ὅτι</span> <span class='ocrx_word' id='word_1_453' title='bbox 3838 3000 3908 3049; x_wconf 85' lang='grc' dir='ltr'><strong>τόν</strong></span> 
     </span>
    </p>
   </div>
   <div class='ocr_carea' id='block_1_63' title="bbox 581 3083 2231 3157">
    <p class='ocr_par' dir='ltr' id='par_1_63' title="bbox 581 3083 2231 3157">
     <span class='ocr_line' id='line_1_63' title="bbox 581 3083 2231 3157; baseline -0.001 -16"><span class='ocrx_word' id='word_1_454' title='bbox 581 3085 1006 3157; x_wconf 84' lang='lat' dir='ltr'><strong>imaginatione</strong></span> <span class='ocrx_word' id='word_1_455' title='bbox 1022 3085 1263 3155; x_wconf 89' lang='lat' dir='ltr'><strong>quidem</strong></span> <span class='ocrx_word' id='word_1_456' title='bbox 1288 3088 1488 3139; x_wconf 90' lang='lat' dir='ltr'><strong>nostra</strong></span> <span class='ocrx_word' id='word_1_457' title='bbox 1514 3083 1725 3139; x_wconf 88' lang='lat' dir='ltr'><strong>Filium</strong></span> <span class='ocrx_word' id='word_1_458' title='bbox 1750 3083 1879 3139; x_wconf 92' lang='lat' dir='ltr'><strong>aliis</strong></span> <span class='ocrx_word' id='word_1_459' title='bbox 1902 3088 2079 3155; x_wconf 87' lang='lat' dir='ltr'><strong>atque</strong></span> <span class='ocrx_word' id='word_1_460' title='bbox 2100 3084 2231 3139; x_wconf 87' lang='lat' dir='ltr'><strong>aliis</strong></span> 
     </span>
    </p>
   </div>
   <div class='ocr_carea' id='block_1_64' title="bbox 583 3171 2231 3243">
    <p class='ocr_par' dir='ltr' id='par_1_64' title="bbox 583 3171 2231 3243">
     <span class='ocr_line' id='line_1_64' title="bbox 583 3171 2231 3243; baseline -0.001 -16"><span class='ocrx_word' id='word_1_461' title='bbox 583 3172 729 3229; x_wconf 90' lang='lat' dir='ltr'><strong>locis</strong></span> <span class='ocrx_word' id='word_1_462' title='bbox 761 3171 1183 3236; x_wconf 88' lang='lat' dir='ltr'><strong>circumscribi,</strong></span> <span class='ocrx_word' id='word_1_463' title='bbox 1229 3186 1291 3226; x_wconf 89' lang='lat' dir='ltr'><strong>re</strong></span> <span class='ocrx_word' id='word_1_464' title='bbox 1322 3176 1525 3227; x_wconf 89' lang='lat' dir='ltr'><strong>tamen</strong></span> <span class='ocrx_word' id='word_1_465' title='bbox 1556 3176 1731 3242; x_wconf 89' lang='lat' dir='ltr'><strong>atque</strong></span> <span class='ocrx_word' id='word_1_466' title='bbox 1774 3176 1911 3226; x_wconf 90' lang='lat' dir='ltr'><strong>actu</strong></span> <span class='ocrx_word' id='word_1_467' title='bbox 1950 3171 2080 3243; x_wconf 89' lang='lat' dir='ltr'><strong>ipso</strong></span> <span class='ocrx_word' id='word_1_468' title='bbox 2111 3187 2231 3227; x_wconf 89' lang='lat' dir='ltr'><strong>non</strong></span> 
     </span>
    </p>
   </div>
   <div class='ocr_carea' id='block_1_65' title="bbox 585 3258 2230 3332">
    <p class='ocr_par' dir='ltr' id='par_1_65' title="bbox 585 3258 2230 3332">
     <span class='ocr_line' id='line_1_65' title="bbox 585 3258 2230 3332; baseline -0.001 -16"><span class='ocrx_word' id='word_1_469' title='bbox 585 3276 714 3316; x_wconf 90' lang='lat' dir='ltr'><strong>esse</strong></span> <span class='ocrx_word' id='word_1_470' title='bbox 743 3258 1553 3331; x_wconf 89' lang='lat' dir='ltr'><strong>circumscriptum.Septimo</strong></span> <span class='ocrx_word' id='word_1_471' title='bbox 1592 3258 1851 3331; x_wconf 88' lang='lat' dir='ltr'><strong>denique</strong></span> <span class='ocrx_word' id='word_1_472' title='bbox 1879 3258 2029 3315; x_wconf 89' lang='lat' dir='ltr'><strong>libro</strong></span> <span class='ocrx_word' id='word_1_473' title='bbox 2050 3275 2230 3332; x_wconf 91' lang='lat' dir='ltr'><strong>quem</strong></span> 
     </span>
    </p>
   </div>
   <div class='ocr_carea' id='block_1_66' title="bbox 584 3346 2233 3420">
    <p class='ocr_par' dir='ltr' id='par_1_66' title="bbox 584 3346 2233 3420">
     <span class='ocr_line' id='line_1_66' title="bbox 584 3346 2233 3420; baseline -0.001 -15"><span class='ocrx_word' id='word_1_474' title='bbox 584 3350 671 3407; x_wconf 89' lang='lat' dir='ltr'><strong>De</strong></span> <span class='ocrx_word' id='word_1_475' title='bbox 699 3349 810 3406; x_wconf 91' lang='lat' dir='ltr'><strong>Dei</strong></span> <span class='ocrx_word' id='word_1_476' title='bbox 852 3348 1145 3404; x_wconf 78' lang='lat' dir='ltr'><strong>creatione</strong></span> <span class='ocrx_word' id='word_1_477' title='bbox 1176 3348 1494 3419; x_wconf 86' lang='lat' dir='ltr'><strong>inscripsit,</strong></span> <span class='ocrx_word' id='word_1_478' title='bbox 1539 3346 1868 3420; x_wconf 90' lang='lat' dir='ltr'><strong>aliquanto,</strong></span> <span class='ocrx_word' id='word_1_479' title='bbox 1902 3348 1997 3419; x_wconf 89' lang='lat' dir='ltr'><strong>pie</strong></span> <span class='ocrx_word' id='word_1_480' title='bbox 2040 3347 2233 3418; x_wconf 89' lang='lat' dir='ltr'><strong>magis</strong></span> 
     </span>
    </p>
   </div>
   <div class='ocr_carea' id='block_1_67' title="bbox 585 3436 2233 3510">
    <p class='ocr_par' dir='ltr' id='par_1_67' title="bbox 585 3436 2233 3510">
     <span class='ocr_line' id='line_1_67' title="bbox 585 3436 2233 3510; baseline -0.002 -14"><span class='ocrx_word' id='word_1_481' title='bbox 585 3454 725 3496; x_wconf 89' lang='lat' dir='ltr'><strong>cum</strong></span> <span class='ocrx_word' id='word_1_482' title='bbox 748 3437 825 3494; x_wconf 90' lang='lat' dir='ltr'><strong>de</strong></span> <span class='ocrx_word' id='word_1_483' title='bbox 857 3436 986 3493; x_wconf 90' lang='lat' dir='ltr'><strong>aliis</strong></span> <span class='ocrx_word' id='word_1_484' title='bbox 1015 3441 1242 3503; x_wconf 89' lang='lat' dir='ltr'><strong>tractat,</strong></span> <span class='ocrx_word' id='word_1_485' title='bbox 1269 3440 1395 3493; x_wconf 89' lang='lat' dir='ltr'><strong>tum</strong></span> <span class='ocrx_word' id='word_1_486' title='bbox 1425 3436 1752 3510; x_wconf 81' lang='lat' dir='ltr'><strong>praesertim</strong></span> <span class='ocrx_word' id='word_1_487' title='bbox 1782 3436 1857 3493; x_wconf 90' lang='lat' dir='ltr'><strong>de</strong></span> <span class='ocrx_word' id='word_1_488' title='bbox 1886 3436 2025 3494; x_wconf 84' lang='lat' dir='ltr'><strong>Filio</strong></span> <span class='ocrx_word' id='word_1_489' title='bbox 2055 3437 2116 3493; x_wconf 90' lang='lat' dir='ltr'><strong>in</strong></span> <span class='ocrx_word' id='word_1_490' title='bbox 2139 3452 2233 3493; x_wconf 87' lang='lat' dir='ltr'><strong>ex-</strong></span> 
     </span>
    </p>
   </div>
   <div class='ocr_carea' id='block_1_68' title="bbox 584 3525 1208 3599">
    <p class='ocr_par' dir='ltr' id='par_1_68' title="bbox 584 3525 1208 3599">
     <span class='ocr_line' id='line_1_68' title="bbox 584 3525 1208 3599; baseline -0.006 -14"><span class='ocrx_word' id='word_1_491' title='bbox 584 3533 773 3586; x_wconf 88' lang='lat' dir='ltr'><strong>trema</strong></span> <span class='ocrx_word' id='word_1_492' title='bbox 798 3525 991 3598; x_wconf 91' lang='lat' dir='ltr'><strong>operis</strong></span> <span class='ocrx_word' id='word_1_493' title='bbox 1020 3530 1208 3599; x_wconf 88' lang='lat' dir='ltr'><strong>parte.</strong></span> 
     </span>
    </p>
   </div>
   <div class='ocr_carea' id='block_1_69' title="bbox 657 3613 2229 3687">
    <p class='ocr_par' dir='ltr' id='par_1_69' title="bbox 657 3613 2229 3687">
     <span class='ocr_line' id='line_1_69' title="bbox 657 3613 2229 3687; baseline 0.001 -16"><span class='ocrx_word' id='word_1_494' title='bbox 657 3615 843 3672; x_wconf 91' lang='lat' dir='ltr'><strong>Dictio</strong></span> <span class='ocrx_word' id='word_1_495' title='bbox 873 3615 1002 3684; x_wconf 87' lang='lat' dir='ltr'><strong>ejus</strong></span> <span class='ocrx_word' id='word_1_496' title='bbox 1041 3613 1221 3687; x_wconf 86' lang='lat' dir='ltr'><strong>plena</strong></span> <span class='ocrx_word' id='word_1_497' title='bbox 1251 3617 1357 3681; x_wconf 85' lang='lat' dir='ltr'><strong>est,</strong></span> <span class='ocrx_word' id='word_1_498' title='bbox 1390 3617 1447 3671; x_wconf 88' lang='lat' dir='ltr'><strong>et</strong></span> <span class='ocrx_word' id='word_1_499' title='bbox 1479 3613 1622 3670; x_wconf 90' lang='lat' dir='ltr'><strong>nihil</strong></span> <span class='ocrx_word' id='word_1_500' title='bbox 1649 3613 1835 3675; x_wconf 89' lang='lat' dir='ltr'><strong>habet</strong></span> <span class='ocrx_word' id='word_1_501' title='bbox 1861 3614 2229 3672; x_wconf 89' lang='lat' dir='ltr'><strong>redundans.</strong></span> 
     </span>
    </p>
   </div>
   <div class='ocr_carea' id='block_1_70' title="bbox 586 3703 2231 3776">
    <p class='ocr_par' dir='ltr' id='par_1_70' title="bbox 586 3703 2231 3776">
     <span class='ocr_line' id='line_1_70' title="bbox 586 3703 2231 3776; baseline 0.001 -16"><span class='ocrx_word' id='word_1_502' title='bbox 586 3704 844 3762; x_wconf 87' lang='lat' dir='ltr'><strong>Vocibus</strong></span> <span class='ocrx_word' id='word_1_503' title='bbox 873 3703 1011 3760; x_wconf 87' lang='lat' dir='ltr'><strong>item</strong></span> <span class='ocrx_word' id='word_1_504' title='bbox 1041 3708 1103 3759; x_wconf 92' lang='lat' dir='ltr'><strong>ut</strong></span> <span class='ocrx_word' id='word_1_505' title='bbox 1126 3703 1784 3776; x_wconf 82' lang='lat' dir='ltr'><strong>inAttica,minimeque</strong></span> <span class='ocrx_word' id='word_1_506' title='bbox 1799 3704 2074 3761; x_wconf 75' lang='lat' dir='ltr'><strong>affectata</strong></span> <span class='ocrx_word' id='word_1_507' title='bbox 2098 3721 2231 3761; x_wconf 89' lang='lat' dir='ltr'><strong>ora-</strong></span> 
     </span>
    </p>
   </div>
   <div class='ocr_carea' id='block_1_71' title="bbox 584 3794 2232 3866">
    <p class='ocr_par' dir='ltr' id='par_1_71' title="bbox 584 3794 2232 3866">
     <span class='ocr_line' id='line_1_71' title="bbox 584 3794 2232 3866; baseline 0.001 -16"><span class='ocrx_word' id='word_1_508' title='bbox 584 3794 765 3860; x_wconf 88' lang='lat' dir='ltr'><strong>tione,</strong></span> <span class='ocrx_word' id='word_1_509' title='bbox 794 3794 873 3850; x_wconf 89' lang='lat' dir='ltr'><strong>ita</strong></span> <span class='ocrx_word' id='word_1_510' title='bbox 928 3794 1104 3849; x_wconf 90' lang='lat' dir='ltr'><strong>utitur</strong></span> <span class='ocrx_word' id='word_1_511' title='bbox 1145 3798 1415 3858; x_wconf 89' lang='lat' dir='ltr'><strong>venuste,</strong></span> <span class='ocrx_word' id='word_1_512' title='bbox 1462 3798 1660 3849; x_wconf 90' lang='lat' dir='ltr'><strong>utnec</strong></span> <span class='ocrx_word' id='word_1_513' title='bbox 1707 3794 1767 3849; x_wconf 88' lang='lat' dir='ltr'><strong>in</strong></span> <span class='ocrx_word' id='word_1_514' title='bbox 1798 3795 2232 3866; x_wconf 89' lang='lat' dir='ltr'><strong>compositione</strong></span> 
     </span>
    </p>
   </div>
   <div class='ocr_carea' id='block_1_72' title="bbox 586 3882 2232 3957">
    <p class='ocr_par' dir='ltr' id='par_1_72' title="bbox 586 3882 2232 3957">
     <span class='ocr_line' id='line_1_72' title="bbox 586 3882 2232 3957; baseline 0.001 -17"><span class='ocrx_word' id='word_1_515' title='bbox 586 3883 832 3957; x_wconf 89' lang='lat' dir='ltr'><strong>quidem</strong></span> <span class='ocrx_word' id='word_1_516' title='bbox 863 3899 899 3939; x_wconf 92' lang='lat' dir='ltr'><strong>a</strong></span> <span class='ocrx_word' id='word_1_517' title='bbox 938 3887 1224 3940; x_wconf 87' lang='lat' dir='ltr'><strong>consueto</strong></span> <span class='ocrx_word' id='word_1_518' title='bbox 1254 3882 1537 3955; x_wconf 89' lang='lat' dir='ltr'><strong>loquendi</strong></span> <span class='ocrx_word' id='word_1_519' title='bbox 1571 3882 1754 3939; x_wconf 90' lang='lat' dir='ltr'><strong>modo</strong></span> <span class='ocrx_word' id='word_1_520' title='bbox 1803 3883 2041 3939; x_wconf 87' lang='lat' dir='ltr'><strong>recedat</strong></span> <span class='ocrx_word' id='word_1_521' title='bbox 2072 3900 2083 3939; x_wconf 93' lang='lat'>:</span> <span class='ocrx_word' id='word_1_522' title='bbox 2118 3885 2232 3941; x_wconf 92' lang='lat' dir='ltr'><strong>imo</strong></span> 
     </span>
    </p>
   </div>
   <div class='ocr_carea' id='block_1_73' title="bbox 583 3971 2233 4045">
    <p class='ocr_par' dir='ltr' id='par_1_73' title="bbox 583 3971 2233 4045">
     <span class='ocr_line' id='line_1_73' title="bbox 583 3971 2233 4045; baseline -0.001 -16"><span class='ocrx_word' id='word_1_523' title='bbox 583 3987 692 4029; x_wconf 88' lang='lat' dir='ltr'><strong>nec</strong></span> <span class='ocrx_word' id='word_1_524' title='bbox 719 3972 1174 4045; x_wconf 89' lang='lat' dir='ltr'><strong>perspicuitatis,</strong></span> <span class='ocrx_word' id='word_1_525' title='bbox 1216 3971 1689 4029; x_wconf 87' lang='lat' dir='ltr'><strong>etaccurationis</strong></span> <span class='ocrx_word' id='word_1_526' title='bbox 1713 3988 1912 4030; x_wconf 89' lang='lat' dir='ltr'><strong>cauaa</strong></span> <span class='ocrx_word' id='word_1_527' title='bbox 1938 3974 2233 4044; x_wconf 89' lang='lat' dir='ltr'><strong>magnitu-</strong></span> 
     </span>
    </p>
   </div>
   <div class='ocr_carea' id='block_1_74' title="bbox 583 4061 1547 4121">
    <p class='ocr_par' dir='ltr' id='par_1_74' title="bbox 583 4061 1547 4121">
     <span class='ocr_line' id='line_1_74' title="bbox 583 4061 1547 4121; baseline -0.001 -2"><span class='ocrx_word' id='word_1_528' title='bbox 583 4061 723 4119; x_wconf 88' lang='lat' dir='ltr'><strong>dine</strong></span> <span class='ocrx_word' id='word_1_529' title='bbox 760 4061 1055 4121; x_wconf 87' lang='lat' dir='ltr'><strong>deﬂectat.</strong></span> <span class='ocrx_word' id='word_1_530' title='bbox 1089 4061 1307 4119; x_wconf 88' lang='lat' dir='ltr'><strong>Floruit</strong></span> <span class='ocrx_word' id='word_1_531' title='bbox 1338 4063 1547 4118; x_wconf 74' lang='lat' dir='ltr'><strong>vero‘&quot;</strong></span> 
     </span>
    </p>
   </div>
   <div class='ocr_carea' id='block_1_75' title="bbox 1330 4149 1494 4206">
    <p class='ocr_par' dir='ltr' id='par_1_75' title="bbox 1330 4149 1494 4206">
     <span class='ocr_line' id='line_1_75' title="bbox 1330 4149 1494 4206; baseline -0.012 -1"><span class='ocrx_word' id='word_1_532' title='bbox 1330 4149 1494 4206; x_wconf 85' lang='lat' dir='ltr'><strong>CVII.</strong></span> 
     </span>
    </p>
   </div>
   <div class='ocr_carea' id='block_1_76' title="bbox 581 4238 2230 4321">
    <p class='ocr_par' dir='ltr' id='par_1_76' title="bbox 581 4238 2230 4321">
     <span class='ocr_line' id='line_1_76' title="bbox 581 4238 2230 4321; baseline 0 -24"><span class='ocrx_word' id='word_1_533' title='bbox 581 4239 798 4298; x_wconf 76' lang='lat' dir='ltr'><strong>Basilii</strong></span> <span class='ocrx_word' id='word_1_534' title='bbox 836 4239 1039 4296; x_wconf 79' lang='lat' dir='ltr'><strong>Cilicis</strong></span> <span class='ocrx_word' id='word_1_535' title='bbox 1076 4244 1292 4321; x_wconf 44' lang='lat' dir='ltr'><strong>contra.</strong></span> <span class='ocrx_word' id='word_1_536' title='bbox 1312 4240 1606 4321; x_wconf 44' lang='lat' dir='ltr'><strong>Joannem</strong></span> <span class='ocrx_word' id='word_1_537' title='bbox 1638 4238 2230 4312; x_wconf 81' lang='lat' dir='ltr'><strong>Scythopolitam(53)</strong></span> 
     </span>
    </p>
   </div>
   <div class='ocr_carea' id='block_1_77' title="bbox 658 4309 2232 4452">
    <p class='ocr_par' dir='ltr' id='par_1_77' title="bbox 658 4309 2232 4452">
     <span class='ocr_line' id='line_1_77' title="bbox 658 4309 2232 4452; baseline 0.001 -15"><span class='ocrx_word' id='word_1_538' title='bbox 658 4383 864 4437; x_wconf 88' lang='lat' dir='ltr'><strong>Lectus</strong></span> <span class='ocrx_word' id='word_1_539' title='bbox 896 4380 1157 4437; x_wconf 88' lang='lat' dir='ltr'><strong>estliber</strong></span> <span class='ocrx_word' id='word_1_540' title='bbox 1177 4309 1726 4452; x_wconf 50' lang='grc' dir='ltr'><strong>Βᾶόίὲἷιριξέόίιγιθιὶ</strong></span> <span class='ocrx_word' id='word_1_541' title='bbox 1774 4380 1982 4447; x_wconf 89' lang='lat' dir='ltr'><strong>Cilicis,</strong></span> <span class='ocrx_word' id='word_1_542' title='bbox 2026 4382 2232 4439; x_wconf 89' lang='lat' dir='ltr'><strong>adver-</strong></span> 
     </span>
    </p>
   </div>
   <div class='ocr_carea' id='block_1_78' title="bbox 585 4469 2229 4542">
    <p class='ocr_par' dir='ltr' id='par_1_78' title="bbox 585 4469 2229 4542">
     <span class='ocr_line' id='line_1_78' title="bbox 585 4469 2229 4542; baseline 0.001 -15"><span class='ocrx_word' id='word_1_543' title='bbox 585 4472 987 4527; x_wconf 86' lang='lat' dir='ltr'><strong>susJoannem</strong></span> <span class='ocrx_word' id='word_1_544' title='bbox 1004 4469 1661 4542; x_wconf 81' lang='lat' dir='ltr'><strong>Scythopolitam,cuiet</strong></span> <span class='ocrx_word' id='word_1_545' title='bbox 1674 4470 1967 4527; x_wconf 89' lang='lat' dir='ltr'><strong>Causidici</strong></span> <span class='ocrx_word' id='word_1_546' title='bbox 1988 4486 2229 4540; x_wconf 89' lang='lat' dir='ltr'><strong>nomen,</strong></span> 
     </span>
    </p>
   </div>
   <div class='ocr_carea' id='block_1_79' title="bbox 2342 3092 3910 3166">
    <p class='ocr_par' dir='ltr' id='par_1_79' title="bbox 2342 3092 3910 3166">
     <span class='ocr_line' id='line_1_79' title="bbox 2342 3092 3910 3166; baseline -0.004 -19"><span class='ocrx_word' id='word_1_547' title='bbox 2342 3096 2459 3147; x_wconf 84' lang='grc' dir='ltr'>Υἱόν</span> <span class='ocrx_word' id='word_1_548' title='bbox 2510 3093 2873 3166; x_wconf 74' lang='grc' dir='ltr'>φανταζόμεθα</span> <span class='ocrx_word' id='word_1_549' title='bbox 2923 3093 3101 3146; x_wconf 81' lang='grc' dir='ltr'>ἄλλοτε</span> <span class='ocrx_word' id='word_1_550' title='bbox 3156 3092 3203 3145; x_wconf 73' lang='grc' dir='ltr'>ἐν</span> <span class='ocrx_word' id='word_1_551' title='bbox 3254 3094 3433 3156; x_wconf 76' lang='grc' dir='ltr'>ἄλλοις</span> <span class='ocrx_word' id='word_1_552' title='bbox 3483 3099 3659 3153; x_wconf 87' lang='grc' dir='ltr'>τόποις</span> <span class='ocrx_word' id='word_1_553' title='bbox 3700 3104 3910 3162; x_wconf 72' lang='grc' dir='ltr'>περιγραο</span> 
     </span>
    </p>
   </div>
   <div class='ocr_carea' id='block_1_80' title="bbox 2343 3180 3903 3256">
    <p class='ocr_par' dir='ltr' id='par_1_80' title="bbox 2343 3180 3903 3256">
     <span class='ocr_line' id='line_1_80' title="bbox 2343 3180 3903 3256; baseline -0.003 -21"><span class='ocrx_word' id='word_1_554' title='bbox 2343 3188 2575 3255; x_wconf 74' lang='grc' dir='ltr'>φόμενον,</span> <span class='ocrx_word' id='word_1_555' title='bbox 2636 3188 2763 3255; x_wconf 72' lang='grc' dir='ltr'>μόνη</span> <span class='ocrx_word' id='word_1_556' title='bbox 2844 3180 2904 3235; x_wconf 69' lang='grc' dir='ltr'><strong>δε</strong></span> <span class='ocrx_word' id='word_1_557' title='bbox 2951 3191 3011 3255; x_wconf 76' lang='grc' dir='ltr'>τῇ</span> <span class='ocrx_word' id='word_1_558' title='bbox 3065 3181 3291 3256; x_wconf 76' lang='grc' dir='ltr'>ἕνεργείᾳ</span> <span class='ocrx_word' id='word_1_559' title='bbox 3337 3189 3418 3255; x_wconf 78' lang='grc' dir='ltr'>μὴ</span> <span class='ocrx_word' id='word_1_560' title='bbox 3478 3185 3903 3256; x_wconf 70' lang='grc' dir='ltr'>περιγραφόμενον.</span> 
     </span>
    </p>
   </div>
   <div class='ocr_carea' id='block_1_81' title="bbox 2344 3264 3911 3345">
    <p class='ocr_par' dir='ltr' id='par_1_81' title="bbox 2344 3264 3911 3345">
     <span class='ocr_line' id='line_1_81' title="bbox 2344 3264 3911 3345; baseline -0.004 -21"><span class='ocrx_word' id='word_1_561' title='bbox 2344 3272 2426 3324; x_wconf 83' lang='grc' dir='ltr'>Ἐν</span> <span class='ocrx_word' id='word_1_562' title='bbox 2454 3269 2512 3325; x_wconf 75' lang='grc' dir='ltr'>δὲ</span> <span class='ocrx_word' id='word_1_563' title='bbox 2542 3280 2613 3343; x_wconf 82' lang='grc' dir='ltr'>τῷ</span> <span class='ocrx_word' id='word_1_564' title='bbox 2636 3269 2860 3344; x_wconf 68' lang='grc' dir='ltr'>ἑϐδόμῳ,</span> <span class='ocrx_word' id='word_1_565' title='bbox 2897 3273 2921 3323; x_wconf 89' lang='grc' dir='ltr'><strong>ὃ</strong></span> <span class='ocrx_word' id='word_1_566' title='bbox 2948 3277 3037 3324; x_wconf 81' lang='grc' dir='ltr'>καὶ</span> <span class='ocrx_word' id='word_1_567' title='bbox 3095 3276 3212 3345; x_wconf 82' lang='grc' dir='ltr'>περὶ</span> <span class='ocrx_word' id='word_1_568' title='bbox 3262 3280 3406 3325; x_wconf 83' lang='grc' dir='ltr'>Θεοῦ</span> <span class='ocrx_word' id='word_1_569' title='bbox 3459 3268 3791 3345; x_wconf 70' lang='grc' dir='ltr'>δημιουργίας</span> <span class='ocrx_word' id='word_1_570' title='bbox 3823 3264 3911 3317; x_wconf 72' lang='grc' dir='ltr'>ἐπι-</span> 
     </span>
    </p>
   </div>
   <div class='ocr_carea' id='block_1_82' title="bbox 2340 3350 3911 3435">
    <p class='ocr_par' dir='ltr' id='par_1_82' title="bbox 2340 3350 3911 3435">
     <span class='ocr_line' id='line_1_82' title="bbox 2340 3350 3911 3435; baseline -0.006 -21"><span class='ocrx_word' id='word_1_571' title='bbox 2340 3364 2544 3435; x_wconf 65' lang='grc' dir='ltr'>γράφει,</span> <span class='ocrx_word' id='word_1_572' title='bbox 2604 3360 2960 3433; x_wconf 74' lang='grc' dir='ltr'>εὐσεϐέστερον</span> <span class='ocrx_word' id='word_1_573' title='bbox 3014 3381 3123 3423; x_wconf 90' lang='grc' dir='ltr'><strong>πως</strong></span> <span class='ocrx_word' id='word_1_574' title='bbox 3203 3366 3318 3433; x_wconf 89' lang='grc' dir='ltr'>περί</span> <span class='ocrx_word' id='word_1_575' title='bbox 3366 3381 3423 3415; x_wconf 85' lang='grc' dir='ltr'><strong>τε</strong></span> <span class='ocrx_word' id='word_1_576' title='bbox 3472 3370 3567 3414; x_wconf 84' lang='grc' dir='ltr'>τῶν</span> <span class='ocrx_word' id='word_1_577' title='bbox 3618 3359 3769 3411; x_wconf 79' lang='grc' dir='ltr'>ἄλλων</span> <span class='ocrx_word' id='word_1_578' title='bbox 3818 3350 3911 3407; x_wconf 82' lang='grc' dir='ltr'>δια-</span> 
     </span>
    </p>
   </div>
   <div class='ocr_carea' id='block_1_83' title="bbox 2340 3448 3911 3525">
    <p class='ocr_par' dir='ltr' id='par_1_83' title="bbox 2340 3448 3911 3525">
     <span class='ocr_line' id='line_1_83' title="bbox 2340 3448 3911 3525; baseline -0.006 -22"><span class='ocrx_word' id='word_1_579' title='bbox 2340 3450 2603 3523; x_wconf 80' lang='grc' dir='ltr'>λαμϐάνει,</span> <span class='ocrx_word' id='word_1_580' title='bbox 2650 3456 2735 3503; x_wconf 77' lang='grc' dir='ltr'>καὶ</span> <span class='ocrx_word' id='word_1_581' title='bbox 2771 3450 3002 3520; x_wconf 84' lang='grc' dir='ltr'>μάλιστα</span> <span class='ocrx_word' id='word_1_582' title='bbox 3030 3452 3160 3525; x_wconf 88' lang='grc' dir='ltr'>πρὸς</span> <span class='ocrx_word' id='word_1_583' title='bbox 3198 3457 3269 3520; x_wconf 84' lang='grc' dir='ltr'>τῷ</span> <span class='ocrx_word' id='word_1_584' title='bbox 3323 3450 3460 3503; x_wconf 82' lang='grc' dir='ltr'>τέλει</span> <span class='ocrx_word' id='word_1_585' title='bbox 3503 3458 3593 3503; x_wconf 90' lang='grc' dir='ltr'><strong>τοῦ</strong></span> <span class='ocrx_word' id='word_1_586' title='bbox 3629 3449 3772 3519; x_wconf 78' lang='grc' dir='ltr'>λόγου</span> <span class='ocrx_word' id='word_1_587' title='bbox 3814 3448 3911 3517; x_wconf 86' lang='grc' dir='ltr'>περὶ</span> 
     </span>
    </p>
   </div>
   <div class='ocr_carea' id='block_1_84' title="bbox 2340 3542 2605 3593">
    <p class='ocr_par' dir='ltr' id='par_1_84' title="bbox 2340 3542 2605 3593">
     <span class='ocr_line' id='line_1_84' title="bbox 2340 3542 2605 3593; baseline -0.004 -1"><span class='ocrx_word' id='word_1_588' title='bbox 2340 3548 2432 3593; x_wconf 87' lang='grc' dir='ltr'><strong>τοῦ</strong></span> <span class='ocrx_word' id='word_1_589' title='bbox 2466 3542 2605 3593; x_wconf 81' lang='grc' dir='ltr'>Υἱοῦ.</span> 
     </span>
    </p>
   </div>
   <div class='ocr_carea' id='block_1_85' title="bbox 2412 3621 3912 3703">
    <p class='ocr_par' dir='ltr' id='par_1_85' title="bbox 2412 3621 3912 3703">
     <span class='ocr_line' id='line_1_85' title="bbox 2412 3621 3912 3703; baseline -0.005 -22"><span class='ocrx_word' id='word_1_590' title='bbox 2412 3628 2564 3681; x_wconf 77' lang='grc' dir='ltr'>Ἐστι</span> <span class='ocrx_word' id='word_1_591' title='bbox 2604 3626 2662 3682; x_wconf 73' lang='grc' dir='ltr'><strong>δε</strong></span> <span class='ocrx_word' id='word_1_592' title='bbox 2692 3633 2784 3687; x_wconf 81' lang='grc' dir='ltr'>τὴν</span> <span class='ocrx_word' id='word_1_593' title='bbox 2839 3630 3029 3703; x_wconf 79' lang='grc' dir='ltr'>φράσιν</span> <span class='ocrx_word' id='word_1_594' title='bbox 3083 3626 3355 3703; x_wconf 76' lang='grc' dir='ltr'>ἆπίριττος</span> <span class='ocrx_word' id='word_1_595' title='bbox 3410 3633 3501 3682; x_wconf 81' lang='grc' dir='ltr'>καὶ</span> <span class='ocrx_word' id='word_1_596' title='bbox 3541 3627 3722 3701; x_wconf 82' lang='grc' dir='ltr'>βαθὺς,</span> <span class='ocrx_word' id='word_1_597' title='bbox 3767 3621 3912 3675; x_wconf 79' lang='grc' dir='ltr'>καλλι·</span> 
     </span>
    </p>
   </div>
   <div class='ocr_carea' id='block_1_86' title="bbox 2340 3712 3910 3791">
    <p class='ocr_par' dir='ltr' id='par_1_86' title="bbox 2340 3712 3910 3791">
     <span class='ocr_line' id='line_1_86' title="bbox 2340 3712 3910 3791; baseline -0.004 -21"><span class='ocrx_word' id='word_1_598' title='bbox 2340 3717 2481 3791; x_wconf 78' lang='grc' dir='ltr'>λεξίᾳ</span> <span class='ocrx_word' id='word_1_599' title='bbox 2499 3738 2550 3770; x_wconf 82' lang='grc' dir='ltr'><strong>τε</strong></span> <span class='ocrx_word' id='word_1_600' title='bbox 2581 3722 2645 3779; x_wconf 84' lang='grc' dir='ltr'>ὡς</span> <span class='ocrx_word' id='word_1_601' title='bbox 2699 3716 2748 3770; x_wconf 74' lang='grc' dir='ltr'>ἄν</span> <span class='ocrx_word' id='word_1_602' title='bbox 2798 3717 3023 3787; x_wconf 82' lang='grc' dir='ltr'>Ἀττικῷ</span> <span class='ocrx_word' id='word_1_603' title='bbox 3077 3722 3167 3770; x_wconf 79' lang='grc' dir='ltr'>καὶ</span> <span class='ocrx_word' id='word_1_604' title='bbox 3230 3719 3449 3775; x_wconf 81' lang='grc' dir='ltr'>συνήθει</span> <span class='ocrx_word' id='word_1_605' title='bbox 3495 3724 3750 3790; x_wconf 77' lang='grc' dir='ltr'>χρώμενος</span> <span class='ocrx_word' id='word_1_606' title='bbox 3798 3712 3910 3781; x_wconf 70' lang='grc' dir='ltr'>λόγῳ</span> 
     </span>
    </p>
   </div>
   <div class='ocr_carea' id='block_1_87' title="bbox 2340 3804 3911 3875">
    <p class='ocr_par' dir='ltr' id='par_1_87' title="bbox 2340 3804 3911 3875">
     <span class='ocr_line' id='line_1_87' title="bbox 2340 3804 3911 3875; baseline -0.003 -15"><span class='ocrx_word' id='word_1_607' title='bbox 2340 3814 2430 3861; x_wconf 82' lang='grc' dir='ltr'>καὶ</span> <span class='ocrx_word' id='word_1_608' title='bbox 2459 3816 2549 3861; x_wconf 88' lang='grc' dir='ltr'><strong>τοῦ</strong></span> <span class='ocrx_word' id='word_1_609' title='bbox 2572 3810 2830 3868; x_wconf 76' lang='grc' dir='ltr'>συνήθους</span> <span class='ocrx_word' id='word_1_610' title='bbox 2860 3804 2974 3860; x_wconf 80' lang='grc' dir='ltr'>οὐδ’</span> <span class='ocrx_word' id='word_1_611' title='bbox 3030 3805 3077 3859; x_wconf 79' lang='grc' dir='ltr'>ἐν</span> <span class='ocrx_word' id='word_1_612' title='bbox 3118 3814 3228 3867; x_wconf 85' lang='grc' dir='ltr'>ταῖς</span> <span class='ocrx_word' id='word_1_613' title='bbox 3260 3807 3571 3871; x_wconf 79' lang='grc' dir='ltr'>συντάξεσιν</span> <span class='ocrx_word' id='word_1_614' title='bbox 3618 3805 3911 3875; x_wconf 73' lang='grc' dir='ltr'>ἀνακεχωρη-</span> 
     </span>
    </p>
   </div>
   <div class='ocr_carea' id='block_1_88' title="bbox 2341 3887 3909 3969">
    <p class='ocr_par' dir='ltr' id='par_1_88' title="bbox 2341 3887 3909 3969">
     <span class='ocr_line' id='line_1_88' title="bbox 2341 3887 3909 3969; baseline -0.008 -19"><span class='ocrx_word' id='word_1_615' title='bbox 2341 3904 2460 3959; x_wconf 86' lang='grc' dir='ltr'><strong>κὼς.</strong></span> <span class='ocrx_word' id='word_1_616' title='bbox 2495 3904 2597 3950; x_wconf 88' lang='grc' dir='ltr'>Τοῦ</span> <span class='ocrx_word' id='word_1_617' title='bbox 2645 3900 2819 3969; x_wconf 82' lang='grc' dir='ltr'>μέντοι</span> <span class='ocrx_word' id='word_1_618' title='bbox 2865 3898 3109 3968; x_wconf 70' lang='grc' dir='ltr'>μεγέθους</span> <span class='ocrx_word' id='word_1_619' title='bbox 3166 3892 3239 3948; x_wconf 88' lang='grc' dir='ltr'>δι’</span> <span class='ocrx_word' id='word_1_620' title='bbox 3290 3894 3561 3969; x_wconf 72' lang='grc' dir='ltr'>ἕνάργειαν</span> <span class='ocrx_word' id='word_1_621' title='bbox 3591 3899 3677 3947; x_wconf 82' lang='grc' dir='ltr'>καὶ</span> <span class='ocrx_word' id='word_1_622' title='bbox 3718 3887 3909 3963; x_wconf 75' lang='grc' dir='ltr'>ἀκρίϐει-</span> 
     </span>
    </p>
   </div>
   <div class='ocr_carea' id='block_1_89' title="bbox 2343 3978 3906 4060">
    <p class='ocr_par' dir='ltr' id='par_1_89' title="bbox 2343 3978 3906 4060">
     <span class='ocr_line' id='line_1_89' title="bbox 2343 3978 3906 4060; baseline -0.005 -21"><span class='ocrx_word' id='word_1_623' title='bbox 2343 4007 2401 4039; x_wconf 89' lang='grc' dir='ltr'><strong>αν</strong></span> <span class='ocrx_word' id='word_1_624' title='bbox 2432 3995 2530 4039; x_wconf 90' lang='grc' dir='ltr'>τῶν</span> <span class='ocrx_word' id='word_1_625' title='bbox 2558 3987 2805 4060; x_wconf 80' lang='grc' dir='ltr'>ῥημάτων</span> <span class='ocrx_word' id='word_1_626' title='bbox 2836 3984 2892 4037; x_wconf 82' lang='grc' dir='ltr'>οὐ</span> <span class='ocrx_word' id='word_1_627' title='bbox 2922 3989 3284 4058; x_wconf 71' lang='grc' dir='ltr'>καταφέρεται.</span> <span class='ocrx_word' id='word_1_628' title='bbox 3318 3984 3568 4058; x_wconf 77' lang='grc' dir='ltr'>Ἠκμασε</span> <span class='ocrx_word' id='word_1_629' title='bbox 3598 3987 3644 4021; x_wconf 72' lang='grc' dir='ltr'><strong>δ’</strong></span> <span class='ocrx_word' id='word_1_630' title='bbox 3675 3979 3730 4037; x_wconf 74' lang='grc' dir='ltr'><strong>δε</strong></span> <span class='ocrx_word' id='word_1_631' title='bbox 3751 3978 3906 4053; x_wconf 74' lang='grc'><strong>(52)...</strong></span> 
     </span>
    </p>
   </div>
   <div class='ocr_carea' id='block_1_90' title="bbox 3098 4126 3213 4185">
    <p class='ocr_par' dir='ltr' id='par_1_90' title="bbox 3098 4126 3213 4185">
     <span class='ocr_line' id='line_1_90' title="bbox 3098 4126 3213 4185; baseline 0.052 -7"><span class='ocrx_word' id='word_1_632' title='bbox 3098 4126 3213 4185; x_wconf 80' lang='lat' dir='ltr'><strong>Pz&#39;.</strong></span> 
     </span>
    </p>
   </div>
   <div class='ocr_carea' id='block_1_91' title="bbox 2344 4211 3905 4292">
    <p class='ocr_par' dir='ltr' id='par_1_91' title="bbox 2344 4211 3905 4292">
     <span class='ocr_line' id='line_1_91' title="bbox 2344 4211 3905 4292; baseline -0.006 -20"><span class='ocrx_word' id='word_1_633' title='bbox 2344 4219 2612 4273; x_wconf 87' lang='grc' dir='ltr'>Βασιλείου</span> <span class='ocrx_word' id='word_1_634' title='bbox 2688 4217 3038 4292; x_wconf 78' lang='grc' dir='ltr'>πρεσϐυτέρου</span> <span class='ocrx_word' id='word_1_635' title='bbox 3128 4216 3377 4292; x_wconf 23' lang='grc' dir='ltr'>λΚιλικίας</span> <span class='ocrx_word' id='word_1_636' title='bbox 3482 4218 3616 4269; x_wconf 80' lang='grc' dir='ltr'>κατὰ</span> <span class='ocrx_word' id='word_1_637' title='bbox 3704 4211 3905 4267; x_wconf 83' lang='grc' dir='ltr'>Ἰωάννου</span> 
     </span>
    </p>
   </div>
   <div class='ocr_carea' id='block_1_92' title="bbox 2892 4288 3395 4352">
    <p class='ocr_par' dir='ltr' id='par_1_92' title="bbox 2892 4288 3395 4352">
     <span class='ocr_line' id='line_1_92' title="bbox 2892 4288 3395 4352; baseline 0.002 -10"><span class='ocrx_word' id='word_1_638' title='bbox 2892 4288 3271 4342; x_wconf 82' lang='grc' dir='ltr'>Σκυθοπολίτου</span> <span class='ocrx_word' id='word_1_639' title='bbox 3304 4288 3395 4352; x_wconf 80' lang='grc' dir='ltr'>ις’.</span> 
     </span>
    </p>
   </div>
   <div class='ocr_carea' id='block_1_93' title="bbox 2412 4367 3910 4453">
    <p class='ocr_par' dir='ltr' id='par_1_93' title="bbox 2412 4367 3910 4453">
     <span class='ocr_line' id='line_1_93' title="bbox 2412 4367 3910 4453; baseline -0.01 -16"><span class='ocrx_word' id='word_1_640' title='bbox 2412 4381 2529 4453; x_wconf 78' lang='grc'><strong>[281</strong></span> <span class='ocrx_word' id='word_1_641' title='bbox 2575 4383 2660 4446; x_wconf 81' lang='lat' dir='ltr'><strong>R.,</strong></span> <span class='ocrx_word' id='word_1_642' title='bbox 2700 4383 2795 4435; x_wconf 82' lang='grc'><strong>152</strong></span> <span class='ocrx_word' id='word_1_643' title='bbox 2855 4378 2944 4449; x_wconf 82' lang='lat' dir='ltr'><strong>H.]</strong></span> <span class='ocrx_word' id='word_1_644' title='bbox 2994 4378 3314 4449; x_wconf 74' lang='grc' dir='ltr'>Ἀνεσγνώσθη</span> <span class='ocrx_word' id='word_1_645' title='bbox 3376 4376 3677 4440; x_wconf 88' lang='grc' dir='ltr'>Βασιλείου,</span> <span class='ocrx_word' id='word_1_646' title='bbox 3721 4367 3910 4446; x_wconf 62' lang='grc' dir='ltr'>πρεσϐψ</span> 
     </span>
    </p>
   </div>
   <div class='ocr_carea' id='block_1_94' title="bbox 2341 4455 3908 4545">
    <p class='ocr_par' dir='ltr' id='par_1_94' title="bbox 2341 4455 3908 4545">
     <span class='ocr_line' id='line_1_94' title="bbox 2341 4455 3908 4545; baseline -0.011 -21"><span class='ocrx_word' id='word_1_647' title='bbox 2341 4476 2487 4545; x_wconf 79' lang='grc' dir='ltr'>τέρου</span> <span class='ocrx_word' id='word_1_648' title='bbox 2542 4469 2749 4530; x_wconf 79' lang='grc' dir='ltr'>Κίλικος</span> <span class='ocrx_word' id='word_1_649' title='bbox 2829 4469 2962 4520; x_wconf 79' lang='grc' dir='ltr'>κατὰ</span> <span class='ocrx_word' id='word_1_650' title='bbox 3012 4467 3249 4521; x_wconf 82' lang='grc' dir='ltr'>Ἰωάννου</span> <span class='ocrx_word' id='word_1_651' title='bbox 3289 4474 3381 4519; x_wconf 89' lang='grc' dir='ltr'><strong>τοῦ</strong></span> <span class='ocrx_word' id='word_1_652' title='bbox 3440 4463 3824 4524; x_wconf 84' lang='grc' dir='ltr'>Σκυθοπολίτου,</span> <span class='ocrx_word' id='word_1_653' title='bbox 3866 4455 3908 4507; x_wconf 85' lang='grc' dir='ltr'>ὃν</span> 
     </span>
    </p>
   </div>
   <div class='ocr_carea' id='block_1_95' title="bbox 1968 4606 2638 4665">
    <p class='ocr_par' dir='ltr' id='par_1_95' title="bbox 1968 4606 2638 4665">
     <span class='ocr_line' id='line_1_95' title="bbox 1968 4606 2638 4665; baseline -0.001 -6"><span class='ocrx_word' id='word_1_654' title='bbox 1968 4606 2198 4662; x_wconf 71' lang='lat' dir='ltr'><strong>VARl/E</strong></span> <span class='ocrx_word' id='word_1_655' title='bbox 2239 4608 2529 4665; x_wconf 83' lang='lat' dir='ltr'><strong>LECTION</strong></span> <span class='ocrx_word' id='word_1_656' title='bbox 2540 4606 2638 4662; x_wconf 86' lang='lat' dir='ltr'><strong>ES.</strong></span> 
     </span>
    </p>
   </div>
   <div class='ocr_carea' id='block_1_96' title="bbox 654 4722 3659 4817">
    <p class='ocr_par' dir='ltr' id='par_1_96' title="bbox 654 4722 3659 4817">
     <span class='ocr_line' id='line_1_96' title="bbox 654 4722 3659 4817; baseline -0.002 -33"><span class='ocrx_word' id='word_1_657' title='bbox 654 4732 701 4765; x_wconf 71' lang='lat'><strong>‘9</strong></span> <span class='ocrx_word' id='word_1_658' title='bbox 733 4729 962 4817; x_wconf 56' lang='grc' dir='ltr'>ἒπιῗρρεξ</span> <span class='ocrx_word' id='word_1_659' title='bbox 983 4733 1048 4785; x_wconf 86' lang='grc' dir='ltr'><strong>Α.</strong></span> <span class='ocrx_word' id='word_1_660' title='bbox 1128 4730 1267 4815; x_wconf 29' lang='grc' dir='ltr'><strong>⁶⁰νοῖν</strong></span> <span class='ocrx_word' id='word_1_661' title='bbox 1308 4745 1432 4785; x_wconf 93' lang='lat' dir='ltr'><strong>om.</strong></span> <span class='ocrx_word' id='word_1_662' title='bbox 1458 4730 1523 4784; x_wconf 86' lang='lat' dir='ltr'><strong>A.</strong></span> <span class='ocrx_word' id='word_1_663' title='bbox 1583 4730 1646 4812; x_wconf 57' lang='lat'><strong>&quot;’</strong></span> <span class='ocrx_word' id='word_1_664' title='bbox 1687 4725 1815 4782; x_wconf 84' lang='grc' dir='ltr'>εἶναι</span> <span class='ocrx_word' id='word_1_665' title='bbox 1845 4729 2069 4801; x_wconf 80' lang='grc' dir='ltr'>νομίζων</span> <span class='ocrx_word' id='word_1_666' title='bbox 2126 4730 2549 4817; x_wconf 63' lang='grc' dir='ltr'>λυσιτελεστέραν</span> <span class='ocrx_word' id='word_1_667' title='bbox 2581 4751 2634 4794; x_wconf 82' lang='grc' dir='ltr'>ς.</span> <span class='ocrx_word' id='word_1_668' title='bbox 2660 4800 2678 4815; x_wconf 44' lang='grc' dir='ltr'><em>η</em></span> <span class='ocrx_word' id='word_1_669' title='bbox 2714 4729 2761 4765; x_wconf 79' lang='grc'>⁸⁸</span> <span class='ocrx_word' id='word_1_670' title='bbox 2904 4726 3042 4783; x_wconf 84' lang='lat' dir='ltr'><strong>add.</strong></span> <span class='ocrx_word' id='word_1_671' title='bbox 3066 4728 3166 4817; x_wconf 55' lang='lat' dir='ltr'><strong>HA.</strong></span> <span class='ocrx_word' id='word_1_672' title='bbox 3246 4722 3476 4817; x_wconf 42' lang='lat' dir='ltr'><strong>“\d‘éEn</strong></span> <span class='ocrx_word' id='word_1_673' title='bbox 3538 4722 3659 4817; x_wconf 52' lang='grc' dir='ltr'>οὐδὲ</span> 
     </span>
    </p>
   </div>
   <div class='ocr_carea' id='block_1_97' title="bbox 581 4801 1480 4926">
    <p class='ocr_par' dir='ltr' id='par_1_97' title="bbox 581 4801 1480 4926">
     <span class='ocr_line' id='line_1_97' title="bbox 581 4801 1480 4926; baseline 0.003 -73"><span class='ocrx_word' id='word_1_674' title='bbox 581 4801 753 4926; x_wconf 53' lang='grc' dir='ltr'>ὲόγου</span> <span class='ocrx_word' id='word_1_675' title='bbox 828 4801 1092 4855; x_wconf 72' lang='grc' dir='ltr'>⁶⁴’άπασι</span> <span class='ocrx_word' id='word_1_676' title='bbox 1147 4805 1305 4873; x_wconf 89' lang='grc' dir='ltr'>νόμου</span> <span class='ocrx_word' id='word_1_677' title='bbox 1352 4808 1411 4855; x_wconf 81' lang='grc' dir='ltr'><strong>Δ.</strong></span> <span class='ocrx_word' id='word_1_678' title='bbox 1468 4818 1480 4856; x_wconf 83' lang='lat'><strong>:</strong></span> 
     </span>
     <span class='ocr_line' id='line_1_98' title="bbox 618 4869 1480 4926; baseline 0 -1"><span class='ocrx_word' id='word_1_679' title='bbox 618 4874 751 4926; x_wconf 88' lang='grc' dir='ltr'>άνειν</span> <span class='ocrx_word' id='word_1_680' title='bbox 778 4878 839 4925; x_wconf 88' lang='grc' dir='ltr'><strong>Α.</strong></span> <span class='ocrx_word' id='word_1_681' title='bbox 917 4874 964 4908; x_wconf 73' lang='grc'><strong>⁸⁸</strong></span> <span class='ocrx_word' id='word_1_682' title='bbox 997 4872 1222 4926; x_wconf 78' lang='grc' dir='ltr'>δυνατήν</span> <span class='ocrx_word' id='word_1_683' title='bbox 1253 4870 1380 4926; x_wconf 80' lang='grc' dir='ltr'>εἶναι</span> <span class='ocrx_word' id='word_1_684' title='bbox 1404 4869 1480 4925; x_wconf 91' lang='grc' dir='ltr'><strong>δει</strong></span> 
     </span>
    </p>
   </div>
   <div class='ocr_carea' id='block_1_98' title="bbox 3715 4722 3907 4775">
    <p class='ocr_par' dir='ltr' id='par_1_98' title="bbox 3715 4722 3907 4775">
     <span class='ocr_line' id='line_1_99' title="bbox 3715 4722 3907 4775; baseline 0 -5"><span class='ocrx_word' id='word_1_685' title='bbox 3715 4722 3907 4775; x_wconf 77' lang='grc' dir='ltr'>ἐγομένη</span> 
     </span>
    </p>
   </div>
   <div class='ocr_carea' id='block_1_99' title="bbox 1542 4738 3912 4873">
    <p class='ocr_par' dir='ltr' id='par_1_99' title="bbox 1542 4738 3912 4873">
     <span class='ocr_line' id='line_1_100' title="bbox 1604 4738 3907 4847; baseline -0.007 -64"><span class='ocrx_word' id='word_1_686' title='bbox 1604 4738 1646 4764; x_wconf 80' lang='grc'><strong>⁶¹</strong></span> <span class='ocrx_word' id='word_1_687' title='bbox 1687 4738 1815 4782; x_wconf 81' lang='grc' dir='ltr'>εἰναι</span> <span class='ocrx_word' id='word_1_688' title='bbox 1845 4738 2069 4801; x_wconf 77' lang='grc' dir='ltr'>νομίζων</span> <span class='ocrx_word' id='word_1_689' title='bbox 2127 4738 2549 4803; x_wconf 79' lang='grc' dir='ltr'>λυσιτελεστέραν</span> <span class='ocrx_word' id='word_1_690' title='bbox 2581 4751 2634 4794; x_wconf 82' lang='grc' dir='ltr'>ς.</span> <span class='ocrx_word' id='word_1_691' title='bbox 2714 4738 2761 4765; x_wconf 70' lang='grc'><strong>⁸⁵</strong></span> <span class='ocrx_word' id='word_1_692' title='bbox 2790 4738 2860 4799; x_wconf 85' lang='grc' dir='ltr'>τῷ</span> <span class='ocrx_word' id='word_1_693' title='bbox 2904 4738 3042 4783; x_wconf 86' lang='lat' dir='ltr'><strong>add.</strong></span> <span class='ocrx_word' id='word_1_694' title='bbox 3102 4738 3166 4780; x_wconf 82' lang='lat' dir='ltr'><strong>A.</strong></span> <span class='ocrx_word' id='word_1_695' title='bbox 3246 4738 3292 4761; x_wconf 78' lang='lat'><strong>&quot;</strong></span> <span class='ocrx_word' id='word_1_696' title='bbox 3348 4738 3476 4799; x_wconf 69' lang='grc' dir='ltr'>σὀξη</span> <span class='ocrx_word' id='word_1_697' title='bbox 3538 4738 3659 4779; x_wconf 63' lang='grc' dir='ltr'>θῦσε</span> <span class='ocrx_word' id='word_1_698' title='bbox 3715 4738 3907 4847; x_wconf 44' lang='grc' dir='ltr'>ἵσςενη</span> 
     </span>
     <span class='ocr_line' id='line_1_101' title="bbox 1542 4797 3912 4873; baseline -0.008 -11"><span class='ocrx_word' id='word_1_699' title='bbox 1542 4805 1699 4873; x_wconf 76' lang='grc' dir='ltr'>νόμον</span> <span class='ocrx_word' id='word_1_700' title='bbox 1744 4809 1848 4859; x_wconf 82' lang='grc' dir='ltr'>τοῖς</span> <span class='ocrx_word' id='word_1_701' title='bbox 1906 4807 2065 4854; x_wconf 86' lang='grc' dir='ltr'>πᾶσιν</span> <span class='ocrx_word' id='word_1_702' title='bbox 2126 4825 2181 4869; x_wconf 78' lang='grc' dir='ltr'><strong>ς’.</strong></span> <span class='ocrx_word' id='word_1_703' title='bbox 2258 4806 2305 4840; x_wconf 71' lang='grc'><strong>⁵⁵</strong></span> <span class='ocrx_word' id='word_1_704' title='bbox 2360 4801 2609 4857; x_wconf 77' lang='grc' dir='ltr'>δεικνύειν</span> <span class='ocrx_word' id='word_1_705' title='bbox 2653 4799 2873 4873; x_wconf 67' lang='grc' dir='ltr'>ύπαρξιν</span> <span class='ocrx_word' id='word_1_706' title='bbox 2932 4821 3014 4873; x_wconf 37' lang='grc' dir='ltr'><strong>ς.-</strong></span> <span class='ocrx_word' id='word_1_707' title='bbox 3066 4799 3113 4873; x_wconf 29' lang='grc' dir='ltr'><strong>⁶Δ⁶</strong></span> <span class='ocrx_word' id='word_1_708' title='bbox 3165 4797 3459 4873; x_wconf 75' lang='grc' dir='ltr'>καινολογεῐ</span> <span class='ocrx_word' id='word_1_709' title='bbox 3495 4819 3549 4862; x_wconf 75' lang='grc' dir='ltr'>ς,</span> <span class='ocrx_word' id='word_1_710' title='bbox 3627 4797 3671 4831; x_wconf 74' lang='grc'><strong>⁸⁷</strong></span> <span class='ocrx_word' id='word_1_711' title='bbox 3759 4811 3804 4843; x_wconf 84' lang='grc' dir='ltr'><strong>ια</strong></span> <span class='ocrx_word' id='word_1_712' title='bbox 3833 4806 3912 4859; x_wconf 77' lang='grc' dir='ltr'>αμ-</span> 
     </span>
    </p>
   </div>
   <div class='ocr_carea' id='block_1_100' title="bbox 618 4868 3267 4948">
    <p class='ocr_par' dir='ltr' id='par_1_100' title="bbox 618 4868 3267 4948">
     <span class='ocr_line' id='line_1_102' title="bbox 618 4868 3267 4948; baseline -0.001 -23"><span class='ocrx_word' id='word_1_713' title='bbox 618 4868 751 4927; x_wconf 80' lang='grc' dir='ltr'>άνειν</span> <span class='ocrx_word' id='word_1_714' title='bbox 778 4878 839 4925; x_wconf 88' lang='grc' dir='ltr'><strong>Α.</strong></span> <span class='ocrx_word' id='word_1_715' title='bbox 917 4874 964 4908; x_wconf 73' lang='grc'><strong>⁸⁸</strong></span> <span class='ocrx_word' id='word_1_716' title='bbox 997 4868 1222 4933; x_wconf 77' lang='grc' dir='ltr'>δυνατήν</span> <span class='ocrx_word' id='word_1_717' title='bbox 1253 4870 1380 4927; x_wconf 80' lang='grc' dir='ltr'>εἶναι</span> <span class='ocrx_word' id='word_1_718' title='bbox 1404 4868 1662 4925; x_wconf 77' lang='grc' dir='ltr'>δεικνύναι</span> <span class='ocrx_word' id='word_1_719' title='bbox 1710 4880 1839 4944; x_wconf 82' lang='lat' dir='ltr'><strong>post</strong></span> <span class='ocrx_word' id='word_1_720' title='bbox 1866 4875 1980 4926; x_wconf 83' lang='grc' dir='ltr'>υἱοῦ</span> <span class='ocrx_word' id='word_1_721' title='bbox 2015 4868 2183 4947; x_wconf 80' lang='lat' dir='ltr'><strong>ponit</strong></span> <span class='ocrx_word' id='word_1_722' title='bbox 2214 4896 2270 4941; x_wconf 81' lang='grc' dir='ltr'><strong>ς’.</strong></span> <span class='ocrx_word' id='word_1_723' title='bbox 2348 4878 2394 4913; x_wconf 72' lang='grc'><strong>⁸9</strong></span> <span class='ocrx_word' id='word_1_724' title='bbox 2424 4879 2631 4948; x_wconf 76' lang='grc' dir='ltr'>ἤκμασε</span> <span class='ocrx_word' id='word_1_725' title='bbox 2658 4868 2717 4925; x_wconf 80' lang='grc' dir='ltr'>δέ</span> <span class='ocrx_word' id='word_1_726' title='bbox 2747 4868 2864 4927; x_wconf 69' lang='lat' dir='ltr'><strong>dm.</strong></span> <span class='ocrx_word' id='word_1_727' title='bbox 2901 4873 2969 4940; x_wconf 84' lang='lat' dir='ltr'><strong>A,</strong></span> <span class='ocrx_word' id='word_1_728' title='bbox 3001 4869 3181 4927; x_wconf 91' lang='lat' dir='ltr'><strong>habet</strong></span> <span class='ocrx_word' id='word_1_729' title='bbox 3210 4872 3267 4925; x_wconf 93' lang='lat' dir='ltr'><strong>C.</strong></span> 
     </span>
    </p>
   </div>
   <div class='ocr_carea' id='block_1_101' title="bbox 2182 5015 2409 5074">
    <p class='ocr_par' dir='ltr' id='par_1_101' title="bbox 2182 5015 2409 5074">
     <span class='ocr_line' id='line_1_103' title="bbox 2182 5015 2409 5074; baseline 0 -3"><span class='ocrx_word' id='word_1_730' title='bbox 2182 5015 2409 5074; x_wconf 69' lang='lat' dir='ltr'><strong>NOTAE.</strong></span> 
     </span>
    </p>
   </div>
   <div class='ocr_carea' id='block_1_102' title="bbox 652 5138 1255 5214">
    <p class='ocr_par' dir='ltr' id='par_1_102' title="bbox 652 5138 1255 5214">
     <span class='ocr_line' id='line_1_104' title="bbox 652 5138 1255 5214; baseline -0.008 -16"><span class='ocrx_word' id='word_1_731' title='bbox 652 5142 767 5214; x_wconf 80' lang='lat' dir='ltr'><strong>(5t)</strong></span> <span class='ocrx_word' id='word_1_732' title='bbox 799 5138 1154 5214; x_wconf 17' lang='lat' dir='ltr'><strong>Supr.icod.</strong></span> <span class='ocrx_word' id='word_1_733' title='bbox 1201 5140 1255 5194; x_wconf 93' lang='grc'><strong>8.</strong></span> 
     </span>
    </p>
   </div>
   <div class='ocr_carea' id='block_1_103' title="bbox 650 5208 2231 5282">
    <p class='ocr_par' dir='ltr' id='par_1_103' title="bbox 650 5208 2231 5282">
     <span class='ocr_line' id='line_1_105' title="bbox 650 5208 2231 5282; baseline -0.002 -13"><span class='ocrx_word' id='word_1_734' title='bbox 650 5208 764 5282; x_wconf 75' lang='grc'>(52)</span> <span class='ocrx_word' id='word_1_735' title='bbox 799 5208 940 5271; x_wconf 76' lang='lat' dir='ltr'><strong>Post</strong></span> <span class='ocrx_word' id='word_1_736' title='bbox 970 5212 1305 5282; x_wconf 89' lang='lat' dir='ltr'><strong>Origenem,</strong></span> <span class='ocrx_word' id='word_1_737' title='bbox 1339 5215 1402 5267; x_wconf 89' lang='lat' dir='ltr'><strong>ut</strong></span> <span class='ocrx_word' id='word_1_738' title='bbox 1431 5209 1526 5267; x_wconf 91' lang='lat' dir='ltr'><strong>hic</strong></span> <span class='ocrx_word' id='word_1_739' title='bbox 1550 5208 1770 5266; x_wconf 87' lang='lat' dir='ltr'><strong>indicat</strong></span> <span class='ocrx_word' id='word_1_740' title='bbox 1795 5209 2052 5277; x_wconf 90' lang='lat' dir='ltr'><strong>Photius,</strong></span> <span class='ocrx_word' id='word_1_741' title='bbox 2075 5213 2133 5266; x_wconf 89' lang='lat' dir='ltr'><strong>et</strong></span> <span class='ocrx_word' id='word_1_742' title='bbox 2158 5225 2231 5266; x_wconf 84' lang='lat' dir='ltr'><strong>ex</strong></span> 
     </span>
    </p>
   </div>
   <div class='ocr_carea' id='block_1_104' title="bbox 581 5282 2232 5364">
    <p class='ocr_par' dir='ltr' id='par_1_104' title="bbox 581 5282 2232 5364">
     <span class='ocr_line' id='line_1_106' title="bbox 581 5282 2232 5364; baseline -0.001 -26"><span class='ocrx_word' id='word_1_743' title='bbox 581 5282 757 5364; x_wconf 69' lang='lat' dir='ltr'><strong>beato</strong></span> <span class='ocrx_word' id='word_1_744' title='bbox 788 5284 1113 5364; x_wconf 61' lang='lat' dir='ltr'><strong>Athanasio</strong></span> <span class='ocrx_word' id='word_1_745' title='bbox 1131 5282 1511 5364; x_wconf 46' lang='lat' dir='ltr'><strong>colligaslqui</strong></span> <span class='ocrx_word' id='word_1_746' title='bbox 1531 5282 1838 5364; x_wconf 68' lang='lat' dir='ltr'><strong>utriusque</strong></span> <span class='ocrx_word' id='word_1_747' title='bbox 1854 5282 2232 5364; x_wconf 46' lang='lat' dir='ltr'><strong>adhibenstef</strong></span> 
     </span>
    </p>
   </div>
   <div class='ocr_carea' id='block_1_105' title="bbox 587 5353 2232 5426">
    <p class='ocr_par' dir='ltr' id='par_1_105' title="bbox 587 5353 2232 5426">
     <span class='ocr_line' id='line_1_107' title="bbox 587 5353 2232 5426; baseline -0.001 -17"><span class='ocrx_word' id='word_1_748' title='bbox 587 5355 1117 5426; x_wconf 83' lang='lat' dir='ltr'><strong>stimonium,liber</strong></span> <span class='ocrx_word' id='word_1_749' title='bbox 1130 5356 1185 5410; x_wconf 91' lang='lat' dir='ltr'><strong>in</strong></span> <span class='ocrx_word' id='word_1_750' title='bbox 1210 5354 1354 5409; x_wconf 90' lang='lat' dir='ltr'><strong>illud</strong></span> <span class='ocrx_word' id='word_1_751' title='bbox 1372 5356 1589 5423; x_wconf 88' lang='lat' dir='ltr'><strong>Evang.</strong></span> <span class='ocrx_word' id='word_1_752' title='bbox 1622 5371 1635 5409; x_wconf 93' lang='lat'>:</span> <span class='ocrx_word' id='word_1_753' title='bbox 1658 5353 2002 5426; x_wconf 83' lang='lat' dir='ltr'><strong>Quicumque</strong></span> <span class='ocrx_word' id='word_1_754' title='bbox 2015 5355 2232 5410; x_wconf 75' lang='lat' dir='ltr'><strong>dixerit</strong></span> 
     </span>
    </p>
   </div>
   <div class='ocr_carea' id='block_1_106' title="bbox 582 5425 2231 5497">
    <p class='ocr_par' dir='ltr' id='par_1_106' title="bbox 582 5425 2231 5497">
     <span class='ocr_line' id='line_1_108' title="bbox 582 5425 2231 5497; baseline -0.001 -17"><span class='ocrx_word' id='word_1_755' title='bbox 582 5425 818 5482; x_wconf 82' lang='lat' dir='ltr'><strong>verbum</strong></span> <span class='ocrx_word' id='word_1_756' title='bbox 849 5434 1061 5483; x_wconf 85' lang='lat' dir='ltr'><strong>contra</strong></span> <span class='ocrx_word' id='word_1_757' title='bbox 1088 5427 1313 5497; x_wconf 77' lang='lat' dir='ltr'><strong>Filium</strong></span> <span class='ocrx_word' id='word_1_758' title='bbox 1340 5426 1611 5492; x_wconf 83' lang='lat' dir='ltr'><strong>hominis,</strong></span> <span class='ocrx_word' id='word_1_759' title='bbox 1646 5432 1752 5482; x_wconf 89' lang='lat' dir='ltr'><strong>etc.</strong></span> <span class='ocrx_word' id='word_1_760' title='bbox 1798 5425 2033 5497; x_wconf 71' lang='lat' dir='ltr'><strong>Origeni</strong></span> <span class='ocrx_word' id='word_1_761' title='bbox 2071 5426 2231 5497; x_wconf 79' lang='lat' dir='ltr'><strong>hunc</strong></span> 
     </span>
    </p>
   </div>
   <div class='ocr_carea' id='block_1_107' title="bbox 583 5495 2231 5568">
    <p class='ocr_par' dir='ltr' id='par_1_107' title="bbox 583 5495 2231 5568">
     <span class='ocr_line' id='line_1_109' title="bbox 583 5495 2231 5568; baseline -0.002 -16"><span class='ocrx_word' id='word_1_762' title='bbox 583 5498 956 5553; x_wconf 88' lang='lat' dir='ltr'><strong>continenter</strong></span> <span class='ocrx_word' id='word_1_763' title='bbox 1009 5496 1337 5567; x_wconf 88' lang='lat' dir='ltr'><strong>subjungit,</strong></span> <span class='ocrx_word' id='word_1_764' title='bbox 1371 5504 1426 5553; x_wconf 88' lang='lat' dir='ltr'><strong>et</strong></span> <span class='ocrx_word' id='word_1_765' title='bbox 1461 5497 1749 5568; x_wconf 87' lang='lat' dir='ltr'><strong>priscum,</strong></span> <span class='ocrx_word' id='word_1_766' title='bbox 1782 5495 2231 5561; x_wconf 76' lang='lat' dir='ltr'><strong>admirandum,</strong></span> 
     </span>
    </p>
   </div>
   <div class='ocr_carea' id='block_1_108' title="bbox 627 5568 2232 5640">
    <p class='ocr_par' dir='ltr' id='par_1_108' title="bbox 627 5568 2232 5640">
     <span class='ocr_line' id='line_1_110' title="bbox 627 5568 2232 5640; baseline -0.001 -16"><span class='ocrx_word' id='word_1_767' title='bbox 627 5583 880 5639; x_wconf 89' lang='lat' dir='ltr'><strong>erquam</strong></span> <span class='ocrx_word' id='word_1_768' title='bbox 909 5569 1247 5640; x_wconf 83' lang='lat' dir='ltr'><strong>studiosum</strong></span> <span class='ocrx_word' id='word_1_769' title='bbox 1271 5569 1558 5640; x_wconf 86' lang='lat' dir='ltr'><strong>appellat,</strong></span> <span class='ocrx_word' id='word_1_770' title='bbox 1579 5568 1771 5623; x_wconf 86' lang='lat' dir='ltr'><strong>allatis</strong></span> <span class='ocrx_word' id='word_1_771' title='bbox 1803 5568 2042 5640; x_wconf 87' lang='lat' dir='ltr'><strong>duobus</strong></span> <span class='ocrx_word' id='word_1_772' title='bbox 2061 5582 2232 5640; x_wconf 78' lang='lat' dir='ltr'><strong>exeo</strong></span> 
     </span>
    </p>
   </div>
   <div class='ocr_carea' id='block_1_109' title="bbox 580 5583 2232 5786">
    <p class='ocr_par' dir='ltr' id='par_1_109' title="bbox 580 5583 2232 5786">
     <span class='ocr_line' id='line_1_111' title="bbox 583 5583 2232 5695; baseline -0.001 -71"><span class='ocrx_word' id='word_1_773' title='bbox 583 5583 880 5695; x_wconf 66' lang='lat' dir='ltr'><strong>perquam</strong></span> <span class='ocrx_word' id='word_1_774' title='bbox 909 5583 1247 5624; x_wconf 80' lang='lat' dir='ltr'><strong>studiosum</strong></span> <span class='ocrx_word' id='word_1_775' title='bbox 1271 5583 1558 5695; x_wconf 55' lang='lat' dir='ltr'><strong>appellat,</strong></span> <span class='ocrx_word' id='word_1_776' title='bbox 1579 5583 1771 5623; x_wconf 72' lang='lat' dir='ltr'><strong>auaris</strong></span> <span class='ocrx_word' id='word_1_777' title='bbox 1803 5583 2042 5624; x_wconf 84' lang='lat' dir='ltr'><strong>auonus</strong></span> <span class='ocrx_word' id='word_1_778' title='bbox 2061 5583 2131 5622; x_wconf 87' lang='lat' dir='ltr'><strong>ex</strong></span> <span class='ocrx_word' id='word_1_779' title='bbox 2162 5583 2232 5623; x_wconf 91' lang='lat' dir='ltr'><strong>eo</strong></span> 
     </span>
     <span class='ocr_line' id='line_1_112' title="bbox 611 5637 2232 5710; baseline -0.001 -15"><span class='ocrx_word' id='word_1_780' title='bbox 611 5638 1313 5710; x_wconf 85' lang='lat' dir='ltr'><strong>ragmentis.Alibietiam</strong></span> <span class='ocrx_word' id='word_1_781' title='bbox 1373 5640 1831 5708; x_wconf 83' lang='lat' dir='ltr'><strong>isertumvirum,</strong></span> <span class='ocrx_word' id='word_1_782' title='bbox 1884 5637 2232 5696; x_wconf 79' lang='lat' dir='ltr'><strong>uandoe&#39;us</strong></span> 
     </span>
     <span class='ocr_line' id='line_1_113' title="bbox 580 5654 2232 5786; baseline -0.001 -16"><span class='ocrx_word' id='word_1_783' title='bbox 580 5710 803 5770; x_wconf 89' lang='lat' dir='ltr'><strong>librum</strong></span> <span class='ocrx_word' id='word_1_784' title='bbox 842 5727 883 5768; x_wconf 87' lang='grc' dir='ltr'><strong>ιι</strong></span> <span class='ocrx_word' id='word_1_785' title='bbox 918 5712 1376 5786; x_wconf 84' lang='lat' dir='ltr'><strong>Hypotyposeon</strong></span> <span class='ocrx_word' id='word_1_786' title='bbox 1418 5711 1480 5766; x_wconf 88' lang='lat' dir='ltr'><strong>in</strong></span> <span class='ocrx_word' id='word_1_787' title='bbox 1524 5711 1775 5769; x_wconf 86' lang='lat' dir='ltr'><strong>Arianos</strong></span> <span class='ocrx_word' id='word_1_788' title='bbox 1804 5656 2081 5769; x_wconf 48' lang='lat' dir='ltr'><strong>advocat.</strong></span> <span class='ocrx_word' id='word_1_789' title='bbox 2125 5654 2232 5768; x_wconf 51' lang='lat' dir='ltr'><strong>{ta-</strong></span> 
     </span>
    </p>
   </div>
   <div class='ocr_carea' id='block_1_110' title="bbox 1236 5725 2233 5769">
    <p class='ocr_par' dir='ltr' id='par_1_110' title="bbox 1236 5725 2233 5769">
     <span class='ocr_line' id='line_1_114' title="bbox 1236 5725 2233 5769; baseline 0.001 -2"><span class='ocrx_word' id='word_1_790' title='bbox 1236 5726 1376 5767; x_wconf 73' lang='lat' dir='ltr'><strong>SBOD</strong></span> <span class='ocrx_word' id='word_1_791' title='bbox 1418 5725 1480 5766; x_wconf 76' lang='lat' dir='ltr'><strong>in</strong></span> <span class='ocrx_word' id='word_1_792' title='bbox 1524 5725 1775 5769; x_wconf 70' lang='grc' dir='ltr'>Λτιαῐιοε</span> <span class='ocrx_word' id='word_1_793' title='bbox 1804 5725 2081 5769; x_wconf 78' lang='lat' dir='ltr'><strong>advocat.</strong></span> <span class='ocrx_word' id='word_1_794' title='bbox 2125 5725 2233 5768; x_wconf 72' lang='grc' dir='ltr'><strong>ιῐᾶ·</strong></span> 
     </span>
    </p>
   </div>
   <div class='ocr_carea' id='block_1_111' title="bbox 2340 5123 3910 5216">
    <p class='ocr_par' dir='ltr' id='par_1_111' title="bbox 2340 5123 3910 5216">
     <span class='ocr_line' id='line_1_115' title="bbox 2340 5123 3910 5216; baseline -0.006 -21"><span class='ocrx_word' id='word_1_795' title='bbox 2340 5152 2458 5216; x_wconf 76' lang='lat' dir='ltr'><strong>que</strong></span> <span class='ocrx_word' id='word_1_796' title='bbox 2497 5153 2623 5216; x_wconf 73' lang='lat' dir='ltr'><strong>non</strong></span> <span class='ocrx_word' id='word_1_797' title='bbox 2654 5135 2930 5216; x_wconf 52' lang='lat' dir='ltr'><strong>absimjle</strong></span> <span class='ocrx_word' id='word_1_798' title='bbox 2958 5134 3280 5216; x_wconf 76' lang='lat' dir='ltr'><strong>verofuerit</strong></span> <span class='ocrx_word' id='word_1_799' title='bbox 3308 5123 3910 5216; x_wconf 56' lang='lat' dir='ltr'><strong>hisipsislibris,_qued</strong></span> 
     </span>
    </p>
   </div>
   <div class='ocr_carea' id='block_1_112' title="bbox 2342 5199 3912 5285">
    <p class='ocr_par' dir='ltr' id='par_1_112' title="bbox 2342 5199 3912 5285">
     <span class='ocr_line' id='line_1_116' title="bbox 2342 5199 3912 5285; baseline -0.008 -19"><span class='ocrx_word' id='word_1_800' title='bbox 2342 5199 2660 5285; x_wconf 76' lang='lat' dir='ltr'><strong>Clementis</strong></span> <span class='ocrx_word' id='word_1_801' title='bbox 2677 5210 2816 5265; x_wconf 89' lang='lat' dir='ltr'><strong>item</strong></span> <span class='ocrx_word' id='word_1_802' title='bbox 2835 5206 3318 5285; x_wconf 56' lang='lat' dir='ltr'><strong>Hypotqugibus</strong></span> <span class='ocrx_word' id='word_1_803' title='bbox 3337 5199 3626 5285; x_wconf 75' lang='lat' dir='ltr'><strong>accidisse</strong></span> <span class='ocrx_word' id='word_1_804' title='bbox 3642 5199 3912 5285; x_wconf 63' lang='lat' dir='ltr'><strong>auctorest</strong></span> 
     </span>
    </p>
   </div>
   <div class='ocr_carea' id='block_1_113' title="bbox 2340 5277 3913 5352">
    <p class='ocr_par' dir='ltr' id='par_1_113' title="bbox 2340 5277 3913 5352">
     <span class='ocr_line' id='line_1_117' title="bbox 2340 5277 3913 5352; baseline -0.008 -14"><span class='ocrx_word' id='word_1_805' title='bbox 2340 5282 2401 5338; x_wconf 89' lang='lat' dir='ltr'><strong>in</strong></span> <span class='ocrx_word' id='word_1_806' title='bbox 2427 5281 2696 5352; x_wconf 87' lang='lat' dir='ltr'><strong>Origenis</strong></span> <span class='ocrx_word' id='word_1_807' title='bbox 2717 5277 3005 5351; x_wconf 84' lang='lat' dir='ltr'><strong>Apologia</strong></span> <span class='ocrx_word' id='word_1_808' title='bbox 3032 5277 3331 5352; x_wconf 53' lang='lat' dir='ltr'><strong>&#39;B&#39;ufﬁnus,</strong></span> <span class='ocrx_word' id='word_1_809' title='bbox 3356 5282 3418 5352; x_wconf 78' lang='lat' dir='ltr'><strong>ut</strong></span> <span class='ocrx_word' id='word_1_810' title='bbox 3437 5277 3518 5333; x_wconf 90' lang='lat' dir='ltr'><strong>ab</strong></span> <span class='ocrx_word' id='word_1_811' title='bbox 3543 5277 3813 5352; x_wconf 68' lang='lat' dir='ltr'><strong>hiereticis</strong></span> <span class='ocrx_word' id='word_1_812' title='bbox 3840 5277 3913 5325; x_wconf 86' lang='lat' dir='ltr'><strong>in-</strong></span> 
     </span>
    </p>
   </div>
   <div class='ocr_carea' id='block_1_114' title="bbox 2342 5346 3911 5435">
    <p class='ocr_par' dir='ltr' id='par_1_114' title="bbox 2342 5346 3911 5435">
     <span class='ocr_line' id='line_1_118' title="bbox 2342 5346 3911 5435; baseline -0.005 -26"><span class='ocrx_word' id='word_1_813' title='bbox 2342 5346 2566 5435; x_wconf 70' lang='lat' dir='ltr'><strong>terpola</strong></span> <span class='ocrx_word' id='word_1_814' title='bbox 2578 5354 2616 5409; x_wconf 89' lang='lat' dir='ltr'><strong>ti</strong></span> <span class='ocrx_word' id='word_1_815' title='bbox 2624 5346 2883 5435; x_wconf 48' lang='lat' dir='ltr'><strong>ment—am</strong></span> <span class='ocrx_word' id='word_1_816' title='bbox 2887 5346 3033 5432; x_wconf 75' lang='lat' dir='ltr'><strong>inati</strong></span> <span class='ocrx_word' id='word_1_817' title='bbox 3047 5350 3070 5406; x_wconf 83' lang='lat' dir='ltr'><strong>f</strong></span> <span class='ocrx_word' id='word_1_818' title='bbox 3073 5350 3278 5435; x_wconf 46' lang='lat' dir='ltr'><strong>uerin‘t.</strong></span> <span class='ocrx_word' id='word_1_819' title='bbox 3289 5349 3433 5431; x_wconf 69' lang='lat' dir='ltr'><strong>Dplo</strong></span> <span class='ocrx_word' id='word_1_820' title='bbox 3446 5353 3604 5431; x_wconf 79' lang='lat' dir='ltr'><strong>certe</strong></span> <span class='ocrx_word' id='word_1_821' title='bbox 3617 5364 3675 5435; x_wconf 84' lang='grc' dir='ltr'><strong>ιιι</strong></span> <span class='ocrx_word' id='word_1_822' title='bbox 3680 5346 3769 5435; x_wconf 71' lang='lat' dir='ltr'><strong>alo</strong></span> <span class='ocrx_word' id='word_1_823' title='bbox 3773 5356 3911 5435; x_wconf 53' lang='lat' dir='ltr'><strong>prf-</strong></span> 
     </span>
    </p>
   </div>
   <div class='ocr_carea' id='block_1_115' title="bbox 2340 5418 3911 5492">
    <p class='ocr_par' dir='ltr' id='par_1_115' title="bbox 2340 5418 3911 5492">
     <span class='ocr_line' id='line_1_119' title="bbox 2340 5418 3911 5492; baseline -0.003 -12"><span class='ocrx_word' id='word_1_824' title='bbox 2340 5418 2576 5480; x_wconf 85' lang='lat' dir='ltr'><strong>teritam</strong></span> <span class='ocrx_word' id='word_1_825' title='bbox 2600 5426 2672 5480; x_wconf 92' lang='lat' dir='ltr'><strong>ab</strong></span> <span class='ocrx_word' id='word_1_826' title='bbox 2696 5422 2941 5479; x_wconf 89' lang='lat' dir='ltr'><strong>Eusebio</strong></span> <span class='ocrx_word' id='word_1_827' title='bbox 2960 5422 3207 5478; x_wconf 83' lang='lat' dir='ltr'><strong>maximi</strong></span> <span class='ocrx_word' id='word_1_828' title='bbox 3230 5420 3408 5492; x_wconf 88' lang='lat' dir='ltr'><strong>hujus</strong></span> <span class='ocrx_word' id='word_1_829' title='bbox 3429 5421 3536 5475; x_wconf 89' lang='lat' dir='ltr'><strong>viri</strong></span> <span class='ocrx_word' id='word_1_830' title='bbox 3554 5418 3911 5492; x_wconf 63' lang='lat' dir='ltr'><strong>mentionell}.</strong></span> 
     </span>
    </p>
   </div>
   <div class='ocr_carea' id='block_1_116' title="bbox 2342 5486 3909 5552">
    <p class='ocr_par' dir='ltr' id='par_1_116' title="bbox 2342 5486 3909 5552">
     <span class='ocr_line' id='line_1_120' title="bbox 2342 5486 3909 5552; baseline -0.009 0"><span class='ocrx_word' id='word_1_831' title='bbox 2342 5497 2513 5552; x_wconf 88' lang='lat' dir='ltr'><strong>docet</strong></span> <span class='ocrx_word' id='word_1_832' title='bbox 2542 5496 2799 5551; x_wconf 84' lang='lat' dir='ltr'><strong>illustris.</strong></span> <span class='ocrx_word' id='word_1_833' title='bbox 2829 5497 3035 5550; x_wconf 86' lang='lat' dir='ltr'><strong>Baron.</strong></span> <span class='ocrx_word' id='word_1_834' title='bbox 3071 5499 3107 5548; x_wconf 94' lang='lat' dir='ltr'><strong>t.</strong></span> <span class='ocrx_word' id='word_1_835' title='bbox 3143 5494 3186 5548; x_wconf 90' lang='lat' dir='ltr'><strong>ll</strong></span> <span class='ocrx_word' id='word_1_836' title='bbox 3214 5486 3438 5549; x_wconf 69' lang='grc' dir='ltr'><strong>Αηῑιαι.</strong></span> <span class='ocrx_word' id='word_1_837' title='bbox 3465 5492 3538 5546; x_wconf 84' lang='lat' dir='ltr'><strong>ad</strong></span> <span class='ocrx_word' id='word_1_838' title='bbox 3562 5507 3696 5546; x_wconf 85' lang='lat' dir='ltr'><strong>ann.</strong></span> <span class='ocrx_word' id='word_1_839' title='bbox 3726 5490 3779 5543; x_wconf 88' lang='lat' dir='ltr'><strong>C.</strong></span> <span class='ocrx_word' id='word_1_840' title='bbox 3806 5486 3909 5539; x_wconf 76' lang='grc'><strong>109.</strong></span> 
     </span>
    </p>
   </div>
   <div class='ocr_carea' id='block_1_117' title="bbox 2414 5557 3910 5638">
    <p class='ocr_par' dir='ltr' id='par_1_117' title="bbox 2414 5557 3910 5638">
     <span class='ocr_line' id='line_1_121' title="bbox 2414 5557 3910 5638; baseline -0.009 -15"><span class='ocrx_word' id='word_1_841' title='bbox 2414 5568 2525 5638; x_wconf 87' lang='lat'><strong>(53)</strong></span> <span class='ocrx_word' id='word_1_842' title='bbox 2560 5569 2637 5623; x_wconf 93' lang='lat' dir='ltr'><strong>De</strong></span> <span class='ocrx_word' id='word_1_843' title='bbox 2666 5568 2894 5622; x_wconf 86' lang='lat' dir='ltr'><strong>Joanne</strong></span> <span class='ocrx_word' id='word_1_844' title='bbox 2945 5563 3353 5637; x_wconf 87' lang='lat' dir='ltr'><strong>Scythopolita</strong></span> <span class='ocrx_word' id='word_1_845' title='bbox 3405 5578 3545 5635; x_wconf 88' lang='lat' dir='ltr'><strong>sup.</strong></span> <span class='ocrx_word' id='word_1_846' title='bbox 3581 5560 3710 5618; x_wconf 86' lang='lat' dir='ltr'><strong>cod.</strong></span> <span class='ocrx_word' id='word_1_847' title='bbox 3738 5562 3816 5615; x_wconf 78' lang='lat'><strong>95.</strong></span> <span class='ocrx_word' id='word_1_848' title='bbox 3844 5557 3910 5610; x_wconf 84' lang='lat' dir='ltr'><strong>De</strong></span> 
     </span>
    </p>
   </div>
   <div class='ocr_carea' id='block_1_118' title="bbox 2343 5638 3013 5697">
    <p class='ocr_par' dir='ltr' id='par_1_118' title="bbox 2343 5638 3013 5697">
     <span class='ocr_line' id='line_1_122' title="bbox 2343 5638 3013 5697; baseline -0.003 -3"><span class='ocrx_word' id='word_1_849' title='bbox 2343 5638 2559 5697; x_wconf 85' lang='lat' dir='ltr'><strong>Basilio</strong></span> <span class='ocrx_word' id='word_1_850' title='bbox 2589 5639 2704 5695; x_wconf 92' lang='lat' dir='ltr'><strong>cod</strong></span> <span class='ocrx_word' id='word_1_851' title='bbox 2743 5641 2808 5694; x_wconf 83' lang='lat'><strong>96</strong></span> <span class='ocrx_word' id='word_1_852' title='bbox 2840 5642 2895 5694; x_wconf 91' lang='lat' dir='ltr'><strong>et</strong></span> <span class='ocrx_word' id='word_1_853' title='bbox 2923 5640 3013 5693; x_wconf 77' lang='grc'><strong>42.</strong></span> 
     </span>
    </p>
   </div>
  </div>
