4136 6216
228 314 321 370 37⁸1
1414 314 1904 373 BIBLIOTHECA.
1947 346 2017 356 —-
2055 316 2212 373 COD.
2247 316 2409 373 CVII.

3486 320 3591 375 378

225 451 302 494 και
345 437 631 513 δικολόγον
676 439 813 510 λέγει
851 445 943 493 καὶ
982 446 1146 517 μυρία
1184 441 1315 493 ἄλλα
1350 442 1509 494 αὐτοῦ
1558 444 1809 513 καταγρά-

1931 447 1986 497 et
2006 443 2123 499 alia
2153 448 2431 500 sexcenta
2450 444 2730 516 impingit
2756 463 2767 495 :
2796 448 2878 515 ut,
2903 445 2963 500 in
2982 445 3383 518 suspicionem
3408 444 3586 501 Mani-

225 550 314 601 φει,
339 532 418 583 ὅτι
468 548 526 582 τε
578 528 626 581 ἐν
678 532 897 603 ὑπονοίᾳ
942 534 1144 603 γέγονεν
1179 534 1579 603 Μανιχαῐσμοῦ,
1610 534 1700 581 καὶ
1740 530 1819 581 ὅτι

225 624 309 679 τήν
352 620 511 691 ἁγίαν
549 624 995 691 Τεσσαρακοστὴν
1043 621 1116 681 εἰς
1156 628 1292 694 τρεῖς
1340 614 1639 690 ἑϐδομάδας
1694 638 1818 689 συγ-

224 710 389 762 κλιίων
440 705 567 760 οὐδε
607 707 655 759 ἐν
705 711 923 770 ταύταις
966 718 1061 771 τῆς
1110 708 1166 761 ἐκ
1203 711 1252 745 ⁷ο
1282 717 1381 761 τῶν
1430 716 1636 765 πτηνῶν
1675 726 1819 779 κρεο-

222 802 400 869 φαγίας
450 795 719 867 ἀπείχετο,
784 802 875 849 καὶ
924 800 994 857 ὡς
1045 796 1367 859 Ἑλληνικαῖς
1418 796 1639 856 τελεταῖς
1701 815 1817 847 συν-

222 888 380 957 ήγετο.
412 890 503 938 καὶ
560 888 642 938 ότι
689 888 759 946 ὡς
813 885 1001 939 ἐπίπαν
1042 888 1142 938 ὑπὸ
1191 890 1619 959 γαστριμαργίας
1672 884 1815 937 ἐλαυ-

225 981 417 1047 νόμενος
467 972 723 1027 οὐδέποτε
776 975 1033 1027 ἐκοινώνει
1092 984 1187 1035 τῆς
1236 978 1527 1049 ἱερουργίας
1597 975 1812 1027 τελειου-

222 1068 387 1136 μένης,
434 1062 561 1116 ἆλλά
616 1062 750 1135 μετά
798 1068 858 1115 τό
933 1062 1242 1135 Εύαγγέλιον
1297 1068 1482 1116 παισὶν
1539 1063 1650 1135 ἅμα
1715 1072 1814 1115 τῶν

216 1158 517 1226 μυστηρίων
591 1151 963 1224 μετελάμϐανε,
1018 1158 1107 1205 καὶ
1163 1158 1466 1226 παραυτίκα
1530 1156 1654 1226 πρὸς
1720 1158 1813 1211 τὴν

213 1243 466 1314 τράπεζαν
526 1240 801 1314 ἀπέτρεχε.
834 1249 1014 1295 Ταῦτα
1057 1245 1194 1294 κατὰ
1241 1249 1331 1294 τοῦ
1373 1237 1568 1315 ἀνδρὸς
1614 1237 1811 1312 σχεδόν

212 1328 358 1384 τιδι’
406 1330 530 1391 όλης
578 1331 739 1383 αὐτοῦ
787 1338 877 1392 τῆς
920 1329 1102 1404 βίϐλου
1128 1335 1492 1403 κατασπείρων
1519 1328 1813 1400 ἐνασελγαί-

208 1439 292 1473 νει.
325 1423 398 1473 Τό
449 1417 511 1472 δι
551 1423 877 1494 σύγγραμμα
924 1416 1248 1493 δραματικὸν
1299 1420 1615 1472 ποιεῖταιτίι
1652 1438 1810 1492 προσ-

206 1517 356 1581 φωνεῖ
405 1505 466 1561 δε
517 1508 646 1560 αύτό
699 1514 828 1583 πρός
878 1529 996 1561 τινα
1039 1514 1279 1563 Λεόντιον
1329 1508 1694 1579 αἰτησάμενον.
1736 1510 1811 1559 Tu

203 1595 260 1651 δε
306 1605 404 1650 τοῦ
458 1595 725 1670 δράματος
783 1598 983 1668 εἰσάγει
1038 1603 1298 1673 πρόσωπα
1345 1593 1662 1669 Λαμπάδιον
1719 1598 1809 1667 μὶν

202 1690 626 1762 ὑπερμαχοῦντα
680 1689 862 1753 αὐτοῦ,
917 1696 1144 1762 Μαρῖνον
1194 1685 1255 1742 δέ
1295 1708 1412 1740 τινα
1455 1689 1524 1749 ὡς
1554 1688 1601 1721 ⁷³
1653 1682 1809 1758 δῇθεν

1929 531 2106 587 chaste
2126 539 2298 588 sectaa
2318 534 2551 588 venisse
2569 551 2583 589 ε
2600 550 2836 590 sacrum
2853 533 3340 605 Quadragesimte
3357 540 3589 606 tempus

1927 619 2005 675 ad
2036 623 2152 676 tres
2184 626 2417 677 tantum
2448 622 2866 679 hebdomadas
2918 623 3588 695 revocasse,iisdemque

1926 723 2036 763 nec
2051 709 2127 764 ab
2144 710 2344 765 avium
2359 712 2642 767 carnibus
2664 712 3133 769 abstinuisse:ad
3147 713 3402 782 gentium
3418 727 3589 768 sacra

1925 798 2290 853 accessisse:
2327 804 2390 854 ut
2441 800 2769 870 plurimum
2831 809 3112 873 praeterea
3190 802 3346 872 87b
3399 800 3585 857 ventri

1924 886 2061 957 plus
2080 887 2220 942 satis
2237 888 2527 954 deditum,
2558 905 2680 945 non
2691 890 2962 946 absoluto
2974 891 3103 961 jam
3124 906 3296 945 sacro
3313 906 3582 946 commu-

1923 975 2180 1041 nicasse,
2203 976 2309 1031 sed
2326 982 2454 1048 post
2480 979 2863 1049 Evangelium
2885 995 3006 1036 una
3038 995 3173 1035 cum
3200 979 3398 1051 pueris
3416 996 3583 1051 mys-

1922 1064 2098 1120 steria
2113 1066 2468 1138 sumpsisse,
2494 1068 2819 1140 statimque
2841 1068 2918 1124 ad
2946 1085 3221 1124 mensam
3241 1067 3579 1124 advolasse.

1921 1152 2081 1210 Talia
2112 1153 2229 1210 fere
2262 1159 2381 1211 toto
2408 1156 2558 1211 libro
2610 1172 2820 1228 sparsa
2877 1174 2946 1214 ac
2977 1157 3383 1221 disseminata,
3418 1162 3584 1229 petu-

1920 1241 2109 1298 lanter
2133 1244 2195 1298 in
2226 1243 2419 1300 virum
2451 1244 2619 1300 illum
2644 1246 2849 1317 jactat.
2878 1248 3042 1319 Opus
3063 1247 3264 1319 ipsum
3295 1246 3582 1303 dramati-

1920 1346 2048 1385 cum
2075 1336 2185 1398 est,
2214 1333 2458 1390 Leontio
2488 1335 2805 1390 cuidamid
2833 1335 3184 1406 efﬂagitanti
3205 1335 3578 1407 inscriptum.

1921 1422 2204 1476 Personas
2229 1422 2403 1492 fingit
2428 1424 2525 1479 hic
2552 1424 2949 1496 Lampadium
2974 1425 3323 1498 quemdam,
3346 1426 3447 1496 qui
3470 1439 3579 1495 pro

1924 1508 2139 1565 Basilio
2183 1517 2384 1581 certet,
2438 1529 2576 1568 cum
2635 1514 2877 1580 Marino,
2939 1514 3042 1587 qui
3088 1513 3334 1571 Joannis
3380 1518 3581 1585 partes

1919 1598 2171 1654 tuendas
2185 1602 2702 1671 susceperit.Hunc
2719 1610 2850 1674 post
2864 1604 3311 1660 dissertationes
3325 1602 3577 1675 aliquot,

1918 1686 2207 1743 damnato
2250 1704 2343 1758 eo,
2388 1706 2569 1761 quem
2604 1692 3049 1748 defendendum
3104 1697 3465 1764 susceperat,
3499 1692 3579 1748 ad

199 1779 324 1851 ὑπὲρ
378 1786 476 1830 τοῦ
538 1778 776 1832 Ἰωάννου
824 1777 1221 1849 ἀγωνιζόμενον,
1271 1779 1322 1838 ὃς
1365 1782 1452 1829 καὶ
1490 1777 1621 1849 μετά
1671 1795 1809 1836 τινας

1921 1776 2315 1846 Lampadium
2335 1793 2469 1833 sese
2489 1779 2672 1850 adjun
2684 1787 2916 1850 gentem
2941 1781 3181 1848 inducit,
3192 1798 3260 1836 ac
3277 1784 3417 1852 post
3435 1796 3574 1836 eum

198 1864 453 1930 διαλέξεις
507 1867 776 1938 εἰσάγεται
816 1867 958 1938 αύτῷ
1015 1873 1418 1938 καταγινώσκων
1467 1869 1557 1938 μὲν
1596 1865 1655 1917 οὗ
1696 1861 1811 1917 ἐδό-

192 1976 272 2010 κει
327 1962 630 2031 προσώπου
674 1958 1145 2032 ύπερασπίζεσθαι,
1191 1952 1494 2027 Λαμπαδίῳ
1531 1953 1592 2007 δε
1646 1973 1803 2027 προσ-

192 2049 487 2119 τιθέμενος·
542 2048 655 2119 μεθ’
702 2049 756 2099 ὃν
808 2049 1071 2121 Ταράσιόν
1123 2066 1239 2099 τινα
1288 2048 1375 2098 τὸν
1410 2044 1589 2115 ἀγῶνα
1629 2046 1809 2096 ύπιισ-

192 2136 352 2188 ἁθείν
408 2137 768 2208 ὑποκρίνεται,
827 2134 994 2188 ἐκεῖνα
1044 2133 1111 2196 δὴ
1175 2137 1385 2195 τούτους
1459 2138 1549 2186 καὶ
1614 2132 1806 2205 ἐρωτᾷν

192 2226 695 2298 κατασχηματίζων
738 2230 829 2277 καὶ
881 2223 1275 2299 ἀποκρίνεσθαι,
1315 2223 1351 2276 ἃ
1409 2226 1668 2276 συνοίσειν
1717 2224 1806 2292 μὲν

193 2314 384 2385 ἑαυτῷ,
445 2322 629 2387 μῶμον
688 2310 749 2367 δι
803 2317 890 2366 καὶ
967 2313 1186 2389 ἀπορίαν
1244 2321 1306 2385 τῇ
1376 2314 1807 2384 συνηγορουμένῳ

198 2398 360 2460 δῆθεν
427 2403 569 2475 ἐώρα
646 2405 1127 2466 κατασκευάζοντα.
1190 2398 1497 2464 Ἐξκαίδεκα
1544 2396 1602 2452 δε
1639 2399 1808 2470 λόγοις

193 2495 250 2542 τό
308 2495 646 2567 σύγγραμμα
694 2488 910 2564 διαιρεῖ,
968 2496 1059 2545 καὶ
1108 2491 1158 2544 ἐν
1213 2495 1302 2563 μεν
1363 2497 1467 2550 τοῖς
1515 2494 1659 2562 τρισὶ
1718 2493 1806 2539 καὶ

198 2576 332 2631 δέκα
389 2585 479 2633 τόν
529 2578 832 2652 διαλογικὸν
874 2581 1073 2652 εἰσάγει
1118 2583 1297 2643 τύπον,
1331 2582 1467 2632 κατὰ
1520 2585 1611 2630 τοῦ
1668 2581 1806 2650 πρώ-

200 2687 293 2720 του
330 2675 491 2741 μόνου
539 2677 639 2722 τῶν
668 2672 907 2723 Ἰωάννου
946 2670 1110 2741 λόγων
1153 2673 1415 2728 τοσαύτην
1448 2663 1687 2725 σπουδὴν
1718 2669 1808 2717 καὶ

1920 1863 2139 1920 victum
2160 1866 2466 1922 Tarasium
2486 1870 2813 1939 quemdam
2832 1870 3045 1926 iterum
3060 1875 3363 1926 certamen
3382 1869 3577 1925 redin-

1909 1955 2269 2032 Vtegrantem.
2288 1955 2392 2011 Ubi
2405 1956 2504 2013 illa
2516 1958 2628 2013 hos
2654 1964 2709 2014 et
2724 1959 3108 2029 interrogare,
3144 1965 3198 2015 et
3214 1959 3575 2031 respondere

1918 2043 2411 2114 comminiscitur,
2443 2063 2579 2118 qua:
2600 2063 2737 2102 cum
2763 2047 2875 2103 sibi
2895 2049 3285 2114 conductura,
3318 2052 3445 2103 tum
3473 2063 3577 2120 pa-

1918 2130 2233 2189 trocinanti
2260 2134 2602 2192 adversario
2634 2137 3163 2208 reprehensionem
3182 2153 3252 2193 ac
3282 2136 3576 2209 perplexi-

1918 2222 2096 2276 tatem
2129 2222 2396 2293 paritura
2413 2224 2766 2281 viderentur.
2802 2227 2867 2281 ln
2898 2227 3157 2282 sedecim
3176 2225 3575 2282 autemlibros

1916 2322 2069 2379 opus
2100 2310 2446 2367 universum
2473 2313 2676 2369 divisit
2701 2333 2714 2373 :
2748 2330 3007 2387 quorum
3032 2314 3318 2371 tredecim
3348 2314 3574 2386 priores

1915 2396 2136 2470 dialogi
2159 2398 2353 2456 forma
2374 2406 2512 2457 sunt
2543 2402 2622 2459 ab
2647 2419 2740 2469 eo,
2767 2411 2974 2461 contra
2986 2404 3250 2476 primum
3282 2403 3575 2460 duntaxat

1913 2486 2163 2545 Joannis
2209 2489 2451 2558 librum,
2496 2498 2660 2550 tanto
2698 2510 2836 2550 cum
2894 2492 3094 2549 studio
3139 2509 3208 2549 ac
3265 2492 3572 2562 diligentia

1915 2578 2235 2651 conscripti
2267 2595 2281 2633 :
2330 2580 2576 2653 reliquis
2611 2598 2751 2638 vero
2775 2582 2967 2638 tribus
2984 2598 3057 2638 ea
3076 2589 3408 2654 oppugnat,
3440 2597 3571 2653 quae

1917 2664 1976 2721 in
2008 2668 2271 2724 secundo
2312 2685 2421 2727 suo
2452 2675 2509 2725 et
2540 2670 2704 2726 tertio
2740 2670 2891 2726 libro
2920 2671 3181 2727 Joannes
3207 2674 3568 2726 asseruerat.

200 2762 353 2810 πόνον
404 2760 841 2831 εἰσενεγκάμενος,
902 2759 951 2812 ἓν
1018 2756 1079 2813 δε
1129 2767 1234 2820 τοῖς
1288 2758 1490 2819 λοιποῖς
1550 2760 1695 2831 τρισὶ
1747 2750 2088 2828 καταδρομὴν
2134 2764 2362 2811 ποιεῖται
2426 2766 2527 2811 τῶν
2581 2758 2631 2811 ἐν
2686 2767 2757 2830 τῷ
2806 2755 3031 2832 δευτέρῳ
3086 2759 3177 2811 καί
3223 2778 3382 2833 τριτῳ
3436 2757 3571 2830 λόγῳ

199 2850 263 2921 ῥις
274 2850 453 2901 θέντων
478 2856 555 2919 τῷ
596 2849 634 2903 Ἰ
641 2851 806 2923 ωάννη
819 2891 831 2903 .

276 2938 353 2992 Ἐν
526 2934 617 2990 οὖν
663 2947 735 3008 τῷ
784 2944 971 3010 πρώτῳ
1009 2938 1143 3009 λόγῳ
1174 2941 1259 2990 τὸν
1291 2937 1543 3012 πρόλογον
1584 2934 1804 3009 ἀπαρτί-

210 3046 330 3092 σας,
361 3030 500 3081 κατὰ
545 3024 644 3080 δύο
692 3028 976 3099 κεφαλαίων
1025 3029 1256 3093 ἵσταται,
1285 3028 1405 3080 καθ’
1430 3026 1533 3087 ἑνός
1574 3028 1663 3098 μεν
1711 3031 1804 3078 τοῦ

199 3116 284 3167 ὅτι
335 3117 361 3167 6
393 3118 441 3151 ⁷³
472 3120 641 3187 Λόγος
674 3117 832 3169 ἔπαθε
872 3121 1047 3187 σαρκὶ,
1097 3117 1215 3168 καθ’
1268 3115 1436 3189 ἑτέρου
1485 3111 1545 3167 δε
1594 3121 1684 3166 τοῦ
1725 3114 1804 3166 ὅτι

1985 2934 2180 2992 Primo
2209 2936 2386 3007 igitur
2411 2936 2565 2993 libro
2591 2940 2731 3009 post
2769 2936 3173 3009 prmfationem
3204 2935 3568 3002 absolutam,

1913 3021 2153 3080 duobus
2170 3025 2466 3097 capitibus
2477 3026 2909 3098 oppugnandis
2923 3024 3425 3081 insistit.Primum
3438 3024 3572 3097 qui-

1914 3113 2054 3169 dem
2084 3113 2228 3170 illud
2257 3131 2271 3169 :
2303 3135 2331 3166 ‹‹
2351 3115 2607 3171 Verbum
2634 3131 2885 3189 passum
2908 3122 2995 3171 est
3014 3115 3076 3171 in
3102 3129 3280 3171 carne
3303 3116 3345 3169 ί.
3363 3134 3394 3167 ››
3422 3114 3575 3171 Alte-

198 3210 388 3257 ταυτὸν
436 3206 557 3258 ἔστι
610 3208 668 3257 τό
691 3207 741 3239 ⁷⁸
769 3204 934 3276 λέγειν
972 3209 1203 3277 Χριστὸν
1240 3214 1312 3276 τῷ
1355 3205 1518 3276 λέγειν
1551 3208 1691 3257 Θεόν.
1725 3203 1803 3256 Ἐν

1920 3217 2048 3258 rum
2070 3218 2209 3260 vero
2233 3219 2246 3254 :
2286 3224 2313 3255 «
2344 3205 2505 3261 Idem
2531 3210 2619 3261 est
2641 3205 2835 3261 dicere
2858 3204 3361 3275 Christum,atque
3377 3202 3573 3259 dicere

188 3289 255 3345 δέ
307 3302 381 3364 τῷ
451 3292 489 3367 β
560 3293 692 3365 λόγῳ
745 3294 826 3346 ὃτι
874 3312 928 3345 τε
973 3295 1144 3365 μάτην
1192 3290 1503 3365 ἇλοιδορήθη
1563 3298 1806 3367 πειρᾶται

186 3378 483 3444 δεικνύναι,
530 3387 615 3434 καὶ
659 3382 739 3433 ὅτι
784 3386 863 3449 τὸ,
895 3404 922 3431 ‹‹
953 3380 1300 3441 Ἀναϐἡσεται
1329 3384 1377 3417 ⁷⁸
1401 3378 1597 3457 ῥάϐδος
1628 3380 1683 3432 ἐκ
1713 3389 1809 3442 τῆς

184 3472 346 3541 ῥίζης
407 3471 632 3536 Ἰεσσαὶ,
677 3495 704 3521 υ
738 3480 910 3533 κακῶς
960 3473 987 3524 ό
1028 3471 1407 3532 Σκυθοπολίτης
1447 3473 1687 3532 Ἰωάννης
1722 3470 1807 3535 ἒξ-

186 3558 419 3613 ελάϐετο.
472 3561 561 3612 Ἐν
616 3556 676 3613 δε
723 3568 795 3629 τῷ
846 3559 897 3631 γ’
949 3563 1014 3621 ὡς
1062 3557 1221 3620 δῆθεν
1274 3562 1496 3623 συζητεῖ
1546 3563 1683 3624 ὃπως
1729 3560 1813 3648 δεῖ

184 3656 319 3701 νοεῖν
347 3652 431 3701 τό.
472 3672 500 3698 ‹‹
530 3655 634 3701 Νῦν
665 3650 712 3685 ⁷⁸
745 3645 1011 3712 ἐδοξάσθη
1038 3651 1065 3703 ό
1097 3652 1223 3712 Ψίός
1266 3658 1358 3703 τοῦ
1398 3650 1691 3727 ἀνθρώπου,
1721 3645 1811 3724 καί

188 3742 215 3789 6
265 3742 397 3798 Θεὸς
444 3735 712 3801 ἐδοξάσθη
753 3736 802 3789 ἄν
852 3738 1015 3809 αύτῷ,
1046 3762 1073 3788 ›)
1101 3745 1189 3792 καὶ
1232 3743 1296 3793 τὰ
1338 3740 1456 3804 ἑξῆς
1492 3750 1585 3794 τοῦ
1623 3744 1809 3817 ῥητοῦ.

186 3830 272 3881 Ἐν
305 3825 367 3881 δε
416 3836 489 3897 τῷ
522 3824 594 3893 δ’,
626 3836 736 3888 πῶς
766 3824 907 3880 ἴδιον
944 3827 1147 3899 λέγεται
1184 3831 1229 3865 7"
1262 3838 1353 3883 τοῦ
1386 3839 1519 3884 Θεοῦ
1544 3836 1602 3885 τό
1637 3842 1807 3906 σῶμα,

186 3923 278 3969 καὶ
332 3922 455 3989 περὶ
501 3916 749 3981 ἐνώσεως,
782 3922 872 3969 καὶ
900 3922 1019 3992 περὶ
1048 3925 1141 3970 τοῦ
1165 3941 1193 3969 ι(
1227 3917 1461 3992 Ἐχρισέ
1504 3941 1560 3974 σε
1586 3923 1611 3973 6
1658 3926 1807 3995 Θεὸς,

190 4008 216 4056 6
258 4012 389 4067 Θεός
417 4008 467 4041 ⁷⁸
502 4024 621 4076 σου,
666 4026 694 4058 ››
745 4011 836 4058 καὶ
864 4011 983 4081 περὶ
1012 4014 1102 4059 τοῦ
1149 4028 1178 4059 ‹‹
1223 4008 1357 4081 Ἐγὼ
1406 4009 1608 4081 ἁγιάζω
1656 4011 1811 4083 ἐμαυ-

191 4102 297 4147 τόνο
332 4119 361 4145 ι)
395 4094 441 4147 ἓν
564 4094 702 4168 λόγῳ
745 4100 835 4149 καὶ
864 4097 891 4148 ὁ
922 4098 968 4131 ⁷⁸
1000 4103 1229 4169 Μαρίνος
1255 4106 1353 4160 τῆς
1397 4103 1461 4160 ὡς
1496 4096 1654 4159 δῆθεν
1686 4100 1810 4154 ἀπο.

190 4186 324 4244 στας
372 4182 669 4255 ἀντιλογίας
730 4193 802 4255 τῷ
858 4182 1161 4258 Λαμπαδίῳ
1190 4189 1239 4223 ⁸⁰
1270 4190 1585 4244 συντίθεται.
1629 4188 1711 4243 Ἐν
1751 4187 1811 4243 δὲ

142 4268 257 4342 ’τῷ
303 4272 361 4343 ε’,
398 4276 522 4325 ἔνθα
568 4278 661 4326 καὶ
712 4275 738 4325 6
786 4276 1050 4348 Ταράσιος
1103 4273 1459 4348 ἀναδέχεσθαι
1498 4282 1585 4331 τόν
1636 4278 1811 4351 ἀγῶνα

191 4361 302 4415 ἐστὶ
372 4366 617 4436 Μαρίνου
670 4363 1024 4436 ὑποκρίνεται,
1077 4366 1164 4424 τὰς
1220 4368 1356 4418 κατὰ
1413 4374 1504 4419 τοῦ
1571 4367 1807 4422 Ἰωάννου

188 4455 515 4525 κατηγορίας
583 4450 935 4525 ἀναλαμϐάνει
1005 4459 1328 4528 πικρότερον,
1414 4461 1503 4509 καὶ
1568 4458 1594 4509 ό
1657 4458 1809 4530 λόγος

1914 3292 2127 3350 Deum.
2152 3314 2172 3343 ι
2197 3294 2326 3349 Jam
2349 3294 2613 3350 secundo
2632 3293 2786 3350 libro
2804 3298 3025 3349 temere
3041 3309 3107 3349 se
3129 3291 3407 3350 affectum
3424 3291 3572 3364 inju-

1914 3382 2005 3438 ria
2033 3382 2345 3439 ostendere
2374 3388 2626 3439 conatur
2651 3399 2663 3439 :
2685 3388 2744 3439 et
2774 3382 2921 3438 illud
2948 3399 2959 3437 :
2992 3403 3021 3435 «
3048 3382 3392 3452 Egredietur
3413 3381 3575 3454 virga

1916 3470 1990 3526 de
2014 3472 2211 3527 radice
2237 3474 2414 3528 Jessas
2432 3474 2475 3526 ³.
2510 3494 2537 3521 ››
2571 3472 2718 3529 Male
2739 3488 2774 3528 ιι
2799 3472 3207 3545 Scythopolita
3230 3471 3460 3527 Joanne
3480 3470 3574 3526 in-

1918 3559 2211 3617 tellectum
2237 3577 2386 3617 esse.
2414 3560 2606 3618 Tertio
2635 3561 2853 3618 deinde
2881 3561 3057 3625 libro,
3115 3561 3189 3617 de
3219 3560 3319 3617 illo
3352 3560 3575 3617 scilicet

1917 3651 2290 3724 quaeritloco,
2315 3650 2625 3722 quomodo
2651 3650 3074 3722 intelligendus
3107 3666 3119 3705 :
3154 3670 3179 3701 α
3204 3653 3371 3706 Nunc
3398 3649 3571 3705 clari-

1917 3740 2129 3796 ﬁcatus
2156 3744 2243 3796 est
2270 3739 2442 3795 Filius
2455 3739 2738 3804 hominis,
2759 3744 2815 3796 et
2841 3741 2996 3794 Deus
3022 3738 3377 3795 clariﬁcatus
3400 3742 3490 3793 est
3509 3737 3570 3794 in

1917 3828 2017 3885 illo
2043 3832 2086 3897 ³,
2111 3850 2138 3878 ››
2158 3833 2214 3884 et
2242 3844 2371 3901 qua
2393 3829 2474 3885 ibi
2497 3833 2848 3901 sequuntur.
2873 3828 3093 3895 Quarto
3119 3826 3291 3893 libro,
3320 3841 3572 3898 quomo-

1916 3919 1993 3974 do
2018 3916 2252 3974 dicatur
2302 3916 2611 3988 proprium
2638 3932 2769 3973 esse
2801 3916 2898 3973 Dei
2926 3932 3165 3988 corpus,
3198 3921 3325 3971 tum
3348 3916 3423 3971 de
3445 3915 3572 3972 uni-

1919 4010 2056 4073 tate,
2086 4012 2143 4063 et
2170 4006 2245 4062 de
2270 4006 2370 4062 illo
2403 4022 2415 4061 :
2451 4026 2480 4057 «
2513 4004 2689 4062 Unxit
2715 4010 2769 4062 te
2802 4006 2959 4061 Deus
2990 4010 3127 4061 tuus
3158 4005 3179 4039 ⁸
3204 4023 3218 4074 ;
3246 4008 3304 4059 et
3326 4004 3401 4059 de
3432 4004 3565 4062 illo:

1920 4114 1948 4149 ι(
1985 4097 2103 4165 Ego
2136 4094 2439 4152 sanctiﬁco
2458 4095 2806 4167 meipsum‘.
2837 4114 2865 4147 »
2897 4095 3026 4161 Quo
3055 4094 3115 4150 in
3142 4092 3295 4149 libro
3310 4092 3572 4150 Marinus

1919 4184 2363 4242 contradicendi
2390 4189 2590 4257 partes
2610 4183 2950 4257 relinquens
2981 4182 3222 4249 scilicet,
3237 4198 3374 4239 cum
3403 4184 3573 4240 Lam-

1917 4274 2101 4347 padio
2128 4273 2440 4330 consentit.
2474 4272 2693 4342 Quinto
2719 4288 2857 4329 vero
2881 4272 3055 4342 libro,
3082 4272 3182 4328 ubi
3214 4278 3268 4327 et
3290 4272 3574 4329 Tarasius

1917 4369 2219 4421 certamen
2259 4363 2457 4420 subire
2488 4362 2692 4420 Marini
2716 4363 2849 4420 loco
2876 4362 3139 4433 ﬁngitur,
3164 4362 3574 4420 accusationes

1918 4453 2167 4511 Joannis
2199 4451 2470 4509 acerbius
2531 4452 2801 4525 suscipit,
2846 4455 3124 4524 totusque
3149 4450 3299 4507 adeo
3332 4450 3483 4509 liber
3508 4451 3572 4508 in

190 4541 327 4612 άῦτῷ
383 4536 589 4613 σχεδόν
650 4559 703 4592 τι
759 4539 807 4592 ἓν
865 4543 1082 4602 ταύταις
1122 4542 1578 4598 καταναλίσκεται.
1612 4549 1694 4601 Ἐν
1752 4546 1809 4616 δέ

1922 4544 1993 4600 iis
2023 4544 2143 4599 fere
2182 4543 2573 4599 consumitur.
2606 4542 2786 4598 Sexto
2824 4546 2951 4598 tum
2980 4540 3134 4597 libro
3160 4541 3571 4598 vehementius

188 4639 257 4701 τῷ
302 4629 350 4696 ς’
401 4628 721 4704 δριμύτερόν
770 4649 879 4692 πως
922 4633 1232 4703 νατατρέχει
1281 4640 1372 4693 τῆς
1414 4638 1549 4688 κατὰ
1580 4642 1810 4709 Χριστόν

192 4724 274 4772 τὸν
332 4728 556 4792 ῑωτῆρα
619 4720 763 4790 ἡμῶν
807 4719 1052 4781 ἕνὼσεωςο
1105 4724 1194 4773 καὶ
1224 4726 1341 4795 περὶ
1370 4730 1483 4787 τοῦ,
1527 4745 1554 4776 «
1584 4724 1812 4799 Ἐχρισέ

199 4827 250 4861 σε
295 4813 324 4862 6
370 4812 526 4871 Θεὸς,
556 4810 584 4859 ό
657 4812 775 4869 Θιός
843 4828 960 4874 σου,
1002 4828 1032 4861 δ)
1064 4815 1155 4863 καὶ
1209 4812 1342 4872 ὅπως
1398 4814 1428 4871 ἠ
1489 4814 1605 4867 κατ’
1656 4817 1811 4870 αὐτὸν

194 4897 480 4957 Ἐκκλησία
516 4901 635 4970 περὶ
664 4905 779 4964 τοῦ,
817 4920 835 4947 ι
874 4900 1171 4973 ἑσαρκώθη,
1207 4922 1235 4949 ››
1270 4897 1503 4965 δοξάζει.
1539 4906 1620 4957 Ἐν
1652 4902 1711 4959 δε
1739 4916 1809 4979 τῷ

198 4986 237 5044 ε’
272 4992 392 5061 περὶ
437 4994 552 5040 τοῦ·
584 5010 612 5035 «ι
638 4986 695 5041 Ὀ
726 4992 901 5059 Λόγος
939 4988 984 5024 ⁸¹
1020 4988 1155 5061 σὰρξ
1178 4988 1396 5061 ἐγένετο,
1426 5014 1452 5042 ››
1486 4992 1558 5056 εἰς
1586 4992 1807 5058 ἀτοπίας

1921 4634 2101 4690 etiam
2142 4632 2440 4689 invehitur
2494 4633 2555 4688 in
2607 4630 2890 4688 unionem
2950 4630 3166 4686 Christi
3241 4630 3569 4686 Servatoris

1920 4725 2123 4782 nostri.
2173 4724 2334 4795 88a
2389 4724 2468 4780 De
2532 4721 2631 4779 illo
2684 4737 2923 4794 quoque
2978 4721 3280 4793 disputat:
3333 4739 3361 4771 «
3394 4721 3572 4779 Unxit

1920 4818 1974 4871 te
1996 4815 2170 4879 Deus,
2201 4817 2353 4870 Deus
2380 4818 2562 4880 tuus;
2622 4834 2651 4862 »
2704 4811 2997 4884 docetque
3026 4810 3169 4884 quid
3220 4808 3410 4882 ipsius
3462 4809 3569 4866 Ec-

1921 4903 2100 4961 clesia
2126 4908 2363 4960 censeat
2393 4904 2467 4959 de
2496 4901 2596 4958 illo
2623 4918 2636 4957 :
2670 4923 2691 4953 ε
2728 4901 2875 4958 Caro
2898 4901 3119 4957 factum
3145 4904 3235 4956 est
3259 4900 3303 4954 θ.
3336 4920 3364 4950 ››
3395 4898 3566 4956 Libro

1917 4998 2131 5052 octavo
2146 4994 2206 5049 in
2223 4992 2412 5051 varias
2427 4991 2846 5049 absurdidates
2860 4988 3365 5064 praecipitandum
3387 4988 3461 5046 de
3474 4987 3569 5045 illo

256 5150 383 5225 ’,λι
458 5146 608 5205 Patr.
662 5164 739 5217 iv,
797 5153 845 5203 i.
904 5148 925 5183 ³
979 5149 1086 5205 lsa.
1137 5164 1198 5217 ιι,
1248 5152 1299 5206 1.
1360 5153 1382 5188 ³
1437 5153 1611 5212 Joan.
1669 5175 1767 5224 xu,

1964 5160 1985 5197 ⁸
2038 5158 2191 5216 Psal.
2250 5171 2488 5225 xxxxxv,
2545 5158 2597 5211 8.
2655 5155 2677 5190 ⁵
2730 5155 2904 5211 Joan.
2957 5167 3095 5217 xvn,
3168 5150 3256 5206 i9.
3310 5148 3329 5180 ⁸
3381 5150 3569 5207 Joan'

1539 5398 1772 5455 VARI/E
1813 5402 2110 5459 LECTION
2118 5402 2218 5458 ES.

198 5220 352 5283 1,16.

262 5571 308 5605 το
333 5570 383 5622 εκ
408 5571 549 5627 εδδ,
586 5574 654 5625 Α,
780 5568 826 5602 71
868 5562 1033 5641 «igua.
1062 5566 1171 5629 ἤδη
1201 5579 1424 5625 ποιεῖται
1456 5594 1510 5638 ς.

201 5646 388 5720 om._A.
428 5716 442 5720 Α
466 5645 511 5681 ⁷⁸
542 5638 1012 5720 ἀναϐΑήσεῖαιΙῘεξ
1039 5648 1203 5720 _xi,_t.
1258 5645 1331 5720 At“
1360 5643 1468 5720 νῦν]
1498 5645 1671 5720 Joan.
1699 5638 1821 5720 xiii,
1854 5638 1941 5703 31.‘

204 5712 299 5769 Yid.
321 5715 462 5775 Ρω.
491 5732 631 5779 LIV,
662 5716 718 5771 8.
804 5711 855 5745 τ’
884 5712 911 5762 ὁ
940 5711 1077 5767 add.
1109 5715 1175 5768 A.

1625 5577 1673 5611 ’⁷³
1714 5577 1781 5639 ὡς
1810 5583 1847 5629 Α
1884 5592 1897 5631 ε
1932 5583 2106 5649 φήσας
2144 5580 2207 5638 ὡς
2239 5598 2293 5641 ς.

1255 5716 1304 5751 ⁸ο
1333 5715 1635 5789 Λαμῖπαδίω
1666 5715 1815 5776 add.
1844 5735 1926 5776 rc.
1960 5724 2025 5775 Α.

2394 5577 2441 5611 ⁷³
2465 5576 2490 5627 ὁ
2525 5572 2665 5628 add.
2700 5578 2764 5628 A.
2800 5573 2913 5628 vid.
2950 5572 2970 5627 Ι
3012 5575 3155 5628 Petr.
3192 5588 3266 5637 ιν,
3302 5577 3349 5627 l.
3428 5575 3476 5608 ⁷⁸
3507 5561 3567 5626 τὁ

2020 5651 2067 5684 ⁷⁷
2106 5649 2309 5720 λέγεται
2332 5644 2459 5720 εἶναι
2490 5642 2626 5698 ’ίδιον
2661 5667 2716 5710 ς.
2789 5646 2843 5720 ’⁷⁸
2875 5647 2899 5697 ό
2931 5648 3060 5709 Θεὸς
3091 5643 3275 5701 semel
3308 5646 3478 5717 ponit
3504 5667 3561 5709 ς’·

2105 5716 2209 5773 ³³⁷6
2243 5718 2431 5793 Λόγος]
2471 5720 2640 5775 Joan.
2668 5732 2706 5783 ι,
2746 5716 2829 5772 lli.
