4136 6216
637 319 740 374 379
1867 313 2106 370 PHOTII
2145 308 2622 368 PATHIARCHE
2661 309 2763 366 ΟΡ.
3828 315 3910 369 380

637 415 760 486 agit
786 430 800 471 :
829 413 1134 472 «Verbum
1163 429 1304 471 caro
1336 413 1562 471 factum
1574 414 2042 486 est",»itemque
2067 412 2257 469 deillo

2279 412 2371 467 :A
2401 409 2590 471 πολλὰς
2649 408 3102 483 ἐκτραχηλίζεται,
3156 411 3239 460 καὶ
3285 412 3397 482 περὶ
3436 413 3541 459 τού·
3597 426 3620 458 ε
3676 405 3842 471 οὐδεὶς
3876 410 3912 445 ⁸³

637 525 667 559 ιι
697 506 882 560 Nemo
938 503 1208 560 ascendit
1232 505 1292 559 in
1323 505 1562 569 coelum,
1614 504 1726 559 nisi
1756 504 1861 575 qui
1893 504 1967 559 de
2017 503 2167 559 caelo
2197 503 2270 558 de

2276 534 2295 548 .
2401 497 2710 556 ἀναϐέϐηκεν
2754 499 2824 560 εἰς
2874 501 2959 551 τὸν
2995 496 3288 570 ούρανόν,εἰ
3332 501 3398 569 μὴ
3441 498 3465 547 6
3508 515 3558 549 εκ
3593 503 3676 548 τοῦ
3702 496 3809 569 [153
3837 497 3909 570 Η.]

637 593 890 658 scendit,
924 593 1102 649 Filius
1128 593 1408 659 hominis,
1432 595 1536 666 qui
1567 598 1658 648 est
1683 594 1742 648 in
1765 593 1954 649 coelo“.
1980 615 2004 644 ››
2039 593 2208 648 Nono
2232 591 2266 645 li

2282 622 2291 631 -
2400 589 2617 660 ούρανοῦ
2667 588 2918 653 καταϐὰς,
2975 590 3001 639 6
3066 589 3180 647 Υἱός
3240 594 3327 639 τοῦ
3383 584 3658 656 ἀνθρώπου,
3709 589 3731 636 ὁ
3791 586 3846 636 ὡν
3879 591 3915 637 ὲν

635 684 742 740 bro
759 682 834 738 de
863 682 964 737 illo
991 683 1112 751 agit
1139 699 1152 737 :
1184 704 1204 732 ι
1229 683 1402 738 Petra
1427 688 1626 739 autem
1647 691 1772 738 erat
1803 683 2142 747 Christus”;
2173 701 2200 733 ν
2235 697 2265 736 e

2283 695 2289 736 ἱ
2399 687 2469 748 τῷ
2516 678 2736 751 οὐρανῷ.
2766 699 2793 728 »
2849 679 2973 748 [284
3021 676 3106 747 R.]
3159 675 3238 728 Ἐν
3282 672 3338 727 δὲ
3383 684 3449 745 τῷ
3498 673 3534 726 θ’
3571 680 3679 746 περὶ
3704 682 3800 726 τοῦ⁸
3827 698 3850 722 ‹‹
3870 674 3916 728 Ἡ

635 773 709 828 de
740 771 838 826 illo
867 787 880 826 :
915 789 942 822 «
967 774 1108 827 Ecce
1131 772 1250 826 vita
1277 777 1470 827 vestra
1488 788 1787 843 suspensa
1804 777 1891 826 est
1919 772 1977 826 in
1996 770 2264 826 oculisve

2287 803 2288 807 η
2398 763 2455 819 δε
2487 768 2534 802 ⁸³
2574 772 2736 839 πέτρα
2790 763 2850 825 ἧν
2899 768 2923 818 6
2975 769 3222 837 Χριστὸς,
3256 785 3281 814 ››
3317 768 3400 816 καὶ
3441 768 3545 834 περὶ
3589 770 3693 831 τού,
3739 785 3763 812 ‹‹
3791 763 3920 832 Ὀψε-

635 862 818 918 stris’.
838 882 864 912 η
880 864 1134 916 Rursum
1152 860 1226 916 de
1247 860 1348 917 illo
1374 877 1386 916 :
1410 883 1437 911 ‹‹
1460 861 1636 917 Porta
1655 861 1780 916 haec
1805 861 2006 917 clausa
2023 861 2131 916 erit
2149 861 2195 896 ¹⁰
2218 877 2231 926 ;
2259 881 2268 911 ι

2399 858 2522 907 σθαι
2567 858 2614 891 ⁸⁸
2670 861 2764 914 τὴν
2816 860 2951 919 ζωὴν
3004 857 3144 926 ὑμῶν
3197 856 3506 926 κρεμαμένην
3551 855 3643 925 πρὸ
3693 850 3919 923 ὀφθαλμῶν

641 966 779 1023 quae
805 951 1011 1006 omnia
1033 951 1214 1022 impie
1243 951 1677 1022 interpretatur.
1714 950 1954 1006 Decimo
1974 965 2113 1006 vero
2133 949 2274 1006 librc

2285 979 2287 993 ι
2395 947 2557 1018 ὑμῶν,
2590 968 2614 998 ι)
2670 952 2760 998 καὶ
2805 952 2924 1020 περὶ
2976 953 3088 1010 τού,
3143 967 3170 993 ‹‹
3218 943 3276 998 Ἠ
3330 943 3459 1000 πύλη
3511 943 3555 977 ⁸⁵
3598 941 3716 998 αὕτη
3768 941 3918 992 κεκλει·

635 1039 708 1095 de
734 1039 831 1095 illo
856 1055 868 1094 :
896 1060 923 1088 «
955 1039 1133 1095 Vobis
1191 1039 1444 1095 verbum
1477 1039 1685 1095 salutis
1740 1040 1988 1095 missum
2023 1043 2109 1094 est
2141 1040 2182 1074 ¹¹
2210 1055 2224 1104 ;
2257 1061 2268 1088 ι

2399 1039 2558 1108 σμένη
2612 1038 2778 1104 ἔσται,
2806 1059 2832 1084 υ
2873 1037 3041 1088 πάντα
3068 1042 3235 1086 ταῦτα
3278 1029 3538 1092 δυσσεϐῶς
3583 1029 3921 1101 ἐκλαμϐάνεται.

634 1129 829 1200 deque
851 1143 921 1185 eo
957 1129 1139 1196 :«Qui
1156 1128 1298 1185 Filio
1313 1145 1424 1184 suo
1448 1144 1566 1184 non
1590 1129 1910 1201 pepercit"
1937 1171 1947 1183 .
1984 1149 2011 1183 η
2029 1132 2091 1184 Et
2119 1145 2131 1185 ε
2157 1151 2186 1179 «
2205 1128 2267 1183 Dl

2395 1125 2478 1178 Ἐν
2509 1122 2567 1178 δε
2594 1134 2666 1196 τῷ
2698 1124 2730 1176 ι’
2759 1130 2878 1199 περὶ
2906 1132 3019 1187 τού,
3056 1146 3075 1173 ε
3111 1123 3254 1195 ’Υμίν
3288 1124 3333 1158 ⁸⁵
3365 1123 3388 1173 6
3417 1121 3563 1192 λόγος
3591 1128 3674 1180 τῆς
3703 1122 3924 1191 σωτηρίας

636 1217 824 1274 Verbo
883 1220 1034 1285 vitis,
1090 1217 1256 1290 quod
1311 1233 1527 1273 manus
1602 1223 1808 1274 vestras
1891 1223 2269 1275 contrectave

2396 1213 2684 1273 ἀπεστάλη·
2729 1234 2756 1266 ι)
2800 1217 2890 1266 καὶ
2937 1217 3052 1287 περὶ
3093 1219 3204 1277 τοῦ,
3240 1233 3261 1261 ε
3302 1211 3395 1272 ’ος
3437 1216 3522 1261 τοῦ
3567 1209 3608 1243 ⁸⁷
3657 1203 3778 1259 ἰδίου
3832 1208 3928 1258 Υἱοῡ

635 1311 776 1362 runt
806 1307 872 1362 ι’.
907 1327 936 1358 )›
963 1308 1176 1364 lterum
1212 1307 1286 1363 de
1317 1306 1416 1362 illo
1448 1323 1460 1362 :
1489 1329 1516 1357 ‹‹
1569 1307 1659 1363 Sic
1706 1309 1855 1363 Deus
1885 1307 2089 1364 dilexit
2119 1323 2265 1364 mun

2396 1304 2490 1357 ούκ
2537 1305 2796 1375 ἐφείσατο,
2839 1326 2866 1352 ››
2900 1307 3004 1367 καὶ,
3039 1304 3120 1355 ὅτι
3149 1302 3196 1336 ⁸⁸
3248 1320 3276 1352 ι(
3312 1302 3374 1354 Δί
3402 1306 3569 1373 χεῖρες
3602 1299 3642 1332 ⁸⁸
3675 1297 3799 1368 ὑμῶν
3823 1294 3929 1364 ἐψη-

635 1396 803 1462 dum,
828 1396 1115 1452 utFilium
1139 1413 1315 1452 suum
1337 1396 1707 1467 unigenitum
1739 1396 1907 1453 daret
1925 1398 1987 1462 “,
2024 1418 2050 1447 »
2078 1401 2134 1454 et
2157 1413 2268 1469 qua

2395 1393 2654 1466 λάφησαν,
2709 1397 2827 1467 περὶ
2873 1400 2966 1444 τοῦ
3015 1397 3189 1461 Λόγου
3232 1398 3324 1450 τῆς
3371 1390 3506 1450 ζωῆς
3542 1389 3630 1452 ⁸⁸⁸,
3657 1409 3683 1435 ››
3723 1389 3800 1436 καὶ
3836 1381 3930 1456 περὶ

635 1491 986 1558 sequuntur.
1011 1488 1073 1542 ln
1101 1486 1417 1542 undecimo
1447 1487 1598 1543 libro
1637 1486 1712 1543 de
1742 1486 1842 1543 illo
1874 1491 2080 1543 tractat
2108 1487 2239 1544 loco

2396 1491 2508 1547 τοῦ.
2538 1506 2565 1533 (ί
2593 1483 2773 1544 Οὕτως
2798 1484 2848 1517 ⁹⁰
2875 1482 3144 1553 ἠγάπησεν
3175 1483 3200 1533 ό
3225 1483 3355 1540 Θεὸς
3384 1481 3466 1530 τόν
3495 1481 3695 1548 κόσμον,
3725 1476 3839 1526 ὥστε
3863 1475 3930 1524 τὸν

640 1597 662 1624 ι
701 1576 800 1631 Hic
829 1576 982 1631 Deus
1037 1580 1233 1632 noster
1270 1589 1281 1628 :
1326 1591 1446 1631 non
1499 1575 1869 1648 reputabitur
1898 1576 2051 1632 alius
2086 1592 2273 1633 coran

2400 1576 2519 1626 Υἱόν
2566 1572 2725 1624 αύτοῡ
2782 1575 2866 1624 τὸν
2921 1579 3189 1642 μονογενῆ,
3232 1589 3262 1621 ι)
3307 1573 3396 1621 καί
3427 1567 3538 1630 ἑξῆς
3575 1568 3639 1620 ³³.
3687 1565 3759 1617 Ἐν
3798 1559 3846 1615 δι
3878 1568 3932 1629 τῷ

635 1663 787 1737 ipso.
820 1664 1043 1720 Deinde
1071 1664 1130 1720 in
1171 1672 1325 1720 terra
1347 1665 1511 1721 visus
1542 1670 1648 1731 est,
1690 1669 1748 1720 et
1777 1681 1914 1721 cum
1942 1665 2268 1721 hominibu:

2404 1662 2470 1714 ια’
2516 1666 2634 1733 περὶ
2674 1668 2787 1728 τοῦ,
2825 1683 2844 1710 ι
2877 1656 3044 1722 Οὗτος
3069 1660 3095 1712 6
3137 1661 3264 1720 Θεὸς
3314 1661 3476 1729 ἡμῶν,
3518 1655 3574 1707 ού
3617 1653 3935 1724 λογισθήσεται

635 1759 1024 1810 conversatus
1040 1759 1131 1810 est
1155 1755 1223 1806 η.
1254 1776 1273 1802 ι
1303 1753 1565 1810 Rursum
1590 1770 1763 1825 super
1785 1753 1886 1810 illo
1916 1773 1929 1810 :
1955 1773 1986 1808 ε
2013 1757 2268 1824 Exsurge

2326 1768 2365 1822 Β
2402 1753 2568 1826 ἐτερος
2621 1755 2744 1825 πρὸς
2791 1751 2966 1803 αὐτόν⁸
2998 1771 3024 1799 ι)
3052 1781 3116 1790 -
3147 1772 3174 1800 ι(
3221 1746 3349 1802 Εἶτα
3368 1750 3414 1783 ⁹²
3454 1749 3530 1798 επὶ
3573 1752 3662 1806 τῆς
3686 1750 3776 1814 γῆς
3801 1741 3935 1812 ὤφθη,

636 1842 809 1907 Deus,
848 1843 1056 1915 judica
1112 1849 1330 1900 terram
1388 1846 1455 1910 ¹⁶,
1510 1864 1538 1896 ››
1601 1845 1801 1916 Deque
1855 1843 2039 1899 altero
2094 1843 2222 1900 loco

2403 1847 2489 1894 καὶ
2541 1849 2642 1901 τοῖς
2693 1839 2977 1914 ἀνθρώποις
3038 1839 3459 1913 συνανεστράφη,
3520 1856 3546 1887 »
3603 1837 3684 1885 καὶ
3732 1834 3936 1904 περὶτοῦ

641 1949 669 1983 ι(
695 1932 806 1997 Qui
830 1933 1119 1998 videtme,
1151 1932 1632 1989 videtetPatrem
1661 1934 1706 1968 ¹⁷
1737 1954 1762 1984 ι
1791 1935 1965 1988 .Tum
2006 1933 2274 1990 adversus

2406 1953 2433 1979 ‹‹
2464 1931 2692 1985 ’Λνάστα
2721 1933 2788 1998 ⁸³,
2832 1931 2856 1980 6
2888 1932 3037 1991 Θεὸς,
3070 1933 3255 1999 κρίνων
3287 1932 3382 1986 τὴν
3408 1934 3528 1998 γῆν,
3556 1943 3584 1975 ν)
3613 1927 3696 1973 καὶ
3722 1923 3824 1991 περὶ
3849 1923 3935 1977 τοῦ,

637 2035 762 2087 eos,
822 2021 925 2092 qui
981 2020 1246 2077 dicerent
1307 2037 1428 2076 non
1485 2037 1666 2093 posse
1698 2021 2007 2092 apostolos
2053 2027 2270 2094 propte:

2407 2039 2434 2071 ιι
2463 2019 2521 2071 Ὀ
2561 2022 2797 2090 ἑωρακὼς
2841 2021 2888 2054 ⁸⁸
2929 2017 3014 2089 ἐριὶ
3061 2016 3252 2089 ἐωρακε
3289 2019 3378 2068 τόν
3429 2017 3645 2085 Πατέρα,
3681 2032 3701 2058 ι
3731 2012 3808 2060 καὶ
3846 2008 3940 2076 πρὸς

636 2108 1103 2165 imbecillitatem
1149 2109 1522 2166 audientium
1554 2125 1762 2165 verum
1808 2109 2041 2166 docere.
2068 2111 2269 2166 Duode

2403 2114 2518 2170 τοὺς
2545 2109 2783 2180 λέγοντας
2811 2113 2881 2180 μὴ
2939 2104 3201 2160 δύνασθαι
3249 2109 3372 2167 τοὺς
3401 2101 3708 2161 ἀποστόλους
3752 2094 3832 2148 διὰ
3868 2097 3939 2180 τήν

637 2199 794 2254 cimo
849 2197 1002 2253 libro
1030 2198 1205 2254 docet
1230 2213 1418 2254 unum
1449 2215 1480 2254 e
1509 2199 1785 2255 Trinitate
1815 2215 2082 2272 passum.
2119 2202 2182 2256 Et
2221 2201 2270 2255 d4

2405 2199 2669 2252 ἀσθένειαν
2716 2208 2814 2250 τῶν
2861 2196 3148 2249 ἀκουόντων
3213 2191 3492 2248 διδάσκειν
3544 2187 3856 2250 τάληθές.Ἐν
3900 2179 3943 2234 δί

636 2287 737 2343 illo
763 2287 902 2343 item
935 2306 947 2345 :
993 2307 1022 2339 (ι
1055 2287 1109 2344 Si
1136 2286 1294 2343 enim
1318 2287 1758 2358 cognovissent,
1790 2303 1913 2344 non
1953 2289 2152 2361 ipsum
2186 2289 2269 2345 Do

2403 2297 2474 2359 τῷ
2503 2288 2598 2360 ιβ’,
2643 2289 2723 2340 δτι
2771 2283 2838 2348 εἷς
2880 2294 2974 2348 τῆς
3003 2282 3232 2358 Τριάδος
3279 2287 3306 2337 ό
3356 2286 3554 2351 παθὼν,
3577 2285 3661 2332 καὶ
3709 2280 3812 2350 περὶ
3854 2279 3939 2330 τού,

637 2376 869 2432 minum
902 2376 1103 2448 gloria
1129 2377 1560 2433 crucifixissent
1587 2379 1661 2434 ιδ.
1700 2398 1727 2429 ››
1765 2377 1872 2434 Ubi
1903 2383 1958 2434 et
1978 2360 2143 2450 quod
2174 2393 2270 2434 nor

2407 2398 2430 2428 ιι
2484 2378 2543 2430 Εἰ
2583 2381 2684 2451 γὰρ
2716 2380 2764 2412 ³⁸
2790 2379 3042 2447 ἔγνωσαν,
3070 2375 3164 2427 ούκ
3216 2373 3276 2426 ἂν
3327 2379 3412 2426 τὸν
3467 2375 3650 2443 Κύριον
3697 2375 3783 2427 τῆς
3817 2360 3943 2423 δόξης

636 2466 910 2522 dicamus
974 2465 1128 2523 duos
1159 2465 1445 2534 Christos,
1478 2466 1718 2523 inﬁrma
1745 2466 2021 2539 malaque
2061 2467 2269 2524 rationi

2403 2468 2758 2538 ἐσταύρωσαν,
2801 2487 2828 2513 n
2861 2469 2954 2516 καὶ
3001 2473 3108 2524 πῶς
3140 2465 3187 2499 ⁹⁶
3237 2463 3294 2515 ού
3345 2463 3552 2532 λέγομεν
3603 2454 3694 2509 δύο
3734 2453 3944 2526 Χριστοὺς

635 2554 940 2610 defendit:
977 2555 1054 2611 ad
1081 2570 1258 2610 suam
1286 2555 1414 2626 ipse
1440 2555 1808 2613 voluntatem
1841 2557 2121 2612 nimirum
2158 2573 2261 2612 sen

2405 2554 2628 2616 ἀσθενῶς
2677 2560 2764 2607 καὶ
2821 2553 3183 2627 κακοτρλόπως
3251 2550 3600 2622 ἀπολογεῖται,
3633 2547 3750 2618 πρὸς
3793 2543 3843 2592 τό
3891 2556 3947 2588 οι-

634 2659 891 2716 sumque
912 2643 1322 2700 defensionem
1342 2645 2035 2702 accommodans.Tertio
2060 2646 2267 2702 decimi

2402 2652 2536 2698 κείον
2594 2649 2766 2716 μέντοι
2817 2641 3208 2715 συμϐαίνουσαν
3281 2638 3531 2712 βούλημα
3578 2641 3662 2693 τὴν
3713 2629 3946 2697 ἀπολογίαν

629 2733 892 2805 denique
920 2732 1074 2788 libro
1103 2733 1319 2805 quaerit
1347 2734 1692 2798 :Quomodo
1720 2749 1839 2790 non
1859 2735 1974 2791 sint
1992 2735 2115 2790 duo
2148 2733 2262 2790 Filii

2402 2737 2639 2809 προάγει.
2670 2733 2750 2786 Ἐν
2804 2729 2863 2784 δέ
2904 2739 2975 2801 τῷ
3030 2729 3097 2801 ιγ’
3152 2734 3270 2802 περὶ
3324 2737 3419 2781 τού
3460 2735 3562 2786 πῶς
3611 2724 3666 2776 ού
3716 2717 3801 2773 δύο
3843 2718 3945 2770 Υιοί·

632 2821 701 2877 Et
731 2802 870 2878 vero
896 2838 968 2877 ex
1011 2821 1083 2876 iis
1124 2802 1346 2895 quibus
1390 2823 1797 2879 defensionem
1832 2824 2097 2890 instituit,
2141 2824 2261 2880 duo

2402 2827 2577 2875 καίτοι
2629 2822 2680 2884 ἐξ
2732 2823 2798 2872 ὧν
2849 2818 2995 2873 δοκεῖ
3034 2818 3434 2889 ἀπολογεῖσθαι,
3469 2815 3661 2885 ἀνάγκη
3699 2811 3842 2880 λέγειν
3875 2802 3950 2856 δύο

631 2925 762 2967 esse
816 2910 988 2967 Filios
1041 2911 1236 2967 dicere
1276 2927 1516 2967 necesse
1557 2913 1646 2967 sit.
1679 2914 1805 2979 Qua
1828 2913 1887 2968 in
1919 2928 1980 2968 re
2010 2912 2258 2968 Tarasiu

2404 2915 2574 2972 Υἱούς.
2599 2913 2680 2964 Ἐν
2790 2914 2878 2962 καὶ
2922 2911 2947 2961 6
2995 2911 3256 2982 Ταράσιός
3309 2911 3384 2968 ὡς
3436 2903 3592 2965 δῆθεν
3630 2899 3950 2982 ἐκνηικημξνος

600 2965 971 3076 summa.
1010 2965 1197 3055 usus
1219 2965 1537 3056 suum
1567 2965 2020 3058 {statuisti
2058 2965 2233 3058 uiis};

2414 2965 2417 2966 ν
2540 2965 2554 2972 -
2731 2966 2740 2981 ,
3074 2965 3082 2982 ,
3243 2965 3255 2969 -
3368 2965 3381 2968 -
3839 2965 3845 2968 ,

2405 3008 2597 3072 σιωπᾷ,
2631 3005 2720 3053 καὶ
2769 3002 2924 3052 παύει
2951 3003 3040 3051 καὶ
3065 3000 3090 3050 6
3140 2997 3410 3058 Βασίλειος
3458 3001 3574 3054 ἦτοι
3611 2995 3636 3045 ὁ
3687 2981 3953 3061 Δαμποὶδιος

633 3088 768 3154 lius,
819 3089 942 3144 sive
994 3089 1353 3162 Lampadius
1417 3090 1678 3146 studiose
1717 3091 2074 3162 interrOgare
2105 3107 2176 3146 ac
2207 3107 2266 3147 re

2327 3120 2365 3174 α
2403 3099 2496 3154 τὴς
2526 3095 2660 3145 κατὰ
2686 3093 2869 3144 πεύσιν
2909 3095 2997 3142 καὶ
3036 3089 3312 3164 απόκρισιν
3355 3084 3602 3146 σπουδῆς
3642 3090 3728 3141 τῆν
3767 3075 3948 3149 σχολὴνι

635 3176 954 3248 spondere.
989 3176 1143 3232 Libri
1165 3193 1342 3248 porro
1368 3183 1504 3247 tres,
1529 3182 1781 3251 quartus
1813 3178 2102 3242 decimus,
2122 3180 2267 3252 quin

2353 3166 2365 3174 ’
2399 3187 2489 3235 καὶ
2518 3190 2740 3235 ποιεῖται
2770 3184 2855 3232 τὸν
2889 3175 2981 3245 ιδ’,
3018 3179 3068 3232 ιε’
3099 3199 3152 3231 τε
3181 3185 3270 3232 καὶ
3303 3177 3382 3243 ις’
3412 3177 3563 3248 λόγον
3595 3166 3953 3236 διεξοδικωτέρῳ

633 3269 728 3321 tus
754 3265 1044 3331 decimus,
1077 3271 1134 3322 et
1165 3272 1361 3323 sextus
1391 3268 1680 3333 decimus,
1725 3272 2012 3340 perpetua
2037 3275 2266 3327 context

2398 3272 2554 3344 λόγῳ,
2608 3275 2696 3323 καὶ
2749 3273 3065 3342 κατατρέχει
3117 3277 3215 3321 τῶν
3259 3266 3306 3320 ἐν
3357 3276 3433 3338 τῷ
3587 3268 3673 3315 καὶ
3715 3258 3761 3331 γ’
3802 3252 3953 3329 βιϐλίῳ

632 3353 925 3418 oratione,
958 3353 1016 3409 in
1048 3355 1379 3410 secundum
1425 3362 1480 3412 et
1510 3359 1742 3413 tertium
1772 3357 1991 3414 librum
2017 3359 2265 3416 assertio

1425 3362 1480 3412 et
1510 3359 1742 3413 tertium
1772 3357 1991 3414 librum
2017 3359 2290 3416 assertio-
2399 3365 2676 3437 ειρημένων
2703 3368 2775 3431 τῷ
2807 3359 3038 3430 Ἰωάννῃ.

633 3458 781 3499 num
811 3443 1060 3498 Joannis
1092 3444 1514 3517 Scythopolitaa
1546 3445 1875 3502 incurrunt.

704 3531 946 3588 Fuithic
964 3533 1206 3589 Basilius
1223 3533 1547 3607 presbyter,
1576 3539 1639 3591 ut
1663 3535 1737 3592 de
1770 3552 1830 3592 se
1859 3537 1985 3608 ipse
2007 3536 2284 3605 afﬁrmat,

2469 3539 2564 3592 Ἦν
2619 3535 2668 3590 δ’
2717 3536 2863 3596 οὗτος
2916 3537 2941 3587 6
2991 3533 3253 3596 Βασίλειος
3302 3531 3671 3606 πρεσϐύτερος,
3728 3527 3788 3584 ὡς
3839 3519 3957 3574 αὖτός

633 3621 1021 3678 Antiocheam
1054 3621 1346 3688 Ecclesiae,
1407 3639 1531 3696 quo
1579 3629 1840 3697 tempore
1889 3625 2173 3682 thronum
2206 3628 2264 3684 ib

2399 3648 2550 3702 φησι,
2602 3635 2692 3688 τῆς
2765 3629 2899 3678 κατὰ
2959 3625 3288 3695 Ἀντιόχειαν
3353 3623 3684 3682 Ἐκκλησίας,
3753 3614 3958 3702 ἀρχιερξξ

634 3712 874 3770 tenebat
892 3711 1208 3769 Flavianus
1237 3713 1371 3786 (54),
1397 3691 1768 3787 Romanique
1794 3715 2032 3772 clavum
2052 3717 2267 3789 imperi

2398 3721 2632 3778 τεύοντος
2690 3719 2779 3787 μὲν
2837 3724 2935 3767 τῶν
3003 3712 3163 3766 ἐκεῖσε
3233 3711 3548 3774 Φλαϐιανού,
3621 3708 3864 3778 Ῥωμαίων
3915 3691 3957 3746 δε

635 3802 1066 3858 moderabatur
1086 3805 1455 3859 Anastasius.
1476 3804 1662 3861 Dictio
1684 3804 1809 3876 ejus
1831 3806 1889 3861 in
1911 3806 2167 3878 dialogis
2187 3821 2266 3879 po

2399 3808 2749 3862 ’Λναστασίου
2807 3803 3194 3877 βασιλεύοντος.
3222 3802 3378 3854 Ἐστι
3429 3799 3489 3854 δε
3541 3804 3634 3856 τὴν
3677 3795 3846 3869 φράσιν

636 3891 944 3948 tissimum
1003 3891 1242 3948 humilis
1289 3900 1396 3959 est,
1448 3899 1514 3950 ut
1560 3909 1670 3950 nec
1723 3895 2030 3952 avocibus
2061 3911 2092 3952 e
2122 3868 2269 3952 trivit

2401 3895 2569 3960 δαῖος,
2598 3900 2686 3947 καὶ
2729 3893 2956 3966 μάλιστα
3008 3891 3056 3944 ἐν
3103 3899 3210 3953 τοῖς
3244 3887 3575 3963 διαλογικοῐς
3607 3885 3761 3938 αὐτοῦ
3789 3881 3828 3915 ’7
3863 3868 3961 3927 οὐδε

637 3981 893 4053 sumptis
925 3981 1039 4037 sibi
1068 3985 1376 4053 temperet.
1409 3983 1522 4039 Sed
1545 3988 1600 4040 et
1625 3983 1685 4040 in
1717 3985 2150 4057 compositione
2187 4001 2268 4058 pa

2399 3996 2498 4040 τῶν
2558 3986 2613 4037 ἐκ
2677 3980 2890 4055 τριόδου
2945 3983 3191 4057 ῥημάτων
3243 3979 3526 4051 ἀπέχεται·
3577 3975 3680 4028 ἀλλ’
3736 3966 3847 4024 ούδὲ
3886 3968 3957 4018 τὴν

635 4085 772 4128 rum
803 4075 1136 4137 accuratus,
1179 4087 1426 4144 peccare
1466 4088 1587 4129 non
1632 4089 1790 4140 raro,
1837 4080 2015 4147 atque
2069 4075 2268 4132 soloaci

2403 4074 2643 4137 σύνταξιν
2693 4071 2934 4148 ἀκριϐὴς,
2965 4074 3098 4123 ὥστε
3141 4076 3228 4122 καὶ
3281 4073 3450 4144 μέχρι
3498 4074 3592 4120 τοῦ
3637 4060 3855 4135 σφάλλειν
3895 4070 3961 4150 mf

639 4176 840 4216 smum
871 4159 1064 4216 facere
1091 4159 1558 4232 deprehenditur
1588 4163 1765 4233 δεῖ).
1798 4163 2017 4220 Verum
2048 4164 2129 4219 uti
2161 4179 2272 4236 peri

2402 4164 2759 4235 σολοικισμοῖς
2811 4162 3113 4234 κεχρῆσθαι
3182 4159 3428 4220 πολλάκις
3502 4157 3755 4227 ἐξάγεται·
3806 4151 3882 4199 καὶ
3923 4157 3964 4191 το

638 4249 876 4320 spicuus
910 4249 969 4303 in
997 4249 1088 4304 his
1135 4264 1269 4305 esse
1321 4250 1633 4318 laboravit,
1681 4252 1762 4308 ita
1793 4268 2034 4327 quoque
2079 4254 2141 4310 in
2172 4255 2271 4310 sui:

2404 4259 2557 4328 σαφὲς
2611 4251 2688 4318 δε,
2723 4255 2791 4314 ὡς
2842 4251 2890 4304 ἐν
2943 4253 3141 4312 τούτοις
3173 4251 3242 4314 ⁸⁸,
3285 4245 3627 4307 ἐπετήδευσε.
3674 4247 3788 4300 Τοῖς
3828 4238 3965 4328 μέντοι

642 4337 927 4391 adversus
940 4337 1067 4407 pios
1078 4339 1445 4407 argumentis
1470 4340 1793 4397 vehemens
1810 4322 1957 4398 sane
1979 4347 2088 4409 est,
2114 4347 2275 4416 atqui

2402 4322 2536 4398 κατὰ
2591 4351 2679 4403 τῆς
2733 4340 2994 4402 εὐσεϐείας
3045 4339 3430 4413 ἐπιχειρήμασι
3503 4334 3700 4412 δριμύς
3748 4333 3798 4383 τί
3858 4322 3969 4376 ἐστιν

637 4425 771 4481 visu
793 4425 986 4491 tritus,
1006 4431 1323 4483 utomnem
1350 4427 1525 4500 plane
1551 4429 1733 4486 vitam
1761 4429 1818 4486 in
1837 4430 1951 4487 hoc
1976 4447 2132 4488 vano
2153 4448 2264 4488 con

2336 4471 2366 4524 Ο
2403 4440 2492 4488 καὶ
2535 4433 2785 4507 ἐντριϐὴς,
2828 4436 2918 4483 καὶ
2974 4433 3060 4482 τὸν
3107 4429 3219 4482 ὅλον
3270 4427 3387 4500 βίον
3441 4429 3672 4489 τούτοις,
3731 4423 3791 4478 ὡς
3845 4417 3969 4473 ἔοικι,

641 4518 732 4571 tra
761 4513 1044 4587 pietatem
1091 4516 1283 4572 studio
1334 4519 1776 4590 consumpsisse
1831 4519 2120 4578 videatur.
2176 4521 2272 4578 Ets

2340 4511 2364 4524 I
2404 4532 2511 4586 τοῖς
2566 4527 2810 4596 ματαίοις
2855 4523 2989 4572 κατὰ
3037 4527 3127 4579 τῆς
3178 4516 3436 4578 εύσεϐείας
3488 4520 3667 4576 πόνοις
3716 4511 3973 4582 ἐγκατασα-

642 4617 786 4659 vero
843 4601 1194 4659 Nestoriana
1225 4603 1336 4674 (55)
1385 4604 1597 4661 haaresi
1643 4605 1894 4662 infectus
1942 4613 2050 4676 est,
2096 4609 2275 4668 Nestor

2403 4617 2531 4674 πείς.
2581 4615 2682 4665 Καὶ
2723 4614 2814 4668 τὴν
2854 4611 3053 4682 αἰρεσιν
3094 4604 3154 4660 δε
3191 4611 3483 4680 Νεστορίου
3522 4612 3690 4658 νοσῶν
3733 4596 3974 4663 Νεστόριον

707 4701 902 4756 "Joan.
960 4717 999 4766 ι,
1073 4705 1155 4758 14.
1212 4704 1233 4739 ⁸
1289 4703 1465 4760 Joan.
1515 4719 1596 4768 ιιι,
1656 4707 1738 4760 13.
1773 4705 1818 4740 ε’
1875 4707 1896 4761 ι
1948 4707 2083 4764 Cor.
2135 4725 2192 4774 x,
2233 4713 2287 4767 4.

2348 4712 2370 4749 ⁰
2430 4711 2598 4767 Deut.
2626 4724 2820 4774 xxvm,
2857 4707 2944 4764 66.
2989 4709 3040 4751 ιο
3072 4704 3278 4763 Ezech.
3314 4721 3547 4769 xxxxiv,
3574 4708 3629 4759 2.
3671 4701 3713 4737 “
3756 4697 3866 4753 Act.
3893 4705 3980 4774 ιιι,

641 4773 748 4852 _2_6.'
882 4774 926 4810 ¹²
950 4775 1116 4852 Rom.
1141 4774 1336 4852 111,32:
1368 4849 1393 4852 _
1489 4766 1704 4852 "Joan
1734 4794 1768 4843 ι,
1807 4782 1855 4834 1.
2031 4766 2272 4838 “Joan.

2343 4802 2388 4852 ii,
2421 4785 2508 4840 16.
2660 4781 2704 4818 ¹⁸
2740 4766 2988 4836 Baruch.
3017 4796 3094 4845 ιιι,
3129 4777 3316 4835 36-38.
3468 4766 3707 4831 “‘Psal.
3737 4781 3908 4828 LXXXI,
3936 4766 3976 4817 8.

643 4844 685 4882 ιτ
719 4842 890 4908 Joan,
919 4860 1035 4912 xiv,
1065 4849 1118 4901 9.
1220 4846 1265 4882 ιδ
1307 4846 1326 4900 Ι
1359 4849 1487 4904 Cor.
1515 4863 1572 4911 ιι,
1606 4850 1657 4903 8.

1986 4951 2215 5008 VARUE
2256 4952 2551 5009 LECTION
2559 4950 2656 5007 ES.

713 5040 760 5120 ’ξ
791 5036 984 5120 ἒῦδεὶς]
1013 5042 1184 5120 ιρβη.
1219 5047 1416 5120 1317.}3-
1487 5114 1505 5120 _
1531 5043 1628 5120 ⁸ξὴ
1660 5041 1783 5119 δέ]Ι
1813 5047 1941 5103 Cor.
1974 5064 2032 5114 κ,
2070 5052 2121 5104 4.
2237 5051 2283 5086 ⁸⁴
2318 5053 2479 5106 Deut.
2511 5065 2702 5114 xxvni,
2736 5051 2792 5104 6.
2913 5049 2959 5120 'f‘
2991 5048 3020 5105 ἠ
3054 5045 3217 5120 πύλη]
3245 5046 3449 5102 Ezech.
3479 5060 3644 5120 XLVI,
3693 5047 3738 5098 l.
3791 5039 3862 5120 ff
3884 5034 3984 5118 illi?”

643 5112 704 5200 6]_
723 5115 867 5200 Act._
888 5129 1001 5200 xiii,
1037 5117 1123 5170 26.
1237 5115 1285 5149 ⁸⁷
1311 5115 1366 5177 ὃς
1390 5114 1506 5200 τοῦ]
1542 5112 1859 5200 Rom-vni,
1889 5122 1976 5200 33.
2020 5112 2025 5114 ⁷
2092 5122 2137 5157 ⁸⁸
2165 5122 2244 5174 ὅτι
2268 5139 2392 5200 ραι,
2427 5124 2493 5178 Α.
2608 5123 2654 5158 υ
2679 5112 2960 5200 αέᾐχείρες]
2989 5122 3022 5200 ι.
3048 5112 3218 5175 ,Ιοεηῖ
3243 5134 3278 5184 ι,
3309 5125 3377 5200 tl.“
3471 5119 3561 5200 89:.
3578 5120 3698 5200 περὶ
3724 5112 3985 5200 765,567on

642 5182 919 5264 fis-Com
961 5184 1090 5264 haec
1119 5201 1256 5241 cum
1293 5193 1441 5264 ante
1472 5182 2280 5264 {relegerenturtransposui
2331 5209 2467 5250 cum
2517 5200 2581 5264 Α.
2697 5182 2960 5264 WBG-17.x]
2995 5191 3163 5247 Joan.
3195 5182 3275 5256 in,
3315 5190 3396 5264 16.
3432 5261 3441 5264 _
3517 5182 3789 5264 Nsce-Life?
3815 5182 3986 5264 Mig-

718 5253 846 5339 εἶτα]
882 5251 1137 5339 Baruch.
1170 5273 1248 5339 ιιι,
1277 5259 1390 5339 βο.-
1417 5329 1433 5339 _
1494 5251 1780 5339 ῆδάνεξστα]
1813 5262 1975 5339 Psal.
2015 5251 2215 5329 xxviii,
2261 5269 2310 5322 8.
2423 5266 2470 5301 9‘
2503 5263 2528 5318 ὀ
2559 5265 2818 5339 ἑωρακώς]
2851 5251 3024 5321 Joan.
3060 5279 3168 5330 xw,
3190 5251 3270 5318 9f
3324 5263 3370 5296 ’⁵
3404 5261 3445 5313 εἰ
3470 5261 3600 5336 γὰρ]
3633 5259 3653 5314 I
3681 5260 3806 5314 Cor.
3831 5269 3884 5316 ιι,
3919 5251 3987 5303 18.

648 5327 696 5362 9°
727 5326 865 5387 ὃπως
887 5350 942 5393 ς.
1057 5330 1100 5363 ’7
1137 5329 1295 5382 αύτού
1317 5329 1457 5386 add.
1491 5332 1560 5390 A.
1639 5333 1684 5367 ⁸⁸
1715 5326 1871 5405 σᾶφές
1898 5337 1945 5387 ἐν
1976 5339 2177 5398 τούτοις
2204 5326 2266 5401 ς’.

714 5511 826 5594 ρ54)
891 5512 1029 5584 Ejus
1085 5516 1345 5572 nominis
1393 5519 1686 5577 secundus
1716 5519 1874 5578 circa
1904 5537 2044 5578 ann.
2079 5436 2299 5579 (111τίῗὲ
2306 5436 2536 5578 ἸῈοοιί.
2567 5523 2623 5590 9,
2657 5539 2765 5594 pro
2792 5521 3180 5594 Eutychianis
3209 5515 3997 5594 scripssisehuncadversus

644 5581 824 5665 5092-:
861 5581 945 5665 -.'
981 5658 991 5665 .
1071 5655 1082 5665 .
1292 5658 1349 5665 -,
1436 5659 1475 5665 ,,
1520 5662 1529 5665 _
1633 5661 1643 5665 ,
1749 5663 1757 5665 _
2401 5581 2735 5665 Nestorium
2753 5581 3858 5665 videiturﬁpsumqu‘eScylhopolitam
3877 5597 3996 5639 con-

717 5655 831 5730 (55)
860 5652 1274 5717 Nestorianum
1291 5658 1387 5720 hic
1417 5659 1535 5720 dici
1564 5661 1794 5725 mireris
1815 5681 1958 5724 sane
1984 5679 2124 5724 cum
2154 5681 2286 5746 sup.
2403 5671 2493 5726 tra
2523 5664 2656 5724 illos
2687 5666 3000 5739 scripsisse
3025 5652 3287 5722 'constetl
