4136 6216
252 340 351 398 381

1307 341 1808 402 BIBLIOTHECA.
1839 370 1907 385 -
1937 342 2148 401 CODD.
2185 345 2369 419 CVIII,
2414 347 2554 405 CIX.

3509 350 3614 405 382

250 470 337 541 μεν
364 467 457 520 οὔκ
488 466 796 535 οἰκειοῦται,
830 466 1088 542 Διόδωρον
1118 465 1177 522 δε
1205 472 1294 521 καὶ
1334 464 1606 543 Θεόδωρον
1632 469 1844 543 ἐπιγρά-

1958 469 2117 526 rium
2161 475 2363 528 tamen
2393 471 2503 530 sibi
2536 487 2921 548 nequaquam
2952 471 3233 539 vindicat,
3268 472 3373 529 sed
3402 472 3617 531 Diodo-

252 577 396 631 φεται
429 563 677 633 Πατέρας.
733 565 837 613 Καὶ
868 562 1002 612 κατὰ
1028 562 1118 631 μὲν
1148 566 1241 611 τοῦ
1274 560 1552 611 θεσπεσίου
1598 558 1849 633 Κυρίλλου

251 648 317 708 εἰς
359 652 638 721 πρόσωπον
682 649 843 710 οὕτως
885 647 1247 720 ἀναισχύντως
1278 647 1335 699 ὀύ
1382 646 1685 720 βλασφημεῖ
1718 667 1729 677 ·
1764 652 1850 700 τὸν

247 742 423 809 μέντοι
455 756 514 809 γε
560 738 825 804 Ἰωάννην,
870 736 987 790 καθ’
1036 737 1096 789 οὗ
1140 740 1233 795 τὴν
1279 741 1480 809 γραφὴν
1511 736 1846 801 ἐνεστήσατο,

245 822 436 898 μηδενὶ
467 826 604 898 ἄλλῳ
631 825 739 878 ἀλλ’
785 827 815 887 ἣ
852 833 963 889 τοῖς
1002 824 1256 898 Κυρίλλου
1290 830 1447 897 φησὶν
1492 823 1850 899 ὶπερείδεσθαι

250 913 324 988 ιβ’
372 916 686 987 κεφαλαίοις,
732 920 824 968 καὶ
868 924 940 986 τῷ
984 910 1288 986 δωδεκάτῳ,
1337 918 1488 986 φησὶ,
1538 915 1790 987 μάλιστα,
1824 918 1849 969 ὃ

253 1007 557 1076 παρεισάγει
587 1008 682 1063 τὴν
713 1006 1014 1058 Θεοπάθειαν
1047 1021 1060 1035 ·
1094 1003 1142 1056 έν
1173 1004 1249 1066 οἷς
1266 1004 1406 1075 αὐτῷ
1435 1008 1524 1056 καὶ
1554 1006 1603 1039 9°
1630 1012 1723 1067 τὴς
1752 1025 1850 1076 μα-

252 1097 541 1154 ταιοπονίας
566 1097 626 1146 τὸ
653 1093 811 1155 τέλος.
843 1098 912 1147 Τὸ
941 1090 999 1146 δε
1032 1094 1307 1165 σύνταγμα
1349 1092 1490 1163 αὐτῷ
1536 1096 1663 1167 πρὸς
1691 1098 1849 1147 Λέον-

243 1201 371 1245 τιον,
404 1185 470 1244 ὡς
504 1185 711 1256 ἶφημεν,
742 1182 982 1248 ἐποιήθη,
1012 1182 1064 1235 ὃν
1090 1184 1375 1235 ὁσιώτατον
1404 1186 1494 1235 καὶ
1521 1181 1847 1255 θεοφιλέστα-

241 1290 325 1324 τον
350 1275 440 1323 καὶ
461 1275 671 1347 Πατέρα
696 1270 1058 1345 ἀποσεμνύνει.

987 1540 1110 1600 PH'.

232 1627 525 1707 Θεοδώρου
572 1632 884 1705 μονάζοντος
938 1627 1315 1707 Ἀλεξάνδρέως
1360 1632 1506 1707 κατὰ
1557 1636 1843 1707 Θεμιστίου

302 1701 478 1775 λόγος.
500 1701 623 1777 ⁸ιίοιὶ
670 1708 956 1777 Θεμιστίου
998 1701 1254 1775 ἀπολογία
1286 1704 1412 1776 ὑπὲρ
1441 1710 1532 1756 τοῦ
1585 1701 1641 1755 ἕν’
1674 1701 1845 1773 ἁγίοις

252 1820 274 1843 ,
304 1774 625 1848 Θεοφοϐίου.

306 1866 645 1938 Ἀνεγνὼσθη
718 1863 997 1934 Θεοδώρου
1076 1864 1391 1938 μονάζοντος
1467 1860 1843 1938 Ἀλεξανδρέως

225 1956 371 2007 κατὰ
425 1958 743 2027 Θεμιστίου,
783 1955 843 2007 οὗ
896 1957 926 2013 ἠ
977 1958 1259 2028 ἑπιγραφὴ,
1303 1976 1332 2003 ‹‹
1372 1952 1632 2025 Ἔλεγχος
1678 1955 1748 2015 ὡς
1792 1953 1840 2005 έν

227 2047 482 2116 συντόμῳ
522 2051 619 2106 τῆς
660 2044 852 2096 ἄνωθεν
903 2048 993 2095 καὶ
1035 2043 1090 2107 έξ
1140 2041 1317 2118 ἀρχῆς
1370 2046 1658 2114 Θεμιστίου
1706 2044 1843 2094 κατὰ

224 2142 333 2185 τῶν
397 2133 550 2204 ἡμῶν
611 2134 630 2169 ⁸
690 2136 927 2205 Πατάρων
1004 2138 1294 2207 προπετοῦς
1360 2135 1452 2184 καὶ
1513 2130 1842 2202 ἀλογωτάτης

225 2224 551 2287 ἕπτάσεως,
624 2220 679 2273 ἐκ
758 2222 1067 2295 προφάσεως
1134 2228 1222 2275 νῦν
1298 2221 1426 2292 ἡμῖν
1498 2224 1843 2292 πεπονημένος

226 2309 358 2382 [285
415 2311 508 2381 8.]
566 2318 668 2362 τῶν
718 2309 1141 2385 προϐεϐλημένων
1200 2310 1289 2363 ὑπ’
1351 2309 1513 2362 αὑτοῦ
1573 2312 1705 2361 κατά
1753 2318 1843 2371 τῆς

220 2399 480 2461 ἀληθείας
551 2401 860 2471 ζητημάτων
905 2418 963 2452 τε
1030 2404 1119 2452 καὶ
1194 2399 1317 2470 [154
1374 2399 1467 2469 Η.]
1517 2400 1839 2471 προτάσεων,

219 2494 317 2541 καὶ
348 2494 533 2563 σαφὴς
573 2486 936 2563 διευκρίνησις
962 2496 1052 2549 τῆς
1093 2492 1436 2564 προκειμένης
1463 2489 1776 2549 ὑποθέσεως.
1811 2510 1838 2538 ››

213 2577 284 2633 Ἠ
458 2574 554 2631 οὖν
602 2578 863 2651 ἐπιγραφή
908 2579 1124 2635 τοιαύτη
1180 2576 1388 2650 βιϐλίον
1436 2576 1626 2649 μᾶλλον
1670 2578 1700 2636 ἣ
1734 2575 1843 2630 έπι-

214 2670 408 2739 γραφὴ
443 2665 657 2739 βιϐλίου
686 2668 1034 2739 τυγχάνουσα
1076 2704 1088 2717 .
1131 2668 1287 2739 ἄμφω
1318 2662 1397 2732 δε,
1430 2667 1457 2719 ὃ
1485 2685 1539 2719 τε
1568 2662 1844 2740 Θεόδωρος

215 2761 317 2808 καὶ
371 2760 684 2828 Θεμίστιος,
726 2757 981 2830 αἱρετικοὶ
1032 2758 1121 2808 καὶ
1166 2762 1256 2816 τῆς
1308 2764 1404 2808 τῶν
1458 2762 1841 2827 Θεοπασχιτῶν

214 2840 447 2918 μερίδος
536 2845 876 2918 ὑπάρχουσι,
936 2843 1187 2918 Σεϐήρῳ⁸
1243 2849 1724 2917 προσανακείμενοι.
1782 2843 1841 2896 Ὀ

216 2940 405 3006 μέντοι
456 2937 739 3006 Θεμίστιος
788 2934 818 2993 ἦ
863 2932 1172 3006 Καλὼνυμος
1234 2932 1553 3006 (έξονομάζει
1594 2936 1697 3006 γὰρ
1752 2936 1842 2986 καὶ

217 3024 396 3085 οὕτως
447 3023 610 3085 αὐτὸς
659 3022 864 3093 ἑαυτὸν)
908 3027 997 3077 καὶ
1047 3032 1144 3085 τῆς
1192 3031 1293 3075 τῶν
1340 3024 1618 3096 Ἀγνοῐτῶν
1654 3023 1676 3057 ³
1713 3041 1843 3096 προ-

220 3114 437 3175 στάτης
485 3111 632 3166 ἔστιν
682 3114 949 3187 αἱρέσεως,
1008 3117 1098 3166 καὶ
1143 3112 1296 3185 λόγον
1346 3113 1471 3188 ὑπὲρ
1524 3122 1618 3175 τῆς
1670 3114 1844 3165 τοιαύ-

218 3222 322 3263 της
355 3207 522 3256 νόσου
564 3202 905 3277 συνέγραψεν,
934 3203 989 3255 ὃν
1038 3201 1343 3276 έπέγραψεε
1388 3202 1704 3276 Καὶωνύμου
1751 3210 1842 3256 τοῦ

216 3297 312 3345 καὶ
378 3290 638 3365 Θετοίλου
688 3291 945 3364 ἀπολογία
1001 3293 1127 3366 ὑπερ
1172 3299 1265 3345 τοῦ
1330 3291 1381 3345 έν
1433 3292 1606 3364 ἁγίοις
1655 3300 1845 3364 Θεοφο-

218 3380 366 3447 ϐίου,
426 3380 477 3433 έν
528 3378 573 3452 ᾧ
624 3385 715 3433 καὶ
754 3380 1003 3455 Σεϐήρου,
1145 3384 1551 3457 προσανάκειται
1587 3386 1844 3453 (τοιοῦτον

220 3474 321 3544 γὰρ
380 3472 445 3521 τὸ
491 3466 696 3540 ψεῦδος
742 3476 833 3523 καὶ
884 3472 934 3523 οἱ
981 3469 1199 3545 ἐρασταὶ
1244 3478 1338 3523 τοῦ
1388 3467 1668 3542 ψεύδους),
1722 3470 1847 3523 καθ-

222 3562 473 3613 άπτεται.
510 3558 747 3622 [εὐθύνας
772 3556 834 3612 δι
863 3558 913 3612 έν
937 3555 1075 3631 τῷδε
1096 3568 1168 3631 τῷ
1183 3559 1319 3632 λόγῳ
1349 3562 1494 3634 παρά
1519 3561 1541 3595 δ
1568 3555 1844 3633 Θεοδώρου

224 3650 610 3725 εἰσπράττεται
659 3666 673 3681 ο
727 3650 794 3700 τὰ
830 3650 929 3724 γάρ
977 3668 1060 3702 τοι
1110 3657 1203 3702 τοῦ
1240 3654 1525 3721 Θεμιστίου
1570 3647 1848 3725 ἐπιχειρή-

226 3758 375 3810 ματα
424 3743 667 3812 τέσσαρα
715 3740 805 3810 μεν
853 3742 996 3803 ὄντα,
1040 3742 1135 3797 τὴν
1182 3739 1395 3811 ἄγνοιαν
1448 3735 1529 3803 δι,
1583 3740 1653 3801 ὡς
1698 3742 1844 3810 ᾤετο,

227 3830 315 3882 ἐπὶ
362 3835 611 3898 Χριστοῦ
664 3827 1149 3893 κατασκευάζοντα,
1207 3827 1324 3880 καθ’
1403 3826 1451 3880 ἓν
1500 3829 1525 3880 ὁ
1579 3824 1847 3900 Θεόδωρος

228 3918 544 3989 ταξάμενος,
596 3916 818 3977 ἕκαστος
862 3920 1079 3991 μυρίαις
1123 3914 1367 3977 ἀτοπίαις
1413 3916 1661 3989 ἐχόμενον
1688 3919 1708 3953 ⁵
1741 3914 1845 3971 δεί.

230 4025 438 4060 mea.
494 4002 625 4059 Εἶτα
682 4004 835 4058 πάλιν
882 4006 910 4056 ὁ
962 4008 1264 4077 Θεμίστιος,
1326 4007 1499 4078 ὥσπερ
1553 4010 1647 4066 την
1690 4004 1846 4066 ἧτταν

236 4094 675 4167 ἀπειλούμενος,
722 4096 859 4146 κατά
919 4090 1197 4166 Θεοδώρου
1260 4093 1564 4167 μονόϐιϐλον
1630 4096 1841 4171 ἔγραψε.

243 4177 345 4237 [ait
370 4186 396 4235 ὁ
420 4180 701 4257 Θεόδωρος
751 4183 904 4235 πάλιν
939 4182 987 4234 έν
1034 4188 1179 4256 τρισὶ
1220 4188 1397 4255 τὸμοις
1434 4189 1554 4247 τοὺς
1594 4186 1709 4239 κατ’
1752 4187 1848 4240 αὐ-

228 4280 329 4325 τοῦ
384 4273 637 4345 ἐλέγχους
694 4271 1202 4345 ἀποσκευασάμενος,
1280 4278 1374 4332 τὴν
1449 4274 1637 4328 οἰκείαν
1699 4274 1780 4329 ἐπὶ
1823 4272 1844 4306 ⁸

230 4366 403 4433 τούτῳ
457 4360 620 4424 δόξαν
668 4360 833 4434 ἀληθῇ
887 4368 1283 4435 παρεστήσατο.
1334 4369 1488 4417 ’Ἐστι
1542 4360 1600 4417 δι
1653 4368 1844 4418 τούτων

232 4450 478 4524 έκάτέρος
507 4458 603 4504 τοῦ
632 4469 686 4504 τε
714 4453 1033 4525 συγγράφειν
1064 4452 1158 4504 οὔκ
1189 4450 1413 4525 ἀπείρως
1443 4456 1599 4525 ἔχων,
1651 4459 1740 4507 καὶ
1785 4459 1843 4508 τὸ

1958 575 2093 615 rum
2124 559 2237 632 (56)
2271 567 2449 635 atque
2479 562 2856 620 Theodorum
2887 566 3085 635 patres
3122 562 3351 619 laudat.
3385 563 3450 619 Et
3476 578 3616 621 con-

1960 652 2048 705 tra
2065 648 2334 705 divinum
2361 652 2605 723 quidem
2620 652 2903 724 Cyrillum
2926 668 3047 707 non
3086 658 3209 707 tam
3232 651 3615 724 impudenter

1958 736 2021 793 in
2073 753 2173 794 eos
2220 738 2615 811 blasphemat.
2677 746 2951 798 Attamen
2995 742 3289 797 Joannem
3336 741 3520 811 hunc,
3553 742 3614 800 in

1958 840 2141 898 quem
2171 828 2392 899 stylum
2419 828 2669 894 strinxit,
2702 829 2801 886 alii
2834 835 3121 902 praeterea
3149 829 3297 885 nulli
3324 830 3431 897 rei,
3462 846 3615 903 prm-

1957 918 2233 987 terquam
2282 916 2474 988 Cyrilli
2531 918 2846 974 duodecim
2877 918 3175 991 capitibus
3215 918 3386 974 inniti
3415 919 3610 986 refert,

1958 1019 2030 1059 ac
2084 1005 2463 1073 duodecimo,
2522 1007 2623 1073 ait,
2657 1008 2939 1071 maxime,
2966 1023 3088 1080 quo
3128 1008 3317 1063 Deum
3358 1006 3453 1064 ille
3480 1023 3613 1081 pas-

1958 1110 2091 1149 sum
2146 1094 2606 1153 subintroducit.
2663 1098 2853 1168 Atque
2901 1097 2961 1153 in
3008 1096 3102 1152 his
3160 1096 3341 1153 ﬁnem
3398 1096 3615 1170 accipit

1955 1183 2176 1240 frustra
2202 1183 2295 1239 ille
2323 1184 2401 1241 ab
2449 1200 2520 1241 eo
2570 1190 2883 1258 susceptus
2933 1185 3123 1242 labor.
3154 1186 3313 1259 Opus
3346 1202 3508 1251 vero,
3549 1194 3613 1243 ut

1955 1288 2138 1345 supra
2175 1272 2370 1329 dicere
2419 1274 2686 1343 memini,
2748 1275 2988 1331 Leontio
3042 1274 3282 1331 dedicat
3342 1275 3608 1342 cuidam,

1954 1377 2138 1434 quem
2214 1362 2674 1429 sanctissimum,
2750 1364 2988 1437 Deoque
3050 1364 3500 1432 charissimum,
3559 1369 3613 1423 et

1954 1449 2189 1509 Patrem
2219 1450 2539 1524 magniﬁce
2569 1453 2873 1525 praedicat.

2692 1542 2866 1598 CVIII.

1957 1629 3231 1715 TheodoriMonachiAlexqggdriniAdversus
3241 1633 3610 1694 Thsmistium

2074 1773 2382 1831 Themistii
2398 1704 3072 1845 Αροιορίαίιὲξέἐαηειο
3105 1777 3499 1847 Theophobio.

2024 1864 2233 1920 Lectus
2280 1868 2369 1919 est
2409 1863 2703 1920 Theodori
2757 1863 3143 1921 Alexandrini
3201 1867 3480 1924 monachi
3512 1867 3612 1926 ad-

1949 1966 2147 2009 versus
2193 1952 2566 2009 Themistium
2610 1952 2778 2022 liber,
2839 1953 3013 2025 cujus
3076 1954 3205 2011 hac
3255 1955 3603 2029 inscriptio:

1949 2042 2280 2099 Confutatio
2336 2043 2554 2109 brevis,
2608 2058 2732 2115 qua
2778 2044 3098 2116 superioris
3164 2046 3448 2117 temporis
3503 2047 3611 2104 de-

1948 2146 2072 2189 nuo
2092 2132 2343 2205 repetita
2366 2131 2469 2188 illa
2489 2131 2795 2189 Themistii
2820 2137 3029 2191 contra
3053 2134 3248 2190 Patres
3287 2137 3607 2193 temeraria

1950 2220 2334 2293 maximeque
2365 2220 2637 2278 absurda
2667 2221 2966 2279 contentio
2996 2222 3320 2280 refellitur:
3360 2240 3398 2281 a
3432 2224 3610 2282 nobis

1949 2324 2109 2367 nunc
2127 2309 2456 2375 elaborata,
2475 2311 2787 2367 occasione
2809 2312 3183 2382 obiectarum
3210 2313 3289 2369 ab
3312 2314 3447 2386 ipso
3470 2330 3609 2371 con-

1951 2403 2041 2456 tra
2066 2400 2379 2457 veritatem
2416 2400 2838 2473 quaestionum,
2879 2405 3060 2473 atque
3103 2402 3609 2470 enuntiationum,

1950 2503 2085 2545 cum
2120 2487 2385 2544 dilucida
2403 2487 2797 2560 explicatione
2814 2488 3035 2561 objecti
3061 2491 3418 2560 argumenti.
3448 2512 3477 2544 »
3505 2492 3610 2549 Ta-

1950 2576 2021 2632 lis
2050 2577 2145 2633 hic
2178 2576 2355 2645 igitur
2402 2577 2538 2633 libri
2569 2577 2788 2643 titulus,
2824 2582 2887 2633 ut
2945 2576 3090 2633 liber
3144 2580 3361 2650 potius,
3419 2596 3609 2652 quam

1950 2666 2154 2723 titulus
2169 2666 2304 2722 libri
2320 2666 2608 2723 videatur.
2630 2668 2883 2739 Uterque
2900 2682 3041 2724 vero
3066 2667 3415 2725 Theodorus
3435 2684 3606 2741 mque

1951 2771 2022 2814 ac
2059 2754 2435 2823 Themistius,
2499 2755 2757 2811 haeretici
2808 2760 2866 2812 et
2892 2756 3155 2828 partium
3187 2757 3441 2814 studiosi
3488 2757 3610 2814 fue-

1949 2850 2109 2910 runt,
2175 2859 2381 2901 eorum
2432 2843 2534 2917 qui
2583 2843 2958 2901 divinitatem
3011 2846 3128 2916 (57)
3185 2860 3430 2919 passam
3480 2862 3610 2903 esse

1952 2938 2312 2999 asseverant,
2369 2933 2586 2990 Severo
2638 2932 2923 2990 nimirum
2997 2933 3239 2991 addicti.
3319 2938 3610 2993 Craterum

1952 3024 2330 3095 Themistius,
2357 3025 2483 3081 sive
2509 3023 2874 3097 Calonymus
2902 3024 3041 3095 (hoc
3066 3024 3228 3081 enim
3254 3024 3365 3081 sibi
3390 3041 3607 3097 cogno-

1954 3120 2226 3171 mentum
2272 3129 2515 3187 quoque
2558 3113 2815 3185 addidit)
2844 3114 3028 3171 etiam
3052 3116 3458 3185 Agnoetarum
3490 3118 3608 3191 (58)

1953 3207 2129 3261 sectm
2167 3208 2352 3276 caput
2393 3202 2541 3261 fuit:
2574 3202 2651 3260 de
2700 3218 2826 3277 qua
2852 3208 2912 3261 et
2966 3202 3178 3260 librum
3227 3204 3608 3278 conscripsit,

1953 3292 2132 3351 afﬁxo
2153 3292 2325 3350 titulo
2353 3308 2367 3349 :
2421 3293 2726 3365 Colonymi
2751 3308 2853 3351 seu
2883 3292 3170 3351 Themistii
3207 3296 3477 3367 apologia
3500 3310 3609 3367 pro

1952 3390 2158 3441 sancto
2193 3382 2556 3455 TheOphobio
2578 3382 2714 3455 (59).
2738 3383 2866 3450 Quo
2886 3382 2949 3439 in
2974 3382 3124 3440 libro
3144 3383 3345 3456 ipsum
3370 3399 3610 3458 quoque

1958 3473 2259 3542 Severum,
2291 3472 2387 3528 cui
2436 3476 2641 3533 tamen
2685 3471 2966 3529 addictus
2997 3477 3123 3529 erat
3156 3472 3347 3544 (tanta
3393 3478 3481 3530 est
3522 3473 3611 3530 vis

1957 3561 2249 3628 falsitatis,
2281 3561 2398 3619 tale
2426 3566 2484 3617 et
2512 3559 2814 3618 mendacii
2845 3562 3141 3633 amantes)
3179 3563 3610 3634 perstringens,

1954 3651 2251 3707 dictorum
2301 3667 2338 3707 a
2387 3650 2705 3707 Theodoro
2752 3650 3016 3706 rationes
3072 3649 3275 3720 exigit.
3307 3650 3613 3708 Themistii

1956 3740 2116 3797 enim
2146 3743 2407 3813 quatuor
2436 3742 2793 3810 argumenta
2819 3737 2941 3803 illa,
2972 3738 3193 3811 quibus
3225 3754 3287 3795 se
3312 3738 3611 3795 inscitiam

1956 3830 2018 3885 in
2051 3827 2281 3884 Christo
2338 3827 2627 3899 probasse
2668 3824 3087 3893 arbitrabatur,
3118 3826 3465 3882 Theodorus
3495 3825 3612 3881 sin-

1957 3916 2209 3988 gulatim
2258 3915 2607 3988 expendens
2663 3919 2845 3988 atque
2874 3914 3199 3981 aestimans,
3228 3914 3462 3984 singula
3481 3929 3610 3970 sex-

1956 4010 2129 4062 centa
2192 4005 2495 4061 continere
2535 4003 2798 4060 absurda
2844 4002 3123 4060 ostendit.
3174 4002 3323 4059 Hinc
3368 4018 3609 4059 rursum

1955 4094 2312 4151 Themistius
2337 4109 2350 4150 :
2378 4098 2691 4164 acceptam
2712 4091 2890 4150 veluti
2908 4093 3137 4151 cladem
3164 4107 3473 4165 reparans,
3497 4091 3611 4147 sin-

1957 4184 2227 4255 gularem
2252 4181 2473 4238 librum
2502 4182 2563 4237 in
2596 4180 2973 4240 Theodorum
3024 4182 3396 4254 conscripsit.
3420 4180 3609 4237 Theo-

1954 4274 2140 4330 dorus
2186 4277 2385 4329 autem
2432 4270 2625 4327 tribus
2676 4271 2939 4329 vicissim
2979 4272 3168 4338 libris,
3197 4276 3254 4329 et
3273 4272 3435 4345 89a
3470 4286 3609 4344 qum

1954 4363 2050 4420 ille
2069 4360 2553 4434 reprehenderat,
2609 4360 2843 4427 refutat,
2877 4366 2935 4420 et
2986 4376 3160 4418 suam
3187 4360 3261 4417 de
3290 4361 3407 4418 hac
3433 4376 3496 4417 re
3516 4376 3613 4416 ve-

1952 4468 2083 4510 ram
2114 4450 2464 4524 opinionem
2502 4450 2760 4523 exponit.
2825 4451 3081 4524 Uterque
3120 4450 3419 4508 scribendi
3486 4465 3611 4508 non

236 4546 391 4611 σαφὲς
416 4543 555 4612 μετὰ
585 4547 680 4593 τοῦ
713 4544 962 4593 συντόνου
991 4545 1082 4593 καὶ
1108 4548 1200 4593 τοῦ
1233 4559 1245 4571 '
1281 4544 1657 4604 καθεστηκότος
1684 4542 1733 4597 ἄν
1762 4543 1839 4598 λό·

1957 4542 2289 4614 imperitus,
2314 4540 2799 4613 perspicuitatem
2839 4540 3033 4599 solida
3060 4556 3198 4598 cum
3228 4540 3605 4599 vehementia

232 4627 585 4699 τοιιςδιὼκων
612 4630 657 4679 ⁷.

981 4720 1103 4775 PO’.

378 4809 679 4881 Κλήμεντος
707 4804 1103 4881 Ἀλεξανδρείας
1124 4808 1481 4885 πρεσϐυτέρου
1510 4810 1711 4884 βιϐλία.

306 4899 641 4971 ’Δνηνώσθη
742 4898 1030 4971 Κλήμεντος
1126 4897 1507 4974 Ἀλεξανδρέως
1617 4902 1842 4976 πρεσϐυ-

1951 4634 2013 4690 in
2041 4631 2294 4690 dicendo
2326 4634 2586 4688 sectatus
2616 4635 2724 4688 est.

2059 4811 2374 4869 Clementis
2415 4721 2848 4869 Αιεεταηάῗάἷξ.
2871 4809 3205 4883 presbyteri
3238 4808 3496 4879 Scripta.

2022 4904 2197 4959 Lecta
2226 4904 2365 4957 sunt
2382 4898 2699 4959 Clementis
2743 4900 2857 4973 (59)
2878 4898 3263 4957 Alexandrini
3282 4898 3598 4972 presbyter

1599 5000 1835 5059 VARUE
1859 5000 2155 5059 LECTION
2162 5000 2268 5056 ES.

306 5090 357 5123 ον
379 5092 619 5142 auiam.
652 5092 867 5159 pr._A.r
928 5087 1121 5159 ’ﬁpcbv
1152 5086 1290 5159 add.
1318 5087 1385 5142 A.

232 5159 255 5193 ⁸
283 5161 518 5231 ἑχόμενα
549 5165 612 5213 Δ.
654 5155 712 5194 ’⁸
732 5157 817 5210 ἐπί
841 5158 886 5212 Α
912 5174 926 5213 :
960 5155 1020 5210 έν⁷
1042 5179 1095 5223 ς.
1176 5160 1197 5195 ’⁷
1227 5155 1433 5212 διώκων
1465 5158 1514 5212 έν
1537 5155 1709 5233 λόγοις
1739 5185 1794 5229 ς’.

1488 5090 1509 5124 ³
1535 5093 1671 5167 post
1700 5090 1904 5167 Σιϐἡρῳ
1930 5106 2068 5148 cum
2094 5090 2139 5144 A
2169 5086 2345 5147 omisi
2377 5084 2455 5141 δέ.

2561 5092 2580 5123 ⁸
2607 5086 2873 5159 ἀγνοητῶν
2903 5089 2970 5144 Α.
3076 5087 3098 5123 ⁸
3136 5086 3279 5161 παρά
3309 5091 3371 5141 Α.
3400 5088 3519 5159 περί
3546 5107 3605 5151 ς’.

1815 5251 2042 5311 NOTAE.

305 5338 420 5419 (56)
449 5336 557 5419 llic
582 5335 905 5403 Tarsensis,
930 5351 1187 5409 sequens
1210 5337 1584 5410 Mopsuestia
1609 5340 1839 5413 episco-

230 5422 355 5481 pus
381 5410 513 5465 fuit.
1646 5410 1661 5413 '

308 5480 420 5549 (57)
444 5478 897 5551 Theopaschitaa
928 5494 969 5551 a7
992 5478 1211 5535 Graecis
1236 5481 1540 5551 appellati.
1574 5481 1719 5538 Vide
1749 5482 1840 5538 Ni-

228 5551 409 5623 ceph.
434 5550 540 5608 lib.
567 5550 1380 5624 xsurﬂislorizeEcclesiau.
1416 5569 1549 5624 cap.
1580 5554 1667 5609 51.

306 5621 418 5695 (58)
444 5622 684 5696 Niceph.
716 5621 818 5696 lib_.
838 5639 985 5696 _x_v_m
1011 5623 1231 5696 Eccles.
1261 5624 1415 5680 Hist.
1436 5621 1571 5696 cap.
1599 5624 1689 5689 50,
1716 5639 1836 5681 non

230 5691 689 5769 l'beniistiushic
707 5693 826 5751 sub
836 5691 1081 5769 Valente
1094 5691 1622 5769 p_ti_ilosophus,sed
1641 5696 1840 5769 potius

233 5766 496 5826 Cononis
512 5765 605 5825 ille
616 5768 680 5827 in
690 5765 1111 5841 oppugnando
1124 5765 1452 5842 Philopbno
1470 5765 1666 5828 socius
1680 5767 1841 5827 vide-

1950 5344 2064 5417 tur,
2097 5338 2270 5409 cujus
2298 5337 2712 5417 ξιιμ-φωλεία
2743 5335 3008 5417 co_d.__2_3.
3056 5336 3101 5417 A_
3147 5349 3271 5417 quo
3318 5337 3602 5417 Agnoetaa

1948 5406 2234 5482 primum,
2262 5406 2395 5481 post
2422 5408 2818 5482 _Tbem_i_stiaui
2849 5407 3009 5473 dicti,
3039 5411 3103 5463 ut
3130 5406 3213 5465 ait
3246 5406 3459 5463 beatus
3493 5409 3608 5464 Da-

1948 5480 2141 5538 masc.
2165 5480 2271 5537 lib.
2301 5482 2386 5537 De
2412 5480 2744 5537 haresibus.

2018 5554 2136 5625 (59)
2163 5556 2312 5625 Lege
2347 5554 2555 5625 Baron.
2590 5551 2755 5625 card.
2804 5550 3035 5607 Annal.
3089 5556 3232 5625 tom.
3268 5552 3335 5616 ll,
3367 5554 3425 5606 et
3455 5549 3610 5625 edit.

1946 5621 2073 5754 Egit.
2117 5621 2385 5682 Gentiani
2434 5622 2689 5696 Herveti,
2729 5625 3030 5700 Notasque
3086 5622 3147 5681 in
3192 5621 3608 5681 Germanicam

2026 5712 2042 5753 ι
2076 5732 2094 5752 .

2026 5712 2094 5753 ιι.
