4136 6216
1 117 18 198 t

0 286 37 357 ἱε
108 334 111 353 λ

0 374 11 437 ξ

0 454 35 587 τί
112 450 115 453 ’

0 596 33 667 L.i

0 710 41 765 l‘i

26 803 88 883 1'

0 900 41 997 γέ
87 918 119 957 l

34 1037 96 1130 ³

40 1141 92 1220 κ

64 1582 96 1734 ξ

668 322 769 379 383
1886 317 2126 375 PHOTII
2166 315 2301 372 PAT

2313 316 2647 373 RIARCHE
2686 315 2793 373 ΟΡ.
3863 324 3946 379 εει

651 446 761 503 tria
786 445 1075 502 librorum
1118 444 1449 509 volumina,
1482 460 1741 518 quorum
1794 444 1973 501 unius
2002 441 2284 515 inscriptit

2340 447 2383 498 Α
2419 447 2566 517 τέρου
2620 443 2787 513 τεύχη
2850 438 3065 513 βιϐλίων
3141 444 3281 512 τρία,
3335 441 3400 493 ὧν
3450 444 3505 495 τό
3551 444 3634 515 μὶν
3700 442 3952 517 ἐπιγραφήν

652 539 756 601 est,
788 536 1188 606 Hypotyposes
1221 552 1235 602 ;
1265 533 1526 599 alterius,
1555 533 1917 591 Stromaleus
1951 552 1964 601 ;
1989 532 2143 587 tertii
2173 546 2285 587 veri

2420 531 2604 601 ὓαχεν
2630 529 3036 597 Ὑποτυπώσεις,
3064 532 3119 581 τό
3153 524 3211 582 δε
3253 535 3592 603 Στρωματεύς,
3622 535 3675 584 τό
3710 528 3764 585 δὲ
3786 528 3955 585 Παιδα-

652 624 1049 695 Pardagogus.
2421 624 2592 691 γωγός
2620 620 2661 675 ⁸.

761 716 1215 785 Hypotyposeon,
1266 714 1387 769 sive
1410 713 1873 783 Dispositionum
1907 711 2046 768 libri
2085 726 2199 767 Vlll.

1950 711 2046 767 bri
2085 726 2199 767 Vlll.
2828 707 3232 760 ’Υποτυπώσεων
3264 712 3411 780 τόμοι
3441 708 3583 761 ὀκτώ.

724 802 1130 875 Hypotyposes
1154 802 1401 875 quidem
1458 802 1961 874 disceptationem
2006 800 2313 857 continent

2499 798 2562 850 Δὶ
2600 801 2691 869 μὲν
2744 793 2830 849 οὖν
2872 797 3251 859 ’Υποτυπώσεις
3300 794 3704 870 διαλαμϐάνουσι
3749 803 3852 870 περὶ
3886 800 3958 873 fm-

648 891 917 948 locorum
950 890 1177 963 aliquot
1205 890 1423 947 Veteris
1455 891 1730 964 Novique
1762 890 2145 957 Testamenti,
2176 904 2281 961 qua

2422 894 2521 938 τῶν
2564 906 2712 938 τινων
2756 895 2843 949 τῆς
2891 906 2942 939 τε
2989 887 3218 949 Παλαιᾱς
3250 892 3338 939 καὶ
3381 892 3510 948 Νέας
3540 893 3751 961 Γραφῆς,
3794 888 3852 937 ὧν
3889 892 3960 939 καὶ

648 980 827 1036 etiam
884 981 1231 1037 summatim
1289 980 1567 1053 explicat,
1626 986 1682 1037 et
1724 980 2163 1051 interpretatur.
2193 977 2281 1032 Ets

2423 971 2792 1046 κεφαλαιωδῶς
2852 977 2918 1037 ὡς
2978 970 3134 1033 δῆθεν
3189 974 3438 1046 ἐξήγησίν
3496 995 3547 1028 τε
3594 979 3678 1027 καὶ
3734 974 3960 1047 ἑρμηνείαν

646 1074 848 1126 autem
865 1073 1020 1124 recte
1050 1069 1112 1124 in
1143 1068 1513 1140 quibusdam
1540 1068 1757 1125 sentire
1785 1068 1947 1124 visus
1974 1072 2081 1132 est,
2099 1067 2159 1121 in
2185 1065 2279 1121 alii

2422 1071 2667 1116 ποιεῖται.
2721 1067 2819 1117 Καὶ
2865 1062 2913 1115 ἐν
2961 1069 3071 1116 τισὶ
3113 1067 3202 1136 μεν
3243 1064 3407 1116 αὐτῶν
3448 1063 3599 1137 ὀρθῶς
3641 1060 3773 1116 δοκεί
3809 1063 3962 1134 λέγειν,

647 1174 854 1214 rursus
879 1157 1061 1229 impie
1092 1158 1343 1214 omnino
1383 1157 1774 1231 fabuloseque
1817 1155 2070 1213 disserit.
2096 1155 2280 1211 Asseri

2424 1150 2471 1203 ἐν
2501 1157 2611 1204 τισὶ
2644 1149 2701 1204 δὲ
2731 1151 2987 1215 παντελῶς
3034 1153 3108 1214 εἰς
3147 1151 3349 1215 ἀσεϐεῖς
3398 1157 3485 1205 καὶ
3522 1148 3768 1224 μυθώδεις
3809 1151 3965 1223 λόγους

648 1247 809 1303 enim
839 1247 1148 1303 materiam
1173 1252 1460 1303 aeternam
1490 1262 1641 1312 esse,
1664 1252 1722 1302 et
1740 1246 1909 1303 ideas
1936 1245 2118 1301 veluti
2145 1244 2281 1300 certi

2424 1238 2704 1313 ἐκφέρεται.
2754 1241 2907 1300 ’Υλην
2965 1261 3019 1294 τε
3065 1244 3165 1316 γὰρ
3221 1244 3447 1313 ἄχρονον
3487 1246 3573 1294 καὶ
3626 1238 3758 1301 ἰδέας
3796 1243 3852 1300 ὡς
3886 1238 3967 1292 ἀπό

648 1336 895 1392 decretis
919 1336 1122 1391 induci
1148 1335 1331 1405 ﬁngit.
1351 1336 1556 1391 Filium
1580 1351 1822 1409 quoque
1854 1336 1914 1390 in
1944 1334 2124 1390 rebus
2147 1349 2281 1389 crea

2422 1349 2570 1382 τινων
2620 1332 2789 1405 ῥητῶν
2847 1331 3182 1403 εἰσαγομένας
3241 1328 3475 1399 δοξάζει,
3525 1336 3609 1383 καὶ
3653 1334 3731 1381 τόν
3772 1332 3874 1382 Υίόν
3911 1329 3967 1390 εἰς

652 1426 720 1481 tis
750 1430 1045 1480 numerat.
1075 1425 1295 1481 Adhmc
1326 1426 1671 1481 animarum
1711 1423 2118 1497 migrationes,
2160 1420 2283 1477 mul

2424 1423 2625 1492 κτίσμα
2662 1422 2898 1492 κατάγει.
2944 1420 3059 1474 "En
3110 1417 3168 1473 tl":
3221 1421 3626 1492 μετεμψυχώσει
3661 1424 3744 1471 καὶ
3787 1417 3970 1479 πολλοὺς

652 1518 862 1585 tosque
877 1520 1013 1571 ante
1025 1515 1323 1571 Adamum
1340 1514 1597 1570 mundos
1609 1514 1956 1588 prodigiose
1979 1510 2285 1568 comminis

2425 1512 2525 1578 πρό
2577 1516 2668 1561 τοῦ
2724 1505 2899 1580 Ἀδὰμ
2950 1515 3178 1582 κόσμους
3235 1513 3561 1584 τερατεύεται
3618 1526 3630 1541 ·
3688 1513 3770 1559 καὶ
3812 1506 3860 1559 ἐκ
3896 1514 3969 1558 τοῦ

653 1603 824 1660 citur.
853 1604 1033 1661 Evam
1054 1608 1357 1677 praeterea,
1380 1620 1449 1659 ex
1476 1603 1730 1674 Adamo,
1760 1618 1882 1659 non
1918 1606 1978 1658 ut
2005 1602 2157 1658 sacri
2182 1600 2286 1656 libr

2428 1593 2602 1670 Ἀδὰμ
2654 1602 2747 1656 τὴν
2802 1602 2952 1663 Εὔαν,
3008 1598 3115 1671 οὐχ
3177 1602 3245 1661 ὡς
3301 1601 3325 1650 ό
3388 1598 3807 1658 ἔκκλησιαστικός
3846 1595 3969 1666 λόγος

651 1693 913 1759 tradunt,
941 1694 1047 1749 sed
1082 1693 1343 1749 obscene
1371 1697 1554 1766 atque
1598 1692 1780 1765 impie
1810 1691 2033 1748 educit.
2060 1690 2284 1760 Angelo

2428 1684 2695 1759 βούλεται,
2753 1685 2859 1739 ἀλλ’
2917 1687 3152 1760 αἰσχρῶς
3206 1706 3260 1740 τε
3320 1692 3409 1740 καὶ
3465 1687 3620 1748 ἀθέως
3658 1685 3969 1757 ἀποφαίνεται·

649 1798 914 1854 quoque,
933 1798 1069 1838 cum
1089 1782 1324 1838 feminis
1340 1781 1946 1851 congressos,liberos
1961 1780 2100 1835 inde
2123 1784 2282 1835 sustu

2352 1803 2395 1858 Β
2426 1778 2711 1848 μίγνυσθαί
2759 1796 2813 1828 τε
2857 1781 2975 1839 τούς
3019 1776 3267 1848 ἁγγελους
3303 1778 3513 1848 γυναιξὶ
3554 1782 3641 1829 καὶ
3689 1772 3971 1827 παιδοποιεῖν

649 1870 788 1927 lisse
807 1872 1085 1929 somniat.
1112 1872 1259 1937 Quin
1286 1878 1343 1927 et
1364 1871 1629 1927 Verbum
1656 1886 1900 1927 carnem
1928 1885 2051 1925 non
2085 1884 2215 1925 esse
2231 1868 2282 1925 fa

2428 1864 2481 1928 ἐξ
2509 1865 2674 1917 αὐτῶν
2707 1865 3037 1941 ὀνειροπολεῖ,
3071 1872 3160 1919 καὶ
3193 1872 3265 1939 μὴ
3317 1868 3661 1940 σαρχωθῆναι
3697 1867 3773 1917 τόν
3813 1866 3970 1933 Λόγον,

647 1964 795 2025 tum,
830 1960 935 2016 sed
960 1961 1040 2017 ita
1070 1962 1269 2017 visum
1301 1961 1612 2016 duntaxat.
1651 1960 1779 2015 Duo
1836 1959 1914 2014 ad
1953 1958 2082 2014 haac
2127 1957 2280 2013 Patri

2429 1953 2555 2007 ἀλλὰ
2594 1951 2767 2018 δόξαι.
2811 1961 3013 2027 Λόγους
3058 1976 3112 2009 τε
3158 1964 3250 2009 τοῦ
3293 1960 3495 2029 Πατρός
3545 1952 3638 2008 δύο
3674 1951 3972 2026 τερατολογῶν

647 2046 846 2103 Verba
864 2047 1102 2103 ﬁnxisse
1128 2047 1614 2119 deprehenditur,
1638 2062 1900 2119 quorum
1931 2045 2133 2101 minus
2159 2062 2280 2101 mor

2429 2044 2794 2116 ἀπελέγχεται,
2838 2046 2905 2096 ὧν
2958 2048 3043 2098 τόν
3102 2049 3288 2104 ἣττονα
3333 2052 3446 2107 τοῖς
3498 2047 3519 2080 ³
3574 2043 3843 2117 ἀνθρώποις
3892 2043 3977 2091 ἑπι-

650 2135 869 2191 talibus
900 2136 972 2191 sit
998 2137 1217 2191 visum.
1248 2137 1374 2192 lmo
1404 2150 1478 2191 ne
1533 2136 1649 2191 hoc
1680 2135 1928 2207 quidem
1980 2155 1992 2199 ;
2026 2135 2111 2190 sic
2157 2134 2283 2190 enin

2428 2141 2668 2205 φανῆναι,
2701 2134 2889 2206 μᾶλλον
2931 2131 2989 2188 δε
3023 2132 3147 2188 οὐδὲ
3172 2133 3357 2188 ἕκεῖνον
3388 2153 3400 2165 ·
3428 2139 3557 2207 φησί
3575 2136 3673 2207 γάρ
3705 2153 3716 2165 ·
3747 2154 3771 2181 ‹‹
3795 2133 3976 2200 Λέγεται

656 2224 883 2280 scribit:
920 2224 1189 2280 «Dicitur
1241 2225 1485 2297 quidem
1520 2229 1575 2280 et
1605 2224 1784 2279 Filius
1834 2223 2088 2279 Verbum
2138 2223 2289 2295 aequi

2429 2226 2517 2294 μεν
2556 2227 2643 2274 καὶ
2700 2224 2727 2275 ὁ
2774 2226 2891 2286 Υἱός
2946 2228 3134 2295 Λόγος,
3189 2226 3475 2297 ὁμωνύμως
3515 2232 3586 2295 τῷ
3633 2227 3859 2295 Πατρικῷ
3896 2221 3978 2271 Λό-

659 2328 800 2369 voce
838 2329 976 2369 cum
1018 2313 1214 2370 Patrio
1243 2313 1457 2369 Verbo.
1480 2315 1694 2369 Verum
1737 2312 1851 2384 (60)
1890 2328 2085 2385 neque
2114 2312 2229 2368 hoc
2249 2311 2292 2368 il

2426 2331 2523 2382 γῳ,
2559 2310 2668 2363 ἀλλ’
2716 2314 2822 2385 οὐχ
2862 2314 2907 2349 ²⁰
2939 2313 3090 2374 οὗτός
3119 2313 3259 2365 ἐστιν
3307 2315 3333 2365 ό
3379 2312 3515 2388 σάρξ
3554 2315 3804 2383 γενόμενος
3840 2327 3851 2339 ·
3881 2301 3979 2358 ούδε

654 2401 760 2457 lud
799 2402 1054 2458 Verbum
1068 2402 1354 2475 est,quod
1378 2418 1520 2458 caro
1549 2401 1775 2459 factum
1792 2407 1900 2468 est,
1916 2418 2111 2474 neque
2141 2401 2287 2457 etian

2428 2405 2530 2472 μὴν
2571 2402 2596 2452 ὁ
2644 2408 2890 2475 Πατρῷος
2934 2407 3116 2473 Λόγος,
3160 2401 3288 2454 ἀλλὰ
3335 2398 3558 2474 δύναμίς
3608 2419 3681 2460 τις
3725 2404 3809 2450 τοῦ
3859 2399 3977 2456 Θεοῦ,

659 2490 919 2546 Patrium
935 2492 1081 2547 illud
1104 2491 1365 2547 Verbum
1386 2510 1399 2547 :
1420 2491 1526 2547 sed
1553 2492 1641 2547 vis
1657 2491 1936 2563 quaedam
1960 2507 2031 2547 ac
2054 2495 2292 2563 potesta‘

2429 2490 2533 2543 οἷον
2580 2488 2833 2565 ἁπόρῥοια
2881 2498 2975 2543 τοῦ
3027 2497 3195 2564 Λόγου
3241 2492 3426 2557 αὐτοῦ,
3477 2498 3596 2551 νοῦς
3634 2492 3878 2560 γενόμενος
3913 2486 3984 2540 τὰς

662 2579 785 2650 Dei,
813 2585 1100 2653 tanquam
1115 2596 1150 2636 a
1175 2582 1367 2636 Verbo
1393 2582 1524 2652 ipso
1546 2579 1874 2653 proﬂuens,
1891 2596 2062 2636 mens
2082 2578 2292 2637 effecta

2429 2586 2529 2631 τῶν
2586 2577 2866 2655 ἀνθρώπων
2919 2578 3145 2654 καρδίας
3203 2577 3601 2653 διαπεφοίτηκε.
3650 2600 3675 2626 ›)
3726 2580 3817 2631 Καὶ
3850 2578 3985 2626 ταῦτα

659 2668 975 2725 hominum
1006 2669 1242 2725 animos
1276 2668 1556 2737 pervasit.
1602 2690 1631 2722 »
1665 2671 1807 2735 Quae
1840 2669 2085 2741 quidem
2115 2669 2292 2725 omni:

2426 2670 2595 2720 πάντα
2644 2676 2889 2743 πειρᾶται
2939 2672 2982 2707 ¹¹
3041 2669 3141 2723 ἀπὸ
3192 2671 3363 2745 ῥητῶν
3421 2690 3578 2723 τινων
3626 2662 3986 2722 κατασκευάζειν

663 2774 849 2814 sacrae
864 2759 1180 2830 Scripturas
1200 2757 1554 2814 testimoniis
1571 2757 1801 2830 aliquot
1816 2764 2078 2815 astruere
2097 2759 2295 2815 nititur

2424 2765 2518 2818 τῆς
2550 2763 2721 2830 Γραφῇ
2735 2779 2773 2819 ς.
2811 2763 2910 2811 Καὶ
2943 2758 3074 2811 ἄλλα
3113 2756 3171 2812 δε
3198 2764 3363 2831 μυρία
3406 2759 3626 2831 φλυαρεί
3654 2760 3738 2808 καὶ
3786 2752 3986 2825 βλασφη-

658 2850 1014 2920 Quanquam
1030 2852 1087 2904 et
1098 2847 1213 2904 alia
1227 2847 1284 2902 id
1300 2862 1491 2917 genus
1510 2854 1793 2904 sexcenta
1805 2847 2157 2920 blasphema
2170 2863 2291 2903 V004

2424 2854 2509 2919 μεί
2556 2849 2620 2911 ³³,
2678 2851 2777 2900 εἶτε
2820 2847 2991 2913 αὐτὸς,
3040 2851 3138 2901 εἴτε
3187 2868 3267 2910 τις
3320 2849 3492 2923 ἕτερος
3542 2850 3599 2899 τό
3657 2844 3808 2897 αύτου
3857 2857 3987 2911 προσ·

658 2942 937 3008 nugatur,
971 2952 1073 2992 seu
1100 2936 1249 3010 ipse,
1284 2936 1409 2992 sive
1433 2936 1569 3008 quis
1599 2936 1749 2993 alius
1778 2938 1915 3009 (6t),
1954 2937 2082 3008 ejus
2116 2952 2291 3009 perso

2425 2954 2561 2988 ωπον
2591 2936 2907 3012 ὑποκριθείς.
2947 2939 3298 2996 Ἐποιήθησαν
3334 2933 3392 2990 δε
3445 2937 3589 3006 αύτῷ
3629 2936 3683 2987 αἱ
3723 2931 3986 3005 βλάσφημοι

656 3041 797 3082 nam
821 3026 1095 3091 indutus;
1126 3026 1301 3098 plane
1324 3031 1389 3081 ut
1413 3030 1548 3082 octo
1574 3025 1738 3098 ipsos
1762 3025 1946 3082 libros
1970 3025 2135 3082 hisce
2159 3025 2289 3081 blas

2423 3024 2579 3077 αὗται
2634 3026 2992 3099 τερατολογίαι
3050 3025 3097 3079 ἔν
3154 3032 3331 3098 τόμοις
3384 3026 3548 3079 ὀκτὼ.
3606 3027 3752 3095 Λέγει
3814 3016 3866 3072 δε
3917 3017 3989 3067 καὶ

654 3114 1036 3187 phemiarum
1067 3114 1374 3186 portentis,
1404 3114 1478 3170 de
1515 3114 1727 3170 iisdem
1757 3114 2083 3170 identidem
2130 3114 2287 3170 disse

2355 3161 2380 3182 η
2421 3117 2539 3187 περὶ
2578 3121 2676 3166 τῶν
2722 3113 2889 3166 αὐτῶν
2933 3114 3201 3179 πολλάκις,
3248 3120 3337 3168 καὶ
3391 3110 3671 3189 σποράδην
3708 3114 3792 3163 καὶ
3834 3120 3988 3176 συγκι-

2355 3194 2380 3216 J
2554 3206 2564 3216 ο
2721 3202 2846 3216 ΓΑΛΑ
2911 3206 2949 3216 n
2981 3205 2997 3216 -
3080 3206 3098 3216 α
3306 3207 3327 3216 Α.
3408 3204 3426 3216 ς
3797 3200 3806 3213 l
3939 3193 3988 3216 -ζ

650 3203 859 3270 rendo,
912 3218 982 3258 ac
1030 3204 1285 3274 sparsim
1313 3215 1492 3275 atque
1541 3202 1806 3269 confuse,
1839 3202 2020 3258 veluti
2068 3208 2283 3275 stuport

2359 3194 2380 3216 Δ
2420 3206 2661 3275 χυμένως
2721 3202 2849 3274 [288
2910 3205 2998 3275 R.]
3063 3206 3237 3278 ὥσπερ
3304 3204 3601 3276 ἔμπληκτος
3673 3200 3881 3272 παράγει
3938 3193 3992 3244 τὰ

651 3290 960 3362 perculsus
992 3292 1327 3362 Scripturas
1357 3292 1770 3363 producendo,
1802 3291 2134 3365 repleverit.
2170 3292 2280 3349 Uni

2416 3294 2572 3367 ῥητά.
2618 3292 2677 3346 Ὀ
2731 3289 2790 3346 δε
2847 3292 2962 3356 ὅλος
3016 3297 3211 3355 σκοπός
3270 3296 3462 3347 ὡσανεὶ
3514 3294 3774 3366 ἑρμηνεῖαι
3810 3284 3987 3355 τυγχά·

652 3379 809 3435 versi
830 3384 1033 3435 autem
1059 3380 1253 3447 operis
1277 3397 1496 3453 scopus
1527 3381 1711 3438 fuisse
1738 3381 1968 3437 videtur
1989 3384 2283 3439 Geneseos

2418 3401 2568 3434 νουσι
2606 3391 2702 3444 τῆς
2751 3386 3018 3450 Γενέσεως,
3076 3392 3170 3445 τῆς
3219 3379 3463 3449 Ἐξόδου,
3509 3392 3609 3435 τῶν
3654 3378 3880 3450 Ψαλμῶν,
3916 3376 3987 3424 τοῦ

653 3468 860 3535 Exodi,
885 3467 1276 3535 Psalmorum,
1304 3469 1697 3542 Epistolarum
1730 3471 1885 3527 beati
1920 3469 2102 3539 Pauli,
2127 3478 2183 3526 et
2214 3486 2285 3527 ca

2420 3472 2559 3524 θείου
2603 3473 2647 3507 1³
2694 3470 2898 3524 Παύλου
2942 3480 3041 3524 τῶν
3086 3472 3424 3539 Ἐπιστολῶν,
3457 3478 3549 3526 καὶ
3581 3478 3678 3524 τῶν
3708 3465 3987 3525 Καθολικῶν,

654 3557 1028 3624 tholicarum,
1058 3573 1128 3614 ac
1169 3559 1427 3632 denique
1460 3559 1851 3617 Ecclesiastici
1878 3561 2283 3634 interpretatio

2416 3564 2506 3613 καὶ
2544 3569 2636 3613 τοῦ
2672 3560 3091 3619 Ἐκκλησιαστοῦ
3140 3563 3208 3616 ¹⁴.
3258 3563 3522 3624 Μαθητης
3566 3557 3646 3626 δε,
3693 3561 3758 3619 ὡς
3796 3558 3878 3607 καὶ
3917 3548 3990 3601 αύ-

650 3647 772 3703 Hoc
792 3646 1025 3704 interim
1055 3646 1269 3704 fatetur
1298 3648 1427 3721 ipse
1457 3648 1819 3721 discipulum
1849 3665 1911 3706 se
1940 3649 2125 3706 fuisse
2156 3652 2281 3707 Pan

2414 3655 2499 3710 τός
2526 3670 2677 3720 φησι,
2700 3654 2873 3723 γέγονε
2901 3655 3214 3706 Πανταίνου.
3245 3650 3401 3705 Ἀλλὰ
3426 3660 3597 3705 ταῦτα
3741 3648 3793 3699 ei
3812 3646 3992 3697 ’Υποτυ-

654 3737 808 3794 ῑεοειὶ.
840 3735 952 3794 Sed
982 3736 1057 3793 de
1091 3737 1576 3808 Hypotyposibus
1601 3738 1912 3795 hactenus.

994 3736 1057 3793 ie
1091 3737 1576 3808 Hypotyposibus
1601 3738 1912 3795 hactenus.
2418 3758 2627 3800 πωσεις.

1426 3827 1531 3883 CX.
3169 3830 3269 3885 Pl’.

1009 3916 1295 3987 Ejusdem
1325 3917 1654 3988 Pardagogt'
1686 3916 1831 3973 libri
1862 3932 1939 3972 Ill.

2647 3923 2749 3971 Τοῦ
2773 3917 2933 3971 αὐτοῦ
2965 3918 2990 3969 ό
3025 3914 3377 3990 Παιδαγωγός
3407 3918 3457 3971 ἄν
3490 3923 3671 3991 τόμοις
3700 3914 3774 3986 γ’.

713 4008 840 4063 lam
897 4007 1257 4077 Pwdagogus
1306 4006 1494 4062 tribus
1541 4005 1675 4061 libri
1715 4006 1873 4079 89b
1910 4008 2304 4080 conscriptus,

2486 4005 2543 4058 '0
2601 4002 2659 4059 tl“:
2720 4003 3067 4078 Παιδαγωγός
3128 4005 3176 4058 ἕν
3226 4013 3369 4082 τρισὶ
3428 4013 3619 4080 τόμοις
3686 4007 3821 4058 ἐστὶν
3878 3996 3991 4063 αὖτῷ

644 4094 829 4151 vitam
848 4110 1158 4168 moresque
1173 4094 1706 4168 informat;quibus
1722 4102 1775 4151 et
1791 4096 1966 4152 alium
1986 4096 2277 4168 quemdan

2418 4090 2883 4168 διαπεπονημένος,
2975 4098 3136 4158 ἤθους
3228 4101 3318 4149 καὶ
3412 4095 3540 4169 βίου
3617 4088 3986 4165 κατορθωτικὸς-

642 4184 966 4256 praemittit,
1015 4184 1409 4257 adjungitque
1469 4184 1834 4255 singularem
1893 4185 2134 4253 librum,
2184 4202 2275 4259 qui

2416 4182 2570 4255 Ἔχει
2619 4181 2677 4237 δε
2729 4186 2923 4237 τούτων
2968 4189 3056 4237 καὶ
3099 4188 3487 4260 προηγούμενον
3536 4189 3630 4237 καὶ
3687 4179 3991 4246 συνταττόμϋ

644 4272 919 4343 gentium
944 4272 1152 4329 refellit
1172 4272 1536 4345 impietatem
1561 4274 1697 4346 (62).
1720 4273 1868 4330 Nihil
1894 4278 2093 4330 autem
2118 4275 2277 4331 simil

2415 4292 2499 4325 vov
2555 4274 2702 4346 λόγον
2768 4275 2957 4347 ἕτερον,
3030 4273 3079 4326 ἐν
3271 4280 3365 4333 τὴν
3429 4275 3687 4334 Ἑλλήνων
3763 4267 3988 4337 διελέγχει

644 4359 871 4416 habent
919 4361 980 4417 hi
1010 4377 1220 4418 omnes
1250 4377 1388 4418 cum
1419 4362 1928 4433 Hypotyposibus,
1957 4364 2203 4434 quando
2251 4380 2277 4421 ο

2418 4366 2693 4422 ἀθεότητα.
2727 4360 2894 4417 Οὐδὲν
2941 4360 2999 4417 δι
3047 4366 3222 4436 ὅμοιον
3268 4367 3459 4437 ἔχουσι
3500 4368 3637 4438 πρὸς
3682 4364 3771 4422 τὰς
3803 4362 3990 4411 Ὺποτυ·

650 4448 878 4505 stolidis
900 4448 1014 4505 illis
1035 4466 1104 4507 ac
1124 4449 1497 4522 blasphemis
1523 4450 1913 4521 opinionibus
1935 4452 2182 4509 omnino
2205 4469 2283 4509 vat

2358 4509 2383 4527 κ
2415 4459 2604 4515 πωσεις
2656 4454 2799 4507 οὗτοι
2856 4456 2904 4506 οἱ
2973 4453 3119 4525 λόγοι
3170 4473 3184 4487 ·
3236 4462 3337 4506 τῶν
3383 4473 3435 4507 τε
3490 4456 3596 4527 γὰρ
3653 4454 3878 4524 ματαίων
3918 4438 3991 4494 καὶ

649 4543 803 4609 cant,
838 4541 893 4595 et
922 4538 1100 4595 dictio
1128 4509 1345 4611 ipsa-in
1371 4539 1463 4596 his
1492 4509 1761 4595 ﬂoridior
1790 4540 1868 4596 ad
1911 4544 2282 4612 temperatan

2355 4509 2385 4562 ⁵
2417 4509 2741 4614 βλασφνήμων
2791 4509 3176 4613 ἀπηλλαγμένοι
3218 4538 3382 4606 δοξῶν
3426 4509 3816 4606 καθεστηκασι,
3845 4538 3926 4586 καὶ
3964 4531 3988 4586 ἡ

649 4627 980 4701 quamdam
994 4627 1343 4699 gravitatem
1364 4644 1484 4685 non
1499 4629 1623 4685 sine
1632 4629 1652 4700 j
1664 4628 2007 4685 ucunditate
2022 4632 2282 4700 assurgit

2415 4633 2602 4704 φράσις
2642 4630 2841 4705 ἀνθηρὰ
2878 4636 2967 4683 καὶ
3014 4632 3137 4702 [155
3186 4630 3276 4704 [1.]
3324 4631 3390 4692 εἰς
3430 4635 3590 4701 ὄγκον
3642 4630 3833 4701 ἠρμένη
3880 4624 3994 4690 σύμ-

650 4721 705 4774 et
734 4718 902 4775 varia
948 4716 1070 4784 illa,
1103 4733 1238 4792 quae
1268 4718 1329 4774 in
1359 4718 1430 4776 iis
1470 4722 1577 4786 est,
1609 4733 1809 4776 rerum
1847 4718 2127 4789 cognitio,
2158 4718 2283 4776 nihi

2414 4740 2597 4796 μετρον
2649 4722 2780 4793 μετὰ
2835 4726 2925 4774 τοῦ
2982 4717 3157 4785 ἡδέος,
3210 4725 3299 4772 καὶ
3356 4722 3385 4778 ἡ
3451 4719 3785 4792 πολυμάθεια
3830 4710 3992 4784 ἐμπρέ-

1980 4881 2071 4936 VA
2083 4879 2227 4937 Rl/E
2265 4881 2559 4939 LECTION
2569 4881 2672 4937 ES.

717 5035 737 5067 ⁸
761 5029 820 5087 δὲ
841 5034 866 5085 ό
889 5029 1149 5110 παιδῙῨΑ.
1239 5107 1252 5110 _
1273 5035 1293 5068 ⁹
1326 5032 1458 5107 τοῖς]
1485 5031 1751 5110 αὐτοῖςᾳΑ.
1853 5033 1899 5069 ¹⁰
1925 5031 2050 5105 οὐχ]
2093 5032 2151 5086 ού
2176 5040 2274 5110 νῦν.
2402 5103 2416 5110 _
2461 5035 2503 5070 ¹¹
2532 5040 2775 5107 πειρᾶται
2802 5039 2936 5106 post
2969 5043 3118 5103 τινῷν
3149 5037 3315 5107 ponit
3338 5057 3392 5101 ς.
3497 5037 3548 5073 ³⁸
3578 5034 3887 5110 βλασφημεῖ
3916 5030 3995 5079 καὶ

645 5106 861 5183 φλυαρεῖ
885 5127 940 5171 ς.
1021 5106 1067 5143 ¹³
1098 5112 1190 5158 τοῦ
1230 5107 1367 5159 θείου
1399 5103 1467 5148 -ἑ-
1498 5104 1780 5158 ἐπιστολῶν
1806 5120 1932 5162 om.
2094 5112 2155 5160 Α.
2234 5106 2282 5143 ¹¹⁸
2310 5103 2751 5165 ἐκκλησιαστικοῦ

2220 5258 2445 5315 ΝΟΤΕ.

740 5410 832 5483 60)
858 5410 965 5483 P_ro
988 5409 1095 5483 ορχ
1112 5409 1244 5483 lege
1274 5406 1416 5478 οὐδέ,
1442 5424 1513 5467 eo
1533 5408 1697 5483 quod
1723 5408 1818 5466 hic
1846 5409 2290 5482 praseesserint:
2403 5413 2459 5483 et
2487 5408 2717 5483 reliqua
2730 5410 2870 5483 ejus
2895 5409 3117 5483 scripta
3138 5424 3299 5466 sanie
3324 5424 3454 5466 esse
3478 5408 3775 5466 doctrinas
3808 5421 3877 5462 ac
3903 5418 4000 5476 pu-

648 5478 837 5555 μᾶλλον
867 5478 926 5555 δὲ
951 5478 1308 5555 ούδῖἒκεῗνον.
1600 5552 1612 5555 _
1848 5478 1877 5555 ’γ
1933 5551 1944 5555 _
2216 5550 2226 5555 _
2404 5482 2574 5555 rioris
2605 5478 2762 5555 styli.

721 5552 837 5623 (6t)
869 5553 1036 5617 Quod
1070 5569 1206 5608 vero
1241 5551 1492 5608 similius
1523 5552 1820 5609 videatur:
1851 5551 2102 5608 Arianos
2133 5550 2295 5623 enim
2476 5554 2586 5623 (6'2)
2620 5550 2727 5618 Qui
2772 5552 2949 5609 hodie
2988 5553 3231 5610 nomine
3272 5552 3644 5620 Protreph'ci
3668 5551 3753 5610 ad
3780 5552 4001 5621 gentes.

650 5622 1080 5697 plerosque_(ut
1105 5624 1363 5697 haeretici
1389 5624 1601 5697 solent)
1630 5624 1943 5697 Clementis
1973 5622 2193 5695 scripta
2206 5622 2296 5697 _in-
2405 5622 2599 5680 notior
2628 5628 2839 5680 exstat.

653 5693 937 5769 quinasse
949 5693 1121 5753 decet
1139 5694 1407 5752 Bullinus
1417 5693 1710 5769 Apologia
1726 5712 1834 5769 pro
1849 5693 2118 5768 Origene.
2135 5693 2297 5753 Adde
