4136 6216
237 269 347 326 385

1357 266 1844 330 BIBLIOTHECA.
1873 303 1942 314 —
1969 271 2180 329 CODD.
2207 271 2510 330 CX-CXIII.

3516 274 3623 336 386

240 415 432 448 πουσα.
489 398 809 469 Μνημονεύει
863 394 925 451 δι
971 398 1098 472 πρὸς
1130 403 1202 469 τῷ
1259 396 1389 451 τίλει
1462 402 1552 451 καὶ
1609 402 1728 474 περὶ
1776 397 1841 452 εἰ-

1955 398 2139 456 habet
2159 399 2358 456 minus
2388 400 2775 456 conveniens.
2798 401 3066 457 Extremo
3093 415 3233 458 vero
3249 399 3401 458 libro
3431 402 3617 461 etiam

235 489 419 540 κόνων.

967 575 1114 630 ΡῙΑ¹.

485 668 593 716 Τοῦ
625 662 786 716 αὐτοῦ
816 665 842 716 ό
868 667 1204 740 Στρωματιὺς
1235 662 1283 716 ἐν
1305 668 1486 736 τὸμοις
1524 663 1592 723 η’.

308 755 375 804 Οἱ
402 747 462 805 δε
487 759 814 825 Στρωματεῖς
858 753 962 807 εἰσὶ
1143 758 1233 806 καὶ
1264 753 1413 806 αύτοὶ
1469 752 1518 806 ἓν
1562 752 1696 805 ὀκτὼ
1753 752 1844 804 λό-

229 861 343 914 γοις
394 841 512 894 καθ’
556 840 810 900 Ἑλλήνων
859 848 949 896 καὶ
986 846 1232 917 αἱρέσεων
1283 847 1368 896 τόν
1423 841 1597 914 ἀγῶνα
1645 841 1845 900 εἰσενη-

232 936 487 1003 νεγμένοι,
543 927 821 1005 σποράδην
878 929 939 984 δι
985 937 1075 985 καὶ
1124 935 1299 1006 ὥσπερ
1355 931 1450 985 ούκ
1494 932 1544 984 ἐν
1575 930 1719 994 τάξει
1747 935 1842 989 τὴν

236 1029 337 1072 τῶν
415 1019 705 1091 κεφαλαίων
775 1023 1064 1093 παράθεσιν
1127 1019 1396 1073 κάνταῦθα
1454 1027 1693 1084 ποιεῖται,
1752 1025 1842 1072 καὶ

231 1114 326 1167 τήν
374 1109 548 1161 αἰτίαν
599 1111 774 1181 ὥσπερ
804 1105 1097 1172 ἀποδιδούς
1126 1107 1174 1162 ἒν
1204 1117 1274 1180 τῷ
1295 1109 1426 1162 τέλει
1477 1116 1570 1162 τοῦ
1613 1105 1839 1180 ἑϐδόμου

227 1199 385 1270 λόγου
435 1198 619 1261 αὐταῖς
669 1197 866 1262 λέξισιν
917 1199 1074 1260 οὕτως
1116 1199 1248 1271 λέγει
1306 1216 1324 1235 ο
1374 1220 1401 1248 ιι
1447 1201 1653 1250 Τούτων
1715 1199 1839 1270 ἡμῖν

224 1286 718 1361 προδιηνυσμίνων,
771 1293 864 1341 καὶ
910 1295 1000 1341 τοῦ
1070 1289 1257 1346 ἠθικοῦ
1330 1289 1496 1340 τύπον
1546 1289 1614 1349 ὡς
1667 1285 1714 1338 ἓν
1761 1305 1839 1338 κε-

225 1377 471 1449 φαλαίοις
525 1379 906 1450 ύπογραφέντος
960 1379 1027 1442 ¹⁵,
1089 1373 1365 1451 σποράδην
1409 1396 1481 1443 τε,
1533 1378 1602 1439 ὡς
1634 1377 1681 1412 ¹⁶
1734 1377 1838 1428 ῦπ-

222 1468 532 1538 εσχήμεθα,
563 1473 654 1519 καὶ
686 1462 1062 1541 διιρῥιμμένως
1097 1469 1162 1518 τὰ
1207 1466 1446 1540 ζώπυρα,
1487 1474 1578 1526 τῆς
1614 1464 1837 1527 ἀληθοῦς

217 1560 468 1626 γνώσεως
555 1553 1077 1628 ἐγκατασπειράντων
1149 1556 1456 1626 μαθήματα,
1521 1555 1591 1616 ὡς
1636 1558 1708 1626 μὴ
1748 1554 1839 1628 ῥᾳ-

220 1641 347 1696 δίαν
406 1641 538 1696 εἶναι
592 1651 664 1714 τῷ
735 1647 1080 1715 περιτυχόντι
1129 1651 1228 1695 τῶν
1308 1641 1550 1714 ἀμυήτων
1602 1647 1690 1700 τὴν
1740 1650 1837 1694 τῶν
1879 1622 1919 1678 Β

218 1733 388 1803 ἁγίων
432 1733 659 1807 εὕρεσιν,
706 1753 735 1785 ν
784 1736 876 1785 καί
913 1731 1032 1795 ἑξῆς
1062 1733 1129 1782 1⁷.
1178 1731 1238 1784 Ἠ
1269 1734 1358 1804 μεν
1380 1727 1468 1784 οὖν
1498 1738 1589 1784 τοῦ
1620 1731 1667 1766 ¹⁸
1700 1726 1837 1805 διερο

211 1820 482 1893 ῥιμμίνως
539 1821 671 1873 αύτὰ
757 1820 1051 1893 κατατάξαι
1128 1819 1270 1892 αύτῷ
1332 1820 1477 1873 αἰτία
1558 1820 1714 1886 αὕτη,
1770 1818 1838 1882 ὣς

217 1929 377 1983 φησι,
411 1915 641 1982 γέγονεν.
722 1909 884 1984 Εὗρον
936 1892 1112 1983 μέντοι
1162 1929 1222 1982 γε
1263 1912 1311 1962 ἔν
1361 1929 1464 1962 τινι
1522 1908 1726 1980 παλαιῷ
1751 1907 1837 1982 βιο

213 1998 346 2070 ϐλίῳ
373 2004 469 2058 τὴν
535 1999 697 2058 αὐτὴν
743 2005 1077 2073 πραγματεία
1124 1999 1252 2072 ούχὶ
1309 2006 1633 2072 Στρωματιῖς
1685 2004 1837 2071 μόνον

212 2085 665 2162 ἕπιγραφομένην,
720 2085 828 2138 ἀλλ’
879 2087 1170 2161 ὁλοκλήρως
1244 2087 1426 2148 οὕτως.
1483 2093 1642 2140 Τιτοῦ
1707 2085 1838 2140 Φλα-

211 2176 334 2229 ϐίου
417 2178 464 2212 "
565 2175 859 2248 Κλήμεντος
970 2175 1324 2251 πρεσϐυτέρου
1419 2172 1834 2250 Ἀλεξανδρείας,

206 2274 312 2318 τῶν
419 2267 560 2317 κατὰ
652 2270 748 2324 τὴν
851 2264 1018 2324 ἀληθῆ
1123 2265 1429 2338 φιλοσοφίαν
1534 2272 1836 2336 γνωστικῶν

208 2357 612 2427 ὑπομνημάτων
657 2359 1008 2429 Στρωματέων
1052 2353 1121 2419 α’,
1184 2353 1259 2428 β’,
1306 2355 1376 2426 γ’,
1426 2351 1492 2420 δ’,
1542 2353 1593 2418 ε’,
1653 2351 1722 2418 ς’,
1769 2351 1834 2414 ζ’.

206 2449 306 2496 καὶ
339 2443 410 2501 η’.
446 2442 572 2498 Αλλ’
619 2444 644 2495 ό
672 2447 765 2516 μεν
800 2451 1006 2518 πρῶτος
1061 2445 1111 2479 ²⁰
1157 2447 1320 2516 μέχρι
1349 2450 1442 2495 τοῦ
1490 2438 1714 2514 ἑϐδόμου
1743 2446 1836 2500 τὴν

206 2533 384 2590 αὐτὴν
418 2535 641 2605 ἔχουσιν
682 2535 974 2606 ἒπιγραφὴν
1025 2538 1116 2586 καὶ
1173 2533 1354 2585 ὶνιαίοι
1403 2533 1762 2604 τυγχάνουσιν
1789 2529 1836 2583 ἐν

203 2623 393 2676 ἅπασι
451 2629 564 2685 τοῖς
595 2619 824 2695 βιϐλίοις
857 2644 869 2657 ·
922 2624 948 2675 ό
1001 2626 1173 2696 μέντοι
1245 2618 1435 2694 ὄγδοος
1484 2619 1734 2696 διάφορός
1784 2623 1838 2674 τί

204 2714 329 2764 ἐστι
358 2717 452 2765 καὶ
479 2719 544 2784 τῇ
608 2714 871 2785 ἐπιγραφῇ
928 2717 1018 2764 καὶ
1085 2719 1157 2782 τῷ
1216 2707 1417 2783 ἐδάφει.
1470 2713 1555 2765 Ἐν
1600 2715 1714 2763 τισὶ
1747 2714 1836 2783 μεν

202 2803 338 2877 γὰρ’
384 2805 480 2863 Τίς
529 2802 554 2852 ό
627 2800 921 2874 σωζόμενος
994 2799 1243 2860 πλούσιος
1315 2797 1674 2872 ἐπιγράφεται,
1746 2803 1835 2851 καὶ

203 2893 448 2963 ἄρχεται
481 2889 650 2951 οὕτως
704 2907 716 2920 ·
764 2913 791 2938 ‹‹
845 2892 909 2943 Οἱ
938 2892 1028 2962 μὲν
1093 2893 1216 2951 τούς
1263 2887 1709 2960 ἐγκωμιαστικοῦς
1754 2887 1837 2940 λό-

204 3000 363 3053 γους,
393 3001 423 3030 ν
455 2984 549 3032 καὶ
575 2978 712 3042 ἑξῆςο
745 2977 794 3030 ἕν
824 2983 937 3031 τισὶ
969 2975 1027 3031 δε
1056 2980 1392 3052 Στρωματεὺς
1432 2973 1622 3049 ὄγδοος
1656 2978 1833 3050 ὥσπερ
1872 3018 1912 3074 C

206 3075 308 3122 ui
340 3072 391 3121 οἱ
416 3073 521 3140 πρὸ
549 3068 712 3121 αύτοῦ
760 3068 906 3135 ἔπτὰ,
937 3067 1294 3140 ἰπιγράφεται,
1356 3071 1446 3119 καὶ
1499 3065 1825 3138 ἁπάρχεται·

212 3180 252 3211 α
285 3157 427 3212 Ἀλλ’
455 3154 582 3210 οῦδι
609 3159 659 3210 οἱ
689 3155 999 3210 παλαίτατοι
1029 3164 1130 3208 τῶν
1166 3155 1476 3229 φιλοσόφων,
1509 3175 1536 3206 »
1579 3160 1669 3208 καὶ
1694 3153 1779 3218 ἕξῆ
1793 3175 1832 3217 ς.

208 3249 366 3305 Αὕτη
432 3243 492 3299 δὴ
547 3249 575 3305 ἡ
644 3254 746 3298 τῶν
795 3249 1137 3320 Στρωματέων
1205 3243 1388 3317 βίϐλος
1456 3243 1671 3316 ἐνιαχοῦ
1729 3243 1836 3315 ούχ

209 3339 386 3409 ὴιῶς
411 3333 779 3409 διαλαμϐάνει,
836 3335 894 3389 ού
945 3339 1122 3409 μέντοι
1177 3355 1236 3408 γε
1298 3337 1471 3410 ὥσπερ
1526 3335 1581 3386 αἱ
1624 3333 1834 3386 Ὑποτυ-

211 3431 439 3492 πώσείς,
475 3424 606 3478 ἀλλὰ
635 3430 726 3478 καὶ
757 3429 884 3500 πρὸς
907 3425 1073 3478 πολλά
1109 3433 1208 3477 τῶν
1240 3424 1346 3476 ἐκεῖ
1371 3421 1406 3476 δ
1411 3425 1724 3496 ιαμάχεται.

289 3515 704 3588 ἐπαγγὲλλεται
761 3511 820 3568 δε
867 3519 956 3567 καὶ
993 3513 1124 3566 ἄλλα
1168 3514 1452 3572 πεποιῆθαι
1508 3511 1648 3582 αύτῷ
1709 3529 1834 3582 συγ·

212 3607 517 3679 γράμματα
562 3604 656 3657 ούκ
695 3604 868 3675 ὀλίγα,
920 3609 1008 3656 καί
1063 3622 1120 3675 γε
1173 3607 1264 3655 καὶ
1316 3603 1398 3674 ὑφ’
1443 3600 1622 3674 ἑτέρων
1653 3618 1839 3652 πεποι-

215 3699 406 3753 ηκέναι
435 3695 837 3768 μεμαρτύρηται
896 3696 1020 3764 Περὶ
1079 3710 1134 3744 τε
1189 3698 1281 3744 τοῦ
1326 3692 1528 3762 Πάσχα
1571 3694 1660 3742 καὶ
1714 3691 1837 3760 Περὶ

214 3788 496 3848 νηστείας,
540 3786 630 3834 καὶ
699 3786 827 3856 Περί
897 3780 1229 3852 κακολογίας,
1318 3784 1443 3853 Περὶ
1480 3783 1706 3832 κανόνων
1754 3776 1838 3828 ἔκ-

215 3873 624 3930 κλησιαστικῶν
715 3871 852 3922 κατά
926 3878 1026 3922 τῶν
1108 3868 1522 3922 ἀκολουθούντων
1593 3875 1655 3940 τῇ
1737 3873 1837 3918 τῶν

219 3958 504 4016 Ἰουδαίων
577 3959 766 4032 πλάνῃ,
823 3959 875 4011 ὃν
932 3955 1254 4033 Ἀλεξάνδρῳ
1304 3956 1669 4030 Ἱεροσολύμων
1729 3953 1836 4007 ἄπι-

225 4056 408 4121 σκόπω
432 4055 738 4124 προσειπεῖν
793 4049 863 4099 ﬂ.
932 4047 1175 4120 Ἦκμασε
1217 4045 1277 4100 δὲ
1338 4045 1563 4122 Σεϐἠρου
1601 4049 1692 4098 καὶ
1717 4045 1838 4098 Ἀν-

226 4145 445 4192 τυ-νίνου
478 4139 608 4190 υἱοῦ
637 4136 803 4190 αὐτοῦ
821 4136 1020 4209 Ῥώμης
1050 4135 1451 4209 βασιλευόντων.

875 4224 1015 4289 ΡΙΒ’,
1046 4225 1185 4279 ΡΙΓ’.

223 4317 293 4372 K3
307 4323 525 4389 ἡμεντος
569 4321 659 4389 τοῦ
712 4313 917 4389 Ῥᾠμης
990 4311 1242 4386 διατειγαὶ
1324 4321 1455 4389 τῶνΔ
1479 4312 1640 4385 ἁγίων
1695 4311 1833 4364 ἀπο-

519 4386 734 4451 στόλων,
767 4384 1204 4461 ’Ᾱναγναιιιρίινταί²
1230 4391 1321 4438 καὶ
1345 4384 1525 4438 τᾶλλα.

1955 488 2030 544 de
2058 487 2424 560 imaginibus
2457 489 2865 546 commeminit
2906 492 3045 561 (63).

2712 578 2849 633 CXI.

2341 666 2616 736 Ejusdem
2646 667 2971 725 Stromatei
3001 665 3142 722 libri
3172 682 3290 722 vni.

2024 755 2385 812 Stromateon
2415 761 2610 811 autem
2635 754 2768 811 libri
2793 771 3029 828 quoque
3053 759 3188 812 octo
3215 760 3371 822 sunt,
3406 757 3618 814 adver-

1953 861 2056 899 sus
2084 859 2355 915 paganos
2380 850 2558 917 atque
2589 845 2845 900 haereses
2886 859 3157 916 pugnam
3189 845 3567 903 instituentes
3601 863 3614 903 :

1951 935 2010 989 in
2037 933 2255 1006 quibus
2284 934 2422 989 item
2454 933 2728 1005 sparsim,
2752 939 2809 989 et
2830 949 2952 989 non
2977 925 3184 990 ordine
3199 935 3398 1006 capita
3415 951 3617 992 recen-

1951 1027 2171 1078 sentur.
2203 1023 2382 1093 Cujus
2411 1023 2590 1095 quasi
2639 1023 2930 1078 rationein
2963 1022 3210 1078 reddere
3252 1024 3311 1080 in
3351 1032 3617 1082 extremo

1949 1111 2103 1168 libro
2137 1112 2392 1183 septimo
2418 1111 2575 1168 hisce
2606 1110 2725 1168 fere
2746 1111 2943 1166 verbis
2967 1111 3234 1180 videtur;
3268 1135 3296 1164 ‹‹
3320 1113 3456 1170 Haec
3476 1130 3617 1171 cum

1950 1216 1985 1256 a
2011 1201 2184 1256 nobis
2211 1201 2337 1272 jam
2378 1207 2556 1256 antea
2588 1204 2946 1272 pertractata
2985 1201 3124 1267 sint,
3159 1206 3215 1257 et
3245 1217 3483 1258 morum
3515 1202 3614 1259 illa

1949 1289 2154 1345 rudior
2176 1288 2436 1345 formula
2470 1305 2576 1361 per
2605 1305 2844 1345 summa
2875 1288 3037 1345 velut
3065 1289 3282 1362 capita,
3314 1296 3612 1363 quantum

1948 1377 2182 1451 polliciti
2207 1393 2442 1442 sumus,
2469 1377 2726 1449 sparsim
2749 1377 3048 1449 descripta
3073 1395 3086 1432 :
3116 1378 3210 1441 iis,
3243 1394 3379 1451 quia
3405 1378 3484 1435 ad
3519 1395 3614 1436 ve-

1947 1481 2078 1522 ram
2111 1467 2368 1522 excitant
2388 1465 2816 1536 cognitionem,
2844 1466 3230 1536 dogmatibus
3252 1467 3332 1523 ita
3362 1468 3457 1524 hic
3494 1467 3610 1524 illic

1947 1554 2250 1626 insparsis,
2279 1559 2344 1610 ut
2370 1569 2464 1609 res
2505 1553 2636 1609 illas
2666 1570 2870 1610 sacras
2897 1560 3106 1611 nactus
3143 1554 3468 1627 quispiam,
3500 1555 3602 1628 qui

1947 1643 2243 1716 mysteriis
2273 1643 2492 1699 nostris
2517 1642 2779 1699 initiatus
2806 1659 2926 1699 non
2951 1643 3044 1711 sit,
3067 1643 3233 1700 haud
3255 1643 3424 1702 facile
3446 1661 3607 1702 com-

1948 1734 2135 1804 periat
2161 1733 2278 1806 (64)
2311 1753 2338 1784 »
2366 1739 2423 1788 et
2450 1747 2586 1804 quae
2617 1736 2968 1805 sequuntur.
3004 1735 3130 1788 Haec
3160 1731 3360 1804 igitur,
3401 1742 3462 1790 ut
3483 1734 3611 1807 ipse

1947 1822 2181 1888 fatetur,
2215 1838 2396 1878 causa
2421 1821 2548 1887 fuit,
2570 1837 2675 1876 cur
2693 1822 2816 1877 ista
2845 1822 2970 1877 sine
2983 1822 3192 1878 ordine
3223 1823 3608 1894 congesserit.

1950 1911 2154 1983 Beperi
2180 1917 2379 1967 autem
2409 1910 2469 1965 in
2491 1914 2796 1982 pervetere
2819 1909 3147 1982 exemplari
3171 1909 3287 1967 hoc
3309 1926 3464 1983 opus
3489 1926 3612 1968 non

1949 2001 2148 2057 solum
2169 1999 2542 2055 Stromateon
2568 2001 2812 2054 nomine
2839 1999 3218 2071 inscriptum,
3252 1999 3357 2056 sed
3383 2000 3610 2070 integre

1949 2089 2026 2144 ad
2059 2089 2216 2144 hunc
2259 2088 2540 2144 modum:
2582 2088 2699 2143 Titi
2727 2088 2928 2144 Flavii
2976 2089 3085 2158 (65)
3120 2089 3412 2145 Clementi
3444 2104 3610 2159 pres-

1950 2177 2143 2248 byteri
2162 2178 2570 2235 Alexandrini
2590 2176 3006 2233 Gnosticarum
3030 2177 3145 2249 (66)
3167 2177 3491 2234 secundum
3517 2193 3605 2235 ve-

1948 2279 2077 2324 ram
2109 2266 2547 2337 philosophiam
2579 2265 3145 2323 commentationum
3173 2265 3543 2324 Stromateus
3566 2282 3604 2333 1,

1948 2373 2006 2423 ii,
2040 2372 2124 2424 ιιι,
2153 2372 2228 2426 iv,
2263 2372 2321 2425 v,
2355 2371 2427 2421 v1,
2463 2371 2562 2420 vii,
2595 2370 2714 2410 vni.
2751 2356 2832 2411 Ac
2881 2353 3059 2427 primi
3090 2355 3336 2428 quidem
3378 2361 3605 2428 septem

1948 2445 2230 2502 eumdem
2251 2444 2571 2518 prieferunt
2592 2445 2850 2511 titulum,
2875 2445 3176 2517 iidemque
3199 2459 3444 2517 prorsus
3467 2449 3605 2500 sunt

1948 2536 2006 2591 in
2029 2533 2315 2591 omnibus
2345 2532 2672 2588 codicibus.
2697 2533 2911 2588 Verum
2933 2537 3205 2600 octavus,
3230 2548 3367 2587 cum
3397 2532 3602 2588 inscri-

1947 2624 2168 2697 ptione,
2203 2627 2328 2679 tum
2369 2621 2450 2677 rei
2491 2620 2777 2691 subjecta
2819 2620 3087 2684 materia,
3118 2619 3331 2677 variat.
3359 2621 3422 2675 in
3465 2620 3602 2692 qui-

1945 2712 2206 2770 busdam
2231 2711 2392 2767 enim
2422 2709 2794 2766 inscribitur:
2830 2709 2942 2776 Qui
2970 2709 3130 2765 dives
3160 2709 3432 2764 salvetur
3463 2707 3595 2779 (67),

1947 2803 2198 2874 ejusque
2210 2799 2569 2873 principium
2581 2797 2841 2864 est:«Qui
2857 2796 3227 2853 laudatorias
3239 2797 3596 2863 orationes,»

1945 2898 2000 2948 et
2028 2891 2280 2963 reliqua.
2311 2889 2375 2944 In
2407 2887 2538 2945 aliis
2561 2902 2724 2952 vero,
2754 2887 3123 2943 Stromateus
3155 2892 3420 2951 octavus,
3456 2890 3518 2940 ut
3546 2890 3603 2942 et

1944 2980 2158 3053 reliqui
2201 2984 2428 3052 septem
2473 2976 2605 3032 libri
2661 2975 3024 3040 inscribitur,
3061 2980 3118 3032 et
3146 2974 3389 3046 incipit:
3424 2995 3448 3025 «
3486 2973 3603 3031 Sed

1945 3086 2139 3143 neque
2153 3066 2493 3142 pbiIOSOphi
2506 3065 2924 3139 antiquissimi,
2939 3080 3229 3137 aquasque
3242 3080 3344 3136 seq
3354 3066 3604 3122 uuntur.’

1943 3158 2318 3216 Stromateon
2340 3161 2542 3214 autem
2563 3155 2714 3211 liber
2738 3155 2836 3210 hic
2859 3153 3077 3210 alicubi
3093 3169 3216 3210 non
3235 3168 3385 3210 sana
3401 3153 3606 3221 tradit;

1945 3263 2068 3304 non
2087 3255 2287 3305 tamen
2315 3252 2375 3302 ut
2397 3247 2825 3316 Hypot-yposes.
2860 3245 3005 3300 Nam
3037 3242 3224 3301 multa
3255 3243 3437 3300 etiam
3466 3258 3602 3315 quae

1945 3337 2024 3394 ibi
2053 3337 2212 3393 dicta
2236 3335 2497 3401 fuerunt,
2529 3336 2863 3406 oppugnat.

2019 3497 2306 3552 Feruntur
2333 3497 2532 3549 autem
2559 3491 2637 3547 ab
2665 3490 2879 3547 eodem
2911 3489 3026 3547 alia
3067 3505 3191 3546 non
3235 3505 3431 3564 pauca
3459 3505 3605 3548 con-

1946 3585 2186 3657 scripta.
2213 3585 2277 3639 Et
2306 3597 2446 3638 vero
2467 3581 2647 3637 etiam
2670 3579 2767 3636 alii
2792 3579 2904 3653 (68)
2926 3579 3338 3652 composuisse
3383 3585 3599 3636 testan-

1947 3680 2042 3731 tur
2071 3676 2156 3730 De
2181 3672 2486 3742 paschale,
2521 3671 2608 3726 De
2629 3671 2887 3739 jejunio,
2918 3669 3001 3724 De
3042 3668 3485 3734 obtrectatione,
3515 3670 3602 3724 De

1948 3762 2271 3823 canonibus
2290 3757 2721 3822 ecclesiasticis,
2736 3763 2794 3813 et
2812 3758 3113 3813 Adversus
3127 3772 3219 3812 eos
3239 3756 3344 3828 qui
3365 3756 3602 3812 Judaeo-

1946 3869 2082 3910 rum
2127 3865 2386 3908 errorem
2431 3853 2785 3918 sequuntur,
2819 3845 2999 3917 90a,
3035 3859 3220 3916 quem
3259 3844 3599 3900 Alexandro

1949 3940 2494 4012 Hierosolymorum
2512 3935 2796 4006 episcopo
2808 3949 3186 4004 nuncupasse
3205 3932 3458 3988 videtur.
3476 3933 3601 3990 Cla-

1945 4032 2062 4090 ruit
2091 4045 2232 4085 vero
2262 4030 2474 4084 Severo
2518 4028 2574 4080 et
2607 4023 2905 4079 Antonino
2935 4022 3048 4094 (69)
3076 4023 3206 4094 ejus
3233 4020 3358 4078 ﬁlio
3392 4023 3595 4079 Romae

1945 4117 2403 4195 imperantibus.

2593 4185 2748 4251 CX",
2778 4183 2958 4240 CXIII.

1946 4280 2256 4343 Clementis
2267 4274 2521 4335 Romani
2531 4279 2674 4346 pont
2685 4314 2694 4324 .
2707 4273 3167 4331 Constitutiones
3179 4273 3598 4344 apostolorum,

2420 4363 2863 4436 Recognitiones
2891 4369 2946 4420 et
2975 4362 3119 4420 alia.

292 4476 426 4551 [289
487 4475 594 4549 8.]
656 4451 1013 4548 Ἀνεγνὼσθό
1095 4475 1386 4548 Κλήμεντος
1455 4481 1550 4527 τοῦ
1632 4472 1835 4546 Ῥώμης

2018 4461 2293 4535 Legimus
2311 4454 2628 4514 Clementis
2651 4453 2905 4511 Romani
2927 4457 3092 4525 pont.
3121 4451 3412 4510 librorum
3435 4453 3602 4510 volu-

1582 4596 1810 4653 VABliE
1847 4587 2255 4651 LECTIONES.

298 4728 346 4761 ’⁵
372 4726 768 4797 ὑπογράφοντας
815 4747 870 4791 ς.
949 4727 1112 4797 “in,
1158 4727 1225 4786 ὡς
1348 4742 1361 4783 :
1413 4726 1636 4797 riwg__q.
1716 4722 1761 4757 ¹⁷
1803 4722 1893 4772 καὶ
1935 4719 2001 4770 τὰ
2054 4713 2172 4797 ἑξῆς
2203 4731 2257 4797 ςε
2310 4706 2550 4797 [δίρμξξέ
2827 4705 2875 4740 ¹⁸
2930 4709 3023 4757 τοῦ
3063 4709 3194 4762 αὕτη
3251 4701 3389 4760 addo
3430 4716 3495 4760 1‘0
3527 4706 3594 4759 Αο

231 4799 274 4832 ’⁸
305 4792 536 4851 Φλαυίόυ
577 4792 640 4849 Ᾱ.
718 4797 768 4832 ²⁰
795 4796 1130 4872 πρῶτος[ᾶΑ
1163 4813 1176 4852 :
1207 4792 1393 4868 ὄγδοος
1421 4815 1476 4859 ς’.
1553 4794 1598 4830 ²¹
1639 4797 1780 4866 post
1804 4793 2106 4867 προσειπεῖν
2132 4796 2272 4840 cum

2373 4775 2554 4834 omisi
2584 4771 2775 4838 ἔδοξεν.

1810 4877 2036 4938 NOTAE.

302 4979 414 5047 (63)
446 4973 618 5047 Facit
636 4973 890 5031 libenter
914 4973 1186 5047 Photius,
1219 4978 1280 5030 ut
1298 4989 1434 5047 qua:
1450 4973 1510 5029 in
1537 4971 1654 5044 piis
1678 4985 1842 5047 repe:

231 5041 721 5120 rit'sci'iptoribns
743 5061 853 5120 pro
868 5046 1202 5120 imaginum
1225 5041 1386 5120 cultu
1409 5041 1839 5120 annotet,quod

229 5114 460 5189 vigeret
475 5125 640 5183 tunc,
667 5114 806 5174 cuin
829 5119 956 5174 haec
976 5114 1280 5189 scriberet,
1304 5114 1842 5189 lconomacborum

231 5185 504 5248 inii-esis.
527 5189 679 5246 Vide
710 5207 755 5244 s.
781 5190 915 5246 cod.
936 5189 1026 5253 29,
1044 5188 1253 5246 etinfr.
1271 5190 1331 5244 in
1351 5188 1536 5244 Pierio
1553 5185 1687 5244 cod.
1721 5187 1840 5240 “9.
1942 5196 1982 5252 p

299 5262 415 5332 (64)
449 5281 462 5292 ·
495 5268 605 5315 Τοῦ
628 5263 821 5322 ἠθικοῦ
849 5263 1036 5327 τύπου,
1091 5276 1202 5333 pro
1258 5275 1383 5333 quo
1429 5258 1527 5316 alii
1573 5263 1735 5312 τόπου
1762 5257 1840 5313 le-

235 5340 605 5474 gugigmnem
622 5403 1092 5462 titulumtotidem
1111 5402 1421 5460 elementis
1439 5397 1839 5474 apudAEuseb.

238 5471 617 5556 Egon-Eccl”.
650 5477 881 5556 Hister,
905 5476 1002 5532 lib.
1023 5492 1102 5556 si,
1126 5490 1180 5531 c.
1199 5480 1256 5556 _7._
1273 5490 1343 5530 ex
1369 5471 1554 5556 ipsius
1577 5471 1844 5556 Clemen:

241 5539 316 5600 tii'
337 5548 510 5630 libli,
532 5565 612 5616 iii,
629 5556 686 5606 et
712 5565 770 5616 v,
790 5539 1314 5617 extremis'verbis,
1336 5539 1476 5602 alibi
1517 5560 1638 5602 non
1660 5539 1840 5599 semel

248 5627 788 5767 ιέδεῖδῗῖῗίειιὶιίοιιο
805 5665 1181 5759 refertarnm,
1214 5689 1338 5748 sive
1360 5688 1537 5746 etiam
1562 5683 1846 5759 cognitio-

1941 4979 2079 5023 nem
2114 4956 2458 5017 facientium
2489 4969 2595 5026 per
2624 4967 2722 5008 me
2750 4952 2990 5026 dixeris.

2012 5033 2124 5106 (67)
2155 5029 2368 5114 Euseb.
2394 5021 2560 5154 sugr.
2581 5024 2946 5106 singularem
2968 5024 3129 5080 hunc
3147 5022 3414 5106 libellum
3437 5021 3594 5105 facit:

2023 5108 2081 5154 in
2106 5105 2279 5154 editis
2300 5115 2464 5154 omni
2515 5113 2586 5152 us
2613 5096 2757 5152 illud
2781 5096 3034 5153 alterum
3065 5095 3140 5152 de
3161 5102 3594 5154 antiquissimis

1943 5095 2083 5164 etin
2106 5095 2279 5161 editis
2300 5095 2586 5157 omnibus
2613 5095 2757 5168 illud
2781 5096 3034 5153 alterum
3065 5095 3140 5152 de
3161 5095 3596 5168 antiquissimis

1985 5173 2320 5246 bilosopiiis
2348 5170 2587 5246 initium
2618 5167 2854 5246 legitur.

2015 5251 2131 5323 (68)
2152 5237 2327 5302 D‘ivus
2347 5237 2742 5323 Hieronymus
2899 5238 2984 5323 De
3012 5237 3396 5323 ecclesiastici
3406 5237 3601 5323 sacri-

1941 5308 2214 5393 ptoribns
2233 5332 2365 5393 cap.
2388 5317 2475 5393 38_.
2493 5308 2912 5393 Quibusoadde‘
2914 5308 2992 5366 ab
3017 5310 3296 5393 ipsemet
3314 5308 3493 5393 citata
3518 5311 3600 5393 D_e

1942 5380 2393 5452 resurrectione,
2428 5386 2513 5440 De
2566 5381 2813 5452 nuptiis,
2862 5381 2948 5437 De
2996 5380 3381 5446 cantinentia,
3415 5387 3471 5438 et
3519 5380 3598 5437 ab

1944 5463 2158 5521 Euseb.
2190 5459 2346 5516 Hist.
2389 5455 2612 5511 Eccles.
2641 5451 2743 5510 lib.
2775 5469 2856 5519 Vl,
2888 5467 3021 5525 cap,
3056 5457 3140 5520 tl,
3173 5453 3260 5510 De
3302 5453 3598 5525 patientia

1943 5537 2026 5594 ad
2050 5547 2251 5592 recens
2279 5527 2623 5597 baptizatos.

2015 5607 2130 5680 (69)
2161 5594 2569 5674 Cognomento
2598 5594 2922 5654 Caracalla.
