4136 6216
513 250 613 304 387

1755 238 1990 298 PHOTII
2028 237 2492 297 PATRIARCHE
2531 236 2641 295 ΟΡ.

512 370 679 428 mina
702 368 845 423 duo.
879 366 1099 423 Horum
1128 362 1293 423 alteri
1320 362 1419 422 hic
1456 368 1548 423 est
1579 363 1779 421 titulus
1808 380 1821 420 :
1866 366 2162 423 Constitu—

2285 366 2435 435 τεύχη
2488 362 2703 437 βιϐλίων
2735 360 2853 431 δύο,
2882 363 2949 415 ὧν
3004 366 3062 416 τό
3093 366 3181 436 μὶν
3217 362 3577 437 ἐπιγράφεται,
3619 368 3885 437 Διαταγαὶ

511 462 697 517 tiones
719 456 1128 525 apostolorum
1142 470 1250 525 per
1271 455 1630 514 Clementem
1650 455 1761 527 (70)
1784 456 2165 527 continetque

513 545 836 620 synodicos
884 559 1145 599 canones
1193 542 1324 621 illos
1372 545 1475 617 qui
1535 544 1946 617 apostolorum
1989 543 2164 600 coetui

511 631 1171 691 ascribuntur.Alterum
1185 636 1385 689 autem
1406 631 1685 689 volumen
1697 632 1959 706 epistolae
1971 633 2167 689 forma

508 722 731 780 Iacobo
763 722 927 778 fratri
955 721 1188 778 Domini
1237 721 1569 778 dedicatur.
1605 722 1791 779 Habet
1826 722 1941 779 hoc
1986 723 2161 787 Acta,

509 829 645 887 quas
677 812 974 877 dicuntur,
1000 810 1166 867 Petri
1194 810 1465 879 apostoli,
1483 817 1537 868 et
1563 826 1695 867 cum
1723 810 1960 868 Simone
1988 812 2166 883 Mago

510 900 989 957 dissertationes:
1027 898 1502 969 Recognitionem
1571 900 1781 956 adhaac
1834 900 2163 967 Clementis,

511 993 752 1061 ejusque
761 1004 949 1059 paren
959 989 1183 1054 tis,tum
1198 990 1455 1045 aliorum
1466 990 1733 1059 fratrum
1744 990 2165 1056 .Quamobrem

508 1078 690 1134 etiam
713 1080 771 1134 in
792 1076 1158 1150 quibusdam
1183 1076 1491 1133 codicibus
1514 1078 1642 1134 haac
1664 1079 1714 1134 ei
1739 1078 2049 1151 inscriptio
2073 1079 2167 1134 tri-

510 1168 712 1223 buitur
749 1183 762 1221 :
798 1166 1109 1223 Clementis
1139 1167 1393 1223 Romam
1418 1167 1783 1237 Recoynitio,
1817 1167 1876 1223 in
1908 1168 2037 1224 aliis
2080 1171 2171 1224 ta-

510 1272 669 1322 men,
704 1256 789 1312 uti
815 1256 1099 1320 diximus,
1134 1254 1390 1327 epistola
1416 1255 1745 1328 praiﬁgitur
1775 1261 2062 1330 tanquam
2091 1258 2167 1313 ad

510 1345 751 1402 fratrem
802 1345 1033 1401 Domini
1063 1344 1393 1409 Iacobum;
1428 1349 1482 1401 et
1514 1345 1641 1401 haec
1695 1361 1887 1418 neque
1932 1346 2164 1412 eadem,

510 1450 706 1507 neque
731 1440 792 1488 ut
821 1434 899 1489 ab
926 1432 1137 1489 eodem
1162 1432 1425 1505 profecta
1438 1434 1543 1489 sed
1574 1433 1634 1489 in
1655 1433 1823 1490 libris
1842 1434 2164 1500 nonnullis,

510 1523 689 1578 veluti
720 1539 756 1578 a
787 1524 950 1577 Petro
982 1521 1255 1593 apostolo
1282 1520 1361 1578 ad
1385 1522 1674 1578 Iacobum
1708 1524 1914 1589 missa,
1942 1524 2002 1580 in
2038 1523 2167 1580 aliis

508 1628 717 1669 rursus
739 1618 1027 1684 tanquam
1050 1628 1085 1667 a
1103 1612 1405 1667 Clemente
1427 1611 1504 1667 ad
1520 1612 1835 1683 Iacobum,
1856 1612 1972 1671 alia
1987 1619 2166 1686 atque

511 1702 628 1758 alia
650 1707 713 1757 ut
734 1701 914 1756 modo
937 1700 1216 1756 diximus.
1242 1702 1460 1756 Harum
1486 1702 1648 1773 prior
1668 1703 2167 1775 ostenditipsum-

513 1796 635 1847 met
652 1791 887 1847 Petrum
911 1805 1004 1846 res
1027 1805 1063 1845 a
1089 1805 1149 1846 se
1172 1795 1371 1859 gestas
1398 1791 1851 1863 conscripsisse,
1871 1798 1927 1848 et
1944 1792 2167 1849 Iacobo

514 1896 617 1937 eas
644 1878 969 1952 postulanti
1001 1878 1237 1935 misisse
1262 1901 1275 1933 :
1311 1878 1498 1936 altera
1526 1895 1668 1935 vero
1699 1879 1877 1937 refert
1906 1881 2169 1938 Clemen-

514 1974 631 2026 tem
655 1968 799 2024 Petri
819 1968 1001 2039 jussu
1031 1968 1275 2023 easdem
1306 1982 1399 2023 res
1424 1973 1622 2037 gestas
1647 1968 1851 2025 litteris
1876 1970 2169 2042 proditas,

516 2056 943 2131 postquamille
960 2056 1086 2128 jam
1110 2056 1601 2112 adimmortalem
1622 2059 2174 2129 commigrassetvi-

515 2154 637 2204 tam
665 2145 889 2203 Iacobo
941 2144 1364 2201 transmisisse.
1409 2147 1491 2201 Ex
1536 2162 1660 2218 quo
1691 2148 2038 2218 conjectura
2080 2164 2177 2205 ca-

521 2237 678 2309 pitur
708 2236 801 2291 bis
832 2234 1015 2292 fuisse
1044 2249 1139 2290 res
1168 2238 1364 2304 gestas
1407 2238 1595 2291 sancti
1630 2235 1783 2292 Petri
1807 2236 1996 2293 editas
2036 2237 2174 2308 (71),

516 2341 586 2382 ac
633 2340 771 2381 cum
820 2324 1106 2395 temporis
1152 2322 1587 2395 longinquitate
1637 2326 1918 2396 periisset
1967 2326 2175 2395 altera,

514 2414 679 2471 illam
705 2412 1018 2470 Clementis
1049 2412 1293 2468 tandem
1326 2412 1520 2468 solam
1550 2413 1931 2485 perdurasse.
1959 2419 2024 2472 tn
2054 2432 2179 2473 om-

517 2503 694 2559 nibus
723 2503 880 2557 enim
912 2500 1096 2571 libris,
1120 2516 1277 2573 quos
1305 2501 1553 2573 quidem
1579 2502 1781 2559 videre
1815 2504 1959 2560 mihi
1989 2505 2176 2561 conti-

518 2593 599 2662 git
626 2594 770 2662 (non
790 2605 1017 2663 paucos
1042 2589 1174 2646 illos
1206 2592 1390 2659 certe)
1420 2596 1557 2663 post
1582 2590 1858 2649 diversas
1891 2592 2022 2649 illas
2052 2595 2176 2666 epi-

518 2679 701 2736 stolas
740 2684 917 2751 atque
948 2677 1386 2750 inscriptiones,
1418 2678 1576 2735 idem
1614 2680 1862 2737 omnino
1902 2682 2028 2738 sine
2072 2698 2179 2738 va-

516 2769 767 2825 riatione
797 2767 912 2823 hoc
954 2768 1152 2839 operis
1184 2766 1420 2823 initium
1466 2769 1656 2840 reperi
1685 2785 1697 2823 :
1728 2770 1859 2840 Ego
1892 2770 2175 2839 Clemens,

518 2865 574 2914 et
594 2874 729 2931 quae
746 2856 955 2913 ordine
978 2856 1261 2929 deinceps
1278 2862 1631 2928 sequuntur.
1654 2859 1950 2917 Refertum
1973 2867 2176 2917 autem

517 2947 633 3004 hoc
654 2962 809 3019 opus
839 2944 1117 3002 absurdis
1143 2945 1342 3015 nugis,
1365 2961 1489 3003 non
1520 2948 1645 3003 sine
1668 2947 1939 3018 plurimis
1961 2965 2034 3006 ex
2058 2950 2175 3006 Arii

520 3036 802 3109 opinione
861 3035 922 3090 in
970 3034 1179 3090 Filium
1243 3034 1659 3106 blasphemiis.
1710 3038 2176 3096 Constitutiones

521 3138 701 3196 porro
730 3124 842 3193 (72)
871 3121 1059 3177 tribus
1088 3136 1160 3176 ex
1192 3121 1490 3193 capitibus
1531 3123 1823 3181 duntaxat
1853 3127 2177 3197 reprehen-

524 3212 679 3267 sioni
706 3209 982 3265 videntur
1012 3209 1310 3266 obnoxias.
1336 3210 1411 3266 Ex
1434 3210 1593 3267 mala
1616 3213 1898 3269 nimirum
1922 3214 2177 3281 ﬁctione,

523 3314 707 3372 quam
727 3296 1024 3368 depellere
1046 3312 1169 3353 non
1199 3303 1286 3353 est
1304 3298 1636 3356 admodum
1668 3300 1906 3360 difﬁcile
1928 3320 1942 3359 :
1966 3304 2184 3361 deinde

523 3387 691 3460 quod
721 3392 931 3441 contra
964 3386 1493 3442 Deuteronomium
1527 3388 1975 3447 criminationes
2004 3408 2186 3465 quas-

524 3476 668 3532 dam
689 3474 1019 3540 adducant,
1040 3489 1178 3545 qua:
1195 3479 1251 3530 et
1265 3473 1411 3546 ipsas
1433 3475 1579 3532 dilui
1603 3476 1882 3535 facillime
1902 3488 2180 3553 possunt;

526 3564 786 3636 denique
807 3579 879 3620 ex
902 3562 1263 3629 Arianismo,
1288 3578 1471 3635 quem
1500 3564 1640 3621 item
1665 3582 1877 3624 acarus
1901 3570 2083 3643 paulo
2103 3573 2188 3628 in.

527 3654 762 3718 stando,
796 3652 1062 3709 refellere
1112 3668 1322 3725 queas.
1376 3653 1547 3710 Liber
1590 3661 1853 3714 attamen
1901 3664 2183 3719 Actorum

528 3744 678 3800 Petri
699 3742 825 3815 (qui
852 3743 925 3799 de
942 3742 1462 3813 Recognitionibus
1483 3744 1806 3816 inscriptus
1831 3750 1937 3821 est)
1962 3752 2186 3824 perspi-

529 3834 744 3890 cuitate
775 3848 847 3889 ac
894 3832 1201 3902 gravitate,
1235 3832 1313 3889 ad
1355 3832 1487 3889 haec
1518 3835 1771 3906 puritate
1798 3838 1959 3909 90b
1982 3845 2040 3897 et
2079 3856 2185 3899 ve-

529 3922 853 3987 hementia,
890 3920 1142 3994 aliisque
1190 3920 1477 3979 orationis
1506 3924 1769 3992 dotibus,
1801 3943 2002 3986 rerum
2042 3930 2183 3989 item

531 4012 829 4070 variarum
855 4009 1147 4077 doctrina,
1171 4014 1405 4068 tantum
1426 4014 1882 4073 Constitutiones
1902 4018 2064 4091 ipsas
2091 4036 2187 4077 su-

530 4106 716 4173 perat,
749 4100 915 4157 nulla
940 4107 1002 4156 ut
1025 4100 1138 4155 hos
1166 4100 1313 4155 inter
1337 4104 1728 4175 comparatio,
1747 4106 1827 4162 ad
1844 4122 2185 4167 sermonem

530 4190 693 4262 quod
722 4191 947 4257 attinet,
976 4188 1101 4244 fieri
1131 4188 1366 4245 debeat.

2273 462 2372 505 τῶν
2405 453 2703 506 ἀποστόλων
2769 449 2865 506 διά
2948 452 3255 525 Κλήμεντος,
3312 452 3359 504 ἐν
3518 459 3607 505 καὶ
3668 456 3716 506 οἱ
3775 462 3883 506 τῶν

2277 540 2567 595 συναδικῶν
2618 547 2839 595 κανόνων
2896 551 2969 612 τῷ
3039 541 3356 615 ἀθροίσματι
3427 551 3526 595 τῶν
3574 541 3882 595 ἀποστόλων

2274 638 2478 692 κανόνες
2542 630 2941 706 ἐπιγραφόμενοι
3023 635 3355 705 περιέχονται
3438 649 3451 661 °
3536 635 3593 684 τὸ
3661 628 3720 685 δε
3777 635 3880 691 τὴν

2274 726 2643 793 προσφώνησιν
2692 724 2755 781 ὡς
2808 719 2855 772 ἐν
2910 720 3192 783 ἐπιστολῆς
3237 717 3366 774 ε’ίδει
3444 724 3577 795 πρὸς
3628 719 3881 775 Ἰάκωϐον

2274 814 2361 862 τὸν
2383 807 2688 883 ἀδελφόθεον
2726 818 2971 876 ποιεῖται,
3028 808 3075 862 ἐν
3242 811 3298 863 αἶ
3355 829 3407 863 τε
3470 809 3738 881 λεγόμεναι
3781 816 3882 862 τοῦ

2277 898 2567 952 ἀποστόλου
2602 905 2795 974 Πέτρου
2852 899 3066 973 Πράξεις
3119 904 3205 951 καὶ
3240 901 3292 951 αἱ
3347 903 3481 973 Πρὸς
3537 904 3740 973 Σίμωνα
3784 901 3881 951 τόν

2278 990 2456 1061 Μάγον
2488 986 2760 1054 διαλέξεις,
2814 994 2903 1041 καὶ
2956 991 3032 1040 ἔτι
3089 989 3114 1040 ὀ
3164 989 3585 1061 Ἀναγνωρισμὸς
3644 988 3879 1060 Κλήμενο

3786 1072 3883 1128 διὸ

2276 1172 2366 1219 καὶ
2397 1170 2444 1219 ἓν
2474 1186 2585 1219 τισι
2616 1176 2714 1219 τῶν
2746 1166 2963 1239 βιϐλίων
3014 1169 3043 1225 ἡ
3125 1168 3410 1239 ἐπιγραφὴ,
3455 1166 3743 1239 Κλήμεντος
3782 1172 3882 1217 τοῦ

2275 1254 2523 1327 Ῥωμαίου
2574 1256 2972 1329 ἀναγνωρισμιπ
3018 1254 3376 1328 ἐπιγράφεται.
3424 1253 3471 1307 ἐν
3518 1260 3632 1308 τισὶ
3677 1250 3756 1319 δι,
3808 1256 3884 1315 ὤς

2277 1346 2486 1417 ἔφημεν,
2532 1343 2775 1403 ἐπιστολὴ
2819 1346 3164 1419 προτάττεται
3222 1348 3287 1406 ὡς
3338 1347 3469 1416 πρός
3523 1346 3609 1396 τόν
3662 1340 3883 1415 ἀδελφός

2280 1435 2389 1486 θεον
2413 1432 2675 1503 Ἰάκωϐον,
2708 1438 2795 1485 καὶ
2816 1432 2946 1491 αὕτη
2972 1429 3031 1485 δι
3082 1432 3187 1505 οὐχ
3245 1436 3273 1491 ἠ
3327 1433 3471 1499 αὑτὴ,
3506 1428 3630 1485 οὐδε
3659 1433 3727 1493 ὡς
3772 1430 3883 1484 ἀπὸ

2276 1098 2361 1138 τυς
2406 1083 2491 1130 καὶ
2551 1086 2642 1131 του
2690 1080 2881 1149 πατρός
2934 1082 3023 1129 καὶ
3070 1085 3170 1129 τῶν
3222 1078 3384 1129 ἄλλων
3442 1073 3693 1149 ἀδελφῶν,

2276 1530 2366 1574 τοῦ
2416 1522 2575 1574 αὐτοῦ
2639 1528 2921 1595 προσώπου
2979 1526 3407 1596 προενηνεγμένη,
3484 1520 3590 1573 ἀλλ’
3649 1520 3732 1573 ἐπὶ
3784 1523 3883 1592 μέν

2276 1631 2425 1663 τινων
2458 1611 2673 1685 βιϐλίων
2732 1615 2801 1674 ὡς
2832 1610 2933 1663 ἀπό
2986 1616 3181 1686 Πέτρου
3237 1619 3327 1663 τοῦ
3390 1608 3679 1664 ἀποστόλου
3746 1611 3888 1683 πρὸς

2279 1699 2517 1753 Ἰάκωϐον
2568 1700 2937 1773 ἐπεσταλμένη,
3014 1699 3090 1773 ἐφ’
3187 1700 3363 1775 ἐτέρων
3458 1696 3517 1752 δὲ
3611 1701 3677 1761 ὡς
3774 1696 3881 1751 ἀπό

2280 1790 2566 1861 Κλήμεντος
2616 1794 2741 1862 πρὸς
2790 1788 3051 1855 Ἰάκωϐον,
3107 1787 3237 1863 [156
3286 1789 3393 1860 Η.]
3429 1788 3555 1847 ἄλλη
3586 1793 3675 1840 καὶ
3724 1785 3879 1853 ἄλλη,

2277 1881 2446 1940 καθὼς
2506 1884 2831 1953 προείπομεν.
2893 1883 2993 1931 Καὶ
3050 1880 3079 1937 ἠ
3122 1880 3210 1950 μὶν
3243 1874 3399 1937 δηλοί
3450 1882 3641 1954 Πέτρον
3687 1878 3778 1939 τὰς
3807 1876 3886 1928 οί-

2279 1974 2422 2031 κείας
2459 1968 2873 2041 συγγράψασθαι
2953 1969 2998 2002 ²²
3041 1968 3252 2036 πράξεις
3322 1972 3411 2020 καὶ
3455 1969 3585 2043 πρὸς
3636 1964 3886 2020 Ἰάκωϐον

2282 2058 2623 2129 αἰτησάμενον
2659 2060 2852 2119 ταύτας
2908 2055 3212 2109 ἀποστεῖλαι
3279 2074 3293 2087 ·
3337 2059 3367 2114 ἠ
3432 2052 3490 2110 δε
3542 2052 3889 2129 διαλαμϐάνει

2285 2150 2352 2209 ὡς
2409 2146 2618 2218 Κλήμης
2674 2149 2861 2207 ταύτας
2920 2148 3053 2199 κατά
3114 2150 3433 2221 πρόσταγμα
3504 2150 3701 2220 Πέτρου
3756 2164 3891 2215 συγ-

2284 2236 2523 2308 Ἱρά’”ἐδ⁸ιίν
2574 2235 2809 2288 κάκείνου
2842 2239 2969 2310 πρὸς
3023 2240 3114 2292 τὴν
3147 2234 3327 2308 ἀγήρω
3392 2236 3806 2307 μεταναστάντος
3838 2235 3888 2269 ﬂ

2288 2325 2585 2378 ἀποστείλοι
2618 2324 2833 2397 Κλήμης
2884 2328 3011 2399 πρὸς
3036 2322 3300 2379 Ἰάκωϐον.
3336 2323 3515 2377 Ἔστιν
3536 2320 3623 2377 οὖν
3648 2323 3889 2395 εἰκασμῷ

2289 2410 2551 2467 διαλαϐεῖν
2600 2417 2667 2476 ὡς
2710 2410 2806 2467 δύο
2858 2417 2947 2486 μεν
2993 2416 3172 2471 εἴησαν
3243 2422 3342 2465 τῶν
3400 2417 3593 2487 Πέτρου
3643 2412 3887 2487 Αράξεων

2286 2501 2517 2565 ἐκδόσεις
2545 2507 2900 2576 γεγενημέναι,
2952 2511 3022 2573 τῷ
3075 2499 3133 2555 δε
3179 2508 3351 2578 χρόνῳ
3404 2510 3499 2564 τῆς
3530 2502 3703 2577 ἐτέρας
3732 2499 3887 2575 διαρ-

2283 2595 2494 2668 ῥυείσης
2521 2592 2867 2668 ἐπεκράτησεν
2915 2593 2945 2650 ἠ
2998 2600 3088 2643 τοῦ
3130 2592 3421 2664 Κλήμεντος
3455 2613 3466 2625 ·
3520 2591 3569 2644 ἐν
3616 2596 3749 2643 πᾶσι
3781 2593 3889 2665 γάρ

2285 2689 2390 2743 τοῖς
2444 2680 2667 2755 βιϐλίοις
2738 2680 2772 2732 ἃ
2830 2678 3053 2752 εἴδομεν,
3098 2686 3268 2733 καίτοι
3317 2681 3410 2733 οὐκ
3468 2680 3649 2752 ὀλίγων
3700 2684 3887 2743 ὄντων,

2284 2774 2417 2843 μετά
2461 2775 2552 2833 τάς
2583 2768 2865 2844 διαφόρους
2909 2770 3101 2834 ἐκείνας
3150 2769 3421 2832 ἐπιστολὰς
3467 2776 3556 2822 καὶ
3599 2768 3895 2845 ἐπιγραφὰς

2286 2867 2379 2920 τήν
2424 2861 2586 2920 αὐτὴν
2690 2862 2898 2937 εὕρομεν
2999 2858 3411 2935 ἀπαραλλάκτως
3505 2864 3893 2935 πραγματείαν,

2289 2950 2583 3025 ἀρχομένην
2618 2971 2630 2983 ·
2660 2949 2794 3020 Ἐγὼ
2840 2948 3103 3021 Κλήμηνς,
3153 2954 3241 3001 καὶ
3272 2951 3336 3000 τά
3385 2949 3500 3011 ἑξῆς
3530 2947 3896 3020 ἐνταττόμενα.

2288 3045 2501 3116 Μυρίων
2568 3036 2627 3092 δε
2684 3037 3029 3110 ἀτοπημάτων
3073 3039 3102 3096 ἠ
3160 3041 3490 3111 πραγματεία
3540 3042 3686 3110 γέμει
3733 3038 3899 3108 αὕτη,

2290 3134 2503 3189 καὶτῆς
2552 3129 2623 3191 εἰς
2670 3131 2754 3180 τὸν
2815 3132 2930 3181 Υιόν
2967 3125 3312 3200 βλασφημίας
3355 3129 3491 3180 κατά
3535 3132 3622 3186 τὴν
3678 3127 3894 3200 Ἀρείου

2292 3214 2450 3281 δόξαν
2481 3216 2621 3270 ἐστὶν
2675 3215 2949 3277 ἀνάπλεως.
2999 3218 3061 3269 Δί
3101 3212 3161 3268 δέ
3204 3235 3263 3288 γε
3316 3221 3572 3286 Διαταγαὶ
3625 3220 3765 3289 τρισὶ
3797 3219 3899 3288 μό-

2291 3327 2398 3369 νοις
2430 3303 2677 3359 δοκοῦσιν
2704 3304 2995 3378 ἐνέχεσθαι,
3030 3304 3415 3378 κακοπλαστίᾳ,
3477 3304 3536 3364 ἣν
3566 3305 3624 3357 οὐ
3654 3303 3894 3377 χαλεπόν

2295 3395 2781 3461 ἀποσκευάσασθαι,
2838 3400 2927 3447 καὶ
2980 3396 3060 3447 ὅτι
3110 3396 3245 3447 κατά
3321 3403 3411 3447 τοῦ
3491 3399 3894 3467 Δευτερονομίου

2295 3485 2468 3560 ὕϐρεις
2508 3487 2651 3546 τινάς
2692 3483 2993 3557 ἐπαφίησιν,
3047 3483 3081 3535 ἃ
3135 3489 3224 3537 καὶ
3269 3484 3461 3558 ῥᾷστον
3506 3480 3893 3550 διαλύσασθαι,

2296 3580 2379 3628 καὶ
2402 3578 2477 3628 ἔτι
2519 3576 2886 3649 ’Λρειανισμῷ,
2933 3576 3052 3649 ὅπερ
3085 3574 3145 3625 ἄν
3176 3593 3254 3635 τις
3284 3578 3371 3626 καὶ
3421 3571 3611 3646 βιαίως
3641 3568 3900 3647 διακρού-

2298 3684 2469 3719 σαιτο.
2520 3664 2577 3717 Ἠ
2624 3668 2797 3737 μέντοι
2842 3681 2901 3734 γε
2954 3672 3051 3715 τῶν
3104 3670 3194 3714 τοῦ
3264 3668 3458 3736 Πέτρου
3520 3661 3756 3738 Πράξεων
3808 3659 3898 3733 βί-

2297 3754 2414 3817 ϐλος
2443 3763 2513 3825 τῷ
2565 3772 2618 3806 τε
2685 3752 2905 3824 λαμπρῷ
2962 3756 3050 3804 καὶ
3101 3759 3163 3823 τῇ
3228 3756 3505 3824 σεμνότητι
3568 3755 3657 3803 καὶ
3701 3753 3778 3804 ἐτι
3818 3759 3896 3823 τῷ

2293 3846 2506 3917 καθαρῷ
2549 3846 2638 3894 καὶ
2692 3846 2918 3911 συντόνῳ
2970 3846 3056 3893 καὶ
3126 3848 3188 3913 τῇ
3248 3840 3373 3914 ἄλλῃ
3439 3839 3590 3914 ἀρετῇ
3646 3848 3737 3893 τοῦ
3814 3839 3901 3894 λό-

2292 3954 2386 4007 γου
2486 3936 2575 3984 καὶ
2651 3929 2975 4002 πολυμαθείᾳ
3072 3936 3316 3982 τοσοῦτον
3392 3932 3505 4001 ἰχει
3576 3933 3701 4003 πρὸς
3802 3932 3903 3993 τὰς

2294 4024 2555 4093 Διαταγάς
2601 4024 2657 4073 τό
2716 4018 3091 4092 παραλλάττον,
3147 4021 3216 4079 ὡς
3287 4015 3424 4090 μηδέ
3485 4020 3775 4091 συγκράσει
3830 4025 3897 4092 τῇ

2293 4114 2425 4164 κατά
2456 4114 2575 4170 τοὺς
2622 4109 2809 4180 λόγους
2855 4110 2983 4183 πρὸς
3039 4106 3259 4170 ἀλλήλας
3322 4105 3743 4180 παραϐαλλέσθαι
3800 4109 3903 4170 τὰς

2296 4198 2535 4273 βίϐλους.

604 4278 705 4333 Hic
735 4277 1006 4334 Clemens
1050 4277 1165 4349 (73)
1191 4277 1287 4333 ille
1329 4283 1435 4347 est,
1468 4278 1544 4335 de
1581 4297 1704 4354 quo
1733 4282 1944 4340 beatus
1970 4287 2174 4344 Paulus

2366 4288 2531 4349 Οὗτός
2561 4286 2700 4341 ἐστιν
2757 4287 2783 4337 ό
2817 4285 3031 4357 Κλήμης
3087 4290 3203 4359 περὶ
3233 4285 3292 4337 οὗ
3334 4305 3491 4359 φησιν
3538 4287 3564 4337 ὁ
3614 4286 3901 4348 θεσπέσιος

534 4367 594 4421 in
612 4382 683 4422 ea
711 4382 848 4438 quas
880 4374 965 4422 est
991 4367 1069 4423 ad
1094 4366 1504 4439 Philippenses
1521 4370 1775 4441 epistola
1799 4390 1812 4429 :
1847 4395 1873 4425 «
1901 4377 2045 4432 Cum
2062 4377 2185 4434 Cle-

534 4459 733 4511 mente
754 4459 811 4511 et
829 4454 1072 4528 reliquis
1092 4457 1586 4528 cooperatoribus
1607 4460 1775 4527 meis,
1799 4478 2057 4535 quorum
2081 4482 2182 4523 no-

533 4545 699 4601 mina
744 4544 966 4617 scripta
1014 4549 1152 4601 sunt
1197 4544 1256 4600 in
1288 4543 1441 4601 libro
1492 4547 1647 4603 vitae.
1676 4572 1704 4598 »
1736 4552 1979 4624 Scripsit
2025 4554 2185 4612 idem

535 4632 741 4705 magni
756 4632 1098 4691 faciendam
1118 4632 1195 4691 ad
1214 4633 1541 4691 Corinthios
1557 4637 1871 4709 epistolam
1895 4642 2030 4712 (74),
2049 4659 2186 4716 quae

2296 4378 2497 4439 Παῦλος
2518 4380 2567 4429 ἐν
2601 4384 2662 4449 τῇ
2714 4378 2838 4449 πρὸς
2868 4374 3251 4437 Φιλιππησίους
3279 4373 3557 4447 Ἐπιστολῇ
3593 4375 3662 4440 ³⁸,
3695 4394 3723 4426 ι(
3748 4377 3906 4428 Μετά

2294 4472 2383 4524 καὶ
2436 4466 2722 4538 Κλήμεντος
2770 4468 2862 4516 καὶ
2910 4472 3009 4515 τῶν
3058 4463 3246 4516 λοιπῶν
3303 4472 3561 4537 συνεργῶν
3644 4482 3763 4535 μου,
3831 4463 3905 4515 ὧν

2294 4559 2361 4609 τά
2399 4556 2626 4628 ὀνόματα
2666 4552 2712 4605 ἐν
2745 4550 2910 4625 βίϐλῳ
2961 4552 3123 4614 ζωῆς.
3174 4574 3200 4601 ››
3268 4553 3436 4613 Οὗτος
3487 4557 3578 4605 καὶ
3623 4550 3907 4609 ἐπιστολὴν

2298 4642 2564 4715 ἀξιόλογον
2610 4645 2738 4717 πρὸς
2798 4642 3099 4716 Κορινθίους
3146 4642 3353 4714 γράφει,
3414 4644 3523 4702 ἣτις
3579 4642 3723 4715 παρά
3776 4640 3907 4693 πολ-

1875 4766 2112 4825 VARI/E
2150 4770 2555 4829 LECTIONES.

606 4885 650 4924 ει
681 4882 993 4959 συγγράψαι
1013 4902 1067 4949 ς.
1146 4882 1195 4919 ³³
1223 4886 1574 4956 μεναστάντος
1600 4906 1656 4951 ς’.
1733 4888 1782 4923 ¹⁴
1816 4886 2086 4966 ἐπιστολῇ]
2121 4912 2195 4961 1v,
2223 4895 2276 4951 3.

2099 5022 2143 5076 Ν
2150 5020 2327 5079 ΟΤᾹΞ.

609 5117 718 5189 (70)
734 5118 947 5192 Earum
961 5117 1094 5171 octo
1106 5112 1291 5192 libros
1303 5116 1499 5192 Graece
1511 5118 1775 5192 primum
1790 5121 2005 5179 deinde
2018 5129 2073 5181 et
2086 5128 2187 5183 La-

536 5186 1401 5267 tin;e_doc_tissime_explanatos,
1434 5186 1894 5267 ﬁrmissimeque
1911 5196 2189 5254 defensos
2258 5221 2266 5227 ·

538 5260 719 5315 edidit
759 5262 961 5316 Franc.
994 5256 1315 5314 Turrianus
1346 5267 1568 5317 noster.
1600 5256 1849 5323 Eosdem
1882 5268 2021 5324 item
2050 5285 2184 5326 cum

540 5330 1092 5409 Xﬁecognilionum
1123 5329 1289 5385 libris
1309 5345 1390 5409 ex
1428 5332 1660 5409 Rufﬁni
1686 5336 2186 5409 interpretatione,

540 5401 853 5480 additis’et
881 5408 1108 5480 crateras
1140 5417 1275 5480 quas
1304 5406 1429 5480 tum
1475 5406 1716 5480 reperiri
1761 5401 2082 5480 potuerunt
2127 5401 2183 5468 Βξ

540 5473 822 5600 going;
884 5472 1123 5544 Operib.
1160 5472 1495 5533 'dederunt
1540 5472 1781 5536 'Latine'
1852 5480 2185 5540 Coloniens.

539 5560 637 5602 an.
672 5550 827 5600 1599.

608 5617 725 5688 (7t)
756 5613 1241 5686 Recognitinoum
1272 5617 1395 5677 duo
1420 5619 1609 5678 fuisse
1639 5622 1969 5691 volumina,
1992 5625 2054 5683 in
2086 5626 2187 5683 ali-

2339 5126 2516 5183 uibus
2536 5126 2687 5183 inter
2712 5140 2774 5181 se
2819 5123 3076 5192 diversa,
3124 5127 3375 5182 testatur
3420 5124 3601 5183 etiam
3629 5122 3916 5184 Rufﬁnm

2346 5199 2468 5255 raaf.
2503 5198 2581 5254 ad
2613 5197 2904 5254 Gaudent.

2370 5272 2482 5344 (‘72)
2500 5270 2845 5327 Franciscus
2857 5267 3201 5344 Turrianus,
3219 5268 3352 5324 Soc.
3369 5268 3526 5344 Iesu,
3539 5266 3607 5344 _in
3627 5266 3918 5344 Clemen.

2299 5338 2854 5469 tilec'instituliones
2870 5344 3054 5410 apost.
3070 5338 3514 5409 Prolegomenis
3538 5339 3670 5396 hinc
3691 5341 3917 5401 eadem

2300 5429 2366 5469 so
2394 5429 2449 5469 vn
2480 5452 2496 5468 .

2300 5415 2496 5470 solvit.

2394 5485 2483 5553 73)
2517 5486 2665 5553 Lege
2691 5484 2749 5537 Β.
2786 5482 3018 5538 Hieron.
3044 5496 3178 5552 cap.
3213 5486 3293 5547 t5,
3328 5481 3506 5539 Catal.

2394 5489 2460 5541 73
2517 5486 2665 5553 Lege
2691 5485 2749 5537 Β.
2786 5485 3018 5538 Hieron.
3044 5496 3178 5552 cap.
3213 5486 3293 5547 t5,
3328 5485 3506 5539 Catal.

2370 5485 2483 5628 274;
2534 5554 2676 5611 Vide
2734 5556 3208 5628 Hieronymum._
3237 5554 3323 5611 De
3377 5553 3657 5624 scriptor.
3727 5558 3915 5616 eccle-

2297 5624 2471 5685 siast.
2497 5642 2629 5701 cap.
2660 5630 2744 5692 £5,
2769 5633 2825 5683 et
2848 5624 2961 5682 inf;
2986 5624 3121 5682 cod.
3151 5625 3273 5681 126.
