4136 6216
186 254 284 311 389

1215 240 1715 303 BIBLIOTHECA.
1754 273 1825 286 -—
1868 238 2031 301 COD.
2068 240 2259 311 CXIV,
2301 240 2462 302 CXV.

3454 249 3563 307 390

183 380 293 440 λοῖς
327 372 611 447 ἀποδοχῆς
646 373 843 438 ἠξιώθη
890 376 959 437 ὡς
1012 378 1100 428 καὶ
1152 370 1391 446 δημοσίᾳ
1439 371 1786 446 ἀναγινώσκε-

1898 386 1927 427 a
1975 370 2276 445 plerisque
2333 374 2495 428 tanto
2533 365 2594 426 in
2632 368 2824 444 pretio
2863 375 2950 429 est
2992 371 3220 439 habita,
3281 374 3558 449 adeoque

186 471 326 521 σθαι.
353 466 413 519 ’Β
470 461 532 517 δι
581 464 824 535 λεγομένη
882 459 1104 537 δευτέρα
1148 466 1281 536 πρὸς
1321 466 1443 525 τοὺς
1491 462 1677 523 αὐτοὺς
1716 464 1785 524 ὡς

179 558 325 617 νόθος
398 549 879 625 ἁποδοκιμάξεται,
934 554 1107 627 ὥσπερ
1177 554 1203 604 ό
1280 554 1327 588 ³³
1377 555 1784 626 ἐπιγραφόμενος

182 646 254 698 is”
303 644 524 716 ὀνόματι
567 642 726 694 αὑτοῦ
757 646 957 715 Πέτρου
1002 647 1091 695 καὶ
1133 642 1427 703 Ἀππίωνος
1455 640 1783 713 πολύστιχος

180 731 442 805 διάλογος.
474 739 665 785 Τοῦτόν
720 751 877 804 φασιν
908 734 957 784 οἱ
1004 736 1092 803 μεν
1133 727 1373 804 δεύτερον
1420 735 1552 804 μετὰ
1596 736 1783 803 Πέτρον

174 824 370 895 Ῥώμης
424 820 785 879 ὶπισκοπῆσαι
834 822 905 886 ³⁸,
955 823 1005 873 οἱ
1045 817 1103 873 δι
1160 824 1419 894 τέταρτον·
1474 825 1629 875 Λίνον
1679 824 1780 895 γὰρ

175 918 259 964 καὶ
316 911 636 968 Ἀνάιιλητον
665 912 709 946 ³7
752 909 945 983 μεταξὺ
996 910 1157 963 αὐτοῦ
1200 915 1289 963 καὶ
1344 916 1540 985 Πέτρου
1582 911 1784 983 Ῥώμης

181 1001 493 1062 ἐπισκόπους
549 995 928 1070 διαγεγονέναιο
958 998 1263 1058 τελευτῆσαι
1306 995 1365 1052 δε
1423 999 1578 1053 αὑτὸν
1626 1006 1783 1075 τρίτῳ

178 1093 281 1143 ἔτει
307 1096 585 1162 Τραίανοῡ.

922 1267 1059 1323 ΡΙΔ’.

312 1361 544 1410 Λευκίου
571 1360 802 1432 Χαρίνου
834 1359 890 1410 αἱ
919 1366 1018 1409 τῶν
1040 1356 1340 1411 ἀποστόλων
1372 1354 1637 1432 Περίοδοι.

238 1446 371 1520 [292
430 1444 543 1519 Β.]
597 1445 930 1518 Ἀνεγνὼσθη
986 1445 1206 1520 βίϐλίον,
1250 1449 1305 1500 αἱ
1350 1447 1621 1520 λόγόμεναι
1672 1455 1783 1501 Τῶν

166 1536 482 1589 ἀποστόλων
564 1532 830 1609 Περίοδοι,
891 1534 940 1588 έν
1021 1537 1102 1597 αἶς
1166 1541 1494 1612 περιείχοντο
1572 1536 1785 1611 πράξεις

165 1631 391 1699 Πέτρου,
429 1624 696 1691 Ἰωάννου,
739 1622 1015 1700 ’Δνδρέου,
1071 1632 1255 1699 Θωμᾷ,
1316 1627 1543 1681 Παύλου.
1597 1628 1785 1700 Γράφει

159 1711 222 1799 ξι
245 1714 440 1775 αὐτὰς.
470 1715 538 1774 ὡς
568 1709 727 1772 δηλοῖ
746 1717 807 1767 τὸ
852 1714 978 1767 αὐτό
1020 1712 1243 1786 βιϐλίον,
1276 1718 1491 1776 Λεύκιος
1540 1722 1784 1791 Χαρῖνος.

174 1810 215 1855 Η
245 1799 307 1856 δι
340 1805 546 1877 φράσις
602 1802 671 1863 εἰς
718 1806 779 1857 τό
825 1803 1070 1867 παντελὴς
1120 1802 1389 1877 ἀνώμαλός
1435 1824 1488 1857 τε
1530 1810 1620 1858 καὶ
1658 1825 1789 1880 παρ-

162 1891 487 1963 ιλλαγμένη·
547 1896 639 1944 καὶ
683 1892 963 1955 συντάξεσι
1022 1895 1120 1966 γὰρ
1166 1898 1258 1946 καὶ
1315 1892 1484 1957 λέξεσι
1526 1897 1790 1966 κέχρηται

161 1974 319 2033 ένίοτε
550 1980 647 2033 οὐκ
699 1980 1069 2055 ἠμελημέναις,
1119 1984 1256 2035 κατὰ
1307 1979 1367 2037 δι
1417 1986 1476 2036 τό
1548 1984 1789 2038 πλεῖστον

162 2067 441 2142 ἆγοραίοις
497 2073 591 2121 καὶ
648 2074 1058 2143 πεπατημίναις,
1104 2076 1194 2125 καὶ
1249 2068 1401 2126 οὐδεν
1453 2081 1544 2135 τῆς
1590 2073 1791 2146 ὁμαλῆς

159 2163 247 2211 καὶ
298 2155 679 2229 αὐτοσχεδίου
737 2162 973 2235 φράσεως
1025 2166 1114 2214 καὶ
1171 2169 1264 2222 τῆς
1321 2164 1509 2216 ἱκεῖθεν
1560 2161 1789 2236 ἔμφυτον

161 2249 415 2319 χάριτος,
448 2249 572 2300 καθ’
623 2251 685 2307 ἦν
746 2249 772 2300 ὁ
838 2248 1167 2321 εὖαγγελικός
1209 2270 1263 2305 τε
1317 2255 1406 2304 καὶ
1447 2250 1789 2316 ἁποστολικός

163 2333 610 2411 διαμεμορφωται
666 2336 835 2409 λόγος,
900 2335 1014 2392 οὐδ’
1077 2342 1230 2411 ’ἰχνος
1304 2339 1582 2413 έμφαίνων.
1640 2347 1791 2415 Γέμει

164 2420 219 2476 δ⁴ε
266 2430 363 2476 καὶ
427 2430 633 2497 μωρίας
661 2425 854 2489 πολλῆς
900 2432 990 2480 καὶ
1034 2436 1126 2490 τῆς
1156 2431 1285 2503 πρὸς
1316 2429 1498 2482 ἑαυτὸν
1529 2431 1575 2466 ³⁸
1604 2433 1792 2503 μάχης

160 2520 249 2591 οιαὶ
312 2513 696 2576 ἐναντιώσεως.
753 2520 890 2573 φησὶ
962 2518 1063 2591 γὰρ
1143 2518 1294 2571 ἄλλον
1357 2516 1485 2572 εἶναι
1531 2523 1618 2574 τόν
1689 2529 1789 2573 τῶν

157 2590 448 2656 Ἰουδαίων
497 2607 632 2656 Θεὸν
680 2612 770 2657 καὶ
815 2609 994 2673 κακὸν,
1027 2607 1087 2659 οὗ
1116 2612 1206 2660 καὶ
1246 2613 1452 2679 Σίμωνα
1483 2612 1569 2663 τὸν
1608 2613 1788 2682 Μάγον

161 2693 436 2767 ὑπηρέτην
477 2695 825 2759 καθεστάναι,
848 2694 1002 2748 ἄλλον
1051 2692 1111 2750 δι
1164 2701 1249 2750 τὸν
1303 2702 1555 2772 Χριστὸν,
1588 2702 1643 2752 ὃν
1691 2720 1785 2772 φη-

162 2801 247 2834 σιν
291 2781 520 2853 ἀγαθόν’
568 2787 660 2835 καὶ
704 2786 874 2860 φύρων
895 2786 942 2820 ²⁹
970 2785 1176 2840 ἅπαντα
1215 2792 1305 2839 καὶ
1356 2792 1599 2861 συγχέων
1644 2790 1791 2844 καλεῖ

162 2871 323 2923 αὐτόν
370 2876 467 2924 καὶ
514 2877 726 2947 Πατέρα
767 2878 857 2926 καὶ
902 2875 1040 2931 Υἱόν.
1074 2881 1229 2948 Λέγει
1259 2873 1320 2930 δε
1366 2874 1497 2950 μηδ’
1534 2878 1788 2953 ένανθρω-

162 2969 339 3020 τῆσαι
394 2960 629 3027 ἀληθῶς,
663 2962 791 3015 ἀλλὰ
840 2960 1012 3027 δόξαι⁶
1059 2971 1149 3019 καὶ
1194 2967 1358 3021 πολλὰ
1398 2969 1645 3033 πολλάκις
1692 2991 1786 3044 φας-

1889 459 2159 529 laudata,
2200 466 2265 517 ut
2295 463 2472 518 etiam
2504 461 2739 534 publice
2777 461 2896 533 legi
2926 462 3157 520 soleret.
3206 466 3277 519 At
3305 480 3442 537 quas
3474 482 3561 522 se-

1890 550 2089 607 cunda
2116 550 2331 607 dicitur
2350 551 2427 608 ad
2449 551 2713 618 eosdem,
2732 556 2796 609 ut
2817 552 3023 625 spuria
3040 553 3317 625 rejicitur.
3344 555 3563 621 Quem-

1891 639 2225 697 admodum
2264 644 2320 697 et
2357 640 2539 712 longa
2575 640 2677 698 illa
2715 641 3061 714 disputatio,
3118 642 3276 701 beati
3314 643 3467 700 Petri
3504 649 3562 703 et

1889 731 2179 802 Appionis
2227 746 2450 787 nomen
2490 731 2640 788 falso
2686 731 3028 804 praeferens.
3072 734 3240 789 Hunc
3290 732 3562 790 Clemen-

1892 825 2012 875 tem
2041 819 2157 891 (75)
2189 819 2443 876 alterum
2484 836 2519 876 a
2560 820 2730 877 Petro
2766 820 2933 877 urbis
2974 823 3177 878 Romae
3211 821 3561 895 episcopum

1890 907 2075 965 fuisse
2097 910 2347 981 quidam
2373 914 2710 975 autumant,
2734 910 2832 968 alii
2851 927 2995 967 vero
3015 916 3322 984 quartum.
3351 912 3561 969 Linum

1890 997 2051 1054 enim
2073 1004 2129 1054 et
2150 999 2500 1055 Anacletum
2528 1000 2678 1055 inter
2702 1004 3022 1073 utrumque
3047 1001 3361 1073 pontiﬁces
3387 1002 3559 1059 inter-

1890 1086 2158 1152 cessisse,
2183 1103 2254 1143 ac
2272 1088 2441 1145 tertio
2462 1088 2710 1144 demum
2731 1089 2971 1160 Trajani
2995 1090 3374 1163 imperatoris
3399 1106 3561 1149 anno

1890 1175 2076 1233 vitam
2106 1176 2336 1233 ﬁniisse
2363 1179 2500 1249 (76).

2641 1267 2819 1324 CXIV.

2139 1356 2314 1413 Lucii
2342 1356 2588 1413 Charini
2614 1356 2855 1413 Periodi
2881 1359 3305 1427 apostolorum.

1970 1449 2179 1504 Lectus
2203 1445 2349 1501 liber
2370 1450 2458 1501 est
2479 1445 2595 1502 hoc
2622 1446 2789 1502 titulo
2816 1462 2829 1502 :
2852 1446 3272 1516 Apostolorum
3302 1447 3560 1507 Periodi.

1894 1537 2311 1609 Complectitur
2335 1539 2480 1591 Acta
2509 1534 2676 1600 Petri,
2705 1533 2974 1602 Joannis,
3002 1535 3271 1601 Andreae,
3296 1536 3559 1605 Thomas,

1893 1632 1950 1683 et
1973 1623 2163 1690 Pauli,
2191 1628 2453 1689 auctore,
2481 1627 2546 1679 ut
2570 1621 2719 1679 liber
2746 1622 2872 1695 ipse
2897 1623 3175 1693 ostendit,
3207 1624 3382 1681 Lucio
3414 1625 3564 1681 Cha-

1829 1716 2049 1775 Brino.
2111 1714 2297 1771 Dictio
2353 1712 2483 1783 eius
2539 1712 2788 1768 omnino
2843 1711 3159 1785 inaequalis
3218 1727 3289 1769 ac
3348 1714 3559 1771 varia:

1897 1802 2338 1862 constructione
2365 1816 2505 1858 vero
2532 1816 2602 1858 ac
2632 1800 2883 1858 vocibus
2908 1802 3088 1857 utitur
3112 1801 3412 1859 interdum
3432 1802 3562 1875 qui-

1897 1894 2034 1951 dem
2066 1907 2186 1949 non
2218 1890 2486 1963 abjectis,
2519 1896 2584 1947 ut
2612 1890 2938 1963 plurimum
2966 1896 3166 1947 tamen
3208 1890 3563 1965 forensibus,

1898 1999 1966 2041 ac
1994 1981 2252 2055 protritis
2284 1998 2302 2035 :
2331 1996 2441 2037 nec
2474 1979 2658 2036 ullum
2685 1980 2746 2036 in
2777 1996 2849 2037 eo
2877 1979 3151 2052 aequalis,
3179 1985 3236 2036 et
3259 1980 3564 2037 subitaria

1898 2072 2193 2138 dictionis,
2235 2085 2305 2127 ac
2344 2069 2578 2136 nativas,
2608 2084 2746 2142 quae
2784 2069 2922 2125 hinc
2943 2068 3223 2125 exsistere
3245 2068 3396 2125 solet
3425 2085 3563 2142 gra-

1900 2161 1994 2218 tiaa
2033 2160 2178 2233 (quo
2224 2159 2408 2217 modo
2445 2158 2827 2229 evangelicus
2861 2163 2917 2215 et
2951 2158 3313 2230 apostolicus
3365 2172 3565 2215 sermo

1899 2250 2309 2307 conformatus
2348 2248 2459 2320 est)
2506 2248 2827 2320 vestigium
2865 2250 3134 2320 apparet.
3185 2248 3379 2304 Scatet
3424 2246 3566 2303 item

1899 2338 2113 2406 stultis,
2133 2343 2190 2395 et
2214 2354 2417 2395 secum
2448 2336 2859 2409 pugnantibus
2880 2335 3345 2394 narrationibus.
3369 2334 3567 2393 Alium

1900 2430 2060 2486 enim
2086 2428 2430 2485 Judeorum
2454 2429 2661 2492 Deum,
2694 2441 2953 2499 eumque
2981 2425 3207 2483 malum
3238 2440 3367 2482 esse
3396 2441 3565 2482 asse-

1899 2518 1995 2583 rit,
2027 2518 2197 2589 cujus
2231 2516 2434 2573 Simon
2464 2518 2669 2585 Magus
2696 2514 2965 2571 minister
2993 2514 3184 2583 fuerit,
3218 2514 3402 2569 alium
3434 2530 3567 2570 rur-

1900 2624 2002 2662 sus
2028 2621 2160 2662 esse
2186 2605 2501 2669 Christum,
2528 2619 2710 2676 quem
2736 2602 2967 2659 bonum
2993 2602 3149 2658 facit.
3180 2602 3395 2659 Omnia
3420 2616 3565 2672 ergo

1897 2694 2224 2767 inquinans
2252 2697 2431 2765 atque
2456 2690 2848 2757 confundens,
2876 2690 3158 2747 eumdem
3186 2689 3353 2745 illum
3384 2694 3440 2745 et
3463 2688 3564 2744 Pa-

1900 2788 2049 2840 trem
2091 2786 2268 2838 vocat
2307 2786 2362 2837 et
2404 2779 2637 2835 Filium.
2680 2780 2870 2836 Jactat
2916 2794 3073 2845 vero,
3120 2794 3318 2850 neque
3359 2793 3566 2833 revera

1896 2871 2206 2930 hominem
2253 2870 2498 2935 factum,
2542 2868 2649 2924 sed
2694 2871 2925 2925 tantum
2962 2867 3338 2940 apparuisse.
3390 2866 3566 2924 Varia

1898 2962 2036 3019 item
2068 2961 2264 3018 forma
2294 2974 2453 3031 sape
2482 2956 2795 3030 discipulis
2821 2956 3033 3026 visum,
3067 2970 3227 3013 nunc
3255 2956 3562 3027 juvenem,

159 3057 316 3107 νῆναι
346 3051 399 3086 ³⁸
436 3058 554 3113 τοίς
608 3054 884 3123 μαθηταῖς,
942 3058 1050 3108 νέον
1101 3060 1192 3109 καὶ
1255 3057 1555 3131 πρεσϐύτην
1607 3059 1782 3127 πάλιν,

1898 3067 2039 3108 mox
2066 3051 2279 3107 iterum
2300 3063 2526 3114 senem,
2554 3061 2915 3118 rursumque
2939 3061 3218 3118 puerum;
3246 3060 3406 3101 nunc
3429 3060 3561 3102 ma-

166 3144 260 3193 nci.
300 3140 459 3193 πάλιν
513 3137 705 3205 παῖδα,
761 3147 852 3195 καὶ
896 3143 1112 3216 μείζονα
1166 3150 1256 3198 καὶ
1314 3148 1440 3219 [157
1500 3147 1592 3221 Η.]
1646 3148 1785 3204 ὶλάτ-

164 3248 296 3281 τοτα
342 3234 439 3282 καὶ
488 3234 756 3301 μέγιστον,
803 3233 939 3285 ὥστε
983 3239 1079 3292 τὴν
1128 3240 1359 3310 κορυφὴν
1415 3234 1613 3297 διήκειν
1674 3240 1784 3293 ἔσθ’

165 3319 255 3371 ἅτε
292 3323 492 3391 μέχρις
524 3319 765 3392 οὐρανοῦ.
810 3321 1009 3385 Πολλάς
1054 3319 1114 3377 δι
1142 3330 1232 3378 καὶ
1267 3330 1383 3399 περὶ
1413 3335 1505 3381 τοῦ
1556 3337 1786 3402 σταυροῦ

166 3408 474 3478 xercitr/im;
515 3413 606 3461 καὶ
655 3407 874 3473 ἀτοπίας
927 3411 1256 3479 ἀναπλάττει,
1288 3420 1379 3469 καὶ
1425 3420 1511 3469 τὸν
1556 3422 1786 3492 Χριστόν

168 3501 245 3569 μή
297 3499 699 3571 σταυρωθῆναι,
746 3498 852 3551 ἀλλ’
911 3501 1080 3577 ἕτερον
1130 3501 1235 3557 ἀντ’
1285 3504 1465 3573 αὐτοῦ,
1492 3511 1582 3559 καὶ
1627 3528 1789 3562 κατα-

168 3587 325 3657 τιλᾷ-ν
355 3582 458 3638 διὰ
505 3594 659 3639 τοῦτο
690 3598 786 3640 τῶν
836 3594 1218 3665 σταυρούντων,
1253 3596 1454 3667 Γάμους
1481 3615 1536 3649 τε
1566 3599 1609 3633 ³¹
1643 3603 1785 3672 νομί-

171 3695 306 3746 μους
360 3674 555 3742 ἀθετεῖ,
584 3682 676 3730 καὶ
717 3684 892 3731 πᾶσαν
942 3684 1141 3752 γένεσιν
1188 3689 1418 3759 πονηράν
1465 3705 1520 3739 τε
1559 3692 1650 3741 καὶ
1696 3696 1785 3741 τοῦ

172 3772 408 3837 πονηροῦ
481 3764 637 3837 λέγει.
693 3772 792 3821 Καὶ
865 3768 1104 3830 πλάστην
1170 3781 1269 3826 τῶν
1326 3771 1587 3848 δαιμόνων
1636 3778 1786 3832 ἄλλον

174 3853 390 3925 aiani?
417 3854 489 3911 ³³.
516 3860 724 3928 Nupan
769 3854 828 3910 δι
873 3860 1155 3934 ἀνθρώπων
1199 3868 1288 3916 καὶ
1339 3862 1478 3937 βοῶν
1524 3872 1614 3919 καὶ
1657 3887 1786 3927 κτη-

176 3951 272 3993 νῶν
541 3948 587 3979 ³³
619 3946 1058 4020 παραλογωτάτας
1108 3955 1199 4004 καὶ
1239 3951 1607 4026 μειρακιώδεις
1641 3977 1789 4033 τερα-

178 4033 386 4083 τεύεται
457 4030 788 4098 ἀναστάσεις.
844 4042 991 4091 Δοκεί
1069 4036 1128 4094 δι
1206 4047 1297 4096 καὶ
1387 4046 1502 4097 κατ’
1578 4030 1788 4101 οἰκόνων

180 4126 289 4178 τοίς
326 4119 709 4194 εὰονομάχοις
763 4125 814 4178 ἐν
858 4134 975 4191 ταῖς
1029 4127 1265 4185 Ἰωάννου
1312 4133 1540 4206 Πράξεσι
1588 4133 1789 4210 δογμα-

182 4210 366 4300 τίζειν.
402 4213 504 4262 Καὶ
539 4210 710 4273 ἁπλῶς
756 4213 889 4274 αὕτη
934 4217 963 4274 ἠ
1015 4216 1196 4289 βίϐλος
1243 4227 1408 4297 μυρία
1444 4221 1785 4300 παιδαριώδη

184 4301 269 4348 ui
318 4296 555 4351 ἀπίθανα
602 4307 692 4354 καὶ
744 4305 1088 4360 κακόπλαστα
1136 4314 1227 4362 καὶ
1273 4296 1445 4382 ψευδῆ
1491 4319 1581 4367 καὶ
1616 4296 1789 4391 μωρά

185 4393 269 4438 καὶ
334 4387 517 4449 ἄλλοις
569 4390 618 4425 ³⁸
676 4399 953 4467 μαχόμενα
1013 4403 1103 4450 καὶ
1151 4398 1313 4459 ἀσεϐῆ
1382 4408 1472 4455 καὶ
1509 4406 1639 4457 ἄθεα
1698 4387 1785 4459 πε-

187 4484 373 4546 ραχειι
440 4476 505 4535 ἣν
560 4479 715 4533 εἰπών
790 4502 872 4546 τις
927 4488 1108 4549 πάσης
1159 4491 1403 4564 αἱρέσεως
1456 4500 1635 4566 πηγήν
1698 4502 1788 4550 καὶ

189 4572 384 4639 μητέρα
412 4566 513 4619 οὐκ
540 4570 605 4620 ἄν
634 4568 953 4644 ἁποσφαλείη
984 4584 1077 4629 τοῦ
1107 4577 1321 4642 εἰκότος.

917 4756 1057 4811 PIE’.

194 4832 491 4927 Ἀνωνύμου
546 4843 733 4930 νκατὰ
816 4842 1088 4899 Ἰουδαίων
1150 4856 1258 4930 ⁸καὶ.
1336 4855 1790 4930 Τεσσαρεσκαιδε·

256 4909 716 5003 farrea-11.1670?
780 4920 879 5003 Kac
952 4918 1309 4999 Μητροδώρου
1376 4909 1790 5003 περὶδτῆςψτοῦ

258 4987 413 5052 ἁγίου
447 4987 654 5055 Πάσχα
680 4987 875 5056 ἑορτῆς.

256 5069 594 5143 Ἀνεγνὼσθη
629 5070 836 5145 βιϐλίον
884 5077 1165 5153 ἀνώνυμον,
1200 5083 1263 5136 οὗ
1286 5086 1317 5145 ἦ
1364 5085 1447 5141 έπι
1484 5099 1657 5164 γραφὴ
1692 5099 1792 5149 Αό-

1888 3142 2107 3213 jorem,
2129 3155 2289 3196 nunc
2311 3138 2625 3203 minorem,
2650 3134 2947 3194 interdum
2970 3141 3027 3192 et
3047 3135 3404 3202 maximum,
3431 3150 3558 3192 ver-

1894 3231 2006 3288 tice
2036 3230 2218 3287 etiam
2244 3228 2457 3287 ccelum
2487 3226 2896 3300 attingentem.
2933 3226 3143 3282 Multas
3173 3224 3353 3282 etiam
3384 3240 3561 3297 super

1894 3335 2069 3377 cruce
2099 3334 2295 3389 nugas
2322 3318 2495 3389 ﬁngit
2518 3322 2696 3390 atque
2728 3314 3004 3388 ineptias,
3037 3328 3229 3387 neque
3260 3313 3561 3372 Christum

1894 3409 2077 3468 fuisse
2093 3408 2254 3465 cruci
2278 3405 2545 3474 aﬁlxum,
2574 3407 2679 3462 sed
2701 3404 2884 3462 alium
2916 3419 3024 3476 pro
3042 3419 3134 3471 eo,
3153 3409 3209 3459 et
3224 3402 3361 3460 hinc
3392 3402 3562 3460 illum

1894 3514 2017 3566 eos,
2049 3498 2155 3572 qui
2182 3498 2243 3554 in
2273 3512 2511 3554 crucem
2543 3498 2807 3565 egerant,
2840 3492 3185 3550 irridentem
3216 3492 3373 3549 facit.
3408 3493 3562 3549 Con-

1890 3588 2062 3660 jugia
2090 3587 2336 3660 insuper
2358 3585 2625 3656 legitima
2643 3583 2850 3654 rejicit,
2882 3597 3248 3655 omnemque
3272 3581 3425 3638 adeo
3457 3596 3561 3652 ge-

1894 3677 2265 3734 nerationem
2307 3673 2534 3731 malam
2571 3688 2725 3742 esse,
2765 3672 2921 3743 910
2962 3676 3019 3727 et
3053 3687 3090 3726 a
3123 3670 3285 3726 malo
3326 3669 3558 3736 asserit,

1895 3766 2200 3838 aliamque
2229 3763 2579 3820 damonum
2612 3760 3039 3818 formationem
3066 3758 3559 3815 comminiscitur.

1896 3857 2261 3912 Mortuorum
2281 3852 2492 3909 adhaec
2510 3849 3558 3921 hominum,boum,acjumentorum

1896 3942 2192 4002 absurdas
2250 3940 2632 4015 puerilesque
2696 3939 3158 3996 resurrectiones
3215 3937 3557 4010 prodigiose

1899 4031 2087 4103 tingit.
2144 4034 2208 4088 In
2245 4030 2401 4087 Actis
2444 4044 2687 4102 quoque
2715 4026 2874 4084 beati
2921 4027 3168 4084 Joannis
3221 4025 3559 4098 imaginum

1898 4139 2078 4179 usum
2117 4136 2256 4178 cum
2299 4117 2710 4176 lconomachis
2766 4118 3101 4188 vituperare
3148 4115 3405 4173 videtur.
3457 4114 3558 4172 Vis

1894 4211 2080 4269 verbo
2111 4210 2348 4267 dicam?
2385 4212 2649 4281 quantus
2677 4211 2769 4263 est
2795 4206 2961 4272 liber,
2996 4204 3251 4279 puerilia
3299 4205 3559 4264 continet

1897 4302 2022 4359 sine
2048 4315 2316 4366 numero,
2341 4303 2399 4355 et
2423 4297 2753 4370 inopinata,
2776 4296 3157 4367 maligneque
3181 4295 3463 4365 conﬁcta,
3490 4310 3563 4353 ac

1896 4389 2068 4455 falsa,
2096 4389 2219 4446 imo
2246 4386 2441 4453 stulta,
2467 4390 2525 4443 et
2546 4385 2698 4443 inter
2717 4400 2780 4442 se
2806 4384 3153 4458 pugnantia,
3178 4383 3361 4457 impia
3385 4383 3559 4440 deni-

1897 4496 2014 4553 que
2044 4483 2103 4536 et
2144 4476 2495 4535 detestanda
2524 4480 2626 4541 tot,
2654 4475 2846 4547 utqui
2888 4489 3027 4530 eum
3072 4474 3269 4530 omnis
3312 4473 3558 4530 haeresis

1896 4568 2116 4626 fontem
2160 4572 2339 4640 atque
2370 4572 2677 4622 auctorem
2705 4562 2937 4629 dixerit,
2966 4577 3091 4620 non
3120 4562 3214 4620 ille
3246 4578 3282 4619 a
3310 4562 3557 4620 veritate

1897 4658 1991 4715 vel
2017 4657 2337 4715 minimum
2360 4653 2713 4712 discesserit.

1900 4837 2072 4894 Liber
2087 4838 2633 4906 anonymuscjontre
2648 4829 2887 4906 Iudaeos
2904 4834 2957 4906 et
2978 4827 3555 4906 Quarlqdeeimanos,

2111 4900 2365 4979 item'que
2383 4902 2705 4962 Metrodori
2724 4901 3010 4960 Calculus
3028 4900 3344 4958 Paschalis.

1972 5085 2105 5157 Legi
2125 5084 2333 5143 incerti
2353 5079 2610 5140 auctoris
2630 5077 2876 5146 librum,
2898 5076 3002 5151 qui
3024 5076 3259 5135 titulum
3282 5074 3519 5150 prafert
3542 5094 3557 5135 :

1532 5189 1625 5245 VA
1634 5191 1776 5249 RI/E
1817 5186 2224 5252 LECTIONES.

256 5268 305 5357 ἒξ
333 5270 373 5355 ,δ
405 5267 552 5357 “ld-
587 5270 678 5357 Α;.
730 5274 815 5357 .."
845 5272 1427 5357 επισξρτξῆσριιῬώμης
1476 5309 1530 5352 ςο
1644 5291 1778 5345 ²⁷ἀν

194 5337 429 5401 πολλάκις
453 5344 521 5399 Α.
636 5342 680 5380 ⁸¹
716 5341 778 5397 δέ
808 5367 862 5409 ς.
976 5349 1024 5385 ⁸³
1056 5337 1296 5427 έναληροῖ

1842 5291 2029 5350 κλητον
2054 5290 2118 5344 Α.

1486 5362 1531 5395 ³³
1557 5361 1719 5415 α’λλων
1750 5361 1893 5421 add.
1935 5364 2007 5419 Α.

2231 5282 2280 5320 ³⁸
2308 5280 2444 5337 libri
2470 5278 2681 5349 ἕαυτήν.
2701 5346 2711 5349 Α
2768 5276 2842 5349 ,³⁸
2874 5281 3046 5349 φυρῶν
3086 5293 3142 5339 ς.
3257 5274 3305 5309 ³⁰
3333 5281 3555 5347 φανῆναι

2124 5358 2177 5394 ⁸⁸
2208 5352 2397 5424 ἄλλοις]
2426 5350 2612 5407 immo
2638 5346 2892 5407 ἀλλήλοις.

1761 5462 1811 5517 Ν
1817 5463 1991 5520 OTE.

262 5534 368 5677 με)
408 5536 554 5594 Vide
689 5539 909 5599 Baron.
936 5548 1083 5603 tom.
1117 5548 1160 5620 Ι,
1192 5549 1271 5607 ad
1297 5567 1526 5613 annum
1558 5557 1769 5617 Christi
1798 5560 1889 5618 96.

292 5608 373 5677 ιϐ)
392 5611 671 5677 lamna
699 5620 1056 5676 coronatum
1082 5624 1149 5677 ut
1174 5622 1344 5677 docet
1372 5628 1439 5677 D-
1470 5630 1633 5677 card-
1665 5631 1885 5677 Βινηη-

313 5608 373 5680 6)
392 5610 671 5686 lartyrio
699 5620 1056 5676 coronatum
1082 5608 1158 5678 ut
1174 5608 1353 5682 docet
1371 5608 1889 5691 ὗῖῖαεῖἱῖἇὲἇιῖξ
1914 5634 1957 5688 t.
1990 5628 2062 5699 ll,
2103 5625 2184 5685 ad
2223 5635 2459 5681 annum
2489 5614 2700 5676 Christi
2730 5615 2851 5672 102.
