4136 6216
625 250 722 306 391
1850 242 1989 300 PHO
2004 244 2089 300 ΙΊΙ
2131 243 2278 300 ΡΑΤ]

2384 244 2619 301 ιΗΟΗᾹΞ
2658 244 2765 302 CP.
3845 258 3935 312 392

624 371 1243 442 Disputatioadversus
1258 370 1757 441 Judaos,unaque
1773 372 2087 427 sentientes
2105 370 2278 427 hare-

2393 390 2483 441 γος
2540 374 2667 445 πρὸς
2718 368 3014 435 Ἰουδαίους
3063 379 3153 425 καὶ
3196 376 3316 434 τοὺς
3372 374 3499 434 μετὰ
3546 375 3724 426 τούτων
3776 378 3939 450 αἱρετι-

626 464 769 520 licos
796 463 930 533 (77),
958 469 1009 518 et
1035 461 1622 529 Quarladecimanos,
1648 466 1711 514 ut
1736 467 1967 525 vocant,
1984 462 2088 533 qui
2099 460 2283 531 primo

623 553 999 608 Hebraorum
1028 565 1218 607 mense
1244 557 1513 607 sanctum
1542 549 1783 606 Pascha
1810 550 2029 619 festum
2057 565 2169 605 non
2198 564 2284 605 ce-

626 642 858 698 lebrant
889 641 1024 712 (78).
1054 640 1238 711 Hujus
1259 639 1447 696 oratio
1476 638 1800 695 vehemens
1834 642 1940 705 est,
1973 654 2167 711 neque
2198 654 2283 693 re-

622 728 1506 801 dundans,fastujactantiaque
1520 742 1639 783 non
1656 744 1893 784 vacans.
1910 728 2283 785 Asseritvero

625 835 798 874 sacra
827 819 1032 890 quinte
1064 818 1206 890 (die)
1236 818 1425 889 legale
1457 833 1575 873 non
1603 818 1799 873 edisse
1831 817 2057 873 Pascha
2089 816 2286 872 Domi-

622 924 768 963 num
790 908 991 963 Jesum
1012 907 1310 963 Christum
1334 907 1551 979 (neque
1569 906 1730 962 enim
1746 906 1912 962 illum
1937 906 2066 977 ejus
2087 906 2285 971 edenti

620 1002 905 1053 statutum
933 997 1111 1052 fuisse
1138 997 1344 1065 diem),
1372 996 1479 1051 sed
1501 996 1792 1067 sequenti.
1816 1002 1895 1051 Ac
1919 1011 2113 1067 neque
2136 1000 2280 1053 tum,

619 1102 756 1158 qua:
782 1086 985 1150 ederit,
1014 1101 1084 1141 ex
1115 1085 1259 1156 legis
1291 1084 1637 1156 praescripto
1667 1084 1878 1139 edisse.
1914 1084 2063 1139 Nam
2096 1099 2283 1155 neque

620 1191 867 1246 agnum,
888 1190 1082 1247 neque
1099 1190 1330 1246 azyma,
1349 1189 1543 1245 neque
1563 1172 1724 1228 aliud
1739 1173 2053 1245 quidpiam
2074 1189 2283 1229 eorum

618 1264 845 1329 fecisse,
877 1264 1012 1319 dua
1035 1264 1223 1334 legale
1246 1270 1549 1318 servantes
1579 1262 1826 1327 Pascha,
1860 1279 2023 1318 more
2050 1262 2285 1333 rituque

619 1355 919 1425 majorum
946 1352 1291 1407 observant.
1316 1352 1522 1422 Itaque
1550 1352 1844 1423 privatam
1866 1356 2125 1415 tantum,
2153 1367 2286 1423 my-

618 1440 832 1497 sticam
872 1440 1034 1497 illam
1070 1447 1291 1503 tamen,
1323 1439 1449 1494 vult
1480 1456 1716 1496 caenam
1752 1440 1969 1505 edisse,
2004 1445 2184 1512 atque
2215 1455 2286 1495 ex

618 1546 691 1585 ea
718 1529 1028 1601 discipulis
1058 1544 1299 1601 panem,
1328 1534 1384 1584 et
1409 1528 1656 1584 calicem
1684 1527 2036 1600 porrexisse.

688 1618 847 1673 Alius
894 1619 1034 1674 item
1074 1619 1222 1674 liber
1260 1618 1618 1689 conjunctus
1659 1623 1787 1673 erat
1826 1617 2138 1673 Metrodori
2191 1633 2288 1673 cu-

615 1708 883 1779 jusdam,
935 1708 1218 1764 Calculus
1250 1708 1534 1762 nimirum
1566 1707 1639 1763 de
1666 1722 1837 1763 sacro
1869 1707 2112 1763 Pascha
2136 1707 2287 1775 festo
2330 1700 2370 1755 Β

620 1798 966 1853 celebrando
1010 1813 1228 1853 novem
1268 1796 1687 1852 decennalium
1732 1795 2039 1867 cyclorum
2078 1795 2281 1865 viginti

620 1890 754 1942 octo
809 1887 866 1940 in
918 1887 1179 1957 seipsum
1229 1886 1403 1957 quasi
1456 1886 1516 1939 in
1566 1885 1772 1940 orbem
1828 1886 2125 1940 redactus.
2186 1886 2287 1939 Hic

620 1980 818 2030 autem
867 1974 1253 2037 Metrodorus,
1298 1973 1641 2045 quicunque
1687 1973 1931 2029 tandem
1980 1978 2069 2028 est
2113 1973 2283 2041 (nihil

620 2063 778 2117 enim
824 2062 988 2117 aliud
1021 2062 1094 2117 de
1126 2062 1224 2116 illo
1254 2062 1450 2117 dicere
1489 2062 1690 2133 statui)
1723 2077 1758 2116 a
1792 2060 2167 2125 Diocletiano,
2195 2061 2285 2117 in-

623 2150 898 2206 choando
917 2151 1385 2223 quingentorum
1401 2150 1636 2221 triginta
1650 2150 1828 2205 trium
1842 2165 2143 2206 annorum
2156 2150 2285 2206 dies

623 2240 803 2295 festos
832 2240 1083 2309 collegit,
1120 2238 1303 2311 idque
1330 2239 1642 2311 (quantum
1672 2238 1929 2311 videtur)
1958 2239 2285 2295 secundum

624 2334 968 2385 accuratam
1017 2327 1199 2393 illam,
1250 2343 1435 2399 quam
1485 2333 1723 2394 vocant,
1774 2328 2285 2400 quarta-decima

624 2418 782 2474 luna
805 2418 1335 2489 computationem.
1363 2417 1584 2472 Etenim
1607 2432 1801 2490 neque
1821 2417 1983 2473 hunc
2005 2416 2283 2483 Ecclesia,

628 2522 823 2579 neque
852 2513 1019 2562 vetus
1046 2505 1283 2562 traditio
1309 2506 1435 2561 dies
1462 2505 1594 2562 illos
1624 2522 1893 2563 servasse
1915 2506 2212 2563 videntur.

1362 2594 1549 2651 CXVI.

627 2686 895 2742 Auctoris
924 2686 1138 2742 incerti
1164 2685 1237 2741 de
1259 2700 1427 2742 sacro
1456 2685 1701 2741 Pascha
1726 2686 1876 2753 festo
1908 2687 2172 2743 volumen
2200 2702 2282 2742 ιιι.

697 2866 907 2921 Lectus
964 2880 1209 2936 quoque
1264 2864 1413 2919 liber
1472 2868 1577 2929 est,
1638 2864 1740 2936 qui
1804 2864 2104 2936 scriptoris
2163 2880 2282 2921 non

626 2970 910 3027 expresso
933 2954 1172 3009 nomine
1194 2954 1538 3009 inscribitur
1558 2953 1667 3009 :De
1687 2969 1854 3009 sacro
1869 2954 2113 3011 Pascha
2131 2955 2283 3024 festo

626 3046 900 3101 volumen
930 3043 1168 3098 tertium
1210 3043 1371 3097 libris
1400 3050 1548 3098 octo.

690 3130 956 3201 Simplici
980 3131 1260 3194 dictione,
1290 3130 1561 3202 styloque
1585 3131 1966 3201 apertissimo
1996 3132 2282 3204 scriptum

619 3236 794 3290 opus,
844 3220 1031 3275 multa
1066 3235 1212 3275 sane
1244 3226 1423 3290 atque
1452 3220 1743 3291 praclara
1791 3237 1967 3276 sensa
1998 3222 2278 3280 continet.

622 3309 875 3379 Scriptor
913 3308 1008 3363 hic
1058 3307 1211 3363 libro
1257 3314 1471 3379 quarto
1524 3309 1919 3365 Metrodorum
1975 3326 2132 3382 sape
2189 3329 2281 3369 re-

620 3396 953 3470 prehendit,
983 3411 1049 3452 ac
1068 3395 1215 3451 dum
1237 3396 1419 3451 sacris
1443 3413 1572 3453 sese
1589 3396 1907 3468 Scriptura
1929 3399 2279 3459 testimoniis

621 3486 973 3554 communit,
1002 3500 1121 3540 non
1150 3500 1363 3556 pauca,
1398 3484 1797 3557 explanatoris
1822 3486 1943 3543 fere
1970 3490 2274 3558 methodo,

621 3575 780 3647 91b
812 3575 870 3630 in
903 3590 1004 3629 sex
1037 3574 1267 3629 dierum
1298 3590 1454 3647 opus
1489 3574 1659 3630 utilia
1690 3575 1853 3632 hisce
1883 3577 1956 3633 de
1989 3578 2276 3635 Paschate

617 3662 787 3719 libris
820 3663 1084 3718 intexuit.
1130 3662 1372 3719 Dedicat
1400 3678 1539 3718 vero
1568 3663 1896 3730 Theodoro,
1928 3683 2103 3737 quem
2136 3668 2274 3724 dile-

616 3757 779 3809 ctum
798 3752 1157 3824 fratremque
1175 3751 1453 3823 appellat.
1478 3753 1718 3823 Scripsit
1735 3754 1945 3810 eadem
1964 3756 2038 3811 de
2053 3773 2114 3812 re
2130 3758 2277 3815 alios

614 3857 855 3914 quoque
882 3840 1082 3911 libros,
1104 3856 1313 3896 verum
1341 3840 1436 3897 hic
1464 3842 1702 3898 uberior
1728 3849 1813 3899 est
1833 3850 2011 3917 atque
2042 3847 2237 3903 utilior
2260 3865 2273 3914 ;

612 3934 677 3985 ut
706 3930 808 4001 qui
830 3930 889 3985 in
913 3945 975 3985 re
1010 3930 1170 3985 tenui
1201 3929 1364 3986 utilia
1392 3946 1648 4003 quaeque
1676 3931 1749 3988 ad
1778 3948 1901 3989 rem
1927 3936 2276 4005 pertinentia

610 4018 840 4076 afferat.
891 4022 1038 4075 Nam
1087 4019 1161 4075 de
1218 4019 1501 4085 bissexto,
1544 4026 1600 4075 et
1657 4038 1864 4079 mense
1917 4023 2252 4082 intercalari

608 4109 866 4179 solisque
906 4124 975 4165 ac
1014 4108 1172 4163 luna
1220 4110 1463 4180 epactis,
1511 4117 1563 4166 et
1604 4089 2275 4171 enneacadecaeteridi:

606 4197 720 4253 bus
752 4198 887 4269 (79),
907 4203 963 4252 et
987 4198 1061 4252 de
1090 4198 1311 4254 ratione
1343 4214 1413 4253 ac
1442 4198 1539 4255 via
1566 4200 1693 4255 hac
1724 4200 2275 4273 investigandi,sin-

611 4285 751 4354 gula
769 4286 1124 4340 excutiendo
1143 4285 1403 4341 dilucide
1422 4288 1610 4342 tradit.
1635 4291 1711 4344 De
1727 4290 2027 4347 mensibus
2047 4293 2207 4361 item,
2224 4299 2279 4351 et

610 4372 1014 4440 neomenia,et
1033 4373 1685 4447 hebdomade,ejusque
1709 4378 2007 4447 diebus,et
2026 4384 2275 4454 quinam

611 4477 961 4518 communes
978 4463 1119 4519 anni
1142 4462 1538 4535 appellantur,
1555 4465 1781 4537 quique
1800 4468 2087 4540 interjecti
2109 4475 2271 4530 anni.

611 4553 691 4608 De
730 4550 1026 4607 curriculo
1064 4556 1353 4623 praeterea
1393 4552 1534 4608 solis
1573 4558 1704 4610 octo
1746 4560 1802 4610 et
1840 4556 2049 4628 viginti
2090 4577 2276 4619 anno-

608 4656 765 4708 rum,
800 4647 856 4698 et
881 4640 1293 4698 novemdecim
1320 4656 1616 4699 annorum
1641 4642 1821 4710 luna,
1844 4660 1914 4702 ac
1938 4654 2153 4718 quarto
2177 4651 2275 4707 de-

608 4730 765 4789 cimo
792 4732 1063 4803 ejusdem
1092 4730 1205 4787 die.
1242 4734 1499 4788 Rursum
1522 4731 1597 4789 de
1621 4734 1932 4791 mensibus
1962 4736 2278 4799 lunaribus

2394 463 2511 519 κοὺς
2593 467 2683 513 καὶ
2767 464 2887 524 τοὺς
2974 462 3320 534 καλουμένους
3420 462 3940 530 Τεσσαρεσκαιδεκατί-

2394 568 2505 617 τας,
2555 555 2626 620 μὴ
2680 558 2753 619 τῷ
2795 556 2978 625 πρώτῳ
3037 552 3153 604 καθ’
3205 550 3467 625 Ἑϐραίους
3524 558 3641 613 μηνὶ
3694 551 3940 607 ὶπιτελοῦν-

2393 657 2486 699 τας
2515 647 2607 690 τοῦ
2658 639 2811 709 ἁγίου
2857 643 3057 711 Πάσχα
3085 646 3178 699 τὴν
3220 641 3414 712 ἑορτήν.
3449 641 3609 705 Οὗτος
3636 644 3719 713 μεν
3750 644 3773 694 ό
3814 643 3942 715 λόγος

2397 730 2649 799 σύντομος
2669 729 2716 763 ³⁵
2744 734 2832 780 καὶ
2877 728 3147 802 ἁπέριττος
3193 735 3278 782 καὶ
3321 734 3518 800 κόμπου
3548 736 3783 801 μετέχων.
3815 736 3942 803 Λέγει

2394 820 2566 887 μέντοι
2596 825 2655 889 τῇ
2705 818 2835 889 ἁγίᾳ
2867 822 3079 891 Πίμπτη
3121 824 3193 891 μη
3245 823 3303 871 τὸ
3345 823 3548 891 νομικὸν
3579 827 3745 890 φαγεῖν
3775 824 3944 893 Πάσχα

2394 910 2481 958 τὸν
2511 909 2696 973 Κύριον
2722 909 2867 978 ἡμῶν
2901 910 3105 966 Ἰησοῦν
3140 913 3384 983 Χριστόν*
3414 905 3547 979 μηδὲ
3574 910 3670 981 γὰρ
3701 906 3816 961 εἶναι
3848 917 3944 963 τότε

2393 1000 2477 1049 τὸν
2516 1000 2715 1069 καιρὸν,
2745 996 2872 1048 ἀλλὰ
2918 1004 2977 1068 τῇ
3008 996 3251 1069 ἐπιούσῃ.
3285 1001 3383 1048 Καὶ
3414 998 3492 1048 ὃτι
3516 993 3633 1049 οὐδε
3656 1006 3858 1067 νομικῶς
3879 1019 3946 1052 τε·

2394 1083 2491 1135 λῶν
2523 1086 2725 1156 ἔφαγεν,
2754 1086 2881 1159 οἷπερ
2910 1086 2957 1120 ⁸⁸
2988 1088 3191 1157 ἔφαγεν,
3224 1085 3295 1147 εἰς
3323 1090 3413 1144 τὴν
3453 1084 3708 1137 ἐπιοῦσαν·
3739 1090 3843 1139 οὔτε
3862 1091 3944 1162 γὰρ

2396 1170 2546 1245 ἁρνὸν
2592 1177 2707 1225 οὔτε
2755 1176 2935 1247 ἄζυμα
2983 1178 3099 1227 οὔτε
3138 1174 3259 1226 ἀλλο
3307 1194 3361 1226 τι
3417 1176 3664 1248 πράττων,
3696 1176 3788 1227 ὅσα
3824 1178 3867 1227 οἱ
3900 1181 3945 1228 τό

2394 1266 2606 1334 νομικόν
2647 1262 2903 1325 τελοῦντες
2946 1266 3145 1336 Πάσχα
3187 1266 3301 1325 ἔθος
3331 1267 3517 1334 ἔχουσι
3559 1264 3944 1335 παραφυλάττειν·

2398 1350 2504 1403 ἀλλ’
2559 1350 2695 1405 ἴδιον
2746 1361 2997 1425 μυστικόν
3057 1374 3187 1425 φησι
3236 1351 3444 1407 δεῖπνον
3488 1362 3678 1425 φαγεῖν,
3712 1354 3756 1417 ῖξ
3788 1355 3841 1406 οὗ
3876 1375 3947 1406 και

2396 1449 2501 1502 τοῖς
2530 1444 2793 1514 μαθῆταῖς
2823 1444 2981 1518 οἷρτου
3014 1449 3101 1495 καὶ
3128 1448 3382 1518 ποτηρίου
3413 1440 3737 1515 μεταδοῦναι.

2469 1619 2597 1692 [293
2644 1621 2729 1691 3.]
2804 1621 3089 1694 Ἐνεφίρετο
3148 1618 3207 1673 δε
3258 1620 3409 1692 λόγος
3472 1623 3630 1693 ἕτερος
3698 1617 3949 1696 Μητροδώ-

2397 1728 2490 1783 ρου
2540 1713 2691 1771 τινὸς,
2748 1708 2917 1781 ψῆφος
2960 1706 3579 1783 ὶννεακαιδεκαετηρίδων
3623 1708 3701 1767 κη’
3742 1710 3807 1771 εἰς
3848 1709 3946 1761 ἰαυ-

2398 1804 2491 1856 τήν
2527 1796 2942 1870 ἀνακυκλουμένη
2976 1805 3093 1871 περὶ
3124 1808 3213 1859 τῆς
3245 1807 3334 1851 τοῦ
3368 1800 3517 1870 ἁγίου
3554 1802 3743 1870 Πάσχα
3778 1799 3949 1871 ἑορτῆς.

2399 1888 2563 1949 Οὗτος
2611 1907 2636 1939 ο
2685 1884 3059 1961 Μητρόδωρος,
3104 1890 3247 1949 ὅστις
3297 1892 3423 1940 ποτί
3456 1887 3565 1940 ἐστι
3597 1888 3673 1957 (οὐ
3719 1891 3809 1959 γὰρ
3851 1886 3947 1938 ἄλλο

2395 1997 2447 2030 τι
2503 1980 2658 2047 ἔγνων
2702 1977 2859 2028 εἰπεῖν
2901 1983 3018 2051 περὶ
3076 1978 3280 2048 αὐτου),
3325 1976 3428 2029 ἀπὸ
3482 1976 3829 2034 Διοκλητιάνοῦ
3878 1975 3947 2048 ἁρ-

2398 2065 2610 2137 ξάμενος
2664 2065 2772 2137 φλγ’
2828 2064 2950 2117 ἑτῶν
3019 2072 3279 2137 συνήγαγε
3353 2069 3485 2118 κατὰ
3569 2071 3655 2121 την
3718 2064 3948 2135 λεγομένην

2397 2152 2584 2227 ἀκριϐῆ
2635 2162 2731 2216 τῆς
2787 2152 3370 2227 τεσσαρεσκαιδεκάτης
3428 2154 3744 2227 ψηφοφορίαν
3770 2155 3811 2188 ⁸⁷
3850 2156 3947 2225 ημέ-

2396 2263 2508 2316 ρας,
2556 2246 2656 2296 ὅσα
2712 2252 2783 2312 τῷ
2835 2240 3025 2308 δοκεῖν,
3056 2244 3418 2318 ἐορταστικάς·
3456 2249 3544 2295 καὶ
3588 2246 3685 2315 γὰρ
3734 2245 3837 2295 οὔτε
3879 2250 3947 2292 νὺν

2396 2336 2426 2391 ἡ
2474 2333 2761 2389 Ἐκκλησία
2804 2336 2921 2385 οὔτε
2968 2335 2998 2391 ἡ
3047 2333 3241 2385 παλαιὰ
3288 2330 3585 2407 παράδοσις
3623 2336 3820 2392 ταύταις
3856 2336 3947 2402 φαί-

2395 2442 2535 2475 νεται
2560 2425 2887 2495 κεχρημένη.

3118 2605 3273 2653 PIC".

3118 2605 3175 2653 ΡΙ
3260 2638 3273 2650 .

2503 2688 2799 2761 Ἀνωνύμου
2842 2694 2957 2762 περὶ
3004 2696 3099 2749 τῆς
3142 2598 3293 2760 ἀίξας
3338 2696 3436 2742 τοῦ
3470 2689 3664 2760 Πάσχα
3707 2686 3864 2759 ἑορτῆς

3069 2778 3215 2847 λόγοι
3243 2777 3313 2849 γ’.

2467 2869 2786 2940 Ἀνεγνώσθη
2821 2865 3046 2939 βιϐλίον,
3080 2868 3199 2919 ὅσον
3247 2866 3331 2919 ἐπὶ
3387 2876 3459 2938 τῷ
3505 2867 3709 2939 ὀνόματι
3736 2872 3817 2917 τοῦ
3845 2882 3946 2913 συν-

2392 2964 2693 3029 τεταχότος,
2749 2956 3115 3029 ἀνεπίγραφονο
3177 2954 3261 3008 ἐπὶ
3323 2964 3390 3027 τῇ
3468 2975 3527 3027 γε
3592 2953 3746 3027 βίϐλω
3804 2951 3947 3021 ἐπεγί-

2315 3024 2356 3079 C
2391 3024 2614 3121 γραπτο·
2656 3066 2679 3097 α
2723 3050 2843 3119 Περὶ
3012 3024 3184 3116 ’ἁγίας
3231 3053 3323 3097 τοῦ
3359 3024 3785 3117 *Πάσχα-ἑορτῆς
3826 3039 3947 3109 λό’]ος

2390 3140 2581 3210 τρίτος,
2612 3135 2660 3188 ἐν
2717 3140 2898 3206 τὸμοις
2951 3133 3106 3186 ὀκτώ.
3136 3155 3164 3183 ››
3197 3134 3343 3191 Αὕτη
3405 3137 3436 3193 ἦ
3498 3132 3669 3206 βίϐλος
3721 3129 3841 3201 ἁπλῇ
3875 3130 3945 3199 μεν

2389 3231 2479 3277 καὶ
2525 3226 2823 3297 σαφεστάτῃ
2885 3228 3281 3295 συγγέγραπται
3338 3226 3555 3296 φράσει,
3586 3222 3739 3275 πολλὰ
3781 3216 3834 3271 δι
3875 3219 3945 3267 καὶ

2387 3314 2521 3366 καλὰ
2548 3320 2779 3386 νοήματα
2831 3317 3064 3385 περιέχει
3090 3312 3159 3365 ³⁸.
3189 3312 3352 3372 Οὗτος
3403 3315 3429 3364 ὁ
3466 3313 3780 3385 συγγραφεὺς
3804 3306 3846 3358 ίν
3886 3311 3940 3373 τῷ

2384 3406 2609 3478 τετάρτῳ
2634 3408 2776 3475 τόμῳ
2797 3406 2886 3454 καὶ
2913 3400 3050 3453 κατά
3078 3397 3447 3474 Μητροδώρου
3473 3409 3690 3455 ποιεῖται
3715 3400 3940 3469 ἐλέγχους,

2383 3498 2473 3545 καὶ
2503 3501 2614 3553 ταῖς
2645 3499 2929 3565 Γραφικαῖς
2960 3488 3018 3543 δι
3048 3496 3361 3566 μαρτυρίαις
3405 3493 3703 3563 ὠχύρωται,
3730 3492 3808 3538 καὶ
3846 3482 3941 3535 πολο

2382 3582 2446 3635 λὰ
2477 3590 2574 3633 τῶν
2613 3582 2684 3643 εἰς
2723 3585 2815 3637 τὴν
2852 3580 3166 3651 Ἐξαήμερον
3196 3586 3512 3652 χρησίμων,
3544 3582 3611 3641 ὡς
3638 3577 3683 3630 ἕν
3712 3576 3938 3649 ἑρμηνείας

2383 3674 2550 3742 τύπῳ,
2577 3673 2713 3723 κατὰ
2742 3666 2936 3722 τούσδε
2984 3673 3101 3730 τοὺς
3141 3676 3260 3741 περὶ
3288 3678 3385 3721 τοῦ
3430 3672 3627 3741 Πάσχα
3652 3668 3813 3738 λόγους
3840 3681 3940 3713 συν-

2384 3765 2605 3832 υφαίνει.
2660 3766 2962 3833 Προσφωνεῖ
2998 3756 3057 3810 δέ
3100 3755 3359 3831 Θεοδώρῳ
3422 3762 3506 3811 τὸν
3558 3758 3701 3829 λόγον
3746 3757 3792 3807 ὃν
3838 3749 3939 3821 5:71-

2384 3855 2544 3909 πητόν
2579 3869 2632 3902 τε
2687 3854 2775 3901 καὶ
2827 3845 3046 3919 ἀδελφόν
3089 3849 3422 3919 ὑπαγορεύει.
3482 3852 3729 3903 Πεποίηκε
3778 3839 3829 3893 δι
3868 3842 3938 3888 καὶ

2386 3939 2552 4013 ἐτέρας
2601 3944 2717 4009 περὶ
2768 3945 2863 3999 τῆς
2909 3937 3068 3996 αὐτῆς
3132 3938 3432 3999 ὑποθέσεως
3484 3941 3720 4009 πρότερον
3766 3931 3807 3966 ⁸⁹
3871 3924 3941 3998 βίο

2386 4028 2557 4091 ϐλους·
2610 4027 2718 4079 ἀλλ’
2783 4028 2914 4085 αὕτη
2973 4026 3268 4100 πλατυτέρα
3319 4044 3376 4078 τε
3433 4032 3527 4079 καὶ
3578 4020 3935 4098 χρησιμωτάτην

2386 4121 2455 4179 ὡς
2493 4118 2577 4170 ἐπὶ
2609 4116 2736 4191 [158
2769 4116 2861 4188 H.]
2898 4116 3064 4186 λεπτῷ
3102 4118 3271 4168 πάντα
3313 4118 3382 4167 τὰ
3434 4120 3566 4188 πρὸς
3608 4119 3695 4170 τήν
3736 4109 3935 4161 ὑπόθεσιν

2386 4214 2635 4281 χρήσιμα
2689 4204 2978 4269 διεξιοῦσα.
3016 4209 3139 4279 Περί
3190 4223 3243 4256 τε
3289 4207 3393 4280 γὰρ
3439 4204 3684 4276 βισίξτου
3704 4201 3752 4238 ⁴⁰
3774 4193 3935 4262 καὶὲμο

2387 4297 2599 4371 ϐολίμου
2632 4300 2794 4369 μηνὸς
2834 4302 2922 4348 καὶ
2968 4294 3201 4347 ἕπακτών
3249 4293 3399 4351 ἡλίου
3439 4298 3528 4345 καὶ
3571 4292 3787 4345 ίπακτῶν
3822 4283 3935 4338 σελή-

2385 4369 2617 4449 νηςνκαὶ
2660 4379 3274 4457 ἔννεακαιδεκαετηρίδων
3326 4389 3416 4436 καὶ
3476 4378 3701 4455 μεθόδου
3752 4384 3835 4436 τῆς
3876 4369 3937 4422 εὖ·

2386 4482 2575 4551 ρίσεως
2616 4475 2783 4528 αὐτῶν
2852 4473 3179 4545 λεπτομερῶς
3240 4478 3330 4524 καὶ
3392 4481 3569 4544 σαφῶς
3620 4462 3933 4536 διαλαμϐάνει,

2386 4570 2475 4618 καὶ
2503 4570 2623 4640 περὶ
2668 4572 2840 4635 μηνῶν
2868 4565 2953 4614 καὶ
2978 4566 3253 4633 νεομηνίας
3294 4565 3385 4612 καὶ
3428 4552 3725 4631 ἑϐδομάδος
3747 4556 3827 4605 καὶ
3858 4554 3935 4599 τῶν

2386 4653 2435 4707 ἐν
2483 4654 2613 4726 αὐτῇ
2670 4653 2892 4724 ἡμερῶν,
2928 4654 3055 4711 τίνες
3112 4668 3164 4700 τε
3212 4648 3393 4700 κύκλοι
3439 4650 3483 4683 ⁸¹
3536 4647 3749 4699 ἐνιαυτοὶ
3805 4653 3936 4710 προσ·

2389 4746 2725 4819 αγορεύονται
2771 4744 2860 4792 καὶ
2901 4743 3030 4800 τίνες
3077 4736 3348 4810 ἐμϐόλιμοι
3394 4736 3641 4803 ἐνιαυτοὶ,
3667 4734 3777 4808 περί
3815 4746 3861 4781 τι
3899 4723 3935 4756 ⁸⁸

1964 4864 2197 4923 VARl/E
2238 4869 2637 4927 LECTIONES.

678 4984 724 5057 ac
759 4986 1081 5057 wvaVQg-q.
1161 4984 1207 5018 ³⁸
1239 4984 1365 5057 οἷπερ
1410 4984 1592 5057 ἔφαγεν
1624 4983 1764 5040 add.
1807 4988 1871 5041 A.

1951 4988 1993 5023 ³⁷
2046 4989 2383 5065 ψηφηφορίαν
2421 5017 2475 5059 ς’.

605 5056 746 5114 add.
771 5060 837 5112 Α.
917 5056 965 5091 ⁴⁰
1001 5053 1251 5128 βισέκτου
1282 5053 1351 5111 A.
1426 5053 1470 5091 ‘1
1506 5053 1709 5109 κύκλιοι
1740 5053 2313 5132 Βοῐὴοωδέ.,’κοίνοί
2352 5053 2630 5138 Scaliger.

2556 4994 2604 5029 ³⁸
2652 4997 2887 5066 περιέχει
2921 4994 3163 5066 νοήματα
3186 5012 3241 5056 ς.
3320 4991 3369 5027 ³⁸
3402 4995 3654 5066 πρότερον
3682 4990 3734 5041 et
3757 4992 3875 5038 mox
3900 4992 3941 5027 τί

2736 5066 2758 5100 ²
2786 5084 2838 5118 τε
2863 5063 3005 5122 add.
3040 5063 3107 5118 Α.

2170 5190 2399 5247 NOTAE.

676 5306 790 5445 ἓττγ
813 5302 1217 5370 Montanistas,
1244 5303 1631 5371 Novatianos,
1657 5305 1919 5365 Blasium
1942 5316 1997 5367 et
2019 5312 2261 5368 similes.

699 5378 768 5431 78
830 5372 1471 5445 Τεσσαρεσκαιδεκατίτας
1502 5399 1513 5430 :
1543 5379 1643 5445 qui
1669 5395 1787 5434 non
1816 5379 1969 5438 luna
1997 5400 2261 5445 cursum.

699 5372 1471 5452 78)_Ts_cqaprcxacdcxarirag
1502 5399 1513 5430 :
1543 5379 1643 5452 qui
1669 5395 1787 5434 non
1816 5379 1969 5438 luna
1997 5400 2263 5452 cursum,

607 5461 773 5521 more
798 5447 1062 5515 Iudaico,
1096 5448 1198 5501 sed
1228 5448 1372 5503 solis
1405 5451 1821 5521 sequebantur,
1850 5459 2003 5509 texte
2030 5447 2262 5513 Sozom.

605 5516 853 5596 lib._vit.
904 5533 1035 5596 cap_.
1092 5522 1176 5596 18_,
1226 5522 1307 5596 l_9,
1358 5526 1413 5574 et
1443 5516 1765 5596 a'Victore‘
1790 5516 1946 5596 Papa
1994 5526 2295 5591 damnati.

2383 5316 2502 5383 198,
2534 5314 3136 5386 etTheodoret.atque
3157 5309 3470 5386 Epiphan.,
3494 5305 3710 5367 Euseb.
3736 5307 3942 5375 quoque

2382 5388 2481 5443 lib.
2510 5405 2567 5453 v,
2603 5387 2712 5442 sub
2737 5386 2840 5443 ﬁn.

2610 5454 2910 5534 ’Ewcaxaid
2907 5452 3178 5534 εκαετερίδ
3181 5475 3247 5507 ων
3283 5471 3295 5510 :
3347 5466 3608 5534 quarum

2380 5506 2712 5587 Ευὲέιόιυῌ
2725 5506 2871 5587 ac};
2881 5506 3329 5597 ’ἐᾷ”ιιίὲῖ-όηγηὲι.
3348 5506 3469 5597 Ἠ
3485 5518 3809 5592 Ηιρροιῐίον
3850 5506 3933 5597 ΨΒ·

607 5594 763 5646 sunt.
799 5584 1109 5659 Legendus
1144 5592 1207 5644 Ι).
1242 5590 1447 5648 Baron.
1507 5596 1651 5649 tom.
1720 5594 1791 5659 ll,
1826 5584 1903 5653 ad
1934 5613 2073 5655 ann.
2129 5600 2258 5661 Chr.
2289 5586 2300 5665 ξ
2376 5584 2698 5673 Deserit“.
2714 5584 3933 5671 eccasiast;etBeHa,Detemi>6re,'cap.Io2.
