4136 6216
184 280 277 336 393
1363 273 1854 331 BIBLlOTHECA.
1882 303 1952 315 —
1983 274 2144 331 COD.
2179 276 2387 334 CXVII.
3442 281 3547 340 394

184 397 838 476 ὀκτωκαιεικόσαετηρίδος
893 400 1038 461 ἡλίου
1095 405 1183 455 καὶ
1235 397 1817 474 ἐννεακαιδεκατηρίου.

1909 415 1965 456 ιο
1995 400 2310 469 solaribus,
2329 407 2386 459 et
2408 404 2726 462 neomenia
2750 404 2978 461 mensis
3001 420 3142 462 cum
3166 404 3393 464 lunaris
3415 409 3542 464 tum

183 493 413 563 σελήνης,
474 496 568 544 καὶ
643 499 737 552 τῆς
813 487 1397 566 τεσσαρεσκαιδεκάτης
1448 491 1628 556 αὐτῆς,
1693 495 1782 542 καὶ

1912 489 2118 561 solaris,
2151 490 2256 564 qui
2285 492 2476 549 lunari
2509 493 2584 550 sit
2615 510 2741 566 par,
2775 494 2970 566 deque
3002 510 3206 552 mense
3237 501 3449 554 exacto
3474 512 3545 553 ac

182 588 291 653 περὶ
367 589 550 652 μηνῶν
626 581 941 638 σεληνιακῶν
1012 586 1102 633 καὶ
1149 588 1325 653 μηνῶν
1390 580 1638 648 ἡλιακῶν,
1695 583 1786 630 καὶ

1923 584 2089 635 usto:
2123 580 2197 636 de
2227 597 2526 638 annorum
2569 582 2824 656 denique
2856 584 3066 640 mundi
3098 588 3542 658 supputatione.

181 676 458 743 νουμηνίας
515 670 825 728 σεληνιακοῦ
869 673 1030 743 μηνὸς
1078 673 1122 705 ’⁸³
1181 675 1272 722 καὶ
1324 669 1566 734 ἡλιακοῦ,
1625 673 1786 740 μηνός

1912 667 2086 724 Refert
2131 669 2291 726 idem
2338 673 2666 728 secundum
2722 672 2854 728 illos
2901 672 3051 730 alios
3101 674 3390 731 adventus
3453 674 3545 731 sui

181 779 232 812 τε
258 759 460 831 ὁμαλοῦ
510 768 606 820 τῆς
654 759 874 820 σελήνης
911 763 1000 811 καὶ
1046 763 1204 832 μηνός
1235 758 1503 830 ἀκριϐοῦς,
1550 763 1641 810 καὶ
1691 757 1787 809 ἀπ-

1911 772 2104 822 mnos,
2132 759 2429 816 Christum
2465 762 2783 817 Dominum
2811 779 2880 817 ac
2905 764 3089 818 Deum
3121 770 3390 820 nostrum
3414 763 3544 834 lege

181 851 516 923 αριθμήσεως
541 857 644 900 τῶν
666 847 792 901 ἐτῶν
811 857 904 901 τοῦ
935 850 982 884 ⁸⁸
1011 854 1233 922 κόσμου.
1269 855 1404 906 Φησὶ
1433 845 1492 901 δὲ
1518 848 1670 910 οὗτος
1707 849 1787 899 ὃτι

1911 847 2310 919 praescriptum
2340 849 2570 906 Pascha
2593 851 2946 916 celebrasse,
2977 867 3098 908 non
3130 851 3274 908 item
3304 869 3396 917 eo,
3421 868 3544 926 quo

181 941 312 992 κατὰ
342 941 430 1010 μὲν
459 941 587 1000 τοὺς
619 937 806 1000 ἄλλους
848 947 944 1000 τῆς
988 943 1279 1011 παρουσίας
1327 937 1483 990 αὐτοῦ
1532 936 1787 998 ἐνιαυτοὺς

1910 936 2199 1006 proditum
2230 942 2337 995 est.
2373 938 2544 1006 Quod
2571 939 3047 997 consideratione
3097 957 3242 997 sane
3269 941 3543 1011 dignum,

184 1029 211 1079 ό
253 1031 437 1101 Κύριος
479 1033 572 1080 καὶ
620 1031 751 1088 Θεὸς
792 1029 940 1100 ἡμῶν
985 1029 1010 1079 ὁ
1061 1031 1294 1100 Χριστός
1337 1031 1394 1080 τό
1438 1031 1649 1099 νομικόν
1702 1025 1790 1078 ἑπ-

1914 1040 2035 1080 sum
2056 1026 2516 1098 Chrysostomus
2545 1034 2599 1085 et
2623 1029 2876 1086 Ecclesia
2899 1037 3037 1086 tunc
3066 1029 3269 1102 ipsum
3290 1030 3547 1088 doceant

175 1117 328 1169 ετελει
367 1121 593 1188 Πάσχα,
627 1118 744 1169 καθ’
776 1116 830 1168 ὃν
857 1113 917 1169 δὲ
946 1113 1214 1192 παρεδόθη
1249 1117 1420 1169 οὐκέτι
1463 1138 1475 1149 ·
1529 1123 1618 1169 καὶ
1665 1136 1786 1168 σκοο

1917 1113 2229 1184 egitimum
2255 1117 2482 1173 Pascha
2512 1116 2851 1189 perfecisse,
2875 1124 3202 1191 antequam
3228 1120 3546 1191 mysticam

173 1212 284 1258 πεῖν
316 1211 454 1277 χρὴ.
487 1205 549 1257 Ὀ
577 1209 681 1280 γὰρ
715 1211 1097 1278 Χρυσόστομος
1143 1211 1233 1258 καὶ
1284 1208 1311 1264 ἦ
1364 1205 1653 1264 Ἐκκλησία
1697 1208 1787 1258 καὶ

880 1211 1097 1278 όστομος
1143 1211 1233 1258 καὶ
1284 1208 1311 1264 ἦ
1364 1205 1653 1264 Ἐκκλησία
1697 1208 1787 1258 καὶ
1895 1202 2230 1261 institueret
2253 1219 2513 1262 orenam.

171 1301 285 1348 τότε
315 1300 485 1367 φησὶν
512 1295 670 1348 αὐτόν
700 1294 994 1349 ἐπιτελέσαι
1015 1299 1070 1348 τὸ
1098 1299 1308 1368 νομικὸν
1339 1299 1439 1371 πρὸ
1483 1303 1574 1348 τοῦ
1599 1314 1788 1367 μυστι-

172 1393 264 1437 κοῦ
298 1381 541 1438 δείπνου.

913 1474 1052 1531 ΡΙΣ’.

2622 1473 2813 1529 CXVII.

235 1564 394 1636 ’Υπὲρ
424 1565 731 1636 Ὠριγένους
773 1568 864 1617 καὶ
892 1572 991 1652 τῶν
1023 1564 1182 1617 αὐτοῦ
1222 1561 1522 1638 δογμάτων,
1561 1568 1714 1634 τόμοι

1929 1569 2236 1640 Apologia
2251 1569 2323 1626 de
2340 1568 2610 1640 Origene,
2638 1576 2693 1627 et
2732 1572 2860 1640 ejus
2883 1570 3255 1642 dogmatibus
3292 1570 3434 1628 libri
3454 1587 3507 1630 v.

909 1655 1070 1690 πεντε.

235 1725 580 1796 ’Δνεγνὼσθη
616 1723 818 1797 βιϐλίον
852 1727 978 1799 ὑπὲρ
1011 1726 1300 1800 Ὠριγένους
1349 1731 1436 1780 καὶ
1480 1735 1580 1778 τῶν
1623 1727 1784 1779 αὐτοῦ
1818 1751 1862 1806 Β

1971 1729 2240 1802 Legimus
2261 1729 2482 1786 librum
2501 1746 2606 1803 pro
2632 1730 2906 1803 Origene,
2925 1732 3174 1804 ejusque
3197 1733 3316 1789 Deo
3342 1733 3545 1790 invisis

173 1815 474 1885 θεοστνγών
494 1811 798 1886 δογμάτων,
827 1813 876 1866 ἐν
900 1821 1081 1885 τόμοις
1109 1817 1167 1868 ε’.
1198 1815 1572 1890 Ἀνεπίγραφον
1602 1813 1661 1869 δε
1690 1821 1784 1875 τὴν

1913 1819 2298 1890 logmatibus.
2329 1819 2517 1876 Libris
2542 1820 2810 1892 quinque
2835 1836 2989 1893 opus
3008 1819 3357 1888 absolvitur,
3380 1821 3546 1896 quod

171 1903 464 1976 ὀνομασίαν
493 1903 755 1975 ἐτύγχανε
777 1912 868 1956 τοῦ
900 1911 1303 1977 συντεταχότος,
1349 1910 1442 1964 τὴν
1488 1902 1546 1959 δὲ
1594 1908 1784 1980 φράσιν

1912 1925 2004 1965 ιθο
2024 1909 2329 1981 scriptoris
2345 1925 2568 1966 nomen
2587 1909 2648 1965 in
2672 1909 2842 1965 titulo
2864 1909 3121 1966 exhibet.
3147 1911 3329 1968 Dictio
3350 1927 3545 1984 neque

169 1997 282 2045 οὔτε
339 1996 503 2065 σαφες
533 1996 651 2045 οὔτε
694 1996 945 2065 καθαρὸν,
978 1998 1095 2047 οὔτε
1142 1995 1209 2055 εἰς
1246 1994 1369 2048 ἄλλο
1416 2015 1469 2048 τι
1517 1993 1784 2067 ἀξιόλογον

1912 1999 2055 2055 :lara
2075 2003 2184 2063 est,
2209 2014 2401 2071 neque
2432 2013 2606 2071 pura,
2631 2014 2740 2054 nec
2769 1998 3147 2056 laudandum
3169 1999 3318 2072 quid
3339 2000 3545 2073 praefeo

169 2081 470 2154 ἆ-ιηγμένην
518 2083 565 2118 ⁴⁵
616 2084 759 2154 ἔχον.
811 2081 870 2134 Ὀ
911 2079 970 2136 δε
1013 2083 1104 2136 τοῦ
1136 2086 1551 2158 συγγράμματος
1609 2088 1782 2158 πατὴρ

1912 2104 2053 2144 rens.
2077 2087 2339 2160 Scriptor
2359 2093 2560 2144 autem
2581 2087 2707 2160 ipse
2733 2104 2842 2159 pro
2865 2089 3115 2159 Origene
3137 2089 3390 2162 ejusque
3415 2104 3545 2146 sen-

167 2175 440 2244 μάρτυρας
479 2173 611 2244 ὑπὲρ
649 2172 944 2246 Ὠριγένους
986 2193 1039 2226 τε
1078 2179 1167 2226 καὶ
1213 2182 1314 2225 τῶν
1367 2174 1527 2227 αὐτοῦ
1583 2170 1784 2246 δογμά-

1917 2177 2088 2234 entiis
2107 2177 2218 2234 hos
2239 2177 2359 2233 fere
2379 2183 2557 2233 testes
2585 2177 2815 2247 laudat,
2836 2177 3192 2251 Dionysium
3208 2177 3549 2236 Alexandri-

167 2281 263 2313 των
306 2265 588 2315 Διονύσιον
633 2263 942 2334 προκομίζει
988 2266 1075 2315 τὸν
1133 2261 1543 2339 Ἀλεξανδρείας,
1606 2268 1784 2336 Δημή-

1916 2283 2062 2334 ium,
2087 2267 2450 2324 Demetrium
2477 2283 2722 2340 quoque
2757 2273 2814 2323 et
2836 2266 3197 2326 Clementem
3217 2267 3355 2339 (80),
3375 2267 3549 2326 alios-

167 2357 309 2420 τριόν
342 2370 400 2403 τε
429 2356 523 2402 καὶ
559 2350 825 2423 Κλήμεντά
870 2357 960 2404 καὶ
998 2351 1202 2425 ἐτέρους
1227 2352 1433 2414 πλείους
1475 2374 1486 2386 ·
1519 2352 1708 2425 μᾶλλον
1737 2355 1783 2387 ’⁸⁸

1913 2372 2010 2429 [ue
2039 2356 2353 2428 plurimos.
2386 2357 2508 2411 Prae
2531 2354 2760 2412 caeteris
2787 2371 2927 2412 vero
2961 2356 3274 2428 Pamphilo
3298 2356 3546 2430 martyri

169 2437 229 2491 δε
259 2449 361 2491 τῶν
412 2439 580 2491 ἀλλων
627 2439 865 2492 ἁπάντων
912 2441 1163 2513 Παμφίλῳ
1207 2460 1261 2493 τε
1299 2451 1368 2512 τῷ
1416 2445 1644 2515 μάρτυρι
1689 2441 1783 2495 ἐπ-

1915 2446 2176 2510 nnititur,
2211 2451 2391 2517 atque
2439 2445 2696 2501 Eusebio
2731 2447 3015 2501 Cmsarere
3043 2443 3372 2502 Palaestina
3419 2447 3547 2518 epi-

165 2525 427 2602 ερείδεται
456 2533 549 2581 καὶ
589 2538 662 2599 τῷ
707 2529 961 2601 Εὗσεϐίῳ,
1010 2530 1062 2591 ὃς
1101 2539 1198 2592 τῆς
1243 2534 1379 2583 κατά
1431 2531 1782 2590 Παλαιστίνην

1915 2550 2096 2608 ιοορο.
2124 2533 2417 2591 Caeterum
2465 2535 2593 2590 haec
2633 2533 2925 2605 Apologia
2953 2549 3076 2590 non
3119 2533 3334 2590 solutio
3365 2540 3456 2591 est
3485 2539 3548 2592 ut

168 2624 499 2692 Καισαρείας
539 2618 913 2677 ἕπεσκόπησεν.
950 2619 1078 2692 [296
1115 2619 1207 2693 8.]
1233 2619 1292 2672 Ἠ
1339 2617 1398 2673 δὲ
1444 2622 1569 2695 ὑπερ
1620 2622 1780 2674 αὐτοῦ

1914 2625 2221 2680 )lurimum
2252 2639 2461 2680 eorum
2482 2638 2619 2695 qum
2651 2623 2886 2692 Origeni
2906 2622 3292 2694 objiciuntur,
3316 2622 3423 2679 sed
3452 2639 3547 2680 ac-

166 2705 432 2778 ἀπολογία
489 2708 586 2760 οῦκ
636 2711 748 2761 ἔστι
795 2708 943 2771 λύσις
997 2717 1096 2761 τῶν
1152 2710 1516 2780 ἓπικλημάτων
1570 2715 1639 2772 ὡς
1695 2711 1777 2764 ἐπὶ

1913 2713 2218 2770 :usationis
2249 2711 2450 2785 potius
2480 2711 2847 2783 astipulatio.
2881 2712 3045 2766 Adeo
3075 2711 3174 2766 hic
3204 2727 3240 2768 a
3267 2711 3546 2784 blasphe-

163 2797 416 2849 πΜστον
458 2798 532 2863 ‘7,
582 2795 712 2849 ἀλλά
747 2803 1037 2870 συνηγορία
1078 2807 1170 2860 τῆς
1217 2805 1538 2875 κατηγορίας
1568 2822 1579 2834 ’
1622 2801 1781 2863 οὕτως

1912 2803 2008 2859 nis
2029 2802 2186 2858 illius
2216 2799 2604 2874 opinionibus
2623 2799 2774 2856 liber
2797 2800 3047 2856 omnino
3069 2814 3190 2856 non
3217 2806 3328 2856 est.
3344 2801 3545 2872 itaque

162 2883 281 2937 οὐδ’
313 2886 470 2948 οὗτος
517 2885 817 2944 ἀπήλλακτο
861 2896 959 2939 τῶν
1006 2887 1198 2941 ἐκείνου
1251 2887 1577 2962 βλασφήμων
1618 2887 1782 2952 δοξῶν

1910 2898 1946 2950 ιι
1997 2892 2234 2948 animas
2273 2896 2410 2948 ante
2462 2905 2710 2962 corpora
2759 2888 3040 2946 exsistere
3092 2888 3309 2946 fatetur
3359 2905 3543 2946 sacrm

162 2975 394 3037 τελείως.
459 2982 656 3047 1Ψυχῶν
730 2994 784 3028 τε
848 2982 951 3050 γὰρ
1023 2978 1348 3051 προῦπαρξιν
1425 2979 1778 3050 συνομολογεῖ,

1912 2997 2131 3054 [uoque
2164 2981 2478 3052 Scriptura;
2521 2994 2591 3036 ac
2617 2983 2963 3035 sanctorum
3007 2980 3247 3035 Patrum
3277 2978 3545 3036 testimo-

165 3070 462 3136 Γρααρικαίς
530 3069 620 3116 καὶ
683 3071 972 3139 Πατρικαῐς
1035 3074 1242 3138 φωναῖς,
1315 3070 1384 3128 ὡς
1441 3071 1625 3134 οἴεται,
1695 3073 1781 3121 τὸν

1915 3071 2003 3126 iiis
2033 3070 2111 3127 ad
2135 3071 2296 3126 hunc
2335 3083 2596 3125 errorem
2628 3066 3084 3133 stabiliendum,
3119 3071 3180 3122 ut
3220 3070 3409 3138 putat,
3437 3065 3548 3124 ad-

163 3154 328 3227 λῆρον
355 3161 544 3206 τοῦτον
587 3152 999 3227 ἐπισυγκροτῶν,
1041 3161 1130 3208 καὶ
1164 3158 1418 3228 σωμάτων
1461 3157 1626 3209 ἄλλων
1671 3157 1784 3210 εἰσ-

1912 3159 2125 3218 iibitis:
2160 3164 2218 3215 et
2245 3173 2566 3230 corporum
2604 3172 2849 3229 quoque
2893 3155 3074 3212 aliam
3103 3154 3276 3224 ﬁngit
3315 3169 3545 3211 resum-

163 3246 286 3313 τέγει
317 3242 602 3313 ἀνάληψιν.
641 3249 764 3316 Περὶ
814 3249 983 3315 μέντοι
1031 3252 1127 3307 τῆς
1173 3244 1327 3317 ἁγίας
1371 3243 1600 3318 Τριάδος
1630 3243 1781 3300 οὐδὲν

1914 3250 2177 3306 itionem.
2233 3249 2448 3304 Verum
2492 3247 2566 3303 de
2615 3251 2820 3303 sancta
2862 3245 3141 3302 Trinitate
3187 3244 3348 3316 920
3400 3243 3547 3301 nihil

163 3333 315 3393 οὗτος
372 3342 475 3384 τῶν
521 3331 846 3404 ἐσφαλμένων
883 3332 1019 3404 λέγει
1057 3350 1070 3363 ·
1123 3339 1253 3405 φησί
1299 3332 1357 3388 δε
1399 3341 1489 3387 καὶ
1535 3341 1781 3410 περὶτοῦ

1916 3344 2219 3395 :rratorum
2269 3336 2458 3393 affert.
2493 3336 2646 3402 Quin
2691 3336 2869 3392 etiam
2913 3335 3028 3391 hoc
3057 3334 3268 3390 asserit
3312 3333 3387 3390 de
3419 3333 3549 3391 Ori-

167 3423 475 3494 Ὠριγένους
529 3417 693 3492 μηδεν
760 3420 915 3474 αὐτὸν
963 3425 1096 3475 κατὰ
1147 3419 1304 3486 δόξαν
1361 3423 1614 3497 ἐσφάλθαι
1668 3431 1784 3500 περὶ

1913 3443 2064 3498 rene,
2095 3428 2241 3484 nihil
2267 3443 2424 3492 eum,
2449 3425 2616 3498 quod
2642 3424 2886 3497 quidem
2909 3423 2987 3480 ad
3015 3423 3243 3495 dogma
3265 3422 3342 3478 de
3365 3422 3546 3480 Trini-

167 3520 265 3572 τῆς
301 3507 561 3582 Τριάδος,
614 3509 1005 3583 ἀναφερόμενον
1056 3509 1115 3565 δι
1161 3520 1222 3584 τῇ
1273 3515 1470 3586 αἱρέσει
1511 3512 1782 3566 Σαϐελλίου

1917 3523 2008 3574 ate
2039 3519 2262 3584 attinet,
2294 3531 2527 3573 errasse
2555 3532 2567 3571 :
2600 3520 2970 3587 pugnantem
3000 3517 3232 3570 tantum
3259 3527 3401 3569 cum
3443 3513 3549 3570 Sa-

169 3601 240 3660 ιὶς
280 3605 423 3671 μέγα
462 3607 630 3652 κακοῦ
677 3601 872 3673 ἠρμένη
917 3606 1050 3666 τότε,
1103 3607 1193 3654 καὶ
1238 3607 1331 3661 τὴν
1362 3612 1463 3656 τῶν
1495 3610 1785 3677 προσώπων

1915 3606 2050 3662 )ellii
2068 3607 2123 3678 (8
2137 3609 2180 3678 t)
2204 3605 2439 3669 haeresi,
2465 3604 2638 3674 cujus
2663 3607 2791 3658 tum
2812 3601 3167 3674 improbitas
3180 3616 3548 3673 magnopere

169 3687 386 3762 Τριάδα
427 3689 806 3762 ἐναργεστάτην
855 3695 944 3742 καὶ
992 3690 1194 3751 πολλοῖς
1241 3696 1450 3764 τρόποις
1513 3689 1787 3766 διαφέρου-

1913 3711 2026 3751 sese
2043 3695 2346 3759 eﬁ‘erebat,
2361 3699 2416 3749 et
2435 3708 2828 3765 personarum
2848 3691 3144 3757 Triadem,
3166 3688 3546 3745 manifestam

173 3797 269 3830 σαν
319 3780 707 3850 ἀγωνιζόμενον
761 3788 1124 3853 παραστῆσαι,
1181 3785 1314 3853 πέρα
1364 3790 1457 3834 τοῦ
1523 3784 1571 3819 ⁴⁸
1622 3803 1785 3856 προσ-

1914 3785 2159 3841 naxime
2182 3783 2502 3854 multisque
2524 3780 2720 3837 modis
2732 3777 3547 3843 differentem,demonstrare

171 3873 393 3930 ἥκοντος
421 3873 515 3920 καὶ
554 3869 626 3930 εἰς
665 3868 960 3921 τούναντίον
1009 3868 1383 3941 ἀπενεχθῆναι,
1428 3870 1482 3935 ἐξ
1525 3873 1583 3924 οὗ
1633 3869 1787 3936 δόξαι

1911 3880 2237 3936 :onantem,
2257 3888 2293 3928 a
2309 3877 2468 3927 recto
2491 3875 2668 3941 atque
2683 3867 2880 3925 ofﬁcio
2901 3867 3084 3924 etiam
3099 3866 3160 3922 in
3184 3867 3544 3924 contrariam

171 3964 258 4010 καὶ
346 3965 423 4026 τῷ
503 3957 753 4030 Ἀρειανῷ
821 3957 1200 4032 ἀρρωστήματι
1280 3961 1656 4033 προεαλωκέναι
1714 3964 1783 4020 ⁴⁰,

1914 3969 2126 4037 partem
2157 3963 2471 4032 abreptum
2503 3957 2686 4013 fuisse
2731 3956 3043 4012 videretur.
3078 3955 3394 4012 Enimvero
3438 3971 3547 4028 pro

169 4048 321 4121 ’Υπὲρ
378 4052 554 4118 μέντοι
601 4065 663 4118 γε
720 4056 822 4099 τῶν
861 4047 1026 4100 ἄλλων
1080 4048 1241 4102 αὐτοῦ
1301 4046 1596 4123 δογμάτων,
1641 4055 1786 4116 ὅσοις

1914 4053 2028 4108 iliis
2057 4053 2186 4124 ejus
2207 4047 2615 4120 dogmatibus,
2639 4045 2860 4118 quibus
2887 4059 3079 4116 neque
3105 4045 3246 4100 satis
3279 4045 3547 4116 speciose

173 4143 308 4208 μήτε
367 4138 798 4207 συγκαταθέσθαι
851 4138 900 4172 ⁸ο
955 4144 1047 4189 τοῦ
1104 4137 1310 4213 θαῤῥεῖν
1365 4144 1628 4215 πρόφασιν
1669 4144 1783 4214 ἔχει

1914 4140 2170 4200 issentiri
2195 4139 2395 4204 audet,
2425 4151 2618 4207 neque
2641 4139 2807 4206 putat
2827 4148 3008 4205 posse
3039 4132 3382 4205 praedictam
3407 4149 3547 4191 cau-

173 4232 304 4293 μήτε
356 4230 454 4283 τήν
513 4230 890 4298 προειρημένην
947 4227 1116 4280 αἰτίαν
1188 4231 1513 4302 πορίσασθαι
1563 4227 1784 4284 δυνατόν

1914 4248 2024 4289 iam
2056 4229 2266 4302 aptari,
2293 4242 2402 4299 pro
2434 4222 2804 4295 hujusmodi,
2830 4223 3102 4296 inquam,
3134 4221 3547 4294 dogmatibus,

175 4313 303 4379 οἶδε,
336 4316 536 4372 πολλὴν
585 4315 782 4386 εἰσάγει
829 4312 1068 4375 σπουδὴν
1109 4315 1390 4390 ἀποφῆναι,
1425 4320 1454 4378 ἢ
1489 4327 1786 4392 γυμνασίας

1915 4320 2146 4377 nultam
2175 4316 2420 4374 adhibet
2444 4329 2714 4386 operam,
2747 4317 2813 4368 ut
2839 4313 3223 4378 demonstret,
3256 4311 3348 4367 vel
3386 4327 3548 4369 exer-

181 4407 315 4475 αὐτῷ
368 4408 535 4476 χάριν
583 4405 844 4475 εἰρῆσθαι,
904 4405 934 4464 ἣ
976 4407 1076 4479 ὑπό
1123 4425 1270 4458 τινων
1322 4406 1630 4482 ἑτεροδόξων
1676 4418 1784 4472 τοῖς

1915 4409 2188 4466 :itationis
2208 4407 2504 4462 duntaxat
2528 4419 2711 4460 causa
2738 4403 2866 4458 haec
2889 4402 2968 4458 ab
2997 4417 3069 4457 eo
3093 4416 3230 4458 esse
3251 4401 3430 4468 dicta,
3455 4401 3548 4458 vel

181 4495 334 4547 αὖτοῦ
397 4496 787 4567 συγγράμμασι
843 4493 1322 4567 παρεμϐεϐλῆσθαι.
1388 4503 1486 4550 Καὶ
1563 4502 1782 4571 προάγει

1914 4503 2050 4556 :erte
2081 4498 2158 4555 ab
2191 4497 2343 4565 aliis,
2375 4495 2479 4567 qui
2514 4493 2750 4549 diversa
2797 4491 3101 4556 sentirent,
3133 4489 3263 4560 ejus
3312 4490 3547 4561 scriptis

179 4591 265 4635 ui
305 4584 462 4635 αὐτόν
518 4582 705 4636 ἐκεῖνον
745 4591 898 4636 τοῦτο
946 4581 1154 4656 βοῶντα
1207 4591 1297 4638 καὶ
1348 4582 1728 4661 διατεινόμενον
1764 4605 1778 4620 ⁶

1919 4593 2118 4645 nserta
2141 4587 2339 4642 fuisse.
2363 4587 2592 4641 Testem
2616 4583 2716 4655 buj
2729 4599 2795 4638 us
2817 4580 3024 4638 laudat
3050 4594 3191 4634 eum
3213 4579 3413 4650 ipsum
3435 4579 3547 4651 (82)

183 4680 420 4742 φωρᾶσαι
447 4677 553 4747 γὰρ
592 4673 748 4726 αὐτόν
793 4692 924 4744 φησι
961 4680 1049 4726 καὶ
1089 4677 1164 4727 ἔτι
1211 4675 1383 4735 ζῶντα
1419 4680 1614 4736 ταύτην
1667 4679 1782 4732 κατ’

1917 4695 2009 4735 ioc
2022 4678 2383 4734 clamantem
2400 4679 2579 4746 atque
2593 4670 3072 4733 contendentem,
3091 4683 3231 4724 cum
3249 4667 3550 4724 viventem

181 4763 340 4815 αὑτοῦ
403 4768 503 4820 τὸν
551 4759 919 4837 ῥᾳδιουργίαν.
984 4761 1134 4817 Ἐστι
1192 4761 1270 4830 δε,
1332 4765 1368 4816 ἁ
1421 4767 1556 4838 λέγει
1613 4771 1782 4840 μάτην

1920 4768 2225 4824 ιιὶιιωηυω
2248 4767 2448 4835 ipsum
2464 4762 2638 4818 talem
2661 4756 3440 4833 deprehendissefallaciam
3465 4773 3553 4814 re-

181 4851 336 4904 αὖτοῡ
439 4853 894 4925 κατηγορηθῆναι,
1019 4853 1271 4926 κεφάλαια
1381 4854 1781 4924 πεντεκαίδεκα,

1918 4858 2026 4913 'ert.
2053 4856 2188 4927 lpsa
2219 4853 2357 4909 dein
2387 4851 2606 4923 capita,
2635 4849 2714 4906 ob
2740 4864 2876 4921 quae
2903 4847 3055 4903 falso
3084 4845 3252 4902 illum
3279 4845 3551 4903 accusari

182 4941 302 5011 [£59
355 4940 448 5014 [1.]
511 4943 664 4994 ἅτινα
741 4947 832 4994 καὶ
890 4937 1152 5015 διελέγχει
1215 4939 1466 5008 διαϐολὰς
1521 4943 1670 5014 εἶναι,
1729 4947 1784 5001 ἐκ

1920 4945 2123 5012 ιεεθι-ἱι,
2149 4941 2495 5016 quindecim
2513 4941 2574 4996 in
2596 4939 2946 4996 universum
2974 4939 3250 4994 numerat
3277 4951 3290 4991 :
3314 4933 3553 4993 eadem-

1529 5068 1761 5124 VARl/E
1793 5067 2198 5127 LECTIONES.

251 5211 292 5293 ξ’
326 5208 638 5293 σεληνιακοῦ
663 5205 851 5293 μηνὸς]
884 5205 1203 5293 κσεληνιακῆς
1233 5213 1296 5293 A';
1387 5211 1438 5293 f‘
1458 5217 1550 5293 τοῦ
1579 5217 1638 5268 et
1661 5210 1814 5293 infra
1837 5215 2095 5293 καὶηρρξι
2116 5207 2284 5292 Ἐκκλ.
2320 5206 2561 5293 διάει-Ἄιδι.
2623 5276 2633 5286 .
2660 5207 2708 5240 ⁴⁵
2737 5205 3082 5293 ἀνενηγμλένην
3106 5222 3160 5268 ς.
3258 5203 3304 5238 ⁸⁸
3335 5201 3553 5277 μᾶλλον]

169 5279 408 5350 μάλιστα
437 5282 506 5335 Α.
585 5279 630 5315 ⁵⁷
656 5276 741 5332 ἐπὶ
764 5276 1084 5332 τίπλεῐστον
1116 5301 1172 5345 ς’.
1250 5279 1297 5316 ⁸⁸
1335 5285 1468 5355 πέρα
1491 5285 1537 5339 Α
1569 5299 1582 5340 :
1617 5285 1759 5357 παρά
1784 5305 1839 5350 ς’.
1917 5276 2263 5335 ⁴⁹’ἇαλωκέναι
2292 5299 2346 5343 ς.
2427 5279 2474 5313 ⁸ο
2504 5276 2638 5332 libri
2673 5277 3053 5348 συγκαθεσθαι.

1773 5407 1994 5464 NOTAE.

263 5528 375 5596 (80)
405 5529 742 5597 Utrumque
768 5526 944 5582 etiam
975 5525 1469 5601 Alegandrinum.
1949 5530 2092 5601 7(82)
2143 5523 2403 5599 Epistola
2449 5539 2637 5596 quam
2685 5521 2856 5579 affert
2909 5524 2971 5579 Β.
3023 5524 3253 5580 Hieron.
3305 5523 3556 5596 Apolog.

269 5601 374 5669 (81)
395 5601 539 5664 Quae
568 5612 960 5669 personarum
986 5597 1045 5654 in
1073 5598 1347 5656 Trinitate
1370 5615 1694 5658 numerum
1726 5617 1794 5658 ac
1902 5597 2004 5657 lib.
2038 5597 2097 5657 u.

184 5665 591 5727 diﬂer'entiani
625 5667 1052 5726 confundebat.

473 5777 714 5832 PATROL.
757 5778 859 5833 GR.
901 5775 1040 5832 CIII.
3213 5773 3279 5828 13
