4136 6216
648 280 753 342 395

1880 277 2121 341 PHOTll
2163 282 2647 341 PATRIARCH/E
2687 280 2804 343 (ΣΡ.
3874 293 3964 349 396

650 426 768 483 que
798 424 996 464 meras
1040 422 1172 463 esse
1214 406 1569 474 calumnias,
1602 422 1670 462 ex
1708 406 2021 479 ipsiusmet
2067 411 2288 482 scriptis

2413 419 2508 461 τῶν
2559 410 2718 461 αὐτοῦ
2781 411 2974 462 ἐκείνου
3053 410 3477 484 συγγράμματων
3532 412 3815 482 ποιούμενος
3868 421 3966 476 τοὺς

649 497 844 555 allatis
874 497 1265 567 argumentis,
1288 496 1442 551 libro
1473 500 1689 568 quarto
1711 497 2005 554 convincit
2030 516 2043 557 :
2070 499 2145 555 ad
2168 516 2298 572 quae

646 586 784 643 item
802 585 1123 642 refellenda
1153 585 1254 641 ubi
1281 584 1355 641 ad
1379 584 1657 657 quintum
1684 586 1845 642 venit
1876 586 2299 654 librum,ca3te-

646 691 850 732 rorum
870 690 1113 748 quoque
1134 690 1243 747 pro
1265 675 1396 746 ipso
1423 673 1593 731 affert
1614 674 1971 731 testimonia.
2000 677 2133 748 ipsa
2156 692 2297 733 vero

646 764 844 836 capita
863 764 993 820 haec
1014 768 1185 819 sunt:
1209 762 1374 819 aiunt
1395 762 1562 817 illum
1594 762 1841 819 docere:
1867 766 1917 817 1.
1947 765 2153 821 Filiqu
2177 779 2299 821 non

646 869 776 911 esse
818 852 1241 909 invocandum.
1271 857 1323 907 2.
1360 855 1559 923 Neque
1604 868 1735 907 esse
1774 851 1975 924 ipsum
2023 854 2298 911 absolute

645 942 895 999 bonum.
927 946 978 998 3.
1012 944 1213 1013 Neque
1244 943 1475 997 Patrem
1503 954 1882 1009 cognoscere,
1918 946 1981 998 ut
2007 943 2294 1015 seipsum.

644 1031 698 1086 4.
718 1030 1055 1087 Rationales
1077 1035 1325 1087 naturas
1352 1030 1411 1085 in
1435 1029 1749 1085 brutorum
1771 1046 2022 1103 corpora
2043 1032 2294 1103 ingredi.

646 1126 697 1177 5.
722 1122 860 1175 Esse
882 1119 941 1174 in
962 1118 1234 1175 diversas
1256 1134 1577 1190 corporum
1602 1119 1832 1189 species
1852 1120 2296 1189 migrationem.

646 1214 697 1265 6.
746 1208 956 1265 Christi
1007 1208 1332 1264 Servatoris
1395 1208 1663 1263 animam
1707 1224 1828 1263 non
1878 1208 2059 1265 aliam
2109 1225 2295 1281 quam

644 1297 963 1371 ipsiusmet
990 1297 1203 1353 Adami
1232 1296 1438 1353 fuisse.
1472 1297 1525 1350 7.
1556 1299 1683 1353 Non
1724 1314 1850 1353 esse
1881 1314 2126 1370 pmnam
2156 1298 2297 1354 deli—

644 1393 875 1443 ctorum
903 1388 1349 1457 sempiternam.
1385 1389 1435 1441 8.
1469 1388 1668 1458 Neque
1698 1386 1895 1442 carnis
1926 1387 2294 1443 resurrectio-

643 1492 804 1533 nem.
837 1482 889 1533 9.
918 1475 1135 1531 Adhaec
1149 1476 1415 1545 magiam
1442 1474 1666 1531 malam
1682 1492 1804 1532 non
1829 1478 2075 1532 esseAO.
2101 1477 2295 1533 Astro-

643 1567 909 1625 nomiam
960 1580 1169 1621 eorum
1198 1580 1333 1637 qua;
1364 1565 1517 1620 ﬁunt
1554 1580 1803 1621 causam
1838 1582 1992 1623 esse.
2026 1568 2113 1621 11.
2160 1568 2294 1623 Uni-

641 1654 910 1726 genitum
950 1660 1231 1726 praeterea
1275 1669 1530 1723 regnum
1578 1654 1809 1710 nullum
1863 1656 2149 1711 obtinere.
2207 1658 2292 1713 l2.

2410 499 2657 570 ἐλέγχους
2688 496 2735 549 ἐν
2780 506 2848 569 τῷ
2877 501 3104 573 τετάρτῳ
3152 504 3311 572 τόμῳ,
3354 501 3492 550 κατὰ
3539 495 3596 551 δὲ
3636 503 3717 552 τὸν
3763 503 3963 574 πέμπτον

2407 594 2672 660 ’γενόμενος
2718 593 2807 639 καὶ
2855 588 3032 663 ἐτέρων
3091 590 3214 663 ὑπὲρ
3267 588 3427 640 αὐτοῦ
3488 594 3786 662 μαρτυρίαις
3834 591 3963 666 ἀπορ-

2406 678 2637 753 ραπίζων
2676 685 2861 731 ταῦτα.
2907 681 2983 729 Τὰ
3026 674 3085 730 δὲ
3135 678 3388 750 κεφάλαιά
3436 676 3549 730 ἐστι
3602 686 3755 731 ταῦτα
3783 694 3796 709 ·
3826 686 3965 734 Φασὶν

2410 768 2560 819 αὐτὸν
2590 767 2960 841 παραγγελλειν
3004 771 3075 839 μὴ
3122 769 3516 839 προσεύχεσθαι
3572 770 3613 804 ⁵⁸
3656 776 3724 838 τῷ
3752 772 3864 839 Υίῷ,
3891 776 3963 822 καὶ

2409 861 2479 929 μὴ
2510 854 2637 908 εἶναι
2667 856 2822 908 αὐτὸν
2853 855 3025 916 ἁπλῶς
3059 873 3070 885 ·
3102 855 3318 927 ἀγαθὸν,
3351 861 3436 908 xui
3485 860 3556 928 μὴ
3607 862 3860 928 γινώσκειν
3894 863 3964 911 τὸν

2412 948 2617 1018 Πατέρα
2659 946 2724 1004 ὡς
2796 943 2951 996 αὑτὸν
3019 943 3219 1010 ἑαυτὸν,
3267 949 3355 997 καὶ
3410 948 3505 1007 τὰς
3557 944 3757 1016 λογικὰς
3813 950 3965 1018 φύσεις

2409 1033 2480 1093 εἰς
2524 1032 2719 1104 ἀλόγων
2768 1034 3122 1106 εἰσκρίνεσθαι
3184 1039 3420 1106 σώματα,
3486 1038 3575 1086 xui
3627 1031 3750 1086 εἶναι
3817 1054 3966 1106 μετεν-

2410 1125 2742 1195 σωμάτωσιν,
2775 1127 2863 1175 καὶ
2894 1125 2971 1175 ὅτι
3006 1124 3035 1181 ἡ
3068 1130 3158 1174 τοῦ
3189 1129 3427 1197 Σωτῆρος
3454 1122 3608 1195 ψυχὴ
3643 1125 3671 1181 ἡ
3703 1131 3789 1175 τοῦ
3814 1121 3964 1196 Ἀδὰμ

2407 1208 2487 1283 ἦν,
2533 1216 2620 1263 καὶ
2663 1214 2741 1263 ὅτι
2793 1211 2885 1264 οὐκ
2926 1214 3066 1263 ἔστιν
3120 1212 3321 1273 αἰώνιος
3372 1212 3582 1273 κόλασις
3635 1208 3753 1265 οὐδὲ
3802 1216 3967 1287 σαρκὸς

2409 1301 2715 1367 ἀνάστασις,
2771 1306 2859 1353 καὶ
2911 1304 2991 1353 ὅτι
3042 1301 3101 1353 οὐ
3152 1305 3310 1353 κακὸν
3364 1303 3393 1359 ἡ
3450 1306 3643 1373 μαγεία
3680 1303 3745 1366 ⁵³,
3788 1307 3869 1354 xui
3904 1304 3967 1354 ὅτι

2407 1396 2654 1449 ποιητικὴ
2710 1399 2807 1441 τῶν
2864 1395 3223 1462 πραττομένων
3281 1392 3310 1449 ἡ
3385 1389 3720 1463 ἀστρονομία,
3780 1396 3862 1443 καὶ
3902 1393 3967 1442 ὁτι

2407 1482 2625 1531 παύεται
2655 1481 2680 1531 ὁ
2707 1484 2997 1551 Μονογενής
3036 1489 3132 1541 τῆς
3166 1478 3459 1552 βασιλείας,
3493 1484 3579 1532 καὶ
3627 1482 3703 1532 ὅτι
3745 1479 3796 1531 ἐκ
3834 1500 3968 1531 κατα-

2406 1574 2651 1630 πτώσεως
2702 1566 2854 1627 ἦλθον
2901 1572 2949 1621 οἱ
2997 1569 3137 1640 ἅγιοι
3186 1569 3251 1631 εἰς
3281 1573 3367 1621 τὸν
3408 1574 3628 1641 κόσμον,
3675 1568 3775 1621 ἀλλ’
3818 1569 3869 1622 οὐ
3908 1565 3966 1619 δι’

2406 1657 2584 1727 ἐτέρων
2632 1659 2922 1729 θεραπείαν,
2972 1663 3061 1710 καὶ
3092 1660 3169 1710 ὃτι
3213 1660 3238 1709 ὁ
3290 1663 3466 1729 Πατὴρ
3512 1663 3603 1709 καὶ
3646 1667 3711 1729 τῷ
3759 1660 3851 1728 Υὶῷ
3899 1656 3968 1708 ἀο-

644 1746 891 1801 Sanctos
923 1742 1218 1817 [angelos]
1250 1744 1534 1815 delapsos
1584 1744 1642 1798 in
1690 1744 1987 1801 mundum
2036 1746 2288 1810 venisse,

2406 1765 2580 1820 ρατος,
2625 1752 2709 1799 καὶ
2756 1748 2835 1798 ὅτι
2875 1750 2940 1799 τὰ
2982 1746 3246 1819 Χερουϐὶμ
3290 1746 3510 1799 ἐπίνοιαι
3557 1755 3648 1799 τοῦ
3692 1748 3805 1799 Tim}
3840 1745 3962 1808 εἰσιν,

642 1848 765 1890 non
786 1832 864 1890 ad
894 1832 1147 1889 aliorum
1173 1832 1557 1904 obsequium.
1583 1834 1669 1889 13.
1690 1833 1869 1888 Deum
1898 1837 2125 1890 Patrem
2157 1850 2232 1891 ne
2258 1851 2295 1891 a

643 1921 783 1979 Filio
813 1922 1058 1995 quidem
1090 1922 1273 1978 videri
1307 1937 1503 1994 posse.
1541 1924 1628 1977 14.
1661 1922 1983 1979 Cherubim
2018 1924 2137 1978 Filii
2163 1940 2293 1980 esse

642 2011 898 2083 cognita.
933 2017 1014 2067 t5.
1064 2014 1339 2077 Rursum,
1373 2012 1538 2083 quod
1587 2011 1687 2066 Dei
1730 2012 1949 2081 imago,
1984 2013 2169 2069 relata
2214 2014 2291 2069 ad

641 2102 810 2158 illum
831 2102 1004 2172 cujus
1034 2106 1124 2157 est
1147 2101 1369 2171 imago,
1394 2105 1692 2172 quatenus
1723 2106 1810 2156 est
1832 2102 2050 2173 imago,
2078 2102 2293 2158 veritas

641 2206 764 2247 non
788 2195 892 2246 est.
930 2192 1060 2245 Haac
1076 2189 1195 2245 fere
1221 2188 1480 2261 depellit,
1511 2189 1591 2244 uti
1631 2189 1909 2261 diximus,
1937 2192 2108 2263 quasi
2140 2192 2292 2248 falso

642 2280 879 2350 Origeni
921 2280 1177 2349 objecta,
1210 2278 1496 2350 omnique
1527 2294 1640 2351 ope
1671 2279 2134 2336 ecclesiasticum
2163 2298 2291 2338 esse

641 2369 838 2425 virum
879 2374 933 2425 et
978 2368 1382 2425 orthodoxum
1432 2368 1743 2424 ostendere
1776 2370 1996 2424 nititur.
2032 2372 2103 2425 At
2146 2386 2286 2437 non,

640 2458 799 2515 bone
814 2457 922 2529 vir,
941 2458 987 2513 si
1004 2458 1138 2531 quis
1154 2462 1431 2513 ostensus
1451 2463 1541 2513 est
1556 2457 1717 2514 haud
1736 2458 2020 2513 omnibus
2044 2460 2291 2516 omnino

640 2547 840 2604 modis
861 2547 1081 2619 impius
1102 2562 1252 2613 esse,
1272 2563 1412 2603 mox
1436 2548 1615 2603 etiam
1638 2548 1697 2603 in
1720 2547 1939 2620 quibus
1958 2548 2291 2605 manifestat

639 2636 1034 2710 blasphemiae
1064 2640 1313 2704 tenetur,
1340 2652 1586 2709 poenam
1614 2636 1869 2708 eﬂugiet.

1344 2726 1575 2782 CXVIII.

642 2814 952 2886 Pamphili
972 2816 1281 2886 martyris,
1302 2815 1482 2871 simul
1502 2822 1555 2871 et
1580 2816 1820 2871 Eusebii
1837 2817 2162 2887 ,Apologiw
2180 2831 2291 2885 pro

1202 2887 1453 2957 Origene
1480 2887 1622 2942 libri
1650 2902 1726 2941 tv.

713 2976 864 3032 Lecti
918 2980 1058 3031 sunt
1089 2974 1379 3047 Pamphili
1430 2976 1727 3046 martyris,
1767 2980 1820 3031 et
1864 2976 2022 3046 92b
2054 2977 2290 3033 Eusebii

635 3080 749 3135 pro
769 3065 1020 3134 Origene
1036 3064 1168 3119 libri
1187 3080 1317 3119 sex:
1342 3079 1600 3135 quorum
1626 3064 1892 3136 quinque
1918 3070 2055 3120 sunt
2072 3082 2108 3121 a
2126 3069 2290 3121 Pam-

2404 1841 2492 1888 xui
2519 1838 2595 1888 ὅτι
2625 1838 2655 1894 ἡ
2690 1836 2839 1888 εἰκὼν
2862 1844 2953 1887 τοῦ
2976 1844 3108 1889 Θεοῦ
3136 1838 3203 1898 ὡς
3230 1839 3354 1910 πρὸς
3370 1835 3557 1889 ἐκεῖνον
3585 1836 3645 1889 οὗ
3673 1834 3802 1887 ἐστιν
3824 1835 3966 1896 εἰκὼν,

2404 1925 2520 1977 καθ’
2551 1925 2576 1976 ὁ
2607 1925 2773 1989 εἰκὼν,
2808 1926 2901 1977 οὐκ
2940 1927 3079 1977 ἔστιν
3125 1924 3359 1983 ἀλήθεια.
3388 1932 3568 1978 Ταῦτα
3608 1924 3885 1995 ἂπελέγχει,
3914 1925 3965 1981 ὡς

2405 2018 2729 2089 προείρηται,
2764 2011 2972 2085 ψευδῶς
3014 2015 3255 2086 εἰρῆσθαι
3305 2017 3440 2066 κατὰ
3476 2014 3785 2087 Ὠριγένους,
3818 2016 3894 2064 καὶ
3919 2016 3964 2062 το

2402 2123 2460 2174 γε
2508 2102 2589 2155 ἐπὶ
2647 2111 2708 2176 τῇ
2783 2104 2940 2156 αὐτοῦ
3005 2101 3212 2177 σπουδῇ
3270 2104 3705 2162 ἐκκλησιαστικὸν
3756 2108 3837 2155 xui
3886 2109 3966 2152 τῶν

2404 2190 2695 2267 ὀρθοδοξων
2728 2192 3065 2265 ἀποφαίνεται
3092 2201 3177 2246 τον
3203 2190 3396 2265 ἄνδρα.
3450 2192 3591 2247 Ἀλλ’
3637 2192 3727 2244 οὐκ
3756 2195 3795 2244 εἶ
3822 2210 3904 2253 τις,
3933 2185 3963 2237 ὦ

2405 2281 2661 2355 βελτιστε,
2694 2288 2765 2353 μὴ
2804 2285 2993 2344 πάντας
3022 2287 3143 2345 τοὺς
3184 2288 3407 2357 τρόπους
3434 2279 3659 2353 ἐδείχθη
3708 2278 3960 2341 δυσσεϐὠν,

2403 2368 2515 2424 οὐδ’
2540 2370 2586 2423 ἐν
2615 2374 2661 2407 ⁵³
2692 2373 2767 2433 οἶς
2789 2382 3062 2445 προφανῶς
3085 2372 3386 2445 βλασφημεῖ
3404 2376 3495 2430 τὴν
3527 2369 3687 2429 δίκην
3714 2364 3961 2441 διαδιδρά-

2405 2480 2540 2513 σκων
2572 2460 2700 2532 ὀφθή
2714 2478 2877 2515 σεται.

3132 2728 3272 2782 ΡῙΗ”.

2404 2818 2674 2891 Παμφίλου
2702 2825 2793 2870 τοῦ
2823 2820 3085 2892 μάρτυρος
3105 2894 3113 2903 ¹
3134 2823 3223 2869 καὶ
3256 2816 3506 2911 ΕΞύσεϐίου
3550 2819 3678 2892 ὑπὲρ
3709 2815 3962 2890 Ὠριγίνους

3062 2909 3211 2953 τομοι
3244 2909 3285 2953 ςν
3305 2932 3317 2943 .

3062 2911 3120 2941 το
3164 2911 3211 2942 οι
3244 2911 3278 2953 ς-
3305 2932 3317 2943 .

2474 2979 2791 3050 Ἀνεγνώσθη
2841 2911 3242 3050 Παμφίλουμτοῦ
3297 2980 3570 3051 μάρτυρος
3615 2982 3703 3030 καὶ
3750 2972 3962 3029 Εὑσεϐίον

2400 3068 2524 3140 ὑπὲρ
2556 3072 2872 3141 Ὠριγένους.
2919 3073 3081 3139 Τόμοι
3126 3064 3184 3119 δε
3227 3071 3284 3120 τὸ
3334 3065 3542 3139 βιϐλίον
3588 3066 3653 3132 ς’,
3700 3067 3761 3117 ὧν
3801 3067 3843 3117 οἱ
3887 3065 3960 3133 μὲν

639 3152 804 3224 philo
833 3153 889 3207 in
923 3168 1159 3207 carcere
1185 3152 1319 3222 (83),
1347 3161 1634 3222 praesente
1664 3153 1839 3208 etiam
1876 3153 2151 3218 Eusebio,
2175 3154 2288 3210 ela-

2401 3157 2436 3208 ε¹
2496 3157 2748 3229 Παμφίλῳ
2800 3162 2855 3209 τὸ
2916 3154 3276 3230 δεσμωτήριον
3352 3156 3588 3210 οἰκοῦντι
3640 3158 3963 3227 συμπαρόντος

637 3240 865 3296 borati:
899 3244 1100 3295 sextus
1144 3254 1301 3303 vero,
1337 3246 1654 3312 postquam
1695 3240 1823 3309 jam
1867 3247 2094 3313 martyr
2137 3243 2289 3299 ferro

637 3329 905 3402 privatus
935 3329 1071 3393 vita,
1106 3328 1182 3384 ad
1214 3330 1385 3384 unice
1416 3330 1819 3386 desideratum
1865 3335 2046 3387 Deum
2077 3334 2290 3403 migra-

636 3421 747 3483 rat,
773 3416 850 3473 ab
878 3416 1136 3472 Eusebio
1164 3422 1253 3473 est
1278 3416 1606 3473 absolutus.
1635 3420 1993 3490 Quanquam
2020 3420 2116 3476 alii
2143 3438 2289 3493 quo-

634 3521 754 3578 que
803 3505 1042 3577 plurimi
1075 3522 1145 3562 eo
1177 3506 1306 3577 ipso
1339 3511 1603 3577 tempore
1637 3508 1838 3577 magni
1872 3510 2131 3565 nominis
2180 3511 2287 3566 viri

638 3595 929 3668 apologiis
992 3595 1305 3665 Origenem
1368 3594 1809 3651 defendendum
1874 3606 2283 3670 susceperunt.

637 3685 811 3741 Aiunt
852 3684 1028 3754 igitur
1071 3685 1382 3755 Origenem
1416 3685 1611 3740 Severi
1663 3686 2043 3757 imperatoris
2091 3704 2283 3759 perse-

635 3775 870 3831 cutione
907 3774 1173 3830 Leonida
1204 3774 1353 3846 patri
1387 3776 1674 3846 scriptum
1722 3777 1971 3842 misisse,
2014 3778 2175 3849 quod
2208 3780 2283 3833 ad

634 3864 905 3937 martyrii
952 3864 1312 3921 curriculum
1347 3879 1484 3920 eum
1519 3871 1869 3921 exacueret:
1900 3873 1955 3922 et
1986 3884 2131 3923 sane
2167 3874 2285 3925 sta-

632 3953 801 4010 dium
846 3954 1069 4009 fortiter
1098 3952 1419 4009 decurrens
1450 3953 1544 4009 ille
1570 3954 1847 4010 bravium
1887 3957 2114 4028 accepit
2147 3958 2280 4029 (84)·

632 4042 876 4099 Addunt
902 4041 1227 4114 ipsummet
1258 4042 1571 4115 Origenem
1606 4060 1847 4100 summo
1892 4045 2095 4101 studio
2126 4047 2281 4103 idem

632 4137 929 4189 certamen
973 4132 1273 4204 suscipere
1304 4138 1588 4188 conatum
1627 4132 1804 4189 fuisse
1855 4134 1985 4205 (85),
2029 4136 2133 4191 sed
2162 4153 2283 4193 ma-

631 4226 779 4277 trem
828 4220 1117 4292 impetum
1167 4220 1257 4275 vel
1304 4222 1434 4292 ipso
1480 4221 1665 4277 invito
1713 4222 2082 4280 refrenasse:
2116 4225 2281 4297 quod

629 4308 827 4379 ipsum
854 4309 992 4363 item
1021 4309 1271 4381 epistola
1294 4310 1562 4381 quadam
1588 4326 1696 4365 sua
1724 4316 2001 4368 testatum
2027 4313 2278 4385 reliquit.

631 4395 781 4461 Quin
828 4398 1173 4469 Pamphilus
1206 4403 1451 4471 martyr,
1488 4403 1543 4453 et
1590 4398 1683 4454 alii
1726 4416 1861 4455 cum
1903 4416 1974 4457 eo
2018 4402 2277 4473 plurimi,

2404 3246 2650 3299 Εὐσεϐίου
2679 3248 2725 3281 ⁵⁴
2758 3245 3160 3311 ίξεπονήθησαν,
3208 3248 3232 3298 ὁ
3266 3242 3323 3299 δὲ
3362 3247 3532 3309 ἕκτος,
3581 3245 3689 3298 ἐπεὶ
3734 3246 3758 3295 ὁ
3798 3245 3966 3314 μάρτυς

2401 3336 2532 3407 ξίφει
2588 3338 2634 3371 ⁵⁵
2683 3345 2773 3388 τοῦ
2833 3341 2925 3409 ζῇν
2980 3338 3241 3408 ἀπαχθεὶς
3297 3334 3508 3388 ἀνέλυσε
3560 3339 3685 3409 πρὸς
3732 3334 3780 3385 ὃν
3822 3331 3963 3382 ἐπόθει

2400 3428 2546 3491 Θεὸν,
2606 3424 2834 3497 Εὐσεϐίῳ
2891 3426 3067 3478 λοιπὸν
3122 3424 3489 3498 ἀπαρτίζεται.
3560 3425 3683 3496 [297
3736 3420 3829 3490 Ρι.]
3880 3420 3962 3471 Καὶ

2398 3514 2543 3566 ἄλλοι
2601 3511 2658 3567 δὲ
2706 3515 2936 3567 πλεῖστοι
2986 3516 3100 3567 κατ’
3150 3514 3307 3567 ἐκεῖνο
3358 3522 3551 3587 καιροῦ
3587 3518 3675 3565 καὶ
3720 3508 3963 3577 ἀξιολογώ-

2397 3621 2545 3655 τατοι
2602 3602 2879 3674 ἀπολογίας
2935 3604 3059 3677 ὑπὲρ
3120 3604 3276 3655 αὐτοῦ
3334 3603 3697 3666 συνετάξαντο.
3748 3601 3869 3652 Φασὶ
3915 3590 3961 3644 δὲ

2398 3694 2483 3741 τὸν
2539 3690 2805 3763 Ὠριγένην
2850 3691 2896 3743 ἐν
2940 3701 3049 3754 τοῖς
3088 3694 3225 3744 κατὰ
3255 3690 3472 3763 Σεϐῆρον
3507 3688 3762 3762 διωγμοῖς
3787 3682 3961 3760 γράψαι

2398 3776 2637 3851 Λεωνίδῃ
2670 3788 2741 3850 τῷ
2774 3782 2820 3815 ⁵⁸
2850 3787 3010 3853 πατρὶ
3052 3780 3385 3853 ἑπαλείφοντα
3428 3783 3566 3845 πρὸς
3610 3782 3694 3831 τὸν
3736 3782 3815 3830 τοῦ
3850 3788 3961 3844 pap-

2397 3874 2579 3940 τυρίον
2614 3865 2827 3943 δρόμον,
2861 3869 2915 3921 ὃν
2963 3876 3051 3922 καὶ
3098 3869 3269 3931 καλῶς
3316 3865 3578 3941 δραμόντι
3617 3876 3712 3920 τῶν
3741 3861 3959 3937 βραϐείων

2396 3966 2576 4029 τυχεῖν
2608 3957 2877 4029 ἐξεγένετο,
2911 3964 3000 4011 καὶ
3044 3958 3195 4011 αὐτὸν
3236 3955 3295 4011 δε
3340 3954 3722 4011 ἀποδύσασθαι
3752 3946 3956 4006 σπεύδειν

2394 4052 2523 4118 πρὸς
2577 4052 2633 4099 τὸ
2689 4057 2788 4100 τῶν
2847 4046 3224 4120 ἀγωνισμάτων
3271 4043 3515 4111 στάδιον,
3558 4052 3653 4105 τήν
3697 4041 3751 4097 δε
3792 4044 3956 4113 μητέρα

2392 4156 2484 4188 καε
2523 4138 2717 4189 ἄκοντα
2756 4134 3047 4196 δυνηθῆναι
3076 4144 3167 4197 τῆς
3210 4137 3376 4208 ὁρμῆς
3404 4136 3654 4207 ὶπισχεῖν
3681 4148 3694 4163 °
3724 4136 3806 4184 xui
3831 4135 3954 4181 τοῦτο

2392 4232 2483 4278 xui
2531 4230 2687 4286 αὐτὸς
2721 4229 2768 4278 ἓν
2818 4225 3062 4298 ἐπιστολῇ
3111 4226 3278 4298 οἰκείᾳ
3316 4224 3737 4297 ἕπισημαίνεται.
3768 4223 3885 4275 Φασὶ
3910 4211 3955 4267 δὲ

2395 4316 2545 4367 αὐτὸν
2576 4318 2601 4367 ὃ
2631 4334 2683 4367 τε
2730 4315 2996 4387 Πάμφιλος
3027 4318 3229 4388 μάρτυς
3271 4319 3360 4367 καὶ
3402 4315 3571 4389 ἕτεροι
3615 4313 3855 4374 πλεῖστοι,
3892 4306 3955 4357 οἳ·

2394 4423 2520 4465 τινες
2569 4404 2655 4457 ἀπ’
2704 4405 2870 4457 αὐτῶν
2938 4414 3036 4456 τῶν
3084 4404 3382 4479 ἑωρακότων
3436 4403 3711 4477 Ὠριγένην
3758 4401 3817 4453 τὰ
3861 4396 3957 4467 περὶ

626 4500 720 4541 res
752 4486 1018 4555 Origenis
1048 4504 1118 4542 ex
1150 4486 1264 4542 illis
1305 4488 1466 4558 ipsis,
1499 4487 1603 4559 qui
1651 4488 1958 4545 hominem
1987 4492 2278 4563 viderant,

2401 4502 2483 4546 τοῦ
2542 4492 2728 4569 ἀνδρὸς
2808 4493 3191 4566 ἠκριϐώσαντο,
3253 4490 3521 4565 διαϐοήτῳ
3575 4495 3832 4567 μαρτυρίῳ
3881 4490 3955 4535 τοῦ

626 4574 962 4631 accuratius
994 4576 1363 4646 perscrutati,
1397 4581 1661 4642 narrant,
1696 4592 1833 4632 eum
1875 4578 2089 4635 celebri
2124 4598 2282 4637 mar-

627 4664 779 4736 tyrio
838 4669 965 4719 tum
1009 4664 1130 4720 vita
1178 4663 1523 4734 decessisse,
1572 4681 1707 4720 cum
1759 4667 2037 4723 Caesareae
2076 4670 2279 4727 Decius

624 4768 799 4808 suam
832 4753 891 4808 in
924 4752 1284 4810 Christianos
1316 4752 1722 4810 crudelitatem
1755 4754 2085 4813 effunderet
2114 4760 2275 4831 (85').

624 4840 732 4896 Alii
766 4846 963 4897 tamen
990 4842 1195 4899 volunt
1217 4841 1295 4899 ad
1328 4842 1471 4899 Galli
1498 4858 1567 4899 ac
1594 4843 1888 4901 Volusiani
1920 4861 2113 4919 usque
2138 4855 2279 4907 tem-

623 4945 773 5004 pora
814 4930 1196 5003 perdurasse,
1231 4936 1286 4989 et
1325 4932 1769 5002 sexagesimum
1813 4949 2042 4993 nonum
2090 4941 2278 4997 aetatis

2394 4581 2515 4654 βίου
2543 4582 2891 4645 ἐξεληλυθέναι
2941 4582 3017 4636 ἔπ’
3070 4582 3229 4644 αὐτῆς
3283 4590 3377 4643 τῆς
3437 4585 3755 4655 Καισαρείας
3806 4577 3955 4630 Δεκίου

2391 4677 2485 4731 τὴν
2530 4676 2665 4725 κατὰ
2707 4682 2805 4725 τών
2843 4681 3171 4745 Χριστιανῶν
3221 4673 3469 4744 ὠμότητα
3513 4678 3763 4730 πνέοντος.
3807 4667 3865 4718 Οἱ
3908 4657 3955 4712 δέ

2392 4782 2546 4834 φασιν
2586 4763 2740 4815 αὐτὸν
2772 4763 2863 4824 ἕως
2895 4762 3089 4814 Γάλλου
3138 4768 3226 4815 καὶ
3259 4761 3608 4815 Βολουσιανοῡ
3642 4757 3959 4832 διαρκέσαντα

2388 4858 2475 4904 xui
2516 4852 2792 4915 ἑξηκοστὸν
2836 4855 3010 4906 ἔνατον
3054 4854 3166 4914 ἔτος
3211 4854 3254 4887 ⁵⁷
3302 4860 3393 4912 τῆς
3426 4850 3639 4910 ἡλικίας
3678 4850 3876 4919 ἄγοντα,
3919 4838 3957 4889 ἓν

2387 4945 2537 5015 Τύρῳ
2586 4947 2674 4995 καὶ
2717 4942 3021 5001 τελευτῆσαι
3065 4947 3154 4995 καὶ
3200 4949 3334 5015 ταφῂ
3380 4936 3769 5014 παραδοθῆναι.
3824 4936 3956 4984 Ἐστι

1958 5080 2200 5139 νΑΒιΕ
2240 5084 2635 5142 LECTIONES.

1640 5206 1685 5239 ⁸³
1718 5204 1765 5257 ἓν
1795 5206 1937 5263 add.
1970 5209 2034 5262 A.

690 5200 734 5237 δί
764 5201 1018 5272 εὔχεσθαι
1052 5222 1106 5267 ς’.

1185 5202 1232 5238 ⁸³
1262 5210 1432 5275 μαγία
1457 5225 1515 5269 ς’.

621 5272 668 5306 5"
695 5274 802 5333 ἔτος
832 5289 953 5329 om.
981 5274 1046 5327 A.

2142 5210 2189 5245 ⁸⁸
2224 5228 2392 5283 συμπ.
2426 5214 2516 5264 καὶ
2547 5210 2732 5265 Εὑσεϐ.
2766 5232 2822 5276 ς’,

2900 5212 2947 5248 ⁵⁵
2977 5212 3110 5285 ξίφει
3138 5225 3261 5268 om.
3292 5224 3383 5282 pr.
3415 5210 3480 5264 Α.
3565 5211 3613 5247 ⁵⁸
3644 5217 3717 5280 τῷ
3739 5200 3869 5263 add.
3892 5204 3948 5251 Α.

2186 5404 2411 5463 ΝΟΤᾸΕ.

690 5518 807 5589 (83)
833 5520 1151 5595 Communi
1201 5536 1383 5595 opera
1412 5521 1825 5595 elucubratam
1870 5524 2028 5580 hanc
2058 5526 2272 5595 Apolo-

616 5590 775 5667 gqu
800 5593 1011 5667 asserit
1032 5592 1157 5663 ipse
1182 5590 1392 5667 Euseb.
1411 5593 1509 5667 lib.
1537 5611 1585 5667 vi
1610 5596 1836 5653 Eccles.
1857 5599 2010 5651 Hist.
2033 5590 2165 5667 cap.
2183 5602 2268 5654 20.

617 5662 759 5718 Vide
790 5663 953 5718 card.
983 5662 1194 5720 Baron.
1220 5665 1447 5721 Annal.
1476 5670 1512 5720 t.
1547 5666 1612 5731 ll,
1644 5668 1718 5722 ad
1752 5684 1893 5723 ann.
1922 5668 2052 5725 Chr.
2078 5662 2198 5725 2'56.

2477 5529 2565 5602 84)
2586 5529 2787 5602 Capite
2800 5534 3122 5595 truncatus,
3137 5528 3385 5587 utrefert
3399 5527 3616 5586 Euseb.
3632 5527 3732 5585 lib.
3752 5541 3827 5591 vi,
3846 5536 3893 5580 c.
3912 5524 3952 5575 t.

2480 5601 2570 5660 85)
2606 5601 2748 5659 Ibid.
2781 5603 2997 5659 Euseb.
3031 5619 3164 5673 cap.
3192 5606 3244 5658 3.

2480 5674 2594 5745 85‘)
2626 5676 2684 5730 S.
2715 5677 2950 5732 Hieron.
2986 5679 3063 5732 De
3097 5672 3313 5747 Script.
3351 5678 3564 5730 eccles.
3598 5686 3730 5744 cap.
3760 5672 3839 5725 54.
