4136 6216
177 297 269 358 397
1316 297 1804 358 BIBLIOTHECA.
1845 331 1915 345 —
1953 301 2120 358 COD.
2157 298 2399 358 CXVIII.

3439 301 3542 362 398

181 421 435 498 ὢμᾶλλον
462 427 611 487 οὗτος
658 428 686 478 ό
719 426 868 498 λόγος
926 425 1142 492 ἀληθὴς,
1194 429 1238 479 εἲ
1281 445 1341 497 γε
1391 429 1446 479 αἱ
1501 433 1774 501 φερόμεναι

1892 443 2113 485 annum
2141 433 2416 499 agentem
2439 427 2570 501 Tyri
2598 429 2921 492 mortuum,
2951 426 3009 481 in
3036 425 3369 501 eademque
3393 429 3540 486 urbe

178 517 322 570 αὑτοῦ
345 520 480 588 μετὰ
500 520 587 568 τόν
609 522 790 570 Δεκίου
822 512 857 569 δ
863 519 1053 588 ιωγμόν
1075 518 1122 551 ⁵⁸
1162 515 1427 568 ἐπιστολαὶ
1457 516 1550 568 οὐκ
1582 519 1774 588 ἔχουσι

174 611 223 659 τὸ
274 607 527 660 πλαστόν.
591 608 792 668 Παντὸς
823 602 884 659 δε
929 607 1240 678 μαθήματος
1288 602 1429 657 ἰδέαν
1489 611 1645 677 φασὶν
1676 606 1776 658 αὗ-

178 701 252 748 τόν
282 698 326 730 ⁵³
358 700 451 747 καὶ
509 693 769 767 μετελθεῖν
795 697 842 730 ⁶⁰
871 700 963 747 καὶ
1011 691 1308 748 διδάσκειν.
1370 701 1560 747 Τοῦτον
1604 700 1773 747 τοίνυν

176 789 250 837 τόν
311 785 605 857 Ὠριγένην,
687 784 741 835 ὃν
795 789 885 836 καὶ
957 780 1308 856 ’Λδαμάντιον
1360 782 1774 856 ὶπονομάζεσθαί

177 894 342 945 φασιν,
390 875 473 926 ὅτι
528 870 906 946 ἀδαμαντίνοις
945 869 1158 944 δεσμοῖς
1214 871 1439 944 ἐῴκεσαν
1475 871 1561 934 οὓς
1593 871 1652 922 ἂν
1685 867 1775 930 δή·

181 982 275 1015 σειε
297 963 505 1034 λόγους,
535 961 817 1036 ἀκροατὴν,
851 967 941 1014 καὶ
972 958 1234 1034 διάδοχον
1264 961 1478 1033 λέγουσι
1535 962 1775 1031 γενέσθαι

181 1052 461 1123 Κλήμεντος
512 1059 602 1104 τοῦ
639 1055 978 1125 Στρωματέως
1029 1056 1118 1104 καὶ
1184 1059 1276 1104 τοῦ
1330 1054 1464 1103 κατά
1513 1049 1643 1123 [160
1683 1047 1771 1122 Η].

172 1146 258 1199 τήν
342 1137 743 1214 Ἀλεξάνδρειαν
819 1139 1258 1198 ἐκκλησιαστικοῠ
1349 1136 1726 1192 διδασκαλείου
1758 1153 1771 1166 ⁸

171 1231 440 1302 Κλήμεντα
471 1226 534 1282 δὲ
590 1235 878 1282 Πανταίνου
925 1231 1162 1302 γενέσθαι
1199 1230 1412 1301 λέγουσι
1470 1233 1558 1280 καὶ
1589 1227 1776 1302 ἀκροα-

164 1325 250 1377 τήν
275 1324 369 1371 καὶ
437 1326 535 1370 τοῦ
576 1315 954 1372 διδασκαλείου
1037 1316 1322 1391 διάδοχον,
1376 1321 1657 1371 Πάνταινον
1716 1312 1776 1367 δὲ

163 1418 256 1460 τῶν
282 1427 338 1460 τε
363 1411 490 1469 τοὺς
545 1406 869 1468 ἀποστόλους
917 1407 1212 1482 ἑωρακότων
1264 1406 1652 1481 ἀκροάσασθαι,
1713 1403 1773 1456 οὗ

163 1503 258 1569 μὴν
281 1496 418 1549 ἀλλά
447 1502 542 1549 καί
565 1516 715 1548 τινων
745 1497 914 1549 αὐτῶν
935 1495 1132 1549 ἐκείνων
1159 1493 1466 1550 διακοῦσαι.

1886 517 2206 590 sepultum.
2266 519 2408 584 Qua
2462 517 2710 590 quidem
2768 517 2961 572 verior
3015 516 3278 572 narratio
3330 521 3457 578 est:
3492 519 3540 576 si

1883 605 2066 662 modo
2089 621 2390 677 germana
2423 612 2582 672 sunt,
2610 621 2746 679 qua
2774 604 3064 672 feruntur,
3092 605 3360 677 epistola
3382 607 3540 664 illius

1886 701 2021 766 post
2036 695 2190 752 Decii
2213 697 2684 768 persecutionem
2706 694 3078 766 conscripta.
3104 695 3324 750 Omnes
3342 700 3544 753 autem

1883 784 2133 841 omnino
2164 785 2511 857 disciplinas
2541 785 2740 857 ipsum
2771 789 2827 840 et
2857 783 3195 856 percepisse
3226 788 3282 840 et
3309 783 3544 842 docuis-

1886 889 1950 929 se
2015 873 2230 930 ferunt.
2298 877 2461 930 Hunc
2516 874 2658 930 item
2723 874 3036 944 Origenem
3095 874 3300 946 (quem
3363 875 3544 932 etiam

1883 962 2310 1018 Adamantium
2349 963 2842 1034 cognominatum
2873 977 2946 1018 ex
2975 977 3046 1018 eo
3081 962 3344 1027 tradunt,
3375 963 3542 1036 quod

1888 1051 2000 1123 (86)
2031 1052 2312 1120 rationes,
2346 1068 2500 1124 quas
2525 1051 2850 1122 colligaret,
2873 1050 3276 1107 adamantinis
3297 1052 3543 1124 quibus.

1886 1139 2026 1208 dam
2055 1141 2224 1212 quasi
2248 1140 2499 1197 vinculis
2527 1156 2649 1196 non
2670 1139 2972 1195 absimiles
2993 1139 3356 1212 viderentur)
3377 1140 3546 1197 audi-

1886 1233 2076 1286 torem
2105 1229 2290 1286 fuisse
2321 1229 2634 1286 Clementis
2665 1230 2794 1300 ejus
2821 1229 2922 1301 qui
2952 1229 3318 1286 Stromateus
3346 1230 3542 1287 dictus

1886 1323 1995 1385 est,
2019 1319 2412 1392 ejusdemque
2438 1319 2498 1375 in
2525 1318 2886 1375 catechetica
2911 1317 3114 1374 schola
3133 1335 3269 1390 qua
3294 1319 3546 1376 Alexan-

1883 1406 2027 1464 dria
2051 1415 2197 1474 erat,
2225 1424 2657 1465 successorem.
2688 1407 3051 1464 Clementem
3077 1423 3255 1480 porro
3283 1410 3547 1465 Pantant

1882 1495 2066 1554 fuisse
2133 1499 2491 1571 discipulum
2568 1498 2910 1570 scholaque
2976 1513 3437 1555 successorem:
3491 1497 3545 1555 ei

165 1589 528 1644 Pantanum
559 1603 797 1642 rursum
838 1586 908 1642 iis
939 1603 1112 1643 usum
1146 1587 1466 1658 magistris,
1498 1585 1598 1659 qui
1649 1583 1953 1656 apostolos
2011 1587 2330 1645 vidissent:
2360 1587 2509 1660 quin
2539 1592 2596 1644 et
2623 1587 2860 1643 illorum
2900 1586 3222 1644 nonnullos
3258 1587 3544 1644 audiisse.

226 1681 335 1738 Τὰς
362 1673 426 1729 δι
485 1679 626 1728 κατὰ
682 1676 976 1748 Ὠριγένους
1025 1682 1252 1737 κινήσεις
1297 1675 1482 1729 ἐκεῖθεν
1542 1675 1776 1747 λέγουσιν

1961 1678 2249 1733 Caterum
2296 1677 2436 1734 hinc
2486 1676 2545 1732 in
2591 1679 2906 1748 Origenem
2945 1676 3264 1733 excitatam
3301 1692 3547 1734 omnem

166 1768 436 1843 ἐκρυῆναι·
549 1771 846 1839 Δημήτριος
905 1763 1296 1840 Ἀλεξανδρείας
1351 1763 1646 1829 ἐπεσκόπει,
1725 1763 1775 1822 ὃς

169 1859 438 1928 Ὠριγένην
491 1851 568 1908 δι’
627 1854 844 1907 ἐπαίνων
897 1851 1010 1927 εἶχε
1087 1860 1177 1907 καὶ
1234 1853 1279 1916 ἐς
1332 1859 1447 1916 τοὺς
1505 1853 1777 1928 φιλτάτους

168 1949 497 1998 συνέταττεν.
553 1943 687 1997 Ἀλλ⁹
741 1947 1015 2018 Ὠριγένης
1065 1944 1257 2018 με’λλων
1331 1946 1374 1980 ⁶¹
1426 1943 1663 2017 ἀπαίρειν
1708 1942 1780 2004 εἰς

169 2036 414 2098 Ἀθήνας,
470 2039 647 2106 χωρὶς
699 2043 788 2095 τῆς
831 2041 924 2086 τοῦ
973 2034 1162 2087 οἰκείου
1211 2039 1423 2105 γνώμης
1466 2036 1774 2098 ἐπισκόπου,

168 2123 235 2185 εἰς
261 2121 621 2197 πρεσϐύτερον
651 2121 709 2174 οὗ
779 2118 895 2174 δεον
953 2125 999 2157 ⁸³
1060 2121 1449 2183 ἀναϐιϐάζεται.
1505 2129 1780 2183 Θεότεκνος

167 2211 216 2265 δ’
249 2209 308 2284 ᾖν
337 2214 366 2265 6
401 2213 545 2263 κατὰ
577 2214 894 2285 Καισάρειαν
922 2216 1016 2270 τὴν
1070 2210 1118 2264 ἐν
1160 2213 1479 2285 Παλαιστίνῃ
1535 2217 1621 2265 τόν
1645 2212 1780 2288 ἀρχ-

168 2306 427 2374 ιερατικὸν
486 2300 744 2372 χειρίζων
792 2307 946 2372 νόριον
1006 2301 1031 2351 6
1089 2309 1180 2363 τῆς
1215 2303 1513 2375 Ὠριγένους
1564 2303 1780 2376 αὐτουρ-

163 2394 258 2456 γός
308 2394 673 2462 χειροτονίας,
732 2392 869 2461 ἔχων
917 2387 1331 2443 συνευδοκοῦντα
1371 2395 1459 2443 καὶ
1518 2391 1781 2464 τόνῚερο-

169 2480 414 2550 σολύμων
465 2475 828 2553 Ἀλέξανδρον.
888 2485 1138 2551 Τρέπεται
1171 2476 1263 2532 διὰ
1310 2487 1462 2532 τοῦτο
1504 2486 1780 2554 Δημητρίῳ

165 2569 232 2628 εἰς
251 2576 414 2640 μῖσος
440 2571 500 2618 τό
535 2567 740 2639 φίλτρον
778 2571 868 2620 καὶ
915 2569 964 2620 οἱ
1011 2571 1209 2621 ἔπαινοι
1257 2572 1381 2644 πρός
1411 2573 1532 2631 τοὺς
1559 2569 1776 2642 ψόγους,

167 2663 258 2708 καὶ
303 2653 536 2718 σύνοδος
589 2655 888 2730 ἀθροίζεται
921 2661 1054 2709 κατά
1092 2659 1385 2732 Ὠριγένους
1417 2661 1464 2695 ⁸³
1485 2659 1781 2712 ἐπισκόπων

165 2751 258 2797 καί
288 2765 444 2798 τινων
496 2743 883 2820 πρεσϐυτέρων.
920 2745 977 2799 Ἠ
1021 2743 1094 2809 δὲ,
1157 2750 1222 2808 ὡς
1263 2749 1288 2799 ὁ
1333 2749 1597 2821 Πάμφιλός
1629 2770 1778 2822 φησι,

163 2837 467 2907 ψηφίζεται
544 2845 868 2906 μεταστῆναι
913 2839 1004 2908 μὲν
1059 2835 1158 2889 ἀπὸ
1236 2835 1622 2913 Ἀλεξανδρείας
1697 2844 1782 2892 τόν

167 2925 470 2997 ’.(ὶριγένην,
530 2930 616 2976 καὶ
671 2929 801 2996 μήτε
858 2921 1144 2998 διατρίϐειν
1191 2926 1240 2978 ἐν
1288 2927 1417 2999 αὐτῇ
1446 2933 1578 2999 μήτε
1627 2925 1782 2980 διδά-

1889 1768 2299 1838 tempestatem
2313 1771 2809 1823 commemorant.
2837 1766 3160 1821 Demetrius
3173 1765 3548 1822 Alexandria

1890 1855 2107 1926 prasul
2137 1856 2450 1925 Origenem
2483 1854 2739 1911 multum
2767 1854 3044 1925 laudans,
3079 1854 3139 1910 in
3171 1854 3381 1926 paucis
3411 1854 3549 1913 cha-

1888 1944 2196 2000 rissimum
2237 1944 2519 2000 habebat.
2562 1948 2629 2000 At
2661 1959 2799 1999 cum
2836 1944 2930 1999 hic
2963 1943 3194 2016 absque
3233 1945 3396 2000 bona
3430 1945 3551 2017 epi-

1889 2033 2054 2105 scopi
2087 2035 2260 2089 venia
2287 2033 2546 2089 Athenas
2575 2031 2946 2106 profecturus
2977 2035 3149 2098 esset,
3181 2031 3552 2089 Theotecnus

1889 2123 2000 2193 (87)
2043 2122 2325 2179 Casarea
2376 2123 2702 2178 Palastina
2751 2127 2876 2178 tum
2923 2122 3432 2194 archiepiscopus,
3467 2137 3553 2178 se-

1891 2229 1996 2269 cus
2030 2228 2167 2268 eum
2208 2216 2742 2295 quam.oporteret,
2783 2211 3200 2283 presbyterum
3234 2211 3548 2278 ordinavit,

1891 2318 2012 2358 non
2042 2301 2422 2375 improbante
2451 2301 2674 2358 factum
2707 2301 2820 2357 hoc
2852 2300 3188 2357 Alexandro
3221 2300 3551 2373 Hierosoly-

1890 2408 2127 2448 morum
2175 2391 2478 2464 episcopo.
2530 2391 2690 2463 93a
2743 2390 2888 2446 Hinc
2932 2390 3227 2446 Demetrio
3274 2405 3446 2446 amor
3491 2390 3552 2446 in

1891 2481 2097 2538 odium
2147 2482 2330 2547 vertit,
2383 2480 2713 2552 laudesque
2759 2495 2898 2535 mox
2936 2495 3074 2534 cum
3120 2478 3552 2551 vituperatione

1891 2575 2293 2627 commutata.
2326 2569 2603 2641 Synodus
2629 2568 2876 2640 insuper
2897 2569 3317 2640 episcoporum
3345 2572 3553 2625 coacta

1891 2664 1948 2715 et
1989 2658 2478 2731 presbyterorum
2509 2655 2914 2728 quorumdam
2949 2661 3155 2712 contra
3185 2655 3500 2726 Origenem
3533 2670 3546 2709 :

1891 2764 2048 2821 qua,
2084 2753 2147 2804 ut
2179 2746 2520 2819 Pamphilus
2561 2743 2750 2811 refert,
2795 2743 3100 2799 decretum
3131 2743 3266 2799 fecit
3303 2744 3552 2800 Alexan-

1892 2838 2022 2894 dria
2069 2837 2312 2910 quidem
2359 2834 2704 2908 pellendum
2759 2833 3098 2903 Origenem,
3151 2847 3347 2904 neque
3385 2832 3444 2889 in
3479 2848 3553 2890 ea

1892 2927 2115 2984 versari
2155 2932 2258 2982 aut
2301 2925 2514 2980 docere
2557 2921 3023 2996 permittendum
3060 2937 3072 2987 ;
3115 2921 3427 2978 sacerdotii
3469 2926 3553 2979 ta-

167 3032 336 3076 πειν,
387 3021 486 3074 τῆς
540 3017 717 3082 μέντοι
770 3021 860 3065 τοῦ
924 3013 1298 3089 πρεσϐυτερίου
1341 3025 1494 3088 τιμῆς
1540 3013 1782 3090 οὐδαμῶς

1892 3033 2030 3074 men
2061 3016 2346 3086 dignitate
2377 3028 2761 3085 nequaquam
2805 3010 3305 3068 submovendum.
3340 3012 3550 3067 Verum

167 3102 613 3160 ἀποκεκινῆσοαι.
641 3102 776 3157 Ἀλλ’
830 3104 857 3155 ὅ
907 3122 964 3174 γε
1030 3109 1326 3178 Δημήτριος
1368 3105 1478 3178 οἶμα
1504 3111 1641 3159 τισὶν
1676 3106 1788 3159 ἐπι-

166 3198 394 3252 σκόποις
446 3192 756 3263 Αἰγυπτίοις
804 3197 894 3244 καὶ
959 3200 1052 3255 τῆς
1135 3196 1419 3268 ἱερωσύνης
1475 3195 1784 3269 ἀπεκήρυξε,

170 3280 698 3353 συννπογραψάντων
755 3285 845 3335 καὶ
900 3289 961 3355 τῇ
1031 3282 1319 3355 ἀποφάσειν
1371 3294 1466 3338 τῶν
1493 3285 1788 3358 συμψήφων

165 3370 316 3439 αὐτῷ
367 3373 740 3442 γεγενημένων.
808 3367 1203 3442 ⁴ιινγοιδευθέντα
1282 3371 1340 3426 δε
1419 3383 1512 3438 τῆς
1558 3376 1790 3439 Ἀλεξαν-

168 3457 357 3533 δρείας
417 3462 504 3510 τόν
566 3459 834 3533 Ὠριγένην
888 3461 934 3496 ⁵⁸
1007 3466 1277 3522 Θεότεανος
1325 3464 1350 3515 ὀ
1437 3464 1790 3527 Παλαιστίνης

171 3548 414 3619 ἀσμένως
443 3566 495 3600 τε
537 3544 736 3619 diri-[mo
767 3547 815 3599 ἐν
877 3555 1163 3623 Καισαρείᾳ
1209 3547 1514 3618 ὑπεδέξατο,
1570 3558 1660 3606 καὶ
1699 3561 1789 3606 τοῦ

171 3633 463 3690 διδάσκειν
512 3643 688 3689 πᾶσαν
736 3637 978 3700 ἐξουσίαν
1040 3637 1344 3715 ἐνεχείρισε.
1415 3646 1511 3696 Καὶ
1559 3645 1652 3706 τὰς
1701 3647 1791 3714 μὲν

169 3726 373 3791 αἰτίας,
434 3725 490 3789 ἐξ
544 3726 611 3776 ὧν
686 3725 873 3786 συνέϐη
933 3729 1022 3788 τὰς
1103 3725 1354 3792 διαϐολὰς
1396 3729 1677 3806 ἐκραγῆναι
1722 3743 1792 3805 τῷ

169 3816 461 3888 Ὠρεγένει,
491 3818 688 3876 ταύτας
718 3820 898 3887 φησίν.

246 3909 356 3964 τήν
386 3901 448 3956 δε
495 3905 623 3978 ὑπερ
673 3905 965 3977 Ὠριγένους
1022 3905 1322 3979 ἀπολογίαν,
1402 3913 1468 3973 ὡς
1527 3915 1734 3985 ἔφημεν,
1767 3915 1792 3966 6

173 3994 455 4066 Πάμφιλος
510 3997 606 4045 σὺν
679 3993 906 4067 Εὐσεϐίῳ
971 3997 1340 4070 καθειργμένος
1406 4009 1478 4071 τῷ
1545 4002 1794 4076 οἰκήματι

173 4083 575 4155 συνεγράψατο,
623 4088 714 4135 καὶ
757 4086 948 4143 ταύτην
997 4089 1126 4160 πρὸς
1169 4091 1290 4149 τοὺς
1320 4091 1370 4141 ἐν
1408 4091 1671 4162 μετάλλοις
1703 4089 1796 4145 διὰ

173 4175 419 4244 χριστὸν
469 4170 990 4247 ταλαιπωρουμένους
1043 4175 1168 4246 [300
1231 4177 1322 4246 R.]
1373 4175 1700 4252 διεπέμψατο
1727 4184 1794 4233 ὡν

175 4258 238 4316 ἦν
266 4267 328 4313 τό
401 4259 699 4333 ἀκροθίνιον
759 4265 1160 4335 Πατερμούθιος,
1211 4267 1236 4317 ό
1279 4270 1410 4338 μετὰ
1463 4267 1648 4342 βραχὺ
1700 4281 1796 4334 τῆς

1891 3106 2221 3164 Demetrius
2253 3119 2372 3160 una
2403 3118 2538 3158 cum
2571 3101 2826 3174 Egyptii
2859 3099 3158 3174 episcopis
3185 3100 3430 3172 aliquot,
3463 3115 3554 3157 sa-

1891 3195 2154 3254 cerdotio
2192 3208 2434 3266 quoque
2465 3191 2630 3248 illum
2669 3189 2994 3262 abjudicat,
3038 3187 3553 3245 subscribentibus

1891 3286 2073 3342 etiam
2123 3284 2316 3340 edicto
2368 3282 2528 3349 huic,
2569 3284 2867 3354 quotquot
2913 3283 3092 3335 antea
3141 3276 3452 3348 suﬂragati
3502 3278 3552 3333 ei

1893 3375 2163 3432 fuissent.
2194 3373 2278 3428 Ita
2306 3371 2482 3440 igitur
2515 3368 2876 3425 Alexandria
2903 3367 2963 3422 in
2993 3365 3263 3423 exsilium
3312 3366 3554 3440 pulsum

1893 3464 2227 3533 Origenem,
2259 3461 2627 3516 Theotecnus
2661 3457 2988 3514 Palastina
3020 3456 3345 3528 episcopus
3375 3455 3556 3512 liben-

1893 3557 1980 3609 ter
2023 3553 2302 3608 Casarea
2329 3553 2384 3605 et
2407 3549 2624 3619 degere
2649 3545 2847 3618 jussit,
2879 3551 2936 3602 et
2965 3545 3040 3601 de
3081 3547 3384 3617 superiore
3421 3545 3553 3602 loco

1893 3641 2148 3700 docendi
2182 3643 2532 3713 potestatem
2565 3637 2717 3692 fecit.
2751 3637 2858 3691 Has
2889 3634 2983 3691 ille
3013 3649 3231 3690 causas
3259 3632 3448 3698 affert,
3480 3648 3554 3689 ex

1893 3731 2114 3806 quibus
2159 3743 2371 3786 omnes
2409 3726 2525 3782 illa
2561 3724 2879 3781 calumnia
2909 3723 2968 3778 in
2996 3722 3311 3794 Origenem
3340 3737 3556 3794 erupe-

1893 3823 2027 3880 rint.

1968 3912 2107 3982 Ejus
2145 3922 2326 3982 porro
2370 3902 2747 3977 Apologiam.
2781 3905 2846 3956 ut
2887 3899 3173 3965 diximus,
3207 3897 3552 3971 Pamphilus

1897 4018 2018 4058 una
2048 4015 2186 4056 cum
2219 3994 2491 4060 Eusebio,
2523 3989 2832 4048 communi
2871 4004 3105 4044 carcere
3144 3987 3379 4055 inclusi,
3411 4002 3557 4044 con-

1898 4090 2281 4162 scripserunt,
2314 4083 2645 4153 eademque
2678 4080 2755 4136 ad
2785 4094 2909 4146 eos,
2940 4077 3044 4150 qui
3077 4093 3186 4150 pro
3215 4076 3422 4133 Christi
3453 4091 3555 4134 no-

1899 4180 2059 4237 mine
2089 4180 2168 4234 ad
2210 4172 2447 4230 metalla
2488 4168 2760 4226 damnati
2803 4166 3253 4231 exercebantur.
3287 4164 3556 4223 consola-

1900 4270 2042 4327 tioni
2092 4267 2402 4328 miserunt,
2450 4275 2708 4333 quorum
2757 4257 3036 4331 princeps
3088 4259 3212 4312 erat
3257 4257 3558 4311 Patermu-

177 4350 459 4422 Παμφίλου
514 4348 811 4411 ἀναλύσεως
867 4347 962 4403 διὰ
1007 4356 1170 4425 πυρός
1222 4361 1314 4408 καὶ
1363 4356 1514 4418 αὐτὸς
1567 4363 1653 4410 οὐν
1687 4360 1782 4414 ἐτέ-

1901 4359 2059 4416 thius
2089 4357 2219 4429 (88),
2252 4353 2355 4426 qui
2387 4354 2524 4424 post
2567 4346 2860 4420 Pamphili
2891 4361 2997 4419 per
3030 4345 3382 4418 martyrium
3414 4344 3559 4402 emi.

173 4458 286 4506 ροις
315 4443 408 4490 τόν
450 4436 572 4511 βίαν
593 4437 896 4502 τελειωθείς.
941 4440 1038 4496 Ἢν
1083 4439 1141 4496 δε
1194 4446 1463 4518 Παμφίλου
1526 4443 1794 4505 διδάσκα-

175 4526 310 4586 ὶοςό
345 4533 579 4600 Πάριος,
637 4535 727 4579 τοῦ
776 4527 824 4580 ἐν
878 4529 1249 4606 Ἀλεξανδρείᾳ
1324 4540 1411 4589 καὶ
1456 4536 1612 4599 αὑτός
1669 4561 1791 4615 προ-

181 4623 422 4678 εττιιὼς
463 4613 847 4703 διδασκαλείου
899 4635 913 4648 ⁸
939 4621 1134 4692 μάρτυς
1167 4619 1226 4675 δε
1258 4629 1345 4676 καὶ
1375 4627 1400 4677 6
1453 4631 1658 4700 Πιέριος
1683 4613 1792 4703 άμα

179 4714 255 4775 τῷ
329 4703 545 4778 ἀδελφῷ
621 4702 875 4782 Ἰσιδώρῳ
922 4716 1020 4759 τῶν
1109 4709 1400 4770 ἀθλητικῶν
1499 4702 1792 4781 ἀξιωθέντες

185 4797 472 4866 στεφάνων,
533 4795 623 4860 οἷς,
675 4797 742 4856 ὦς
808 4814 957 4868 φασι,
1030 4803 1117 4851 καὶ
1190 4806 1311 4865 νεὼς
1373 4808 1463 4858 καὶ
1507 4802 1640 4859 οἶκοι
1692 4809 1791 4862 ὑπό

1901 4449 2257 4522 grationem,
2288 4441 2450 4499 brevi
2496 4439 2803 4510 interjecto
2851 4442 3136 4508 tempore,
3190 4434 3453 4492 ﬂammis
3505 4439 3562 4492 et

1900 4540 2028 4611 ipse
2057 4552 2197 4594 cum
2227 4533 2355 4591 aliis
2385 4531 2500 4587 vita
2531 4527 2739 4602 pulsus
2767 4532 2876 4584 est.
2905 4524 3198 4596 Pamphili
3229 4529 3562 4596 praceptor

1902 4627 2127 4685 Pierius
2159 4624 2285 4689 fuit,
2314 4621 2441 4694 ipse
2465 4633 2706 4692 quoque
2733 4615 2953 4672 schola
2983 4613 3409 4670 Alexandrina
3434 4628 3562 4668 ma-

1901 4719 2106 4790 gister,
2151 4717 2497 4783 martyrque
2542 4707 2720 4772 idem,
2774 4719 2894 4760 una
2937 4719 3076 4759 cum
3115 4701 3296 4759 fratre
3337 4701 3563 4759 Isidoro

1903 4804 2243 4864 certaminis
2292 4813 2578 4858 coronam
2632 4795 2884 4866 adeptus
2940 4798 3030 4848 est
3063 4808 3074 4848 :
3107 4791 3327 4864 quibus
3381 4790 3565 4849 etiam

1545 4994 1781 5053 VARIE
1820 4995 2118 5054 LECTION
2126 4993 2226 5048 ES.

259 5147 304 5181 ⁸³
331 5143 574 5230 διωγμόν
610 5152 880 5230 Δεκίου-ς.
957 5149 1006 5184 ⁸⁸
1045 5149 1213 5230 atii-69
1261 5172 1391 5226 φασι
1420 5177 1476 5222 ς.
1555 5159 1602 5194 ⁸ο
1628 5163 1881 5230 mirante
1911 5155 2165 5230 μετελθεῖν
2197 5167 2318 5230 οῑιξἶ
2377 5147 2564 5230 θνα-β·
2643 5146 2724 5230 ⁸³-
2748 5141 2945 5230 μέᾎξωε
2977 5139 3119 5198 add-
3181 5139 3248 5193 Α·
3327 5140 3374 5174 ⁶²
3427 5144 3563 5211 Po“

179 5211 306 5270 δέον
323 5211 546 5276 οιιώἈ
575 5219 749 5277 omisi
778 5211 854 5272 ὅν.
933 5221 1070 5274 κατά
1094 5211 1386 5299 Ὠριγένους
1403 5211 1536 5300 past
1573 5211 1933 5306 πρεσϐξῆρων
1957 5227 2122 5302 ponit
2144 5246 2198 5290 ς’.
2279 5223 2325 5258 ⁵⁸
2352 5211 2438 5273 τόν
2460 5219 2632 5290 Ὠριγ.
2665 5211 2758 5274 τῆν
2796 5213 2964 5276 Ἀλεξ.
2999 5233 3055 5277 ς.

1773 5399 1999 5458 NOTAE.

269 5552 377 5636 Q9
520 5552 816 5636 Epiphan.
849 5559 908 5611 et
935 5556 1051 5636 alii:

273 5625 374 5708 (ἓῖ)
401 5625 1000 5708 Theoctiswmjorat
1024 5631 1339 5708 $_.‘Hiero_n.
1358 5634 1462 5693 lib.
1488 5639 1574 5694 De
1601 5639 1800 5708 script.

165 5693 399 5750 actas.
426 5712 551 5772 cap.
575 5703 642 5757 54
670 5715 686 5768 ;
715 5700 1003 5757 etEuseb.
1033 5701 1135 5760 lib.
1165 5721 1238 5772 vi,
1263 5704 1414 5766 Hist.
1445 5693 1639 5768 certes.
1669 5693 1802 5767 07:77.

1983 5566 2096 5636 (88)
2140 5562 2302 5618 Alius
2343 5553 2733 5636 hic‘videtur.
2775 5544 3319 5636 Patgrmuth'iuslab
3342 5547 3580 5636 .eo,.qu’i

1912 5618 2358 5693 in‘ﬁéracorum
2399 5624 2725 5694 Menologio
2766 5628 2822 5677 et
2858 5621 3016 5678 Rom.
3060 5618 3512 5694 Martyrologia
3549 5622 3580 5676 9

1913 5689 2061 5766 inhi
2077 5689 2456 5763 sub’Juliano
2484 5689 2775 5771 Apostata
2803 5707 3013 5766 passus
3042 5689 3277 5748 dicitur.
