4136 6216
642 217 745 276 399

1866 221 2099 281 PHOTII
2143 226 2597 287 PATRIARCHIE
2633 233 2743 290 (ΣΡ.

3832 253 3913 308 400

639 340 948 415 templum,
990 340 1328 415 domusque
1358 357 1394 399 a
1423 342 1539 415 piis
1568 343 1915 402 hominibus
1954 356 2276 407 constructa

2404 363 2503 407 τῶν
2544 357 2890 414 εὐσεϐούντων
2924 360 3215 439 ἱδρύθησαν
3255 368 3319 422 ⁸⁵.
3366 367 3420 421 Ὀ
3468 366 3522 422 δὲ
3554 372 3670 431 θεῖος
3697 373 3918 446 Πάμφιλος

633 431 898 488 referunt
942 430 1072 502 (89).
1106 432 1323 487 Beatus
1363 437 1562 489 autem
1594 435 1935 507 Pamphilus
1982 440 2294 512 presbyter

634 524 779 587 erat,
830 525 886 576 et
934 519 1202 589 Origenis
1247 536 1386 577 eum
1434 521 1735 594 pleraque,
1787 527 2008 597 quibus
2059 544 2291 585 sacram

633 607 976 681 explanavit
1019 610 1404 682 Scripturam,
1450 629 1561 671 sua
1602 629 1788 670 manu
1830 631 2108 674 exarasse
2152 620 2291 674 scri-

631 698 784 756 bunt
811 697 945 770 (90).

1371 788 1548 845 CXIX.

848 877 1043 934 Pierii
1064 878 1401 949 presbyteri
1427 882 1783 950 scriptorum
1818 882 1960 939 libri
1979 898 2074 941 xu.

704 971 943 1024 Lectum
998 972 1087 1023 est
1135 968 1298 1025 Pierii
1346 969 1674 1043 presbyteri
1728 972 1930 1044 (quem
1985 989 2107 1031 una
2151 990 2288 1031 cum

631 1056 852 1115 Isidoro
900 1056 1079 1113 fratre
1119 1072 1408 1126 germano
1463 1060 1731 1131 martyrii
1778 1077 1887 1132 pro
1928 1062 2136 1120 Christi
2186 1079 2290 1119 no-

628 1149 788 1203 mine
818 1150 1117 1203 certamen
1147 1146 1426 1217 subiisse,
1469 1148 1756 1221 Pamphili
1786 1167 2030 1224 quoque
2062 1158 2290 1225 marty-

624 1237 1129 1294 risinsacrarum
1180 1236 1527 1293 Litterarum
1578 1238 1776 1295 studio
1827 1239 2153 1308 doctorem,
2206 1246 2290 1298 at-

622 1342 735 1399 que
764 1325 1179 1381 Alexandrina
1208 1325 1425 1382 schola
1475 1326 1821 1399 prafectum
1854 1328 2038 1386 fuisse
2070 1330 2285 1404 ferunt)

622 1416 903 1473 volumen
931 1414 1219 1470 librorum
1250 1415 1599 1474 duodecim.
1638 1417 1835 1489 Stylus
1863 1418 1939 1474 illi
1973 1419 2185 1487 clarus,
2217 1436 2288 1477 ac

623 1506 1000 1581 perspicuus,
1030 1509 1086 1560 et
1113 1504 1287 1577 quasi
1340 1510 1548 1578 sponte
1580 1505 1793 1574 ﬂuens,
1844 1508 1989 1563 nihil
2029 1510 2286 1581 exquisi-

622 1600 749 1654 tum
789 1610 913 1667 pra
944 1610 1008 1651 se
1038 1593 1167 1660 fert,
1201 1593 1305 1650 sed
1334 1594 1495 1651 velut
1525 1611 1597 1651 ex
1630 1601 1898 1669 tempore
1928 1597 2120 1664 fusus,
2162 1598 2286 1671 pla-

618 1684 748 1741 cide
774 1700 844 1740 ac
868 1683 1093 1749 leniter,
1123 1683 1466 1755 sensimque
1490 1684 1773 1742 decurrit.
1807 1685 2283 1757 Enthymematis

619 1778 839 1843 autem,
867 1773 915 1827 si
944 1774 1079 1844 quis
1126 1772 1299 1838 alius,
1360 1773 1617 1828 maxime
1664 1774 1956 1830 abundat.
2014 1776 2281 1833 Plurima

618 1878 854 1935 quoque
886 1866 1100 1933 praeter
1128 1876 1199 1917 ea
1228 1877 1359 1933 quae
1390 1862 1449 1915 in
1485 1861 1752 1918 Ecclesia
1782 1862 1957 1917 hodie
1988 1863 2276 1931 obtinent,

617 1951 794 2008 veteri
836 1950 1102 2006 fortassis
1150 1965 1334 2017 more,
1382 1949 1583 2006 tradit.
1636 1949 1717 2005 De
1765 1950 1934 2006 Patre
1975 1955 2179 2008 tamen
2225 1961 2279 2010 et

618 2041 758 2095 Filio
789 2040 884 2111 pie
916 2038 1073 2110 93b
1118 2037 1319 2105 credit,
1352 2040 1469 2093 nisi
1499 2038 1666 2109 quod
1696 2038 2067 2097 substantias
2101 2042 2275 2107 duas,

617 2128 983 2199 totidemque
1023 2132 1267 2182 naturas
1307 2142 1439 2182 esse
1483 2126 1669 2183 dicit:
1707 2128 2055 2186 substantia
2085 2136 2141 2187 et
2170 2148 2277 2187 na-

614 2223 758 2273 tura
802 2216 1043 2272 nomine
1090 2215 1408 2288 (quantum
1460 2232 1533 2272 ex
1580 2217 1649 2272 iis
1680 2234 1815 2290 qua
1866 2218 2024 2275 hunc
2074 2220 2273 2276 locum

614 2307 976 2363 antecedunt
1006 2311 1062 2361 et
1090 2310 1569 2376 consequuntur,
1602 2306 1914 2380 colligitur)
1948 2324 2056 2380 pro
2086 2309 2277 2382 hypo-

612 2395 753 2453 stasi
793 2411 976 2461 usus;
1009 2410 1131 2451 non
1174 2395 1258 2450 ita
1304 2410 1461 2461 vero,
1509 2400 1573 2451 ut
1617 2395 1719 2467 qui
1763 2397 1899 2451 Ario
1945 2397 2270 2456 adhaerent.

612 2488 1030 2541 Verumtamen
1062 2483 1136 2539 de
1169 2484 1388 2555 Spiritu
1438 2488 1647 2540 sancto
1693 2486 2027 2558 periculose
2068 2488 2272 2557 nimis,

611 2580 786 2647 atque
826 2589 1040 2647 parum
1073 2573 1167 2646 pie
1197 2572 1391 2638 docet,
1438 2574 1584 2629 dum
1620 2573 1780 2629 hunc
1811 2576 2104 2633 inferioris
2144 2594 2275 2636 esse

609 2664 827 2737 gloria,
871 2679 1056 2736 quam
1094 2663 1164 2718 sit
1206 2662 1377 2719 Pater
1406 2668 1462 2718 et
1508 2664 1705 2727 Filius,
1753 2663 2031 2721 afﬁrmat.
2086 2667 2276 2723 Habet

606 2754 747 2810 item
778 2752 1188 2810 testimonium
1219 2752 1531 2823 quoddam
1566 2752 1624 2807 in
1653 2769 1720 2808 eo
1750 2753 1901 2809 libro
1932 2754 2035 2827 qui
2070 2757 2274 2811 inscri-

606 2842 766 2900 bitur
790 2862 814 2893 ‹‹
840 2841 899 2897 in
932 2840 1318 2910 Evangelium
1345 2841 1540 2907 Luca,
1573 2863 1593 2890 ι
1622 2858 1692 2897 ex
1720 2858 1842 2914 quo
1866 2842 2274 2901 demonstrare

601 2931 757 2997 licet,
802 2930 1084 3000 imaginis
1129 2931 1421 2985 honorem
1465 2935 1522 2986 et
1566 2930 2035 3001 irreverentiam,
2078 2939 2275 3005 proto-

603 3021 731 3093 typi
773 3035 901 3075 esse
941 3020 1237 3074 honorem
1278 3018 1401 3073 sive
1444 3020 1909 3076 irreverentiam.
1952 3022 2273 3078 Obscurius

603 3108 819 3163 deinde
849 3106 1028 3161 etiam
1060 3106 1177 3171 hic,
1214 3106 1551 3161 secundum
1580 3106 1848 3179 Origenis
1876 3125 2089 3177 nugas,
2124 3111 2274 3166 indi-

612 3201 710 3251 cat
745 3195 979 3253 animas
1017 3194 1449 3266 praexsistere.
1493 3196 1555 3250 In
1598 3212 1667 3251 eo
1701 3212 1840 3252 vero
1880 3197 2054 3267 libro,
2095 3216 2273 3271 quem

611 3285 673 3341 in
706 3284 952 3349 Pascha,
984 3288 1043 3338 et
1073 3284 1288 3338 Oseam
1335 3283 1691 3354 prophetam
1724 3286 1837 3355 (9t)
1870 3286 2123 3358 scripsit,
2158 3290 2277 3359 agit

610 3389 853 3446 quoque
884 3373 958 3428 de
1002 3370 1321 3436 Cberubim
1356 3370 1468 3443 (92)
1501 3388 1535 3426 a
1566 3372 1728 3428 Mose
1765 3372 1957 3439 factis,
2000 3380 2056 3431 et
2083 3376 2157 3431 de
2186 3380 2273 3433 Ja-

610 3463 737 3519 cobi
769 3460 982 3532 lapide,
1015 3460 1117 3515 ubi
1146 3458 1337 3515 factos
1382 3461 1629 3532 quidem
1662 3460 1793 3517 illos
1830 3462 2061 3529 fatetur,
2096 3471 2155 3521 at
2184 3466 2275 3520 di-

608 3554 758 3609 vina
800 3556 1030 3607 tantum
1061 3549 1448 3622 providentia
1484 3551 1711 3606 ratione
1742 3551 1921 3608 fuisse
1952 3569 2270 3611 concessos

608 3638 1106 3713 nugatur:quasi
1145 3644 1247 3695 aut
1285 3639 1429 3695 nihil
1472 3639 1705 3705 fuerint,
1751 3644 1855 3696 aut
1896 3641 2061 3698 aliud
2102 3645 2272 3715 quid-

608 3731 773 3804 piam
817 3730 1047 3791 fuerint,
1095 3737 1197 3784 aut
1235 3727 1397 3785 aliud
1432 3728 1665 3799 [saltem
1697 3729 1796 3785 illa
1838 3730 2080 3804 fuerint]
2134 3748 2267 3805 qua

605 3820 761 3877 facta
807 3824 965 3874 sunt.
1017 3821 1213 3889 Neque
1259 3818 1416 3873 enim
1465 3816 1699 3891 [inquit]
1740 3819 2054 3890 vestigium
2106 3821 2267 3879 aliud

605 3908 1001 3982 praferebant
1029 3906 1277 3979 alicujus
1308 3906 1536 3974 forma,
1573 3908 1678 3963 sed
1709 3908 1943 3967 alarum
1972 3910 2266 3968 duntaxat

605 3998 866 4071 speciem
896 3996 1202 4053 fabulatur
1221 3995 1354 4051 illos
1379 3996 1546 4053 ferre.

674 4090 773 4145 Hic
807 4086 1028 4142 Pierius
1056 4086 1168 4157 (93)
1199 4085 1509 4157 presbyter
1551 4085 1656 4143 fuit
1703 4087 1973 4144 Ecclesia
2016 4088 2266 4145 Alexan-

601 4176 809 4242 drina,
854 4192 987 4232 cum
1022 4175 1298 4231 Tbeonas
1328 4174 1411 4229 illi
1444 4175 1776 4245 patriarcha
1810 4182 2107 4247 praeesset,
2155 4180 2264 4235 Ca-

601 4280 823 4335 rusque
854 4281 920 4318 ac
954 4263 1348 4319 Diocletianus
1389 4265 1724 4319 Romanum
1769 4270 2033 4321 tenerent
2072 4267 2259 4337 impe-

599 4355 776 4409 rium.
822 4354 1009 4419 Quem
1041 4368 1111 4408 eo
1142 4352 1425 4408 assiduus
1465 4350 1635 4407 labor
1664 4358 1843 4423 atque
1882 4354 2102 4426 ingenii
2139 4356 2263 4411 feli-

598 4442 742 4499 citas
783 4442 1073 4514 provexit,
1107 4457 1243 4496 cum
1276 4455 1561 4509 magnam
1596 4440 1838 4512 insuper
1860 4457 1983 4498 non
2029 4443 2263 4516 absque

596 4531 845 4590 utilitate
869 4530 1236 4603 voluptatem
1262 4529 1323 4585 in
1350 4529 1476 4585 suis
1508 4528 1584 4585 ad
1609 4528 1844 4600 plebem
1867 4531 2261 4589 concionibus

2404 445 2746 521 πρεσϐύτερος
2799 448 2860 509 ἦν
2893 473 2906 486 ο
2954 459 3039 506 καὶ
3098 454 3255 508 πολλὰ
3306 452 3362 508 δε
3418 466 3513 509 τῶν
3560 445 3815 534 Ὠριγένους
3862 463 3919 523 εἰς

2404 539 2497 593 τὴν
2538 538 2675 590 θείαν
2710 545 2918 613 Γραφὴν
2965 542 3257 616 ἐξηγήσεων
3309 542 3415 619 ἰδίᾳ
3458 554 3593 623 χειρὶ
3619 548 3825 620 λέγουσιν
3849 552 3917 601 «*3-

2404 628 2489 677 τὸν
2518 633 2827 703 γεγραφέναι
2841 674 2853 686 .

3129 760 3276 814 ΡΙΘ’.

2663 849 2871 917 Πιερίου
2895 847 3247 920 πρεσϐυτέρου
3276 848 3414 920 λόγοι
3446 846 3689 920 διάφοροι.

2472 929 2794 1002 Ἀνεγνώσθη
2865 933 3069 1006 βιϐλίον
3118 943 3325 1012 Πιερίου
3375 937 3722 1013 πρεσϐυτέρου,
3748 939 3795 990 ὃν
3843 945 3915 990 καὶ

2403 1023 2496 1070 σὺν
2524 1028 2595 1089 τῷ
2645 1019 2848 1095 ἀδελφῷ
2881 1023 3135 1099 Ἰσιδώρῳ
3192 1030 3277 1079 τὸν
3332 1029 3453 1100 ὑπὲρ
3510 1035 3723 1101 Χριστοῦ
3770 1027 3920 1098 ἁγωνί·

2401 1111 2598 1161 σασθαί
2656 1131 2811 1182 φασιν
2870 1112 3064 1184 ἀγῶνα,
3117 1116 3381 1188 Παμφίλου
3446 1136 3495 1168 τε
3561 1124 3643 1168 τοῦ
3705 1119 3925 1189 μάρτυρος

2400 1198 2670 1269 ὑφηγητὴν
2715 1210 2813 1252 τῶν
2867 1200 3312 1261 ἔκκλησιαστικὼν
3383 1207 3611 1276 γενέσθαι
3656 1207 3923 1276 μαθημάτων

2399 1293 2603 1340 καὶτοῦ
2674 1292 2809 1342 κατὰ
2891 1290 3281 1365 Ἀλεξάνδρειαν
3353 1295 3649 1365 ἡγήσασθαι
3691 1289 3924 1348 παιδευτη-

2398 1381 2540 1447 ρίου.
2576 1382 2775 1448 Λόγους
2808 1377 2865 1432 δὲ
2890 1384 2947 1432 τό
2976 1380 3173 1453 βιϐλίον
3204 1390 3435 1455 περιεῖχε
3468 1381 3558 1454 ιβ’.
3603 1386 3744 1433 Ἐστι
3766 1376 3815 1432 δε
3852 1383 3925 1436 τὴν

2399 1471 2587 1540 φράσιν
2612 1474 2777 1540 σαφὴς
2832 1489 2883 1522 τε
2904 1476 2992 1523 καὶ
3036 1471 3267 1545 λαμπρός
3312 1478 3399 1524 καὶ
3442 1473 3487 1507 ⁸⁸
3538 1473 3695 1545 ὥσπερ
3740 1471 3845 1544 ῥέων
3870 1469 3924 1538 τῷ

2395 1554 2547 1628 λόγῳ,
2603 1555 2768 1629 μηδέν
2818 1579 2869 1612 τε
2912 1560 3144 1632 ἐπιμελὲς
3205 1559 3596 1634 ἐνδεικνύμενος,
3651 1559 3744 1612 ἀλλ’
3793 1561 3846 1618 ὡς
3887 1557 3927 1619 ἐξ

2316 1642 2354 1696 Β
2395 1644 2753 1719 αὐτοσχεδίου
2812 1650 3012 1720 ὁμαλῶς
3056 1670 3108 1703 τε
3158 1655 3247 1702 καὶ
3299 1651 3439 1711 λείως
3489 1656 3574 1702 καὶ
3617 1651 3768 1721 ἡρέμα
3811 1651 3925 1719 φερό-

2392 1755 2559 1806 μενος,
2609 1745 2714 1798 τοῖς
2754 1733 2813 1789 δὲ
2852 1736 3229 1811 ἐνθυμήμασιν,
3286 1743 3423 1813 εἰπερ
3477 1759 3549 1799 τις
3612 1738 3762 1800 ἄλλος,
3808 1755 3922 1807 γονι-

2389 1831 2645 1897 μώτατος.
2674 1828 2794 1897 [161
2835 1827 2925 1901 Η.]
2964 1828 3132 1880 Πολλά
3188 1826 3248 1881 δε
3296 1830 3391 1892 ἔξω
3439 1838 3535 1881 τῶν
3580 1835 3661 1879 νύν
3686 1826 3727 1878 ἐν
3762 1834 3812 1897 τῇ
3837 1824 3923 1876 Ἐκ-

2389 1916 2582 1987 κλησίᾳ
2636 1919 3053 1984 καθεστηκότων,
3110 1918 3509 1993 ἁρχαιοτρόπως
3562 1921 3700 1981 ἴσως,
3746 1914 3926 1984 ἀποφαί-

2386 2025 2525 2057 νεται
2569 2024 2579 2034 ·
2627 2005 2755 2057 ἀλλὰ
2832 2012 2948 2079 περὶ
3012 2013 3101 2079 μὲν
3188 2014 3385 2082 Πατρός
3455 2013 3543 2059 καὶ
3596 2010 3709 2060 Υὶού
3753 2001 3929 2060 εὐσεϐῶς

2386 2094 2672 2167 πρεσϐεύει,
2708 2097 2837 2155 πλὴν
2891 2099 2969 2149 ὅτι
3017 2098 3201 2159 οὐσίας
3254 2095 3354 2151 δύο
3385 2103 3473 2149 καὶ
3527 2100 3692 2169 φύσεις
3721 2090 3804 2146 δύο
3824 2092 3928 2161 λέγει

2385 2194 2457 2254 τῷ
2500 2192 2589 2244 τῆς
2638 2185 2820 2248 οὐσίας
2870 2191 2959 2239 καὶ
3018 2190 3217 2259 φύσεως
3276 2188 3511 2260 ὀνόματι,
3564 2188 3628 2247 ὡς
3653 2181 3793 2242 δῆλον
3820 2184 3865 2233 ἕκ
3889 2197 3930 2230 τε

2384 2282 2483 2325 τῶν
2530 2273 2783 2346 ἑπομένων
2848 2281 2937 2327 καὶ
2972 2281 3376 2348 προηγουμένων
3444 2283 3533 2328 τού
3584 2278 3791 2348 χωρίου,
3840 2267 3928 2319 ἀντὶ

2385 2372 2479 2423 τῆς
2517 2364 2868 2428 ὑποστάσεως,
2924 2370 3012 2416 καὶ
3043 2365 3147 2436 οὐχ
3186 2370 3254 2426 ως
3300 2369 3350 2418 οἱ
3413 2368 3457 2401 ⁸⁷
3508 2365 3681 2438 Ἀρείῳ
3706 2375 3930 2433 προσανα-

2385 2459 2626 2525 κείμενοι,
2709 2460 2994 2526 χρώμενος.
3058 2461 3181 2529 Περὶ
3237 2460 3415 2526 μέντοι
3519 2461 3608 2505 τού
3684 2451 3929 2519 Πνεύματος

2384 2541 2677 2615 ἐπισφαλῶς
2740 2544 2853 2595 λίαν
2909 2549 2998 2595 καὶ
3064 2541 3344 2606 δυσσεϐῶς
3403 2541 3737 2616 δογματίζει·
3783 2533 3933 2589 ὑποϐε-

2384 2630 2594 2690 ϐηκέναι
2650 2636 2749 2706 γὰρ
2801 2633 2926 2684 αὐτό
2998 2641 3087 2693 τῆς
3130 2641 3221 2685 τοῦ
3282 2637 3487 2707 [ἰατρὸς
3540 2636 3625 2683 καὶ
3673 2631 3783 2681 Υίού
3837 2624 3934 2675 ἀπο-

2384 2725 2569 2794 φάσκει
2602 2719 2776 2785 δόξης.
2834 2721 2988 2793 Ἔχει
3042 2719 3100 2774 δε
3156 2730 3363 2793 χρῆσιν
3395 2724 3465 2785 εἰς
3522 2725 3604 2775 τόν
3657 2718 3789 2789 λόγον
3824 2713 3873 2766 οὗ
3898 2712 3934 2745 ⁸⁸

2384 2810 2640 2884 ἐπιγραφὴ
2672 2832 2699 2863 (‹
2740 2811 2811 2872 εἰς
2868 2817 2926 2863 τό
2976 2814 3108 2863 κατὰ
3154 2818 3385 2879 Λουκοὶν,
3449 2836 3476 2861 ››
3518 2808 3589 2863 δι’
3624 2810 3681 2870 ἧς
3710 2810 3808 2859 ἔστι
3833 2822 3937 2875 παρ-

2388 2908 2536 2971 ιστᾷν
2581 2902 2658 2953 ὅτι
2713 2903 2741 2959 ἡ
2799 2908 2893 2962 τῆς
2940 2901 3131 2963 εἰκόνος
3174 2906 3298 2973 τιμὴ
3368 2907 3458 2954 καὶ
3513 2902 3541 2958 ἠ
3596 2901 3639 2933 ⁶⁹
3666 2896 3828 2968 ἀτιμία
3866 2894 3938 2941 τοῦ

2309 3003 2347 3057 C
2384 2993 2723 3064 πρωτοτύπου
2764 2989 2877 3042 ἐστὶ
2913 2995 3037 3062 τιμὴ
3076 2992 3103 3049 ἦ
3154 2991 3306 3043 πάλιν
3356 2991 3562 3063 ἀτιμία.
3615 2988 3941 3042 Ὑπαινὶττεται

2386 3077 2444 3133 δὲ
2474 3081 2638 3145 οὗτος,
2692 3082 2827 3132 κατὰ
2860 3083 2944 3131 τὸν
2995 3080 3289 3153 Ὠριγένους
3338 3082 3513 3146 ύθλον,
3586 3084 3669 3130 καὶ
3717 3072 3941 3145 προύπαρ-

2385 3168 2461 3231 ξιν
2508 3168 2714 3241 ψυχῶν.
2790 3168 2942 3240 Ἔχει
2994 3165 3051 3221 δὲ
3097 3174 3187 3221 καὶ
3240 3172 3288 3221 ἓν
3340 3179 3416 3242 τῷ
3470 3169 3537 3229 εἰς
3589 3174 3643 3221 τὸ
3675 3168 3851 3235 Πάσχα
3874 3162 3943 3210 καὶ

2384 3262 2469 3309 τόν
2525 3259 2684 3316 Ὠσηὲ
2746 3260 2877 3328 λόγῳ
2928 3263 3042 3332 περί
3077 3277 3129 3310 τε
3177 3266 3275 3309 τῶν
3354 3260 3665 3317 ποιηθέντων
3720 3246 3941 3325 Χερουϐὶμ

2384 3356 2454 3419 τῷ
2509 3354 2724 3400 Μωυσεῖ
2772 3348 2821 3381 Ἷ⁰
2856 3351 2945 3397 καὶ
2996 3351 3111 3419 περὶ
3140 3356 3236 3409 τῆς
3292 3356 3389 3400 τοῦ
3452 3344 3638 3401 Ἰακὼϐ
3684 3341 3873 3405 στήλης,
3905 3334 3941 3386 έν

2384 3438 2455 3497 οἷς
2511 3441 2603 3494 τὴν
2651 3441 2740 3509 μὲν
2796 3440 3008 3492 ποίησιν
3049 3436 3214 3487 αὐτῶν
3269 3438 3537 3510 ὁμολογεῖ,
3597 3434 3863 3502 οἰκονομίας
3894 3420 3940 3475 δὲ

2381 3526 2514 3597 λόγῳ
2592 3527 3009 3601 συγχωρηθῆναι
3060 3526 3421 3598 ματαιολογεῑ,
3488 3529 3556 3589 ὡς
3626 3519 3765 3576 οὐδὲν
3813 3514 3940 3577 ἦσαν,

2380 3618 2449 3677 ὡς
2478 3616 2643 3689 ἕτερον
2676 3612 2810 3673 ἦσαν
2853 3616 2921 3675 τί,
2980 3618 3046 3676 ὡς
3093 3615 3259 3688 ἕτερον
3314 3619 3381 3668 τὰ
3426 3618 3475 3651 ⁷²
3521 3614 3831 3687 γεγενημένα,
3874 3602 3942 3655 οὐ·

2382 3701 2439 3756 δὲ
2468 3706 2510 3739 ⁷³
2542 3707 2699 3756 τύπον
2740 3702 2887 3755 ἄλλον
2943 3706 3080 3778 ἔφερε
3128 3712 3352 3777 μορφῆς,
3415 3704 3546 3757 ἀλλὰ
3596 3709 3739 3776 μόνον
3792 3693 3940 3768 πτερύ-

2379 3815 2482 3865 γων
2513 3794 2770 3865 κενολογεῖ
2798 3795 2845 3827 ⁷⁸
2872 3797 3036 3866 φέρειν
3059 3793 3193 3845 αὐτὰ
3225 3801 3443 3867 σχῆμα.

2447 4080 2658 4141 Οὗτοςό
2693 4084 2896 4154 Πιέριος
2952 4078 3299 4153 πρεσϐύτερος
3356 4078 3418 4139 ἧν
3478 4089 3575 4143 τῆς
3626 4078 3750 4130 κατὰ
3799 4068 3939 4130 Ἀλεξ-

2374 4168 2615 4243 άνδρειαν
2664 4169 2971 4228 Ἐκκλησίας
3048 4174 3225 4222 Θεωνᾶ
3298 4178 3599 4227 τηνικαῦτα
3650 4170 3832 4223 ταύτης

2296 4258 2338 4312 D
2374 4264 2787 4334 χιερατεύοντος,
2839 4260 2994 4316 ἡνίκα
3068 4264 3235 4331 Κᾶρος
3310 4264 3401 4311 καὶ
3483 4257 3833 4316 Διοκλητιανός
3892 4250 3942 4298 τά

2371 4351 2632 4423 Ῥωμαίων
2716 4356 2959 4419 σκῆπτρα
3020 4350 3210 4420 ἔφερον.
3291 4350 3394 4403 Καὶ
3480 4351 3565 4401 ἐπὶ
3627 4352 3853 4399 τοσοῦτον
3904 4334 3942 4390 δ’

2374 4441 2527 4492 αὐτὸν
2585 4437 2766 4490 ἐλάσαι
2833 4436 3046 4507 λέγουσι
3130 4437 3427 4508 φιλοπονίας
3477 4444 3566 4491 καὶ
3636 4436 3828 4507 εὐφυίας
3872 4430 3944 4479 καὶ

2373 4538 2468 4593 τῆς
2516 4528 2562 4581 ἐν
2617 4526 2863 4585 πλήθεσιν
2925 4524 3125 4596 ὁμιλίας
3177 4526 3356 4601 τέρψιν
3416 4532 3674 4601 παρέχειν
3726 4527 3811 4577 σὺν
3839 4520 3948 4590 ὡφε-

1974 4653 2201 4710 νΑΒΙιΕ
2242 4653 2639 4711 LECTIONES.

665 4804 710 4839 ⁸⁵
739 4798 1061 4874 ἱδρύνθησαν
1078 4817 1147 4874 ’ςς
1193 4871 1203 4874 _
1230 4797 1276 4831 ⁸⁸
1317 4799 1407 4874 κιαςι
1430 4793 1571 4874 add.
1605 4798 1668 4847 A.
1734 4794 1794 4874 :7
1816 4796 1863 4874 οἱ
1904 4794 2047 4874 add.
2095 4798 2160 4874 A_.

588 4892 724 4933 cum
760 4862 928 4929 R'oth.
971 4870 1147 4925 omisi
1179 4871 1246 4930 ὡς
1298 4862 1447 4919 οὐδὲν
1507 4862 1657 4923 ἦσαν.
1734 4866 1779 4900 71
1814 4868 1880 4928 ὡς
1933 4867 2098 4942 ἕτερον
2126 4865 2259 4927 ἦσαν

589 4950 634 4985 ⁷⁴
666 4945 960 5017 καινολογεῖ
992 4948 1053 4995 Α.

2240 4799 2287 4833 ⁸⁸
2309 4796 2393 4868 οὐ]
2431 4796 2492 4847 οὐ
2526 4796 2551 4852 ἡ
2585 4815 2637 4857 ς’.

2718 4794 2764 4828 ⁶⁹
2828 4793 2857 4850 ἡ
2902 4796 3036 4863 post
3072 4796 3162 4844 καὶ
3192 4791 3333 4847 add.
3366 4796 3433 4864 ᾼ.
3517 4795 3569 4829 ⁷ο
3604 4798 3734 4864 post
3764 4791 3951 4864 Μωὺσεί

2644 4866 2689 4900 ⁷³
2745 4857 3016 4939 ἔτερα-τά
3066 4885 3123 4927 ς.
3207 4865 3256 4898 ⁷³
3307 4861 3433 4918 οὐδέ
3490 4868 3537 4919 Α
3570 4857 3693 4926 ς’ὡς
3739 4857 3853 4915 οὐδέ
3899 4877 3945 4922 ς-

2306 4868 2447 4925 add.
2499 4868 2563 4920 Α.

2152 5080 2375 5138 ΝΟΤΛΕ.

677 5219 763 5285 89)
794 5211 1083 5286 Epiphan.
1118 5209 1270 5286 inter
1298 5210 1560 5271 cateros,
1594 5204 1803 5286 haeres.
1826 5208 1924 5286 βο.

677 5219 763 5285 89)
794 5218 1083 5286 Epiphan.
1118 5218 1270 5264 inter
1298 5218 1560 5271 cateros,
1594 5218 1803 5261 nares.
1836 5218 1924 5261 ου.

653 5218 766 5358 ἓθο)
796 5288 856 5340 In
889 5284 989 5358 _h_is_
1019 5286 1075 5337 et
1114 5282 1171 5335 S.
1194 5279 1546 5358 _H_i¢_3ronym=
1594 5280 1677 5358 De
1715 5278 1918 5358 ccc-les:
1953 5278 2228 5358 scriptor.

580 5348 711 5430 cap.
745 5348 814 5410 75
846 5355 945 5409 ubi
977 5355 1105 5430 hac
1135 5351 1304 5430 addit
1333 5369 1343 5408 :
1383 5371 1412 5430 ς
1439 5349 1547 5430 Sed
1577 5355 1633 5430 et
1662 5349 1721 5402 in
1750 5348 2064 5430 duodecim
2100 5366 2229 5420 pro-

577 5420 790 5501 ph'etas
842 5441 959 5481 xxv
1007 5424 1333 5501 Ἐξηγήσεων
1379 5421 1643 5501 Origenis
1695 5420 2020 5501 volumina
2050 5437 2233 5477 manu

576 5492 704 5570 ejus
739 5504 982 5570 exarata
1012 5492 1223 5570 reperi.
1255 5510 1391 5570 qua
1411 5499 1586 5570 tanto
1616 5492 1943 5570 amplector
1973 5496 2028 5546 et
2060 5508 2232 5549 servo

574 5564 915 5647 gaudio,__ut
944 5564 1125 5647 Croesi
1156 5564 1549 5647 opesnha'here
1577 5581 1671 5618 me
1702 5564 1964 5647 credam.
1990 5583 2015 5643 ξ)

646 5643 759 5715 (91)
812 5640 1016 5712 Hujus,
1049 5634 1242 5709 inquit
1285 5636 1346 5691 Β.
1399 5636 1658 5703 Hieron.,
1709 5641 1799 5692 est
1843 5634 2233 5706 longissimus

2353 5208 2656 5263 Tractatus
2696 5206 2761 5261 de
2815 5204 3112 5278 propheta
3145 5203 3541 5278 Oseeyquem
3568 5206 3629 5262 in
3675 5196 3951 5278 pervigilio

2346 5278 2584 5334 Pascha
2615 5276 2891 5333 habitum
2931 5292 3121 5332 sermo
3153 5277 3278 5347 ipse
3303 5276 3715 5335 demonstrat.

2418 5349 2579 5422 (92)Q
2592 5366 2679 5405 ua
2702 5345 3213 5422 autemdeinceps
3243 5356 3608 5422 sequuntur,
3635 5367 3707 5406 ex
3736 5345 3955 5422 supple-

2347 5420 2569 5485 mento,
2602 5420 2857 5493 quodin
2896 5420 3075 5475 Graci
3141 5420 3507 5493 exemplaris
3548 5420 3953 5478 Notationibus

2346 5492 2633 5559 eXStabat,
2666 5492 2948 5547 translata
2981 5495 3140 5546 sunt.

2418 5564 2529 5633 (93)
2560 5564 2860 5620 Laudatur
2916 5569 3036 5619 eta
3093 5560 3333 5634 Niceph.
3415 5562 3534 5621 lib.
3607 5580 3688 5631 v1,
3743 5577 3871 5634 cap.
3898 5562 3956 5614 35

2344 5634 2493 5691 Hist.
2519 5636 2663 5691 ecct.

2398 5635 2493 5691 ist.
2519 5636 2663 5693 ecct.
