4136 6216
184 298 277 353 401
451 277 456 284 ⁴
1228 290 1727 349 BIBLIOTHECA.
1773 319 1836 333 -
1879 291 2090 354 conn.
2134 294 2531 353 CXIX-CXXI.

3469 306 3591 362 402

186 423 316 496 λείᾳ,
351 423 492 484 ᾧστε
543 425 632 474 καὶ
682 424 788 474 νέον
837 418 1193 492 ὀνομασθῆναι
1245 420 1534 494 Ὠριγένην·
1588 416 1648 478 ἧν
1700 420 1796 494 γὰρ

1912 420 2236 490 afferret,ut
2247 423 2529 494 Origenes
2547 424 2694 481 alter
2705 425 3250 495 cognominaretur;
3265 431 3548 503 eratquip
3561 466 3579 481 .

185 519 301 567 τότε
353 510 401 564 ἓν
477 517 584 571 τοῖς
641 509 1066 582 ἀξιολογωτάτοις
1121 509 1406 584 Ὠριγένης.
1468 509 1801 568 Διαλεκτικήν

197 599 256 656 δι
309 605 401 654 καὶ
455 602 743 676 ῥητορικὴν
790 603 946 652 αὐτόν
993 619 1146 673 φασιν
1201 599 1520 667 ἀσκηθῆναι,
1575 604 1664 652 καὶ
1717 600 1802 671 ἐγ-

191 696 438 766 κρατείας
493 687 554 744 δὲ
624 696 710 743 καὶ
761 689 1002 743 ἑκουσίου
1074 693 1344 762 πτωχείας
1392 689 1615 762 ἐραστὴν
1669 694 1804 762 γενέ·

199 783 346 834 σθαι.
375 786 480 834 Καὶ
524 781 572 832 οἱ
619 783 709 852 μὲν
763 779 918 832 αὐτὸν
967 783 1055 832 καὶ
1102 783 1374 854 μαρτυρίῳ
1421 782 1508 830 τόν
1553 777 1669 850 βίον
1722 797 1799 830 τε·

191 871 432 939 λειῶσαι,
467 872 514 921 οἱ
543 870 592 904 ⁷⁵
625 865 684 921 δὲ
720 871 851 942 μετά
893 872 978 921 τόν
1018 866 1251 941 διωγμόν
1277 871 1364 920 τόν
1404 868 1681 921 ὑπόλοιπον
1707 875 1802 920 τοῦ

203 960 301 1032 ζῇν
329 965 516 1033 χρόνον
541 956 591 1010 ἐν
619 956 790 1030 Ῥώμη
815 953 1172 1030 διαγεγονέναι
1192 959 1336 1012 ’τιϊι⁸

934 1047 1054 1102 PK'.

459 1136 741 1209 Εἰρηναίου
773 1138 910 1189 κατὰ
938 1138 1180 1209 αἱρέσεων
1201 1135 1346 1209 λόγοι
1371 1140 1533 1190 πέντε.

265 1226 600 1298 Ἀνεγνώσθη
669 1224 875 1298 βιϐλίον
957 1225 1233 1301 Εἱρηναίου
1285 1227 1574 1278 ἐπισκόπου
1635 1231 1801 1297 Λουγ-

186 1311 394 1368 δούνων
425 1315 500 1386 (ἓν
549 1314 758 1377 Κελτοῖς
806 1311 866 1367 δὲ
917 1317 982 1367 τὰ
1031 1311 1388 1386 Λούγδουνα),
1420 1313 1562 1386 λόγοι
1595 1313 1646 1368 εὀ
1681 1315 1740 1367 οὗ
1765 1318 1794 1374 ἠ

180 1404 450 1480 ἕπιγραφὴ
511 1405 764 1477 Ἐλέγχου
823 1410 913 1458 καὶ
995 1403 1292 1480 ἀνατροπῆς
1367 1413 1455 1465 τῆς
1530 1403 1799 1476 ψευδωνύ-

181 1515 289 1561 μου
340 1500 604 1565 γνώσεως,
659 1501 814 1547 τοῦτο
875 1490 936 1547 δέ
973 1493 1088 1547 ίστι
1141 1497 1276 1546 κατά
1324 1494 1592 1568 αἱρέσεων,
1646 1494 1798 1548 Ὧνό

183 1593 410 1659 πρῶτος,
446 1580 816 1656 διαλαμϐάνων
861 1588 976 1660 περὶ
1021 1583 1359 1637 Οὐαλεντίνου
1417 1582 1531 1656 [301
1571 1584 1663 1658 3.]
1711 1591 1798 1638 καὶ

180 1683 274 1736 τῆς
306 1673 427 1726 κατ’
460 1673 615 1725 αὐτόν
659 1672 814 1726 ἀθέου
863 1673 1074 1740 πλάνης,
1109 1672 1411 1748 ἀπάρχει-αι
1459 1675 1630 1746 ὥσπερ
1681 1674 1801 1727 ἀνα-

1910 527 1986 584 pe
2001 517 2136 568 tunc
2148 513 2428 569 eorumin
2442 516 2826 588 numero,qui
2840 514 3173 572 maximoin
3188 518 3373 588 pretio
3386 518 3569 577 habe-

1910 607 2130 673 rentur,
2157 602 2456 673 Origenes.
2480 603 2724 658 Addunt
2744 604 2801 658 in
2825 603 3150 660 dialecticis
3170 610 3351 678 atque
3372 607 3576 666 rheto-

1911 689 2767 764 ricisversatum,temperantiae
2780 709 3020 765 quoque
3037 701 3091 748 et
3108 693 3256 751 ultro
3277 702 3574 769 suscepta

1913 781 2280 850 paupertatis
2301 787 2629 838 amatorem
2661 781 2869 838 fuisse.
2905 785 3020 839 Nec
3045 783 3274 851 desunt,
3307 785 3415 857 qui
3439 801 3579 844 eum

1914 869 2200 941 martyrio
2218 869 2402 925 vitam
2419 869 2639 926 ﬁniisse
2651 872 2970 938 tradant,et
2984 873 3033 927 si
3049 872 3151 928 alii
3165 873 3278 945 (94)
3298 879 3578 948 postper—

1912 959 2278 1015 secutionem
2293 957 2587 1030 reliquum
2605 959 2736 1015 vita:
2749 962 2947 1017 Romae
2964 962 3324 1033 transegisse
3336 963 3575 1022 malint.

2678 1049 2828 1105 CXX.

2207 1139 2423 1195 Irenaei
2440 1137 2726 1195 adversus
2759 1140 3000 1196 haereses
3028 1139 3174 1197 libri
3200 1157 3275 1197 1v.

1981 1227 2257 1299 Legimus
2283 1229 2641 1301 scriptorum
2668 1229 2783 1299 (95)
2813 1230 3015 1286 lrenaai
3042 1231 3309 1304 episcopi
3337 1233 3572 1304 Lugdu-

1909 1317 2111 1374 nensis
2170 1317 2280 1390 (est
2328 1322 2525 1373 autem
2596 1318 2796 1374 Galliae
2859 1318 3089 1376 Celticee
3141 1319 3283 1376 urbs
3331 1322 3573 1392 Lugdu-

1909 1409 2079 1479 num)
2101 1406 2284 1463 libros
2305 1407 2573 1480 quinque
2595 1407 2678 1463 sic
2697 1407 3014 1481 inscriptos
3040 1427 3053 1462 :
3080 1409 3376 1466 Elenchus
3398 1417 3576 1484 atque

1910 1496 2254 1566 Cen/“utalia
2272 1497 2440 1567 falsa
2455 1497 2742 1553 doctrina
2765 1497 2888 1553 sive
2905 1505 3110 1555 contra
3130 1499 3396 1556 haereses.
3423 1502 3574 1567 Quo-

1909 1603 2042 1642 rum
2066 1585 2292 1658 primus
2313 1587 2429 1657 (96)
2451 1588 2526 1642 de
2545 1586 2856 1642 Valentino
2875 1602 3062 1658 agens
3084 1594 3264 1660 atque
3284 1590 3363 1646 ab
3384 1589 3574 1663 impio

1909 1675 2038 1747 ejus
2075 1691 2274 1732 errore
2311 1676 2537 1732 ducens
2585 1676 2838 1744 initium,
2885 1692 3126 1733 rursum
3167 1678 3344 1750 quasi
3385 1679 3573 1736 relato

181 1760 422 1827 ποδίζων
471 1769 560 1816 καὶ
607 1765 797 1816 ἄνωθεν
846 1759 1050 1826 διεξιὼν
1102 1762 1202 1815 ἀπὸ
1246 1769 1472 1836 Σίμωνος
1504 1771 1594 1816 τοῦ
1627 1767 1796 1836 μάγου

1912 1766 2081 1837 pede,
2134 1764 2428 1837 altiusque
2475 1765 2704 1836 origine
2750 1765 3019 1838 repetita,
3069 1771 3272 1824 narrat
3314 1783 3494 1840 porro
3537 1785 3574 1825 a

178 1859 350 1925 μέχρι
376 1853 428 1888 τε
473 1859 752 1918 Τατιανοῦ,
782 1853 833 1914 ὃς
876 1855 942 1906 τὰ
992 1861 1174 1927 πρῶτα
1226 1854 1467 1925 μαθητὴς
1509 1854 1799 1907 Ἰουστίνου

175 1950 272 1994 τού
330 1942 605 2015 μάρτυρος
682 1947 1024 2015 χρηματίσας
1075 1941 1291 2015 ὕστερον
1360 1941 1426 2002 εἰς
1473 1941 1668 2000 πλάνην
1727 1942 1801 2006 ἐξ·

179 2031 436 2090 εκνλίσθη
471 2032 522 2066 ⁷⁸
555 2033 822 2106 αἱρέσεως.
879 2029 993 2084 Ἐτι
1043 2027 1101 2084 δὲ
1152 2028 1496 2104 διαλαμϐάνει
1542 2037 1660 2106 περὶ
1703 2041 1800 2085 τῶν

181 2117 332 2180 ἰδίως
386 2129 691 2192 γνωστικῶν
742 2120 1066 2194 καλουμένων
1096 2121 1144 2156 ⁸ο
1183 2126 1272 2173 καὶ
1331 2129 1430 2172 τῶν
1482 2127 1700 2187 Καῑνῶν,
1734 2124 1800 2174 τά

180 2207 424 2282 βδελυρά
505 2209 674 2261 αὐτῶν
721 2209 938 2270 ἐκτιθεὶς
991 2205 1252 2282 δόγματα·
1305 2208 1352 2262 ἓν
1402 2210 1479 2272 οἷς
1534 2214 1623 2263 καὶ
1685 2213 1708 2262 ό
1753 2212 1796 2247 ⁸1

173 2308 387 2371 πρῶτος
433 2299 609 2369 λόγος.
674 2299 732 2350 Ὀ
792 2295 849 2352 δε
928 2295 1168 2374 δεύτερος
1220 2298 1514 2376 ἀνατροπὴν
1567 2305 1799 2374 περιέχει

176 2397 276 2439 τῶν
358 2396 468 2449 τοίς
526 2390 872 2462 αἱρεσιώταις
946 2387 1148 2451 ἀσεϐῶς
1229 2385 1708 2462 δογματιξομένων.
1741 2389 1798 2442 Ὀ

171 2474 234 2531 δε
276 2481 457 2550 τρίτος
513 2482 602 2530 καὶ
650 2480 913 2552 Γραφικάς
959 2477 1074 2530 κατ’
1114 2478 1281 2531 αὐτῶν
1329 2479 1639 2551 προκομίζει
1679 2499 1796 2532 παν-

167 2563 417 2628 τοδαπὰς
468 2571 785 2640 μαρτυρίας.
839 2567 898 2619 Ὀ
961 2563 1019 2620 δὲ
1071 2571 1320 2640 τέταρτος
1367 2571 1456 2628 τὰς
1509 2571 1651 2640 παρά
1697 2577 1796 2621 τῶν

171 2660 457 2730 αἱρετικῶν
537 2660 927 2731 προτεινομένας
996 2656 1220 2730 ἀπορίας
1301 2653 1526 2712 διαλύει.
1591 2663 1692 2711 Καὶ
1770 2660 1795 2711 ὁ

169 2751 410 2818 πέμπτος
459 2741 540 2809 δε,
578 2747 678 2798 ὅσα
719 2741 812 2798 διὰ
857 2745 1160 2818 παραϐολῶν
1211 2745 1400 2818 ἐλέχθη
1431 2766 1482 2799 τε
1521 2751 1611 2799 καὶ
1641 2749 1796 2820 ἐπρά-

167 2837 284 2907 χθη
333 2837 439 2886 ύπὸ
482 2843 575 2886 τοῦ
626 2839 838 2906 Κυρίου,
872 2834 927 2887 ἐκ
979 2843 1078 2888 τῶν
1138 2835 1429 2890 ὑπολοίπων
1481 2845 1574 2897 τῆς
1626 2855 1795 2894 σωτη-

167 2921 409 3001 ριωδους
454 2924 620 2976 αὑτοῦ
659 2921 1014 2987 διδασκαλίας
1060 2930 1149 2979 καὶ
1197 2925 1252 2978 ἐκ
1286 2934 1386 2979 τῶν
1435 2924 1791 2979 ἀποστολικῶν

171 3014 467 3066 ἐπιστολῶν
539 3022 658 3075 ταῖς
728 3017 1013 3089 αἱρετικαῖς
1075 3017 1364 3092 τερθρείαις
1437 3016 1503 3076 εἰς
1577 3015 1789 3089 ἔλεγχον

173 3104 428 3176 ἁρμόζειν
459 3108 693 3176 παρίστη
703 3124 781 3161 σι.
1187 3165 1204 3169 ί

249 3193 425 3246 Πολλὰ
457 3189 518 3246 δε
560 3201 652 3246 τοῦ
703 3196 978 3248 θεσπεσίου
1023 3194 1302 3271 Εἰρηναίου
1350 3200 1440 3248 καὶ
1475 3193 1788 3249 παντοδαπά

169 3288 264 3335 καὶ
341 3285 497 3357 ἕτερα
568 3285 960 3356 συγγράμματα
1030 3289 1118 3337 καὶ
1188 3283 1460 3338 ἓπιστολαὶ
1526 3289 1784 3360 φέρονται,

1909 1852 2150 1910 Simone
2207 1857 2374 1925 Mago
2431 1872 2619 1928 usque
2674 1855 2753 1912 ad
2803 1856 3135 1922 Tatianum,
3195 1857 3298 1929 qui
3359 1857 3571 1914 Justini

1907 1943 2176 2015 Martyris
2217 1944 2482 2016 primum
2520 1944 2874 2016 discipulus,
2916 1945 2977 2000 in
3019 1960 3278 2001 errorem
3327 1946 3572 2003 tandem

1907 2032 2156 2089 hmresis
2195 2033 2610 2106 praecipitavit.
2646 2033 2892 2090 Disserit
2921 2038 3216 2106 praeterea
3246 2035 3319 2091 de
3344 2035 3440 2102 iis,
3471 2035 3576 2109 qui

1908 2122 2148 2195 proprie
2191 2121 2454 2179 Gnostici
2484 2122 2879 2196 appellantur.
2927 2122 3189 2196 itemque
3255 2123 3330 2180 de
3377 2125 3572 2182 Cainis

1909 2212 2043 2288 (97),
2076 2211 2448 2268 exsecranda
2472 2211 2709 2268 illorum
2735 2211 2894 2284 94a
2921 2211 3210 2282 dogmata
3239 2228 3572 2285 exponens.

1907 2305 1976 2358 Et
2012 2302 2141 2358 haec
2171 2302 2417 2375 quidem
2449 2302 2602 2358 libro
2634 2302 2847 2374 primo.
2897 2305 3048 2358 Nam
3080 2302 3360 2358 secundo.
3377 2319 3451 2360 ea
3485 2319 3574 2361 re-

1906 2391 2051 2450 fellit
2097 2408 2232 2465 quae
2258 2392 2335 2448 ab
2367 2391 2655 2448 haereticis
2702 2391 2882 2464 impie
2926 2397 3293 2448 asseruntur.
3344 2393 3573 2450 Tertius

1906 2481 2069 2537 varia
2115 2481 2403 2538 adversus
2434 2480 2564 2537 illos
2613 2480 2784 2536 affert
2825 2495 3012 2536 sacra;
3051 2480 3356 2552 Scriptum
3404 2481 3573 2538 testi-

1904 2569 2129 2626 monia.
2164 2571 2422 2636 Quartus
2454 2575 2656 2625 autem
2683 2571 2760 2624 ab
2791 2568 3084 2625 haereticis
3116 2568 3384 2640 objectas
3414 2586 3573 2642 quaa-

1905 2659 2127 2715 stiones
2184 2657 2372 2714 diluit.
2407 2657 2654 2724 Quintus
2712 2657 2971 2722 tandem,
3023 2672 3404 2730 quascunque
3465 2673 3574 2730 per

1901 2747 2223 2821 parabolas
2253 2763 2290 2803 a
2319 2747 2547 2803 Christo
2595 2746 2752 2802 dicta
2781 2746 3012 2802 factave
3042 2746 3280 2813 fuerint,
3314 2761 3456 2803 cum
3499 2762 3573 2803 ex

1901 2836 2130 2910 reliqua
2181 2835 2445 2908 ejusdem
2487 2833 2791 2891 salutifera
2828 2834 3119 2902 doctrina,
3156 2840 3280 2891 tum
3315 2850 3388 2892 ex
3428 2850 3574 2907 apo-

1901 2928 2191 2984 stolorum
2239 2923 2528 2998 epistolis,
2561 2925 2976 2981 haereticorum
3007 2923 3358 2997 imposturis
3400 2922 3567 2981 refel-

1897 3016 2092 3074 lendis
2123 3015 2440 3087 aptissima
2465 3029 2600 3070 esse
2643 3011 3031 3071 demonstrat.

1968 3194 2147 3251 Plura
2194 3193 2306 3266 (98)
2346 3207 2489 3250 vero
2528 3192 2807 3264 ejusdem
2837 3190 3026 3248 sancti
3065 3191 3272 3248 Irenmi
3304 3206 3374 3249 ac
3404 3191 3570 3251 varia

1899 3285 2120 3358 scripta
2149 3288 2205 3340 et
2233 3282 2498 3355 epistolas
2547 3281 3046 3338 circumferuntur
3073 3301 3084 3347 ;
3109 3281 3222 3337 etsi
3263 3281 3326 3338 in
3365 3281 3575 3356 aliqui'

169 3371 219 3423 εἰ
247 3379 342 3424 καὶ
388 3374 438 3423 ἓν
483 3391 622 3424 τισιν
672 3372 840 3425 αὐτῶν
888 3375 918 3432 ἡ
969 3383 1065 3437 τῆς
1101 3377 1238 3427 κατά
1269 3378 1337 3427 τά
1379 3373 1791 3434 ἐκκλησιαστικά

1912 3378 2012 3433 bus
2029 3374 2569 3432 ecclesiasticarum
2582 3373 2928 3443 dogmatum
2941 3376 3100 3428 certa
3112 3371 3334 3428 veritas
3350 3371 3572 3445 spuriis

170 3457 426 3533 δόγματα
471 3460 718 3524 ἀληθείας
771 3460 1009 3538 ἀκρίϐεια
1063 3466 1230 3526 νόθοις
1281 3464 1551 3538 λογισμοῖς
1603 3462 1790 3524 κιϐδη-

165 3550 399 3619 itis-rm,
429 3549 467 3602 ά
490 3555 600 3624 χρὴ
633 3555 1155 3624 παρασημαίνεσθαι.

239 3644 443 3693 Τοῦτόν
498 3659 628 3712 φασι
670 3643 917 3712 γενέσθαι
969 3643 1313 3718 Πολυκάρπου
1371 3648 1461 3715 μὲν
1520 3651 1611 3697 τοῦ
1667 3646 1795 3719 ἱερο-

165 3731 440 3801 μάρτυρος
523 3732 757 3804 Σμύρνης
836 3731 1123 3786 ἐπισκόπου
1200 3735 1463 3806 μαθητὴν,
1517 3735 1796 3809 πρεσϐύτε-

167 3837 256 3890 ρον
309 3816 373 3871 δί
433 3820 702 3886 Ποθεινοῦ,
737 3820 800 3872 οὗ
850 3826 940 3874 καὶ
995 3831 1088 3884 τῆς
1140 3821 1430 3884 ἐπισκοπῆς
1473 3833 1570 3876 τῶν
1625 3832 1796 3898 Λουγ-

169 3906 374 3962 δούνων
401 3905 672 3980 διάδοχος
704 3915 962 3969 κατέστη.
1004 3917 1195 3987 Βίκτωρ
1243 3910 1302 3966 δὲ
1341 3915 1444 3986 ἄρα
1487 3914 1602 3967 κατ’
1639 3913 1796 3967 ἐκεῖνο

167 4007 364 4074 καιροῦ
427 3999 634 4070 Ῥώμης
706 3997 998 4066 ἐπεσκόπει,
1076 4006 1208 4075 πρὸς
1267 4005 1321 4055 ὃν
1397 4009 1485 4056 καὶ
1547 4004 1795 4063 πολλάκις

167 4095 382 4160 γράφει,
411 4095 683 4163 παραινῶν
746 4094 819 4161 μὴ
879 4091 1036 4143 ἕνεκεν
1087 4093 1132 4126 ⁸³
1171 4099 1266 4154 τῆς
1307 4097 1420 4167 περὶ
1460 4101 1551 4145 τοῦ
1596 4097 1796 4167 Πάσχα

173 4174 464 4250 διαφωνίας
499 4181 646 4241 τινας
674 4187 770 4241 τῆς
809 4179 1120 4241 Ἐκκλησίας
1149 4179 1548 4254 ἀποκηρύττειν.

884 4269 1060 4327 ΡΚΔ’.

420 4355 739 4410 Ἱππολύτου
765 4361 900 4410 κατά
929 4360 1172 4434 σίρεσεων
1205 4356 1541 4435 βιϐλιδάριον

1899 3465 2234 3522 rationibus
2259 3463 2447 3520 fucari
2471 3462 2720 3526 videtur,
2738 3477 2875 3534 quas
2898 3460 3250 3517 observasse
3271 3461 3569 3519 convenit.

1973 3643 2291 3716 Aiunt(98')
2305 3641 2466 3698 hunc
2484 3640 2798 3714 Polycarpi
2814 3640 2865 3713 ej
2877 3655 2946 3696 us
2958 3638 3323 3712 quisanctus
3342 3645 3570 3712 martyr

1903 3739 1960 3792 et
1990 3736 2261 3806 Smyrna:
2290 3731 2609 3803 episcopus
2641 3729 2768 3795 fuit,
2811 3727 3171 3800 discipulum
3203 3726 3407 3793 fuisse,
3437 3743 3569 3800 pre-

1904 3822 2208 3895 sbyterum
2258 3835 2394 3876 vero
2431 3817 2682 3884 Pothini,
2721 3816 2816 3872 cui
2843 3816 2983 3872 etin
3014 3814 3399 3887 Lugdunensi
3444 3814 3567 3886 epi-

1905 3914 2151 3984 scopatu
2175 3908 2474 3964 successit.
2507 3906 2696 3962 Victor
2720 3921 2791 3961 ea
2819 3909 3162 3977 tempestate
3188 3905 3391 3959 Roma
3419 3918 3565 3976 pon-

1907 4001 2152 4058 tiﬁcium
2202 3998 2387 4054 tenuit
2415 4015 2427 4051 :
2455 4011 2635 4070 quem
2666 3993 2888 4050 crebris
2915 3993 3118 4050 litteris
3146 3992 3420 4048 hortatus
3474 3995 3565 4049 est

1905 4094 2181 4154 Irenaeus,
2209 4104 2282 4144 ne
2308 4087 2384 4142 ob
2409 4084 2708 4142 Paschatis
2737 4081 3171 4140 dissensionem
3197 4080 3275 4138 ab
3301 4079 3562 4138 Ecclesia

1903 4179 2135 4253 aliquos
2161 4177 2460 4236 abdicaret
2481 4174 2615 4246 (99).

2641 4262 2820 4320 CXXI.

2175 4355 2498 4426 Hippolyti
2528 4352 2762 4410 libellus
2785 4356 2994 4409 contra
3018 4348 3281 4409 hamses.

237 4447 580 4545 ’Aw‘yvzbcﬂn
637 4442 975 4520 βιϐλιδάριον
1040 4447 1364 4502 Ἰππολύτουο
1419 4452 1663 4523 μαθητὴς
1731 4449 1789 4506 δὲ

1972 4447 2108 4518 Legi
2131 4445 2398 4503 libellum
2425 4441 2721 4516 Hippolyti
2745 4442 2820 4513 (ί)
2845 4440 2971 4513 (qui
2999 4439 3197 4497 Irenaai
3225 4438 3557 4512 discipulus

1507 4594 1740 4650 VARl/E
1780 4591 2188 4652 LECTIONES.

238 4716 285 4750 ⁷³
312 4718 344 4765 ὅ
362 4717 432 4769 Α.
513 4713 637 4786 ⁷⁶ί⁷⁷
671 4712 918 4776 Οὗτος...
953 4709 1307 4786 διαγεγονέναι
1339 4716 1478 4772 add.
1515 4721 1577 4773 A.
1613 4718 1824 4774 eadem
1864 4718 1904 4773 C
1933 4716 2114 4773 habet
2143 4713 2204 4769 in
2231 4727 2352 4782 mg.
2388 4710 2622 4786 posita:
2656 4707 2868 4786 intima)
2897 4707 3194 4784 ἀντιγράφω
3228 4705 3389 4768 οὕτως
3423 4706 3550 4780 ἔχον

173 4786 404 4859 εὕρηται.
487 4786 537 4821 ⁷⁸
567 4784 701 4859 ἄχρι
731 4805 788 4849 ς.
863 4787 912 4820 ⁷⁸
943 4781 1286 4859 μετεκυλίσθη
1313 4808 1368 4852 ς.
1446 4789 1494 4824 ³⁰
1522 4789 1803 4864 λεγομένων
1837 4811 1894 4854 ς’.
1971 4790 2011 4823 ⁸⁸
2049 4790 2074 4839 ό
2108 4790 2242 4858 post
2268 4781 2358 4837 καὶ
2389 4781 2531 4840 add.
2563 4785 2630 4837 A.
2709 4781 2755 4816 ⁸³
2786 4782 2932 4834 ἕνεκα
2960 4803 3016 4845 ς’.

1743 4933 1970 4989 NOTAE.

236 5057 350 5129 (94)
381 5057 448 5112 Β.
483 5053 720 5131 Hieron.
753 5069 887 5127 cap.
920 5055 1318 5131 Ἰβ-(Ὶαιαιρθίζ
1327 5071 1398 5112 ex
1426 5071 1549 5131 quo
1588 5056 1770 5112 etiam

175 5125 260 5185 hic
279 5125 454 5186 locus
482 5125 896 5200 conformatus
919 5127 1170 5183 videtur.
1188 5125 1256 5184 Et
1279 5125 1773 5200 Rom.'Marlyro-

176 5200 378 5271 legium
411 5200 447 5254 4
480 5197 728 5271 Novem.

235 5268 344 5344 (95)
378 5273 575 5338 Quem
608 5268 1140 5344 Grecescripsisse
1170 5269 1364 5344 allatis
1393 5287 1465 5327 ex
1499 5270 1773 5344 Eusebio,

169 5340 531 5400 Theodoreto
562 5346 621 5397 et
657 5340 993 5413 Epiphanio
1032 5341 1402 5412 fragmentis,
1431 5342 1640 5399 evincit
1668 5342 1779 5397 do-

173 5416 324 5470 ctiss.
363 5415 622 5470 Brisson.
673 5413 752 5470 ad
793 5414 833 5467 Ι.
878 5413 1250 5469 Dominicam
1292 5414 1436 5471 Cod.
1493 5413 1772 5470 Theodos.

177 5485 365 5559 qune
395 5487 580 5555 longe
611 5485 858 5559 uberius
921 5484 1128 5541 Franc.
1166 5485 1634 5542 Feuardentius:
1670 5501 1774 5541 eu-

170 5555 583 5626 jns'Irenazum
616 5555 776 5611 vide.

245 5629 557 5712 (99)-Eluqu
581 5627 716 5712 libri
744 5627 915 5699 primi
940 5642 1224 5712 magnam
1254 5633 1484 5700 partem
1515 5627 1776 5684 invenies

183 5698 340 5772 apud
359 5698 658 5774 Epiphan.
693 5698 906 5756 haeres.
938 5698 1028 5755 3|.

1958 5053 2071 5127 (97)
2117 5050 2584 5127 A_ACai_n_dictis,
2630 5047 3040 5106 commodiore
3087 5045 3308 5114 forma,
3361 5063 3550 5121 quam

1886 5128 1934 5184 si
1963 5122 2100 5182 cum
2126 5123 2258 5182 aliis
2283 5122 2535 5180 Caiauos
2561 5137 2752 5177 voces.

1961 5199 2072 5270 (98)
2123 5199 2264 5270 Quae
2293 5198 2568 5270 recenset
2591 5195 2650 5248 Β.
2700 5191 2851 5246 Hier.
2903 5193 2970 5246 35
2999 5205 3130 5261 cap.
3167 5188 3448 5262 Catalogi
3493 5195 3550 5248 et

1887 5268 2095 5347 Euseb.
2129 5268 2232 5347 Eb.
2264 5283 2319 5347 γ,
2349 5282 2480 5347 cap.
2507 5269 2594 5320 25.

1958 5341 2089 5413 (98')
2129 5339 2342 5394 Euseb.
2395 5332 2500 5393 lib.
2561 5353 2615 5400 v,
2670 5349 2802 5406 cap.
2844 5338 2895 5400 ὅ,
2939 5337 2995 5388 et
3027 5332 3087 5389 in
3159 5333 3434 5406 Catalogo
3486 5337 3545 5392 Β.

1889 5412 2124 5468 Hieron.

1958 5483 2072 5554 (99)
2113 5481 2436 5554 Episcopos
2482 5476 2867 5554 Asianos,__ut
2911 5475 2992 5532 ait
3029 5476 3091 5532 B.
3146 5474 3385 5533 Hieron.
3446 5477 3549 5535 ubi

1887 5549 1975 5610 su"
2009 5598 2018 5609 .
2051 5549 2107 5608 et
2134 5549 2344 5608 Euseb.
2378 5549 2480 5605 lib.
2516 5567 2570 5615 v,
2599 5563 2730 5618 cap.
2760 5550 2849 5602 24.

1959 5571 2032 5697 F1)
2057 5621 2490 5697 AnteaAArabite
2509 5619 2849 5697 yetropglit;

2057 5631 2240 5680 Antea
2267 5621 2490 5677 Arabite
2513 5618 2963 5691 Metropolitani,
2983 5623 3118 5691 post
3135 5634 3273 5675 cum
3296 5621 3545 5676 Romam

1884 5691 2140 5774 venisset
2170 5711 2206 5752 a
2237 5693 2472 5752 Callisto
2509 5693 2677 5751 Pont.
2726 5691 3062 5750 Portuensis
3108 5691 3288 5766 episc.
3340 5693 3546 5762 creati,
