4136 6216
628 296 733 353 403

1869 286 2104 344 PHOTII
2141 284 2289 341 ΡΑΤ]

2400 288 2618 346 acria
2658 294 2758 349 CP.
3863 318 3952 373 404

630 422 759 493 fuit)
788 423 993 477 contra
1016 418 1168 475 duas
1196 424 1252 476 et
1281 417 1518 491 triginta
1542 417 1822 473 hmreses.
1861 412 2221 485 Auspicatus
2255 426 2289 467 a

2402 415 2677 510 Eipnvuiou
2734 424 2759 473 6
2797 423 3113 491 Ἱππόλυτος.
3163 430 3260 485 Ἦν
3310 430 3369 487 δὲ
3424 439 3480 487 τὸ
3535 438 3797 510 σύνταγμα
3842 447 3952 494 κατὰ

631 509 1001 567 Dositheanis
1034 508 1111 580 (2)
1143 523 1333 580 usque
1363 508 1437 563 ad
1482 506 1646 562 Noeti
1677 505 1754 576 (3)
1781 509 1835 560 et
1866 504 2287 559 Noetianorum

629 600 882 657 haereses
906 616 919 653 :
943 613 1095 671 quas
1116 598 1309 661 refert,
1328 597 1550 652 Irenaeo
1563 596 1906 657 disserente,
1923 590 2288 661 argumentis

630 689 974 762 proﬂigatae
992 704 1002 741 :
1022 686 1348 758 horumque
1361 688 1839 756 argumentorum
1859 696 2161 736 summam
2177 678 2289 735 col-

630 778 909 848 ligantem
931 775 1285 842 se,libellum
1304 775 1463 831 hunc
1480 773 1925 845 conscripsisse.
1954 770 2151 827 Oratio
2163 769 2290 838 ejus

630 865 791 922 clara
808 870 913 933 est,
938 880 1009 921 ac
1026 865 1296 921 nonnihil
1310 863 1904 936 gravis,minimeque
1919 858 2287 922 redundans,

630 954 737 1011 etsi
775 954 853 1011 ad
880 960 1133 1010 Atticum
1164 969 1502 1010 sermonem
1531 968 1653 1008 non
1685 950 1908 1006 tendat.
1961 947 2153 1003 Refert
2189 962 2292 1001 au-

632 1048 750 1099 tem
774 1059 911 1098 cum
938 1043 1055 1099 alia
1076 1058 1195 1099 non
1219 1041 1467 1099 omnino
1488 1042 1696 1113 proba,
1721 1044 1848 1094 tum
1872 1036 2187 1109 epistolam
2213 1034 2289 1089 ad

631 1132 911 1189 Hebraeos
945 1148 1065 1188 non
1109 1148 1239 1188 esse
1285 1131 1445 1187 Pauli
1476 1128 1729 1202 apostoli
1763 1128 1861 1198 (4).
1894 1128 2107 1181 Ferunt
2150 1124 2288 1179 item

629 1222 791 1279 hunc
825 1222 1143 1278 conciones
1169 1222 1244 1278 ad
1281 1220 1595 1293 populum,
1638 1216 1904 1287 Origenis
1940 1214 2284 1279 imitatione,

630 1311 1156 1383 habuisse,illoque
1174 1308 1619 1367 familiarissime
1637 1308 2139 1370 utentem,tantum
2153 1317 2289 1358 esse

630 1401 854 1457 factum
883 1402 1237 1472 scriptorum
1260 1398 1529 1470 ejusdem
1552 1397 1998 1461 admiratorem,
2025 1396 2087 1449 ut
2109 1392 2183 1448 ad
2205 1391 2292 1446 di-

629 1492 835 1547 vinam
866 1491 1237 1562 Scripturam
1262 1486 1691 1545 commentario
1722 1482 2136 1540 illustrandam
2158 1480 2290 1537 hor-

632 1581 816 1639 tando
842 1579 1145 1653 impulerit
1177 1580 1255 1652 (5)
1290 1596 1301 1633 :
1336 1577 1554 1634 additis
1583 1577 1763 1632 etiam
1795 1574 1875 1630 illi
1906 1587 2014 1628 suo
2046 1574 2292 1642 sumptu

631 1678 852 1744 septem
910 1670 1173 1736 notariis,
1214 1669 1316 1743 qui
1355 1668 1574 1725 dictata
1612 1664 1874 1721 celeriter
1932 1662 2287 1733 exciperent,

2400 506 2643 579 αἱρέσεων
2695 510 2800 584 λβ’,
2850 513 3023 587 ἀρχὴν
3069 524 3372 594 ποιούμενον
3420 524 3548 597 [162
3602 506 3955 599 Η.]’-Δοσιθεα-

2399 600 2556 690 νούςῗν
2606 605 2694 652 xui
2737 608 2900 675 μέχρι
2949 613 3153 665 Nom-06
3208 617 3299 665 xui
3346 620 3645 672 Νοητιανών
3701 614 3954 690 διαλαμϐά-

2398 705 2480 780 νον
2520 688 2592 743 ⁸⁸.
2641 695 2847 755 Ταύτας
2891 692 2949 749 δέ
2993 718 3150 770 φησιν
3198 700 3434 775 ἐλέγχοις
3471 704 3820 765 ὑποϐληθῆναι
3847 688 3954 780 -όμι-

2398 774 2601 838 λοῦντος
2674 780 2971 853 Εἱρηναίου,
3038 788 3105 839 ὧν
3169 796 3257 842 xui
3333 793 3547 864 σύνοψιν
3605 796 3629 846 ὁ
3692 795 3956 860 Ἱππόλυτος

2399 869 2704 955 ποιούμενος
2749 869 2870 925 τόδε
2928 879 2981 927 τὸ
3032 875 3236 948 βιϐλίον
3289 887 3419 953 φησὶ
3459 889 3835 955 συντεταχέναι.
3871 892 3957 944 Τὴν

2401 950 2459 1006 δι
2490 960 2677 1030 φράσιν
2735 968 2905 1034 σαφής
2951 963 3063 1017 ἔστι
3116 973 3205 1020 xui
3242 971 3529 1043 ὑπόσεμνος
3567 978 3655 1026 καὶ
3698 972 3956 1047 ἁπέριττος,

2400 1052 2443 1095 ει
2498 1052 2586 1099 xui
2634 1053 2765 1121 πρὸς
2831 1056 2917 1104 τόν
2968 1056 3209 1109 Ἀττικὸν
3266 1060 3359 1111 οὐκ
3422 1060 3778 1136 ἐπιστρέφεται
3816 1064 3960 1137 λόγον.

2398 1139 2552 1207 Λέγει
2603 1135 2661 1190 δε
2699 1140 2828 1193 ἅλλα
2873 1147 2929 1195 τέ
2971 1164 3085 1197 τινα
3133 1154 3229 1209 τῆς
3266 1147 3533 1221 ἀκριϐείας
3579 1135 3962 1225 λειπόμεναςκαὶ

2398 1227 2477 1277 ὅτι
2525 1229 2554 1284 ἡ
2616 1233 2745 1303 πρὸς
2791 1230 3055 1305 Ἐϐραίους
3108 1236 3385 1298 Ἐπιστολὴ
3437 1240 3532 1293 οὐκ
3575 1244 3687 1294 ἔστι
3735 1251 3819 1295 τοῦ
3861 1243 3965 1296 ἁπο-

2400 1317 2586 1369 στόλου
2644 1320 2874 1375 Παύλου.
2930 1327 3149 1396 Λέγεται
3203 1324 3263 1380 δὲ
3314 1329 3458 1390 οὗτος
3516 1336 3603 1383 καὶ
3635 1333 3682 1367 ⁸⁴
3738 1352 3965 1406 προσομιο

2398 1402 2498 1456 λεὶν
2556 1415 2625 1477 τῷ
2672 1407 2778 1479 λαῷ
2826 1416 2959 1464 κατὰ
3017 1419 3238 1486 μίμησιν
3284 1419 3596 1493 Ὠριγένους,
3638 1421 3701 1473 οὗ
3737 1426 3819 1473 καὶ
3868 1442 3965 1475 συν-

2399 1496 2526 1556 ήθης
2583 1498 2816 1568 μάλιστα
2863 1507 2952 1554 xui
2994 1502 3219 1577 ἔραστὴς
3268 1516 3366 1559 τῶν
3419 1507 3582 1581 λόγων
3639 1512 3886 1583 ὑπῆρχεν,
3914 1514 3969 1572 ὡς

2399 1590 2488 1636 xui
2565 1589 2962 1661 προτρέψασθαι
3024 1593 3175 1645 αὑτὸν
3228 1600 3321 1654 τὴν
3372 1598 3507 1649 θείαν
3565 1600 3967 1672 ὑπομνηματίσαι

2401 1679 2628 1746 Γραφὴν,
2692 1676 3093 1749 ἐγκαταστήσας
3151 1684 3290 1755 αὐτῷ
3336 1692 3425 1739 xui
3468 1688 3809 1762 ὑπογραφέας,
3860 1690 3968 1741 έπτὰ

630 1762 997 1833 totidemque
1049 1760 1323 1824 librariis,
1380 1758 1484 1832 qui
1535 1760 1808 1814 accurate
1863 1751 2286 1849 describerent.

2400 1768 2775 1838 ταχυγράφους
2850 1774 2937 1822 xui
2994 1771 3195 1846 ἑτέρους
3248 1778 3529 1838 τοσούτους
3585 1751 3867 1851 γράφοντας
3914 1778 3968 1838 εἰς

630 1853 765 1907 Haec
809 1850 986 1922 igitur
1011 1849 1570 1905 subministrantem
1606 1844 2008 1917 Hippolytum,
2042 1840 2168 1895 sine
2200 1855 2292 1895 re-

632 1941 916 1999 missione
960 1939 1193 1995 solitum
1233 1939 1467 2008 exigere
1510 1952 1682 2007 opus,
1720 1932 1885 2006 quod
1927 1929 2292 1987 elaborasset

634 2031 965 2100 Origenes:
1012 2034 1190 2101 atque
1254 2028 1396 2083 hinc
1461 2026 1639 2082 etiam
1702 2022 1889 2094 operis
1951 2023 2287 2076 exactorem

632 2118 877 2190 epistola
923 2116 1190 2189 quadam
1220 2116 1298 2171 ab
1322 2131 1393 2171 eo
1438 2113 1755 2171 nominari.
1805 2110 2292 2167 Commemorant

632 2214 832 2262 autem
884 2206 957 2277 (6)
999 2210 1055 2261 et
1109 2205 1271 2261 hunc
1322 2203 1443 2260 alia
1499 2207 1781 2276 praeterea
1838 2197 2097 2271 plurima
2152 2196 2289 2252 scri-

630 2296 839 2368 psisse.
2004 2314 2009 2317 λ

1355 2384 1567 2443 CXXII.

809 2473 1022 2531 Sancti
1044 2473 1382 2545 Epiphanii
1409 2474 1814 2533 Panariorum
1843 2474 1987 2532 libri
2010 2490 2107 2532 vu.

702 2651 862 2725 956
890 2651 1163 2722 Legimus
1190 2652 1551 2708 sanctissimi
1574 2652 1832 2726 episcopi
1858 2652 2167 2725 Epiphanii
2188 2653 2290 2709 ad-

631 2757 837 2798 versus
850 2741 1145 2811 octoginta
1158 2740 1407 2797 haereses
1422 2741 2097 2808 Panan’a,voluminibus
2110 2742 2292 2798 tribus

632 2832 692 2888 in
723 2831 906 2887 libros
934 2835 1160 2903 septem
1182 2831 1521 2888 distributa.
1552 2834 1735 2889 Ducto
1758 2833 1935 2903 igitur
1966 2849 2001 2889 a
2025 2833 2293 2889 barbari-

633 2936 765 2977 smo
808 2920 995 2983 initio,
1031 2920 1215 2976 tendit
1245 2919 1383 2975 inde
1414 2937 1603 2993 usque
1638 2921 1714 2977 ad
1746 2921 2125 2977 Messalianos
2168 2923 2243 2993 (7)
2274 2941 2285 2980 :

634 3008 879 3074 caeteris,
919 3008 1022 3080 qui
1066 3013 1202 3063 ante
1240 3009 1441 3080 ipsum
1484 3015 1687 3065 contra
1724 3009 1983 3065 haereses
2036 3010 2293 3081 scripse-

2397 1854 2597 1919 κάλλος,
2631 1857 2697 1907 ὧν
2752 1854 2812 1915 ἦν
2870 1864 2959 1913 καὶ
3010 1870 3101 1922 τῆς
3140 1859 3374 1925 δαπάνης
3422 1866 3573 1927 αὐτὸς
3623 1874 3865 1941 χορηγός⁹
3896 1872 3971 1919 καὶ

2396 1953 2561 1997 ταῦτα
2630 1946 3041 2022 ὑπηρετούμενος
3108 1953 3249 2023 αὐτῴ
3320 1953 3556 2008 ἀπαιτεῖν
3610 1957 3767 2010 αὐτὸν
3820 1956 3973 2031 ἀπαρ-

2399 2040 2625 2097 αιτήτως
2677 2040 2734 2089 τὸ
2792 2041 2959 2113 ἔργον,
3011 2039 3063 2103 ἐξ
3125 2042 3186 2094 οὗ
3252 2049 3341 2096 xui
3393 2043 3749 2117 ἐργοδιὼκτην
3807 2046 3849 2099 ἐν
3892 2052 3974 2119 μιᾷ

2398 2134 2496 2176 τῶν
2548 2125 2829 2180 ἐπιστολῶν
2895 2132 3037 2203 παρά
3092 2130 3383 2203 Ὠριγένους
3435 2134 3715 2194 κληθῆναι.
3779 2137 3975 2190 Πλεῖστα

2403 2211 2461 2267 δὲ
2483 2220 2568 2268 xui
2602 2217 2750 2280 οὗτος
2780 2218 2982 2291 λέγεται
3015 2226 3451 2296 συγγεγραφέναι.

3120 2401 3283 2457 PKB'.

2569 2486 2869 2561 Ἐπιφανίου
2910 2487 3195 2569 ἐπισκόπου
3239 2493 3449 2568 Κύπρου
3483 2495 3548 2546 τὰ
3580 2496 3832 2569 Πανάρια,

3072 2562 3213 2633 λόγον
3238 2564 3308 2624 ζ’.

2473 2647 2799 2719 Ἀνεγνώσθη
2859 2651 3161 2722 Ἐπιφανίου
3210 2660 3301 2703 τοὺ
3362 2652 3656 2724 ἁγιωτάτου
3717 2655 3975 2708 ἐπισκόπου

2402 2740 2466 2789 τὰ
2519 2740 2773 2811 Πανάρια,
2834 2738 2881 2791 ἓν
2930 2744 3147 2812 τεύχεσι
3197 2744 3287 2813 μεν
3317 2742 3382 2813 γ’,
3441 2748 3615 2815 τὸμοις
3671 2742 3731 2797 δε
3780 2745 3978 2811 ζ’,κατὰ

2402 2829 2645 2901 αἱρέσεων
2678 2824 2737 2880 δὲ
2784 2828 2860 2885 π’,
2900 2835 3160 2904 Ἀρχεται
3206 2834 3295 2903 μεν
3341 2830 3441 2883 ἀπὸ
3480 2839 3569 2885 τοῦ
3601 2832 3977 2909 βαρϐαρισμοῦ,

2408 2916 2537 2988 [304
2565 2918 2655 2990 8.]
2674 2919 2880 2970 κάτεισι
2902 2915 2961 2971 δε
2976 2924 3139 2993 μέχρι
3165 2930 3263 2973 τῶν
3290 2921 3689 2978 Μεσσαλιανῶν.
3721 2927 3912 2976 Πάντων
3932 2919 3982 2973 δὲ

2404 3014 2503 3055 τῶν
2534 3009 2632 3078 πρὸ
2678 3005 2837 3058 αὐτοῦ
2881 3008 3013 3059 κατὰ
3054 3010 3297 3081 αἱρέσεων
3327 3009 3789 3068 καταϐεϐληκότων
3814 3014 3981 3069 πόνους

633 3102 771 3153 runt
814 3098 914 3169 (8),
950 3097 1248 3169 copiosior
1285 3103 1465 3170 atque
1503 3098 1697 3154 utilior
1729 3116 1741 3151 :
1775 3103 2089 3171 pr0pterea
2126 3100 2289 3171 quod

2404 3094 2719 3167 πλατύτερός
2764 3114 2817 3147 τε
2865 3101 2953 3147 καὶ
3000 3103 3424 3172 χρησιμώτερος,
3449 3100 3529 3151 ὅτι
3578 3099 3713 3175 οἷπερ
3763 3120 3813 3153 τε
3864 3099 3979 3151 ἑκεί-

635 3203 768 3259 quas
779 3186 988 3259 reliqui
1007 3185 1171 3242 utilia
1187 3187 1594 3254 continebant,
1613 3186 1707 3243 hic
1728 3203 2116 3261 nequaquam
2140 3204 2289 3261 pra--

635 3276 887 3332 termisit
914 3293 927 3342 ;
956 3274 1060 3330 sed
1078 3290 1475 3349 quascumque
1493 3280 1708 3348 praeter
1725 3276 1825 3332 illa
1846 3278 2111 3334 studiose
2128 3295 2291 3350 repe-

633 3367 746 3422 rire
807 3365 1016 3439 potuit,
1093 3364 1385 3435 adjunxit.
1456 3365 1641 3421 Dictio
1701 3366 1828 3437 ejus
1888 3367 2151 3436 humilis,
2220 3385 2290 3425 ac

634 3456 811 3528 plane
853 3455 1007 3521 talis,
1040 3452 1282 3526 qualem
1313 3454 1444 3525 ejus
1471 3470 1602 3510 esse
1633 3455 1905 3527 oportuit,
1940 3457 2043 3529 qui
2086 3457 2290 3515 Atticm

634 3543 943 3613 elegantias
972 3544 1264 3599 rationem
1294 3542 1521 3599 nullam
1554 3543 1813 3600 duceret.
1847 3545 2122 3601 Inﬁrmus
2149 3563 2290 3604 vero

634 3638 699 3691 ut
745 3634 1067 3706 plurimum
1105 3638 1192 3689 est
1220 3634 1279 3689 in
1311 3634 1692 3691 conﬂictibus
1733 3635 2022 3691 adversus
2074 3637 2291 3709 impias

633 3724 891 3781 haereses
933 3723 1241 3797 susceptis.
1276 3722 1375 3778 Est
1400 3728 1597 3779 tamen
1626 3724 1729 3779 ubi
1756 3724 1978 3782 fortiter
2021 3728 2293 3797 aggredi-

634 3817 732 3870 tur
768 3820 947 3887 atque
976 3814 1161 3880 irruit,
1195 3813 1475 3886 quamvis
1507 3827 1702 3887 neque
1736 3814 2050 3871 verborum
2080 3816 2288 3888 ipsius,

627 3920 821 3978 neque
880 3903 1339 3960 oonstructionis
1399 3903 1733 3976 proprietas
1790 3904 1913 3962 ulla
1980 3921 2052 3963 ex
2118 3904 2287 3978 parte

634 3994 1010 4067 praestantior
1032 3990 1344 4049 efﬁciatur.

1345 4082 1568 4139 CXXIII.

1122 4171 1409 4242 Ejusdem
1450 4175 1803 4230 Ancoratus.

708 4260 982 4331 Legimus
1009 4260 1278 4331 ejusdem
1300 4261 1660 4318 Ancoratum
1686 4263 1759 4333 (9)
1780 4278 1915 4335 quae
1938 4262 2111 4335 quasi
2133 4279 2294 4320 com-

634 4350 954 4423 prehensio
974 4350 1257 4422 quasdam
1282 4348 1517 4407 brevior
1542 4356 1628 4406 est
1656 4352 2077 4408 Panariorum.

2404 3203 2505 3244 νοις
2554 3183 2744 3259 ἐρρήθη
2792 3188 2849 3236 τό
2905 3191 3177 3257 χρῆσιμον
3223 3190 3435 3259 ἔχοντα,
3468 3189 3613 3249 οὗτος
3667 3190 3725 3242 οὐ
3776 3187 3978 3261 παραλι-

2402 3272 2566 3336 λοιπε,
2601 3279 2691 3326 xui
2744 3276 2789 3326 εἰ
2845 3293 2896 3325 τι
2938 3276 3297 3348 προσεξευρεῖν
3354 3274 3617 3340 ἠδυνήθη,
3684 3280 3971 3351 προσέθηκε.

2401 3368 2506 3421 Τὴν
2563 3359 2621 3415 δε
2666 3365 2857 3435 φράσιν
2908 3370 3145 3426 ταπεινός
3197 3384 3249 3418 τε
3309 3371 3398 3418 xui
3446 3368 3530 3419 οἶα
3577 3367 3719 3432 εἰκός
3768 3367 3983 3422 Ἀττικῆς

2402 3449 2645 3512 παιδείας
2687 3451 2997 3524 ἀμελέτητον
3049 3457 3348 3525 τυγχάνειν.
3388 3455 3641 3517 Ἀσθενὴς
3702 3454 3759 3509 δὲ
3811 3455 3861 3507 ἐκ
3905 3459 3981 3505 τοῦ

2403 3541 2487 3593 ἐπὶ
2533 3540 2774 3594 πλεῖστον
2827 3540 2874 3593 ἐν
2919 3549 3032 3603 ταῖς
3088 3546 3223 3594 κατὰ
3277 3552 3376 3596 τῶν
3435 3542 3714 3598 δυσσεϐῶν
3760 3547 3980 3616 αἱρέσεων

2405 3630 2749 3701 συμπλοκαῖς·
2812 3630 3027 3703 ἐνιαχοῦ
3080 3637 3251 3702 μέντοι
3329 3632 3586 3706 ἀριστεύει
3670 3642 3781 3695 ταῖς
3832 3630 3982 3685 ἐπιϐο-

2401 3720 2531 3785 λαῖς,
2583 3720 2626 3772 εἰ
2672 3724 2761 3773 xui
2812 3729 2911 3772 τῶν
2954 3722 3201 3794 ῥημάτων
3253 3722 3393 3792 αὐτῷ
3444 3729 3534 3776 xui
3573 3732 3676 3787 τῆς
3722 3722 3984 3784 συντάξεως

2402 3806 2553 3863 οὐδεν
2582 3812 2639 3862 τὸ
2674 3805 2869 3881 ἰδίωμα
2901 3810 3325 3883 συμϐελτιοῡται.

3126 4084 3282 4132 PKI".

2849 4175 2952 4221 Τοῦ
2979 4166 3138 4220 αὐτοῦ
3169 4170 3194 4219 ὁ
3218 4167 3569 4242 Ἀγκυρωτός.

2476 4260 2804 4333 Ἀνεγνὼσθη
2873 4266 2963 4310 τοῦ
3022 4258 3181 4309 αὐτοῦ
3237 4258 3261 4308 ὁ
3343 4258 3695 4330 Ἀγκυρωτός,
3791 4254 3983 4325 σύνοψις

2324 4356 2369 4410 D
2404 4356 2578 4427 ὥσπερ
2607 4359 2704 4403 τῶν
2741 4353 3009 4422 ΙΙαναρίων
3037 4348 3382 4419 ὑπάρχουσα.

1978 4482 2211 4537 νΑΒΙΑΞ
2244 4482 2651 4542 LECTIONES.

1427 4600 1474 4635 ⁸⁸
1501 4596 1650 4663 οὗτος
1680 4605 1769 4653 καί
1798 4602 1842 4655 Α
1878 4617 1889 4657 :
1923 4607 2011 4655 xui
2042 4603 2188 4666 οὗτος
2220 4626 2275 4669 ς’.

706 4601 751 4636 ⁸³
785 4597 1260 4675 διαλαμϐανψενον
1291 4622 1345 4665 ς.

2210 4728 2435 4786 ΝΟΤΕ.

633 4869 876 4928 unaque
938 4852 1226 4925 martyrio
1287 4851 1554 4907 coronati
1585 4869 1596 4905 :
1630 4850 1704 4907 de
1767 4867 1889 4933 _quo
1949 4854 2011 4907 D.
2080 4854 2289 4936 Baron.

630 4925 1253 5058 ἷᾶὶιρὶέιιᾏὲἓέιῖτιυω
1285 4923 1419 4979 Chr.
1456 4922 1554 4978 £29
1586 4939 1599 4988 ;
1633 4928 1688 4979 et
1719 4923 2031 4997 Nicephor.
2072 4925 2289 4982 Callist.

653 5013 733 5057 ID.
771 5014 845 5063 1v,
878 5013 1010 5063 cap.
1040 5013 1128 5051 δι.

703 5013 1206 5143 ἱέἷγῦἓῗὸεῗῖὶίθο
1239 5065 1752 5143 Samaritanorum
1781 5066 2049 5143 principe
2088 5069 2294 5143 memi-

631 5137 721 5201 nit
766 5137 831 5198 Β.
864 5140 1095 5197 Hieron.
1139 5144 1346 5194 contra
1391 5137 1735 5193 Luciferian.
1788 5137 1849 5195 et
1906 5137 2179 5196 Pbilastr.
2232 5142 2290 5196 in

632 5213 917 5283 Catalogo
950 5212 1282 5285 _haareseon.
1331 5209 1739 5282 Hegesippum
1766 5227 2006 5285 quoque
2038 5212 2193 5282 vide,
2238 5218 2293 5268 et

633 5285 921 5357 Epiphan.
948 5283 1051 5339 lib.
1084 5301 1097 5335 ι
1122 5283 1341 5357 ΡαηᾳνΣ

704 5352 781 5427 (3)
830 5352 1506 5427 PraeceptorisSabellii,
1550 5354 1624 5427 de
1654 5371 1775 5427 quo
1824 5354 1958 5407 vide
1999 5354 2289 5427 Epiphan.

629 5424 842 5483 haras.
903 5428 964 5481 57
1016 5424 1043 5490 ς’
1075 5430 1129 5480 et
1173 5424 1518 5481 Theodorei.
1570 5424 1691 5481 lib.'
1721 5442 1757 5481 ιι
1802 5424 2286 5482 ϐοηίναἸὶκνεε.

630 5498 945 5556 Noetianos
979 5501 1178 5551 autem
1214 5496 1455 5552 eosdem
1511 5497 1695 5553 videri
1745 5513 1883 5552 cum
1922 5496 2288 5561 Sabellianis,

629 5574 837 5626 auctor
862 5574 951 5639 est
979 5570 1037 5622 Β.
1067 5572 1310 5637 August.
1340 5569 1426 5624 De
1456 5567 1660 5625 Ita-res.
1694 5585 1825 5639 cap.
1853 5571 1905 5623 4.

716 5642 790 5707 (4)
846 5637 1186 5693 Discussam
1230 5639 1386 5693 hanc
1434 5637 1894 5695 controversiam
1930 5638 2087 5707 leges
2129 5653 2162 5692 a
2213 5639 2291 5693 ud

716 5727 782 5767 os
798 5709 1090 5767 illustriss.
1117 5709 1320 5767 cardd.
1342 5710 1617 5767 Bellarm.
1641 5717 1785 5767 tom.
1814 5715 1852 5767 l.
1877 5716 2037 5767 cont.
2071 5654 2227 5767 LUB.
2250 5726 2288 5766 ι.

2217 5726 2288 5766 .I.

627 5713 782 5773 duos
798 5709 1090 5772 illustriss.
1117 5709 1320 5769 cardd.
1342 5710 1617 5770 Bellarm.
1641 5717 1785 5768 tom.
1814 5715 1852 5777 l,
1877 5716 2037 5768 cont.
2071 5709 2163 5779 ι,Ιὶ

2401 4870 2453 4910 c.
2492 4854 2599 4921 t7;
2632 4858 2687 4909 et
2712 4853 2922 4908 Baron.
2953 4852 3130 4907 tom.l
3160 4852 3399 4917 Annal.,
3424 4851 3499 4908 ad
3532 4866 3767 4909 annum
3795 4849 3892 4907 Ch.
3914 4848 3995 4904 69.

2473 4926 2548 4997 (5)
2584 4925 2873 4999 Eusebius
2902 4923 3232 4999 _tamenlib.
3263 4929 3429 4999 vr,Aet_
3445 4939 3517 4999 ex
3556 4939 3628 4980 eo
3672 4926 3737 4999 li}.
3771 4923 3992 4999 Hieron-

2401 4994 2539 5070 cap.
2576 4998 2743 5070 σερε
2771 4996 2989 5070 δσνίρε.
3012 4996 3214 5070 eccles.
3244 5000 3299 5070 et
3329 4994 3547 5070 _Suidas
3572 4994 3891 5070 Ambrosio
3914 4994 3997 5047 tri-

2403 5065 2591 5149 buunt
2620 5068 2885 5149 illiquem
2911 5068 2981 5121 de
3009 5065 3531 5149 Marcionishaeresi
3557 5068 3846 5149 prigenes
3870 5077 3996 5149 conf

2400 5144 2654 5196 verterat
2694 5135 2915 5211 :idque
2968 5138 3345 5209 potissimum
3401 5135 3790 5195 mmulatione
3830 5135 3997 5207 hujus

2400 5210 2970 5299 HiPROIY‘iEWEEF“:

2472 5277 2552 5355 (ξ)
2585 5277 2797 5337 Euseb.
2824 5281 2929 5355 lib.
2957 5295 3035 5355 vi,
3069 5295 3197 5355 cap.
3226 5284 3287 5336 t6
3318 5279 3539 5355 Hister.
3566 5282 3775 5355 eoi-les.
3802 5284 3860 5355 _et
3884 5277 3999 5355 plu-

2399 5346 2562 5410 ra‘B'.
2599 5356 2837 5409 Hieron.
2874 5354 2931 5407 in
2968 5346 3302 5425 Hippdlyto,
3327 5352 3585 5425 itemque
3612 5346 3999 5425 Niceph.Cal-

2399 5427 2513 5482 list.
2549 5425 2650 5480 lib.
2694 5440 2939 5497 iv,cap.
2973 5423 3066 5478 3t.

2496 5500 2546 5579 ἶ)
2577 5498 2654 5579 I_)e
2685 5494 2904 5579 quibus
2931 5510 3062 5579 sup.
3094 5494 3228 5579 cod.
3259 5495 3355 5551 52.

2498 5571 2549 5638 8)
2576 5563 2808 5624 Justino
2851 5563 3123 5638 Martyre,
3158 5567 3398 5632 Irenaeo,
3440 5564 3790 5641 Hippolyto,
3824 5563 3999 5623 Theo-

2401 5640 2605 5696 doreto
2645 5656 2913 5713 quoque.

2473 5712 2551 5784 (9)
2582 5712 2684 5770 Al.
2718 5713 3080 5783 Ancyrotum
3096 5752 3109 5768 .
