4136 6216
201 287 303 344 405

921 410 1080 466 PKA'.

429 508 534 556 Τοῦ
559 500 724 554 αὐτοῦ
758 502 900 576 [περὶ
930 505 1127 574 μέτρων
1164 505 1254 554 καὶ
1287 500 1554 573 σταθμῶν]
1581 542 1590 553 .

271 592 602 663 ’Δνεγνωσθη
628 598 720 644 τοῦ
745 590 910 644 αὐτοῦ
941 591 1018 648 ⁸⁵.

943 766 1098 822 PKE'.

206 862 494 916 ’ῐουστίνου
535 866 630 913 τοῦ
662 861 948 935 ’μάρτυρος
996 857 1249 935 ἀπολογία
1283 858 1408 932 ὑπὲρ
1458 865 1808 932 Χριστιανῶν,

653 929 872 1007 ἆπορίαι
901 935 989 984 καὶ
1017 929 1163 1002 ἕτερά
1191 949 1326 982 τινα.

281 1022 608 1093 Ἀνεγνώσθη
695 1021 982 1075 Ἰουστίνου
1061 1027 1151 1072 τοῦ
1208 1021 1473 1092 μάρτυρος
1525 1019 1812 1090 Ἀπολογία

206 1113 332 1186 ὑπὲρ
416 1118 750 1184 Χριστιανῶν
825 1115 915 1163 καὶ
987 1111 1123 1161 κατὰ
1196 1107 1445 1166 Ἑλλήνων
1509 1112 1601 1160 καὶ
1677 1111 1812 1160 κατὰ

202 1197 500 1266 Ἰουδαίων,
534 1204 624 1252 καὶ
667 1202 743 1252 ἔτι
792 1198 940 1274 ἑτέρα
985 1198 1140 1251 αὐτοῦ
1179 1199 1512 1270 πραγματεία
1555 1200 1690 1250 κατὰ
1720 1207 1810 1250 τοὺ

200 1296 410 1363 πρώτου
489 1294 582 1342 καὶ
654 1286 900 1363 δευτέρου
999 1297 1092 1349 τῆς
1171 1296 1399 1360 φυσικῆς
1493 1285 1807 1360 ἀκροάσεως,

198 1384 316 1438 ἤτοι
374 1381 517 1431 κατὰ
570 1373 747 1440 εἷδους
792 1383 880 1431 καὶ
925 1377 1048 1440 ὕλης
1096 1382 1186 1430 καὶ
1241 1381 1552 1450 στερήσεως,
1606 1375 1810 1449 ἐπιχει-

194 1473 488 1542 ρηματαοὶ
534 1472 627 1520 καὶ
672 1466 844 1540 βίαιοι
885 1473 976 1520 καὶ
1017 1462 1300 1542 χρειώδεις
1347 1465 1514 1536 λόγοι,
1554 1469 1811 1519 καὶκατὰ

196 1565 285 1610 τοῦ
377 1562 625 1629 πέμπτου
703 1562 945 1630 σώματος
1031 1557 1241 1628 ὁμοίως,
1325 1559 1412 1607 καὶ
1502 1558 1639 1608 κατὰ
1716 1564 1808 1618 τῆς

199 1644 377 1700 ἀιδίου
407 1652 689 1712 κινήσεως,
722 1646 782 1706 ἣν
827 1645 1195 1721 Ἀριστοτελης
1243 1641 1500 1703 δεινότητι
1543 1644 1808 1717 λογισμῶν

1221 281 1710 340 BIBLIOTHECA.
1751 311 1822 323 —
1861 279 2072 339 CODD.
2116 281 2578 342 CXXII-CXXVI.

1843 407 1894 464 Α

3472 286 3578 345 406

2644 412 2858 469 CXXIV.

2063 497 2346 568 Ejusdem
2372 499 2445 557 de
2471 504 2760 558 mensuris
2789 507 2843 558 et
2871 501 3228 572 ponderibus
3261 503 3432 561 liber.

1996 587 2271 656 Legimus
2287 590 2556 661 ejusdem
2568 592 2651 647 De
2667 591 2958 649 mensuris
2974 597 3022 648 et
3037 592 3396 663 ponderibus
3411 591 3581 650 libel-

1921 674 2045 732 lum
2081 677 2215 747 (10).

2653 771 2851 828 CXXV.

1919 855 1962 913 J
1965 855 2082 910 usti
2084 854 2142 910 ni
2152 855 2427 930 Martyris
2438 859 2554 931 Apo
2563 861 2650 930 tog
2657 861 2714 988 ia
2721 875 2831 987 pro
2847 860 3218 926 Christianis,
3227 860 3580 928 Quaestiones

2627 947 2657 987 e
2725 947 2760 987 a
2787 948 2865 988 ια.

2627 947 2681 988 ει
2725 947 2865 988 ana.

1993 1024 2168 1080 Lecta
2224 1025 2310 1078 est
2366 1020 2486 1091 (11)
2540 1020 2750 1076 Justini
2804 1021 3068 1094 Martyris
3131 1022 3422 1093 Apologia
3464 1038 3580 1094 pro

1923 1112 2297 1177 Christianis,
2351 1125 2490 1166 eum
2520 1109 2809 1166 adversus
2854 1115 3080 1182 gentes,
3114 1115 3241 1167 tum
3289 1111 3581 1168 adversus

1919 1201 2172 1258 Judeeos.
2227 1203 2287 1256 Et
2333 1203 2620 1272 praeterea
2665 1198 2813 1255 alter
2855 1199 2986 1270 ejus
3038 1204 3324 1256 tractatus
3374 1206 3583 1259 contra

1914 1292 2173 1361 primum
2190 1297 2242 1348 et
2254 1289 2573 1347 secundum
2596 1288 2816 1344 librum
2825 1287 3088 1360 physicas
3105 1289 3578 1359 auscultationis,

1920 1382 2044 1438 sive
2071 1386 2278 1438 contra
2302 1380 2582 1444 formam,
2617 1379 2932 1436 materiam
2961 1385 3018 1436 et
3046 1381 3464 1452 privationem,
3493 1397 3584 1439 ra-

1919 1471 2183 1527 tionibus
2200 1468 2708 1543 epicherematicis
2721 1485 2790 1525 ac
2805 1468 3257 1542 violentis,quod
3275 1485 3348 1526 ex
3362 1485 3476 1526 usu
3496 1473 3584 1528 est

1921 1559 2178 1615 inferens
2202 1577 2216 1612 :
2240 1559 2565 1631 itidemque
2595 1558 2817 1614 Contra
2860 1558 3135 1631 quintum
3165 1559 3320 1615 illud
3346 1575 3579 1629 corpus,

1917 1655 2240 1720 motumque
2262 1649 2695 1719 sempiternum,
2723 1663 2906 1719 quem
2935 1648 3235 1704 rationum
3265 1664 3514 1705 suarum
3529 1647 3580 1703 vi

199 1737 519 1800 ἐναπετεκεν,
558 1738 636 1789 in
661 1755 714 1789 τε
747 1737 1004 1809 Ἀποριῶν
1051 1737 1186 1788 κατὰ
1229 1743 1318 1794 τῆς
1359 1733 1616 1796 εὐσεϐείας
1658 1754 1809 1808 κεφα-

1931 1737 2262 1794 Aristoteles
2314 1735 2560 1809 peperit,
2616 1737 3012 1803 Quaestionum
3060 1735 3321 1809 denique
3373 1743 3582 1795 contra

198 1823 366 1879 λαιωδ
368 1846 442 1887 εις
473 1825 759 1888 ἑπιλύσεις.

265 1923 427 1970 Ἐστι
471 1912 535 1968 δε
579 1913 886 1987 φιλοσοφίας
928 1917 1017 1986 μεν
1047 1913 1073 1965 ό
1123 1912 1250 1986 ἀνὴρ
1300 1921 1390 1974 τῆς
1427 1933 1479 1966 τε
1511 1912 1630 1966 καθ’
1677 1915 1810 1987 ἡμᾶς

200 2011 284 2058 καὶ
328 2006 577 2078 μάλιστα
637 2023 696 2076 γε
751 2013 842 2064 τῆς
894 2005 1110 2077 θύραθεν
1161 2003 1227 2064 εἰς
1285 2004 1441 2077 αἰκρον
1504 2001 1809 2075 ἀνηγμένος,

201 2094 512 2167 πολυμαθία
538 2095 586 2130 ⁸⁸
613 2113 668 2146 τε
714 2098 804 2146 καὶ
837 2095 1080 2166 ἱστοριῶν
1110 2091 1499 2166 περιρρεόμενος
1538 2092 1742 2163 πλούτῳ
1795 2110 1806 2122 ·

199 2184 517 2256 ῥητορικαῑς
557 2179 617 2236 δὲ
662 2187 875 2254 τέχναις
924 2181 1017 2234 οὑκ
1061 2183 1188 2254 ἔσχε
1233 2178 1473 2240 σπουδὴν
1513 2179 1813 2254 ἐπιχρῶσαι

201 2277 256 2326 τό
309 2276 545 2346 ἔμφυτον
600 2271 761 2324 αὐτοῦ
834 2279 928 2334 τῆς
980 2270 1282 2344 φιλοσοφίας
1339 2270 1538 2332 κάλλος.
1592 2274 1678 2324 Διό
1723 2276 1812 2324 καὶ

198 2365 246 2414 οἱ
284 2361 440 2434 λόγοι
491 2361 656 2414 αὐτοῦ
707 2360 872 2424 ἄλλως
914 2363 1053 2422 ὄντες
1097 2357 1314 2413 δυνατοὶ
1359 2364 1450 2412 καὶ
1499 2364 1556 2412 τό
1597 2360 1810 2419 ἐπιστη-

194 2455 412 2524 μονικόν
456 2448 836 2514 διασώζοντες,
889 2458 987 2502 τῶν
1027 2448 1212 2503 ἐκεῖθεν
1261 2449 1354 2502 ουκ
1406 2449 1535 2502 εἰσὶν
1575 2447 1806 2503 ἀποστά-

197 2543 375 2604 ζοντες
425 2541 555 2613 [163
599 2538 705 2613 Η.]
752 2535 1096 2610 ἡδυσμάτων,
1136 2535 1258 2592 οὗδέ
1305 2546 1378 2609 τῷ
1423 2538 1676 2610 ἐπαγωγῷ
1721 2544 1810 2592 καὶ

200 2631 494 2704 θελκτηρίῳ
545 2632 662 2690 τοὺς
718 2628 937 2691 πολλοὺς
987 2637 1086 2680 τῶν
1145 2627 1412 2703 ἀκροατῶν
1465 2627 1806 2701 ἐφελκόμενοι.

197 2728 478 2794 Τίσσαρας
533 2715 593 2771 δε
644 2722 1003 2790 πραγματείας
1059 2720 1191 2771 κατὰ
1241 2726 1338 2771 τῶν
1388 2716 1540 2770 ἐθνῶν
1601 2723 1810 2771 συνέτα-

200 2811 298 2876 ξεν,
331 2811 404 2860 ὧν
453 2814 552 2866 τήν
735 2813 943 2880 πρώτην
989 2807 1272 2880 ’Δντωνίνῳ
1315 2815 1387 2878 τῷ
1435 2807 1647 2868 ἐπίκλην
1699 2813 1808 2880 Πίῳ

197 2906 287 2952 καὶ
331 2905 445 2961 τοῖς
500 2900 641 2950 υἱέσι
688 2905 750 2970 τῇ
792 2916 847 2950 τε
897 2896 1173 2969 συγκλήτῳ
1226 2893 1451 2950 ἐπέδωκε
1493 2899 1562 2963 ⁸⁷,
1613 2902 1705 2956 τὴν
1752 2893 1810 2950 δε

202 2985 451 3061 δευτέραν
498 2989 691 3059 ὁμοίως
739 2993 848 3048 τοῖς
895 2984 1087 3038 ἐκείνου
1147 2982 1454 3058 διαδόχοις.
1504 2986 1584 3040 Ἐν
1644 2982 1702 3038 δὲ
1746 2995 1806 3060 τῇ

202 3084 350 3150 τρίτῃ
411 3081 532 3151 περὶ
589 3077 790 3148 φύσεως
844 3071 1104 3148 δαιμόνων
1159 3071 1461 3130 διείλεκται.
1515 3073 1576 3128 Ὀ
1616 3072 1674 3128 δε
1729 3078 1812 3128 τέ-

196 3186 384 3241 ταρτος
417 3167 559 3237 αὐτῷ
587 3164 763 3236 λόγος,
786 3166 971 3234 ὁμοίως
995 3167 1128 3217 κατὰ
1153 3173 1251 3216 τῶν
1278 3162 1430 3218 ἐθνῶν
1456 3169 1807 3237 συγκείμενος,

200 3254 464 3327 Ἔλεγχος
508 3257 799 3329 ἐπιγραφὴν
847 3257 979 3325 ἔχει.
1032 3253 1184 3307 Ἐστι
1226 3249 1283 3306 δὲ
1331 3254 1468 3325 αὐτῷ
1498 3259 1587 3306 καὶ
1625 3255 1650 3306 ό
1686 3258 1808 3328 Περὶ

201 3354 337 3397 Θεοῦ
359 3349 680 3416 μοναρχίας,
705 3343 1251 3417 καὶὁέπιγραφόμενος
1272 3343 1447 3402 Ψάλτη
1459 3365 1499 3407 ς,
1525 3349 1614 3396 καὶ
1635 3348 1737 3414 μὴν
1761 3344 1806 3379 ⁸⁸

199 3439 290 3487 καὶ
317 3437 466 3488 lardi
497 3439 824 3506 Μαρκίωνος,
857 3433 1132 3506 ἀναγκαῖοι
1157 3432 1325 3504 λόγοι,
1358 3438 1448 3484 καὶ
1480 3435 1510 3491 ἡ
1546 3435 1694 3486 Κατὰ
1713 3453 1807 3485 πα-

202 3532 305 3575 σῶν
338 3524 588 3598 αἱρέσεων
619 3527 888 3596 χρήσιμος
924 3527 1273 3597 πραγματεία.

269 3613 443 3674 Οὗτος
474 3614 589 3674 υίός
627 3615 717 3684 μὲν
759 3615 850 3685 ἔφυ
894 3617 1131 3686 Πρίσκου
1178 3615 1456 3684 Βακχείου,
1494 3607 1725 3686 πατρίδα
1750 3607 1808 3665 δὲ

201 3701 316 3774 εἶχε
341 3702 601 3756 Νεάπολιν
632 3707 726 3760 τὴν
757 3703 856 3754 ὑπὸ
900 3707 994 3761 τὴν
1025 3702 1289 3776 ἐπαρχίαν
1337 3700 1583 3754 τελοῦσαν
1619 3701 1808 3754 Παλαι-

205 3798 406 3860 στίνης,
439 3792 488 3843 ἐν
513 3791 682 3864 Ῥώμῃ
713 3788 772 3844 δε
802 3793 890 3851 τὰς
916 3787 1189 3865 διατριϐὰς
1217 3793 1365 3862 ἔσχε,
1400 3789 1687 3863 φιλοσοφῶν
1720 3796 1806 3844 καὶ

202 3889 312 3942 τοῖς
333 3881 513 3952 λόγοις
553 3885 644 3932 καὶ
694 3889 766 3951 τῷ
804 3879 909 3954 βίῳ
939 3886 1123 3950 καὶτῷ
1157 3886 1422 3952 σχήματι.
1456 3882 1714 3954 Διάπυρος
1751 3878 1808 3935 δὲ

206 3981 300 4032 τῆς
331 3970 598 4032 εὐσεϐείας
620 3971 688 4022 ὠν
714 3969 939 4042 ἐραστὴς
969 3969 1098 4043 [305
1120 3970 1206 4041 3.]
1228 3972 1358 4041 ἔσχε
1386 3975 1620 4044 Κρίσκην
1651 3971 1698 4006 ⁸9
1726 3973 1810 4024 ἕνα

205 4064 325 4112 τινα
350 4069 452 4112 τῶν
493 4060 817 4132 καλουμένων
865 4068 1085 4112 κυνικῶν
1129 4059 1629 4132 ἁντιπολιτευόμενον
1670 4061 1809 4132 αὐτῷ

207 4155 297 4200 καὶ
326 4157 398 4218 τῷ
425 4148 534 4220 βίῳ
564 4154 654 4200 καὶ
685 4157 745 4222 τῇ
789 4151 1060 4223 θρησκείᾳ.
1085 4147 1194 4221 Ὑφ’
1225 4148 1285 4200 οὗ
1314 4153 1402 4200 καὶ
1435 4152 1811 4212 συσκευασθεὶς

205 4238 364 4302 ἀξίως
388 4246 487 4301 τῆς
513 4238 635 4300 ὅλης
660 4246 752 4291 τοῦ
783 4237 908 4312 βίου
935 4242 1278 4312 προαιρέσεως
1298 4243 1387 4291 καὶ
1416 4242 1508 4296 τὴν
1535 4238 1810 4298 ἐπιϐουλὴν

208 4326 523 4388 συνδιέθηκε
553 4331 604 4366 ⁸ο
638 4350 652 4363 ο
680 4333 971 4404 μαρτυρίου
999 4331 1099 4402 γὰρ
1126 4330 1318 4386 ταύτην
1349 4329 1596 4382 ὑπόθεσιν
1622 4332 1810 4387 ἐνστη-

1923 1825 2373 1899 [Christianam]
2399 1826 2740 1896 religionem
2762 1827 3098 1883 summaries
3120 1827 3456 1884 solutiones.

1993 1919 2090 1973 Est
2136 1922 2332 1973 autem
2367 1916 2454 1971 vir
2491 1914 2585 1970 ille
2615 1915 2691 1970 ad
2734 1914 3126 1987 philosophim
3176 1921 3302 1971 tum
3342 1919 3580 1981 nostra},

1924 2009 2048 2062 tum
2087 2003 2469 2078 potissimum
2501 2003 2768 2075 profanae
2812 2019 3119 2059 summum
3150 2009 3389 2060 evectus
3425 2003 3580 2062 fasti-

1921 2095 2108 2164 gium,
2168 2093 2630 2166 multiplicisque
2685 2091 3036 2148 eruditionis
3090 2096 3145 2149 et
3193 2093 3581 2149 historiarum

1921 2185 2095 2258 copia
2138 2183 2583 2240 circumﬂuens.
2631 2181 2744 2238 Sed
2796 2181 3089 2238 rhetorico
3131 2181 3379 2238 artiﬁcio
3433 2182 3580 2239 nati-

1920 2290 2058 2330 vam
2077 2272 2470 2345 philosophiee
2483 2288 2604 2328 suae
2617 2270 3117 2344 pulchritudinem
3135 2271 3402 2329 colorare
3416 2270 3586 2328 haud

1921 2362 2118 2419 studio
2147 2361 2376 2418 habuit.
2411 2360 2816 2428 Quamobrem
2842 2361 3021 2417 etiam
3050 2361 3242 2418 oratio
3272 2360 3423 2432 ejus,
3456 2359 3585 2433 pol-

1919 2452 2045 2508 lens
2072 2451 2292 2524 alioqui
2317 2467 2386 2508 ac
2408 2450 2622 2516 valida,
2651 2449 3163 2522 scientiﬁcumque
3188 2465 3438 2507 servans
3466 2455 3584 2524 sty-

1919 2541 2064 2606 lum,
2097 2540 2403 2596 rhetoricae
2435 2539 2534 2595 illa
2560 2539 2939 2595 condimenta
2968 2554 3092 2594 non
3125 2539 3335 2611 spirat,
3370 2553 3480 2595 nec
3507 2538 3582 2594 il-

1918 2628 2166 2686 lecebris
2187 2635 2242 2683 et
2263 2627 2693 2684 blandimentis
2713 2626 2928 2698 vulgus
2945 2626 3291 2683 auditorum
3315 2625 3581 2683 attrahit.

1920 2720 2102 2775 Porro
2119 2721 2377 2790 quatuor
2393 2716 2679 2772 adversus
2697 2720 2900 2784 gentes
2919 2715 3578 2787 composuittractatus:

1918 2823 2178 2882 quorum
2229 2805 2490 2877 primum
2545 2804 2846 2860 Antonino
2893 2809 3294 2874 cognomento
3343 2805 3468 2872 Pio,
3518 2803 3584 2859 ﬁ—

1919 2897 2135 2970 liisque
2166 2895 2372 2969 ipsius,
2404 2910 2474 2950 ac
2505 2894 2734 2950 senatui
2759 2893 2993 2951 obtulit.
3029 2893 3288 2950 Alterum
3312 2892 3582 2950 similiter

1921 2987 2110 3059 ipsius
2147 2983 2596 3040 successoribus
2623 2983 2735 3056 (l2)
2764 2999 2776 3037 :
2805 2982 2865 3039 in
2896 2983 3066 3040 tertio
3107 2988 3308 3040 autem
3340 2982 3414 3039 de
3464 2982 3584 3038 daa-

1843 3096 1885 3153 C
1923 3092 2171 3132 menum
2218 3078 2432 3131 natura
2461 3073 2755 3128 disseruit.
2807 3073 3066 3140 Quartus
3097 3072 3358 3145 denique
3409 3071 3580 3139 liber,

1920 3167 2080 3240 95a
2105 3169 2161 3222 et
2184 3165 2311 3236 ipse
2350 3167 2555 3219 contra
2595 3167 2820 3232 gentes,
2871 3162 3162 3219 Elenchus
3206 3161 3356 3235 [sive
3404 3161 3586 3232 Refu-

1921 3254 2084 3328 tatio]
2129 3252 2494 3310 inscribitur.
2528 3253 2613 3308 De
2640 3252 2750 3308 Dei
2778 3252 3024 3324 insuper
3051 3251 3398 3308 monarc-hia
3439 3265 3584 3307 con-

1919 3345 2168 3415 scriptus
2218 3343 2296 3400 ab
2327 3358 2397 3398 eo
2424 3341 2574 3398 liber
2617 3344 2724 3407 est,
2753 3345 2810 3397 et
2838 3341 3009 3406 alius,
3051 3341 3146 3396 eui
3179 3339 3379 3397 titulus
3419 3341 3584 3398 Psal-

1919 3438 1998 3491 tes
2018 3451 2043 3500 ,·
2071 3438 2196 3490 tum
2228 3433 2406 3489 etiam
2439 3431 2660 3488 Contra
2694 3431 3056 3488 Marcionem
3089 3430 3224 3486 libri
3257 3436 3397 3487 sunt
3425 3429 3584 3487 lectu

1917 3522 2255 3586 necessarii,
2287 3527 2343 3578 et
2365 3522 2590 3578 Contra
2610 3536 2808 3578 omnes
2831 3521 3080 3578 haereses
3111 3519 3249 3576 utile
3273 3536 3449 3593 opus.

1991 3613 2116 3669 Fuit
2154 3612 2282 3683 ipse
2314 3611 2494 3666 Prisci
2527 3610 2761 3666 Bacchii
2811 3609 2969 3666 ﬁlius
3011 3609 3433 3683 :patriamque
3480 3609 3585 3666 ha-

1915 3701 2047 3758 buit
2094 3700 2422 3773 Neapolim,
2470 3698 2795 3755 Palaestinae
2829 3699 3181 3770 provincias.
3233 3701 3434 3756 Romae
3482 3713 3585 3754 au-

1918 3797 2039 3847 tem
2082 3793 2515 3854 commoratus,
2545 3787 2924 3844 sermonibus
2951 3787 3178 3845 ibidem
3206 3804 3276 3844 ac
3308 3787 3451 3854 vita,
3476 3802 3584 3859 pa-

1918 3880 2056 3936 riter
2099 3884 2161 3934 ut
2183 3878 2390 3934 habitu
2418 3876 2849 3950 philosophum
2899 3878 3039 3948 egit.
3085 3882 3289 3950 Itaque
3338 3875 3584 3933 ferventi

1918 3984 2058 4025 cum
2088 3971 2244 4024 esset
2272 3966 2506 4039 pietatis
2535 3981 2741 4021 amore
2781 3981 2851 4021 ac
2878 3966 3077 4024 studio
3109 3967 3417 4031 incensus,
3450 3965 3586 4020 Cre-

1919 4063 2186 4114 scentem
2207 4057 2534 4130 quemdam
2559 4071 2630 4111 ex
2657 4056 2728 4110 iis
2754 4055 2852 4129 qui
2876 4056 3078 4128 Cynici
3101 4056 3456 4124 vocitantur,
3479 4053 3588 4111 ad-

1920 4149 2250 4204 versarium
2299 4145 2524 4210 habuit,
2574 4161 2712 4201 cum
2751 4145 2889 4216 ipsi,
2931 4150 3056 4202 tum
3111 4146 3244 4203 vitae
3283 4144 3586 4217 cultuique

1922 4254 1992 4294 ae
2036 4237 2306 4307 religioni
2337 4237 2468 4308 ejus
2499 4235 2871 4292 obnitentem
2906 4251 2918 4290 :
2949 4251 2986 4292 a
3009 4250 3132 4308 quo
3165 4235 3408 4292 tandem
3447 4234 3590 4291 insi-

1923 4328 2092 4384 diose
2140 4329 2480 4391 accusatus,
2531 4325 2702 4381 itaut
2729 4329 2848 4380 toto
2893 4324 3082 4398 ipsius
3132 4324 3270 4380 vita;
3315 4323 3586 4382 instituto

211 4422 447 4491 σαμενος,
475 4418 723 4493 λαμπρῶς
753 4422 843 4470 καὶ
875 4421 1081 4490 χαίρων
1105 4421 1191 4469 τόν
1223 4418 1350 4490 ὑπὲρ
1385 4425 1620 4490 Χριστοῦ
1652 4419 1809 4472 θάνα-

1931 4417 2176 4486 dignum
2206 4418 2351 4479 erat,
2380 4413 2632 4470 insidias
2664 4413 2798 4468 istas
2829 4413 3083 4485 pertulit.
3119 4412 3379 4486 Martyrii
3417 4428 3588 4471 nam-

210 4527 291 4560 τον
321 4505 626 4571 ἀνεδέξατο.

921 4683 1103 4767 Ρκς.

216 4775 507 4842 Κλήμεντος
539 4773 814 4828 ἐπιστολαὶ
839 4777 969 4846 πρὸς
999 4775 1303 4846 Κορινθίους
1329 4772 1402 4846 β’,
1435 4776 1524 4825 καὶ
1554 4773 1820 4845 Πολυχάρ-

529 4865 631 4898 που
663 4845 906 4904 ἐπιστολῆ
939 4845 1500 4918 πρὸςφιλιππησίους,

285 4937 622 5010 Ἀνεγνῶσθη
683 4931 1019 5010 βιϐλιδάριον
1063 4933 1110 4987 ίν
1236 4934 1529 5007 Κλήμεντος
1572 4934 1821 4988 Ἐπιστο-

1925 4521 2042 4579 que
2089 4504 2204 4561 hac
2230 4518 2381 4560 ansa
2421 4505 2684 4575 captata,
2723 4502 3034 4574 splendide
3077 4501 3334 4576 laetoque
3383 4503 3587 4562 animo

1927 4611 2038 4669 pro
2066 4595 2292 4652 Christo
2319 4598 2576 4651 mortem
2605 4593 2872 4666 oppetiit.

2636 4682 2870 4739 CXXVI.

1931 4773 2235 4832 Clementis
2258 4773 2544 4844 Epistolas
2570 4771 2650 4829 ad
2672 4771 3006 4844 Corinthios
3040 4771 3109 4834 ΙΙ,
3137 4777 3190 4828 et
3212 4769 3400 4828 sancti
3425 4771 3594 4843 Poly-

2243 4847 2410 4915 carpi
2439 4843 2709 4914 Epistola
2739 4843 2819 4899 ad
2847 4843 3276 4912 Philippenses.

2006 4936 2139 5006 Legi
2177 4933 2463 5000 libellum,
2505 4949 2626 5006 quo
2666 4932 2981 4992 Clementis
3018 4930 3303 5003 Epistolas
3341 4933 3476 4990 dum
3513 4931 3594 4989 ad

1567 5062 1805 5117 νΑΒιΑζ
1845 5062 2242 5120 LECTIONES.
3318 5131 3322 5134 _

286 5188 329 5222 ³³
355 5193 451 5273 mu:
482 5185 643 5274 αὑτορ
675 5200 800 5274 om:
838 5199 926 5274 pr:
962 5183 1269 5274 indeinde
1307 5183 1544 5274 lacuna,
1566 5184 1689 5274 inﬂa
1723 5201 1809 5242 τοι

1931 5202 2008 5274 tm
2113 5187 2238 5274 4/2.,
2271 5184 2331 5274 in
2437 5190 2465 5274 1,
2502 5185 2621 5274 1ί2.
2663 5183 2978 5274 Ιξςκξιοιὶιζ
2997 5184 3184 5260 [λείπει
3210 5187 3345 5274 iam;
3365 5188 3486 5274 ,περὶ
3507 5187 3596 5274 μς-

211 5277 332 5330 rem
361 5264 454 5311 καὶ
488 5257 794 5329 σταθμῶν.]
842 5257 849 5258 ί
874 5259 922 5293 ⁸⁸
955 5257 1275 5330 πολυμαθείᾳ
1301 5277 1336 5322 ς’
1349 5300 1361 5314 ο

225 5319 340 5389 όηκι
371 5352 427 5396 ς.

1446 5257 1489 5291 ⁸⁷
1523 5255 1740 5317 ἐπέθηκε
1768 5279 1823 5324 ς’.
1903 5258 1951 5294 ⁸⁸
1976 5262 2066 5310 καὶ
2097 5265 2225 5326 post
2249 5262 2347 5330 μὴν
2375 5272 2497 5314 om.
2528 5255 2593 5313 Α.

2693 5257 2740 5293 ⁸³
2777 5263 2978 5330 Κρισκῆ
2999 5257 3164 5316 corr.
3196 5258 3262 5313 A.
3365 5257 3593 5312 θοσυνί-

1782 5451 2024 5513 ΝΟΤᾹΞ).

285 5565 393 5635 (10)
435 5559 945 5635 Ουιαεᾼιιιιωιίοω
983 5558 1235 5616 illustrat
1285 5557 1497 5630 Georg.
1555 5559 1827 5630 Agricola

233 5635 287 5690 in
309 5633 415 5692 suo
451 5637 534 5692 De
573 5633 874 5690 Mensuris
899 5647 1101 5703 opere.

297 5709 404 5780 (11)
435 5707 517 5764 De
547 5720 674 5778 quo
704 5703 834 5760 vide
881 5704 942 5761 Β.
996 5704 1230 5760 Hieron.
1265 5717 1403 5775 cap.
1451 5705 1522 5758 24
1552 5703 1638 5760 De
1673 5703 1827 5761 scri-

1931 5560 2199 5630 ptoribus
2231 5559 2454 5625 eccles.,
2489 5562 2542 5614 et
2572 5561 2632 5616 ι).
2664 5557 2880 5614 Baron.
2915 5558 3079 5615 card.
3111 5562 3150 5617 t.
3182 5563 3200 5616 l
3230 5560 3446 5618 Annal.

2009 5632 2122 5702 (12)
2193 5635 2308 5687 Hoc
2347 5637 2436 5686 est
2475 5633 2541 5688 M.
2611 5630 2910 5688 Antonino
2972 5633 3116 5688 Vero
3157 5636 3212 5687 et
3251 5633 3310 5688 L.
3353 5631 3593 5690 Aurelio

1939 5703 2288 5769 Commodo,
2317 5704 2396 5761 ait
2428 5704 2486 5759 Β.
2515 5703 2914 5777 Hieronymus
2942 5702 3004 5760 in
3033 5703 3302 5776 Catalog.
