4136 6216
198 285 302 342 405

920 409 1078 464 PKA'.

430 506 536 554 Τοῦ
561 499 726 552 αὐτοῦ
758 500 898 575 [περὶ
928 504 1126 573 μέτρων
1163 504 1254 553 καὶ
1287 499 1553 572 σταθμῶν]
1580 543 1588 553 .

273 591 605 661 Ἀνεγνώσθη
630 596 722 642 τοῦ
747 589 908 642 αὐτοῦ
940 590 1016 646 ³⁵.

943 765 1097 821 PKE’.

205 859 495 914 Ἰουστίνου
536 865 629 911 τοῦ
662 859 946 932 *μάρτυρος
993 855 1248 932 ἀπολογία
1283 858 1407 932 ὑπὲρ
1457 864 1804 931 Χριστιανῶν,

652 928 871 1006 ἀπορίαι
900 934 988 982 καὶ
1015 929 1162 1002 ἔτερα
1191 949 1326 981 τινα.

282 1020 610 1091 ⁹Ανι-γ·.οι;›σθιο
694 1019 980 1074 ’1ουστίνου
1059 1026 1150 1071 τοῦ
1208 1020 1471 1092 μάρτυρος
1523 1018 1809 1090 Ἀπολογία

206 1110 333 1184 ὑπερ
416 1116 748 1182 Χριστιανῶν
824 1113 913 1161 καὶ
986 1110 1121 1160 κατὰ
1197 1106 1444 1166 Ἑλλήνων
1507 1111 1598 1159 καὶ
1674 1111 1810 1160 κατὰ

201 1195 501 1263 Ἰουδαίων,
533 1201 624 1250 καὶ
666 1200 742 1250 ἔτι
790 1197 939 1274 ἑτέρα
983 1197 1138 1250 αὐτοῦ
1177 1198 1510 1270 πραγματεία
1553 1199 1687 1250 κατὰ
1717 1207 1807 1250 τοῦ

199 1293 410 1360 πρώτου
489 1293 580 1341 καὶ
653 1284 898 1362 δευτέρου
997 1295 1091 1348 τῆς
1169 1295 1397 1359 φυσικῆς
1491 1285 1804 1359 ἀκροάσεως,

197 1381 316 1436 ἤτοι
375 1379 516 1429 κατὰ
569 1372 745 1440 εἴδους
790 1382 879 1430 καὶ
923 1376 1047 1439 ὕλης
1094 1381 1184 1428 καὶ
1239 1380 1551 1449 στερήσεως,
1603 1374 1807 1448 ίπιχει-

191 1471 489 1539 ρηματικοὶ
533 1471 626 1518 καὶ
670 1465 842 1539 βίαιοι
884 1471 974 1518 καὶ
1015 1461 1299 1540 χρειώδεις
1345 1465 1511 1536 λόγοι,
1551 1470 1639 1518 καὶ
1672 1469 1808 1519 κατὰ

194 1564 284 1607 τοῦ
378 1561 624 1627 πέμπτου
701 1562 943 1628 σώματος
1029 1556 1238 1627 ὁμοίως,
1321 1558 1409 1606 καὶ
1499 1557 1636 1607 κατὰ
1713 1564 1806 1618 τῆς

197 1642 377 1698 ἀιδίου
407 1651 688 1712 κινήσεως,
719 1644 779 1704 ἣν
825 1644 1193 1719 Ἀριστοτέλης
1241 1639 1498 1703 δεινότητι
1540 1643 1806 1717 λόγισμῶν

1221 281 1708 340 BIBLIOTHECA.
1750 311 1820 322 —
1859 279 2070 338 CODD.
2113 281 2576 342 CXXII-CXXVI.

1841 407 1891 464 Α

3471 288 3576 347 406

2062 497 2342 568 Ejusdem
2370 500 2443 558 de
2469 505 2758 559 mensuris
2787 508 2840 560 et
2869 503 3226 573 ponderibus
3259 504 3430 563 liber.

1993 587 2268 656 Legimus
2285 590 2553 660 ejusdem
2565 593 2649 648 De
2664 593 2955 650 mensuris
2971 599 3020 648 et
3035 594 3394 664 ponderibus
3409 593 3579 653 libel-

1917 674 2043 732 lum
2079 677 2212 748 (10).

2650 772 2849 829 CXXV.

1915 855 1959 913 J
1962 855 2079 911 usti
2081 855 2140 911 ni
2149 855 2424 931 Martyris
2435 861 2479 914 Α
2484 876 2552 931 po
2560 862 2711 988 logia
2719 877 2828 988 pro
2845 861 3216 927 Christianis,
3225 862 3578 930 Quastiones

2625 948 2654 988 e
2723 948 2757 988 a
2784 948 2863 988 ia.

2625 948 2679 988 ει
2723 948 2863 988 αιια.

1991 1024 2166 1080 Lecta
2222 1025 2307 1079 est
2363 1021 2484 1091 (tl)
2537 1020 2747 1077 Justini
2800 1022 3065 1094 Martyris
3128 1024 3420 1094 Apologia
3460 1039 3578 1096 pro

1919 1113 2294 1178 Christianis,
2348 1125 2487 1166 cum
2517 1109 2806 1167 adversus
2851 1116 3078 1183 gentes,
3111 1116 3238 1169 tum
3286 1112 3579 1170 adversus

1916 1202 2168 1258 Judaos.
2223 1203 2284 1256 Et
2330 1203 2617 1273 praterea
2663 1199 2810 1255 alter
2854 1200 2984 1271 ejus
3037 1204 3321 1258 tractatus
3371 1208 3580 1261 contra

1911 1293 2072 1361 prim
2081 1308 2169 1346 um
2187 1297 2238 1348 et
2251 1289 2570 1347 secundum
2593 1288 2813 1344 librum
2823 1289 3086 1360 physicae
3103 1291 3576 1361 auscultationis,

1917 1382 2042 1438 sive
2068 1386 2275 1438 contra
2300 1379 2579 1444 formam,
2615 1379 2930 1436 materiam
2959 1387 3016 1438 et
3044 1382 3461 1453 privationem,
3489 1399 3582 1442 ra-

1917 1471 2180 1527 tionibus
2196 1469 2704 1543 epicherematicis
2717 1485 2787 1526 ac
2801 1469 3255 1544 violentis,quod
3272 1487 3344 1528 ex
3358 1487 3472 1529 usu
3492 1475 3581 1530 est

1917 1559 2173 1616 inferens
2198 1577 2211 1612 :
2236 1559 2562 1631 itidemque
2592 1559 2814 1615 Contra
2857 1559 3132 1632 quintum
3162 1560 3317 1618 illud
3343 1577 3576 1631 corpus,

1915 1656 2236 1720 motumque
2259 1649 2692 1720 sempiternum,
2721 1664 2903 1720 quem
2932 1649 3232 1705 rationum
3262 1666 3511 1707 suarum
3526 1649 3577 1705 vi

195 1734 518 1799 ἓναπέτεκεν,
556 1737 634 1788 ἔτι
658 1753 712 1788 τε
745 1736 1001 1808 ’Λποριῶν
1049 1737 1183 1787 κατὰ
1227 1743 1316 1794 τῆς
1356 1733 1613 1795 εὐσεϐείας
1655 1753 1805 1807 κεφα-

1927 1737 2258 1794 Aristoteles
2311 1736 2557 1810 peperit,
2613 1738 3010 1805 Quaestionum
3057 1737 3318 1811 denique
3369 1745 3579 1797 contra

196 1821 366 1876 λαιωδ
369 1843 441 1885 εις
473 1823 756 1886 ἐπιλύσεις.

265 1920 426 1968 Ἐστι
471 1910 533 1966 δε
576 1913 884 1986 φιλοσοφίας
925 1915 1014 1986 μεν
1045 1913 1070 1964 ὁ
1119 1911 1248 1985 ἀνὴρ
1297 1920 1386 1973 τῆς
1424 1932 1476 1965 τε
1508 1911 1627 1965 καθ’
1674 1914 1808 1986 ἡμᾶς

198 2008 284 2056 καὶ
327 2003 576 2075 μάλιστα
635 2023 694 2075 γε
749 2011 840 2064 τῆς
892 2004 1107 2076 θύραθεν
1157 2002 1224 2063 εἰς
1282 2003 1438 2076 ἰκρον
1501 2000 1806 2074 ἁνηγμένος,

198 2091 512 2165 πολυμαθία
536 2093 584 2128 ⁸⁸
612 2111 665 2145 τε
712 2097 802 2144 καὶ
835 2093 1076 2165 ἱστοριῶν
1107 2090 1496 2166 περιρρεόμενος
1535 2091 1739 2162 πλούτῳ
1791 2109 1804 2122 ο

196 2181 516 2253 ῥητορικαίς
555 2177 615 2234 δε
658 2184 873 2253 τέχναις
922 2179 1014 2232 οὐκ
1057 2182 1184 2253 ἔσχε
1229 2177 1470 2240 σπουδὴν
1510 2179 1810 2254 ἐπιχρῶσαι

200 2274 256 2322 τό
307 2274 543 2344 ἷμφυτον
599 2269 758 2323 αὑτοῦ
831 2277 926 2332 τῆς
977 2269 1278 2342 φιλοσοφίας
1335 2269 1534 2331 κάλλος.
1588 2274 1674 2323 Διό
1719 2276 1808 2324 καὶ

201 2362 246 2412 οἱ
284 2359 438 2431 λόγοι
490 2359 653 2412 αὐτοῦ
705 2358 870 2422 ἄλλως
912 2363 1050 2420 ὄντες
1094 2355 1309 2412 δυνατοὶ
1355 2364 1446 2412 καὶ
1495 2363 1552 2412 τὸ
1593 2359 1807 2419 ἐπιστη-

196 2453 411 2522 μονικόν
455 2446 834 2513 διασώζοντες,
886 2457 984 2501 τῶν
1023 2447 1208 2502 ίκείθεν
1257 2448 1350 2502 οὐκ
1401 2449 1530 2502 εἰσὶν
1571 2447 1803 2502 ἀποστά-

199 2540 374 2602 ζοντες
423 2539 551 2610 [163
598 2536 702 2610 Η.]
749 2533 1093 2609 ἡδυσμάτων,
1132 2533 1254 2590 οὐδε
1300 2546 1373 2609 τῷ
1419 2538 1673 2610 ἐπαγωγῷ
1717 2544 1807 2592 καὶ

202 2628 494 2701 θελκτηρίῳ
542 2631 659 2688 τοὺς
716 2626 934 2690 πολλοὺς
983 2635 1083 2680 τῶν
1142 2626 1407 2703 ἀκροατῶν
1461 2627 1802 2701 ἐφελκόμενοι.

199 2725 478 2791 Τέσσαρας
531 2713 591 2769 δε
642 2721 1000 2788 πραγματείας
1055 2719 1187 2770 κατὰ
1236 2726 1332 2770 τὼν
1384 2716 1536 2770 ἐθνῶν
1596 2722 1806 2770 συνέτα-

201 2808 296 2874 ξεν,
330 2807 402 2858 ὧν
452 2811 550 2864 τὴν
593 2809 684 2878 μεν
732 2811 940 2879 πρώτην
986 2806 1268 2879 Ἀντωνίνῳ
1311 2815 1382 2878 τῷ
1430 2807 1642 2867 ἐπίκλην
1694 2813 1803 2879 Πίῳ

195 2903 284 2949 καὶ
330 2903 444 2958 τοῖς
499 2898 638 2948 υἱέσι
685 2903 746 2968 τῇ
789 2915 844 2948 τε
894 2895 1170 2968 συγκλήτῳ
1222 2892 1446 2949 ίπέδωκε
1489 2898 1557 2963 ⁸⁷,
1609 2900 1700 2956 τὴν
1747 2893 1806 2950 δε

200 2983 450 3058 δευτέραν
496 2987 687 3058 ὁμοίως
735 2991 844 3047 τοῖς
891 2983 1084 3037 ἐκείνου
1143 2981 1449 3057 διαδόχοις.
1499 2985 1578 3038 Ἐν
1639 2981 1697 3038 δε
1741 2994 1801 3059 τῇ

1921 1826 2370 1900 [Christianam]
2396 1827 2736 1897 religionem
2759 1828 3095 1884 summaries
3117 1829 3452 1886 solutiones.

1990 1918 2087 1972 Est
2133 1922 2328 1972 autem
2363 1916 2450 1972 vir
2488 1915 2582 1972 ille
2611 1916 2689 1972 ad
2731 1916 3123 1989 philosophia
3173 1923 3298 1973 tum
3338 1921 3576 1983 nostra,

1921 2008 2046 2062 tum
2086 2003 2467 2077 potissimum
2498 2004 2764 2076 profanae
2809 2021 3116 2061 summum
3147 2011 3385 2063 evectus
3420 2005 3576 2064 fasti-

1918 2095 2105 2164 gium,
2164 2093 2627 2166 multiplicisque
2682 2092 3033 2149 eruditionis
3087 2098 3141 2150 et
3190 2094 3578 2152 historiarum

1917 2185 2092 2258 copia
2135 2183 2581 2240 circumﬂuens.
2628 2183 2742 2239 Sed
2793 2183 3086 2239 rhetorico
3128 2183 3376 2240 artiﬁcio
3430 2185 3576 2242 nati-

1917 2290 2054 2330 vam
2075 2271 2468 2345 philosophia
2481 2288 2602 2328 sua
2616 2271 3114 2344 pulchritudinem
3131 2272 3398 2331 colorare
3412 2272 3582 2330 haud

1918 2362 2115 2420 studio
2145 2361 2373 2419 habuit.
2409 2360 2813 2428 Quamobrem
2840 2361 3018 2418 etiam
3047 2362 3239 2418 oratio
3268 2361 3419 2433 ejus,
3453 2361 3582 2435 pol-

1916 2452 2041 2508 lens
2069 2451 2288 2524 alioqui
2313 2467 2382 2507 ac
2405 2449 2620 2516 valida,
2648 2449 3160 2522 scientiﬁcumque
3185 2467 3434 2508 servans
3462 2456 3580 2525 sty-

1915 2542 2060 2606 lum,
2093 2541 2399 2596 rhetorica
2431 2539 2530 2595 illa
2557 2539 2936 2596 condimenta
2965 2555 3089 2596 non
3122 2539 3330 2612 spirat,
3365 2555 3474 2597 nec
3503 2540 3577 2596 il-

1913 2629 2162 2686 lecebris
2183 2636 2238 2684 et
2259 2627 2690 2684 blandimentis
2709 2627 2925 2699 vulgus
2942 2628 3286 2686 auditorum
3311 2627 3576 2686 attrahit.

1915 2720 2098 2776 Porro
2114 2723 2372 2790 quatuor
2388 2717 2675 2774 adversus
2693 2722 2897 2786 gentes
2914 2717 3249 2790 composuit
3262 2720 3572 2774 tractatus:

1914 2824 2174 2882 quorum
2224 2807 2484 2878 primum
2540 2806 2842 2863 Antonino
2889 2811 3290 2875 cognomento
3338 2807 3462 2874 Pio,
3511 2806 3578 2862 fi-

1915 2898 2131 2971 liisque
2161 2897 2367 2970 ipsius,
2399 2912 2469 2953 ac
2499 2897 2730 2953 senatui
2755 2895 2988 2952 obtulit.
3023 2895 3284 2952 alterum
3307 2895 3576 2952 similiter

1917 2988 2105 3059 ipsius
2142 2985 2591 3042 successoribus
2618 2986 2730 3058 (l2)
2759 3001 2771 3039 :
2800 2984 2860 3041 in
2891 2985 3061 3041 tertio
3101 2990 3303 3042 autem
3334 2984 3408 3042 de
3458 2985 3578 3042 da-

200 3081 348 3147 τρίτῃ
409 3079 529 3148 περὶ
586 3076 787 3146 φύσεως
840 3069 1100 3146 δαιμόνων
1155 3069 1455 3129 διείλεκται.
1510 3072 1570 3127 Ὀ
1610 3071 1668 3128 δε
1723 3078 1805 3128 τέ-

1927 3092 2166 3132 monum
2213 3079 2428 3132 natura
2455 3075 2749 3130 disseruit.
2802 3075 3060 3140 Quartus
3091 3074 3351 3148 denique
3403 3074 3574 3141 liber,

197 3183 383 3239 ταρτος
414 3165 557 3234 αὐτῷ
585 3162 759 3234 λόγος,
782 3165 966 3232 ὁμοίως
991 3165 1124 3216 κατὰ
1149 3171 1247 3215 τῶν
1275 3161 1425 3228 ἐθνῶν
1451 3169 1802 3237 συγκείμενος,

199 3251 462 3324 Ἔλεγχος
507 3254 795 3327 ἐπιγραφὴν
843 3255 975 3323 ἔχει.
1025 3251 1180 3305 Ἐστι
1221 3248 1279 3304 δε
1327 3252 1462 3324 αὐτῷ
1493 3259 1582 3306 καὶ
1620 3255 1645 3306 ὁ
1681 3259 1803 3328 Περὶ

199 3350 336 3395 Θεοῦ
356 3347 678 3414 μοναρχίας,
701 3340 1246 3415 καὶόἓπιγραφόμενος
1268 3342 1441 3402 Ψαλτη
1454 3364 1494 3407 ς,
1519 3348 1609 3396 καὶ
1630 3348 1732 3414 μὴν
1755 3343 1801 3378 ⁸⁸

195 3436 287 3484 καὶ
314 3434 464 3485 Κατὰ
495 3436 820 3504 Μαρκίωνος,
853 3431 1128 3504 ἀναγκαῖοι
1153 3431 1320 3503 λόγοι,
1354 3437 1442 3484 καὶ
1475 3434 1505 3490 ἡ
1542 3435 1688 3486 Κατὰ
1707 3453 1802 3485 παρ

199 3529 302 3573 σῶν
335 3522 586 3595 αἱρέσεων
616 3526 884 3594 χρήσιμος
920 3526 1268 3596 πραγματεία.

266 3611 439 3672 Οὗτος
471 3612 586 3672 υίὸς
623 3613 712 3682 μεν
754 3613 845 3683 ἔφυ
889 3615 1126 3685 Πρίσκου
1173 3613 1452 3684 Βακχείου,
1489 3607 1720 3686 πατρίδα
1744 3607 1803 3664 δὲ

197 3699 312 3772 εἶχε
337 3701 597 3754 Νεείπολιν
629 3705 721 3759 τὴν
752 3702 852 3753 ὑπὸ
895 3705 988 3759 τὴν
1020 3700 1284 3776 ἐπαρχίαν
1333 3699 1578 3752 τελοῦσαν
1615 3701 1802 3754 Παλαι-

201 3795 402 3856 στίνης,
436 3789 484 3841 ἐν
510 3789 678 3863 Ῥώμῃ
708 3786 767 3842 δε
797 3793 884 3850 τὰς
910 3786 1184 3864 διατριϐὰς
1211 3792 1360 3861 ἔσχε,
1395 3789 1681 3862 φιλοσοφῶν
1714 3795 1800 3844 καὶ

199 3887 308 3940 τοῖς
330 3879 508 3949 λόγοις
549 3885 638 3931 καὶ
689 3887 762 3949 τῷ
800 3877 904 3952 βίῳ
933 3884 1117 3949 καὶτῷ
1151 3884 1417 3951 σχήματι.
1451 3880 1708 3952 Διάπυρος
1745 3877 1802 3934 δὲ

201 3978 297 4030 τῆς
327 3968 593 4030 εὐσεϐείας
616 3969 683 4020 ὧν
709 3967 934 4040 ἐραστὴς
964 3967 1092 4042 [305
1116 3969 1201 4040 8.]
1221 3971 1354 4040 ἔσχε
1381 3973 1616 4043 Κρίσκην
1646 3971 1692 4005 ⁸ο
1720 3973 1805 4023 ἕνα

201 4062 320 4109 τινὰ
345 4066 448 4110 τῶν
489 4057 812 4129 καλουμένων
859 4067 1079 4110 κυνικῶν
1123 4057 1624 4131 ἀντιπολιτευόμενον
1665 4060 1804 4131 αὐτῷ

203 4153 293 4198 καὶ
321 4153 392 4216 τῷ
419 4145 530 4218 βίῳ
560 4152 651 4198 καὶ
681 4156 739 4220 τῇ
783 4149 1054 4222 θρησκείᾳ.
1080 4146 1187 4219 Ὑφ’
1219 4147 1279 4199 οὗ
1308 4152 1396 4199 καὶ
1430 4151 1805 4210 πσκευασθεὶς

203 4235 360 4298 ἀξίως
384 4243 484 4298 τῆς
510 4235 632 4297 ὅλης
656 4245 747 4289 τοῦ
778 4235 901 4310 βίου
928 4241 1270 4310 προαιρέσεως
1292 4242 1382 4289 καὶ
1411 4241 1502 4295 τὴν
1530 4236 1804 4297 ἐπιϐουλὴν

204 4323 520 4386 συνδιέθηκε
551 4329 602 4364 ⁹⁰
635 4347 648 4360 ο
677 4331 965 4402 μαρτυρίου
992 4329 1094 4401 γὰρ
1120 4328 1312 4385 ταύτην
1343 4329 1590 4380 ὑπόθεσιν
1617 4330 1805 4386 ἐνστη-

1915 3167 2076 3240 95a
2101 3169 2156 3222 et
2179 3165 2307 3237 ipse
2345 3168 2550 3220 contra
2589 3168 2814 3234 gentes,
2865 3163 3157 3220 Elenehus
3201 3164 3351 3238 [sive
3398 3164 3580 3234 Refu-

1917 3255 2080 3330 tatio]
2123 3253 2488 3311 inscribitur.
2522 3254 2607 3310 De
2635 3253 2744 3309 Dei
2772 3253 3018 3326 insuper
3046 3253 3393 3310 monarchia
3433 3267 3578 3309 con-

1914 3345 2164 3415 scriptus
2213 3343 2290 3400 ab
2322 3359 2391 3399 eo
2418 3341 2568 3398 liber
2611 3345 2719 3409 est,
2747 3346 2805 3398 et
2833 3342 3004 3409 alius,
3046 3343 3142 3398 cui
3173 3341 3374 3400 titulus
3414 3342 3579 3399 Psal-

1913 3438 1993 3491 tes
2014 3451 2038 3500 ;
2068 3438 2190 3490 tum
2223 3433 2399 3490 etiam
2432 3433 2654 3489 Contra
2689 3433 3051 3490 Marcionem
3083 3431 3220 3488 libri
3251 3438 3392 3489 sunt
3420 3431 3579 3488 lectu

1912 3522 2249 3586 necessarii,
2281 3527 2337 3578 et
2359 3523 2584 3579 Contra
2605 3537 2802 3579 omnes
2825 3523 3075 3580 hereses
3106 3522 3244 3578 utile
3269 3538 3443 3595 opus.

1986 3613 2111 3668 Fuit
2148 3612 2276 3684 ipse
2308 3611 2487 3668 Prisci
2521 3611 2756 3668 Bacchii
2806 3611 2963 3668 ﬁlius
3006 3611 3426 3684 :patriamque
3475 3610 3580 3667 ha-

1909 3701 2042 3758 buit
2089 3700 2416 3773 Neapolim,
2464 3699 2789 3756 Palastina
2824 3700 3174 3772 provincia.
3227 3702 3427 3756 Roma
3475 3714 3579 3755 au-

1913 3796 2034 3847 tem
2077 3795 2509 3854 commoratus,
2539 3787 2918 3844 sermonibus
2943 3789 3172 3845 ibidem
3199 3804 3270 3844 ac
3301 3787 3443 3852 vita,
3469 3802 3577 3859 pa-

1911 3880 2050 3936 riter
2093 3883 2156 3934 ut
2177 3877 2384 3934 habitu
2413 3876 2842 3950 philosophum
2893 3877 3032 3948 egit.
3077 3881 3282 3950 Itaque
3330 3875 3577 3932 ferventi

1911 3983 2052 4024 cum
2081 3970 2238 4023 esset
2267 3966 2500 4038 pietatis
2529 3980 2734 4020 amore
2773 3979 2844 4020 ac
2871 3965 3070 4022 studio
3101 3966 3410 4031 incensus,
3443 3964 3579 4020 Cre-

1913 4061 2181 4112 scentem
2203 4057 2528 4130 quemdam
2553 4071 2624 4110 ex
2649 4055 2722 4109 iis
2747 4054 2846 4127 qui
2869 4055 3072 4128 Cynici
3094 4055 3448 4122 vocitantur,
3471 4053 3581 4110 ad-

1915 4147 2246 4203 versarium
2294 4145 2518 4209 habuit,
2567 4160 2704 4200 cum
2744 4144 2881 4214 ipsi,
2924 4149 3049 4202 tum
3103 4145 3236 4201 vita
3275 4143 3580 4216 cultuique

1916 4253 1986 4294 ac
2030 4236 2301 4307 religioni
2332 4235 2462 4306 ejus
2493 4233 2864 4291 obnitentem
2899 4251 2910 4290 :
2942 4250 2978 4290 a
3001 4249 3125 4307 quo
3157 4234 3402 4291 tandem
3440 4233 3584 4290 insi-

1917 4327 2086 4383 diose
2135 4328 2475 4389 accusatus,
2525 4323 2695 4379 itaut
2723 4327 2842 4379 toto
2886 4323 3074 4396 ipsius
3124 4323 3263 4379 vita
3308 4323 3580 4382 instituto

205 4419 444 4486 σὰμενος,
471 4415 719 4490 λαμπρῶς
749 4420 837 4468 καὶ
868 4419 1074 4488 χαίρων
1100 4418 1185 4467 τὸν
1217 4416 1344 4488 ὑπερ
1379 4423 1614 4489 Χριστοῦ
1647 4417 1805 4470 θοίνα-

1927 4415 2171 4486 dignum
2201 4417 2345 4478 erat,
2374 4411 2626 4468 insidias
2658 4412 2792 4468 istas
2823 4411 3076 4484 pertulit.
3113 4411 3374 4485 Martyrii
3411 4427 3582 4470 nam-

203 4524 285 4557 τσι
318 4501 623 4568 ἀνεδέξατο.

916 4682 1096 4737 PKQ".

916 4691 995 4735 ΡΙ(
1067 4691 1096 4737 ’.

207 4772 504 4839 Κλήμεντος
537 4771 808 4845 ἐπιστολαὶ
833 4775 962 4845 πρὸς
991 4691 1297 4845 ἔρινθίους
1322 4770 1396 4844 β’,
1428 4775 1518 4824 καὶ
1549 4771 1815 4844 Πολυχάρ-

525 4863 627 4896 που
659 4843 900 4903 ἐπιστολῆ
933 4843 1494 4916 πρόςνφιλιππησίους,

278 4935 618 5007 Ἀνιγνὼσθη
679 4929 1012 5008 βιϐλιδάριον
1057 4931 1104 4985 ἓν
1231 4932 1522 5005 Κλήμεντος
1565 4933 1816 4987 Ἐπιστο-

1920 4519 2037 4578 que
2083 4503 2198 4559 hac
2223 4518 2375 4560 ansa
2416 4504 2678 4574 captata,
2716 4501 3026 4574 splendide
3071 4500 3326 4574 latoque
3376 4502 3581 4561 animo

1922 4610 2032 4668 pro
2061 4594 2286 4651 Christo
2314 4597 2570 4650 mortem
2599 4592 2865 4666 oppetiit.

2630 4682 2864 4738 CXXVI.

1926 4772 2230 4831 Clementis
2253 4773 2546 4844 Epistolas
2563 4771 2644 4827 ad
2665 4770 3002 4844 Corinthios
3032 4771 3102 4834 II,
3131 4777 3183 4828 et
3205 4769 3394 4828 sancti
3419 4771 3587 4844 Poly-

2238 4846 2404 4913 earpi
2433 4843 2702 4912 Epistola
2733 4842 2812 4898 ad
2841 4842 3269 4911 Philippenses.

2000 4933 2133 5004 Legi
2171 4931 2457 4998 libellum,
2499 4948 2620 5006 quo
2659 4931 2974 4990 Clementis
3011 4930 3296 5002 Epistola
3335 4932 3470 4990 dua
3506 4931 3587 4990 ad

1560 5060 1800 5115 VARlﬂ
1839 5060 2126 5118 LECTION
2135 5060 2237 5116 ES.
3312 5129 3316 5132 _

276 5187 322 5220 ⁸⁵
348 5191 443 5237 τοῦ
475 5183 638 5260 σώτορ
669 5197 792 5260 om:
829 5197 918 5260 pr.
954 5180 1263 5260 A.deiud_e
1302 5181 1538 5260 lacuna
1560 5183 1683 5260 ina
1717 5200 1805 5242 V61

1927 5201 2002 5260 tm
2043 5184 2075 5238 3
2109 5185 2232 5251 1/2,
2266 5183 2326 5240 in
2352 5182 2393 5239 C
2431 5189 2453 5240 1
2496 5184 2614 5257 1/2.
2790 5183 2959 5242 Roth.
2989 5183 3177 5260 [λείπει
3205 5185 3339 5260 ἴσως
3362 5187 3480 5260 περὶ
3500 5186 3588 5258 μέ-

199 5277 324 5327 τρων
353 5262 446 5309 καὶ
479 5255 786 5327 ﬂuam-3m]
832 5254 846 5255 γ
866 5257 914 5290 ⁸⁸
946 5254 1269 5327 πολυμαθείᾳ
1294 5275 1330 5320 ς
1343 5299 1355 5312 -

213 5313 330 5387 6m
362 5350 418 5394 ς.

1440 5255 1483 5290 37
1517 5253 1735 5316 ἐπέθηκε
1762 5278 1818 5323 ς.
1897 5257 1945 5293 ⁸⁸
1971 5262 2061 5309 καὶ
2091 5263 2220 5325 post
2243 5261 2341 5330 μὴν
2369 5271 2492 5313 om.
2523 5253 2587 5313 Α.

2687 5257 2733 5293 ⁸⁸
2770 5263 2970 5329 Κρισκῆ
2992 5257 3156 5315 corr.
3190 5257 3255 5312 A.
3360 5257 3586 5310 “auri-

1777 5450 2018 5512 NOT/E.

273 5565 381 5632 (l0)
423 5563 612 5632 Cujus
650 5556 938 5632 quadam
976 5557 1228 5614 illustrat
1278 5555 1491 5629 Georg.
1550 5558 1823 5629 Agricola

217 5630 402 5691 in'suo
437 5630 521 5691 De
559 5630 867 5689 Mensuris
893 5645 1094 5701 opere.

283 5707 390 5779 (ll)
420 5706 500 5764 De
530 5720 661 5778 quo
693 5702 825 5759 vide
873 5701 936 5758 Β.
989 5702 1222 5758 Hieron.
1257 5716 1398 5774 cap.
1447 5704 1516 5757 24
1547 5703 1632 5759 De
1667 5703 1822 5760 scri-

1927 5559 2193 5630 ptoribus
2225 5557 2448 5624 coclea,
2483 5561 2537 5613 et
2566 5560 2626 5614 D.
2659 5556 2874 5630 Baron.
2908 5558 3071 5615 card.
3103 5562 3142 5618 t.
3173 5563 3192 5616 ῐ
3223 5561 3441 5618 Annal.

2003 5631 2116 5702 (12)
2187 5633 2302 5686 Hoc
2341 5635 2431 5685 est
2470 5631 2567 5702 Mt,
2605 5629 2904 5686 Antonino
2944 5633 3109 5702 VVero
3150 5636 3205 5686 et
3243 5633 3303 5688 L.
3346 5630 3586 5689 Aurelio

1934 5701 2281 5768 Commodo,
2311 5703 2390 5760 ait
2422 5703 2480 5758 Β.
2509 5701 2908 5776 Hieronymus
2937 5701 2998 5760 in
3025 5703 3295 5775 Catalog.
