4136 6216
606 274 710 330 407

1831 271 2066 329 ΡΗΟΤΙΙ
2109 270 2597 327 PATRIARCH/E
2631 270 2739 325 CP.

3826 278 3918 332 408

613 397 936 454 Corinthios
961 397 1419 455 continebantur
1446 399 1581 473 (13).
1608 402 1871 466 Quarum
1894 399 2089 470 prima
2112 399 2271 469 ipsos

2390 397 2475 449 λαὶ
2526 400 2651 472 πρὸς
2705 399 3004 469 Κορινθίους
3060 396 3114 471 β’
3159 396 3460 473 ὰεφέροντο,
3491 398 3555 450 ὧν
3600 401 3627 457 ἡ
3672 405 3826 474 πρώτη
3864 399 3924 455 δι’

608 494 882 553 accusat,
937 487 1101 557 quod
1158 488 1568 555 seditionibus,
1625 489 1813 546 turbis
1862 504 1932 545 ac
1990 488 2279 543 schisma-

608 576 695 632 -tis
747 575 1042 645 violarint,
1091 592 1273 648 quam
1318 578 1468 634 inter
1505 594 1608 635 eos
1648 579 1869 634 servari
1915 581 2277 649 oportuerat,

624 680 838 738 pacem
870 664 1379 739 concordiamque
1409 684 1422 722 :
1450 668 1844 740 hortaturque
1873 666 1951 723 ab
1978 666 2093 722 hoc
2120 666 2280 722 malo

621 758 970 826 temperare.
999 753 1261 826 Simplex
1282 756 1408 826 ejus
1429 757 1620 814 oratio
1642 761 1729 813 est
1754 772 1825 812 ac
1846 755 2182 827 perspicua,
2208 755 2281 810 ad

624 842 1084 899 ecclesiasticam
1125 848 1183 899 et
1224 844 1660 902 ineluboratam
1710 847 2004 901 accedens
2044 840 2279 899 dicendi

620 932 901 987 formam.
948 931 1362 1003 Reprehendat
1392 950 1532 991 vero
1562 935 1676 990 hoc
1706 935 1767 990 in
1796 933 1907 989 illis
1951 933 2277 1005 quispiam,

619 1020 786 1092 quod
845 1024 1012 1076 extra
1054 1022 1356 1077 Oceanum
1414 1022 1673 1078 mundos
1722 1021 1955 1093 aliquos
2016 1020 2276 1076 collocet.

619 1109 841 1166 Deinde
885 1110 1030 1165 forte
1061 1114 1117 1166 et
1146 1110 1311 1175 illud,
1345 1111 1508 1183 quod
1561 1111 1898 1184 phoenicem
1931 1124 2106 1166 avem
2152 1108 2278 1164 uni-

610 1215 701 1255 am
718 1204 819 1255 tan
837 1215 1025 1273 quam
1044 1215 1086 1272 p
1102 1214 1173 1256 ro
1185 1199 1499 1257 verissimo
1512 1200 1758 1257 adhibet
1770 1203 2123 1272 argumento
2138 1199 2274 1268 (14),

602 1288 813 1354 Tertio,
856 1290 1019 1361 quod
1064 1306 1371 1346 summum
1413 1289 1784 1345 sacerdotem
1827 1288 2268 1360 praesidemque

600 1378 918 1435 Dominum
959 1386 1231 1436 nostrum
1262 1380 1465 1435 Jesum
1496 1378 1791 1435 Christum
1824 1376 2157 1450 appellans,
2193 1392 2269 1433 ne

601 1466 733 1523 illas
779 1468 1030 1540 quidem
1064 1472 1183 1526 Deo
1213 1468 1640 1525 convenientes
1671 1473 1728 1523 et
1758 1467 2135 1522 sublimiores
2192 1466 2268 1521 de

601 1572 673 1614 eo
705 1572 882 1613 voces
909 1558 1281 1629 pronuntiet,
1315 1558 1551 1613 tametsi
1582 1572 1691 1613 nec
1720 1560 1921 1629 aperte
1951 1557 2152 1627 ipsum
2184 1554 2275 1611 ul-

603 1645 705 1701 libi
736 1645 796 1700 in
826 1644 919 1701 his
951 1644 1350 1718 blasphemet.
1386 1645 1579 1702 Altera
1608 1660 1746 1701 vero
1776 1643 2026 1717 epistola
2052 1648 2109 1699 et
2139 1644 2272 1715 ipsa

2392 488 2559 547 αἰτίας
2637 488 2822 548 αύτούς
2882 489 3018 559 οἷγει,
3106 491 3327 541 στάσεσι
3389 494 3478 540 καὶ
3553 497 3789 562 ταραχαῖς
3853 498 3924 545 καὶ

2394 582 2667 648 σχίσμασι
2719 582 2811 635 τὴν
2868 581 3170 650 πρέπουσαν
3236 577 3405 638 αύτοῖς
3447 578 3641 649 εἰρήνην
3691 583 3772 630 καὶ
3826 578 3924 651 ὀμο-

2390 685 2529 717 νοιοω
2572 665 2999 739 ἐμπολιτεύεσθαι
3054 666 3331 731 λύσαντας,
3398 672 3483 719 καὶ
3536 675 3753 739 παραινεί
3813 672 3916 720 παύ-

2395 757 2589 807 σασθαι
2642 762 2733 806 τοῦ
2771 762 2955 807 κακοῦ.
3000 754 3222 817 Ἀπλούς
3266 753 3324 808 δὲ
3360 758 3491 808 κατὰ
3530 760 3618 814 τὴν
3662 759 3827 829 φράσιν
3852 763 3923 810 καὶ

2394 851 2561 916 σαφής
2616 844 2723 897 ἐστι
2771 850 2859 897 καὶ
2908 844 3060 916 ἐγγὺς
3102 852 3193 897 τοῦ
3246 843 3667 904 ἐκκλησιαστικού
3709 851 3787 898 καὶ
3830 848 3928 899 ἀπε-

2388 939 2598 1008 ριέργου
2642 944 3004 1009 χαρακτῆρος.
3059 935 3364 990 Αἰτιοίσοιτο
3404 931 3453 987 δ’
3492 936 3550 986 οἶν
3590 955 3661 995 τις
3700 935 3835 987 αύτὸν
3885 935 3923 986 ὶν

2390 1027 2607 1085 ταύταις
2644 1026 2725 1076 ὅτι
2762 1043 2815 1076 τε
2860 1032 2950 1076 τοῦ
2999 1025 3243 1077 Ὠκεανοῦ
3287 1024 3379 1087 ἔξω
3420 1029 3641 1097 κόσμους
3681 1026 3805 1085 τινὰς
3827 1026 3926 1077 ὑπο-

2389 1115 2586 1166 τίθεται
2635 1111 2781 1177 εἶναι,
2840 1117 2930 1165 καὶ
2987 1109 3226 1187 δεύτερον
3273 1117 3398 1174 ἴσως
3449 1114 3526 1165 ὄτι
3580 1116 3643 1175 ὡς
3686 1112 3927 1171 παναληθε-

2391 1204 2563 1273 στάτῳ
2613 1210 2685 1273 τῷ
2740 1204 2876 1253 κατὰ
2926 1206 3012 1253 τὸν
3061 1207 3269 1274 φοίνικα
3318 1206 3376 1253 τὸ
3433 1206 3593 1274 ὄρνεον
3626 1198 3928 1274 ὑποδείγματι

2387 1297 2662 1364 κέχρηται,
2727 1296 2815 1343 καὶ
2876 1296 3046 1363 τρίτον
3114 1294 3194 1344 ὅτι
3247 1290 3497 1366 ἀρχιερέα
3546 1297 3629 1343 καὶ
3670 1295 3927 1365 προστάτην

2386 1384 2472 1433 τὸν
2524 1383 2711 1454 Κύριον
2755 1382 2901 1453 ἡμῶν
2939 1382 3146 1439 Ἰησοῦν
3192 1383 3423 1453 Χριστὸν
3471 1380 3787 1453 ἐξονομάζων,
3831 1378 3929 1434 ούδε

2387 1472 2479 1531 τὰς
2542 1472 2833 1543 θεοπρεπείς
2880 1474 2969 1522 καὶ
3025 1469 3353 1543 ὑψηλοτέρας
3430 1469 3589 1542 ἀφῆκε
3638 1475 3746 1541 περὶ
3797 1471 3928 1521 αύτού

2386 1560 2554 1630 φωνάς
2588 1578 2600 1591 ’
2643 1557 2701 1610 ού
2734 1562 2836 1629 μὴν
2863 1555 2977 1611 οὐδ’
3016 1557 3468 1631 ἀπαρακαλύπτως
3501 1559 3647 1611 αὐτὸν
3684 1554 3863 1629 οὐδαμῆ
3892 1556 3927 1608 ἓν

2383 1650 2582 1708 τούτοις
2614 1646 2934 1720 βλασφημεῖ.
2978 1646 3036 1700 Ἠ
3077 1643 3136 1699 δε
3168 1644 3390 1722 δευτέρα
3426 1652 3513 1700 καὶ
3545 1647 3669 1705 αύτὴ
3702 1648 3928 1698 νουθεσίαν

602 1734 1029 1793 institutionem
1063 1735 1665 1807 admonitionemque
1695 1734 1829 1790 vita:
1860 1734 2123 1790 continet
2155 1748 2271 1789 me.

2383 1742 2473 1789 καὶ
2506 1742 2812 1810 παραίνεσιν
2843 1741 3132 1809 κρείττονος
3162 1736 3365 1808 εἰσάγει
3416 1735 3555 1809 βίου,
3600 1742 3680 1788 καὶ
3728 1735 3771 1787 ἐν
3808 1734 3923 1807 ἀρχῇ

600 1821 764 1879 lioris
800 1840 814 1878 :
844 1828 1017 1896 atque
1044 1824 1176 1897 ipso
1210 1839 1347 1879 mox
1380 1823 1549 1879 initio
1574 1823 1873 1879 Christum
1901 1823 2089 1877 Deum
2119 1837 2270 1894 pras-

606 1911 789 1977 dicat,
837 1912 943 1968 etsi
974 1912 1135 1969 dicta
1163 1912 1447 1985 quaedam
1492 1912 1808 1983 peregrina
1851 1910 2010 1965 velut
2039 1926 2070 1966 e
2102 1925 2273 1967 sacra

602 2001 903 2074 Scriptura
957 2002 1322 2068 subinducit,
1383 2002 1608 2074 quibus
1666 2017 1741 2056 ne
1774 2000 1968 2073 prima
2024 2000 2270 2073 quidem

601 2090 853 2162 epistola
898 2091 1147 2147 omnino
1197 2094 1386 2146 vacat.
1420 2090 1937 2161 lnterpretationes
1986 2094 2272 2161 praeterea

596 2185 861 2242 locorum
874 2179 1264 2252 quorumdam
1278 2179 1591 2235 alieniores
1605 2178 1844 2251 profert.
1854 2178 2126 2250 Alioquin
2140 2177 2273 2249 ipsa

598 2282 737 2340 quae
759 2268 819 2323 in
845 2268 940 2325 his
965 2268 1231 2341 epistolis
1257 2268 1462 2325 insunt
1482 2284 1681 2336 sensa,
1713 2267 1984 2324 nonnihil
2011 2267 2267 2339 abjecta,

601 2357 1003 2415 continentem
1034 2373 1277 2431 quoque
1300 2357 1515 2414 seriem
1539 2373 1609 2415 ac
1629 2357 2123 2430 consequentiam
2147 2372 2268 2413 non

603 2450 866 2503 servant.

677 2535 1003 2605 Legebatur
1048 2540 1247 2592 autem
1298 2535 1360 2591 in
1403 2534 1616 2591 eodem
1656 2534 1855 2592 libello
1903 2543 1958 2591 et
1994 2535 2268 2608 Polycar-

604 2623 668 2696 pi
697 2624 813 2695 (15)
841 2624 1100 2696 Epistola
1124 2624 1203 2681 ad
1230 2623 1656 2696 Philippenses,
1690 2623 1894 2679 multis
1925 2625 2136 2680 referta
2166 2623 2268 2681 ad-

600 2712 1058 2778 monitionibus,
1101 2729 1239 2769 cum
1284 2713 1708 2785 perspicuitate
1751 2729 1821 2768 ac
1866 2713 2263 2786 simplicitate,

600 2801 985 2858 ecclesiastici
1016 2817 1183 2857 more
1212 2801 1569 2873 interpretis.
1612 2802 1807 2858 Refert
1836 2818 2079 2875 quoque
2108 2803 2266 2875 95b

600 2889 787 2947 divini
809 2890 1023 2963 lgnatii
1041 2890 1266 2946 litteras
1285 2889 1362 2946 ad
1375 2889 1506 2946 illos
1524 2906 1585 2946 se
1600 2890 1858 2957 misisse,
1880 2890 2266 2963 postulatque

601 2979 814 3036 certior
860 2979 1120 3036 vicissim
1152 2978 1294 3045 ﬁeri,
1327 2979 1375 3035 si
1404 2979 1551 3052 quid
1597 2978 1743 3035 forte
1772 2979 1848 3035 de
1878 2996 1949 3037 eo
1997 2979 2266 3036 inaudie—

599 3067 734 3125 rint.

1306 3158 1557 3214 CXXVII.

606 3245 838 3303 Eusebii
874 3244 1198 3316 Pamphilii
1224 3246 1306 3304 De
1333 3247 1456 3303 vita
1489 3248 1867 3305 Constantini
1893 3247 1976 3304 M.
2012 3247 2156 3305 libri
2185 3264 2266 3303 iv-

674 3422 978 3494 Leguntur
1023 3421 1261 3479 Eusebii
1294 3422 1588 3495 Pamphili
1617 3424 1705 3480 De
1733 3424 1857 3481 vita
1889 3424 2270 3481 Constantini

600 3510 815 3582 Magni
841 3512 1089 3583 August.
1129 3510 1445 3568 laudatorii
1474 3512 1605 3568 libri
1638 3517 1918 3585 quatuor.
1959 3515 2268 3571 Continent

602 3606 805 3659 autem
851 3599 1032 3671 hujus
1063 3600 1172 3657 viri
1202 3616 1340 3657 cum
1382 3606 1661 3659 casteram
1693 3602 1934 3659 vivendi
1982 3602 2263 3669 formam,

2384 1830 2511 1879 Θεὸν
2540 1830 2626 1879 τὸν
2656 1830 2885 1899 Χριστὸν
2921 1828 2964 1861 ⁹¹
2997 1830 3274 1898 κηρύσσει,
3306 1826 3438 1885 πλὴν
3486 1828 3563 1879 ὅτι
3598 1826 3723 1900 ῥητοί
3758 1843 3856 1876 τινα
3879 1828 3929 1884 ὡς

2383 1915 2484 1968 ἀπὸ
2515 1924 2609 1977 τῆς
2640 1918 2779 1976 θείας
2812 1922 3018 1990 Γραφῆς
3040 1915 3303 1978 ξενίζοντα
3334 1917 3637 1991 παρεισάγει
3666 1932 3675 1943 ·
3703 1915 3762 1964 ὧν
3789 1909 3924 1970 ούδ’ἡ

2381 2011 2560 2079 πρώτη
2603 2003 2900 2063 ἀπήλλακτο
2946 2004 3223 2066 παντελῶς.
3264 2010 3367 2058 Καὶ
3410 2005 3668 2079 ἑρμηνείας
3714 1999 3766 2055 δι
3790 2002 3928 2076 ῥητῶν

2381 2114 2530 2146 τινων
2562 2093 2861 2154 ἀλλοκότους
2892 2096 3025 2166 ἔχει.
3058 2092 3256 2156 Ἀλλως
3285 2114 3340 2147 τε
3378 2091 3437 2147 δὲ
3485 2098 3571 2145 καὶ
3609 2095 3673 2145 τὰ
3710 2091 3753 2144 ἐν
3779 2091 3927 2150 αύταῖς

2380 2189 2617 2255 νοήματα
2647 2183 2928 2258 ἐῤῥιμμένα
2954 2204 3063 2245 πως
3098 2189 3187 2237 καὶ
3212 2184 3271 2237 ού
3305 2193 3503 2256 συνεχῆ
3548 2188 3638 2242 τὴν
3667 2181 3926 2235 ἀκολουθίαν

2382 2274 2485 2331 ύπῆ
2491 2292 2521 2347 ρ
2526 2292 2593 2345 χε
2619 2272 2960 2345 φυλάττοντα.

2449 2541 2531 2594 Ἐν
2562 2548 2632 2612 τῷ
2664 2540 2805 2611 αύτῷ
2841 2536 2900 2593 δὲ
2924 2537 3245 2613 βιϐλιδαρίῳ
3267 2539 3565 2613 ἀνεγνώσθη
3597 2544 3680 2592 καὶ
3704 2537 3932 2608 Πολυχάρ-

2376 2650 2474 2683 που
2534 2630 2812 2688 Ἐπιστολή
2873 2633 2998 2701 πρὸς
3052 2629 3458 2694 Φιλιππησίους,
3497 2633 3722 2702 ⁶γέμουσαι
3771 2626 3931 2685 πολλῆς

2375 2722 2642 2780 νουθεσίας
2655 2722 2783 2790 μετά
2812 2724 3094 2791 σαφηνείας
3118 2723 3207 2771 καὶ
3225 2718 3519 2779 ἁπλότητος
3533 2720 3663 2770 κατά
3678 2721 3755 2769 τὸν
3779 2715 3933 2771 ἐκκλη-

2378 2820 2651 2869 σιαστικὸν
2676 2825 2768 2877 τῆς
2798 2817 3071 2888 ἑρμηνείας
3091 2820 3270 2868 τύπον.
3307 2822 3459 2889 Λέγει
3478 2819 3525 2853 ⁹²
3554 2814 3611 2869 δε
3635 2821 3715 2867 καὶ
3741 2816 3824 2874 τὰς
3844 2812 3931 2863 im-

2377 2905 2559 2966 στολὰς
2585 2905 2763 2967 αύτοῖς
2786 2905 3037 2977 Ἰγνατίου
3064 2913 3155 2957 τοῦ
3189 2907 3437 2980 θεοφόρου
3470 2904 3832 2965 ἀπεσταλκέναι,
3856 2903 3928 2951 καὶ

2375 2996 2595 3047 αἰτεῖται
2626 2991 3061 3067 ἀναδιδαχθῆναι
3113 3000 3234 3069 παρ’
3282 2995 3454 3048 αὐτῶν
3486 2998 3529 3049 εἶ
3552 3014 3601 3047 τι
3637 2998 3745 3068 περὶ
3769 2994 3926 3044 ἐκείνου

2296 3098 2336 3153 C
2375 3081 2733 3137 διακούσαιεν.

3084 3174 3245 3226 ΡΚΖ’.

2378 3262 2643 3317 Ἐύσεϐίου
2677 3270 2769 3315 τοῦ
2809 3261 3080 3334 Παμφίλου
3114 3264 3143 3320 ἡ
3179 3262 3245 3323 εἰς
3283 3269 3665 3334 Κωνσταντίνον
3693 3265 3771 3313 τὸν
3794 3260 3925 3329 μέγαν

2927 3334 3111 3387 ασιλέα
3131 3333 3485 3409 τετράϐιϐλος.

2447 3422 2770 3495 Ἀνεγνώσθη
2829 3422 3079 3476 Εύσεϐίου
3135 3431 3227 3476 τοῦ
3286 3425 3564 3497 Παμφίλου
3616 3426 3643 3480 ἠ
3693 3421 3774 3481 Εἰς
3817 3424 3927 3471 Κων-

2379 3520 2645 3566 σταντῖνον
2702 3514 2788 3563 τὸν
2864 3516 3022 3584 μέγαν
3085 3510 3308 3583 βασιλέα
3364 3513 3495 3584 [308
3552 3511 3641 3584 3.]
3700 3509 3927 3579 ἐγκωμια-

2378 3606 2531 3660 στικὴ
2580 3599 2927 3675 τετράϐιϐλος,
2968 3601 3018 3653 ἐν
3129 3606 3438 3675 περιέχεται
3482 3605 3512 3661 ἡ
3555 3620 3606 3653 τε
3649 3606 3732 3652 τοῦ
3776 3590 3931 3665 ἀνδρὸς

1944 3694 2176 3749 VARle
2220 3691 2513 3749 LECTION
2522 3692 2623 3748 ES.

672 3780 718 3817 ⁹¹
761 3780 989 3855 Χριστὸν
1014 3781 1100 3834 τὸν
1132 3783 1259 3834 Θεόν
1286 3801 1342 3845 ς.
1420 3783 1468 3816 ⁹²
1492 3779 1696 3853 λέγεται
1726 3786 1787 3837 Α.

2165 3870 2392 3928 NOTAE.

675 3959 794 4040 (_t_1_l)
817 3960 894 4015 De
914 3958 1296 4040 quibussup.
1328 3973 1571 4032 quoque
1601 3959 1857 4017 Photius.
1892 3975 2023 4033 cap.
2059 3962 2181 4027 H3,
2206 3965 2261 4017 et

604 4032 668 4087 Β.
698 4032 929 4087 Hieron.
963 4046 1096 4101 cap.
1132 4033 1213 4086 14.

676 4102 787 4174 (14)
836 4102 1133 4174 Adhibent
1179 4107 1383 4174 tamen
1428 4117 1535 4174 pro
1584 4102 1779 4158 carnis
1832 4103 2259 4159 resurrectione

605 4172 846 4248 Patrum
870 4173 1108 4248 plurimi
1138 4172 1409 4248 :_Tertull.
1432 4172 1538 4248 lib.
1567 4175 1651 4229 De
1670 4182 1987 4248 resurrect.
2012 4190 2143 4248 cap.
2174 4180 2256 4241 t3,

604 4243 707 4317 ubi
731 4242 916 4317 etiam
958 4245 1103 4300 illud
1144 4244 1291 4299 Psal.
1337 4260 1449 4317 xci,
1485 4242 1692 4307 δίκαιος
1720 4250 1789 4307 ὡς
1816 4246 1989 4309 Φοῖνιξ
2020 4242 2255 4317 ἀνθήσει,

604 4315 850 4387 reddere
862 4331 1044 4370 ausus
1055 4320 1162 4381 est,
1184 4317 1350 4373 Velut
1366 4316 1881 4387 Phanixﬂorebit.
1906 4321 1959 4373 Β.
1983 4315 2255 4374 Ambros.

606 4384 705 4440 lib.
735 4401 790 4439 vr
816 4386 875 4441 in
902 4388 1231 4460 Hexaemer.
1262 4403 1408 4460 cap._
1426 4388 1511 4452 23,
1540 4384 1873 4460 iterumque
1904 4389 2005 4444 lib.
2040 4392 2120 4445 De
2142 4390 2259 4459 ﬁde

606 4464 923 4531 (fesurrect.
974 4459 1039 4531 VS.
1076 4461 1243 4528 Greg.
1276 4458 1546 4515 Nazianz.
1584 4458 1795 4515 Carmf
1814 4461 1895 4515 ad
1936 4462 2161 4531 Virgin.
2201 4463 2256 4517 S.

604 4528 1248 4601 EpiphanuAncorato
1291 4546 1302 4584 :
1347 4537 1525 4601 atque
1581 4546 1653 4586 ex
1702 4532 1888 4601 ipsius
1940 4534 2007 4586 B.
2039 4528 2257 4586 'Clem.

607 4601 855 4673 constit.
907 4600 1007 4673 lib.
1038 4618 1094 4667 v,
1129 4619 1179 4657 c.
1214 4606 1284 4673 6,;
1314 4604 1371 4656 Β.
1401 4600 1600 4673 Cyrill.
1648 4600 1951 4659 Ca’techesi
1998 4603 2086 4666 18,
2135 4619 2260 4657 me-

604 4672 896 4799 minitgue
913 4672 1092 4755 hujus
1105 4674 1233 4729 avis
1252 4672 1466 4755 Euseb.
1488 4673 1588 4731 lib.
1613 4690 1668 4728 tv
1682 4674 1768 4730 De
1783 4674 2083 4753 Constant.
2106 4675 2254 4755 vita;

604 4758 698 4798 om
729 4760 763 4799 a
811 4744 884 4799 de
910 4752 1175 4799 centium
1206 4750 1561 4799 scriptorum
1600 4745 1836 4799 turbam
1869 4763 1880 4799 :
1915 4747 2149 4799 Luctan.
2199 4761 2254 4799 in

604 4744 698 4817 cui
729 4744 884 4817 adde
910 4746 1175 4817 gentium
1206 4745 1561 4817 scriptorum
1600 4745 1836 4800 turbam
1869 4763 1880 4799 :
1915 4746 2149 4800 Lucian.
2199 4746 2257 4799 in

603 4815 811 4884 Sectis,
865 4816 1008 4871 Plin.
1039 4816 1138 4871 lib.
1186 4833 1245 4882 x,
1275 4815 1407 4887 cap.
1470 4818 1520 4870 11
1557 4817 1884 4885 ;'l‘acitum,
1930 4816 2148 4872 Annal.
2179 4832 2213 4870 v
2244 4832 2255 4882 ;

603 4886 801 4970 Aurel.
820 4888 1032 4970 Victor.
1050 4888 1320 4970 Historl._A
1331 4886 1567 4970 nausia,
1586 4888 2036 4970 Pomp.‘Mel_am‘.
2057 4888 2159 4945 lib.
2175 4903 2256 4970 iu,

602 4975 735 5030 cap.
760 4964 791 5016 9
816 4975 829 5025 ;
856 4958 1041 5015 Solin.
1073 4976 1205 5031 cap.
1230 4960 1297 5016 36
1324 4976 1337 5026 ;
1363 4959 1673 5014 Claudian.
1697 4958 1753 5015 et
1774 4962 1937 5015 Auct.
1972 4961 2164 5015 Carm.
2191 4960 2262 5015 de

599 5031 887 5112 I_’_/_t_cenz_‘ce,
918 5031 1103 5112 apud.
1126 5034 1384 5112 Lactant.
1414 5035 1509 5112 ;et
1535 5030 1609 5084 de
1640 5030 1856 5112 Graecis
1890 5032 2164 5103 Xiphilin.
2197 5032 2259 5112 in

610 5104 880 5168 Tiberio;
918 5102 1190 5159 Herodot.
1232 5102 1335 5157 lib.
1366 5118 1435 5161 ιιι
1467 5102 1882 5175 Horapol._lib.
1926 5102 1963 5171 i,
2005 5119 2138 5175 cap.
2193 5107 2259 5159 35

601 5180 658 5247 et
696 5174 835 5232 alibi
862 5194 875 5241 ;
900 5175 1111 5231 Elian.
1150 5176 1234 5230 De
1276 5175 1531 5247 animal.
1578 5180 1716 5247 nat.
1749 5173 1851 5229 lib.
1888 5190 1963 5247 vi,
1993 5173 2126 5247 cap.
2157 5177 2256 5247 A58.

600 5244 717 5301 Etsi
743 5253 878 5302 ante
900 5246 1175 5304 Photium
1201 5245 1535 5302 dubitando
1558 5244 1631 5300 de
1654 5245 1767 5301 hac
1787 5262 1896 5303 ave
1920 5244 2097 5303 locuti
2123 5245 2255 5306 sint.

601 5317 661 5389 Β.
705 5317 883 5374 Clem.
930 5334 1132 5389 supra,
1165 5334 1297 5373 cum
1328 5318 1389 5371 Β.
1424 5321 1591 5386 Greg.
1637 5320 1769 5373 Naz.
1806 5323 1955 5374 orat.
2008 5318 2083 5372 de
2130 5318 2260 5387 Spi-

599 5388 714 5463 ritu
766 5395 971 5463 sancto
1002 5388 1137 5463 quae
1163 5394 1250 5444 est
1278 5393 1367 5463 37,
1400 5391 1455 5443 Β.
1486 5405 1625 5443 vero
1649 5391 1962 5463 Maximus
1988 5397 2215 5463 martyr
2243 5404 2256 5452 ;

600 5460 779 5517 etiam
808 5460 1003 5530 logica
1021 5459 1447 5532 dissertatione
1487 5459 1761 5515 eamdem
1788 5460 2131 5532 planissime
2162 5474 2258 5532 ne-

601 5532 782 5614 gavit,
832 5532 910 5588 ibi
956 5532 1034 5589 ad
1064 5531 1615 5614 Petrumjllus'trem
1650 5530 2098 5614 contra_Severi
2156 5530 2260 5612 d_o-

600 5605 1039 5683 gmatatquem
1068 5604 1265 5675 ipsum
1296 5602 1393 5659 hic
1421 5603 1533 5684 tibi.
1551 5603 1750 5659 locum
1777 5619 1808 5659 e
1830 5603 1995 5687 Notis
2020 5603 2254 5683 Graecis,

602 5673 709 5730 sed
727 5676 946 5741 Latine,
976 5674 1318 5749 appendere
1338 5674 1580 5747 placuit.
1603 5676 1775 5741 Quod
1797 5692 1865 5745 si,
1893 5681 1993 5746 ait,
2017 5690 2145 5733 avis
2170 5678 2258 5731 est

2368 3958 2822 4031 phmnix,etiam
2836 3955 3059 4013 animal
3073 3956 3415 4031 sit,o_mnino
3434 3970 3672 4013 necesse
3684 3944 3923 4031 εει.οᾳοά

2371 4028 2417 4085 si
2434 4029 2807 4086 animaleam
2821 4044 2953 4083 esse
2975 4028 3693 4099 concedis,primum,non
3714 4028 3921 4099 omnino

2370 4106 2564 4181 potest
2580 4101 2722 4181 illud
2739 4116 2865 4181 esse
2880 4087 3511 4181 singulare,qu‘antum
3528 4087 3729 4181 saltem
3746 4087 3922 4181 animi}!

2372 4160 2478 4238 est,
2496 4173 2727 4228 nullum
2746 4173 2903 4227 enim
2928 4160 3121 4227 sovlum
3145 4160 3392 4227 animal.
3416 4171 3651 4235 Deinde,
3670 4168 3711 4223 si
3738 4160 3923 4223 animal

2371 4250 2480 4314 est,
2503 4244 2703 4315 utique
2725 4260 2962 4315 corpus,
2981 4244 3311 4315 animatum
3332 4244 3513 4299 simul
3542 4248 3597 4298 et
3620 4255 3784 4296 sensu
3809 4249 3921 4306 prae-

2370 4317 2580 4372 ditum.
2598 4314 2729 4371 Jam
2751 4317 2799 4370 si
2829 4331 3047 4387 corpus
3073 4320 3159 4369 est
3180 4314 3521 4370 animatum
3545 4319 3601 4370 et
3621 4326 3783 4368 sensu
3802 4318 3924 4387 pref

2371 4388 2581 4450 ditum.
2619 4394 2773 4443 certe
2794 4387 2971 4442 etiam
3002 4387 3369 4455 generationi
3402 4391 3585 4458 atque
3604 4386 3925 4458 corruptiom

2370 4458 2701 4514 obnoxium
2724 4458 2850 4531 erit.
2872 4452 3113 4531 Ipsos,si
3134 4452 3597 4531 libet,sapientes
3615 4452 3925 4531 consulare:

2369 4547 2503 4585 rum
2531 4547 2667 4601 quae
2706 4520 2997 4603 exsistunt
3026 4520 3411 4603 inspectOres,
3442 4529 3645 4584 ﬁerine
3671 4524 3851 4603 possit,
3874 4520 3925 4596 ut

2370 4600 2738 4675 generationi
2758 4601 2921 4673 quod
2944 4600 3270 4675 obnoxmm
3296 4605 3385 4656 est
3402 4600 3926 4675 atquecorruptiom

2368 4671 2943 4743 corpus,animatum
2971 4674 3106 4727 item
3131 4689 3196 4727 ac
3222 4688 3400 4728 sensu
3421 4671 3925 4743 prteditum,singu-

2370 4740 2509 4799 laris
2522 4759 2649 4800 esse
2663 4751 2886 4800 naturae
2902 4744 2999 4814 (ad
3013 4740 3594 4814 exsistentiamquod
3610 4740 3927 4814 attinetipos-

2370 4816 2441 4870 sit
2477 4832 2487 4869 :
2524 4831 2658 4870 cum
2693 4812 2943 4871 aliorum
2978 4816 3035 4869 in
3069 4816 3160 4869 his
3206 4831 3277 4870 ex
3321 4812 3466 4870 aliis
3495 4812 3799 4873 successio,
3830 4820 3925 4860 evn-

2369 4887 2764 4943 dentissimum
2781 4886 3179 4942 sitexsistendi
3197 4882 3926 4951 indicium,certissimusque

2372 4959 2677 5014 terminus.
2703 4957 3225 5023 Quemadmodum
3250 4959 3304 5011 in
3322 4957 3630 5027 Scriptura
3647 4958 3769 5027 ipsa
3785 4960 3928 5004 sacra

2370 5030 2785 5102 testaturjusto
2808 5030 2886 5084 illi
2903 5032 3124 5085 Noemo
3140 5028 3317 5102 hujus
3338 5028 3413 5102 rei
3434 5026 3830 5102 certitudinem
3849 5033 3927 5102 (ξι-

2368 5102 2603 5169 hibens,
2622 5094 2725 5156 ubi
2746 5101 2990 5164 Gen.vn,
3011 5102 3092 5156 ait
3116 5121 3127 5156 :
3150 5094 3468 5170 In'gredere
3486 5106 3550 5154 tu
3564 5105 3615 5155 et
3636 5094 3927 5170 omnium.

2370 5165 2633 5245 Itemque
2656 5188 2730 5228 ex
2757 5171 3023 5245 omnibus
3047 5165 3408 5245 volatilibus,
3436 5171 3648 5245 etc.,_in
3675 5165 3875 5239 quibus
3892 5165 3928 5213 st

2368 5240 2634 5318 phmnix,
2663 5244 2823 5316 quod
2857 5242 3207 5318 alatumille
3243 5244 3318 5297 sit
3368 5240 3614 5318 animal,
3648 5245 3932 5318 numeran-

2369 5312 2482 5371 dus
2513 5322 2617 5377 est,
2653 5312 2795 5371 sane
2820 5314 3160 5385 singularis,
3184 5314 3383 5387 quoad
3402 5312 3820 5387 exsistentiam,
3848 5318 3933 5359 na-

2367 5393 2514 5444 turae
2547 5403 2667 5442 non
2695 5392 2806 5451 est,
2837 5389 3071 5460 ut_Deu_s
3098 5384 3233 5460 ipse
3254 5384 3722 5460 pronun_tiavit.__
3804 5447 3812 5457 _
3894 5443 3903 5453 ,

2466 5460 2552 5524 15)
2583 5462 2779 5514 Exstat
2811 5474 2883 5513 ea
2912 5454 3238 5523 hodiefvel
3258 5454 3339 5512 ex
3368 5456 3461 5511 hic
3484 5454 3753 5524 indicatis
3774 5454 3931 5524 signis

2369 5523 2609 5602 nobilis,
2638 5530 2841 5585 Latine
2872 5546 3010 5586 cum
3041 5529 3320 5602 operibus
3357 5530 3411 5583 Β.
3448 5523 3755 5583 Clementis
3783 5523 3928 5577 Rom.

2371 5601 2629 5659 Colonias
2658 5618 2897 5658 excusa.
