4136 6216
248 296 358 350 409

1371 299 1874 358 BlBLIOTHECA.
1941 301 2193 357 —COD.
2238 302 2509 359 CXXVII.

3520 308 3626 363 410

258 421 380 479 ἄλλη
433 421 670 475 πολιτεία
723 423 777 487 ἐξ
828 426 988 485 αὐτῆς
1054 430 1263 499 πρώτης
1312 424 1520 486 ἡλικίας
1568 424 1833 498 ἀρχομένη

1962 426 2091 497 jam
2136 428 2273 483 inde
2326 444 2361 484 a
2391 430 2643 501 pueritia
2673 430 3037 497 inchoando,
3070 434 3196 488 tum
3244 448 3623 506 quaecunque

254 516 343 562 καὶ
397 514 525 564 ὅσαι
570 516 701 586 πρὸς
732 519 826 571 τὴν
858 515 1303 573 ἐκκλησιαστικὴν
1339 514 1467 587 [164-
1496 514 1592 584 H.]
1625 516 1859 585 ἱστορίαν

256 602 559 655 συντελοῦσι
616 604 847 677 πράξεις,
912 609 1102 679 μέχρις
1160 604 1219 656 οὗ
1276 608 1363 655 τόν
1417 602 1532 675 βίον
1592 603 1856 666 ἀπελιπεν,

252 691 319 752 εἰς
394 692 676 755 ἑξηκοστόν
748 700 838 745 καὶ
912 700 1149 767 τέταρτον
1212 696 1575 766 παραταθέντα
1643 698 1852 766 χρόνον.

244 785 400 834 Ἔστι
451 787 542 853 μὲν
598 782 685 834 οὖν
734 782 1001 836 κάνταῦθα
1046 788 1141 841 τὴν
1199 786 1387 856 φράσιν
1443 784 1620 854 ὅμοιος
1669 782 1852 852 ἐαυτῷ,

246 870 382 928 πλὴν
431 876 619 944 μικρόν
689 891 743 923 τε
816 875 947 947 πρός
1003 875 1061 925 τὸ
1118 871 1467 946 λαμπρότερον
1524 870 1855 924 ἐκϐεϐίασται

249 958 392 1028 αύτῷ
435 961 462 1011 6
494 959 666 1031 λόγος,
698 965 793 1012 καὶ
842 960 999 1023 λέξεις
1031 961 1103 1021 εἰς
1139 965 1196 1012 τό
1249 959 1583 1035 ἀνθηρότερον
1638 962 1852 1031 ἐνιαχοῦ

251 1048 669 1121 συνελήφθησαν

244 1133 439 1197 ἡδονῆς
493 1143 583 1191 καὶ
613 1140 841 1211 χάριτος
894 1136 1044 1192 ούδεν
1074 1144 1226 1212 μίγα,
1261 1142 1433 1214 ὥσπερ
1483 1137 1609 1193 ούδέ
1656 1141 1705 1192 ἐν
1744 1148 1852 1200 τοῖς

752 1058 849 1112 τῆς
940 1054 1118 1121 μέντοι
1198 1052 1335 1101 κατὰ
1416 1054 1508 1108 τὴν
1586 1050 1852 1123 ἑρμηνείαν

238 1224 439 1294 ἄλλοις,
493 1228 814 1299 ἐμφαίνεται.
850 1235 1289 1302 Καταπρὼννυσι
1344 1226 1403 1282 δε
1454 1228 1502 1281 ἐν
1548 1232 1712 1302 ταύτῃ
1752 1230 1848 1281 αύ-

238 1322 331 1366 τοῦ
390 1323 453 1387 τῇ
518 1316 845 1389 τετραϐίϐλῳ
904 1318 1183 1389 πάμπολλα
1225 1323 1403 1391 χωρία
1461 1317 1513 1381 ἐξ
1568 1319 1848 1390 ὁλοκλήρου

236 1412 297 1461 τῆ
309 1425 332 1466 ς
361 1403 845 1468 Ἐκκλησιαστικῆς
875 1408 1035 1459 αὑτοῦ
1066 1404 1351 1478 δεκαλόγου
1387 1410 1631 1480 ἱστορίας.

306 1497 467 1563 Λέγει
522 1496 615 1565 μὶν
645 1491 733 1547 οὖν
777 1501 866 1548 καὶ
907 1495 1063 1557 αύτὸς
1101 1495 1150 1548 ἐν
1188 1493 1521 1569 Νικομηδείᾳ
1562 1500 1648 1548 τόν
1686 1500 1847 1568 μέγαν

233 1587 632 1635 Κωνσταντίνον
694 1582 1087 1657 βαπτίσασθαι,
1142 1590 1307 1659 μέχρι
1357 1591 1467 1637 τότε
1524 1589 1581 1637 τό
1630 1586 1847 1658 λουτρόν

229 1668 787 1744 ἀναϐαὶλόμενον,οἶτε
840 1671 909 1731 δὴ
972 1673 1020 1726 ἐν
1072 1673 1325 1747 ἐπιθυμίᾳ
1373 1678 1676 1747 ποιούμενον
1738 1683 1845 1737 τοῖς

1970 514 2048 571 ad
2070 516 2529 575 ecclesiasticam
2561 520 2917 590 pertinentia
2944 520 3253 576 historiam
3288 520 3382 576 ille
3414 524 3621 592 gessit,

1967 604 2046 659 ad
2068 611 2399 661 extremum
2424 624 2612 680 usque
2630 609 2955 674 ﬁnem,hoc
2977 614 3353 681 est,quatuor
3373 616 3429 666 et
3452 627 3622 669 sexa-

1967 693 2132 761 ginta
2152 712 2449 752 annorum
2476 700 2689 770 spatio.
2719 701 2816 753 Est
2838 713 3016 769 porro
3038 698 3217 753 etiam
3250 698 3309 754 in
3342 699 3455 755 hoc
3479 716 3622 773 ope-

1964 797 2025 837 re
2046 784 2137 838 sui
2161 785 2302 840 satis
2319 786 2378 840 in
2400 786 2659 842 dictione
2678 787 2909 853 similis,
2927 788 3035 842 nisi
3061 788 3225 859 quod
3244 788 3518 845 nonnihil
3539 790 3617 846 ad

1964 872 2344 944 splendorem
2370 876 2560 945 magis
2585 876 2837 931 trahitur
2856 878 3065 942 oratio,
3091 892 3384 949 vocesque
3412 878 3488 933 ad
3512 878 3619 934 ﬂo-

1960 962 2160 1018 ridum
2192 962 2411 1019 alicubi
2453 980 2642 1034 genus
2674 965 2954 1021 tendunt:
2987 966 3096 1021 etsi
3123 966 3516 1036 jucunditatis
3562 973 3618 1025 et

1961 1052 2166 1119 gratim
2187 1052 2245 1107 in
2272 1052 2627 1125 explicando
2650 1054 2955 1109 modicum
2977 1054 3280 1124 adhibere,
3309 1060 3370 1111 ut
3394 1054 3456 1110 in
3484 1055 3613 1112 aliis

1958 1156 2201 1214 quoque
2231 1142 2422 1211 libris,
2444 1143 2698 1200 videtur.
2732 1144 3070 1200 Afferuntur
3098 1162 3239 1201 vero
3270 1145 3403 1202 loca
3432 1146 3611 1219 pluri-

1960 1246 2062 1286 ma
2100 1230 2159 1286 in
2188 1231 2281 1286 his
2310 1236 2567 1303 quatuor
2617 1232 2785 1289 libris
2810 1249 2881 1288 ex
2915 1233 3193 1291 universa
3242 1235 3371 1306 ejus
3404 1234 3611 1292 decem

1957 1318 2246 1376 librorum
2277 1322 2698 1379 Ecclesiastica
2728 1322 3019 1379 Historia.

2028 1497 2221 1553 Refert
2244 1514 2384 1571 ergo
2415 1500 2511 1555 hic
2538 1500 2896 1556 Nicomedia:
2926 1500 3293 1572 baptizatum
3325 1516 3614 1571 magnum

1958 1588 2413 1644 Constantinum
2458 1590 2592 1661 (t6),
2628 1590 3041 1662 hactenusque
3071 1591 3379 1646 lavacrum
3423 1590 3618 1646 distu-

1954 1676 2109 1739 lisse.
2142 1677 2307 1748 quod
2337 1677 2396 1733 in
2425 1680 2579 1734 votis
2626 1679 2876 1735 haberet
2923 1679 2982 1734 in
3009 1680 3266 1734 Jordane
3311 1679 3613 1751 baptismo

226 1757 506 1833 Ἰορδάνου
560 1766 620 1814 τό
667 1763 879 1835 λουτρόν
928 1760 1305 1827 ὑποδέξασθαι·
1337 1769 1413 1825 τίς
1461 1762 1519 1817 δε
1571 1766 1595 1816 ό
1654 1763 1837 1837 βαπτί-

1955 1766 2139 1835 tingi:
2189 1766 2327 1837 quis
2380 1782 2520 1823 vero
2564 1768 2896 1839 baptizarit,
2944 1768 3177 1823 silentio
3223 1770 3497 1840 praeterit.
3534 1771 3612 1825 De

226 1868 344 1915 σας,
406 1847 566 1903 οὐδὲν
609 1849 879 1923 διασαφεῖ.
942 1858 1063 1927 Περὶ
1113 1858 1287 1925 μέντοι
1334 1873 1393 1925 γε
1440 1862 1530 1913 τῆς
1579 1854 1844 1929 Ἀρειανῆς

224 1941 481 2011 αἱρέσεως
535 1936 690 1993 ούδεν
728 1944 887 2013 σαφες
932 1940 1265 2013 ἀπαγγελλει,
1294 1939 1411 1995 οὐδ’
1456 1942 1500 1995 εἰ
1542 1951 1635 2004 τῆς
1682 1940 1843 2005 δόξης

222 2026 424 2088 ἐκείνης
466 2032 664 2100 εἶχετο,
712 2026 827 2082 οὐδ’
868 2032 948 2082 ὃτι
998 2029 1393 2102 μεταϐέϐληται,
1441 2029 1549 2083 ἀλλ’
1596 2028 1709 2083 ούδ⁹
1760 2033 1840 2083 ὅτι

222 2117 432 2187 φαύλως
480 2122 511 2175 ἦ
568 2118 734 2189 ὀρθῶς
791 2115 1036 2182 ἐδόξαζεν
1079 2118 1306 2195 Ἄρειος,
1362 2125 1547 2192 καίπερ
1608 2120 1839 2191 ἀνάγκην

223 2208 362 2277 ἔχων
408 2205 459 2257 ἐν
503 2212 683 2279 μνήμῃ
732 2215 894 2259 ταῦτα
930 2211 1278 2273 ποιήσασθαι,
1311 2209 1397 2262 ἅτε
1448 2205 1517 2267 δὴ
1572 2212 1707 2280 μέγα
1753 2214 1839 2280 μέ·

225 2312 316 2367 ρος
361 2293 664 2367 ἐπεχούσης
716 2304 811 2356 τῆς
870 2294 1095 2350 συνόδου
1145 2306 1243 2350 τῶν
1291 2306 1382 2349 τοῦ
1427 2297 1652 2369 μεγάλου
1706 2299 1835 2370 πρά-

218 2383 343 2447 ξεων
425 2390 841 2449 Κωνσταντίνου,
902 2384 1152 2448 κάκείνης
1234 2387 1387 2438 πάλιν
1455 2386 1837 2450 ἐξαπαιτούσης

217 2479 314 2530 τὴν
365 2479 488 2548 περὶ
542 2478 740 2527 τούτων
807 2476 1281 2549 λεπτομερεστάτην
1352 2479 1606 2549 ἱστορίαν.
1678 2477 1838 2532 Ἀλλὰ

219 2565 417 2615 στάσιν
488 2567 580 2635 μεν
645 2562 881 2636 ἐμπεσεῖν
936 2566 1130 2636 μεταξύ
1187 2566 1393 2638 Ἀρείου
1456 2572 1545 2619 καὶ
1600 2566 1835 2630 Ἀλεξάν-

226 2648 385 2723 δρου,
441 2657 539 2710 τήν
598 2655 799 2727 αἰρεσιν
854 2654 990 2706 οὕτω
1086 2654 1244 2725 λέγων
1298 2659 1389 2707 καὶ
1445 2657 1837 2729 ύποκρυπτόμε-

222 2760 331 2805 νος,
394 2740 757 2812 ἀποφαίνεται,
788 2742 871 2794 ἐπί
917 2762 970 2795 τε
1008 2751 1067 2815 τῇ
1118 2746 1301 2796 στάσει
1348 2744 1461 2796 λίαν
1490 2744 1721 2815 ἀλγῆσαι
1751 2749 1837 2797 τόν

226 2828 437 2900 θεοςσᾶῆ
484 2828 730 2901 βασιλέα,
774 2836 862 2882 καὶ
902 2829 1265 2901 ἀγωνίσασθαι
1306 2829 1400 2885 διά
1442 2852 1493 2885 τε
1530 2831 1835 2903 ἐπιστολῶν,

222 2915 318 2970 διά
364 2937 421 2971 τε
470 2925 564 2970 τοῦ
612 2918 815 2983 Ὀσίου,
850 2922 905 2982 ὃς
962 2917 1271 2993 Κουδρόϐης
1324 2920 1616 2988 ἐπεσκόπει,
1650 2922 1723 2980 εἰς
1757 2944 1835 2995 φι-

218 3007 338 3060 λίαν
402 3013 491 3059 καὶ
532 3009 774 3078 ὁμόνοιαν
816 3009 1063 3072 συζεῦξαι
1107 3014 1164 3062 τό
1219 3012 1509 3071 στασιάζον
1566 3020 1660 3074 τῆς
1705 3018 1835 3085 πρὸς

220 3095 475 3157 ἀλλήλους
522 3092 698 3169 ἔριδος
742 3096 1021 3170 ἀφεμένους
1076 3104 1164 3151 καὶ
1212 3108 1311 3151 τῶν
1375 3103 1619 3153 τοιούτων
1675 3102 1834 3163 ζητὴ-

222 3205 379 3239 σεων·
431 3188 503 3247 ὡς
540 3182 591 3237 δ’
624 3185 717 3237 ούκ
763 3188 948 3252 ἔπειθε,
1013 3184 1232 3241 σύνοδον
1280 3192 1610 3261 πανταχόθεν
1663 3191 1833 3263 ἀθροῖ-

220 3295 316 3328 σαι
363 3280 455 3327 καὶ
500 3281 594 3333 τὴν
648 3273 978 3346 ἐμπεσοῦσαν
1035 3280 1143 3348 ἶριν
1202 3277 1270 3338 εἰς
1310 3279 1515 3352 εἰρήνην
1577 3276 1834 3333 διαλύσα-

218 3368 373 3416 σθαι·
428 3364 486 3415 ού
534 3368 637 3435 μὴν
677 3364 749 3425 εἰς
806 3368 863 3416 τό
911 3364 1121 3439 ἁκριϐες
1168 3372 1256 3419 καὶ
1301 3365 1548 3426 ἐπίδηλον
1600 3368 1832 3443 ἀναγρά-

219 3472 398 3523 φεται.
429 3452 594 3514 Οὗτος
642 3450 730 3506 οὖν
770 3456 941 3529 ὥσπερ
992 3455 1357 3528 αἰσχυνομένῳ
1406 3458 1586 3521 ἐοικὼς
1631 3464 1721 3512 καὶ
1758 3464 1829 3531 μὴ

218 3541 529 3613 βουλομένῳ
562 3538 897 3614 δημοσιεύειν
922 3543 1126 3618 ’Ἄρειον
1158 3549 1229 3580 ⁹³’
1259 3552 1353 3604 τήν
1392 3566 1445 3600 τε
1474 3556 1569 3609 τῆς
1592 3545 1831 3601 -συνόδου

215 3631 617 3703 ἐξενηνεγμένην
670 3631 785 3684 κατ’
831 3632 991 3685 αύτόῦ
1031 3634 1205 3706 ψῆφον
1255 3640 1345 3687 καὶ
1394 3645 1492 3689 τῶν
1534 3638 1831 3696 συνασεϐη-

218 3723 428 3773 σάντων
487 3721 631 3792 αύτῷ
688 3726 777 3773 καὶ
842 3722 1259 3784 συνεξωσθέντων
1315 3730 1403 3783 τὴν
1457 3724 1669 3778 δικαίαν
1730 3731 1833 3781 εἰσ-

210 3810 436 3882 πραξιν,
478 3809 538 3862 ού
586 3814 689 3883 μὴν
743 3809 849 3862 ἀλλ’
904 3808 1019 3864 οὐδ’
1081 3815 1142 3871 ἧν
1201 3815 1367 3866 θεόθεν
1424 3820 1525 3877 πᾶς
1576 3816 1833 3888 ὀφθαλμός

211 3896 356 3953 εἶδεν
406 3896 612 3951 ἔνδικόν
685 3899 887 3975 ’Δρείου
962 3908 1350 3975 καταστροφὴν,
1425 3900 1575 3956 ούδεν
1637 3908 1831 3958 τούτων

210 3989 361 4059 ἄγων
406 3989 475 4049 εἰς
526 3998 650 4061 φῶς,
685 3995 777 4047 τήν
818 4008 869 4042 τε
919 3995 1037 4062 περὶ
1095 3999 1188 4054 τῆς
1237 3989 1461 4045 συνόδου
1516 3998 1605 4046 καὶ
1648 4003 1747 4046 τῶν
1783 3995 1831 4047 ἐν

214 4081 349 4149 αὐτῇ
400 4080 742 4150 πραχθέντων
793 4085 884 4131 καὶ
926 4085 1043 4153 περὶ
1096 4080 1257 4139 αὐτὴν
1293 4084 1340 4116 ⁹⁴
1408 4084 1643 4157 ἱστορίαν
1702 4104 1831 4158 παρ-

214 4167 434 4241 έδραμε.
485 4172 575 4220 Διό
631 4172 870 4240 καὶπερὶ
923 4177 1014 4221 τοῦ
1068 4171 1345 4223 θεσπεσίου
1401 4172 1694 4225 Εύσταθίου
1749 4171 1830 4227 δι-

214 4260 466 4329 ηγεῖσθαι
517 4256 712 4328 μέλλων
766 4260 813 4293 9⁵
871 4262 987 4310 οὔτε
1056 4266 1149 4311 τοῦ
1232 4259 1479 4331 ὀνόματος
1547 4266 1824 4334 μέμνηται,

211 4346 328 4400 οὐδ’
380 4350 487 4399 ὅσα
540 4352 658 4418 περὶ
700 4347 855 4398 αύτόν
900 4347 1157 4420 ἐτολμήθη
1208 4354 1296 4401 καὶ
1338 4351 1409 4411 εἰς
1453 4354 1598 4422 ἔργον
1640 4351 1827 4405 ἀποϐέ-

1952 1855 2151 1910 Ariani
2175 1857 2420 1927 insuper
2441 1856 2653 1912 haeresi
2676 1872 2921 1929 prorsus
2946 1857 3090 1913 nihil
3112 1857 3423 1913 manifeste
3449 1874 3611 1914 com-

1952 1949 2265 2010 memorat,
2302 1960 2496 2017 neque
2541 1960 2621 2001 an
2676 1946 3105 2002 Constantinus
3149 1946 3229 2001 illi
3279 1946 3607 2018 aliquando

1950 2032 2288 2097 adhaeserit,
2321 2049 2516 2107 neque
2545 2050 2619 2090 an
2652 2050 2787 2090 eam
2819 2034 3121 2104 abjecerit,
3157 2035 3262 2090 sed
3303 2051 3497 2108 neque
3528 2052 3607 2092 an

1947 2126 2126 2185 recte,
2158 2127 2260 2178 aut
2291 2139 2464 2178 secus
2497 2124 2744 2179 senserit
2768 2123 2978 2179 Arius:
3014 2124 3250 2179 tametsi
3280 2124 3606 2181 necessitas

1946 2224 2086 2266 eum
2107 2212 2486 2284 compelleret
2508 2212 2725 2268 horum
2750 2211 3112 2279 meminisse,
3127 2213 3374 2285 quando
3392 2219 3448 2269 et
3483 2228 3608 2269 ma-

1946 2313 2068 2369 gna
2096 2315 2238 2372 pars
2282 2300 2393 2357 fuit
2437 2302 2709 2373 synodus
2738 2318 2939 2358 rerum
2970 2318 3006 2357 a
3054 2318 3277 2371 magno
3323 2304 3609 2359 Constan-

1945 2388 2071 2444 tino
2097 2395 2423 2459 gestarum,
2445 2396 2502 2447 et
2531 2391 2799 2463 alioquin
2822 2390 2919 2446 illa
2950 2392 3083 2463 ipsa
3107 2392 3374 2448 vicissim
3404 2396 3607 2464 postu-

1944 2477 2091 2534 laret
2117 2479 2567 2536 exactissimam
2604 2480 2697 2535 his
2723 2480 2797 2535 de
2825 2480 3003 2535 rebus
3032 2479 3367 2536 historiam.
3402 2482 3607 2553 Itaque

1945 2566 2380 2624 dissensionem
2403 2568 2647 2639 quidem
2670 2573 2863 2624 ortam
2888 2569 3091 2623 Arium
3117 2569 3265 2624 inter
3285 2574 3341 2624 et
3358 2569 3606 2625 Alexan-

1944 2655 2119 2711 drum
2153 2662 2588 2712 commemorat
2632 2658 2737 2727 (sic
2770 2657 3055 2712 nimirum
3086 2657 3361 2712 hmresim
3393 2657 3604 2729 appel-

1946 2745 2069 2801 lare
2086 2761 2155 2801 ac
2172 2749 2369 2816 tegere
2392 2745 2667 2817 videtur),
2684 2761 2753 2801 ac
2772 2745 3008 2801 dissidii
3026 2746 3125 2816 huj
3139 2762 3205 2800 us
3223 2746 3413 2817 gratia
3433 2745 3605 2803 valde

1944 2833 2308 2890 indolentem
2324 2832 2756 2905 pientissimum
2771 2834 3193 2904 imperatorem
3208 2833 3600 2906 allaborasse,

1943 2940 2082 2980 cum
2111 2939 2216 2995 per
2245 2922 2582 2996 epistolam,
2618 2927 2743 2978 tum
2779 2938 2887 2993 per
2918 2922 3161 2977 Hosium
3200 2922 3603 2979 Cordubensis

1944 3013 2216 3070 Ecclesiae
2238 3012 2610 3084 episcopum,
2628 3016 2711 3077 ut,
2736 3011 2929 3067 missa
2953 3011 3330 3068 contentione
3350 3011 3450 3068 illa
3470 3028 3603 3068 mu-

1874 3084 1914 3142 (ἶ
1943 3108 2065 3167 tua,
2090 3107 2146 3158 et
2166 3102 2269 3175 huj
2281 3100 2518 3157 usmodi
2537 3100 3085 3174 quaestionibus,ad
3114 3100 3439 3157 amicitiam
3461 3117 3601 3159 con-

1942 3191 2333 3263 cordiamque
2362 3189 2722 3246 dissidentes
2770 3189 3076 3260 adigeret:
3113 3194 3293 3262 atque
3325 3189 3429 3245 ubi
3475 3205 3600 3247 non

1942 3280 2235 3352 persuasit
2263 3279 2563 3352 synodum
2610 3278 2875 3349 undique
2906 3293 3275 3334 convocasse
3306 3282 3362 3334 et
3392 3282 3599 3335 natam

1942 3370 2383 3424 contentionem
2404 3382 2552 3439 pace
2582 3370 2977 3439 permutasse.
3003 3368 3147 3432 Quae
3176 3370 3377 3423 tamen
3404 3381 3603 3440 neque

1942 3465 2215 3515 accurate
2240 3474 2435 3531 neque
2466 3456 2780 3529 perspicue
2810 3456 2889 3512 ab
2915 3472 2986 3513 eo
3018 3456 3382 3513 scribuntur.
3408 3459 3605 3522 Quare

1941 3565 2065 3621 prae
2092 3548 2323 3620 pudore
2345 3547 2576 3604 videtur
2604 3546 2700 3603 hic
2726 3546 2945 3611 Arium,
2969 3552 3027 3602 et
3051 3562 3087 3601 a
3109 3546 3346 3617 synodo
3377 3548 3604 3603 factum

1941 3644 2149 3695 contra
2172 3638 2340 3694 illum
2384 3638 2711 3701 decretum,
2744 3635 3049 3706 publicare
3079 3651 3201 3691 non
3232 3635 3513 3698 voluisse,
3543 3642 3607 3692 ut

1938 3743 2049 3784 nec
2092 3728 2220 3798 ejus
2267 3726 2482 3782 erroris
2540 3724 2753 3789 socios,
2807 3730 2911 3781 aut
2976 3724 3158 3779 simul
3208 3722 3600 3795 expulsorum

1936 3818 2165 3889 justam
2190 3816 2494 3878 ultionem,
2519 3813 2665 3885 quin
2691 3828 2887 3883 neque
2912 3812 3098 3875 illam,
3123 3812 3285 3883 96a
3309 3826 3493 3883 quam
3519 3811 3606 3867 di-

1938 3905 2159 3961 vinitus
2171 3910 2473 3975 sumptam
2491 3902 2689 3959 omnis
2703 3900 2913 3956 oculus
2929 3900 3095 3968 vidit,
3105 3901 3124 3971 j
3138 3906 3334 3956 ustam
3352 3900 3467 3956 Arii
3480 3900 3607 3955 vin-

1939 3994 2163 4050 dictam
2195 3996 2345 4063 (17):
2389 3990 2638 4063 quando
2680 3990 2897 4045 horum
2941 3989 3088 4045 nihil
3122 3990 3178 4045 in
3228 3989 3423 4045 lucem
3469 4004 3605 4060 pro-

1938 4084 2153 4148 ferens,
2187 4081 2401 4153 synodi
2451 4080 2641 4151 ipsius
2692 4093 3013 4151 rerumque
3061 4079 3120 4133 in
3171 4093 3241 4133 ea
3294 4083 3601 4146 gestarum

1938 4173 2251 4229 historiam
2292 4171 2482 4227 obiter
2520 4175 2751 4226 tantum
2782 4168 3093 4241 percurrit.
3126 4170 3255 4233 Quo
3294 4166 3472 4222 etiam
3512 4166 3602 4233 ﬁt,

1938 4268 2003 4319 ut
2048 4262 2122 4317 de
2170 4260 2374 4315 divino
2422 4260 2728 4315 Eustathio
2778 4258 2891 4329 (18)
2945 4261 3321 4322 narraturus,
3374 4272 3449 4312 ne
3494 4271 3604 4313 no-

1937 4351 2116 4407 minis
2146 4348 2392 4423 quidem
2423 4348 2788 4414 meminerit;
2827 4352 3058 4403 tantum
3090 4346 3259 4402 abest
3282 4351 3344 4401 ut
3375 4361 3510 4418 quas
3543 4345 3605 4402 in

211 4438 389 4496 εηιενο
444 4436 554 4488 ἀλλ’
617 4436 687 4499 εἰς
758 4439 947 4489 στάσιν
1021 4443 1110 4490 καὶ
1160 4445 1404 4511 ταραχὴν
1462 4439 1666 4512 ἀνάγων
1735 4449 1824 4496 καὶ

1948 4442 2138 4513 ipsum
2165 4418 2564 4495 audacissime
2595 4438 2915 4494 machinati
2943 4440 3080 4492 sunt
3109 4438 3240 4506 (t9),
3266 4451 3449 4506 reque
3475 4436 3607 4507 ipsa

1531 4530 1825 4584 ἐπισκόπων

212 4621 343 4669 κατὰ
396 4622 495 4674 τὴν
543 4617 877 4686 Ἀντιόχειαν
912 4612 1421 4691 συνδεδραμηκότων
1467 4616 1675 4693 σπουδῇ
1729 4620 1825 4693 βα-

214 4708 390 4769 σιλέως
443 4710 536 4757 καὶ
589 4710 852 4775 συνεργίᾳ,
896 4710 984 4757 καὶ
1029 4710 1085 4757 τό
1127 4708 1412 4767 στασιάζον
1452 4715 1537 4761 καὶ
1570 4716 1826 4783 ταραττό-

211 4537 397 4591 trita,
480 4526 737 4597 γαληνίας
813 4532 902 4578 καί
980 4527 1131 4578 πάλιν
1212 4527 1455 4599 ἐπιλέγει,

208 4816 355 4865 μενον
410 4796 488 4857 εἰς
541 4798 600 4845 τό
664 4794 921 4866 εἰρηναῖόν
970 4793 1441 4865 μεταϐεϐληκότων.
1494 4796 1716 4868 Ὁμοίως
1766 4797 1825 4853 δε

209 4894 295 4938 καὶ
344 4884 393 4938 ἐν
451 4880 532 4946 οἷς
580 4884 608 4935 6
647 4882 936 4943 πολύαθλος
981 4886 1315 4956 ἐπευωρὴθη
1373 4884 1707 4953 Ἀθανάσιος,
1758 4890 1823 4950 εἰς

210 4984 375 5028 ταῦτα
429 4979 529 5031 τήν
576 4976 813 5045 ἱστορίαν
853 4974 1094 5045 ὁρμήσας
1136 4971 1423 5045 ἐπαφεῖναι,
1452 4980 1685 5037 στάσεως
1732 4982 1821 5050 μεν

1936 4530 2360 4604 ριιωεῑὶῐθευῐιῑ,
2387 4529 2767 4585 recensuerit.
2816 4528 2997 4598 Igitur
3028 4526 3107 4581 ad
3161 4526 3601 4581 dissensionem

1934 4620 2229 4677 duntaxat
2272 4624 2451 4692 atque
2486 4618 2805 4675 tumultum
2838 4632 2910 4672 ea
2956 4615 3239 4683 referens,
3268 4614 3602 4687 tranquilli-

1934 4714 2115 4766 tatem
2156 4725 2402 4765 rursum
2433 4710 2872 4763 commemorat
2902 4706 3323 4777 episcoporum
3368 4718 3599 4770 eorum,

1933 4798 2039 4872 qui
2068 4814 2207 4855 cum
2229 4797 2601 4854 Antiochiam
2629 4796 3006 4867 imperatoris
3029 4792 3227 4849 studio
3258 4799 3437 4865 atque
3460 4808 3600 4865 ope-

1933 4905 2000 4944 ra
2029 4887 2463 4951 convenissent,
2488 4885 2839 4942 seditionem
2870 4884 3231 4956 turbamque
3256 4898 3404 4955 pace
3432 4898 3598 4937 com-

1935 4983 2260 5034 mutarunt.
2309 4976 2587 5033 Similiter
2627 4975 2724 5031 ubi
2768 4974 3176 5031 narrationem
3223 4972 3476 5029 instituit
3519 4971 3594 5027 de

1558 5110 1789 5167 VARUE
1830 5113 2214 5169 LECTIONES
2243 5152 2255 5166 .

277 5244 321 5277 ”
353 5243 495 5294 οὕτω
525 5244 565 5291 Α
595 5254 609 5289 :
644 5233 696 5290 δ’
724 5236 860 5288 οὕτω
891 5258 944 5301 ς.
1024 5239 1091 5273 ⁸³·
1122 5238 1322 5314 Ἀρείου
1354 5243 1420 5295 Α.

1498 5242 1546 5276 9‘
1577 5245 1663 5293 καὶ
1697 5247 1813 5315 περὶ
1844 5242 2007 5301 αύτήν
2040 5242 2179 5299 add.
2214 5245 2281 5299 A.

2359 5242 2407 5278 9⁵
2439 5240 2631 5313 μελλών
2664 5236 2699 5293 δ
2705 5240 2972 5312 ιηγέῐσθαι
3004 5260 3060 5304 ς.

1779 5374 1987 5432 ΝΟΤίΕ
2000 5419 2011 5430 .

277 5511 389 5580 (16)
428 5510 604 5580 Snpr.
629 5507 769 5563 cod.
804 5509 891 5571 88,
916 5511 971 5563 et
996 5506 1075 5563 ibi
1100 5506 1381 5580 Scholion
1404 5510 1464 5563 in
1495 5508 1633 5565 ﬁne.

278 5578 386 5649 (t7)
413 5578 563 5637 Eam
594 5583 765 5648 legas
794 5594 957 5649 supr.
1003 5578 1138 5635 cod.
1172 5583 1259 5646 88,
1293 5579 1451 5636 circa
1473 5581 1758 5638 medium.

282 5650 387 5725 (18)
411 5652 797 5711 Antiocheno
811 5650 993 5723 episc.
1015 5667 1139 5725 quo
1155 5650 1230 5708 de
1253 5654 1464 5710 Baron.
1481 5653 1643 5711 card.
1664 5658 1812 5713 tom.

1927 5515 1996 5568 lll
2027 5512 2106 5569 ad
2141 5527 2282 5569 ann.
2312 5510 2445 5566 Chr.
2481 5513 2605 5567 340.

1999 5586 2111 5656 (19)
2160 5584 2559 5642 Theodoretus
2612 5596 2681 5638 ea
2728 5580 2903 5637 refert
2950 5580 3052 5637 lib.
3094 5595 3114 5637 1
3160 5581 3316 5637 Hist.
3350 5582 3586 5648 eccles.,

1926 5671 2060 5731 cap.
2094 5661 2183 5712 2t.
