4136 6216
598 300 699 356 411
1822 299 2068 356 ΡΗΟΤΙΙ
2104 298 2589 360 ΡΑΤΗΙΑΗΟΗᾹΞ
2628 300 2739 356 CP.
3830 298 3917 356 612

597 422 670 479 iis
698 437 833 495 quas
861 422 921 478 in
966 436 1256 492 magnum
1303 422 1471 480 illum
1523 423 1809 482 athletam
1852 424 2230 481 Athanasium

2283 426 2325 480 Α
2357 425 2723 497 ἔμπλησθῆναι
2777 424 2929 477 πάλιν
2982 428 3071 477 καὶ
3124 431 3367 496 ταραχῆς
3419 426 3512 481 τήν
3571 420 3914 495 ’Δλεξάνδρειαν

599 511 713 583 (‘20)
755 512 1028 584 improbe
1072 519 1424 585 comparata
1474 513 1731 579 fuerunt,
1779 513 2069 570 seditione
2118 515 2232 587 qui.

2355 515 2489 586 λέγει
2542 516 2611 581 9⁸,
2670 520 2759 567 καὶ
2819 517 3012 572 ταύτην
3066 516 3389 588 πραϋνθῆναι
3466 510 3753 564 ἐπισκόπων
3802 532 3917 585 παρ-

600 600 738 657 dem
765 616 836 656 ac
864 600 1118 656 tumultu
1139 602 1446 673 impletam
1478 602 1688 659 iterum
1718 603 2128 660 Alexandriam
2160 620 2233 659 re-

2356 608 2512 675 ουτίᾳ
2571 608 2664 662 τὴν
2717 603 3003 676 βασιλικὴν
3051 603 3276 675 ἐχόντων
3341 605 3670 673 συμμαχίανο
3714 602 3818 654 οὑτε
3871 600 3917 655 δι

600 689 725 753 fert,
760 689 862 744 sed
890 705 1023 745 eam
1048 689 1493 761 episcoporum,
1518 692 1621 764 qui
1649 693 2022 765 imperatoris
2044 699 2233 749 aucto«

2355 697 2435 755 τίς
2492 690 2552 751 ἧν
2600 695 2625 744 ό
2656 695 2699 729 ⁸⁷
2738 695 3062 757 στασιάζων,
3088 689 3203 745 οὐδ’
3235 694 3349 752 ἣτις
3392 694 3420 749 ἡ
3465 693 3668 754 στάσις,
3696 691 3724 749 ἡ
3764 694 3810 742 τί
3847 697 3920 743 καὶ

600 778 766 834 ritate
813 778 1152 843 niterentur,
1187 780 1501 851 praesentia
1546 781 1843 853 placatam
1883 782 2085 838 fuisse.
2138 785 2233 837 Ne-

2355 782 2635 855 πράξαντες
2687 787 2780 841 τὴν
2821 786 2925 855 ἔριν
2977 781 3253 856 ἐπράυναν,
3286 776 3435 833 οὐδὲν
3483 776 3601 832 οὐδ’
3638 779 3757 841 ὅλως
3784 787 3920 832 ποιεῖ-

598 881 715 937 que
758 865 991 921 interim
1021 868 1155 938 quis
1186 867 1539 925 seditionem
1585 870 1911 936 concitarit,
1946 877 2047 927 aut
2078 886 2231 943 quae-

2355 891 2440 923 ται
2476 868 2741 929 ἐπίδηλον.
2774 871 2903 942 [309
2944 870 3034 943 3.]
3084 876 3181 923 Καὶ
3226 866 3422 941 σχεδὸν
3471 867 3519 919 ἓν
3565 865 3640 929 οἷς
3686 869 3800 939 [I65
3836 867 3922 941 8.]

597 971 738 1011 nam
762 954 859 1011 illa
888 954 1079 1020 fuerit,
1105 972 1298 1029 neque
1328 974 1449 1030 quo
1476 963 1651 1029 pacto
1681 960 2123 1016 contentionem
2147 960 2230 1015 alii

2354 959 2649 1013 ἐπισκόπων
2696 964 2824 1035 πρὸς
2865 960 3114 1022 ἀλλήλους
3166 959 3471 1032 φιλονεικίαι
3519 962 3637 1030 περὶ
3676 953 3921 1028 δογμάτων

596 1044 880 1108 sederint,
896 1045 1145 1101 omnino
1166 1046 1477 1103 manifeste
1493 1049 1766 1103 ostendit.
1787 1050 1934 1114 Quin
1951 1049 2070 1105 fere
2090 1065 2229 1122 quo-

2354 1050 2383 1109 ἣ
2440 1055 2555 1123 περί
2594 1070 2743 1103 τινων
2786 1050 2949 1102 ἄλλων
2998 1047 3279 1122 διαφωνίαι
3339 1053 3608 1119 γεγόνασι,
3660 1049 3741 1098 τὸν
3792 1047 3922 1099 αὑτὸν

592 1134 941 1206 tiescunque
967 1134 1386 1208 episcoporum
1412 1136 1563 1193 inter
1591 1138 1755 1210 ipsos
1773 1138 1847 1194 de
1875 1137 2012 1193 ﬁdei
2036 1138 2225 1210 capiti

2178 1138 2243 1194 li—
2352 1148 2447 1200 τῆς
2475 1138 2793 1214 ἐπικρύψεως
2819 1140 2869 1191 ἐν
2894 1147 2955 1211 τῇ
2988 1136 3240 1211 διηγήσει
3269 1141 3426 1191 τύπον
3462 1133 3497 1189 δ
3502 1136 3811 1208 ιαφυλάττεὶ.

592 1222 704 1278 bus
727 1224 1154 1289 contentiones,
1174 1224 1263 1281 vel
1280 1226 1411 1281 alite
1429 1226 1687 1299 denique
1703 1227 2108 1284 dissensiones
2126 1227 2379 1292 fuerunt,
2400 1230 2680 1284 eumdem
2702 1236 2894 1285 servat
2914 1229 2971 1283 in
2993 1228 3296 1284 narrando
3316 1225 3549 1283 celandi
3576 1225 3833 1280 modum.

1289 1316 1556 1371 CXXVIII.
3069 1316 3235 1370 PKH'.

1072 1404 1321 1460 Luciani
1352 1404 1547 1474 Opera
1576 1406 1768 1461 varia.

2774 1414 3065 1460 Λουκιανοῦ
3094 1404 3337 1479 διάφοροι
3366 1405 3532 1478 λόγοι.

664 1493 960 1561 Leguntur
990 1492 1231 1548 Luciani
1265 1494 1375 1564 (27)
1411 1495 1529 1550 Pro
1562 1494 1893 1552 Phataride
1926 1495 2244 1566 [orationes

2425 1496 2752 1568 Ἀνεγνώσθη
2810 1504 3104 1550 Λουκιανοῦ
3161 1496 3309 1567 ’Υπερ
3368 1491 3679 1569 Φαλάριδος,
3720 1498 3802 1546 καὶ
3845 1499 3928 1546 Νε-

589 1580 766 1652 dum],
785 1587 841 1637 et
862 1587 1231 1637 mortuorum
1250 1582 1700 1653 amantiumque
1716 1584 1944 1655 dialogi
1964 1585 2135 1650 varii;
2146 1583 2220 1640 ali

2351 1591 2524 1658 κρικοὶ
2568 1591 2656 1637 καὶ
2710 1586 2992 1660 Ἐταιρικοὶ
3048 1583 3289 1656 διάλογοι
3343 1582 3608 1657 διάφοροι,
3651 1588 3736 1635 καὶ
3789 1584 3927 1657 ἕτεροι

590 1670 727 1726 item
751 1670 1003 1726 diversis
1030 1669 1103 1725 de
1118 1670 1296 1727 rebus
1320 1670 1520 1738 libelli,
1536 1671 1595 1727 in
1618 1672 1838 1744 quibus
1857 1673 1979 1729 fere
1993 1673 2223 1743 singuli:

2297 1732 2318 1749 Ἰ
2353 1672 2615 1749 διαφόρων
2649 1678 2940 1729 ὑποθέσεων
2992 1676 3155 1746 λόγοι,
3188 1674 3236 1727 ἓν
3294 1672 3370 1735 οἷς
3424 1671 3625 1744 σχεδόν
3667 1673 3827 1725 ἅπασι
3875 1673 3930 1723 τὰ

589 1759 852 1829 gentium
882 1775 976 1816 res
1002 1760 1227 1816 comice
1249 1760 1477 1817 irridet:
1515 1768 1575 1815 ut
1600 1761 1658 1816 in
1691 1762 1804 1817 diis
1828 1762 2127 1833 ﬁngendis
2157 1778 2219 1818 er

2293 1732 2594 1822 3Ἑλλήνων
2654 1762 2916 1836 κωμῳδεῖ,
2964 1771 3056 1822 τήν
3131 1783 3184 1816 τε
3240 1771 3330 1823 τῆς
3383 1762 3729 1823 θεοπλαστίας
3782 1763 3926 1812 αὑτῶν

587 1864 783 1906 rorem
799 1848 1032 1905 illorum
1049 1855 1225 1921 atque
1243 1850 1590 1917 amentiam;
1608 1851 1664 1906 in
1683 1851 1991 1907 libidinem
2010 1858 2219 1924 praeter

2351 1854 2547 1912 πλάνην
2584 1859 2674 1906 καὶ
2730 1858 2928 1926 μωρίαν
2989 1859 3078 1905 καὶ
3126 1858 3219 1912 τὴν
3269 1852 3341 1914 εἰς
3403 1851 3675 1922 ἀσέλγειαν
3728 1850 3930 1921 ἄσχετον

589 1954 657 1993 ea
685 1937 1149 1993 immoderatum
1168 1938 1462 2010 impetum
1484 1944 1664 2012 atque
1687 1941 2207 2012 intemperantiam

2352 1943 2517 2016 ὁρμὴν
2571 1948 2659 1995 καὶ
2713 1942 2991 2017 ἀκρασίαν,
3046 1946 3136 1994 καὶ
3191 1950 3289 1993 τῶν
3354 1949 3588 1998 ποιητῶν
3642 1940 3800 1992 αὐτῶν
3850 1941 3928 1999 τὰς

588 2032 899 2098 poetarum
933 2026 1076 2083 item
1116 2027 1277 2100 apud
1327 2028 1494 2100 ipsos
1523 2029 1901 2101 prodigiosas
1931 2029 2221 2101 opinione:

2353 2029 2659 2105 τερατώδεις
2712 2029 2869 2095 δόξας
2913 2037 3001 2084 καὶ
3060 2030 3390 2093 ἀναπλάσας,
3444 2035 3533 2081 καὶ
3594 2033 3682 2082 τόν
3734 2027 3930 2080 ἐντεῦθεν

588 2131 658 2171 ac
688 2115 976 2181 ﬁctiones,
1008 2116 1269 2189 indeque
1300 2123 1508 2173 natum
1541 2118 1599 2173 in
1632 2117 1935 2190 republica
1966 2133 2219 2173 errorem

2355 2120 2542 2173 πλάνον
2587 2130 2676 2182 τῆς
2724 2122 2999 2187 πολιτείας,
3034 2126 3123 2173 καὶ
3167 2128 3257 2172 τοῦ
3301 2119 3456 2171 ἄλλου
3511 2117 3638 2190 βίου
3689 2122 3777 2175 τὴν
3813 2116 3928 2167 ἀνω-

589 2204 833 2277 reliquas
858 2206 1034 2261 etiam
1060 2206 1193 2261 vitm
1217 2206 1659 2262 inconstantem
1683 2222 1929 2263 cursum
1951 2213 2132 2280 atque
2152 2223 2222 2263 ca

2357 2209 2516 2272 μαλον
2591 2213 2872 2283 περιφορὰν
2937 2216 3025 2262 καὶ
3108 2213 3200 2271 τὰς
3275 2215 3648 2281 περιπτώσεις,
3706 2212 3790 2259 καὶ
3846 2214 3928 2257 τῶν

589 2309 724 2352 sus:
756 2293 1261 2365 philosophorum
1292 2295 1369 2351 ad
1396 2295 1524 2351 haec
1556 2296 1825 2369 ipsorum
1856 2297 2010 2353 fastu
2039 2297 2217 2370 pleno

2360 2298 2647 2371 φιλοσόφων
2722 2300 2888 2351 αὑτῶν
2972 2302 3031 2350 τό
3094 2298 3408 2371 φιλοκομπον
3467 2294 3596 2359 ἦθος
3654 2302 3740 2349 καὶ
3788 2291 3932 2368 μηδὲν

589 2383 917 2454 mores,qui
936 2384 1172 2439 nonnisi
1188 2384 1463 2441 ﬁctarum
1486 2385 1877 2458 inaniumque
1893 2386 2222 2457 opinionun

2360 2388 2481 2439 ἄλλο
2534 2388 2664 2447 πλὴν
2738 2390 3063 2462 ὑποκρίσεως
3120 2393 3207 2439 καὶ
3260 2395 3416 2438 κενῶν
3469 2383 3811 2458 δοξασμάτων
3862 2402 3931 2455 με·

589 2470 786 2527 referti
803 2471 1204 2545 sint;denique
1219 2480 1424 2543 gentes
1441 2478 1729 2547 tanquam
1747 2490 1851 2547 per
1867 2475 2222 2531 comoediam

2364 2481 2503 2541 στόν,
2550 2482 2638 2529 καὶ
2689 2476 2879 2541 ἁπλῶς,
2931 2479 3000 2535 ὡς
3056 2479 3264 2547 ἔφημεν,
3319 2471 3580 2546 κωμῳδία
3632 2483 3728 2526 τῶν
3778 2472 3936 2528 Ἐλλή-

585 2561 692 2619 inti
722 2560 1007 2627 diximus,
1039 2562 1296 2634 pedestri
1335 2564 1722 2636 numerisque
1753 2564 1945 2619 soluta
1988 2565 2216 2620 oration

2365 2587 2455 2617 ⁸οων
2503 2565 2640 2618 ἔστὶν
2688 2566 2828 2636 αὐτῷ
2862 2567 2891 2623 ἡ
2946 2561 3155 2623 σπουδὴ
3204 2564 3251 2617 ἰν
3294 2564 3430 2635 λόγῳ
3486 2565 3653 2635 πεζῳ.
3693 2563 3852 2617 Ἐοικε
3885 2556 3934 2611 δὴ

591 2652 835 2708 irridere
867 2653 1063 2708 studio
1093 2653 1177 2709 illi
1210 2654 1335 2709 fuit.
1372 2657 1451 2710 Ex
1504 2670 1712 2710 eorum
1744 2661 1941 2711 autem
2000 2671 2224 2711 numen

2362 2656 2515 2717 αὐτὸς
2570 2664 2668 2707 τῶν
2713 2652 2877 2727 μηδὲν
2927 2653 3053 2716 ὅλως
3101 2654 3484 2727 πρεσϐευόντων
3534 2650 3688 2705 ιῖναυ
3721 2655 3805 2711 τὰς
3847 2652 3934 2720 γὰρ

590 2755 718 2797 esse
730 2742 958 2797 videtur
972 2743 1094 2815 ,qui
1112 2743 1255 2799 nihil
1273 2744 1519 2799 omnino
1549 2744 1688 2799 certi
1707 2744 2218 2816 pronuntiant(22)

2360 2745 2523 2797 ἄλλων
2583 2741 2849 2816 κωμῳδῶν
2916 2748 3004 2795 καὶ
3072 2740 3370 2804 διαπαίζων
3446 2739 3627 2808 δόξας,
3687 2742 3833 2803 αὑτός
3883 2740 3934 2795 ἣν

590 2828 855 2885 Aliorum
868 2831 1026 2886 enim
1044 2832 1447 2902 perstringens
1461 2838 1638 2905 atque
1651 2832 1901 2889 irridens
1912 2834 2223 2905 Opiniones

2362 2835 2555 2895 θειάζει
2608 2833 2664 2885 οὐ
2722 2835 2927 2897 τίθησι,
2958 2832 3089 2890 πλὴν
3134 2836 3178 2884 εἴ
3218 2851 3294 2891 τις
3337 2831 3493 2883 αὑτοῦ
3553 2828 3712 2895 δόξαν
3755 2829 3849 2901 ἐρεῖ
3887 2829 3935 2878 τὸ

591 2918 717 2990 ipse
749 2920 895 2991 quid
927 2919 1144 2976 sentiat
1174 2925 1358 2976 tacet:
1397 2922 1504 2976 nisi
1538 2923 1671 2992 quis
1703 2923 1858 2978 hanc
1887 2922 2039 2978 illius
2071 2923 2224 2978 fuiss

2359 2920 2523 2995 μηδὲν
2579 2919 2838 2985 δοξάζειν.
2904 2926 3007 2979 Τὴν
3064 2925 3237 2991 μέντοι
3293 2924 3483 2994 φράσιν
3548 2919 3691 2973 εστίν
3748 2920 3938 2990 ἄριστος

594 3012 817 3063 certam
863 3008 1207 3078 opinionem
1256 3009 1596 3073 contendat,
1628 3010 1769 3065 nihil
1804 3027 1934 3066 esse
1985 3017 2144 3068 certo
2174 3012 2227 3067 d4

2357 3013 2483 3076 λέξει
2544 3012 2755 3083 εὑσὴμῳ
2803 3030 2855 3063 τε
2901 3016 2989 3063 καὶ
3036 3015 3195 3083 κυρίᾳ
3246 3016 3335 3061 καὶ
3384 3018 3455 3079 τῷ
3511 3008 3777 3083 ἕμφατικῷ
3830 3002 3936 3059 δια-

593 3096 774 3152 rebus
806 3096 940 3151 ullis
992 3097 1398 3153 statuendum.
1433 3097 1521 3151 Ad
1551 3098 1772 3170 stylum
1815 3100 1981 3171 quod
2022 3100 2226 3156 attinet

2306 3089 2626 3174 Ῑπρεποὺσῃ
2677 3106 3015 3172 κεχρημένος,
3074 3099 3352 3173 εὐκρινιίας
3408 3118 3461 3151 τε
3520 3104 3615 3151 καὶ
3672 3100 3939 3169 καθαρότη-

592 3184 769 3253 longe
785 3185 1067 3254 optimus:
1085 3185 1342 3241 dictione
1359 3201 1500 3241 usus
1516 3185 1887 3255 signiﬁcante
1902 3204 1970 3243 ac
1985 3191 2223 3260 propria

2357 3210 2445 3253 τος
2489 3193 2620 3262 μετὰ
2665 3197 2757 3241 τοῦ
2811 3189 3051 3262 λαμπροῦ
3112 3193 3201 3240 καὶ
3260 3190 3563 3259 συμμὶτρου
3613 3189 3863 3259 μεγέθους,
3902 3180 3938 3233 εἰ

593 3287 849 3344 quaeque
870 3272 1081 3329 efﬁcax
1106 3274 1346 3329 dicendi
1377 3289 1565 3344 genus
1595 3274 1821 3332 deceat.
1849 3277 2226 3334 Distinctioni:

2356 3300 2437 3343 τις
2481 3279 2652 3342 ἄλλος,
2699 3278 2944 3351 ἐραστής.
3002 3279 3236 3335 Συνθήκη
3281 3296 3335 3329 τε
3390 3276 3529 3347 αὑτῷ
3578 3277 3738 3337 οὕτως
3798 3276 3939 3347 ἣρμο-

594 3360 803 3417 οάὴωο
847 3368 1024 3432 atque
1073 3362 1366 3435 puritatis,
1398 3372 1568 3436 aeque
1599 3369 1661 3419 ut
1706 3366 2145 3438 perspicuitatis
2193 3383 2223 3423 e

2360 3389 2499 3435 σται,
2541 3371 2674 3421 ώστε
2719 3364 2890 3420 δοκεῖν
2934 3370 3018 3418 τὸν
3060 3366 3482 3437 ἀναγινώσκοντα
3526 3371 3601 3437 μὴ
3656 3366 3833 3437 λόγους
3875 3362 3938 3413 λέ-

594 3455 747 3519 δρῐεε
780 3450 1231 3519 magnitudinis,
1265 3452 1311 3506 si
1343 3453 1478 3525 quis
1509 3452 1663 3509 alius
1696 3454 2105 3526 perstudiosus
2135 3462 2225 3512 est

2353 3478 2484 3530 γειν,
2517 3458 2647 3509 ἀλλά
2686 3456 2837 3528 μέλος
2867 3458 2916 3491 ⁸⁸
2946 3476 2998 3508 τι
3050 3460 3262 3530 τερπνόν
3302 3461 3475 3527 χωρὶς
3514 3456 3772 3528 ἐμφανοῦς
3808 3448 3937 3522 ᾠδῆς

594 3538 1097 3610 Compositionem
1121 3556 1364 3613 quoque
1391 3542 1543 3598 adeo
1564 3543 1883 3600 commode
1906 3546 2225 3601 concinnat

2356 3554 2462 3608 τοῖς
2520 3548 2647 3598 ώσὶν
2720 3544 3089 3605 ἐναποστάζειν
3143 3554 3241 3597 τῶν
3295 3544 3585 3617 ἀκροατῶν.
3651 3550 3749 3598 Καὶ
3809 3542 3934 3606 ὅλως,

592 3633 656 3684 ut
686 3627 867 3684 lector
895 3629 1097 3686 credat
1132 3645 1252 3687 non
1277 3648 1339 3687 se
1380 3632 1679 3688 orationes
1708 3633 1924 3704 legere,
1957 3635 2115 3707 960
2143 3650 2225 3691 sec

2356 3639 2527 3709 ὥσπερ
2578 3639 2787 3707 ἔφημεν,
2843 3634 3056 3706 ἀριστος
3106 3636 3132 3685 ό
3190 3635 3343 3705 λόγος
3390 3634 3529 3704 αὑτῷ
3586 3639 3676 3687 καὶ
3728 3634 3784 3685 οὐ
3836 3634 3940 3699 πρέ-

585 3716 925 3788 jucnndum
955 3718 1201 3791 aliquod
1229 3736 1491 3786 carmen,
1526 3722 1651 3779 sine
1695 3723 2014 3780 manifesto
2045 3730 2218 3781 cantu

2356 3747 2462 3778 πων
2502 3728 2830 3790 ὑποθέσεσιν,
2860 3724 2918 3785 ἃς
2957 3724 3113 3785 αὑτός
3162 3726 3286 3794 ἔγνω
3336 3728 3429 3775 σὺν
3473 3732 3547 3793 τῷ
3602 3723 3783 3796 γελοίῳ
3830 3717 3936 3772 δια·

590 3806 961 3864 audientium
993 3809 1239 3865 auribus
1270 3810 1557 3867 instillari.
1596 3814 1721 3869 Uno
1753 3814 1958 3878 verbo,
1987 3819 2050 3870 ut
2078 3830 2223 3887 repet

2355 3815 2557 3877 παῖξαι.
2589 3814 2709 3867 Ὀτι
2742 3810 2799 3866 δὲ
2856 3814 3008 3875 αὑτός
3058 3822 3157 3865 τῶν
3200 3809 3368 3885 μηδὲν
3417 3814 3479 3870 ἦν
3525 3813 3660 3875 ὅλως
3709 3809 3940 3873 δοξαζόν-

589 3900 734 3962 tam,
755 3897 1176 3953 venustissima
1194 3899 1324 3970 ejus
1344 3900 1534 3957 oratio
1556 3906 1661 3967 est,
1677 3917 1785 3958 nec
1809 3902 1949 3959 satis
1964 3903 2222 3974 subjecta

2355 3924 2473 3973 των,
2530 3908 2620 3955 καὶ
2672 3907 2729 3954 τὸ
2782 3910 2871 3963 τῆς
2929 3902 3115 3975 βίϐλου
3169 3901 3477 3975 ἐπίγραμμα
3543 3899 3772 3955 δίδωσιν
3825 3900 3937 3950 ὑπο·

588 3986 670 4042 rei
701 3985 939 4051 decens,
968 4002 1153 4059 quam
1183 3986 1277 4043 ille
1306 3988 1494 4045 voluit
1518 3989 1769 4046 ridendo
1816 3990 2039 4048 ludere.
2073 3994 2221 4058 Quor

1419 3989 1494 4045 uit
1518 3989 1769 4046 ridendo
1816 3990 2039 4048 ludere.
2073 3992 2245 4058 Quod
2358 3992 2653 4065 λαμϐάνειν·
2685 3995 2796 4063 ἔχει
2824 3994 2926 4066 γὰρ
2950 3988 3052 4045 ὦδε

586 4078 786 4131 autem
809 4074 964 4129 deiis
987 4076 1280 4146 unnsipse
1304 4076 1602 4150 fuerit,qui
1627 4079 1769 4134 nihil
1787 4086 1945 4136 certo
1968 4082 2418 4147 assererent,vel
2438 4082 2588 4137 libro
2606 4081 2955 4152 inscriptum
2979 4082 3092 4136 hoc
3110 4080 3487 4151 epigramma
3505 4082 3655 4137 satis
3675 4076 3931 4134 ostendit:

589 4163 820 4242 Scripsi
848 4164 975 4242 ζιωσ
1002 4165 1514 4242 Lucianusprisci
1541 4167 1825 4242 stultique
1848 4169 2095 4236 peritus:

2279 4225 2320 4242 ἢ
2422 4175 2709 4233 Λουκιανὸς
2732 4166 3102 4242 τάδίὲγραῲα,
3130 4168 3327 4220 παλαιά
3357 4188 3409 4242 τε
3442 4172 3599 4241 μωρά
3625 4188 3679 4221 τε
3710 4163 3869 4229 εἰδώς·

731 4225 935 4315 λςιιιζιᾳ
967 4236 1198 4315 etenim,
1226 4225 1405 4306 vulgo
1426 4239 1654 4294 credita
1683 4225 1860 4315 docta
1881 4246 2100 4304 tamen,
2278 4225 2323 4280 D

2278 4225 2323 4280 D
2513 4246 2677 4313 Μωρά
2694 4225 2799 4314 γὰρ
2826 4225 3118 4315 ἀνόρώποίς
3143 4246 3232 4315 agi
3265 4243 3330 4292 τά
3356 4225 3628 4315 δοκοῦντα
3651 4242 3801 4311 σοφά.

588 4305 868 4386 Ergo‘nii
898 4305 1199 4386 [Longinam
1225 4305 1574 4386 certantem
1596 4310 1845 4381 concipit
1872 4327 2169 4386 anquam;

2157 4328 2169 4378 ;
2534 4305 2779 4367 Οὐδὲνῖιὶ
2806 4305 3126 4386 ἀνθρώποισι
3156 4309 3432 4386 διακριδὸν
3451 4311 3566 4364 ἐστι
3593 4305 3780 4386 νοήμα·

731 4333 749 4360 ι
779 4333 868 4360 nu.
898 4333 1199 4363 ιιυηιιηιιηι
1225 4333 1383 4364 ccrw
1410 4333 1569 4365 meus
1596 4333 1843 4381 CUItL‘lpu
1875 4333 2169 4384 unquam;

731 4375 835 4431 Ast
866 4377 1026 4447 quod
1050 4378 1314 4443 miraris,
1347 4379 1672 4436 ridiculum
1705 4388 1785 4437 est
1818 4382 1975 4439 aliis.

2157 4333 2169 4378 ξ
2534 4333 2700 4367 υυοεν
2728 4334 2777 4365 εν
2806 4333 3126 4386 ανσρωποισι
3156 4333 3432 4437 σιαχὲιοον
3451 4333 3566 4364 εστι
3593 4333 3781 4383 νοημα*

2534 4386 2668 4439 Ἀλλ’
2700 4386 2725 4437 ὃ
2755 4389 2819 4437 σὺ
2853 4385 3154 4457 θαυμάζεις,
3182 4392 3273 4436 τοῦ
3314 4385 3324 4400 ’
3352 4384 3578 4458 ἑτέροισι
3607 4384 3784 4456 γέλως.

1300 4469 1524 4524 CXXIX.
3087 4472 3225 4527 PKO'

887 4553 1054 4610 Lucii
1076 4555 1383 4613 Patrensis
1412 4557 1933 4627 Metamorphoses.

2532 4567 2758 4617 Λουκίου
2802 4567 3036 4635 ιιατρέως
3092 4567 3555 4635 Μεταμορφώσεων
3616 4563 3780 4634 λόγοι.

661 4646 845 4701 Lectae
895 4649 1033 4701 sunt
1074 4644 1230 4701 Lucii
1278 4647 2238 4719 Patrensis'Trans/‘ormationum

2426 4653 2749 4724 Ἀνεγνώσοη
2804 4656 3030 4704 Λουκίου
3112 4656 3346 4725 Πατρέως
3399 4653 3853 4728 Μεταμορφώσεων
3902 4648 3940 4679 ’ί

589 4734 968 4792 narrationes
1023 4737 1221 4793 varice.
1258 4737 1439 4793 Dictio
1469 4737 1598 4808 ejus
1635 4736 1813 4805 clara,
1848 4754 1999 4809 pura
2028 4745 2083 4795 et
2112 4739 2222 4796 dull

2350 4740 2495 4812 λόγοι
2553 4738 2815 4815 διάφοροι.
2872 4741 3023 4794 Ἐστι
3070 4738 3127 4794 δὲ
3175 4747 3265 4800 τὴν
3313 4744 3504 4815 φράσιν
3557 4747 3731 4815 σαφής
3774 4758 3822 4791 τε
3864 4740 3941 4787 καὶ

588 4821 795 4879 cedine
816 4822 1147 4882 delectans:
1176 4825 1406 4896 fugiens
1430 4842 1565 4882 vero
1581 4827 1865 4883 orationis
1887 4828 2213 4886 novitatem

2350 4833 2578 4903 καθαρὸς
2650 4837 2737 4883 καὶ
2790 4832 2932 4903 φίλος
2982 4830 3316 4903 γλυκύτητος·
3384 4833 3581 4903 φεύγων
3645 4827 3705 4883 δὲ
3757 4832 3844 4886 τήν
3901 4822 3940 4875 έν

590 4927 773 4985 supra
794 4913 1045 4971 modum
1070 4914 1443 4987 prodigiosas
1456 4921 1834 4973 consectatur
1849 4918 2223 4987 narrationes

2347 4919 2519 4991 λόγοις
2594 4926 2943 4991 καινοτομίαν,
3002 4920 3072 4982 εἰς
3146 4919 3431 4993 ὑπερϐολὴν
3506 4915 3695 4972 διώκει
3769 4920 3856 4972 τὴν
3902 4911 3944 4964 έν

1933 5070 2167 5126 VARIIE
2207 5070 2604 5128 LEC’I‘IONES.

658 5223 707 5257 ’5
740 5218 879 5277 libri
908 5219 1131 5293 λέγεται.
1214 5222 1258 5257 9⁷
1295 5220 1321 5273 ὁ
1352 5224 1407 5278 et
1435 5219 1587 5279 infra
1619 5217 1771 5275 οὐδὲν
1800 5221 1948 5279 add.
1990 5229 2051 5279 Α.
2130 5225 2179 5259 ⁹⁸
2210 5227 2362 5297 μέρος
2396 5244 2452 5288 ς.
2528 5224 2575 5257 ⁹⁹
2607 5227 3049 5295 μεταμορφώσεως
3082 5243 3142 5287 ς.

2163 5374 2388 5432 NOTAE.

803 5520 983 5598 gujus
1010 5521 1196 5598 vitam
1228 5521 1363 5598 infr.
1396 5522 1525 5598 lege
1550 5522 1843 5598 cod._2:‘_$8_.
2348 5528 2617 5598 σκεπτικοὶ
2642 5528 2733 5576 καὶ
2763 5521 3078 5598 ἀπορητικοὶ
3111 5522 3402 5598 appellati
3430 5521 3744 5598 Videndus
3800 5518 3960 5598 Agel-

682 5595 768 5657 21)
802 5592 1101 5647 Videndus
1126 5592 1200 5647 de
1231 5594 1343 5649 hoc
1370 5596 1652 5664 scriptore
1677 5595 1894 5651 Suidas
1922 5594 2159 5665 aliique.
2346 5596 2460 5651 lius
2480 5596 2584 5654 lib.
2610 5612 2663 5657 ιι,
2692 5612 2825 5667 cap.
2858 5592 2910 5661 ὃ,
2931 5603 2985 5652 et
3006 5592 3172 5666 Diog:
3199 5592 3448 5676 Lach-in
3478 5594 3810 5721 Ρὲιϊιιοῐιθἶ
3831 5594 3959 5673 Se}.

682 5666 771 5721 22)
794 5664 1008 5721 Quales
1037 5664 1345 5721 Pvrrhonii
1374 5672 1430 5721 et
1450 5666 1809 5721 Academici.
1834 5666 2068 5721 utrique
2098 5666 2234 5721 hinc
2344 5682 2585 5721 auoaue
2601 5667 3507 5721 Emoiricusinanotvnosibus
3570 5667 3956 5721 vrrhonianis.

658 5666 771 5736 (22)
794 5664 1008 5730 Quales
1037 5664 1345 5737 Pyrrhonii
1374 5672 1430 5723 et
1450 5666 1809 5733 Academici,
1834 5664 2068 5739 utrique
2098 5666 2234 5723 hinc
2344 5682 2585 5741 quoque
2601 5664 2993 5740 Empiricusin
3009 5664 3507 5740 Hypotyposibus
3519 5664 3956 5738 Pyrrhonianis.
