4136 6216
237 294 345 352 413
1225 303 1714 364 BIBLIOTHECA.
1756 335 1824 348 --
1863 307 2075 365 CODD.
2117 309 2389 370 CXXVIII
2429 314 2669 372 CXXXI.
3509 317 3615 374 4M

243 429 348 484 τοῖς
375 418 678 495 διηγήμασι
717 431 1008 500 τερατείαν,
1052 433 1142 481 καὶ
1191 432 1256 491 ὡς
1301 432 1362 484 οἷν
1408 451 1482 492 τις
1513 435 1668 498 εἲποι,
1700 432 1853 494 ἄλλος

1980 443 2025 494 1t
2040 437 2174 509 jure
2199 439 2413 497 dixeris
2433 442 2688 499 alterum
2711 457 2850 498 eum
2871 457 3002 498 esse
3030 441 3613 499 Lucianum.Priores

242 509 358 562 ἐστὶ
402 517 716 575 Λουκιανός.
763 517 828 567 Οἱ
873 512 933 568 δέ
972 530 1031 588 γε
1064 519 1080 554 ¹
1115 527 1313 586 πρῶτοι
1361 522 1521 574 αὐτοῦ
1572 519 1669 575 δύο
1707 522 1852 594 λόγοι

1980 531 2116 584 :erte
2146 529 2264 585 duo
2291 529 2480 602 ipsius
2509 531 2664 596 libri,
2691 536 2920 588 tantum
2953 547 3072 587 non
3103 531 3381 604 descripti
3413 535 3553 587 sunt
3578 546 3613 588 a

242 605 398 670 μόνον
455 600 516 652 ού
568 607 972 676 μετεγράφησαν
1041 613 1250 681 Λουκίῳ
1307 608 1363 662 ἐκ
1420 619 1512 662 τοῦ
1556 617 1850 665 Λουκιανοῦ

1974 616 2141 672 Lucio
2170 633 2244 673 ex
2275 600 2515 675 Luciani
2557 620 2732 687 libro,
2763 621 2864 692 qui
2896 620 3219 692 inscriptus
3248 600 3339 676 est
3367 621 3607 686 Lucius,

241 687 402 760 λόγου
445 689 498 750 ὃς
545 689 925 765 ἐπιγέγραπται
977 702 1168 757 Λοῦκις
1209 699 1238 757 ἦ
1271 702 1402 763 ὄνος,
1437 701 1465 758 ἦ
1501 699 1554 751 ἐκ
1581 709 1679 752 τῶν
1711 707 1849 754 Λου-

1978 706 2049 762 9el
2078 707 2314 773 Asinus,
2346 707 2459 762 nisi
2491 712 2700 765 contra
2729 724 2800 765 ex
2858 709 3014 765 Lucii
3067 709 3233 765 libris
3289 725 3326 764 a
3353 710 3611 766 Luciano

243 783 360 830 κίον
394 777 605 850 ²λόγων
637 787 940 854 Λουκιανῷ.
993 783 1169 840 Ἔοικε
1213 783 1272 839 δὲ
1318 787 1510 860 μᾶλλον
1554 791 1580 840 ό
1627 796 1852 843 Λουκια-

1982 795 2055 850 lle
2088 797 2477 868 transcriptus
2499 803 2603 853 est.
2647 802 2728 853 Ac
2771 799 2822 854 si
2849 799 3182 870 conjectare
3231 799 3365 854 licet
3392 799 3612 871 (neque

241 873 330 929 νός
385 873 793 943 μεταγράφοντι,
846 875 968 925 ὅσον
1024 875 1258 947 εἰχάζειν
1310 895 1322 907 ·
1377 883 1459 940 τίς
1513 881 1614 953 γὰρ
1675 886 1852 952 χρόνῳ

1977 884 2120 941 enim
2141 891 2268 941 uter
2281 891 2547 958 tempore
2565 887 3301 960 priorfuerit,cognoscere
3320 889 3610 944 hactenus

246 957 617 1032 πρεσϐύτερος,
672 964 816 1013 οὔπω
871 965 1058 1035 ἔχομεν
1103 975 1317 1036 γνῶναι.
1375 972 1475 1020 Καὶ
1525 971 1628 1042 γὰρ
1677 971 1850 1042 ὥσπερ

1975 974 2147 1046 potui)
2179 957 2471 1030 Lucianus
2501 957 2699 1046 potius
2732 957 3146 1048 tanscripsisse
3184 975 3436 1032 videtur.
3460 979 3608 1032 Nam

249 1045 350 1098 ἀπὸ
401 1047 630 1111 πλάτους
669 1059 770 1102 τῶν
823 1058 1056 1105 Λουκίου
1094 1054 1258 1126 λόγων
1299 1058 1325 1107 ὁ
1380 1061 1670 1120 Λουκιανός
1721 1057 1853 1110 ἁπο-

1975 1063 2138 1134 ;uasi
2195 1045 2558 1135 copiosiores
2620 1063 2780 1119 Lucii
2850 1045 3058 1129 libros,
3133 1064 3411 1120 resecatis
3471 1080 3608 1136 quas

243 1135 510 1202 λεπτύνας,
565 1142 659 1190 καὶ
711 1139 958 1210 περιελὼν
1004 1143 1104 1195 ὅσα
1153 1149 1224 1215 μη
1281 1141 1450 1198 ἐδόκει
1507 1146 1650 1216 αύτῷ
1724 1151 1854 1218 πρὸς

1976 1151 2039 1207 1d
2056 1152 2364 1224 proprium
2386 1152 2680 1224 pertinere
2692 1167 2941 1224 scopum
2965 1151 3214 1208 minime
3231 1135 3609 1220 videbantur,

241 1229 329 1275 τόν
383 1225 574 1278 οἰκεῖον
634 1234 889 1300 χρήσιμα
926 1236 1139 1297 σκοπόν,
1189 1233 1372 1296 αύταίς
1420 1255 1473 1288 τε
1527 1235 1696 1299 λέξισι
1765 1241 1853 1288 καὶ

1982 1241 2259 1296 λυοὶαῑιυε
2287 1240 2618 1306 accidisset,
2648 1241 2982 1314 iisdemque
3011 1241 3214 1297 verbis
3239 1247 3295 1297 et
3325 1242 3615 1314 composi-

245 1315 554 1377 συντάξεσιν
613 1316 684 1379 εἰς
749 1319 837 1370 ἕνα
910 1321 974 1372 τὰ
1035 1320 1191 1374 λοιπὰ
1271 1329 1608 1396 συναρμόσας
1679 1325 1850 1396 λόγον,

1971 1330 2226 1386 tionibus
2258 1335 2472 1386 caetera
2520 1330 2621 1386 uni
2655 1335 2920 1401 aptasset
2959 1331 3308 1394 narrationi,
3341 1332 3604 1394 Lucium,

243 1409 442 1466 Λοῡκις
520 1405 549 1463 ἦ
610 1408 725 1467 ὄνος
803 1406 1062 1483 ἐπέγραψε
1127 1415 1184 1463 τὸ
1262 1410 1449 1466 ἐκεῖθεν
1502 1414 1852 1472 ύποσυληθένο

1977 1436 2055 1474 seu
2086 1422 2359 1488 Asinum,
2401 1435 2582 1492 quem
2611 1420 2750 1475 inde
2797 1423 2953 1476 furto
2979 1420 3344 1493 compilavit,
3391 1419 3610 1476 librum

239 1491 370 1565 [312
404 1493 451 1548 Β
481 1493 504 1567 ]
534 1498 684 1567 Γέμει
727 1492 787 1549 δὲ
831 1499 856 1548 6
907 1497 1149 1573 ἑκατέρου
1203 1499 1355 1572 λόγος
1397 1502 1715 1574 πλασμάτων
1762 1508 1852 1576 μὲν

1985 1491 2724 1582 nscripsit.Fabulosarum
2748 1516 2944 1566 autem
2964 1491 3268 1565 ﬁctionum
3293 1509 3412 1582 (23)
3429 1525 3497 1565 ac
3515 1525 3613 1565 ne-

239 1584 504 1653 μνθικῶν,
554 1582 927 1658 ἆρῥητοποιίας
958 1584 1018 1640 δὲ
1048 1588 1301 1663 αἰσχρᾶς.
1350 1591 1488 1650 Πλὴν
1519 1593 1544 1644 6
1583 1595 1673 1664 μεν
1724 1598 1850 1646 Λου-

1978 1597 2157 1654 'andre
2187 1599 2563 1671 turpitudinis
2589 1599 2748 1671 pleni
2785 1604 2921 1655 sunt
2965 1599 3266 1670 utriusque
3295 1599 3450 1665 libri,
3497 1599 3611 1654 hoc

237 1676 419 1734 κιανός
467 1671 600 1761 [Αίϐϐ
640 1674 742 1761 IL]
784 1681 1030 1729 σκώπτων
1079 1683 1168 1731 καὶ
1213 1676 1480 1752 διασύρων
1533 1687 1627 1740 τὴν
1672 1682 1847 1740 Ἐλλη-

1978 1687 2090 1743 solo
2112 1687 2466 1754 discrimine,
2501 1688 2665 1761 quod
2702 1688 3016 1757 Lucianus,
3075 1694 3139 1742 ut
3171 1692 3418 1744 caeteros
3471 1703 3611 1744 suos

239 1765 389 1818 νικήν
473 1757 921 1837 δεισιδαιμονίαν,
978 1769 1149 1841 ὥσπερ
1203 1767 1298 1820 κᾶν
1353 1778 1459 1831 τοῖς
1513 1771 1703 1837 ἄλλοις,
1760 1775 1849 1823 καὶ

1976 1777 2142 1833 ηώτοε
2155 1793 2388 1842 omnes,
2410 1777 2484 1833 ad
2507 1757 2873 1832 irridendum
2893 1783 3070 1849 atque
3084 1777 3609 1850 perstringendum

239 1857 422 1903 τοῦτον
476 1856 782 1906 συνέταττεν
825 1872 838 1884 ·
873 1857 898 1906 6
934 1853 992 1908 δὲ
1037 1860 1261 1921 Λούκιος
1305 1857 1620 1925 σπουδάζων
1665 1883 1718 1916 τε
1761 1871 1848 1919 καὶ

1979 1866 2224 1937 gentium
2250 1866 2729 1939 superstitiosum
2756 1867 3004 1922 deorum
3025 1866 3439 1933 cultum,hunc
3466 1882 3612 1938 quo-

239 1943 437 2004 πιστὰς
466 1942 698 2013 νομίζων
738 1945 832 2006 τὰς
863 1943 916 2008 ἐξ
958 1945 1237 2021 ἀνθρώπων
1283 1949 1356 2010 εἰς
1400 1950 1650 2016 ἀλλήλους
1690 1974 1848 2027 μετα-

1980 1973 2074 2030 [ue
2105 1955 2507 2028 composuerit
2536 1978 2546 2020 ;
2585 1956 2794 2011 Lucius
2839 1971 2974 2012 vero
3001 1956 3154 2012 serio
3175 1971 3380 2025 agens,
3408 1960 3462 2012 et
3492 1970 3613 2012 cer-

235 2035 537 2103 μορφὼσεις
603 2035 698 2094 τάς
747 2053 802 2086 τε
852 2033 908 2097 ἐξ
958 2034 1154 2107 ἀλόγων
1219 2038 1290 2101 εἰς
1365 2039 1683 2115 ἀνθρώπους,
1759 2051 1844 2098 καὶ

1981 2062 2047 2102 as
2067 2049 2232 2102 ratus
2281 2045 2595 2101 hominum
2643 2045 2702 2100 in
2735 2044 2881 2101 alios
2930 2045 3507 2111 transformationes,
3555 2048 3611 2100 et

239 2116 500 2172 ἀνάπαλιν
549 2126 639 2173 καὶ
688 2125 775 2174 τὸν
824 2123 972 2176 α”λλον
1037 2135 1136 2178 τῶν
1183 2127 1414 2180 παλαιῶν
1470 2133 1646 2202 μύθων
1697 2133 1847 2187 ὕθλον

1978 2141 2269 2192 )rutorum
2296 2133 2544 2190 rationis
2576 2133 2903 2206 expertium
2936 2134 2995 2190 in
3041 2134 3337 2203 homines,
3371 2150 3440 2191 ac
3483 2135 3611 2190 vice

234 2213 323 2260 καὶ
370 2208 660 2282 γλήναφον,
713 2221 886 2286 γραφῇ
958 2211 1253 2289 παρεδίδου
1331 2225 1500 2272 ταῦτα
1565 2225 1654 2274 καὶ
1729 2242 1847 2276 συν-

1978 2240 2149 2293 rersa,
2183 2223 2452 2296 aliasque
2474 2223 2860 2296 antiquarum
2895 2223 3233 2281 fabularum
3265 2223 3518 2295 ineptias
3545 2238 3611 2280 ac

233 2299 465 2370 ὕφαινεν.
1954 2328 2152 2385 nugas
2180 2314 2276 2371 his
2303 2313 2510 2370 litteris
2540 2313 2865 2386 prodiderit
2897 2317 3075 2386 atque
3115 2312 3502 2369 contexuerit.

994 2392 1110 2450 PA'.
2684 2403 2877 2456 CXXX.

994 2403 1110 2450 ΡΛ)

521 2483 828 2550 Δαμασκίου
859 2487 982 2546 Περὶ
1011 2479 1320 2554 παραδόξων
1351 2485 1497 2558 λόγοι
1529 2485 1595 2542 δ’.

2257 2491 2550 2548 Damascii
2575 2403 3025 2548 Ιηοῗέάξξίιίωη
3059 2490 3202 2547 libri
3229 2507 3305 2546 Iv.

305 2567 749 2638 Ἀνεγνὼσθησαν
829 2576 1133 2642 Δαμασκίου
1211 2572 1357 2646 λόγοι
1415 2573 1480 2640 δ’,
1536 2578 1604 2628 ὧν
1661 2579 1686 2629 6
1755 2583 1845 2652 μεν

2029 2579 2184 2636 Lecti
2232 2585 2371 2636 sunt
2417 2579 2703 2635 Damascii
2733 2579 2845 2650 (24)
2877 2579 3010 2635 libri
3038 2583 3318 2649 quatuor,
3349 2593 3610 2650 quorum

233 2664 442 2728 πρῶτος
500 2655 792 2730 ἐπιγραφὴν
850 2662 964 2732 ἔχει
1008 2667 1134 2733 Περὶ
1182 2661 1492 2736 παραδόξων
1539 2669 1845 2738 ποιημάτων

1977 2669 2199 2743 [uidem
2223 2670 2453 2740 primus
2480 2669 2564 2724 sic
2604 2668 2950 2724 inscribitur
2991 2686 3004 2724 :
3039 2670 3126 2725 De
3164 2666 3610 2724 incredibilibus

233 2745 497 2817 κεγάλαια
541 2745 674 2818 τνβ”,
721 2749 747 2798 ό
794 2745 852 2800 δὲ
889 2747 1124 2824 δεύτερος
1157 2750 1474 2826 Παραδόξων
1503 2761 1618 2831 περὶ
1657 2757 1680 2792 ³
1722 2753 1843 2809 δαι-

1972 2758 2291 2816 ictionibus
2311 2758 2509 2827 capita
2564 2756 2842 2813 CCCLII.
2871 2757 3028 2813 Alter
3057 2757 3274 2813 deinde
3310 2774 3322 2811 :
3357 2753 3605 2812 Incredi-

236 2840 430 2908 μονίων
475 2831 822 2907 διηγημάτων
867 2839 1120 2908 κεφάλαια
1162 2841 1266 2914 νβ’,
1318 2845 1343 2896 ὁ
1399 2841 1458 2897 δὲ
1507 2850 1681 2920 τρίτος
1723 2849 1845 2921 Περὶ

1980 2849 2160 2905 tilium
2201 2849 2273 2905 de
2301 2847 2606 2905 dwmoniis
2637 2847 3052 2904 narrationum
3089 2847 3290 2918 capita
3330 2847 3455 2902 LII.
3483 2847 3613 2901 Ter-

236 2934 336 2976 τῶν
419 2927 552 2996 μετὰ
632 2927 846 2978 θάνατον
926 2927 1328 3003 ἐπιφαινομένων
1411 2933 1602 3006 ψυχῶν
1680 2955 1844 3008 παρα-

1978 2938 2069 2993 ius
2100 2953 2277 3010 porro
2299 2939 2411 2995 :De
2439 2938 2658 2995 animis
2688 2951 2724 2992 a
2754 2942 2945 2992 morte
2972 2936 3389 3007 apparentibus
3419 2937 3611 2992 incre-

240 3011 409 3077 δόξων
465 3011 814 3087 διηγημάτων
856 3017 1109 3090 κεφάλαια
1149 3020 1246 3092 ξγ’,
1299 3023 1324 3074 6
1370 3019 1427 3076 δὴ
1475 3028 1714 3099 τέταρτος
1756 3030 1845 3078 καί

1978 3029 2227 3085 libilium
2260 3029 2676 3084 narrationum
2728 3025 2931 3096 capita
2976 3025 3190 3083 LXIII.
3222 3027 3476 3091 Quartus
3497 3023 3611 3096 (25)

235 3101 557 3177 παραδόξων
585 3108 786 3176 φύσεων
820 3107 1069 3178 κεφάλαια
1095 3109 1167 3181 ρι’
1196 3132 1208 3144 ·
1251 3113 1299 3163 ἓν
1330 3113 1402 3173 οἷς
1431 3113 1627 3166 ἅπασιν
1659 3111 1843 3168 οδύνα-

1974 3118 2609 3191 leniquezNaturarum
2631 3115 2805 3172 etiam
2819 3116 3255 3173 incredibilium
3273 3115 3468 3184 capita
3483 3113 3531 3170 C
3544 3114 3607 3169 V.

238 3194 302 3243 τά
335 3211 393 3245 τι
416 3198 505 3245 καὶ
532 3192 761 3246 ἀπίθανα
790 3201 878 3248 καὶ
907 3197 1248 3252 κακόπλαστα
1278 3201 1731 3276 τερατολογήματα
1755 3210 1845 3258 καὶ

1983 3225 2019 3264 n
2046 3207 2264 3281 quibus
2307 3205 2592 3262 omnibus
2634 3207 2894 3278 plurima
2937 3205 3213 3278 reperies,
3251 3218 3387 3276 quia
3417 3216 3613 3274 neque

234 3284 396 3355 μωρὰ
423 3285 515 3334 καὶ
539 3284 612 3344 ὡς
641 3281 848 3347 ἀληθῶς
868 3284 990 3347 ἄξια
1007 3295 1101 3348 τῆς
1125 3286 1404 3352 ἀθεότητος
1419 3296 1509 3343 καὶ
1532 3289 1846 3358 δυσσεϐείας

1983 3298 2077 3354 ieri
2109 3298 2270 3369 97a
2305 3311 2500 3368 neque
2532 3296 2691 3352 credi
2738 3295 2988 3369 possint,
3043 3293 3198 3350 male
3255 3293 3512 3350 conﬁcta
3561 3297 3616 3349 et

237 3375 570 3442 Δαμασκίου,
606 3371 663 3433 ὃς
689 3378 782 3425 καὶ
812 3383 905 3426 τοῦ
931 3379 1098 3447 φωτός
1126 3384 1221 3437 τῆς
1246 3377 1503 3441 εὐσεϐείας
1533 3385 1618 3433 τὸν
1650 3387 1846 3456 κόσμον

1980 3386 2134 3443 tulta
2179 3385 2632 3442 mendaciorum
2664 3388 2959 3458 portenta,
3017 3383 3201 3455 impio
3232 3387 3408 3454 atque
3439 3382 3613 3440 atheo

236 3461 617 3532 κληρώσαντος
637 3461 795 3524 αύτός
822 3464 921 3516 ύπό
939 3463 1096 3537 βαθεῖ
1117 3471 1283 3539 σκότῳ
1303 3477 1397 3530 τῆς
1424 3466 1848 3547 εἰδωλολατρείας

1982 3476 2273 3532 )amascio
2321 3490 2458 3531 vere
2501 3475 2687 3548 digna
2721 3491 2734 3529 :
2767 3475 2870 3548 qui
2902 3474 3047 3530 dum
3078 3471 3379 3543 Evangelii
3410 3471 3615 3530 lumen

233 3545 507 3604 ἐκάθευδε.
547 3549 928 3623 Κεφαλαιώδης
951 3550 1009 3607 δε
1035 3554 1174 3626 αύτῴ
1207 3555 1254 3608 ἓν
1284 3559 1489 3621 τούτοις
1520 3562 1545 3612 6
1569 3545 1737 3633 λόγος,
1759 3566 1846 3614 καὶ

1978 3568 2160 3621 ιτῠθω
2194 3570 2484 3620 terrarum
2512 3545 2830 3621 illustraret
2859 3563 3358 3635 universum,ipse
3389 3562 3447 3617 in
3472 3562 3611 3618 den-

231 3642 358 3690 οὔτε
387 3639 625 3710 ἄκομψος
650 3644 769 3694 οὔτε
798 3645 854 3694 τὸ
887 3646 1041 3716 σαφὲς
1068 3645 1352 3721 ὑπερορῶν,
1376 3649 1446 3710 ὡς
1466 3647 1513 3701 ἓν
1545 3646 1848 3723 διηγήμασι

1979 3654 2197 3710 ;issima
2219 3652 2564 3709 idololatria:
2587 3653 2841 3722 caligine
2863 3653 3182 3707 immersus
3196 3651 3612 3723 jacuit.Brevis

233 3731 515 3790 τοιούτοις·
1959 3760 2030 3800 ac
2069 3743 2228 3799 velut
2253 3742 2704 3816 compendiaria
2732 3742 2829 3798 hic
2855 3742 2987 3813 ejus
3015 3747 3100 3796 est
3132 3739 3339 3806 oratio,
3382 3755 3504 3795 non
3527 3740 3610 3794 in-

1959 3836 2200 3904 compta
2227 3836 2446 3896 tamen,
2472 3846 2666 3898 neque
2684 3830 3186 3903 perspicuitatem,
3215 3834 3281 3884 ut
3304 3828 3366 3884 in
3390 3827 3612 3884 talibus

1958 3919 2405 3979 narrationibus
2419 3920 2588 3986 solet,
2606 3919 2935 3991 negligens.

959 4001 1127 4060 PAA'.

2674 4010 2888 4066 CXXXI.

237 4088 594 4160 Ἀμυντιανοῦ
642 4089 716 4150 εἰς
763 4088 1103 4166 Ἀλέξανδρον
1156 4097 1244 4148 τὸν
1297 4093 1539 4170 βασιλέα,
1581 4105 1669 4155 καὶ
1707 4102 1850 4176 ἕτερά

2030 4100 2428 4173 Amyntianus
2443 4097 2505 4155 in
2537 4098 2953 4156 Alexandrum
2983 4096 3286 4169 Magnum,
3309 4100 3365 4153 et
3391 4096 3537 4153 alia.

985 4183 1120 4222 τινα.

310 4250 652 4321 Ἀνεγνωσθη
704 4250 1050 4315 Ἀμυντιανοῦ
1102 4255 1190 4318 Εἰς
1234 4255 1573 4334 Ἀλέξανδρον
1629 4283 1641 4294 ·
1688 4282 1851 4337 προσ·

2035 4267 2242 4320 Lectus
2295 4264 2382 4318 est
2439 4257 2786 4333 Amyntiani
2840 4257 2914 4314 de
2939 4256 3278 4314 Alexandri
3336 4254 3612 4314 laudibus

239 4347 390 4409 φοονεὶ
474 4337 536 4392 δὴ
605 4343 692 4392 τὸν
775 4340 928 4412 λόγον
1010 4353 1081 4415 τῷ
1161 4349 1507 4424 αὐτοκράτορι
1588 4350 1850 4425 Ῥωμαίων

1979 4353 2126 4409 ἷίὸεν.
2159 4351 2403 4408 Dedicat
2451 4366 2589 4407 eum
2630 4350 2821 4405 Marco
2854 4347 3155 4403 Antonino
3204 4348 3612 4403 Romanorum

238 4431 463 4500 Μάρκῳ,
531 4436 622 4481 καὶ
683 4428 1052 4502 ἐπαγγέλλεται
1111 4438 1201 4506 μεν
1287 4434 1443 4500 ἀξίως
1518 4439 1672 4493 εἰπεῖν
1751 4451 1850 4495 τῶν

1986 4441 2311 4517 mperatori
2341 4461 2352 4500 :
2383 4439 2782 4515 praedicatque
2805 4453 2866 4494 se
2889 4437 3045 4509 stylo
3073 4452 3168 4493 res
3186 4435 3499 4493 Alexandri
3519 4451 3617 4508 ge-

239 4499 597 4592 Ἃλεξὰνδρου
653 4499 909 4591 πράξιων,
969 4499 1191 4595 ἐδείχθη
1247 4522 1307 4578 δε
1348 4533 1540 4602 προῖὼν
1588 4533 1652 4593 ὡς
1695 4531 1849 4605 Eua-7.

1982 4499 2085 4591 [tals
2098 4499 2572 4606 aequaturumAt
2587 4499 3000 4600 deprehensus
3013 4526 3171 4584 estin
3183 4525 3469 4584 orationis
3485 4499 3615 4598 pro-

239 4608 406 4698 7.3.}
467 4609 491 4644 ⁸
701 4608 841 4662 ἔστιν
897 4613 1134 4686 ἔνθερμος
1178 4619 1268 4668 καὶ
1316 4617 1585 4690 τολμητὴς,
1647 4621 1852 4698 πληρῶο

1983 4639 2172 4695 gressu
2203 4621 2437 4679 calidus
2453 4618 2698 4692 quidem
2721 4621 2778 4674 et
2799 4617 2999 4673 audax
3024 4615 3376 4688 promissor,
3395 4614 3456 4670 in
3483 4629 3616 4685 pro-

242 4716 333 4750 σαι
365 4695 426 4786 δε
453 4702 552 4756 τὴν
584 4697 894 4770 ἐπαγγελίαν
922 4699 1138 4776 ψυχρὸς
1183 4709 1272 4757 καὶ
1311 4702 1480 4770 δειλός
1525 4726 1537 4739 ⁸
1572 4711 1700 4764 πολὺ
1747 4695 1848 4786 γὰρ

1978 4695 2147 4770 nisso
2201 4727 2338 4768 vero
2371 4707 2698 4781 implendo,
2749 4705 2997 4777 frigidus
3049 4713 3228 4774 atque
3258 4702 3611 4760 imbecillus.

239 4785 660 4861 καταδεέστερον
716 4793 803 4841 καὶ
878 4797 978 4842 τῶν
1034 4793 1322 4867 ἔμπροσθεν
1387 4796 1666 4868 εἰρηκότων
1718 4785 1850 4874 λέγει

1982 4803 2138 4862 lulto
2169 4801 2329 4860 enim
2373 4799 2435 4856 in
2481 4796 2733 4854 dicendo
2781 4795 2853 4852 iis
2885 4795 3063 4852 etiam
3089 4793 3330 4852 inferior
3358 4796 3466 4858 est,
3516 4793 3615 4865 qui

1605 4932 1833 4991 VARI/E
1873 4935 2275 4992 LECTIONES.

276 5054 331 5131 _!
363 5043 425 5131 δέ
454 5065 517 5115 γε
546 5063 624 5174 ea)
653 5049 873 5177 hgbeat
901 5053 945 5104 Α
976 5063 1097 5105 non
1130 5050 1333 5122 liquet.
1411 5056 1433 5091 ³
1466 5061 1659 5120 Λουκίς
1689 5080 1742 5130 ς’,
1777 5061 1861 5117 sic
1885 5064 1944 5118 et
1971 5060 2146 5117 intra.
2223 5060 2243 5092 ³
2276 5059 2392 5129 περὶ
2419 5070 2540 5112 om.
2577 5060 2637 5108 Α.
2715 5056 2737 5090 ⁸
2768 5051 3094 5126 ἄπαγγεῖλαι]
3128 5051 3345 5109 rectius
3366 5049 3616 5123 δοτίρεθ·

276 5138 325 5177 ιε
358 5139 587 5177 ιπαοηει
621 5141 694 5176 ασ
729 5143 802 5177 αι.

239 5137 325 5178 ns
358 5137 802 5192 επαγγείλασυαι.

1818 5257 2043 5315 NOTAE.

315 5377 436 5457 (ἓξ)
467 5373 538 5457 Ut
567 5391 638 5457 ex
662 5375 917 5457 Luciano
937 5377 1200 5457 vicissim
1225 5377 1288 5432 D.
1316 5375 1598 5450 Apuleius
1618 5377 1857 5457 Madau-
1966 5377 2390 5457 cerptahinj‘ra
2466 5374 2661 5457 capita
2735 5374 2858 5441 142,
2912 5377 2968 5431 et
3019 5374 3094 5431 de
3151 5372 3365 5431 eadem
3420 5377 3617 5449 κρίσεις

243 5446 464 5524 tensis,
513 5447 734 5504 fabulae
784 5447 1021 5505 Milesia
1077 5449 1330 5505 Asinum
1366 5446 1652 5507 aureum.
1715 5450 1854 5507 Vide
1963 5446 2097 5524 cap.
2137 5453 2255 5524 l8}.
2290 5449 2466 5524 Plura
2497 5446 2726 5524 suidas.

243 5521 379 5592 ejus
401 5512 776 5592 interpretes.
932 5591 943 5592 γ
1340 5591 1347 5592 7
2035 5512 2144 5592 (25)
2197 5521 2272 5592 In_
2318 5519 2521 5575 Graeco
2578 5517 2690 5588 leg.
2755 5512 3303 5592 παραδόξη-διηγημ.
3363 5516 3616 5591 κεφάλαια

317 5592 432 5666 (24)
461 5586 760 5666 Damascii
787 5592 906 5646 sive
930 5591 1130 5666 hujus,
1148 5592 1276 5666 sive
1288 5591 1561 5666 alterius,
1586 5592 1853 5666 philoso-
1959 5586 2060 5666 ξ’γξ
2111 5586 2181 5666 ’οί
2246 5589 2304 5646 δι
2358 5594 2616 5666 τέταρτος,
2641 5586 2760 5644 ’καὶ
2814 5586 3127 5666 παραδόξων
3178 5586 3404 5664 ’φύσεων
3428 5586 3614 5662 ’κεφά-

291 5660 424 5739 bica
435 5663 722 5739 qumdam
739 5660 1269 5739 εξξιᾳηιᾋνέκδοτα
1279 5664 1342 5739 in
1358 5660 1649 5739 V_a_ti_cana
1659 5665 1850 5739 Ponti-
1957 5660 2082 5719 λάια
2108 5665 2203 5739 ρι’.

291 5735 375 5791 cis
395 5733 784 5794 bibliotheca.
795 5733 1140 5794 Habesitem
1155 5751 1228 5794 ex
1239 5737 1368 5810 ejus
1385 5735 1597 5796 Isidori
1610 5736 1738 5796 Vita
1748 5751 1845 5794 ex-
