4136 6216
596 294 702 349 415

1832 287 2070 345 ΡΗΟΤΙΙ
2100 284 2588 344 ΡΑΤΗΙΑΒΕΗᾸΞ
2614 284 2721 341 CP.

3817 291 3902 345 416

593 423 730 475 ante
755 417 959 490 ipsum
997 415 1071 472 de
1100 415 1438 472 Alexandro
1463 414 2042 488 scripserunt.Tenui
2074 417 2234 486 atqui

2362 418 2479 484 περὶ
2510 411 2688 476 αύτοῦ,
2734 409 2896 482 ἁτόνῳ
2929 405 2987 462 δι
3013 413 3103 461 καὶ
3131 408 3320 482 ὶκλύτῳ
3350 419 3644 485 χαρακτῆρι
3671 419 3843 484 χρῆται
3866 416 3900 468 ⁸.

591 507 815 563 elumbi
845 522 991 561 usus
1017 511 1108 561 est
1137 505 1369 561 dicendi
1404 504 1770 575 genere.Etsi
1796 508 1995 559 autem
2024 503 2250 574 perspi-

604 597 817 652 cuitate
836 611 955 651 non
967 594 1411 666 caret,plurima
1442 599 1641 651 tamen
1655 592 1989 649 necessaria
2014 598 2249 663 praeter-

588 685 790 741 mittit.

659 773 906 844 Scripsit
964 771 1147 835 idem,
1203 787 1340 827 cum
1400 771 1549 827 alios
1598 786 1719 827 non
1770 772 1951 827 unius
2014 769 2246 841 generis

588 863 792 930 libros,
847 867 972 917 tum
1031 862 1182 917 vitas
1230 860 1485 917 invicem
1551 866 1915 931 comparatas
1973 864 2085 925 ;ut
2117 861 2247 914 Dio-

589 952 744 1025 nysii
796 956 853 1006 et
903 950 1243 1016 Domitiani,
1277 949 1443 1006 libris
1483 950 1723 1006 duobus
1770 949 2067 1022 ;Philippi
2098 964 2246 1021 quo-

589 1057 701 1114 que
748 1040 1140 1097 Macedonum
1168 1040 1326 1109 regis
1365 1045 1422 1095 et
1451 1040 1720 1111 Augusti,
1761 1039 1931 1095 libris
1962 1038 2233 1096 totidem.

590 1134 792 1187 Fertur
815 1130 1088 1202 ejusdem
1120 1134 1177 1185 et
1204 1130 1277 1186 de
1297 1128 1671 1200 Olympiadis,
1698 1128 2010 1185 Alexandri
2038 1128 2243 1184 matris

599 1221 728 1276 Vita
753 1220 901 1275 liber
935 1218 1281 1290 singularis.

1157 1308 1636 1364 CXXXII-CXXXV
1652 1354 1664 1365 .

764 1398 1051 1463 Palladii,
1083 1396 1430 1465 Aphthonii,
1460 1396 1707 1462 Eusebii,
1742 1402 1794 1453 et
1816 1396 2065 1453 Maximi

1159 1468 1648 1524 Declamationes.

661 1553 845 1607 Lectae
873 1559 1014 1609 sunt
1052 1556 1430 1629 Palladii('26)
1454 1557 1747 1629 Sophistee
1769 1558 2239 1613 Declamationes

588 1640 791 1707 varice,
826 1642 1151 1713 Aphthonii
1184 1648 1300 1717 (27)
1340 1662 1584 1719 quoque
1616 1652 1671 1701 et
1722 1646 1950 1702 Eusebii
1998 1647 2115 1717 (28)
2140 1646 2241 1701 So-

2360 503 2463 556 Τοῦ
2485 506 2658 573 μέντοι
2702 510 2897 572 σαφοῦς
2924 500 2982 552 ού
3024 496 3314 565 διαπίπτει,
3358 499 3517 553 πολλὰ
3557 496 3612 553 δι
3654 510 3739 553 τῶν
3770 502 3904 574 ἀναγ-

2360 595 2519 642 καὶων
2556 588 2960 661 παραλιμπάνει.

2428 768 2486 819 Ὀ
2526 768 2682 828 αύτὸς
2722 765 2781 820 δι
2822 774 2911 821 καὶ
2951 768 3153 841 ἑτέρους
3191 769 3373 839 λόγους
3410 768 3598 841 ἔγραψε
3643 765 3901 842 διαφόρους,

2357 862 2446 909 καὶ
2498 857 2858 931 παραλλήλους
2913 860 3162 916 συνέθηκε
3217 857 3385 930 βίους,
3446 860 3613 929 ὥσπερ
3676 864 3906 911 Διονυσίου

2356 952 2443 999 καὶ
2488 954 2793 1019 Δομιτιανοῦ
2840 951 2860 982 ⁶
2904 950 2952 999 ὲν
2999 944 3129 1000 δυσὶ
3168 947 3358 1019 λόγοις,
3392 946 3639 1000 Φιλίππου
3675 966 3723 999 τε
3766 954 3908 1001 Μακε-

2357 1032 2518 1088 δόνων
2577 1041 2667 1087 καὶ
2721 1036 3033 1106 Αὐγούστου
3084 1035 3133 1088 ἄν
3179 1036 3368 1107 ἑτέροις
3420 1032 3592 1089 δυσίν.
3621 1034 3727 1088 Ἔτι
3762 1032 3813 1089 δι
3836 1030 3909 1087 καὶ

2358 1130 2480 1197 Περὶ
2548 1121 2910 1194 Ὀλυμπιάδος
2974 1133 3065 1186 τῆς
3131 1121 3478 1200 Ἀλεξάνδρου
3543 1128 3725 1199 μητρὸς
3782 1125 3907 1195 λόγον

2354 1212 2598 1286 ἔγραψεν-

2994 1304 3328 1356 ΡΛΒὀΡΛΕ’.

2348 1428 2355 1435 α
2462 1388 2760 1445 Παλλαδίου
2796 1400 3071 1463 σοφιστοῦ,
3111 1392 3409 1463 Ἀφθονίου,
3459 1390 3719 1456 Εύσεϐίου,
3748 1398 3827 1443 xui.

2886 1465 3129 1530 Μαξίμου
3166 1464 3386 1517 Μελέται
3399 1509 3411 1519 .

2424 1552 2856 1621 Ἀνεγνὼσθησαν
2891 1549 3187 1605 Παλλαδίου
3224 1560 3480 1624 σοφιστοῦ
3516 1551 3720 1604 Μελίται
3748 1548 3912 1623 διάφο-

2351 1660 2455 1714 ροι,
2486 1647 2574 1693 καὶ
2606 1640 2878 1711 Ἀφθονίου
2906 1647 2995 1694 καὶ
3029 1642 3281 1695 Εύσεϐίου
3308 1650 3563 1713 σοφιστοῦ
3592 1646 3677 1693 καὶ
3706 1640 3913 1712 Μαξίμου

586 1729 945 1800 pbistarum,
1007 1734 1145 1789 item
1201 1736 1438 1791 Maximi
1499 1736 1781 1807 sophistas
1835 1735 2234 1791 Alexandrini.

2354 1739 2607 1802 σοφιστοῦ
2639 1727 3036 1804 Ἀλεξανδρέως.
3074 1730 3232 1784 Ἀλλὰ
3280 1740 3379 1783 τῶν
3412 1730 3577 1781 ἄλλων
3602 1732 3627 1781 ό
3658 1725 3915 1788 Παλλάδιος

590 1819 802 1874 Verum
848 1829 1093 1877 caeteros
1153 1823 1458 1880 Palladius
1506 1824 1672 1880 omni
1703 1824 1940 1881 dicendi
1993 1823 2241 1881 artiﬁcio

588 1906 788 1963 multis
814 1910 1085 1981 partibus
1114 1914 1441 1984 superavit.

1278 2001 1545 2058 CXXXVI.

1132 2089 1349 2160 Cyrilli
1392 2090 1698 2146 Thesauri.

653 2175 953 2244 Leguntur
970 2177 1168 2249 Cyrilli
1197 2179 1496 2235 Thesauri.
1520 2178 1977 2250 Epicherematis
1996 2179 2241 2235 refertus

582 2266 668 2318 est
695 2262 855 2331 liber,
913 2271 1254 2339 pugnatque
1294 2267 1488 2323 valide
1535 2284 1605 2323 ac
1646 2269 1805 2324 varie
1844 2285 1982 2324 cum
2024 2270 2143 2324 Arii
2184 2274 2241 2324 et

583 2352 856 2407 Eumonii
916 2352 1241 2411 furibunda
1267 2356 1446 2412 rabie.
1484 2356 1711 2412 Etenim
1742 2362 1795 2414 et
1824 2356 2034 2427 logicis
2059 2373 2236 2428 argu—

586 2440 805 2496 mentis
835 2442 1388 2513 sapienterillorum
1402 2446 1649 2501 destruit
1668 2447 2240 2519 amentiam,quibus

584 2528 732 2584 dum
751 2545 937 2586 sacrae
951 2532 1267 2604 Scriptura;
1280 2536 1870 2606 annectitattexitque
1884 2537 2236 2602 testimonia,

583 2632 770 2689 quam
796 2620 1264 2678 sitilladoctrina
1281 2622 1460 2678 futilis
1475 2623 1641 2679 omni
1669 2640 1738 2679 ex
1765 2630 1931 2697 parte
1946 2624 2235 2696 divulgat.

586 2706 844 2763 Adhibet
874 2709 1029 2765 idem
1058 2711 1221 2765 nuda
1252 2728 1495 2784 quoque
1534 2729 1717 2769 sacras
1744 2714 2056 2784 Scriptura:
2084 2718 2239 2772 testi-

588 2799 884 2867 monia,ut
912 2816 1035 2871 quo
1068 2817 1130 2856 se
1156 2800 1404 2857 fastuosi
1435 2809 1685 2868 vertant,
1704 2803 1939 2875 obsepti
1974 2805 2238 2879 undique

587 2891 767 2958 atque
793 2888 1080 2953 conclusi,
1104 2906 1224 2946 non
1240 2891 2010 2949 habeant.Estauteminter
2034 2896 2238 2952 omnia

584 2975 714 3045 ejus
748 2978 971 3049 scripta
1002 2979 1149 3034 liber
1178 2979 1273 3035 hic
1305 2982 1559 3037 maxime
1591 2982 2035 3053 perspicuus,iis
2054 2984 2239 3053 potis-

2350 1822 2486 1870 κατὰ
2534 1825 2707 1870 πᾶσαν
2750 1817 2935 1890 ἀρετὴν
2965 1824 3058 1877 τὴν
3089 1822 3137 1872 εν
3167 1820 3337 1891 λόγοις
3377 1822 3460 1871 ἐπὶ
3512 1818 3736 1872 πλεῖστον
3772 1814 3915 1875 διενή-

2350 1926 2525 1979 νοχεν.

3053 2003 3238 2080 ΡΛς.

2838 2086 3089 2160 Κυρίλλου
3116 2089 3164 2138 οἱ
3194 2092 3489 2161 Θησαυροί.

2420 2176 2852 2246 Ἀνεγνῶσθησαν
2906 2175 3155 2249 Κυρίλλου
3211 2178 3259 2228 οἱ
3311 2178 3593 2249 θησαυροί.
3653 2175 3916 2249 Ἐπιχειρηο

2350 2269 2569 2334 ματικόν
2624 2263 2733 2315 ἐστι
2789 2266 2809 2299 ⁷
2855 2268 2912 2315 τό
2954 2263 3179 2337 βιϐλίον,
3237 2270 3325 2317 καὶ
3377 2266 3506 2336 [313
3546 2265 3629 2335 IL]
3683 2267 3805 2316 κατὰ
3844 2272 3918 2322 τῆς

2352 2352 2555 2425 Ἀρείου
2605 2358 2693 2405 καὶ
2738 2353 2990 2424 Εύνομίου
3040 2354 3245 2416 λύσσης
3277 2358 3525 2425 γενναίως
3563 2359 3649 2406 καὶ
3693 2354 3916 2424 πολυτρό-

2348 2461 2457 2503 πως
2528 2440 2923 2514 ἀγωνιζόμενον·
2985 2449 3074 2495 xui
3152 2447 3252 2514 γὰρ
3307 2449 3396 2495 καὶ
3456 2443 3691 2515 λογικαῐς
3743 2438 3919 2514 ἐφόδοις

2348 2528 2706 2602 ἐπιστημόνως
2745 2531 2913 2584 αὐτῶν
2964 2531 3242 2604 ἀπελέγχει
3300 2537 3391 2589 τὴν
3446 2534 3644 2597 ἄνοιαν,
3671 2537 3753 2583 καὶ
3798 2538 3918 2603 Τρα-

2348 2622 2500 2691 φικὰς
2544 2620 2721 2680 αὐταῖς
2794 2621 3099 2692 συμπλέκων
3178 2628 3267 2674 καὶ
3327 2628 3652 2693 συνυφαίνων
3722 2626 3922 2693 χρήσεις

2346 2712 2670 2781 πανταχόθεν
2714 2713 2772 2761 τό
2825 2712 3018 2783 σαθρόν
3063 2710 3229 2763 αύτῶν
3277 2710 3571 2767 στηλιτεύει
3614 2718 3700 2762 τοῦ
3746 2706 3919 2779 δόγμα-

2346 2816 2449 2857 τος.
2481 2800 2676 2854 Τίθησι
2717 2794 2775 2850 δι
2826 2804 2915 2851 καὶ
2972 2804 3262 2873 μαρτυρίας
3311 2798 3491 2860 ἁπλῶς
3534 2807 3623 2860 τῆς
3672 2805 3855 2869 Γραφῆς
3899 2796 3919 2845 ό

2349 2887 2620 2949 θεσπέσιος
2664 2886 2932 2961 Κύριλλος,
2980 2888 3046 2949 εἰς
3096 2887 3399 2959 ἀμηχανίαν
3455 2889 3622 2941 αὐτῶν
3677 2884 3764 2940 διὰ
3813 2887 3919 2936 ποίν-

2344 2993 2443 3026 των
2504 2974 2786 3046 συγκλείων
2837 2980 2895 3027 τό
2946 2980 3216 3049 φρύαγμα.
3280 2976 3429 3030 ’Ἐστι
3496 2975 3555 3030 δε
3610 2984 3703 3029 τῶν
3758 2975 3918 3028 ἑαυτοῦ

584 3065 918 3137 simum,qui
931 3067 1252 3137 Iogicorum
1268 3075 1745 3140 argumentorum
1762 3086 2002 3127 sensum
2020 3088 2234 3144 capere

2343 3063 2505 3134 λόγων
2567 3066 2808 3129 ἐνταῦθα,
2860 3071 2949 3118 καὶ
3024 3066 3257 3137 μάλιστα
3304 3074 3414 3128 τοῖς
3463 3070 3656 3121 ἔννοιαν
3727 3061 3919 3116 λαϐοῦσι

578 3158 851 3223 possunt.

1254 3247 1539 3303 CXXXVII.

968 3331 1243 3389 Eunomii
1272 3334 1528 3391 hwretici
1557 3336 1814 3392 libellus.

647 3400 780 3471 Legi
811 3400 1075 3459 libellum
1111 3406 1377 3461 Eumonii
1412 3407 1543 3476 (29),
1574 3423 1690 3478 quo
1718 3408 1877 3479 97b
1904 3425 2075 3465 suam
2103 3410 2229 3481 ipse

572 3490 772 3560 prodit
795 3491 1183 3563 impietatem,
1226 3494 1398 3566 cujus
1427 3496 1523 3551 hic
1552 3496 1761 3551 titulus
1941 3499 2227 3558 Libellum

572 3576 755 3644 hunc,
808 3582 969 3653 quod
1001 3582 1387 3639 Eunomianis
1432 3585 1491 3640 in
1520 3586 1915 3643 admiratione
1947 3594 2119 3653 esset,
2152 3590 2226 3647 de

573 3666 884 3739 industria,
919 3685 992 3726 ne
1023 3671 1098 3727 ad
1132 3672 1280 3728 alios
1330 3674 1680 3746 perveniret,
1713 3676 2078 3735 occultatum
2129 3680 2225 3736 vix

574 3757 819 3813 tandem
848 3765 1059 3816 nactus
1107 3762 1351 3818 Basilius
1407 3778 1684 3834 magnus,
1736 3764 1960 3822 fortiter
1988 3784 2126 3823 eum
2155 3787 2225 3826 ac

574 3844 1275 3923 splendide,omnemque
1303 3852 1454 3908 adeo
1479 3852 1736 3909 dicendo
1758 3852 1875 3908 vim
1890 3870 1957 3910 ac
1984 3854 2225 3913 faculta-

574 3938 693 3990 tem
746 3938 1101 4008 pervadens,
1135 3943 1341 3996 evertit
1371 3957 1441 3998 ac
1466 3942 1777 4013 jugulavit.
1825 3944 2051 4001 Diceres
2083 3962 2219 4003 eum

569 4022 1005 4095 Babylonicum
1054 4028 1341 4085 infantem
1392 4030 1470 4087 ad
1524 4033 1761 4089 tirmam
1802 4032 1941 4091 ﬁdei
1992 4040 2220 4108 petram

567 4112 862 4170 allidendo
893 4117 1251 4181 contudisse,
1288 4136 1358 4175 ac
1372 4121 1559 4192 putidi
1575 4123 2079 4183 cadaverisinstar
2095 4127 2219 4184 risu

568 4200 818 4271 dignum
850 4206 1200 4273 ostendisse,
1231 4208 1393 4281 quod
1412 4214 1640 4267 tantam
1657 4220 1835 4272 antea
1855 4217 1944 4273 sui
1962 4218 2220 4275 admira-

565 4289 787 4346 tionem
802 4294 1145 4350 concitarat.

1226 4386 1551 4443 CXXXVIII.

613 4447 898 4521 Ejusdem
930 4438 1631 4541 gariomiiﬁefu‘g‘alibuis
1668 4463 1946 4541 B_._Basilii
1976 4469 2182 4541 magni
2252 4438 2296 4493 D

924 4525 1067 4581 libri
1092 4542 1171 4582 Ill.
1210 4525 1347 4585 Item
1377 4530 1664 4600 Epistolas
1694 4536 1820 4591 XL.

636 4684 869 4740 Lectum
897 4686 1169 4757 ejusdem
1217 4690 1383 4762 impii
1412 4690 1673 4749 hominis
1727 4700 1840 4751 tres
1866 4695 2051 4753 libros
2078 4715 2214 4757 con-

563 4769 759 4827 tinens
783 4774 1085 4847 volumen,
1120 4778 1277 4850 quod
1308 4780 1465 4836 velut
1487 4780 1814 4841 confutatio
1845 4791 1937 4841 est
1976 4788 2210 4847 illarum

564 4860 942 4933 ineptiarum,
975 4882 1126 4938 quas
1175 4867 1237 4924 in
1287 4869 1467 4939 ipsius
1521 4873 1763 4943 reperiri
1819 4875 2211 4944 blasphemiis

565 4957 808 5010 sanctus
832 4954 1075 5012 Basilius
1102 4957 1568 5019 demonstrarat.
1585 4961 1705 5018 Hoc
1726 4963 1785 5019 in
1807 4980 1987 5037 opere
2015 4973 2208 5038 partu-

2343 3161 2445 3205 τῶτ
2475 3152 2694 3225 λογικῶν
2721 3150 2940 3225 ἐφόδων,
2971 3160 3310 3227 σαφέστατος.

3059 3251 3139 3297 PA
3148 3244 3221 3300 Z'.

2604 3332 2855 3404 Εύνομίου
2887 3341 2977 3385 τοῦ
3006 3330 3295 3394 δυσσεϐοῦς
3328 3331 3685 3408 βιϐλιδάριον.

2410 3420 2536 3493 [167
2577 3420 2669 3494 Η.]
2714 3422 3034 3493 Ἀνεγνωσθη
3074 3420 3409 3496 βιϐλιδοίριον
3435 3425 3713 3497 Εύνομίου,
3746 3430 3826 3481 τῆς
3856 3418 3916 3471 οἰ·

2336 3515 2478 3570 κείας
2532 3507 2845 3573 δυσσεϐείας
2902 3514 3126 3576 ἔκθεσις,
3187 3512 3247 3564 οὗ
3292 3515 3319 3571 η
3382 3512 3647 3587 ἐπιγραφὴ
3703 3513 3741 3565 ⁸.
3778 3553 3789 3564 .
3822 3548 3871 3561 ..
3902 3551 3912 3562 .

2335 3605 2499 3650 Τοῦτο
2547 3603 2603 3651 τό
2646 3598 2978 3673 βιϐλιδάριον
3036 3600 3143 3655 ἐπεὶ
3188 3610 3294 3662 τοῖς
3351 3610 3780 3677 συναιρεσιῶταις
3835 3597 3915 3651 e3-

2334 3693 2514 3758 νομίου
2586 3686 2679 3741 διὰ
2745 3691 3008 3760 θαύματος
3072 3694 3160 3763 μὶν
3212 3696 3387 3761 ἤγετο,
3466 3696 3680 3765 κρύφιον
3726 3687 3780 3742 δε
3838 3690 3913 3738 καὶ

2335 3774 2608 3850 ἀνέκφορον
2638 3785 2743 3838 τοῖς
2791 3778 2965 3841 ἄλλοις
3006 3776 3133 3832 εἶναι
3173 3776 3597 3845 διεσπούδαστο,
3632 3780 3769 3853 μόλις
3808 3778 3912 3829 ποτε

2334 3866 2359 3915 ό
2402 3871 2565 3937 μέγας
2616 3867 2885 3928 Βασίλειος
2941 3868 3025 3920 ἐπὶ
3077 3875 3264 3941 χειρᾶς
3308 3868 3485 3923 λαϐεῖν
3535 3868 3912 3936 δυνηθεὶς,7εν·

2331 3952 2487 4016 ναίως
2533 3975 2586 4007 τε
2632 3961 2723 4007 καὶ
2766 3956 3033 4031 λαμπρῶς,
3066 3962 3155 4010 καὶ
3201 3958 3241 4011 εἶ
3288 3978 3366 4019 τις
3420 3957 3581 4035 ἀρετὴ
3633 3959 3787 4030 λόγων
3837 3957 3913 4006 καὶ

2334 4042 2513 4114 ἰσχύς,
2546 4040 2639 4096 διὰ
2681 4054 2862 4098 πασῶν
2914 4046 3089 4113 ἐλθὼν,
3125 4046 3373 4118 ἀνέτπεψέ
3427 4068 3483 4101 τε
3536 4054 3624 4101 καὶ
3669 4048 3913 4100 ἀνεσκεύαο

2333 4150 2437 4196 σεν,
2498 4134 2670 4208 ὥσπερ
2704 4136 2724 4169 ⁵
2783 4155 2833 4187 τι
2886 4142 3068 4193 νήπιον
3128 4136 3447 4190 Βαϐυλώνιον
3493 4146 3557 4210 τῇ
3605 4136 3788 4212 στερῥᾷ
3831 4141 3911 4191 τῆς

2330 4219 2573 4284 ἀληθείας
2612 4226 2659 4259 ¹⁰
2711 4225 3045 4299 προσαράξας
3103 4230 3285 4298 πέτρᾳ,
3345 4232 3434 4277 καὶ
3486 4229 3792 4299 θνησιμαίον
3838 4225 3911 4273 καὶ

2326 4310 2525 4381 γε’λωτα
2556 4308 2726 4375 δείξας
2747 4318 2804 4365 τό
2830 4332 2954 4366 ποτε
2979 4316 3390 4386 θαυμαζόμενον.

3040 4402 3211 4459 ΡΛΗ’.

2324 4471 2838 4547 Τοῦᾲαύτοῦ-κατᾲᾲ
2898 4480 3003 4547 ⁸τῆς
3056 4477 3417 4547 πραγματείας
3458 4484 3567 4547 ,τοῦ
3627 4474 3773 4547 ἁγίου
3833 4477 3911 4522 Bu-

2399 4541 2613 4621 σιλείου,
2666 4543 2747 4621 ἐνΔ
2887 4541 3136 4606 δυσσεϐὲς
3171 4541 3376 4598 ”αύτοῦ
3445 4541 3689 4621 ἀνέτρεπε
3733 4542 3906 4615 δόγμσυ

2395 4619 2484 4665 καί
2516 4615 2819 4668 Ἐπιστολαὶ
2849 4619 2922 4687 μ’.

2394 4704 2719 4775 ’Δνεγνῶσθη
2751 4713 2842 4757 τοῦ
2881 4705 3041 4758 αὐτοῦ
3072 4702 3368 4769 δυσσεϐοῦς
3400 4707 3665 4775 Εὐνομίου
3701 4704 3907 4778 βιϐλίον,

2323 4791 2369 4844 ἓν
2419 4792 2586 4864 λόγοις
2633 4800 2824 4866 τρισὶν,
2853 4798 2921 4856 ὡς
2969 4792 3126 4855 δῆθεν
3163 4804 3259 4847 τῶν
3304 4794 3757 4870 ἀποδεδειγμένων
3794 4794 3913 4846 κατά

2321 4889 2412 4943 τῆς
2481 4881 2820 4956 βλασφημίας
2876 4884 3032 4936 αύτοῦ
3082 4893 3154 4955 τῷ
3208 4887 3322 4955 θείῳ
3394 4886 3651 4957 Βασιλείῳ
3724 4884 3911 4937 ἀτόπων

2320 4972 2547 5041 ἴλεγχος.
2581 4974 2787 5030 Ταύτην
2836 4978 2928 5031 τὴν
2984 4973 3163 5046 βίϐλον
3210 4971 3466 5027 ὠδίνοντα
3524 4975 3720 5038 πολλάς
3771 4992 3912 5046 φασιν

1912 5110 2143 5166 VARI/{ﬂ
2185 5114 2580 5170 LECTIONES.

554 5293 587 5345 2
619 5222 753 5362 ι’χέῗ

758 5229 897 5316 ﬂia:
1014 5227 1426 5316 Αεᾌκίᾶρ-ηταιὶς,
1460 5299 1473 5316 1
1512 5229 1871 5316 ἣΔομξτιρινοῦ
1898 5254 1997 5316 5-.“
2032 5236 2053 5269 ⁷
2086 5235 2200 5289 ἔστι
2230 5240 2276 5293 Α
2309 5254 2321 5293 :
2352 5234 2412 5316 δέ
2443 5238 2557 5316 ἐστι
2580 5260 2643 5316 Ξ.
2682 5312 2696 5316 _
2723 5240 2748 5316 37
2779 5243 2910 5316 post
2940 5239 3195 5316 ἕπιγραφὴ
3232 5242 3451 5299 lacuna
3483 5242 3545 5300 in
3569 5244 3617 5299 Α
3649 5256 3910 5300 versuum

773 5295 832 5350 in
860 5296 898 5349 C
919 5295 1247 5352 litterarum
1289 5301 1351 5354 t3
1386 5299 1479 5356 vel
1508 5303 1589 5356 14.
1629 5295 1638 5302 ’
1670 5304 1689 5336 ο
1725 5295 1923 5379 ὥσπερ]
1960 5305 2049 5362 Ps.
2083 5324 2336 5375 cxxxvu,
2364 5314 2418 5365 9.
2498 5311 2545 5346 ¹⁰
2571 5295 2813 5374 ἁληθιίοίς
2834 5295 2932 5367 7A.:
2965 5295 3191 5377 πίᾶεὼξ

2126 5432 2353 5487 NOT/E.

629 5541 743 5616 (26)
781 5542 995 5616 Suidas
1021 5544 1451 5616 inspiciendus.

773 5614 955 5703 Cnujus
982 5614 1622 5703 exstant‘Progyrnnas.
1653 5624 1962 5684 etFabulw
1988 5625 2209 5684 Graeco-

561 5685 668 5743 lat.
704 5686 768 5743 in
792 5685 1093 5747 Germana
1117 5685 1373 5748 edit.ubi
1396 5685 1596 5765 plura.

2386 5556 2499 5633 (2_8)
2531 5558 2616 5633 An
2643 5557 2739 5614 hic
2768 5556 2865 5633 ille
2907 5560 3082 5633 Arab.
3116 5576 3297 5633 quem
3330 5560 3766 5617 ἀντισοκεσεῦσαι
3797 5560 3912 5618 ulti-

2317 5644 2418 5702 mo
2438 5628 2685 5702 legimus
2705 5630 2872 5702 apud
2902 5628 3152 5689 Suidam
3181 5632 3208 5688 ?

2390 5700 2503 5773 (29)
2538 5701 2677 5759 Vide
2708 5700 2871 5761 sum.
