4136 6216
220 282 324 338 417

226 406 382 458 αύτὸν
440 404 564 458 ἑτῶν
619 402 991 477 Ὀλυμπιάδας
1059 404 1404 476 κατατρῖψαι,

226 495 410 547 ἑαυτὸν
465 497 864 567 καθειργνύντα,
910 500 999 547 xui
1050 494 1331 567 λαθραίαις
1380 493 1556 566 μίξεσι
1586 496 1640 547 τὸ
1683 512 1839 552 πονη-

224 588 311 656 ρὸν
345 583 507 636 έκεῖνο
534 588 683 657 τέρας
727 587 921 637 κύοντα
951 584 1105 646 μ6)ις
1163 583 1236 644 εἰς
1302 592 1401 655 φῶς
1450 579 1523 635 δι’
1573 581 1695 634 ἐτῶν
1746 580 1840 653 ἁμ-

226 670 541 748 ελωθρίδιον
602 672 880 747 ἐκτρῶσαι,
946 674 1152 727 θάλπειν
1200 692 1253 726 τε
1296 670 1503 735 ἐκεῖθεν,
1558 676 1647 724 καὶ
1698 670 1841 743 μόλις

226 768 314 816 xui
346 763 524 824 αὐτοῖς
554 769 664 824 τοῖς
719 767 1062 837 συμμύσταις
1109 760 1461 815 ἐπιδεικνύναι
1527 763 1585 812 τό
1638 763 1837 832 κύημα,

229 849 448 905 δεδιότα
486 853 725 924 μάλιστα
775 858 847 925 μή
906 872 1015 913 πως
1071 858 1162 904 xui
1210 851 1335 903 αύτό
1402 857 1515 913 ταῖς
1574 849 1839 902 Βασιλείου

230 946 389 1013 χερσὶ
418 945 703 1015 περιπεσὸν
754 943 797 978 ¹¹
832 948 954 1015 πρὶν
1013 942 1042 999 ἢ
1086 940 1243 1003 πῆξιν
1304 938 1476 991 λαϐεῖν
1526 935 1836 1009 διασπασθῇ

228 1036 318 1083 καὶ
391 1034 488 1103 πρὸ
543 1039 637 1083 τού
694 1030 922 1089 ἀνθῆσαι
996 1030 1225 1103 ξηρανθῆ
1308 1030 1477 1100 ἄωρον
1526 1027 1837 1100 ἀποφθαρέν.

226 1126 409 1194 Διόπερ
441 1119 695 1192 ἐπιμελῶς
762 1124 853 1171 καὶ
913 1122 1086 1193 ὥσπερ
1145 1120 1171 1170 ό
1227 1126 1319 1170 τοῦ
1365 1122 1559 1191 Κρόνου
1591 1118 1754 1188 μῦθος
1783 1119 1840 1167 τό

222 1216 454 1280 γέννημα
508 1214 779 1261 καταπιὼν
861 1212 1079 1283 ἔκρυπτε
1158 1226 1212 1260 τε
1304 1210 1395 1257 καὶ
1468 1205 1835 1269 συνεκάλυπτε,

220 1304 415 1370 μέχρις
446 1298 510 1350 ἂν
547 1300 577 1355 ἡ
613 1298 886 1351 Βασιλείου
956 1301 1061 1360 ζωη
1127 1304 1200 1367 τῷ
1247 1294 1483 1369 ἔπικήρῳ
1539 1314 1843 1365 τταρατεινο⁹

219 1392 345 1460 μένη
390 1386 500 1460 βίῳ
543 1391 632 1440 τόν
700 1387 855 1459 φόϐον
912 1385 1153 1439 έπέσειεν.
1214 1385 1355 1438 Ἐπεὶ
1404 1380 1463 1436 δε
1492 1384 1517 1435 ὁ
1549 1384 1679 1445 θεῖος
1717 1382 1841 1435 ἐκεῖ-

217 1496 301 1538 νος
381 1476 516 1549 ἀνὴρ
572 1481 665 1535 την
750 1480 1031 1548 παροικίαν
1077 1474 1240 1526 λιπὼν
1273 1473 1348 1535 εἰς
1390 1476 1475 1525 τόν
1523 1472 1708 1525 οἰκεῖον
1756 1477 1845 1523 καὶ

216 1566 459 1637 οὐράνιον
491 1566 680 1639 κλῆρον
723 1562 1004 1637 ἀνέδραμε,
1055 1571 1148 1615 τοῦ
1194 1562 1383 1615 πολλοῦ
1423 1561 1664 1623 λυθέντος
1696 1558 1844 1622 δέους

220 1654 315 1724 ὀψε
350 1656 399 1690 ¹¹
452 1662 548 1706 τοῦ
602 1662 809 1727 καιροῦ,
864 1650 1199 1724 δημοσιεύειν
1233 1654 1277 1688 ³³
1331 1648 1453 1704 ούδε
1503 1654 1616 1703 τότε
1660 1657 1842 1714 πᾶσιν,

217 1742 346 1794 ἀλλὰ
384 1751 503 1804 τοῖς
534 1742 702 1814 φίλοις
743 1741 1046 1816 ὶθάρῥησεν.
1096 1740 1165 1793 Ὦ.
1208 1746 1576 1813 περιτυχόντες
1634 1736 1847 1792 Θεόδω-

212 1851 297 1903 ρος
325 1838 420 1884 xui
475 1837 759 1907 Γρηγόριος
805 1834 1024 1891 Νύσσης
1076 1835 1168 1882 καὶ
1224 1834 1525 1904 Σωφρόνιος,
1575 1830 1643 1880 ὧν
1696 1830 1845 1901 ἐμνή-

216 1924 417 1992 σθημεν
457 1922 676 1985 ἀνωθεν,
726 1919 938 1979 πολλαῖς
995 1919 1205 1980 αἰκίαις
1272 1918 1436 1990 λόγων
1485 1917 1846 1989 λωϐησάμενοι

212 2010 368 2064 ούδέν
401 2013 564 2069 ἧττον
598 2019 688 2063 τοῦ
741 2015 994 2084 προτέρου
1054 2012 1229 2083 νεκρόν
1270 2014 1360 2060 καὶ
1416 2011 1590 2069 πάσης
1648 2006 1843 2068 ἁπόζον

214 2100 555 2172 ἀκαθαρσίας
636 2108 707 2169 τῷ
792 2103 1116 2169 γεγεννηκότι
1196 2096 1509 2171 ἀπέρριψαν.
1594 2099 1671 2152 Τὰ
1752 2100 1841 2168 μὲν

221 2184 309 2240 οὖν
343 2196 438 2248 τῆς
464 2186 705 2247 ἀσεϐείας
736 2188 900 2246 ούτως
950 2184 1110 2239 ἔδωκε
1159 2182 1335 2251 δίκην,
1388 2188 1413 2237 ό
1454 2182 1512 2238 δὲ
1557 2193 1650 2237 τοῦ
1681 2185 1838 2256 λόγου

212 2282 506 2351 χαρακτὴρ
540 2279 760 2351 χάριτος
785 2278 873 2347 μὲν
918 2281 1007 2328 καὶ
1056 2272 1257 2336 ἡδονῆς
1308 2270 1422 2326 οὐδ’
1468 2278 1510 2327 εἴ
1565 2294 1644 2335 τις
1696 2277 1836 2326 ἔστιν

214 2365 330 2420 οὐδ’
369 2368 418 2402 ¹⁴
452 2366 608 2437 ἐγγύς
639 2370 817 2436 γέγονε
871 2372 960 2416 τοῦ
995 2361 1204 2427 εἰδέναι,
1265 2370 1466 2436 κόμπον
1504 2359 1563 2415 δέ
1614 2383 1730 2414 τινα
1758 2382 1831 2415 τε·

212 2452 434 2529 μιτώδη
481 2460 570 2507 καὶ
624 2451 871 2525 δύσηχον
926 2450 1061 2525 ἦχον
1116 2454 1462 2525 φιλοτιμεῖται
1510 2451 1692 2524 ψοφεῖν
1737 2460 1832 2503 τῶν

212 2565 269 2598 τε
297 2553 594 2617 συμφώνων
624 2551 686 2615 τῇ
736 2541 1022 2613 ἐπαλληλίᾳ
1079 2542 1211 2615 [316
1256 2542 1349 2614 3.]
1379 2546 1467 2593 xui
1525 2550 1623 2593 τῶν
1653 2540 1830 2602 λέξεων

213 2641 333 2695 ταῖς
367 2630 793 2704 δυσεκφράστοις
823 2635 907 2682 xui
934 2631 1375 2703 πολυσυμφὼνοις
1422 2635 1510 2682 καὶ
1558 2638 1650 2682 τοῦ
1680 2649 1830 2687 ποιη-

212 2731 367 2775 τικοῦ
413 2724 602 2783 τύπου,
666 2721 695 2778 ἦ
757 2719 945 2793 μᾶλλον
1032 2719 1402 2795 ἀκριϐέστερον
1500 2720 1676 2791 εἰπεῖν,
1740 2726 1830 2771 τοῦ

214 2806 617 2885 διθυραμϐικοῦ
650 2806 828 2871 εἴδους
853 2813 1269 2881 τυγχανούσαις.
1327 2811 1559 2867 Συνθήκη
1610 2828 1663 2861 τε
1694 2808 1830 2879 αύτῷ

211 2899 593 2972 ἑκϐεϐιασμένη
654 2904 743 2951 xui
798 2904 1221 2971 συμπεπιεσμένη
1285 2904 1373 2951 καὶ
1450 2902 1711 2969 ἔκκροτος,
1768 2900 1832 2959 ὡς

214 2988 454 3059 bri-[xm
496 2985 626 3041 εἶναι
672 2996 743 3059 τῷ
802 2988 1210 3059 ἀναγινώσκοντι
1261 2991 1326 3040 τὰ
1386 2987 1576 3041 ἐκείνου
1626 2991 1831 3040 τύπτειν

214 3076 463 3150 σφοδρῶς
514 3081 603 3129 τόν
662 3076 786 3150 ἀέρα
824 3084 932 3139 τοῖς
991 3078 1248 3149 χείλεσιν,
1308 3077 1350 3130 εἰ
1406 3077 1575 3149 μελλοι
1635 3069 1901 3149 τρανστ)ςο

213 3168 563 3239 ἀπαγγέλλειν
602 3167 637 3218 ἃ
695 3170 1089 3241 περιτραχύνων
1133 3169 1180 3203 ³⁵
1212 3171 1301 3219 καὶ
1344 3171 1647 3240 συστρέφων
1717 3186 1831 3217 συν-

211 3256 413 3312 θλίϐων
477 3276 532 3308 τε
626 3262 717 3307 καὶ
794 3255 1163 3330 παρεμϐάλλων
1270 3260 1360 3307 καὶ
1427 3254 1834 3328 ἀκρωτηριάξων

209 3348 417 3406 ἐκεῖνος
453 3346 599 3419 μόλις
668 3351 963 3402 συνέταττε.
1023 3346 1237 3418 Μακραί
1291 3364 1343 3397 τε
1382 3346 1540 3397 ἐνίοτε
1589 3345 1659 3404 εἰς
1716 3343 1836 3417 ἁμε-

205 3442 365 3508 τρίαν
420 3432 657 3507 περίοδοι
723 3434 1092 3507 ἐκτεινόμεναι,
1187 3439 1275 3486 καὶ
1336 3437 1393 3485 τό
1477 3438 1738 3485 σκοτεινόν
1784 3453 1836 3486 τε

210 3532 304 3578 καὶ
360 3522 561 3582 ἄδηλον
607 3522 679 3577 δι’
731 3524 849 3576 ὅλου
900 3527 1184 3595 κεχυμένον
1243 3531 1334 3575 τοῦ
1398 3525 1833 3598 συγγράμματος,

213 3618 301 3666 ἶνα
359 3611 494 3686 δοκῇ
554 3632 609 3666 τε
656 3621 761 3674 τοῖς
814 3613 1015 3673 πολλοῖς
1063 3610 1281 3685 δυνάμει
1326 3609 1617 3673 δεινότητος
1664 3611 1838 3685 ἐκφεύ-

210 3724 327 3775 γειν
386 3703 555 3755 αὐτῶν
606 3708 701 3761 τὴν
766 3701 1083 3773 κατάληψιν,
1128 3708 1217 3754 xui
1290 3704 1409 3754 ὅσον
1476 3700 1682 3762 ἀσθενὲς
1737 3710 1837 3753 τῶν

214 3796 509 3850 νοηθέντων
538 3794 655 3862 (καὶ
712 3794 814 3865 γάρ
864 3790 973 3844 ἐστι
1026 3790 1180 3861 πολύ)
1212 3798 1283 3862 τῷ
1341 3790 1533 3862 ἀσαφεῖ
1574 3796 1663 3843 xui
1701 3787 1837 3844 δυσ-

214 3881 541 3950 καταλήπτῳ
601 3878 923 3940 ἕπισκιάζειν
975 3883 1078 3952 ἔχῃ
1135 3880 1260 3950 [168
1318 3879 1414 3951 Η.]
1463 3885 1552 3931 xui
1594 3882 1837 3953 κρύπτειν

216 3977 318 4030 τῆς
353 3964 592 4026 διανοίας
632 3970 700 4018 τὰ
758 3966 1169 4041 ἀρρωστήματα.
1218 3974 1365 4020 Δοκεῖ
1395 3965 1454 4020 δε
1484 3972 1572 4019 καὶ
1602 3974 1713 4028 ταῖς
1759 3968 1841 4020 λο-

217 4065 402 4129 γικαῖς
480 4052 840 4131 ἱπερείδεσθαι
901 4053 1166 4127 μεθόδοις,
1225 4056 1409 4116 οῖλλους
1462 4074 1515 4107 τε
1572 4052 1838 4130 διασύρων

221 4149 306 4201 ἐπὶ
364 4150 551 4217 τούτῳ,
607 4150 698 4197 καὶ
738 4144 896 4207 αὐτὸς
946 4147 1366 4218 προθυμούμενος
1419 4146 1509 4216 μὲν
1541 4142 1839 4217 ἀποκεχρῆ-

222 4241 353 4291 σθαι
394 4240 601 4295 τούτοις
656 4237 737 4287 ὅτι
788 4235 1037 4305 μάλιστα,
1072 4234 1334 4306 ὀψιμαθὴς
1385 4230 1444 4286 δε
1501 4232 1593 4285 κάν
1637 4236 1837 4296 τούτοις

219 4334 310 4379 καὶ
360 4323 480 4378 οὐδ’
521 4325 589 4385 εἰς
639 4328 697 4375 τό
752 4322 916 4396 βαθος
955 4324 1119 4375 αὐτῶν
1148 4323 1303 4377 ἐλθὼν
1361 4324 1408 4374 έν
1461 4322 1663 4383 πολλοῖς
1720 4323 1840 4375 πολ-

1264 277 1752 335 BIBLIOTHECA.
1803 306 1872 319 —
1910 274 2124 333 CODD.
2162 275 2744 337 CXXXII-CXXXVIII.

1489 403 1536 455 ἓν
1620 403 1838 475 οἰκίσκῳ
1868 406 1913 458 Α
1949 403 2403 469 riendo,multas
2425 420 2562 460 eum
2603 420 2902 460 annorum
2927 400 3319 475 Olympiadas
3337 404 3605 462 aedicula:

3503 276 3610 335 418

1950 490 2247 548 inclusum
2277 509 2403 548 suae
2425 493 2847 564 absumpsisse
2869 492 3062 548 ferunt
3093 508 3107 559 ;
3138 507 3209 547 ac
3228 494 3327 548 vix
3360 494 3602 549 tandem

1951 586 2084 651 post
2115 579 2438 636 multorum
2471 597 2770 637 annorum
2814 580 3213 645 intervallum,
3252 580 3605 639 abortiendo

1949 668 2286 741 improbum
2316 670 2484 725 illum
2505 687 2575 727 ac
2594 670 3443 742 prodigiosum,queml’urtivis
3458 687 3605 728 con-

1951 758 2249 827 gressibus
2306 766 2681 831 conceperat,
2717 760 2899 816 latum
2951 760 3012 814 in
3080 760 3275 815 lucem
3336 760 3601 831 ejecisse.

1951 848 2102 912 Quin
2134 853 2272 902 tunc
2314 848 2489 903 etiam
2539 850 2827 904 miserum
2879 847 2992 903 illic
3048 847 3304 904 fovendo
3344 854 3601 919 partum,

1951 936 2093 1007 ipsis
2117 952 2358 1009 quoque
2389 942 2560 992 sectas
2586 936 2820 993 asseclis
2854 953 2972 992 non
3002 943 3222 993 temere
3240 937 3604 1007 exhibuisse,

1951 1026 2205 1081 veritum
2233 1025 2504 1082 nimirum
2535 1027 2816 1091 maxime,
2865 1026 3185 1098 nequando
3228 1032 3283 1083 et
3306 1027 3422 1084 hoc
3455 1044 3610 1100 opus

1952 1115 2010 1169 in
2056 1115 2248 1170 Basilii
2280 1131 2496 1171 manus
2522 1115 2686 1187 prius
2712 1115 2971 1181 veniens,
3012 1132 3199 1187 quam
3233 1117 3606 1185 coalesceret,

1951 1204 2360 1275 dissiparetur,
2434 1209 2491 1259 et
2544 1209 2874 1275 antequam
2923 1204 3177 1272 ﬂoreret,
3246 1213 3607 1277 praemature

1952 1298 2301 1364 corruptum
2332 1298 2743 1349 marcesceret.
2772 1294 2952 1363 Igitur
2981 1294 3264 1361 studiose,
3285 1295 3441 1351 velut
3461 1295 3608 1353 alter

1954 1382 2012 1436 in
2046 1381 2263 1437 fabulis
2308 1383 2623 1448 Saturnus,
2648 1387 2857 1438 natum
2888 1383 3238 1439 devorando
3264 1382 3402 1439 texit
3426 1390 3607 1456 atque

1953 1469 2288 1535 abscondit,
2322 1471 2586 1540 quandiu
2619 1470 2865 1542 quidem
2920 1471 3169 1526 Basilius
3209 1472 3269 1526 in
3299 1472 3463 1528 ﬂuxa
3495 1473 3607 1530 ista

1954 1558 2074 1613 vita
2097 1557 2322 1629 degens
2362 1565 2590 1614 metum
2630 1558 2938 1616 incuteret.
2983 1563 3305 1633 Postquam
3346 1577 3485 1617 vero
3518 1563 3607 1617 vir

1956 1645 2053 1701 ille
2083 1646 2337 1715 divinus,
2366 1647 2681 1719 peregrina
2696 1646 3064 1703 habitatione
3087 1649 3373 1714 relicta,in
3404 1667 3601 1718 suam,

1885 1770 1925 1824 Β
1957 1736 2068 1791 hoc
2099 1742 2207 1802 est,
2241 1737 2299 1792 in
2328 1736 2623 1792 ccelestem
2657 1737 3073 1807 commigravit
3103 1738 3527 1805 hwreditatem,
3550 1745 3606 1795 et

1955 1824 2182 1893 ingenti
2210 1825 2308 1880 illo
2338 1832 2497 1881 metu
2522 1826 2811 1892 discusso,
2845 1826 2939 1881 vix
2963 1826 3198 1882 tandem
3232 1842 3364 1884 sero
3389 1828 3605 1884 edendi

1955 1914 2192 1970 advenit
2217 1916 2474 1977 occasio,
2492 1920 2712 1970 netunc
2738 1916 2983 1987 quidem
2997 1915 3300 1981 omnibus,
3334 1919 3437 1972 sed
3460 1918 3606 1973 ami-

1952 2002 2035 2058 cis
2064 2002 2355 2059 duntaxat
2374 2002 2697 2077 [evulgare]
2723 2021 2908 2059 ausus
2934 2004 3115 2059 est.ln
3145 2020 3325 2077 quem
3345 2006 3607 2061 inciden-

1953 2097 2037 2148 tes
2089 2091 2436 2148 Theodorus
2490 2092 2606 2163 (30)
2633 2098 2689 2147 et
2727 2092 3042 2162 Gregorius
3068 2096 3389 2165 Nyssenus,
3420 2101 3600 2168 atque

1952 2182 2319 2253 Sophronius
2368 2182 2647 2253 (quorum
2680 2197 2865 2253 supra
2917 2182 3030 2253 (3t)
3062 2186 3152 2237 est
3179 2198 3215 2238 a
3258 2199 3353 2239 me
3394 2183 3602 2241 habita

1949 2270 2208 2340 mentio),
2241 2270 2441 2326 multis
2469 2270 2787 2326 verborum
2828 2269 3041 2341 plagis,
3070 2286 3192 2326 non
3222 2288 3393 2328 secus
3414 2289 3600 2344 quam

1945 2358 2195 2429 priorem
2233 2358 2427 2432 [illum
2476 2358 2750 2429 ejusdem
2805 2358 3080 2431 libellum]
3117 2359 3382 2425 Basilius,
3420 2361 3601 2417 conﬁ-

1943 2448 2545 2520 cientes,jugulatum
2573 2448 2702 2517 jam
2729 2452 2783 2502 et
2824 2463 2946 2517 prae
2977 2447 3316 2519 impuritate
3343 2448 3594 2515 olidum,

1943 2534 2002 2591 in
2029 2544 2329 2593 auctorem
2360 2553 2538 2592 suum
2566 2536 2964 2606 conjecerunt.
2989 2539 3097 2591 Has
3120 2536 3320 2608 itaque
3343 2544 3468 2591 tum
3491 2538 3598 2594 im-

1945 2629 2130 2700 pietas
2158 2640 2369 2698 pcnnas
2395 2624 2575 2679 dedit.
2608 2623 2695 2677 Ad
2724 2623 2941 2693 stylum
2997 2624 3162 2695 quod
3192 2624 3417 2690 attinet,
3471 2631 3597 2679 tan-

1942 2723 2069 2774 tum
2100 2715 2149 2770 is
2180 2714 2257 2770 ab
2283 2713 2446 2769 omni
2494 2718 2549 2768 et
2588 2711 2781 2782 gratia
2805 2716 2861 2765 et
2903 2712 3272 2782 jucunditate
3327 2716 3596 2768 remotus

1942 2812 2048 2874 est,
2074 2810 2135 2860 ut
2173 2820 2247 2859 ne
2272 2801 2624 2871 cognovisse
2652 2799 2908 2872 quidem,
2936 2816 3014 2855 an
3061 2800 3175 2856 tale
3214 2801 3353 2872 quid
3402 2806 3593 2857 exsta-

1942 2901 2047 2959 ret,
2107 2893 2398 2948 videatur.
2432 2890 2784 2945 Jactantiam
2813 2889 3234 2945 tantummodo
3262 2890 3595 2961 quamdam

1943 2982 2284 3057 prodigiose
2314 2978 3264 3050 ostentat,sonumquedissonum
3290 2978 3596 3035 stridendo

1944 3074 2117 3129 edere
2143 3069 2527 3135 aﬁ'ectat,tum
2558 3069 3019 3122 consonantium
3051 3066 3279 3123 alterna
3307 3068 3597 3123 vicissitu-

1943 3162 2103 3227 dine,
2132 3164 2261 3214 tum
2294 3157 2543 3213 vocibus
2573 3155 2959 3229 pronuntiatu
2989 3154 3354 3223 difﬁcilibus,
3375 3163 3432 3214 et
3459 3174 3597 3230 quia

1948 3250 2145 3307 multis
2194 3247 2506 3305 abundent
2564 3243 3032 3301 consonantibus
3085 3259 3098 3310 ;
3160 3244 3338 3317 idque
3368 3246 3602 3318 poetico

1948 3355 2132 3403 more,
2166 3341 2279 3401 vel,
2333 3340 2397 3391 ut
2429 3335 2624 3390 verius
2653 3333 2873 3399 dicam,
2908 3332 3351 3404 dithyrambico
3410 3335 3602 3405 potius

1945 3430 2083 3485 ritu.
2109 3424 2473 3497 Compositio
2504 3424 2689 3495 ipsius
2716 3428 2925 3478 coacta
2942 3427 3049 3491 est,
3076 3426 3132 3478 et
3154 3424 3209 3478 vi
3231 3438 3600 3495 compressa,

1946 3518 2107 3591 98a
2131 3522 2307 3587 atque
2333 3518 2560 3576 extusa,
2593 3514 2657 3567 ut
2686 3526 2929 3566 necesse
2954 3509 3169 3566 habeat
3192 3510 3348 3567 illius
3382 3513 3603 3584 scripta

1944 3608 2380 3677 legens,aerem
2400 3602 2779 3657 vehementer
2802 3599 2979 3654 labiis
3004 3598 3330 3666 verberare,
3349 3601 3393 3655 si
3415 3601 3600 3658 modo

1947 3700 2144 3768 aperte
2178 3690 2561 3765 pronuntiare
2580 3687 2733 3752 velit,
2750 3702 2885 3758 qum
2900 3686 3039 3742 forte
3054 3687 3406 3742 nanciscens
3419 3694 3599 3759 atque

1948 3789 2374 3853 contorquens,
2407 3784 2508 3833 aut
2532 3775 2815 3831 collidens
2838 3776 3039 3839 etiam,
3072 3790 3143 3830 ac
3174 3779 3392 3830 temere
3423 3775 3598 3832 inter-

1941 3872 2178 3945 jiciens,
2209 3869 2331 3923 imo
2363 3871 2418 3922 et
2442 3871 2744 3930 truncans,
2769 3864 2865 3918 vix
2882 3864 3127 3919 tandem
3151 3862 3251 3918 ille
3269 3864 3595 3934 conjunxit.

1951 3966 2184 4030 Longas
2215 3972 2456 4031 quoque
2494 3953 2791 4010 interdum
2818 3958 2875 4008 et
2902 3952 3223 4009 immodice
3281 3953 3598 4025 productas

1948 4048 2227 4126 periodos
2256 4045 2396 4101 facit
2430 4059 2441 4097 :
2479 4041 2900 4098 obscuritatem
2931 4041 3175 4113 insuper
3205 4046 3383 4113 atque
3414 4042 3600 4099 incer-

1950 4138 2264 4195 titudinem
2295 4149 2400 4206 per
2419 4147 2597 4188 omne
2618 4146 2766 4201 opus
2796 4128 3140 4196 otfundens,
3161 4145 3299 4186 cum
3330 4135 3396 4186 ut
3422 4130 3599 4202 vulgo

1950 4229 2217 4284 videatur
2242 4224 2373 4296 ipsa
2396 4236 2518 4277 sure
2566 4218 2917 4291 eloquentia;
2946 4220 3002 4272 vi
3029 4234 3239 4275 eorum
3287 4218 3463 4289 longe
3503 4234 3601 4275 ca-

1953 4322 2120 4391 ptum
2148 4313 2461 4375 excedere;
2493 4311 2619 4362 tum
2650 4312 2729 4373 ut,
2760 4305 2916 4379 quod
2945 4308 3003 4361 in
3036 4307 3165 4378 ejus
3192 4309 3383 4364 sensis
3415 4313 3595 4381 atque

220 4417 372 4477 λάιις
412 4395 769 4485 ῡηχόμινος.
1870 4415 1915 4469 D
1952 4405 2222 4477 cogitatis
2239 4397 2602 4457 imbecillum
2625 4401 2716 4453 est
2736 4396 2823 4468 (ut
2841 4400 2927 4451 est
2952 4411 3091 4485 sane
3117 4395 3465 4471 plurimum)
3484 4398 3598 4455 hac

220 4506 356 4576 ipsa
385 4484 776 4567 obscuritate,
810 4501 1241 4572 etintelligendi
1269 4500 1613 4556 difﬁcultate
1641 4500 1942 4573 obtegere,
1976 4493 2403 4563 sententiaque
2432 4488 2624 4544 celare
2654 4486 2863 4576 vitium
2878 4484 3085 4576 possit.
3116 4485 3352 4576 Videtur
3378 4503 3514 4576 vero
3541 4492 3597 4544 et

219 4573 432 4666 logicis
466 4591 645 4647 inniti
671 4590 1059 4663 argumentis,
1091 4589 1235 4646 dum
1262 4589 1480 4662 partim
1512 4588 1661 4645 alios
1686 4588 1801 4646 hoc
1822 4590 2067 4648 nomine
2098 4583 2441 4645 insectatur,
2469 4576 2684 4648 partim
2718 4575 2847 4646 ipse
2878 4573 3266 4666 libentissime
3288 4574 3365 4666 iis
3396 4575 3597 4641 utitur,

221 4662 453 4739 tametsi
478 4662 819 4752 frequenter
852 4682 1013 4751 (cum
1046 4694 1177 4736 sero
1202 4682 1308 4735 hoc
1333 4677 1598 4736 studium
1625 4679 1962 4754 arripuerit.
1987 4689 2182 4748 neque
2210 4670 2286 4727 ad
2336 4668 2466 4740 ejus
2487 4666 2698 4722 intima
2730 4664 3078 4736 penetrarit)
3109 4663 3172 4719 in
3200 4662 3402 4719 multis
3436 4679 3597 4737 saape

223 4771 439 4828 merito
469 4769 689 4825 erroris
718 4774 971 4825 notatur.

295 4860 730 4931 ’Δνεγνώσθησαν
793 4855 850 4910 δὲ
909 4862 993 4911 xui
1073 4856 1376 4914 Ἐπιστολαὶ
1472 4856 1630 4909 αὐτοῦ
1704 4860 1834 4930 πρὸς

220 4949 537 5023 διαφόρους,
569 4952 731 5021 μέχρι
787 4949 1189 5020 τεσσαράκοντα.
1226 4947 1385 5001 Ἀλλὰ
1414 4950 1502 4998 xui
1547 4945 1594 4998 ἐν
1626 4949 1835 5008 ταύταις

218 5046 277 5091 τὸ
309 5040 443 5091 αὐτὸ
501 5046 604 5089 τῶν
653 5036 816 5107 λόγων
878 5033 1016 5099 εἶδος
1066 5037 1412 5108 λεπτουργῶν,
1458 5034 1717 5096 παντελῶς
1740 5044 1832 5089 τοῦ

220 5137 322 5181 τῶν
383 5126 671 5180 ἐπιστολῶν
728 5134 1070 5201 χαρακτῆρος
1115 5123 1239 5180 ούδε
1290 5129 1410 5188 τούς
1439 5129 1627 5197 νόμους
1671 5123 1832 5178 ἁκού-

1580 5250 1809 5304 VARI/ﬁ
1848 5243 2251 5302 LECTIONES.

297 5382 344 5415 ¹¹
375 5384 599 5452 ἒμπισόν
623 5398 678 5443 ς.
759 5380 805 5413 ¹²
833 5376 927 5448 ὀψέ
956 5380 994 5430 Α
1032 5396 1044 5432 :
1078 5379 1159 5429 ὅτε
1210 5398 1264 5441 ς.
1344 5378 1389 5411 ¹³
1441 5372 1775 5448 δημοσιεύειν
1807 5375 1851 5427 Α
1898 5373 1992 5427 ετὸ
2023 5366 2357 5441 δημοσιεύειν
2387 5362 2623 5433 ὑπῆρχεν
2656 5379 2710 5422 ς.
2792 5356 2836 5392 ¹⁴
2887 5356 3138 5414 alterum
3197 5353 3313 5410 οὐδ’
3354 5357 3495 5416 add.
3529 5362 3598 5417 Δ.

226 5454 243 5485 ¹
256 5452 275 5485 ⁵
302 5452 711 5522 περιτυγχάνει-ιν
736 5470 790 5513 ς.

2015 4850 2295 4923 Ejusdem
2310 4859 2552 4918 quoque
2572 4841 2851 4912 Epistolas
2862 4841 2943 4898 ad
2956 4843 3143 4897 varios
3156 4839 3321 4897 lectae
3343 4857 3596 4900 numero

1943 4939 2369 5017 quadraginta.
2402 4938 2471 4988 At
2500 4932 2644 4987 dum
2671 4931 2733 4985 in
2761 4930 2856 4985 his
2886 4930 3026 4985 item
3049 4930 3327 4986 eamdem
3358 4931 3595 4988 dicendi

1942 5032 2202 5089 formam
2216 5022 2511 5082 subtiliter
2522 5018 3143 5091 aﬁectat,quiomnino
3166 5018 3486 5092 epistolicte
3516 5020 3601 5077 di-

1942 5119 2154 5179 ctionis
2186 5131 2295 5173 nec
2320 5114 2479 5184 leges
2501 5108 2812 5167 audiverat
2837 5123 3131 5181 unquam,
3154 5124 3267 5165 nec
3297 5108 3360 5164 in
3388 5108 3598 5166 iisdem

1799 5548 2031 5607 ΝΟΤιΕ.

298 5682 418 5751 {30)
446 5680 853 5737 Antiochenus
885 5679 1163 5754 idemque
1190 5675 1563 5751 Mopsuestia!
1593 5673 1743 5749 epic.
2006 5668 2120 5744 (3t)
2146 5662 2289 5722 Cod.
2308 5661 2361 5727 4,
2379 5660 2433 5726 5.
2458 5663 2511 5717 6.
