4136 6216
530 280 635 338 419

1738 272 1980 330 ΡΗΟΤΙΙ
2020 272 2501 332 ΡΛΤΒΙΑΒΟΗΑΞ
2560 277 2671 336 CP.

3781 290 3891 349 420

532 422 594 461 se
622 409 985 469 exercuerat,
1018 400 1318 473 publicam
1344 415 1453 473 per
1477 415 1547 458 ea
1576 398 1838 457 infamia)
1862 406 2067 457 notam
2090 400 2168 456 in-

2290 422 2385 464 σας
2417 406 2483 467 ¹⁶,
2512 412 2583 477 μή
2618 411 2667 459 τί
2723 428 2783 479 γε
2807 409 2995 481 τριϐεἱς
3038 411 3087 464 ἐν
3143 413 3337 482 αὐτοῖς,
3393 414 3464 476 εἰς
3517 417 3575 467 τὸ
3623 415 3899 474 στηλιτευ-

532 497 729 551 currit.

1216 581 1479 637 CXXXIX.

531 674 706 732 Beati
723 671 1039 729 Athanasii
1068 674 1129 726 in
1158 671 1549 727 Ecclesiasten
1581 675 1629 724 et
1656 668 1899 725 Cantica
1926 666 2179 724 cantico-

1024 759 1153 799 rum
1188 742 1677 799 Commentarius.

604 910 734 979 Legi
756 906 961 977 magni
990 904 1292 961 Athanasii
1320 908 1380 961 in
1426 903 1816 960 Ecclesiasten
1851 909 1904 959 et
1934 901 2179 958 Cantica

528 1000 887 1056 canticorum
934 995 1450 1051 Commentarium.
1499 992 1759 1049 Dilucide
1808 991 1966 1055 dicit,
2012 995 2076 1046 ut
2118 989 2177 1045 in

529 1088 811 1145 omnibus
840 1086 963 1141 suis
1006 1083 1255 1156 scriptis.
1312 1082 1398 1138 Ad
1430 1097 1631 1137 earnm
1664 1085 1865 1138 tamen
1899 1080 2012 1153 (32)
2053 1079 2175 1151 epi-

530 1178 812 1236 stolarum
848 1176 1102 1246 gratiam
1134 1179 1188 1229 et
1213 1177 1607 1237 venustatem,
1631 1170 1854 1242 quibus
1877 1184 2176 1225 secessum

528 1272 1249 1336 excusatsuum,quaeque
1276 1261 1353 1316 ad
1382 1260 1654 1316 exsilium
1681 1258 1977 1330 pertinent
2000 1272 2178 1328 expo-

527 1356 635 1424 nit,
658 1371 848 1428 neque
874 1354 970 1409 hic
995 1352 1155 1416 liber,
1180 1366 1375 1422 neque
1401 1350 1553 1405 alius
1584 1350 1711 1419 ejus
1754 1348 1882 1419 (qui
1927 1345 2175 1419 quidem

526 1447 585 1503 in
617 1460 783 1502 meas
813 1442 1081 1500 inciderit
1120 1442 1361 1511 manus)
1388 1439 1640 1509 attingit.

1369 1621 1423 1673 llo

1369 1621 1423 1673 L.

844 1710 1121 1783 Ejusdem
1149 1619 1358 1766 conti}:
1398 1707 1610 1763 Arium
1642 1704 1776 1761 libri
1802 1721 1854 1761 v.

600 1872 749 1928 Lecti
802 1876 939 1926 sunt
995 1870 1265 1941 ejusdem
1310 1864 1501 1922 sancti
1565 1864 1669 1919 viri
1712 1869 1920 1919 contra
1972 1861 2174 1917 Arium

523 1963 762 2032 ejusque
781 1960 1050 2030 dogmata
1081 1957 1211 2013 libri
1242 1955 1529 2027 quinque.

597 2049 780 2120 Hujus
810 2048 989 2102 dictio
1021 2045 1352 2117 perspicua,
1378 2047 1442 2097 ut
1471 2048 1526 2096 et
1556 2041 1615 2097 in
1643 2039 1868 2095 caeteris
1898 2039 2025 2111 ejus
2048 2053 2174 2094 om-

524 2138 721 2203 nibus,
745 2136 944 2191 sobria
966 2134 1105 2189 item
1126 2139 1181 2188 et
1198 2129 1922 2200 candida,vebemensque
1940 2144 2009 2182 ac
2041 2143 2172 2198 pro-

524 2226 733 2292 funda,
753 2230 807 2279 et
836 2228 1190 2292 argumenta
1239 2219 1427 2276 valide
1475 2224 1758 2291 torquens
1820 2218 1985 2287 :ejus
2030 2231 2171 2270 vero

529 2314 768 2370 ubertas
800 2313 857 2368 in
883 2311 975 2367 his
1029 2327 1099 2367 ac
1149 2308 1479 2365 fecunditas
1539 2305 1866 2362 admodum
1896 2321 2039 2360 sane
2064 2304 2172 2360 fuit

525 2400 836 2458 mirabilis.
871 2398 1194 2456 Dialecticis
1238 2396 1447 2453 adhaec
1494 2412 1637 2451 usus
1669 2400 1753 2450 est
1781 2393 2165 2464 argumentis,

524 2507 646 2548 non
679 2491 788 2546 illis
830 2490 989 2545 nude
1018 2486 1359 2561 propositis,
1410 2493 1467 2540 et
1494 2485 1765 2557 ipsismet
1810 2500 1883 2538 ex
1935 2498 2007 2537 ea
2045 2487 2169 2538 arte

525 2580 717 2652 petitis
749 2578 994 2635 vocibus
1048 2576 1235 2649 (quod
1276 2575 1439 2647 pueri
1488 2574 1965 2645 recentioresque
1996 2570 2169 2627 disci-

525 2669 664 2741 puli,
706 2668 1044 2741 juveniliter
1089 2682 1218 2721 sese
1250 2681 1320 2720 ac
1368 2663 1621 2735 gloriose
1670 2666 2054 2726 ostentantes,
2079 2676 2167 2716 so-

520 2758 687 2830 lent),
718 2774 926 2814 verum
966 2756 1461 2829 philosophorum
1510 2768 1695 2816 more,
1730 2750 2169 2823 magniﬁcaque

519 2848 786 2920 prolatis,
819 2863 888 2903 ac
937 2861 1041 2918 per
1092 2845 1288 2901 nudas
1318 2844 1606 2897 duntaxat
1636 2841 1930 2910 notiones,
1964 2845 2019 2895 et
2058 2839 2168 2894 bas

520 2938 764 3010 quidem
795 2936 948 2992 bene
970 2940 1237 2989 ornatas.
1264 2934 1454 2989 Sacra:
1475 2945 1717 3003 quoque
1747 2931 2056 3000 Scriptura;
2088 2933 2168 2983 te-

524 3027 818 3083 stimoniis
847 3041 917 3080 ac
948 3024 1105 3096 980
1133 3020 1743 3077 demonstrationibus
1784 3018 1977 3073 valide
2010 3033 2169 3071 com-

521 3119 786 3174 munitur
818 3134 829 3174 :
856 3119 989 3171 etut
1021 3129 1140 3169 uno
1167 3111 1348 3167 verbo
1379 3108 1883 3173 absolvam,solus
1900 3108 1996 3163 hic
2022 3107 2171 3162 liber

520 3207 600 3261 ad
643 3205 1048 3261 Arianismum
1097 3200 1440 3255 universum
1476 3197 1868 3253 refellendum
1899 3195 2169 3251 sufﬁcere

519 3298 853 3367 queat.lmo
882 3292 985 3363 qui
1008 3289 1356 3357 Gregorium
1382 3286 2169 3357 Theologum,sanctumque

519 3383 799 3440 Basilium
849 3379 1065 3435 dixerit
1121 3394 1191 3432 ex
1244 3377 1358 3431 hoc
1399 3382 1686 3446 tanquam
1721 3375 1880 3429 fonte
1924 3374 2167 3429 haustos

522 3471 793 3542 egregios
821 3469 951 3525 illos
982 3474 1037 3524 et
1078 3464 1360 3537 limpidos
1398 3463 1688 3519 librorum
1730 3479 1975 3518 suorum
2008 3463 2166 3518 rivos

522 3565 729 3616 contra
759 3558 1035 3613 eumdem
1066 3569 1328 3611 errorem
1360 3550 1716 3625 profudisse,
1749 3567 1892 3607 sane
1924 3567 1959 3607 a
1982 3566 2167 3623 scopo

519 3648 769 3707 minime
785 3645 1091 3705 aberrarit.

1254 3730 1425 3786 CXLI.

814 3824 1078 3882 Basilius
1090 3822 1341 3892 Magnus
1354 3821 1415 3875 in
1436 3819 1868 3877 Hexaemeron.

592 3917 864 3990 Legimus
897 3916 960 3970 B.
1006 3912 1281 3969 Basilium
1311 3912 1373 3966 in
1416 3926 1551 3979 opus
1603 3925 1703 3966 sex
1750 3910 1979 3965 dierum
2026 3909 2161 3981 (33),

520 4006 650 4081 [seu
680 4007 754 4062 de
786 4004 996 4062 mundi
1022 4002 1288 4073 fabrica].
1325 3999 1863 4057 Praestantissimus
1894 4003 1980 4053 est
2010 4000 2069 4053 in
2092 3998 2164 4053 li-

516 4096 634 4152 bris
664 4095 962 4151 omnibus.
1020 4092 1177 4147 Pura
1220 4091 1379 4146 enim
1438 4089 1709 4155 dictione,
1771 4086 2162 4158 signiﬁcante,

515 4182 1095 4259 propria,etomnino
1110 4179 1267 4237 civili
1283 4196 1350 4235 ac
1367 4176 1806 4250 panegyrica,si
1824 4178 1959 4250 quis
1986 4176 2162 4243 alius,

516 4274 598 4331 uti
630 4270 1452 4343 novit:sensuumqueordine
1478 4284 1547 4323 ac
1579 4267 1832 4339 puritate
1854 4267 2164 4337 primus,et

516 4361 742 4417 nemini
764 4360 1061 4415 secundus
1083 4358 1487 4431 apparetJam
1513 4354 2164 4427 persuadendiquoque

516 4448 1181 4519 vim,acjucunditatem
1213 4461 1349 4502 cum
1367 4445 1777 4517 perspicuitate
1799 4449 2163 4516 amat,atque

517 4539 595 4596 ita
620 4540 747 4611 ejus
772 4537 899 4593 ﬂuit
949 4537 1153 4603 oratio,
1185 4534 1354 4609 quasi
1386 4533 1556 4598 ultro,
1600 4538 1888 4605 tanquam
1943 4549 1973 4588 e
2003 4532 2163 4589 fonte

515 4628 761 4694 rivulus,
806 4626 1133 4685 scaturiret.
1176 4622 1685 4679 Verisimilitudine
1738 4628 1933 4677 autem
1970 4639 2161 4694 usque

514 4734 584 4774 eo
619 4724 705 4774 est
737 4734 898 4784 usus,
958 4720 1022 4771 ut
1060 4715 1105 4770 si
1133 4714 1267 4787 quis
1299 4713 1430 4784 ejus
1475 4727 1783 4767 sermones
1836 4726 1945 4783 pro
1979 4711 2163 4767 civilis

513 4807 799 4864 orationis
821 4804 1095 4878 exemplo
1143 4802 1255 4859 sibi
1284 4801 1683 4874 proposuerit,
1715 4801 1776 4857 in
1808 4802 1992 4874 iisque
2034 4816 2161 4857 sese

514 4896 841 4955 exercuerit
866 4895 1068 4967 (modo
1092 4908 1168 4950 ne
1223 4906 1454 4958 eorum,
1500 4907 1628 4963 quae
1660 4891 1777 4947 huc
1824 4889 2157 4959 conferunt,

2195 4385 2239 4438 D

2289 494 2440 552 θῆναι
2458 493 2712 553 διέπεσεν.

3000 591 3164 645 ΡΛΘ’.

2288 673 2758 755 Ἀθανασίου-τοῦ
2807 680 3031 755 μεγάλου
3104 682 3384 755 ὑπόμνημα
3468 684 3534 744 εἰς
3611 687 3697 737 τὸν

2358 745 2688 806 κλησιαστὴν
2746 745 2833 803 xui
2878 745 2987 815 ἐἰς
3039 757 3103 805 τα
3165 745 3410 827 ’ᾼσματα
3506 765 3604 809 τῶν

2359 836 2474 871 των.

3772 684 3893 738 ,Εκ-

3716 756 3896 829 ᾀσμάο

2360 907 2685 979 Ἀνεγνὼσθη
2720 917 2809 962 τοὺ
2838 914 3065 984 μεγάλου
3096 914 3409 969 Ἀθανασίου
3451 916 3758 992 ’Υπόμνημα
3816 917 3891 980 εἰς

2288 998 2372 1046 τὸν
2406 996 2828 1059 Ἐκκλησιαστήν
2881 1008 2970 1055 καὶ
3025 1003 3096 1065 εἰς
3153 1008 3216 1057 τὰ
3262 1004 3506 1078 ᾊσματα
3552 1015 3650 1058 τῶν
3709 1005 3895 1078 ᾀσμά-

2286 1102 2403 1137 των.
2440 1090 2611 1157 Σαφὴς
2643 1089 2687 1122 ¹⁷
2715 1093 2805 1160 μέν
2837 1088 2998 1158 ἐστιν,
3050 1094 3223 1166 ὥσπερ
3248 1102 3523 1166 πανταχοῦ
3569 1104 3665 1146 τῶν
3719 1094 3891 1166 λόγων

2287 1172 2466 1232 αὐτοῦ,
2497 1175 2562 1236 εἰς
2600 1180 2774 1248 μέντοι
2803 1184 2895 1237 τὴν
2920 1184 3081 1254 χάριν
3138 1187 3221 1234 xui
3253 1187 3309 1235 τὸ
3336 1184 3515 1244 κάλλος
3546 1192 3644 1238 τῶν
3675 1182 3892 1237 ἐπιστο-

2283 1258 2402 1325 λῶν,
2433 1261 2483 1313 αἱ
2515 1268 2607 1322 τὴν
2666 1265 2945 1339 ἀπολογίαν
2993 1270 3132 1341 αὐτῷ
3186 1281 3275 1332 τῆς
3328 1281 3496 1345 φυγῆς
3545 1278 3634 1325 καὶ
3661 1276 3725 1324 τὰ
3764 1278 3892 1347 περὶ

2284 1350 2446 1409 αὐτὴν
2494 1352 2858 1428 ἐξεργάζονται
2935 1360 2999 1426 ¹⁸,
3045 1364 3160 1413 οὔτε
3216 1358 3337 1414 τόδε
3388 1365 3445 1414 τό
3500 1360 3722 1434 βιϐλίον,
3774 1360 3891 1413 ἀλλ’

2286 1439 2547 1497 ούδόἷλλο
2578 1466 2647 1510 τι,
2681 1448 2779 1499 ὅσα
2827 1447 2912 1520 ἐμὲ
2960 1458 3057 1501 τῶν
3102 1450 3263 1503 αὑτοῦ
3322 1446 3533 1517 εἰδέναι,
3582 1448 3731 1504 οὐδὲν
3765 1450 3890 1503 ἀνα-

2288 1538 2490 1605 φέρεται
2523 1537 2588 1588 ¹⁰.

2318 1690 2319 1693 η
3025 1630 3125 1683 ΡΜ’
3134 1670 3146 1683 ,

2220 1698 2258 1752 Β
2438 1719 2541 1766 Τοῦ
2570 1714 2726 1768 αὐτοῦ
2754 1720 2890 1770 κατὰ
2919 1726 3016 1770 τῶν
3043 1720 3367 1794 τοῦμἊρείου
3399 1716 3675 1793 δογμάτων
3705 1721 3734 1777 ἡ

2907 1789 3258 1853 πεντάϐιϐλος.

2358 1874 2682 1946 Ἀνεγνὼσθη
2726 1886 2814 1930 τοῦ
2860 1879 3019 1931 αὐτοῦ
3078 1879 3228 1951 ἁγίου
3284 1882 3311 1938 ἡ
3373 1880 3743 1954 ΚατὰἋρείου
3794 1884 3890 1932 καὶ

2284 1972 2382 2016 τῶν
2414 1966 2572 2017 αὐτοῦ
2608 1964 2882 2039 δογμάτων
2934 1968 3287 2032 πεντάϐιϐλος.
3343 1975 3447 2028 Τὴν
3499 1973 3587 2042 μὲν
3619 1970 3666 2004 ²⁰
3693 1971 3888 2044 φράσιν

2287 2060 2542 2126 σαφήςτέ
2593 2055 2751 2119 ἐστιν⁹
2786 2060 2849 2118 ὡς
2906 2063 2994 2110 καὶ
3050 2058 3098 2110 ἐν
3151 2066 3303 2123 πᾶσι,
3356 2063 3443 2110 καὶ
3492 2056 3753 2133 ἆπέριττος
3793 2063 3887 2111 καὶ

2283 2141 2490 2216 ἀφελὴς.
2550 2142 2745 2218 δριμὺς
2794 2144 2852 2200 δὲ
2905 2149 2949 2183 ²¹
3024 2155 3111 2199 καὶ
3167 2146 3332 2220 βαθὺς
3370 2153 3459 2199 xui
3506 2147 3616 2199 λίαν
3644 2156 3751 2209 τοῖς
3774 2146 3883 2199 ἐπι-

2282 2240 2599 2307 χειρήμασιν
2653 2240 2872 2298 εὔτονος.
2939 2243 3036 2290 Καὶ
3089 2241 3146 2289 τὸ
3191 2243 3401 2310 γόνιμοδ
3460 2234 3518 2289 δε
3566 2236 3733 2297 αὐτοῖς
3763 2236 3887 2294 ἠλί-

3635 2322 3888 2397 μεθοδοις

3293 2419 3338 2452 ³⁸
3415 2416 3600 2470 ἐκεῖθεν
3674 2415 3882 2481 λέξεων,

2280 2342 2368 2376 κον
2419 2327 2538 2376 ὅσον
2586 2330 2675 2378 καὶ
2752 2328 3061 2398 θαυμάσιον.
3142 2333 3389 2399 Λογικαίς
3490 2347 3541 2379 τε

2280 2418 2393 2465 οὔτε
2441 2416 2487 2449 ²²
2555 2424 2764 2487 γυμνὼς
2805 2422 2893 2468 καὶ
2944 2415 3042 2468 ἀπὸ
3120 2426 3217 2468 τῶν

2281 2504 2452 2575 ὧσπερ
2485 2507 2533 2555 οἱ
2582 2501 2764 2566 παῖδες
2817 2511 2905 2557 καὶ
2960 2505 3262 2580 ἁρτιμαθεῖς
3308 2502 3632 2579 μειρακιώδη
3681 2504 3889 2577 φιλοτι-

2280 2596 2402 2661 μίαν
2455 2590 2863 2667 ἐπιδεικνύμενοι
2934 2599 3270 2669 πράττουσιν,
3338 2594 3443 2647 ἀλλ’
3527 2595 3887 2669 ἐμφιλοσόγως

2279 2702 2332 2734 τε
2362 2688 2449 2734 καὶ
2506 2684 2908 2756 μεγαλοπρεπῶς
2974 2690 3063 2738 καὶ
3120 2693 3230 2746 ταῖς
3280 2685 3489 2746 ἐννοίαις
3532 2690 3733 2756 μόναις,
3790 2688 3886 2734 καὶ

2278 2776 2487 2833 ταύταις
2541 2770 3105 2847 διεσχηματισμέναις,
3163 2773 3547 2847 ἀποκέχρηται,
3592 2779 3889 2845 Γραφικαῖς

2280 2881 2333 2914 τε
2362 2868 2675 2935 μαρτυρίαις
2715 2869 2803 2916 καὶ
2858 2861 3186 2927 ἀποδείξεσιν
3221 2864 3289 2926 εἰς
3346 2867 3403 2916 τὸ
3459 2866 3701 2937 καρτερὸν
3754 2880 3883 2912 κατ-

2282 2957 2582 3026 ιυχύρωναι.
2636 2958 2731 3005 Καὶ
2789 2953 2955 3014 ἁπλῶς
3019 2953 3165 3026 ἀρκεῖ
3204 2957 3259 3006 τὸ
3288 2952 3489 3026 βιϐλίον
3534 2960 3684 3005 τοῦτο
3742 2953 3887 3003 κατὰ

2204 3040 2243 3094 C
2281 3046 2454 3103 πάσης
2483 3042 2754 3119 Ἀρειανῆς
2799 3043 3148 3118 παρατάξεως.
3199 3049 3297 3096 Καὶ
3341 3047 3383 3095 εἳ
3440 3062 3518 3104 τις
3571 3044 3655 3093 τόν
3682 3039 3882 3093 Θεολό-

2279 3150 2369 3200 γον
2423 3136 2706 3206 Γρηγὸριον
2782 3139 2868 3183 xui
2930 3136 3015 3183 τὸν
3072 3134 3201 3184 θεῖον
3259 3130 3520 3184 Βασίλειον
3576 3127 3630 3180 ἐκ
3685 3130 3887 3189 ταύτης

2280 3224 2452 3294 ὥσπερ
2509 3224 2607 3275 ἀπὸ
2632 3224 2677 3257 ³⁸
2724 3230 2890 3293 πηγῆς
2938 3221 3295 3293 ἀρυσαμένους
3346 3226 3468 3293 φαίη
3540 3228 3635 3281 τῆς
3690 3218 3885 3291 βίϐλου

2279 3316 2397 3373 τοὺς
2454 3313 2635 3373 καλοὺς
2681 3312 2897 3373 ἐκείνους
2952 3314 3073 3384 [317
3116 3310 3205 3383 8.]
3256 3315 3343 3363 xui
3399 3306 3615 3371 διειδεῖς
3662 3316 3763 3359 τῶν
3811 3308 3883 3359 οὶ-

2278 3406 2424 3453 κείων
2455 3402 2617 3472 λόγων
2660 3405 2794 3454 κατά
2844 3409 2936 3463 τῆς
2993 3401 3182 3460 πλάνης
3226 3401 3410 3475 ρευσαι
3462 3400 3748 3470 ποταμοὺς,
3786 3396 3887 3448 οὐκ

2278 3489 2359 3556 ἂν,
2394 3490 2562 3563 οἶμαι,
2590 3491 2806 3563 σφαλείη
2839 3498 2928 3544 τοῦ
2962 3487 3409 3564 παραδείγματος.

2987 3705 3162 3760 ΡΜΑ’.

2456 3799 2727 3852 Βασιλείου
2752 3805 2843 3849 τοῦ
2872 3796 3094 3870 μεγάλου
3126 3793 3193 3854 εἰς
3221 3797 3315 3852 τὴν
3360 3791 3697 3863 Ἐξαήμερον.

2348 3891 2671 3962 Ἀνεγνὼσθη
2726 3887 2995 3940 Βασιλείου
3050 3892 3140 3937 τοῦ
3210 3885 3487 3936 θεσπεσίου
3555 3882 3619 3932 τὰ
3674 3878 3744 3939 εἰς
3786 3881 3884 3934 τήν

2271 3982 2607 4055 Ἐξαήμερον.
2662 3978 2911 4051 ’Ἄριστος
2968 3977 3057 4047 μεν
3105 3975 3153 4009 ²⁸
3208 3971 3414 4024 ἕνπᾶσι
3438 3976 3540 4029 τοῖς
3596 3969 3761 4019 αὑτοῦ
3798 3966 3884 4017 λο-

2272 4092 2383 4145 γοις
2433 4073 2458 4123 ὁ
2514 4073 2677 4143 μέγας
2729 4066 2995 4126 Βασίλειος
3040 4084 3052 4096 ·
3085 4061 3216 4124 λέξει
3266 4080 3319 4112 τε
3374 4063 3472 4132 γὰρ
3527 4059 3738 4128 καθαρᾲ
3789 4059 3883 4107 καὶ

2276 4163 2487 4234 εύσὴμῳ
2548 4165 2639 4211 καὶ
2680 4161 2837 4231 κυρίᾳ
2893 4159 2982 4206 καὶ
3030 4153 3151 4212 ὅλως
3206 4150 3446 4221 πολιτικῇ
3504 4153 3592 4199 xui
3640 4164 3883 4216 πανηγυ-

2274 4260 2394 4328 ρικῇ
2439 4248 2623 4318 δεινὸς,
2670 4252 2714 4301 si
2765 4267 2839 4306 τις
2879 4244 3045 4309 ἄλλος,
3100 4241 3438 4314 χρήσασθαι,
3496 4238 3769 4308 νοημάτων
3824 4251 3881 4285 τε

2274 4342 2414 4405 τάξει
2452 4344 2540 4392 xui
2591 4340 2913 4410 καθαρότητι
2954 4341 3176 4403 πρῶτος,
3234 4327 3339 4380 ἀλλ’
3395 4322 3605 4387 οὐδενὸς
3636 4321 3881 4396 δεύτερος

2274 4432 2542 4506 ᾅδεται²⁶·
2568 4430 2912 4485 πιθανότητος
2955 4420 3014 4474 δὲ
3047 4425 3135 4472 xui
3186 4418 3506 4490 γλυκύτητος
3550 4414 3639 4466 καὶ
3684 4413 3879 4484 γελαμ-

2271 4531 2530 4599 πρὸτητος
2553 4519 2795 4595 ἐραστὴς,
2852 4513 3093 4585 καιρίων
3139 4516 3210 4578 τῷ
3252 4506 3407 4577 λόγῳ,
3460 4508 3550 4556 καὶ
3605 4505 3781 4576 ὥσπερ
3822 4500 3878 4563 ἐξ

2272 4593 2628 4686 αύτοσχεδίου
2673 4608 2924 4678 πηγάζων
2963 4605 3021 4653 τὸ
3071 4600 3291 4673 ῥεῖθρον.
3372 4600 3469 4648 Καὶ
3553 4601 3623 4664 τῷ
3673 4593 3879 4661 πιθανῷ

2274 4706 2333 4762 δὲ
2362 4708 2409 4742 ³⁷
2441 4705 2526 4758 ἐπὶ
2578 4706 2823 4754 τοσοῦτον
2913 4693 3032 4750 ἧκεν
3085 4689 3523 4761 ἀποκεχρημένος,
3575 4686 3647 4744 ὡς
3700 4686 3744 4735 εἰ
3793 4700 3881 4743 τις

2272 4798 2539 4852 πολιτικοῦ
2590 4791 2745 4861 λόγου
2804 4787 2924 4844 τοὺς
2978 4780 3136 4832 αὐτοῦ
3219 4777 3405 4847 λόγους
3533 4768 3882 4845 παράδειγμα

2271 4892 2436 4957 ἐαυτῷ
2506 4885 2638 4947 θείη,
2683 4881 2859 4930 ἔπειτα
2912 4874 3122 4931 τούτους
3198 4865 3501 4939 ἔκμελετῲη,
3584 4858 3726 4935 μηδε
3774 4868 3876 4915 τῶν

1850 5014 2092 5070 νΑΒΙλΕ
2128 5010 2533 5073 LECTIONES.

588 5162 634 5195 ¹⁰
666 5157 890 5210 ἀκοῦσαι
949 5161 1015 5208 Α.
1103 5156 1147 5189 ¹⁷
1202 5156 1391 5225 σαφής-
1425 5159 1463 5205 Α
1502 5169 1514 5206 :
1548 5154 1638 5225 xui
1688 5153 1879 5225 σαφής-
1914 5171 1968 5214 ς’.
2047 5150 2120 5225 “fi
2153 5148 2206 5201 ui
2253 5180 2320 5188 -—
2370 5144 2757 5225 ἐξεργάζονται,
2781 5138 2833 5225 3A
2868 5131 2999 5225 :‘ui;
3023 5158 3141 5225 ΩΤ,
3167 5124 3495 5225 ὶξεργρὶἔετριι
3553 5142 3614 5225 εἰ
3689 5124 3737 5210 ξθ
3772 5122 3882 5225 αἷμα

555 5235 721 5304 ἐρεται
770 5195 825 5293 qv.
866 5228 950 5304 _'°
981 5230 1069 5293 μέν
1103 5232 1142 5280 A
1168 5195 1300 5304 εμέῖ
1325 5195 1421 5304 ,ἑῦν
1597 5223 1641 5257 ²¹
1676 5218 1733 5274 δε
1764 5195 2000 5304 acii}.
2078 5224 2125 5256 ²²
2152 5195 2289 5304 ἓῦτε
2317 5195 2501 5284 ciu”,
2547 5195 2645 5266 τ’ῶν
2686 5206 2825 5304 agd.
2884 5210 2984 5304 Δ.Α
3023 5201 3069 5235 ²⁶
3122 5198 3221 5251 ἀπὸ
3245 5195 3395 5253 add.
3423 5196 3488 5249 A.
3567 5195 3614 5229 ³⁵
3645 5199 3738 5266 μέν
3788 5198 3833 5249 Α
3862 5212 3875 5249 :

558 5250 721 5304 ερεται
770 5250 824 5293 ς’.
903 5246 950 5263 ιν
981 5246 1069 5293 μεν
1103 5246 1180 5280 AZ
1250 5246 1296 5277 εν
1335 5246 1421 5275 ουν
1454 5246 1514 5288 ς’.
1597 5246 1641 5257 ’³
1676 5246 1733 5274 σε
1764 5246 1907 5278 uuu.
1940 5246 2000 5275 Δ.
2078 5246 2124 5256 ··
2173 5246 2289 5274 cura
2317 5246 2374 5284 ς,
2452 5246 2493 5251 --
2555 5246 2645 5266 ιυυσ
2686 5246 2825 5265 ειμι.-
2884 5246 2944 5256 ..-

558 5306 578 5353 ἐ
609 5324 663 5366 ς.
740 5303 787 5337 ³ο
817 5296 1001 5370 ᾅδεται
1032 5313 1109 5353 an
1137 5246 1332 5350 acim
1360 5295 1580 5351 habeat
1607 5299 1646 5349 Α
1681 5308 1803 5350 non
1832 5293 2013 5365 liquet
2046 5309 2056 5347 :
2092 5289 2289 5347 εἴδεται
2312 5294 2351 5346 C
2383 5305 2396 5344 :
2431 5303 2554 5344 om.
2590 5305 2643 5348 ς’.
2724 5275 2781 5332 δὲ
2799 5292 2916 5333 om.
2952 5276 3015 5329 Α-

2076 5428 2119 5482 Ν
2126 5423 2302 5483 ΟΤᾸΞ.

587 5560 701 5632 (3?)
735 5562 919 5632 Lectae
951 5560 1239 5632 suntsup.
1276 5554 1464 5632 codi_c.
1499 5557 1587 5611 32.

587 5560 701 5704 (3?;
735 5562 919 5615 Lectae
951 5560 1239 5682 sunt'sup.
1276 5560 1464 5611 codic.
1499 5560 1587 5611 32.

587 5634 676 5705 (33
727 5629 1025 5686 Plutarchi
1062 5627 1349 5705 libelum,
1384 5627 1462 5705 pe
1513 5626 1877 5705 animantium
1928 5627 2153 5705 natura,

512 5695 801 5778 magnam
814 5705 1040 5776 partem
1057 5698 1363 5755 aemulum.
1380 5696 1885 5755 SicutvicissimB.
1914 5696 2023 5750 Am
2032 5695 2161 5749 bro-

2266 5548 2406 5613 sius,
2428 5547 2508 5601 De
2525 5555 2697 5613 opere
2724 5553 2823 5594 sea:
2850 5534 3099 5603 dierum,
3125 5532 3440 5588 tractatum
3464 5525 3543 5582 ab
3566 5523 3685 5581 hoc
3712 5525 3879 5583 Basi-

2266 5620 2345 5677 lio
2373 5624 2462 5675 est
2500 5618 2828 5671 mutuatus.
