4136 6216
214 316 315 374 425

1218 306 1708 370 BIBLIOTHECA.
1753 337 1817 348 —-
1859 307 2069 365 CODD.
2113 307 2554 373 CXLVII-CLV.

3484 323 3597 385 426

215 448 332 515 περὶ
413 449 514 496 τῶν
580 443 724 519 παρᾶ
802 441 1037 496 Πλάτωνι
1097 439 1275 505 λέξεων
1350 438 1486 493 κατὰ
1558 440 1822 507 στοιχεῖον

1939 436 2105 505 apud
2133 438 2445 499 Platonem
2483 441 2786 515 alphabeti
2817 445 2985 512 serie,
3021 445 3199 505 breve
3230 451 3601 521 opusculum

211 532 399 606 βραχὺ
432 535 756 606 πονημάτιον
801 532 851 585 έν
883 532 954 586 ἑνὶ
977 531 1133 604 λόγῳ.

936 621 1102 678 ΡΝΒ’.

212 711 392 764 Αἰλίου
472 717 750 765 Διονυσίου
822 711 1271 785 ’Δλικαρνασσέως
1345 707 1598 761 Ἀττικῶν
1682 707 1828 758 Ὀνο-

844 786 1020 857 μάτων
1060 787 1224 854 λόγοι.

285 876 591 945 Περιείχετο
619 875 666 909 ³9
717 869 777 925 δέ
836 881 908 944 τῷ
952 875 1130 945 τεύχει
1178 876 1267 925 καὶ
1320 869 1492 924 Αἰλίου
1557 869 1829 920 Διονυσίου

210 962 661 1035 ’Δλικαρνασσέως
751 962 1005 1017 Ἀττικῶν
1078 962 1376 1034 Ὀνομάτων
1452 967 1546 1020 τῆς
1619 962 1829 1030 πρώτης

216 1047 471 1112 ἐκδόσεως
521 1051 668 1123 λόγοι
726 1055 892 1117 πέντε,
934 1049 1034 1104 ἀπὸ
1081 1058 1171 1103 τοῦ
1223 1071 1257 1102 α
1309 1051 1477 1122 μέχρι
1518 1054 1609 1101 τοῦ
1658 1068 1697 1097 ω
1737 1048 1831 1103 τὰς

214 1141 459 1202 ’Δττικὰς
518 1140 673 1204 λέξεις
725 1144 863 1193 κατὰ
931 1148 1194 1212 στοιχεῖον
1250 1138 1650 1213 ἀναγράφοντες.
1698 1137 1829 1187 Σκύ-

208 1251 318 1302 μνῳ
364 1226 426 1282 δε
473 1233 533 1282 τὸ
583 1233 857 1303 σύνταγμα
908 1236 1215 1305 προσφωνεῖ.
1258 1233 1675 1304 Χρησιμώτατος
1722 1222 1773 1278 δ’
1803 1225 1828 1276 ό

208 1326 359 1380 πόνος
408 1318 563 1381 οὗτος
602 1327 711 1383 τοὶς
764 1339 817 1372 τε
868 1319 1152 1381 ἀττικίζειν
1199 1322 1391 1392 έχουσι
1436 1313 1690 1391 φροντίδα
1736 1318 1826 1369 καὶ

206 1417 317 1471 τοῖς
367 1418 470 1461 τῶν
529 1410 784 1465 Ἀττικῶν
838 1411 1254 1483 συγγράμμασιν
1314 1408 1560 1480 ένομιλείν
1636 1424 1826 1477 προαι-

206 1503 503 1574 ρουμένοις.
555 1498 719 1552 Ὀσαι
762 1518 816 1552 τε
860 1502 961 1574 γὰρ
1023 1498 1449 1574 ἐπιχωριάζουσι
1506 1496 1666 1559 λέξεις
1716 1502 1826 1558 τοῖς

205 1589 517 1650 Ἀθηναίοις
562 1594 681 1662 περί
724 1608 779 1642 τε
823 1592 915 1651 τὰς
954 1588 1131 1663 έορτὰς
1177 1594 1265 1642 καὶ
1308 1591 1401 1650 τὰς
1442 1584 1614 1655 δίκας,
1661 1584 1823 1638 έντεῦ-

208 1681 289 1732 θεν
328 1681 476 1732 ἴστεν
509 1678 769 1752 ἐκμαθεῖν·
802 1684 894 1732 καὶ
942 1682 987 1732 εἶ
1025 1698 1077 1732 τι
1124 1678 1246 1731 ἄλλο
1292 1673 1607 1751 ἰδιοτρόπως
1643 1676 1820 1736 αὐτοῖς

206 1770 433 1841 λέγεται,
468 1768 530 1822 ού
586 1769 820 1841 χαλεπόν
869 1771 1051 1845 εὑρεῖν,
1081 1769 1312 1843 μάλιστα
1360 1771 1403 1821 εἶ
1452 1787 1529 1828 τις
1573 1770 1643 1838 μὴ
1704 1766 1819 1826 τούς

1939 1758 2099 1816 facile
2129 1760 2225 1817 hic
2276 1764 2557 1835 reperias.
2590 1766 2777 1838 quue
2834 1767 2986 1824 adeo
3038 1771 3320 1837 maxime,
3373 1773 3588 1845 siquis
3690 1768 3691 1781 ¹

206 1866 300 1919 τῆς
354 1863 572 1930 πρώτης
630 1855 886 1919 ἐκδόσεως
928 1864 1081 1931 μόνον
1126 1863 1312 1931 τόμους
1356 1853 1391 1910 δ
1398 1861 1635 1931 ιερεννῴη
1694 1854 1821 1908 ἀλλὰ

206 1952 295 1999 καὶ
349 1956 451 2010 τῆς
505 1944 755 2021 δευτέρας
816 1945 1091 2010 ἐκδόσεως,
1161 1952 1249 2000 καὶ
1304 1946 1493 2008 αύτούς
1548 1949 1692 1998 πέντε
1740 1948 1816 1997 τό·

207 2055 340 2107 μους
394 2040 568 2100 ὄντας,
600 2042 689 2089 καὶ
744 2036 846 2089 ἀπὸ
900 2044 992 2089 τοῦ
1041 2057 1074 2088 οι
1127 2041 1292 2109 μέχρι
1332 2043 1425 2089 τοῦ
1455 2058 1495 2087 ω
1529 2037 1623 2096 τὰς
1652 2035 1819 2088 Ἀττι-

208 2128 305 2185 κάς
352 2125 520 2188 λέξεις
575 2130 940 2199 περιέχοντας,
968 2128 1090 2180 ὅσαι
1135 2146 1192 2198 γε
1226 2128 1275 2162 4ο
1301 2134 1361 2198 τῇ
1418 2127 1644 2200 προτέρᾳ
1670 2125 1713 2159 ιι
1761 2122 1819 2175 οὗ

213 2214 753 2288 συμπεριελήφθησαν
798 2220 829 2275 ἦ
888 2215 1301 2289 περιελήφθησαν
1341 2218 1450 2287 μὲν,
1507 2218 1821 2287 μαρτυρίαις

212 2300 272 2357 δε
322 2312 438 2365 ταῖς
492 2308 681 2368 οὔσαις
733 2305 827 2359 ούκ
881 2304 1285 2364 ἕϐεϐαιωθησαν·
1330 2302 1378 2356 ἐν
1422 2306 1524 2376 γὰρ
1580 2310 1641 2376 τῇ
1705 2300 1821 2356 δευ-

213 2398 337 2466 τέρᾳ
392 2391 604 2447 ἐκδόσει
658 2393 974 2467 πλατύτερόν
1015 2413 1069 2447 τε
1089 2396 1136 2429 δ’
1163 2399 1253 2447 καὶ
1297 2392 1641 2466 ἀφθονώτερον
1674 2394 1719 2427 ⁸³
1770 2394 1825 2445 αἱ

210 2489 510 2558 μαρτυρίαι
563 2486 978 2559 παρατέθεινται.
1020 2483 1117 2537 Ὧν
1164 2488 1209 2538 εἷ
1262 2504 1344 2547 τις
1399 2487 1490 2546 τὰς
1549 2480 1646 2536 δύο
1687 2502 1824 2558 πρα-

212 2578 474 2643 γματείας
530 2573 602 2636 εἰς
657 2574 707 2627 έν
749 2582 1062 2645 συναγαγεῖν
1112 2577 1387 2646 σύνταγμα
1415 2575 1463 2609 “
1515 2572 1821 2646 βουληθείη,

213 2668 631 2738 χρησιμώτερόν
677 2683 734 2717 τε
780 2667 839 2716 τὸ
883 2663 1241 2738 φιλοτέχνημα
1274 2661 1521 2727 ἐπιδείξει
1559 2667 1643 2716 καὶ
1695 2664 1825 2735 μετὰ

210 2752 494 2825 ῥᾳστώνης
524 2751 794 2807 έκτελέσει.

951 2843 1111 2899 ΡΝΓ.

744 2938 1042 2987 Παυσανίου
1073 2934 1309 2997 Λεξικόν.

288 3021 623 3092 ’Δνεγνὼσθη
680 3019 739 3075 δι
800 3022 849 3075 ἐν
932 3032 1003 3095 τῷ
1076 3024 1217 3095 αύτῷ
1287 3026 1465 3096 τεύχει
1525 3026 1825 3076 Παυσανίου

1936 523 2072 581 libri
2114 527 2315 585 unius.

2694 626 2847 681 CLII.

1938 704 2082 762 (Elii
2110 708 2374 779 Dionysii
2420 710 2860 840 Halz'carlrtgssei
2890 714 3223 774 Dictionum
3258 717 3597 779 Atticarum

2678 801 2699 839 ἱ
2741 801 2795 840 η
2823 802 2881 840 Χ.

2678 801 2795 841 wrz
2823 802 2881 841 Χ.

2013 869 2358 926 Continebat
2416 871 2576 928 idem
2615 874 2896 930 volumen
2928 880 2983 933 et
3012 877 3137 933 ./Elii
3168 879 3289 949 (40)
3336 880 3597 953 Dionysii

1942 956 2707 1019 HalicarnasseiAttz’corum
2736 964 3059 1021 Verborum
3078 967 3283 1039 primae
3315 966 3596 1026 editionis

1942 1043 2126 1102 libros
2160 1048 2425 1121 quinque
2468 1066 2481 1104 :
2513 1050 2572 1106 in
2602 1053 2818 1123 quibus
2851 1069 2885 1108 a
2913 1055 3110 1126 prima
3140 1055 3331 1113 littera
3359 1058 3437 1114 ad
3467 1059 3596 1115 ulti-

1942 1150 2102 1192 mam
2134 1153 2322 1210 usque
2338 1139 2553 1197 Atticas
2584 1157 2757 1198 voces
2793 1142 3223 1200 elementorum
3245 1148 3394 1202 serie
3422 1148 3596 1205 colle-

1941 1224 2039 1296 git.
2075 1226 2315 1283 Dedicat
2352 1244 2506 1299 opus
2559 1229 2703 1285 illud
2746 1233 3020 1302 Scymno,
3074 1233 3365 1307 laborque
3396 1236 3491 1293 hic
3520 1238 3592 1293 iis

1940 1314 2201 1384 perutilis
2240 1318 2484 1384 exsistit,
2510 1318 2611 1391 qui
2658 1320 2855 1376 Atticae
2886 1320 3105 1392 linguae
3155 1324 3352 1381 studio
3395 1330 3594 1382 tenen-

1936 1407 2049 1469 tur,
2083 1406 2225 1460 etin
2270 1407 2468 1462 Atticis
2503 1414 2815 1465 versantur
2862 1412 3262 1483 scriptoribus.
3297 1415 3592 1480 Qumcun-

1934 1508 2051 1565 que
2069 1493 2227 1549 enim
2242 1496 2700 1554 Atheniensibus
2722 1499 2915 1569 patrio
2938 1516 3103 1556 more
3134 1502 3426 1561 vocabula
3453 1521 3588 1561 cum

1934 1582 1993 1635 in
2036 1582 2222 1649 festis,
2276 1588 2400 1641 tum
2431 1587 2490 1641 in
2542 1585 2664 1643 foro
2718 1588 2931 1645 usitata
2996 1594 3157 1660 sunt,
3189 1591 3331 1648 hinc
3352 1593 3589 1651 haurire

1930 1669 2107 1737 licet;
2133 1672 2255 1730 imo
2283 1680 2339 1729 et
2392 1674 2439 1730 si
2472 1675 2617 1749 quid
2646 1676 2808 1733 aliud
2863 1680 3104 1751 proprie
3152 1680 3234 1736 illi
3271 1690 3585 1755 usurpant,

1929 1865 2052 1906 non
2085 1852 2292 1923 primas
2323 1853 2600 1911 editionis
2634 1860 2861 1912 tantum
2895 1862 3094 1916 tomos
3130 1864 3447 1930 scrutetur,
3486 1862 3589 1919 sed

1929 1944 1986 1994 et
2014 1941 2312 2008 secundas,
2346 1958 2482 2016 quae
2529 1949 2585 2000 et
2622 1946 2750 2017 ipsa
2779 1946 2964 2003 libros
2991 1948 3259 2022 quinque
3305 1951 3584 2019 continet,

1929 2029 2087 2085 etab
2118 2035 2164 2085 Α
2204 2047 2396 2104 usque
2443 2032 2518 2089 ad
2561 2041 2609 2086 Ω
2636 2034 2828 2092 Attica
2878 2039 3126 2094 nomina
3156 2038 3587 2111 complectitur,

1929 2132 2063 2188 quae
2112 2120 2307 2191 prima
2349 2121 2525 2177 editio
2574 2138 2695 2180 non
2753 2125 3096 2182 continebat
3126 2128 3363 2198 quidem
3420 2144 3433 2177 ε
3482 2128 3590 2184 sed

1931 2208 2086 2280 aptis
2114 2224 2186 2265 ea
2209 2210 2561 2283 scriptorum
2593 2214 2948 2271 testimoniis
2992 2230 3113 2271 non
3163 2216 3589 2276 conﬁrmabat.

1934 2296 2242 2370 Copiosius
2282 2300 2440 2356 enim
2492 2302 2553 2358 in
2575 2303 2840 2359 secunda
2896 2304 3178 2376 editione,
3220 2306 3591 2379 uberiusque

1934 2391 2194 2443 veterem
2224 2388 2355 2445 loca
2378 2390 2626 2448 laudata
2646 2392 3019 2449 adhibentur.
3051 2395 3244 2460 Quare
3277 2396 3321 2450 si
3347 2396 3485 2469 quis
3518 2411 3590 2452 ex

1935 2480 2187 2549 utraque
2215 2478 2471 2535 editione
2506 2496 2689 2537 unam
2734 2482 3120 2548 fabrefecerit,
3165 2499 3256 2541 nm
3286 2484 3381 2540 ille
3405 2485 3590 2541 utilis-

1935 2564 2156 2622 simum
2187 2582 2342 2640 opus
2377 2568 2540 2627 nullo
2571 2572 2812 2642 negotio
2833 2571 3193 2629 exhibuerit.

2666 2835 2845 2891 CLIII.

2457 2924 2765 2982 Pausania:
2789 2926 3067 2983 Lexicon.

2006 3012 2143 3083 Legi
2169 3013 2227 3070 in
2253 3013 2368 3071 hoc
2399 3013 2531 3086 ipso
2562 3015 2865 3071 volumine
2898 3016 3111 3088 100a
3144 3016 3400 3074 Lexicon
3434 3020 3585 3076 Pau-

218 3111 442 3173 Δεξικόν
498 3115 636 3165 κατὰ
678 3120 963 3185 στοιχεῖον,
1005 3111 1157 3168 οὐδὲν
1200 3114 1410 3167 ἔλαττον
1442 3122 1540 3167 τῶν
1579 3133 1822 3189 προειρη-

1939 3102 2118 3158 εδοίεθ
2159 3103 2295 3175 (41),
2326 3104 2654 3161 litterarum
2708 3107 2855 3161 serie
2898 3107 3346 3173 concinnatum,
3398 3108 3584 3165 nihilo

213 3206 384 3271 μιλίων
444 3200 518 3262 εἰς
562 3205 656 3263 τὰς
706 3201 947 3265 Ἀττικὰς
989 3209 1399 3276 συναναγνώσεις
1448 3208 1739 3277 χρήσιμον,
1783 3202 1825 3255 εἰ

210 3294 288 3362 μὴ
340 3295 434 3341 καὶ
511 3290 725 3362 μᾶλλον.
791 3291 851 3344 Εἰ
905 3295 1006 3367 γὰρ
1063 3298 1152 3346 καὶ
1204 3300 1319 3356 ταῖς
1383 3297 1694 3368 μαρτυρίαις
1751 3290 1823 3343 ἐν·

214 3374 495 3451 δεέστερον
537 3381 668 3451 ἔχει,
703 3379 810 3433 ἀλλ’
848 3377 934 3433 οὖν
974 3384 1023 3434 ἓν
1072 3402 1183 3435 τισι
1219 3391 1317 3435 τῶν
1368 3387 1647 3455 στοιχείων
1694 3381 1822 3435 πολὺ

214 3476 333 3529 ταῖς
412 3467 581 3530 λέξεσι
660 3469 947 3537 πλεονάζει,
1026 3473 1096 3534 ὡς
1159 3472 1472 3545 ἀμφοτέραις
1546 3471 1658 3545 ἅμα
1709 3478 1824 3533 ταῖς

210 3557 406 3611 Αἰλίου
447 3564 719 3612 Διονυσίου
775 3559 1220 3635 Ἃλικαρνασσέως
1288 3568 1667 3638 πραγματείαις
1730 3568 1821 3621 τὴν

210 3652 340 3717 μίαν
389 3651 604 3713 ταύτην,
652 3654 847 3714 (καίτοι
903 3659 1002 3703 τῶν
1057 3656 1305 3724 χρήσεων
1356 3650 1433 3705 ἐπ’
1485 3652 1691 3706 ἔλαττον
1758 3655 1822 3714 ὡς

212 3740 407 3809 ἔφημεν
484 3738 817 3811 ἁπτομένηνὶ,
890 3738 1229 3804 έξισάζεσθαι
1303 3751 1375 3812 τῷ
1462 3751 1557 3806 τῆς
1616 3752 1821 3817 γραφῆς

208 3832 378 3899 ὄγκῳ.
413 3828 471 3881 Εἰ
503 3825 562 3881 δέ
608 3849 689 3892 τις
717 3830 929 3893 έκείναις
966 3839 1077 3893 ταῖς
1117 3829 1274 3886 δυσὶν
1304 3830 1577 3887 έκδόσεσιν
1603 3837 1693 3885 καὶ
1730 3838 1820 3890 τὴν

211 3915 524 3962 Παυσανίου
563 3910 919 3981 έγκατατάξας
968 3914 1017 3966 ἕν
1070 3913 1426 3989 ἀπεργάσαιτο
1458 3916 1503 3950 ⁸⁵
1546 3917 1821 3986 σύνταγμα

211 4000 435 4072 (ῥᾷστον
488 3995 548 4052 δὲ
599 4008 671 4071 τῷ
715 3999 1033 4075 βουλομένῳ)
1065 4003 1209 4065 οὗτος
1239 4003 1299 4055 ἂν
1331 4007 1408 4061 εἴη
1457 4008 1514 4057 τὸ
1545 4004 1817 4058 κάλλιστον

208 4092 300 4140 καὶ
352 4094 767 4163 χρησιμώτατον
816 4098 924 4152 τοις
968 4090 1387 4164 ἀναγινώσκουσι
1429 4095 1517 4155 τὰς
1570 4094 1819 4156 Ἀττικὰς

211 4174 431 4247 βίϐλους
460 4175 789 4252 σπούδασμα
814 4180 1222 4255 εἰσενηνεγμένος
1250 4184 1315 4239 ⁸⁸.

936 4270 1094 4325 ΡΝΔ’.

429 4361 630 4416 Βοηθοῦ
680 4359 877 4422 Λέξεων
919 4360 1257 4415 Πλατωνικῶν
1299 4370 1599 4437 Συναγωγή.

1933 3191 2045 3246 illis
2092 3192 2393 3264 prioribus
2426 3194 2623 3249 minus
2654 3195 2854 3250 Atticm
2892 3193 3106 3264 lingua:
3133 3196 3418 3252 studiosis
3450 3197 3587 3253 utile

1933 3280 2221 3347 futurum,
2254 3282 2376 3338 imo
2407 3287 2463 3338 et
2516 3283 2728 3351 magis.
2773 3283 2886 3338 Etsi
2918 3283 3077 3338 enim
3109 3284 3585 3342 testimoniorum

1935 3371 2134 3426 minus
2164 3369 2461 3436 afferat,in
2487 3371 2855 3444 quibusdam
2879 3376 3077 3428 tamen
3110 3372 3410 3444 alphabeti
3443 3374 3587 3432 litte-

1934 3458 2015 3514 ris
2046 3459 2245 3531 plures
2278 3460 2460 3517 habet
2493 3476 2691 3528 voces,
2725 3465 2787 3516 ut
2825 3477 2964 3516 cum
3010 3466 3261 3534 utroque
3300 3462 3421 3518 Elii
3461 3464 3588 3520 Dio-

1934 3549 2090 3620 nysii
2122 3548 2549 3607 Halicarnassei
2594 3565 2771 3622 opere
2800 3566 2987 3606 unum
3014 3550 3128 3605 hoc
3163 3549 3293 3620 (etsi
3325 3552 3587 3609 testimo-

1933 3630 2167 3694 niorum
2199 3640 2420 3706 minus,
2463 3644 2527 3694 ut
2546 3639 2830 3705 diximus,
2864 3638 3169 3709 adhibeat)
3199 3639 3354 3694 mole
3377 3640 3585 3697 saltem

1931 3726 2062 3798 ipsa
2114 3729 2435 3801 adaequare
2488 3728 2678 3784 liceat.
2730 3728 2787 3784 Si
2816 3744 2957 3783 vero
2987 3728 3117 3799 quis
3166 3726 3297 3781 zElii
3347 3727 3586 3784 duabus

1930 3816 2043 3873 illis
2073 3817 2437 3872 editionibus
2469 3816 3263 3889 Pausaniaaquoquelibrum
3294 3816 3584 3887 adjiciens

1931 3922 2121 3962 unum
2136 3922 2355 3978 corpus
2384 3905 2643 3961 effecerit
2675 3907 2752 3977 (et
2775 3905 2943 3961 facile
2969 3904 3209 3960 conanti
3234 3903 3433 3977 fuerit)
3453 3906 3585 3977 pul-

1928 3995 2292 4052 cherrimum
2331 3994 2427 4050 hic
2484 4010 2659 4065 opus,
2716 4000 2772 4050 et
2824 3994 3206 4050 utilissimum
3263 3994 3580 4066 scriptores

1928 4085 2151 4142 Atticos
2183 4085 2459 4153 versanti,
2493 4082 2906 4142 elaboraverit.

2070 4361 2285 4420 Boethi
2318 4361 2535 4417 Vocum
2553 4263 2995 4413 Plaglalizarum
3036 4352 3436 4411 Collectanea.

276 4445 400 4520 [171
450 4448 542 4519 8.]
602 4447 929 4520 Ἀνεγνὼσθη
985 4447 1034 4503 δ’
1084 4450 1134 4503 έν
1191 4460 1264 4523 τῷ
1315 4453 1454 4524 αύτῷ
1496 4457 1675 4527 τεύχει
1727 4460 1815 4508 καὶ

1998 4455 2275 4526 Legimus
2328 4453 2387 4508 in
2442 4467 2514 4508 eo
2555 4449 2687 4520 ipso
2740 4442 2964 4511 codice,
3012 4446 3069 4497 et
3110 4440 3313 4497 Boethi
3359 4442 3575 4498 Vocam

210 4540 408 4594 Βοηθοῦ
468 4537 668 4600 Λέξεων
740 4538 1078 4591 Πλατωνικῶν
1150 4547 1429 4614 Συναγωγή
1489 4547 1618 4597 κατὰ
1678 4564 1817 4597 στοι-

209 4634 373 4698 χείον,
406 4626 583 4698 πολλῷ
631 4636 727 4687 τῆς
757 4629 799 4663 ⁸⁷
833 4634 1057 4701 Τιμαίου
1110 4640 1422 4704 συναγωγῆς
1474 4640 1818 4708 χρησιμώτε-

208 4734 315 4787 ρον.
352 4722 661 4792 Προσφωνεί
680 4713 741 4769 δέ
769 4716 1009 4791 Μελάντα
1028 4725 1130 4773 τινὶ
1150 4723 1207 4773 τό
1236 4725 1643 4796 συνταγμάτιον.

926 4810 1094 4866 PNE’.

278 4902 381 4950 τοῦ
411 4895 582 4949 αὐτοῦ
613 4900 731 4970 περὶ
776 4904 875 4950 τῶν
911 4900 1061 5023 {ripa
1104 4899 1341 4954 Πλάτωνι
1383 4900 1744 4981 ἀπορουμένων

997 4988 1113 5023 εων-

997 4988 1088 5023 εων
1100 5016 1113 5029 ,

282 5058 544 5129 laurei-In
608 5053 669 5111 di
739 5058 882 5131 αύτῷ
937 5064 1028 5114 καὶ
1099 5062 1267 5137 ἔτερόν
1359 5083 1409 5117 τι
1480 5064 1817 5144 Ἀθηναγόρᾳ

1925 4546 2374 4604 Platonicorum
2417 4541 2804 4598 Collectanea,
2825 4530 2975 4588 serie
2992 4531 3339 4587 litterarum.
3373 4530 3579 4587 Utilius

1924 4638 2102 4709 longe
2122 4637 2236 4692 hoc
2264 4629 2620 4705 Opus'l‘imaai
2639 4623 3016 4689 Collectione,
3042 4620 3305 4675 Melaniae
3334 4618 3569 4675 cuidam

1925 4727 2297 4800 inscriptum.

2681 4802 2832 4860 CLV.

1999 4904 2283 4978 Ejusdem
2311 4887 2973 5021 apuscuturrlz’ggbtzigoiis
3009 4886 3176 4957 apud
3200 4885 3505 4943 Platonem

1998 5062 2364 5137 Conscripsit
2399 5063 2457 5116 et
2515 5056 2764 5113 alterum
2801 5047 3150 5120 Opusculum
3188 5046 3578 5115 Athenagorae

1552 5195 1786 5253 VARUE
1825 5193 2225 5255 LECTIONES.

280 5310 765 5395 ’ἷπιριίίκοντοςο
842 5310 890 5395 ‘_°
925 5307 1161 5395 7⁸],ἓίιὲνί
1191 5332 1304 5395 τσο,
1341 5316 1386 5351 ⁴¹
1411 5324 1697 5395 προτεραίᾳ
1716 5343 1783 5395 μς·
1861 5322 1909 5359 ⁴²
1938 5340 1992 5375 τε
2021 5319 2161 5377 add-
2204 5319 2269 5373 Αο
2351 5295 3577 5395 ⁸⁸δεφθοἏέΡξΡῩΞκ³99.8ἷξίρξέιξέη.ἓξῖἓὲἓῖἶῖ·

200 5378 943 5487 Ϊιῖἦπδῖξῖἕνζῗζῗνξνί
1080 5378 1530 5460 ἀπειργάσατο-Α.
1569 5378 2102 5467 "eameam;
2133 5412 2188 5455 ς.
2437 5378 2518 5455 (ρ.
2562 5383 2627 5436 ευ
2661 5379 2692 5433 υ
2724 5378 2814 5446 ιο)
2848 5378 2951 5427 aut
2972 5378 3057 5425 τὸν
3289 5378 3575 5442 eamm-

200 5455 367 5523 μένοι.
449 5452 498 5488 ⁸⁷
530 5461 623 5513 τὶς
652 5452 801 5510 add.
828 5454 895 5509 A.

1788 5591 1989 5649 ΝΟΤιΕ
2000 5632 2013 5645 .

286 5701 393 5773 (40)
418 5704 607 5770 Quem
643 5702 865 5776 sepius
894 5701 1150 5763 advocat
1180 5708 1440 5767 Eustath.
1475 5709 1532 5765 in
1568 5712 1731 5769 Hom.

421 5811 671 5868 Pnaon.
705 5810 810 5867 Gn.
851 5810 994 5869 CIII.

1988 5712 2103 5785 (41)
2136 5710 2356 5767 Citatur
2386 5700 2711 5762 identidem
2738 5697 2812 5754 ab
2849 5694 3109 5752 Eustath.

3264 5798 3333 5852 H
