4136 6216
574 310 676 366 427

1835 302 2068 359 PHOTII
2105 300 2591 361 PATRIARCHB
2629 302 2737 362 (ΖΡ.

3824 306 3925 362 438

576 437 1012 508 nuncupatum,
1062 433 1157 489 cui
1191 431 1391 489 titulus
1440 448 1453 487 :
1486 431 1569 487 De
1622 428 1815 486 dubiis
1845 430 2005 499 apud
2025 430 2219 487 Platov

2340 434 2788 504 προσφωνούμενον
2845 426 3299 502 σπουδασμοὲτιον,
3349 429 3377 482 ὅ
3442 432 3564 505 Περὶ
3624 435 3724 481 τῶν
3790 435 3931 505 παρὰ

573 541 705 583 nem
740 525 995 582 vocibus.
1025 526 1247 579 Horum
1279 520 1614 577 libellorum
1664 520 1713 575 si
1761 520 1898 591 quis
1929 520 2226 577 vocabula

572 616 632 671 in
662 631 852 670 unum
884 613 1198 669 conferens
1228 616 1573 684 componat,
1622 610 2109 682 compositasque
2137 610 2221 665 'l‘i-

574 719 727 760 maeo
757 700 1075 768 addiderit,
1093 702 1139 757 is
1170 716 1316 759 sane
1330 714 1615 772 magnam
1630 697 1887 757 Platonis
1902 698 2222 757 lectoribus

572 793 884 850 utilitatem
917 790 1191 849 attulerit.

1283 969 1466 1027 CLVI.

646 1061 925 1119 Dorothei
950 1060 1023 1117 de
1052 1058 1695 1188 vocibuls'_:a;tlemorum
1728 1073 1889 1115 more
1917 1059 2223 1128 usurpatis

1276 1148 1293 1187 ι
1335 1146 1365 1188 e
1422 1146 1513 1187 us.

1369 1146 1389 1186 ι
1422 1147 1458 1186 u
1500 1171 1513 1187 .

650 1208 854 1261 Lectus
892 1204 1115 1260 ibidem
1152 1146 1487 1260 Dorfolzlie‘u:
1537 1204 1620 1260 De
1642 1208 2016 1259 externorum
2063 1216 2225 1258 more

574 1295 869 1366 usurpatis
926 1295 1187 1360 vocibus,
1232 1292 1533 1365 alphabeti
1581 1292 1789 1349 ordine
1845 1291 2049 1365 ;quod
2080 1292 2221 1347 item

575 1385 959 1441 utilissimum
982 1399 1115 1440 esse
1146 1381 1431 1440 studiosis
1452 1397 1607 1455 opus
1628 1384 1897 1454 apparet.

1285 1558 1503 1617 CLVII.

1108 1649 1372 1706 Μωνίάίε
1396 1648 1689 1705 Atticista.

649 1742 857 1841 Lectus
908 1739 987 1797 ad
1030 1739 1387 1841 haecnetiam
1439 1737 1842 1841 Mmridislﬂ)
1891 1739 2220 1838 ᾼιιίείεῑαε
2260 1782 2304 1841 Β

576 1831 676 1904 qui
696 1829 931 1886 libellus
954 1834 1011 1885 et
1034 1830 1160 1901 ipse
1177 1828 1505 1884 litterarum
1530 1827 1679 1883 serie
1693 1826 1975 1883 decurrit.

616 2008 951 2077 Phrynichi
967 2006 1221 2065 ArabiA
1234 1916 1528 2076 gilii;
1573 2005 1820 2061 oratorii
1839 2006 1979 2061 libri
2001 2022 2195 2063 xxxvr.

649 2167 788 2238 Legi
836 2166 1151 2238 Phrynichi
1200 2165 1313 2237 (43)
1367 2164 1559 2221 Arabii
1605 2165 1869 2222 Oratoriz'
1900 2175 2228 2237 apparatus

577 2258 760 2313 libros
792 2273 888 2313 sex
932 2262 989 2311 et
1046 2255 1304 2325 triginta.
1340 2254 1614 2311 Collectio
1654 2261 1744 2311 est
1800 2272 2017 2312 vocum
2049 2264 2227 2330 atque

580 2347 926 2411 incisorum,
955 2344 1062 2400 etsi
1122 2360 1194 2400 ex
1248 2343 1341 2399 his
1394 2343 1616 2417 aliqua,
1645 2360 1781 2416 quas
1820 2345 2103 2402 nimirum
2134 2362 2229 2402 ve-

579 2441 770 2501 nuste,
803 2441 1017 2491 etcum
1048 2435 1307 2490 novitate
1338 2450 1459 2489 non
1488 2435 1827 2490 indecenter
1861 2434 2020 2491 dicta
2050 2440 2229 2508 atque

578 2525 909 2597 composita
929 2524 1111 2591 fuere,
1164 2524 1240 2579 ad
1272 2523 1546 2579 membra
1570 2523 1747 2579 etiam
1779 2524 2008 2595 integra
2029 2532 2229 2582 exten-

580 2615 817 2671 dantur.
849 2613 1070 2669 Horum
1092 2612 1378 2685 pleraque
1409 2612 1543 2668 etin
1576 2612 1817 2668 Helladii
1846 2612 2232 2671 Collectaneis

580 2705 842 2776 reperias
871 2702 1003 2758 licet
1031 2719 1044 2757 :
1079 2702 1181 2757 sed
1214 2718 1284 2757 ea
1311 2701 1539 2773 passim
1580 2701 1664 2758 ibi
1684 2700 1741 2756 in
1773 2708 1944 2758 vasta
1964 2704 2063 2759 illa
2092 2720 2232 2760 con-

581 2792 739 2863 gerie
756 2791 1026 2865 dispersa
1046 2790 1269 2862 jacent,
1301 2791 1396 2847 hic
1424 2806 1563 2847 vero
1590 2790 1763 2846 simul
1794 2790 1854 2846 id
1880 2808 2071 2861 genus
2116 2792 2232 2849 col-

579 2882 751 2938 lecta.
780 2880 1034 2947 Quando
1066 2884 1122 2935 et
1143 2879 1479 2951 Phrynicho
1511 2879 1653 2936 talia
1668 2894 1990 2949 congerere
2012 2898 2231 2954 prOpo-

580 2973 758 3029 situm
782 2969 908 3037 fuit,
969 2974 1027 3025 et
1058 2968 1378 3038 Helladius,
1414 2970 1462 3023 si
1490 2969 1631 3042 quid
1662 2970 2027 3039 hujusmodi,
2084 2971 2229 3027 dum

579 3058 874 3116 vocabula
895 3055 1240 3128 simpliciter
1261 3058 1620 3124 accumulat,
1659 3059 1870 3130 ιοοό
1887 3060 1945 3114 in
1965 3074 2232 3115 commu—

2336 520 2567 573 Πλάτωνι
2647 520 3007 596 ἀπορουμένων
3077 519 3254 583 λέξεων
3338 518 3634 594 έπιγροὲγει.
3717 520 3811 572 Ὧν
3888 525 3932 574 εἶ

2332 629 2411 670 τις
2478 612 2568 672 τὰς
2606 609 2759 673 λέξιις
2802 612 2870 671 εἰς
2921 610 2969 661 ἓν
3039 610 3345 680 συναγάγοι,
3408 610 3770 661 συνεντάσσων
3839 616 3927 661 xui

2332 700 2421 758 τὰς
2466 703 2788 771 συνηγμένοις
2831 703 3060 771 Τιμαίῳ,
3110 697 3502 770 ἀπηρτισμένην
3549 702 3645 757 τήν
3688 698 3931 769 ὠφέλειαν

2332 790 2610 860 παράσχοι
2663 789 2708 824 ⁸⁸
2758 795 2868 850 τοῖς
2922 790 2988 840 τὰ
3047 786 3316 848 Πλάτωνος
3397 785 3771 859 ἀναγινώσκειν
3830 789 3933 841 (’66-

2331 876 2420 929 λου
2430 896 2531 933 σιν.

3043 965 3217 1050 PNg’.

2510 1058 2771 1129 Δωροθέου
2804 1061 2918 1130 περὶ
2948 1065 3046 1109 τῶν
3078 1056 3224 1119 ξένως
3250 1055 3525 1130 εἰρημένων
3553 1056 3750 1119 λέξεων.

2403 1196 2529 1270 [3⁸24
2571 1198 2660 1272 8.]
2713 1199 3037 1271 Ἀνεγνώσθη
3092 1197 3151 1253 δι
3208 1200 3256 1253 ἐν
3312 1210 3384 1273 τῷ
3430 1201 3570 1272 αὐτῷ
3622 1205 3712 1254 καὶ
3770 1208 3940 1275 Δωρο-

2336 1289 2450 1339 θέον
2506 1293 2631 1361 Περὶ
2688 1297 2786 1341 τῶν
2840 1289 2991 1352 ξένως
3048 1290 3326 1363 εἰρημένων
3379 1290 3555 1353 ligauit
3603 1293 3737 1344 κατὰ
3786 1310 3940 1343 στοι-

2333 1385 2499 1448 χεῖον.
2530 1377 2688 1436 Δῆλον
2731 1374 2789 1431 δε
2829 1381 2897 1440 ὡς
2944 1380 3039 1431 οὐκ
3088 1380 3360 1455 ἄχρηστον
3399 1388 3504 1441 τοῖς
3548 1380 3838 1453 φιλοπόνοις
3875 1383 3939 1433 τὸ

2336 1469 2631 1539 σύνταγμα.

3046 1558 3188 1612 ΡΝΖ’
3199 1603 3213 1615 .

2834 1644 3083 1720 Μοίριδος
3113 1647 3381 1705 ἀττικιστή
3394 1667 3433 1709 ς.

2407 1733 2523 1787 Ἔτι
2578 1730 2636 1787 δὲ
2666 1740 2756 1787 xui
2803 1733 3061 1810 Μοίριδος
3104 1738 3461 1799 Ἀττικιστής·
3482 1738 3617 1790 κατὰ
3669 1744 3943 1809 στοιχεῖον

2338 1819 2397 1877 δε
2416 1827 2501 1876 xui
2522 1832 2672 1877 τοῦτο
2702 1828 2759 1877 τὸ
2794 1828 3132 1898 πονημοίτιον.

3043 1917 3212 1970 ΡΝΗ’.

2485 2009 2754 2077 Φρυνίχου
2793 2004 3040 2079 ’Δραϐίου
3081 2012 3389 2079 σοφιστικῆς
3429 2012 3771 2079 Παρασκευῆς

2993 2077 3139 2148 λόγοι
3154 2075 3273 2142 λς’.

2410 2164 2839 2235 Ἀνεγνωσθησαν
2892 2171 3153 2238 Φρυνίχου
3222 2165 3465 2239 Ἀραϐίου
3522 2168 3567 2200 ⁸⁸
3624 2174 3943 2237 σοφιστικῆς

2340 2260 2679 2321 Παρασκιυῆς
2730 2254 2872 2327 λόγοι
2924 2255 3027 2320 λς’·
3059 2258 3171 2308 ἔστι
3203 2251 3261 2309 δε
3305 2260 3361 2307 τό
3413 2253 3614 2327 βιϐλίον
3660 2255 3840 2318 λέξεων
3887 2274 3944 2308 τε

2341 2348 2619 2415 συναγωγή
2679 2349 2764 2395 καὶ
2806 2343 2967 2415 λόγων
3017 2353 3372 2417 κομματικῶν,
3438 2343 3578 2397 ἐνίων
3627 2340 3687 2397 δὲ
3735 2349 3826 2397 xui
3872 2344 3944 2404 εἰς

2337 2432 2477 2484 κὼλα
2538 2438 2973 2507 παρατεινομένων
3030 2443 3130 2485 τῶν
3175 2438 3463 2507 χαριέντως
3519 2454 3571 2486 τε
3627 2438 3717 2486 καὶ
3764 2453 3944 2485 καινο-

2337 2531 2546 2597 πρεπώς
2594 2522 2870 2596 εἰρημένων
2916 2544 2967 2576 τε
3024 2529 3113 2575 καὶ
3164 2528 3601 2596 συντεταγμένων.
3664 2522 3835 2575 Πολλά
3888 2520 3949 2575 δὲ

2340 2615 2507 2663 αὐτῶν
2548 2615 2659 2664 ἔστι
2705 2618 2792 2665 xui
2848 2612 2896 2663 ἐν
2948 2620 3009 2685 τῇ
3062 2610 3331 2666 Ἐλλαδίου
3384 2622 3480 2665 τῶν
3536 2612 3713 2675 λέξεων
3778 2614 3947 2685 εὑρεῖν

2342 2701 2589 2774 συλλογῇ,
2648 2700 2754 2753 ἀλλ’
2809 2705 2913 2754 ἐκεῖ
2966 2705 3055 2775 μεν
3110 2699 3467 2775 διεσπαρμένα
3517 2701 3564 2753 ἐν
3626 2711 3697 2772 τῷ
3752 2702 3947 2759 πλήθει

2336 2799 2430 2851 τῆς
2479 2798 2804 2862 συναγωγῆς,
2854 2790 3076 2843 ἐνταῦθα
3133 2788 3191 2844 δὲ
3243 2794 3371 2863 ὁμοῦ
3423 2794 3489 2843 τὰ
3538 2799 3757 2843 τοιαῦτα
3820 2811 3947 2843 συν-

2341 2882 2558 2951 ηγμένα,
2600 2879 2709 2931 ἐπεὶ
2757 2884 2847 2931 καὶ
2892 2885 3137 2952 Φρυνίχῳ
3195 2883 3284 2952 μὲν
3330 2882 3395 2931 τὰ
3447 2889 3665 2932 τοιαῦτα
3714 2899 3951 2950 συναγα-

2339 2976 2447 3040 γεῖν
2491 2973 2666 3039 γέγονε
2716 2973 2931 3030 σκοπός.
3002 2964 3267 3031 Ἐλλάδιος
3316 2966 3375 3021 δὲ
3457 2968 3611 3032 λέξεις
3678 2969 3949 3043 ἀθροίζων

2343 3056 2537 3126 ἁπλῶς,
2567 3063 2655 3110 xui
2709 3061 2752 3110 εἶ
2801 3078 2849 3110 τι
2908 3068 3008 3111 τῶν
3066 3061 3312 3112 τοιούτων
3364 3059 3625 3124 συνέταξε,
3658 3067 3730 3129 τῷ
3786 3068 3948 3129 κοινῷ

579 3163 719 3203 nem
749 3144 1185 3202 vocabulorum
1224 3145 1441 3199 librum
1476 3146 1691 3213 retulit,
1739 3147 1799 3201 id
1833 3153 2061 3204 tantum
2092 3164 2230 3204 cum

2340 3145 2475 3217 λόγῳ
2533 3155 2631 3199 τῶν
2683 3147 2859 3210 λέξεων
2914 3153 3004 3199 καί
3060 3155 3227 3200 ταῦτα
3290 3147 3732 3222 συμπεριειληφώς
3787 3150 3949 3200 hun-

579 3234 806 3291 casteris
828 3250 951 3289 una
988 3233 1309 3297 inclusum,
1360 3233 1557 3305 ibique
1588 3234 1860 3290 relictum
1902 3236 2109 3293 voluit.
2141 3237 2233 3293 Al-

581 3321 820 3395 phabeti
854 3327 1055 3378 autem
1068 3322 1197 3377 haec
1224 3321 1401 3378 etiam
1420 3324 1627 3378 ordine
1648 3323 2017 3394 digeruntur.

654 3410 871 3467 Floruit
919 3410 1017 3466 hic
1074 3411 1343 3482 scriptor,
1408 3412 1733 3483 imperante
1784 3416 1985 3471 Roma;
2040 3418 2234 3472 Marco

581 3498 882 3556 Antonino
936 3502 1207 3569 Augusto
1268 3500 1519 3572 ejusque
1566 3501 1689 3557 ﬁlio
1734 3504 2086 3570 Commodo,
2140 3506 2234 3561 cui

582 3591 760 3647 etiam
792 3589 987 3661 operis
1035 3588 1269 3645 initium
1324 3588 1405 3644 ita
1456 3590 1762 3646 inscribit:
1826 3614 1850 3644 α
1902 3592 2235 3651 Commodo

584 3680 798 3737 Cmsari
853 3677 1229 3751 Phrynichus
1274 3676 1557 3735 Salutem.
1593 3700 1622 3732 »
1660 3681 1991 3738 Commodo
2035 3682 2236 3756 itaque

581 3769 801 3825 librum
826 3767 1131 3832 dedicans,
1185 3767 1331 3823 dum
1362 3768 1423 3823 in
1452 3784 1557 3825 sua
1602 3769 1679 3825 ad
1712 3787 1851 3826 eum
1889 3772 2237 3829 Prmfatione

584 3859 663 3915 ad
688 3856 959 3913 discendi
994 3856 1267 3912 studium
1292 3857 1585 3929 hortatur,
1628 3864 1685 3915 et
1712 3876 1866 3932 opus
1897 3860 2012 3917 hoc
2038 3862 2236 3918 verbis

582 3947 819 4011 extollit,
869 3952 1098 4019 septem
1148 3962 1279 4002 sese
1323 3948 1407 4002 ait
1463 3964 1645 4021 supra
1694 3949 1933 4021 triginta
1980 3953 2041 4007 in
2071 3952 2237 4008 illum

583 4053 771 4110 usque
799 4036 957 4093 diem
974 4036 1391 4107 composuisse
1420 4036 1627 4105 libros,
1644 4054 1798 4110 quos
1823 4046 1881 4096 et
1898 4040 2239 4111 imperatori

580 4126 873 4191 obtulerit,
906 4140 1089 4196 seque
1120 4124 1269 4181 alios
1297 4125 1541 4181 totidem
1566 4133 1772 4199 printer
1797 4128 1907 4184 hos
1938 4129 2238 4185 editurum

586 4214 899 4287 promittit,
952 4215 998 4269 si
1028 4212 1265 4283 longior
1317 4214 1446 4270 vitm
1496 4232 1678 4271 usura
1723 4216 1978 4272 daretur.
2014 4217 2238 4273 Horum

580 4318 692 4358 nos
751 4318 855 4357 sex
911 4306 1141 4358 tantum
1186 4308 1242 4357 et
1287 4302 1529 4372 triginta
1578 4304 1712 4375 (44),
1765 4306 1846 4361 uti
1876 4306 2102 4363 dictum
2132 4313 2236 4375 est,

581 4390 861 4531 Legimus,
891 4406 927 4447 a
975 4391 1173 4463 prima
1203 4390 1396 4447 littera
1426 4391 1502 4446 ad
1556 4398 1883 4450 extremam
1924 4411 2113 4469 usque
2140 4396 2239 4452 de-

630 4478 817 4531 uctos.

630 4478 817 4531 uctos.

652 4652 771 4709 Etsi
820 4668 961 4709 vero
1026 4651 1375 4724 imperatori
1420 4668 1525 4708 eos
1557 4653 1742 4709 libros
1774 4671 1836 4710 se
1884 4655 2096 4712 offerre
2139 4660 2240 4723 ait,

582 4742 764 4797 variis
817 4747 1017 4798 tamen
1074 4740 1319 4797 eosdem
1374 4756 1755 4814 nuncupasse
1814 4751 2064 4802 constat.
2097 4746 2244 4803 Con-

580 4831 777 4888 festim
809 4832 967 4888 enim
995 4830 1253 4905 primum
1286 4829 1525 4888 illorum
1557 4833 1826 4890 Aristocli
1850 4834 2093 4893 cuidam
2115 4838 2244 4895 mit-

581 4921 666 4991 tit,
691 4936 951 4994 eumque
987 4919 1148 4977 velut
1188 4919 1397 4977 ludum
1446 4921 1778 4993 quemdam
1814 4923 1997 4982 natali
2028 4927 2239 4986 Aristo-

2343 3238 2501 3288 έθετο.
2541 3239 2687 3289 Κατὰ
2715 3245 2978 3309 στοιχεῖον
3006 3234 3064 3290 δὲ
3093 3243 3181 3289 καὶ
3209 3238 3339 3296 αὕτη
3373 3239 3402 3296 ἠ
3426 3242 3728 3309 συναγωγή.

2416 3412 2656 3486 Ἦκμασε
2709 3412 2767 3468 δὲ
2806 3418 2831 3468 ὁ
2878 3414 3005 3488 ἀνὴρ
3033 3415 3080 3467 ἐν
3113 3423 3221 3477 τοῖς
3265 3422 3475 3491 χρόνοις
3517 3420 3733 3489 Μάρκου
3783 3414 3943 3488 βασι-

2343 3502 2462 3563 λέως
2510 3502 2772 3576 Ῥωμαίων
2830 3510 2917 3558 καὶ
2989 3512 3079 3557 τοῦ
3163 3502 3353 3566 παιδός
3407 3506 3566 3559 αὑτοῦ
3630 3502 3944 3577 Κομμοδου,

2342 3595 2472 3665 πρὸς
2515 3592 2568 3644 ὃν
2610 3598 2699 3645 xui
2746 3598 2839 3651 την
2884 3592 3131 3665 ἀπαρχὴν
3165 3594 3212 3628 ⁵⁰
3238 3602 3328 3646 τοῦ
3369 3597 3728 3666 συντάγματος
3787 3602 3949 3646 ποιεῖ-

2344 3700 2431 3733 ται
2484 3680 2797 3755 ἐπιγράφων·
2836 3707 2861 3732 (ι
2908 3679 3169 3755 Κομμόὸῳ
3229 3688 3457 3757 Καίσαρι
3508 3687 3767 3758 Φρύνιχος
3818 3687 3947 3755 χαί-

2345 3791 2469 3843 ρειν.
2508 3795 2533 3819 ››
2571 3771 2728 3825 Ἀλλά
2831 3769 3093 3844 Κομμόδῳ
3166 3777 3223 3825 τὸ
3302 3772 3504 3846 βιϐλίον
3599 3780 3946 3847 προσφωνῶν,

2346 3859 2563 3931 κάκείνῳ
2627 3861 3111 3933 προοιμιαζόμενος,
3173 3866 3261 3914 xui
3341 3867 3644 3936 παραίνεσιν
3727 3861 3951 3935 γιλομα-

2351 3951 2463 4011 θίας
2495 3952 2537 3985 ⁵³
2574 3952 2984 4022 κατατιθέμενος,
3019 3956 3107 4003 xui
3158 3950 3374 4026 ἐξαίρων
3421 3960 3493 4023 τῷ
3545 3951 3681 4023 λόγῳ
3738 3955 3798 4003 τό
3864 3949 3951 4023 βι-

2349 4038 2509 4104 ϐλίον,
2542 4038 2589 4091 ἐν
2638 4041 2713 4101 οἷς
2761 4038 2895 4111 λέγει
2946 4039 3025 4100 λζ’
3081 4040 3220 4111 αὐτῷ
3269 4046 3433 4113 μέχρι
3462 4049 3553 4093 τοῦ
3583 4043 3629 4076 ⁵³
3673 4046 3789 4094 τότε
3833 4061 3948 4092 και-

2348 4138 2440 4202 ρου
2499 4131 2849 4200 συντετάχθαι
2896 4128 3092 4201 λόγους,
3125 4131 3209 4191 οὖς
3250 4136 3340 4183 xui
3372 4130 3654 4183 ἀναθέσθαι
3689 4130 3826 4202 λέγει
3873 4138 3945 4199 τῷ

2351 4216 2582 4290 βασιλεῖ,
2629 4217 2989 4289 ἐπαγγέλλεται
3054 4224 3144 4271 καὶ
3223 4218 3402 4281 ἄλλους
3468 4223 3754 4282 τοσούτους
3809 4219 3946 4291 φιλο-

2350 4309 2635 4365 πονησεθαι
2686 4316 2775 4367 τῆς
2839 4307 2979 4369 ζωῆς
3058 4308 3211 4360 αὐτόν
3293 4313 3389 4361 οὐκ
3445 4311 3490 4345 ⁵⁸
3555 4308 3946 4381 ὰπολιμπανούο

2355 4416 2467 4457 σης.
2512 4396 2688 4469 Ἡμεῖς
2742 4393 2820 4462 δε,
2878 4400 2942 4457 ὡς
2990 4400 3198 4470 ἔφημεν,
3244 4398 3297 4461 ἐξ
3363 4403 3452 4450 xui
3518 4400 3801 4473 τριάκοντα
3851 4404 3953 4469 μό·

2275 4493 2319 4549 Ῑ)
2352 4506 2469 4550 νους
2527 4485 2831 4559 ἀνέγνωμεν,
2892 4485 2992 4539 ἀπὸ
3048 4494 3137 4539 τοῦ
3178 4508 3213 4539 α
3262 4486 3730 4562 περιλαμϐάνοντας
3783 4493 3955 4562 μέχρι

2352 4596 2443 4629 του
2474 4598 2532 4630 ω.

2427 4664 2559 4719 Ἀλλ’
2606 4664 2649 4717 εἰ
2701 4671 2789 4718 xui
2822 4673 2893 4736 τῷ
2939 4663 3147 4737 βασιλει
3196 4685 3326 4738 φησι
3365 4669 3485 4729 τοὺς
3521 4666 3706 4738 λογους
3738 4666 3957 4719 ἁναθεί-

2353 4774 2456 4824 ναι,
2513 4756 2652 4825 ὅμως
2710 4751 2983 4827 διαφόροις
3036 4754 3227 4817 αὐτοὺς
3283 4762 3515 4827 φαίνεται
3569 4775 3957 4829 προσπεφωνη-

2351 4850 2469 4904 κως.
2530 4844 2736 4897 Αὐτίκα
2782 4845 2829 4879 ⁵⁸
2877 4847 2963 4895 τόν
3012 4853 3211 4918 πρῶτον
3261 4845 3412 4898 αὐτόν
3468 4853 3648 4897 τοῦτον
3692 4846 3739 4881 ⁵⁸
3798 4846 3957 4916 λόγον

2353 4932 2679 5005 Ἀριστοκλεῖ
2734 4953 2837 4985 τινι
2877 4935 3080 5007 γράφει,
3142 4931 3361 4987 παιδιάν
3415 4954 3531 4988 τινα
3582 4942 3644 5007 τῇ
3702 4934 3957 5006 γενεθλίῳ

1933 5069 2161 5127 γΑιιιΕ
2190 5072 2590 5133 LECTIONES.

653 5204 701 5239 ⁴⁸
734 5202 1072 5273 παράσχοιτο
1102 5202 1193 5273 την
1225 5197 1465 5273 ὠεέλειαν
1494 5221 1549 5273 ς,

1654 5201 1701 5236 ιι
1730 5200 1792 5276 ἀῤ

582 5291 853 5333 πανουσης
880 5294 936 5337 ς.

1830 5201 1979 5255 αϐίου
2012 5226 2067 5269 ς,

1144 5202 1465 5309 ῥνέηριέλειαν
1654 5202 1701 5236 ⁴⁹
1730 5202 1994 5309 ἀρρδαϐίνου.
2012 5226 2067 5269 ς.
2124 5282 2134 5293 ο
2167 5208 2214 5243 ⁸ο
2246 5208 2420 5283 ἀρχὴν
2452 5231 2508 5275 ς’.
2586 5210 2629 5247 ⁸¹
2660 5210 2989 5284 φιλομαθείας
3010 5232 3064 5276 ς’.
3143 5213 3190 5248 ⁵³
3216 5220 3307 5266 τοῦ
3337 5228 3462 5270 om.
3498 5214 3563 5267 Α.
3599 5213 3661 5267 οὗ
3686 5213 3960 5286 καταλιμ-

1014 5272 1062 5307 ⁵⁴
1093 5270 1308 5344 αὐτίκα]
1340 5276 1428 5325 xui
1446 5271 1636 5325 αὐτίκα
1658 5294 1713 5336 ς’.
1762 5270 1838 5309 ’⁸⁸
1866 5276 2030 5329 αὐτῶν
2051 5282 2243 5334 τούτων

2142 5405 2184 5459 Ν
2192 5405 2367 5462 ΟΤᾹΞ.

578 5520 1072 5647 bltlit'zgecExstare
1124 5516 1305 5575 fertur
1352 5517 1412 5574 in
1458 5517 1749 5577 Vaticana
1797 5522 2093 5593 pontiﬁcis
2143 5526 2237 5583 Bi-

649 5607 703 5647 ιο
844 5606 898 5646 a.

649 5605 898 5647 iomeca.

649 5662 763 5737 (43)
798 5663 946 5734 Lege
973 5660 1121 5716 Petri
1150 5660 1431 5717 Nunnesii
1458 5661 1693 5720 Prmfat.
1726 5664 1805 5723 ad
1834 5665 2103 5738 Phrynici
2138 5670 2232 5727 At-

2350 5528 2554 5603 ticistaa
2586 5531 2920 5603 Epitomen,
2952 5537 3011 5589 et
3039 5532 3203 5589 Suid.

2417 5602 2531 5676 (44)
2563 5602 2775 5661 δυῑάιιε
2808 5612 3033 5677 septem
3065 5610 3121 5663 et
3150 5604 3551 5680 quadraginta
3579 5614 3881 5667 numerat.
