4136 6216
167 286 280 350 ιιι

1243 273 1717 338 BIBLIOTHECA
1743 305 1811 317 —-
1837 272 2046 334 CODD.
2075 275 2512 337 CLVI-CLVIII.

3452 279 3558 338 430

173 416 346 489 ἡμέρᾳ
381 419 474 466 τοῦ
546 407 946 485 Ἀριστοκλέους
1019 408 1378 483 ἁρμόττουσαν
1426 405 1785 478 φιλοτιμούμιο

1902 401 1999 458 clis
2041 401 2156 474 (45)
2202 400 2300 460 die
2351 400 2816 459 accommodum
2842 400 2969 457 ﬁeri
3000 405 3261 474 exoptat,
3295 418 3418 476 quo
3459 403 3555 460 ille

174 522 258 562 νος
282 503 526 574 γενέσθαι
551 505 644 560 τὴν
673 504 876 576 γραφὴν
913 504 1004 552 καὶ
1053 501 1393 570 συμπαίστην
1424 496 1471 530 ⁵⁸
1527 494 1786 568 ὑπάρχειν

172 591 351 648 αὐτόν.
399 589 667 651 Ὡσαύτως
720 586 779 642 δὲ
827 593 914 642 καὶ
965 590 1051 640 τόν
1111 582 1350 660 δεύτερον
1419 583 1569 655 λόγον
1649 579 1786 650 αὐτῷ

173 687 490 755 προσφωνεῖ,
527 684 619 733 καὶ
650 675 718 738 δὴ
777 683 867 732 καὶ
919 681 1006 731 τόν
1058 681 1250 753 τρίτον.
1300 678 1399 728 Τόν
1457 669 1515 726 δὲ
1545 675 1784 744 τέταρτον

169 771 443 842 Ἰουλιανῷ
500 789 602 822 τινι
671 767 966 842 συμπολίτῃ
1023 770 1113 820 καὶ
1171 765 1300 838 φίλῳ
1353 768 1666 838 προσφωνεῖ,
1697 763 1787 812 καί

175 879 341 933 φησιν
389 862 471 913 ὅτι
527 857 854 932 ’Δριστοκλεῖ
879 861 970 930 μὲν
1035 855 1088 920 ἕξ
1117 853 1292 931 ἀρχῆς
1343 855 1538 926 ὥριστο
1589 852 1620 910 ἠ
1655 869 1784 924 πραο

174 954 406 1023 γματιία
470 948 878 1023 προσειρῆσθαι,
956 945 1066 999 insi
1121 941 1181 998 δε
1250 942 1438 1003 έκεῖνος
1524 938 1786 1014 βασιλικῷ

179 1036 416 1112 δόγματι
471 1047 565 1100 τῆς
625 1036 675 1091 ἓν
727 1036 896 1110 Ῥώμῃ
955 1033 1183 1108 μεγάλης
1243 1030 1442 1106 βουλῆς
1493 1029 1687 1102 ἐγένετο
1737 1029 1781 1063 ⁸⁷

173 1130 441 1192 κοινωνὸς,
503 1134 684 1180 τοῦτον
737 1125 844 1178 ἀντ’
895 1123 1082 1178 ἐκείνου
1129 1127 1219 1175 καὶ
1291 1120 1433 1194 φίλον
1508 1124 1597 1172 καὶ
1669 1137 1786 1170 συν-

171 1223 473 1276 ουσιαστην
512 1225 612 1269 τῶν
663 1214 830 1268 καλῶν
884 1213 1072 1280 λαϐεῖν,
1102 1217 1193 1266 καὶ
1214 1211 1355 1283 αὐτῷ
1393 1214 1483 1262 καὶ
1512 1216 1663 1282 κριτῇ
1697 1212 1785 1260 καὶ

171 1307 491 1380 ὶπιγνώμονι
547 1307 796 1381 χρῆσθαι
853 1313 952 1356 τῶν
1040 1304 1474 1375 συγγραφομένων
1530 1298 1659 1372 [172
1692 1298 1780 1369 Η.]

172 1397 319 1453 Ἀλλ’
369 1397 536 1458 οὕτως
601 1395 757 1448 ιίπὼν
806 1398 895 1446 καὶ
969 1393 1334 1464 ὑποσχόμενος
1391 1393 1479 1443 τὸν
1553 1391 1783 1461 πέμπτον

171 1489 318 1560 ὅμως
363 1485 518 1558 λόγον
581 1478 889 1558 Μηνοδώρῳ
943 1485 1046 1535 τινὶ
1099 1480 1226 1554 φίλῳ
1273 1499 1327 1533 τε
1374 1484 1464 1532 καὶ
1501 1473 1780 1532 πεπαιδευ·

169 1580 310 1648 μένῳ
382 1571 542 1649 ἀνδρὶ
617 1579 928 1649 προσφωνεῖ,
985 1570 1036 1632 ὃς
1109 1574 1199 1622 καὶ
1266 1570 1435 1622 αἰτίαν
1511 1570 1782 1640 ἒπὴνεγκεν

171 1666 320 1737 αὐτῷ
369 1672 464 1718 τοῦ
521 1659 702 1724 ἐνδεῶς
751 1662 996 1738 εἰρῆσθαι
1045 1663 1100 1713 τό
1149 1661 1249 1734 πρὸ
1293 1661 1479 1712 τούτου
1531 1662 1642 1730 περὶ
1671 1663 1783 1732 κρί-

1896 507 1958 548 se
2005 490 2275 547 oblectet.
2329 490 2604 549 Similiter
2635 494 2690 548 et
2721 491 2972 548 alterum
3022 490 3263 557 librum,
3323 492 3445 550 imo
3497 499 3555 550 et

1894 580 2134 636 tertium
2160 580 2351 636 eidem
2375 581 2659 637 inscribit.
2693 582 2980 648 Quartum
3006 580 3145 637 dein
3169 581 3406 640 Juliano
3434 583 3555 640 cui-

1894 669 2038 726 dam
2069 669 2184 725 civi
2215 687 2344 736 suo,
2379 675 2556 744 atque
2587 670 2783 726 amico
2810 689 2822 729 :
2857 669 3086 726 addens
3116 671 3174 726 id
3205 687 3276 727 eo
3304 671 3550 740 factum,

1895 759 2059 832 quod
2113 758 2379 815 Aristocli
2429 759 2674 832 quidem
2721 759 2799 816 ab
2845 757 3015 815 initio
3067 775 3222 832 opus
3279 760 3554 818 exhibere

1895 849 2292 919 destinasset;
2320 853 2380 905 at
2406 855 2732 923 postquam
2777 849 3022 906 Caesaris
3068 849 3307 906 decreto
3354 853 3555 908 Roma:

1895 938 1956 994 in
2003 939 2282 994 intimum
2311 938 2626 995 consilium
2653 940 2871 996 ascitus
2902 943 3078 1005 esset,
3109 939 3269 995 hunc
3295 939 3406 996 sibi
3446 957 3554 1013 pro

1896 1026 1996 1084 illo
2026 1028 2285 1085 amicum
2315 1028 2665 1101 sociumque
2690 1028 2927 1084 honesti
2957 1028 3182 1084 laboris
3210 1029 3551 1102 adoptasse,

1895 1133 2017 1190 quo
2071 1121 2126 1173 et
2167 1116 2387 1188 judice,
2435 1122 2491 1174 et
2539 1118 2844 1188 cognitore
2891 1133 3140 1174 suorum
3198 1117 3556 1190 scriptorum

1895 1212 2052 1263 esset
2084 1223 2318 1262 usurus.
2365 1209 2577 1263 Verum
2603 1207 2714 1264 ista
2744 1206 2998 1278 locutus,
3026 1211 3206 1282 atque
3236 1207 3552 1281 pollicitus,

1892 1293 2171 1368 quintum
2203 1299 2401 1352 tamen
2434 1294 2691 1352 subinde
2721 1295 2940 1351 librum
2972 1296 3289 1353 Menodoro
3318 1297 3556 1354 cuidam

1896 1383 2113 1450 amico,
2169 1387 2226 1440 et
2251 1383 2484 1440 erudito
2513 1384 2640 1440 viro
2687 1383 2929 1440 exhibet
2959 1401 2972 1440 :
3000 1384 3109 1458 qui
3137 1393 3189 1441 et
3238 1386 3557 1459 reprehen-

1892 1464 2076 1531 derat,
2122 1465 2274 1537 quod
2317 1465 2557 1539 parcius
2595 1469 2770 1522 antea
2814 1465 2975 1522 illam
3018 1465 3092 1522 de
3125 1466 3440 1523 nominum
3466 1467 3559 1523 in-

1893 1553 2145 1611 ﬂexione
2169 1555 2559 1627 quaestionem
2587 1555 2884 1625 agitasset.
2915 1554 3172 1612 Jubente
3197 1571 3338 1628 ergo
3366 1559 3557 1614 Meno-

1892 1643 2040 1700 doro
2089 1645 2443 1700 sententiam
2489 1643 2709 1712 dicere,
2742 1644 2902 1700 hunc
2930 1660 2994 1699 se
3020 1645 3102 1701 ait
3150 1645 3370 1702 librum
3415 1662 3556 1704 con-

361 1755 412 1791 ³⁸
461 1754 723 1826 ὀνομάτων
781 1731 1097 1826 πρόϐλημα·
1148 1731 1275 1822 [θ25
1306 1749 1398 1822 IL]
1448 1747 1782 1811 ἐπιτάξαντος

1902 1733 2220 1805 scripsisse.
2273 1732 2472 1790 Serius
2516 1738 2717 1790 autem
2759 1733 2819 1788 id
2869 1734 3232 1805 praestitisse,
3281 1736 3447 1808 quod
3495 1737 3554 1792 in

169 1842 234 1897 δι
277 1840 613 1916 Μηνοδώρου
668 1841 808 1914 λέγει
859 1846 944 1894 τὸν
990 1841 1140 1912 λόγον
1185 1841 1504 1904 συντάττειν,
1563 1839 1782 1913 ύστιρῆ-

175 1951 265 1985 σαι
293 1928 376 1997 δἐ,
439 1934 520 1984 ὅτι
564 1935 685 2006 τρία
739 1935 1013 2002 νοσήματα
1063 1928 1205 2000 αὐτῷ
1257 1935 1540 2001 συμπεσεῖν
1567 1926 1779 1997 συνέϐη,

168 2027 265 2081 τήν
297 2024 590 2096 σύντροφον
615 2028 688 2090 τῷ
739 2024 876 2093 γήρᾳ
933 2022 1331 2093 στραγγουρίαν,
1386 2021 1476 2070 καὶ
1505 2013 1783 2089 διωλύγιον

170 2130 290 2164 τινα
317 2117 408 2164 καὶ
453 2113 659 2184 μακρὰν
717 2116 962 2182 φρενῖτιν,
1010 2113 1095 2160 καὶ
1156 2103 1250 2160 διὰ
1289 2110 1520 2182 γαστρὸς
1573 2107 1786 2180 αἵματος

166 2203 326 2276 ῥύσιν
376 2205 471 2253 καὶ
514 2203 590 2252 ἔτι
647 2196 708 2253 δε
754 2205 845 2252 καί
895 2199 1044 2272 ἔτερα
1085 2196 1306 2250 πλιῖστα
1358 2205 1458 2249 τῶν
1518 2195 1787 2271 ἀρρωστη-

170 2293 372 2362 μάτωο
415 2288 479 2342 ἂν
535 2293 713 2362 μέντοι
768 2297 868 2341 τῶν
925 2288 1240 2361 νοσημάτων
1313 2285 1628 2358 ἀπαλλαγεὶς
1681 2284 1786 2338 ἔπιε

171 2379 334 2450 ὅιῲο,
385 2384 481 2433 καὶ
543 2382 599 2432 τό
636 2386 725 2430 νῦν
773 2377 1035 2450 έπίταγμα
1089 2375 1140 2440 ές
1203 2380 1362 2449 πέρας
1426 2374 1638 2448 ἀγαγεῖν
1693 2377 1784 2428 ύπ-

170 2476 468 2540 ισχνεῖται,
489 2471 579 2522 καὶ
604 2470 651 2520 εῖ
669 2487 718 2519 τι
761 2466 885 2519 ἄλλο
934 2469 1256 2541 προστάττοι
1278 2463 1580 2538 φιλοκαλίας
1610 2483 1663 2520 τε
1697 2469 1786 2516 καὶ

169 2559 536 2630 πολυμαθείας
565 2561 657 2610 καὶ
712 2559 1017 2616 καινότητος
1074 2553 1340 2628 ἐχόμενον.
1373 2553 1536 2611 Ἀλλὰ
1583 2557 1673 2606 καὶ
1701 2555 1790 2605 τὸν

169 2649 324 2700 ἕκτον
385 2647 540 2718 λόγον
624 2653 716 2707 τῆς
790 2653 1106 2718 σοφιστικῆς
1174 2647 1371 2708 ταύτης
1451 2650 1787 2718 παρασκευῆς

169 2735 310 2806 ἄλλῳ
343 2741 442 2790 τινὶ
472 2735 625 2788 πάλιν
647 2732 896 2808 τιὸιρίνῳ
934 2740 1247 2809 προσφωνεῖ.

249 2830 354 2879 Καὶ
382 2822 454 2884 δὴ
505 2830 598 2880 καὶ
649 2828 737 2880 τὸν
789 2820 1010 2896 ἕϐδομον
1059 2823 1210 2897 ἑτέρῳ
1249 2821 1547 2895 Μηνοφίλῳ,
1589 2822 1643 2875 ὃν
1699 2827 1790 2875 καί

172 2934 308 2987 φησι
363 2911 615 2978 παιδείας
661 2914 736 2978 ιίς
781 2915 941 2990 ἄκρον
997 2915 1191 2973 ἥκοντα
1242 2917 1332 2965 καὶ
1361 2913 1543 2987 ῥήσεις
1573 2913 1790 2971 ὁλοκλὴ-

171 3024 301 3079 ρους
367 3007 497 3077 πρός
545 3007 640 3066 τὰς
705 3000 999 3068 ἀποδείξεις
1069 3001 1414 3064 συντελούσας
1471 3009 1563 3054 τοῦ
1641 3002 1787 3054 ἕκτου

173 3094 338 3165 λόγου
393 3101 491 3154 τῆς
542 3101 858 3166 Σοφιστικῆς
918 3099 1263 3166 Παρασκιυῆς
1315 3093 1645 3168 παραθεῖναι,
1702 3095 1790 3143 καὶ

175 3187 488 3258 προτρέπειν
536 3188 628 3235 καί
683 3182 840 3235 αὐτόν
905 3181 990 3236 ἰπὶ
1027 3183 1268 3236 πλεῖστον
1311 3184 1504 3244 ταύτας
1532 3181 1792 3254 ἁθροίζειν

177 3279 289 3333 τοῖς
325 3273 734 3344 συγγράμμασι.
797 3275 896 3324 Τὸν
961 3275 1132 3344 μέντοι
1181 3267 1371 3343 ὄγδοον
1397 3272 1549 3324 πάλιν
1581 3268 1795 3324 Ἰουλιαο

171 3371 242 3433 νῷ
297 3360 616 3427 ἀνατίθησι,
671 3365 762 3414 καὶ
800 3360 1026 3414 αἰτεῖται
1069 3359 1244 3424 αὐτόν,
1301 3363 1345 3412 εἰ
1402 3380 1451 3413 τι
1505 3359 1690 3421 ἀτελῶς
1729 3363 1796 3412 ι’ί-

175 3471 359 3524 ριται,
386 3451 481 3504 in
506 3447 577 3510 δὴ
617 3455 708 3503 καὶ
752 3452 884 3524 μετὰ
948 3454 1098 3504 νόσον
1137 3452 1408 3524 γράφοντι,
1457 3458 1626 3503 ταυτα
1683 3447 1798 3502 δια-

175 3544 343 3595 θεῖναι
383 3544 517 3615 πρὸς
580 3537 888 3616 διόρθωσιν.
966 3544 1064 3594 Τόν
1139 3537 1198 3594 δὲ
1273 3543 1446 3594 ἔνατον
1531 3539 1797 3613 Ῥουφίνῳ,

178 3633 396 3702 φάσκων
427 3633 594 3682 αῖτιον
649 3633 740 3701 μὲν
790 3637 880 3683 τοῦ
928 3631 974 3665 ⁸⁸
1047 3627 1388 3703 ἀπάρξασθαι
1427 3637 1518 3690 τῆς
1567 3649 1804 3704 συγγρα-

176 3728 272 3791 γῆς
315 3718 666 3793 ’Δριστοκλέα
715 3720 978 3791 γενέσθαι,
1035 3727 1128 3772 τοῦ
1186 3715 1245 3771 δι
1303 3717 1388 3773 ἐπὶ
1430 3722 1587 3793 πέρας
1644 3719 1804 3772 ἐλθεῖν

179 3809 335 3860 αὖτόν
375 3812 552 3862 αἴτιον
582 3811 629 3844 ⁸⁸
671 3811 902 3875 ἕσασθαι,
964 3810 1044 3861 ὅτι
1083 3807 1315 3879 έντυχὼν
1372 3816 1482 3870 τοῖς
1509 3813 1803 3883 γεγραμμέ-

178 3917 285 3961 νοις
315 3903 377 3952 τό
411 3917 468 3951 τι
488 3903 766 3972 χρόσιμον
816 3894 1048 3952 συνιδεῖν
1103 3899 1234 3969 ἔσχε
1261 3902 1350 3951 καὶ
1401 3896 1683 3952 ἐπαινέσειε
1710 3902 1800 3950 τόν

179 3993 354 4040 τόνον.
413 3990 519 4040 Τὸν
573 3983 632 4040 δι
681 3985 896 4040 δέκατον
969 3986 1124 4041 πάλιν
1196 3985 1606 4060 ἱπαναστραφεὶς
1672 3991 1800 4061 πρὸς

180 4075 534 4148 Ἀριστοκλέα
587 4079 877 4131 συντάττει.
921 4076 982 4129 ’0
1083 4073 1142 4130 δὴ
1240 4075 1420 4149 ἆφεξῆς
1494 4073 1798 4151 Μηνοδώρῳ

177 4171 627 4238 προσπεφώνηται
674 4164 841 4227 πάλιν,
928 4165 978 4217 έν
1133 4170 1224 4218 καὶ
1274 4162 1614 4240 Ἀριστείδου
1690 4174 1797 4230 τοῖς

177 4253 346 4325 λόγοις
399 4255 495 4324 (ὧς
542 4255 726 4326 φησιν)
793 4252 1023 4326 ἐντυχὼν
1066 4255 1207 4328 ἄρτι,
1285 4258 1400 4308 τότε
1448 4253 1792 4328 ἀκμάζοντος,

1890 1821 2002 1881 tria
2051 1822 2396 1878 morborum
2449 1837 2668 1892 genera
2715 1823 3038 1888 incidisset,
3070 1823 3131 1879 in
3163 1823 3342 1880 urinte
3386 1823 3558 1881 nimi-

1891 1929 2027 1969 rum
2054 1911 2439 1981 stillicidium,
2455 1912 2773 1968 senectutis
2798 1912 3098 1979 comitem,
3122 1913 3180 1968 in
3202 1913 3555 1970 diuturnum

1893 2017 2195 2075 graveque
2240 2001 2450 2057 mentis
2492 2001 2875 2068 delirium;et
2929 2001 3234 2074 sanguinis
3281 2017 3312 2058 e
3355 2009 3555 2060 ventre

1894 2091 2148 2162 ﬂuxum,
2170 2090 2533 2163 morbosque
2553 2089 2700 2147 alios
2717 2090 3220 2164 quamplurimas.
3248 2091 3552 2165 Siquidem

1897 2186 2098 2238 autem
2138 2180 2232 2236 his
2269 2179 2598 2252 aliquando
2635 2179 2917 2236 liberatus
2963 2187 3323 2253 superesset,
3355 2185 3413 2238 et
3440 2181 3556 2238 hoc

1898 2286 2055 2344 opus
2099 2269 2177 2326 ad
2229 2269 2452 2325 exitum
2504 2268 2907 2326 adducturum
2953 2284 3015 2326 se
3063 2268 3392 2342 pollicetur,
3423 2274 3480 2327 et
3508 2270 3558 2327 si

1897 2359 2048 2432 quid
2094 2358 2243 2415 forte
2273 2358 2435 2414 aliud
2467 2359 2593 2431 ipse
2615 2357 2826 2429 jubeat
2851 2359 2929 2415 ab
2955 2359 3210 2416 honesta
3255 2359 3557 2433 doctaque

1897 2449 2158 2505 novitate
2204 2462 2326 2503 non
2357 2447 2641 2503 alienum.
2699 2449 2914 2519 101a
2960 2453 3030 2505 At
3060 2455 3295 2505 sextum
3349 2447 3558 2505 nihilo-

1898 2538 2101 2594 minus
2143 2536 2362 2593 librum
2409 2535 2678 2592 rhetorici
2716 2536 2896 2608 hujus
2943 2542 3294 2610 apparatus,
3343 2537 3556 2595 iterum

1898 2625 2001 2684 alii
2026 2624 2264 2682 cuidam
2291 2624 2566 2682 Tiberino
2586 2623 2841 2682 dedicat.

1971 2823 2040 2878 Ut
2063 2825 2120 2878 et
2149 2820 2475 2892 septimum
2501 2818 2667 2876 alteri
2700 2818 3052 2892 Menophilo,
3080 2835 3263 2894 quem
3295 2820 3372 2879 ad
3399 2837 3556 2879 sum-

1899 2928 2067 2968 mum
2089 2910 2435 2967 eruditionis
2461 2908 2699 2964 culmen
2727 2908 3072 2981 pervenisse
3097 2909 3197 2975 ait,
3219 2915 3277 2966 et
3295 2911 3557 2980 integras

1897 3003 2075 3060 etiam
2096 3001 2380 3076 loquendi
2405 2999 2694 3056 formulas
2724 2997 3163 3071 suppeditasse,
3198 3015 3318 3056 non
3339 3016 3557 3074 parum

1899 3090 2242 3166 profuturas
2289 3089 2366 3146 ad
2397 3105 2468 3146 ea
2493 3087 2965 3161 comprobanda,
2997 3103 3134 3162 quae
3165 3094 3330 3147 sexto
3374 3089 3558 3161 hujus

1904 3179 2170 3238 Orator-ii
2194 3180 2528 3250 Apparatus
2550 3177 2702 3234 libro
2732 3176 3065 3234 traduntur.
3092 3177 3400 3235 Exhortari
3421 3193 3565 3250 ergo

1904 3269 2087 3327 etiam
2099 3269 2259 3324 hunc
2272 3267 2350 3325 ad
2362 3283 2539 3325 voces
2552 3266 2899 3338 hujusmodi
2917 3267 3389 3339 quamplurimas
3431 3267 3569 3324 scri-

1905 3361 2021 3434 ptis
2032 3357 2794 3432 ampliﬁcandas.Octavum
2808 3373 3047 3413 rursum
3059 3357 3087 3412 J
3097 3356 3295 3414 uliano
3308 3356 3564 3424 dedicat,

1908 3453 2200 3522 rogatque
2231 3449 2277 3504 si
2303 3447 2449 3521 quid
2475 3447 2672 3503 minus
2698 3445 3025 3519 perfectum
3050 3447 3334 3503 exciderit
3354 3447 3566 3504 morbo

1912 3538 2226 3618 laboranti,
2276 3538 2570 3608 corrigere
2627 3551 2701 3593 ne
2733 3541 3033 3608 gravetur.
3066 3539 3296 3594 Nonum
3333 3535 3568 3594 Ruﬂino

1914 3628 2268 3692 inscribens,
2317 3626 2662 3683 Aristoclem
2689 3626 2769 3682 ait
2797 3625 2936 3682 huic
2961 3641 3214 3682 causam
3261 3626 3569 3697 scriptioni

1912 3717 2146 3775 dedisse
2173 3739 2184 3782 ;
2207 3715 2374 3788 quod
2401 3722 2600 3771 autem
2631 3715 2708 3771 ad
2734 3715 2916 3771 tinem
2947 3714 3159 3771 eadem
3185 3713 3441 3770 deducta
3471 3714 3566 3783 sit,

1912 3807 2112 3881 ipsum
2159 3810 2465 3862 auctorem
2504 3803 2765 3859 futurum
2792 3809 3133 3875 ;propterea
3162 3801 3328 3876 quod
3357 3807 3568 3859 nactus

1910 3911 1981 3954 ea
2026 3911 2162 3968 quas
2193 3895 2480 3952 hactenus
2505 3897 2673 3948 erant
2718 3891 2895 3956 edita,
2925 3896 2981 3948 et
3003 3891 3312 3948 utilitatem
3356 3906 3567 3947 eorum

1908 3985 2237 4059 agnoverit,
2266 3988 2323 4040 et
2344 3981 2614 4039 laborem
2640 3981 3000 4053 probaverit.
3031 3980 3337 4037 Decimum
3365 3995 3566 4052 porro,

1909 4077 2324 4151 graduiterum
2342 4072 2606 4137 reducto,
2629 4071 2705 4127 ad
2724 4071 3066 4127 Aristoclem
3088 4071 3276 4127 refert.
3305 4073 3568 4142 Sequens

1906 4182 2148 4241 quoque
2195 4162 2516 4219 Menodoro
2545 4175 2780 4216 rursum
2831 4159 3237 4216 offerturzubi
3265 4159 3405 4214 etin
3441 4159 3567 4214 Ari-

1907 4257 2074 4313 stitlaa
2099 4255 2279 4311 etiam
2291 4260 2416 4310 tum
2428 4251 2679 4322 vigentis
2693 4250 2987 4306 orationes
3001 4249 3114 4322 (46)
3129 4264 3256 4305 sese
3283 4247 3568 4305 incidisse

175 4345 335 4397 πολὺν
377 4350 479 4395 τοῦ
547 4339 742 4416 ἀνδρὸς
798 4345 1002 4396 ἔπαινον
1068 4350 1316 4409 ποιεῖται,
1358 4349 1447 4397 καὶ
1499 4351 1790 4420 Μαρκιανόν

1909 4345 2184 4411 afﬁrmat,
2218 4359 2287 4400 ac
2311 4342 2507 4398 virum
2532 4339 2815 4397 laudibus
2839 4338 2899 4394 in
2931 4339 3150 4395 ccelum
3175 4338 3343 4395 tollit.
3377 4337 3570 4395 Refert

175 4451 309 4503 nec
359 4436 457 4486 τόν
500 4434 739 4506 κριτικόν
781 4433 823 4468 ⁶¹
875 4437 1180 4505 συγγραφέα
1225 4433 1482 4509 ύπερορᾲν
1532 4438 1622 4507 μιν
1665 4435 1797 4488 Πλά-

175 4539 334 4585 τωνος
363 4527 464 4574 καὶ
532 4522 892 4593 Δημοσθένους
935 4523 1022 4582 τὰς
1075 4518 1135 4574 δε
1191 4525 1418 4595 Βρούτου
1469 4530 1560 4576 τοῦ
1598 4523 1797 4577 Ἰταλοῦ

175 4611 462 4672 humide
500 4614 794 4686 προκρίνειν
832 4615 919 4663 καὶ
981 4616 1170 4664 κανόνα
1225 4619 1315 4672 τῆς
1380 4611 1429 4664 έν
1486 4611 1622 4686 λόγῳ
1679 4612 1796 4688 ἁρε-

177 4710 272 4765 τες
304 4700 643 4774 ἀποφαίνειν.
679 4706 858 4753 Ταῦτα
897 4695 956 4753 δι
983 4700 1130 4762 οὗτός
1155 4720 1314 4772 φησιν
1343 4701 1473 4774 ούχὶ
1500 4707 1592 4762 τὴν
1617 4705 1795 4757 τοιαύο

175 4796 483 4865 τινκρίσιν
533 4784 946 4861 ἀποδεχόμενος,
997 4787 1104 4841 ἀλλ’
1163 4790 1229 4851 είς
1287 4793 1347 4843 τό
1381 4795 1454 4864 μὴ
1514 4792 1799 4866 θαυμάζειν

179 4882 221 4930 si
249 4897 391 4942 τινες
449 4882 543 4931 καὶ.
591 4885 688 4938 τῆς
733 4873 1063 4952 Ἀριστείδου
1107 4873 1268 4942 δόξης
1317 4878 1562 4934 ίλάττονα
1601 4886 1685 4936 τόν
1711 4886 1798 4936 οἶν-

1909 4441 1968 4494 et
1989 4434 2356 4491 Marcianum
2377 4447 2514 4487 eum
2545 4430 2649 4503 qui
2677 4429 2904 4486 Critica
2933 4428 3298 4501 conscripsit,
3327 4427 3568 4485 Platone

1907 4531 2088 4598 atque
2115 4521 2506 4580 Demosthene
2535 4520 2840 4593 despecto,
2869 4518 3036 4576 Bruti
3070 4517 3318 4575 Romani
3348 4517 3570 4589 episto«

1906 4617 1996 4674 tas
2017 4615 2130 4687 (47)
2153 4612 2377 4670 casteria
2408 4614 2789 4684 anteponere,
2819 4614 2998 4681 atque
3023 4607 3184 4664 hunc
3212 4622 3321 4680 pro
3352 4621 3569 4663 norma

1907 4703 2106 4763 omnis
2129 4701 2191 4758 in
2220 4701 2475 4758 dicendo
2504 4698 2734 4756 virtutis
2763 4702 3035 4754 statuere.
3082 4697 3224 4762 Qua;
3254 4695 3501 4768 quidem
3531 4710 3568 4753 a

1909 4792 2248 4866 Phrynicho
2270 4790 2448 4847 allata
2469 4792 2626 4856 sunt,
2656 4802 2777 4844 non
2799 4785 2962 4858 quod
2989 4784 3413 4856 hocjudicium
3437 4784 3566 4856 ipse

1907 4882 2313 4957 probaret;at
2339 4894 2415 4936 ne
2455 4879 2589 4953 quis
2631 4875 2899 4944 miretur,
2926 4875 2976 4931 si
2999 4873 3251 4948 quidam
3293 4871 3566 4930 Aristidis

1553 4997 1791 5056 VARLE
1812 4998 2215 5060 LECTIONES.

249 5113 300 5148 ⁸⁸
324 5113 702 5181 συμπαίέκτης
758 5130 814 5176 ς.
892 5109 940 5146 ⁵⁷
965 5107 1174 5187 ὶγίνετο
1212 5131 1267 5176 ς.
1329 5115 1418 5187 καὶ
1443 5117 1579 5187 ante
1617 5115 1755 5187 φίλον
1805 5117 1945 5176 add.
2000 5118 2065 5172 A.
2143 5114 2190 5150 ⁸⁸
2213 5114 2431 5187 κρίσεως
2475 5108 2604 5166 AC:
2637 5113 2880 5187 κινήσεως
2906 5128 2961 5173 ς.

3039 5107 3087 5142 ⁸⁸
3143 5111 3237 5159 τοῦ
3265 5134 3336 5146 --
3367 5123 3567 5178 συγρα-

183 5192 276 5255 fi;
305 5192 348 5241 Α
365 5178 492 5264 τῳ
512 5211 595 5264 τη
631 5190 834 5255 γραφῆς
889 5202 945 5246 ς’.
997 5178 1072 5219 ’⁸ο
1122 5186 1286 5236 αἴτιον
1335 5178 1802 5255 Scaligerilihri
1853 5189 2018 5254 ἄξιον.
2097 5187 2142 5224 ⁸³
2199 5178 2446 5260 κρητικόν
2484 5196 2634 5238 corr.
2691 5184 2756 5238 A.
2803 5186 3050 5254 κριτικῶν
3097 5178 3395 5243 Sohottus,
3437 5195 3564 5250 xpu-

363 5240 697 5313 Fabricius.

1774 5385 1998 5442 NOT/E.

257 5479 370 5552 (£5)
395 5479 524 5546 Quo
549 5477 628 5552 de
662 5474 1092 5552 mittendorum
1120 5492 1457 5552 munerum
1489 5479 1671 5540 natali
1694 5483 1790 5539 die

519 5551 602 5624 ab
643 5550 823 5624 Alex.
858 5546 975 5624 lib.
999 5565 1066 5624 __l_l
1097 5550 1303 5624 ϐαθεῖαι
1331 5567 1461 5622 cap.
1493 5557 1593 5624 22;
1626 5561 1681 5610 et
1706 5553 1790 5610 ibi

196 5621 475 5699 Tiraqnel.
498 5619 968 5699 Gul._Stgckius,
997 5619 1148 5699 ῌδηι
1177 5619 1669 5699 ϐοῃοίυρᾳιηρορ.
1705 5629 1786 5692 l6,

201 5691 391 5752 noster
415 5697 578 5756 Mart.
609 5695 688 5750 de
720 5693 847 5749 Roa
877 5691 1050 5748 Cord.
1080 5692 1364 5766 singulari
1390 5693 1609 5755 libello.

1998 5479 2086 5550 46)
2115 5481 2193 5536 De
2218 5476 2441 5551 quibus
2468 5473 2604 5551 intr.
2633 5475 2765 5531 cod.
2793 5476 2931 5551 246.
2945 5477 3003 5531 et
3023 5488 3149 5546 seq.

1998 5482 2086 5550 46)
2115 5482 2193 5536 De
2218 5482 2441 5551 quibus
2469 5482 2604 5531 inl‘r.
2633 5482 2765 5531 cod.
2793 5482 2918 5531 246.
2945 5482 3003 5531 et
3023 5488 3149 5546 seq.

1973 5482 2081 5624 647)
2097 5553 2256 5624 Quas
2274 5567 2308 5624 a
2323 5549 2600 5624 brevitate
2617 5545 3071 5624 commendatae
3085 5544 3259 5624 refert
3273 5541 3567 5624 Plutarch.

1897 5623 1960 5680 in
1978 5615 2269 5695 'ejus‘Vita
2289 5621 2410 5675 init.
2430 5623 2779 5701 exstantque
2799 5618 2868 5674 70
2889 5635 2924 5676 a
2939 5616 3265 5700 Mithridate
3282 5615 3425 5671 olim
3451 5615 3570 5699 col-

1899 5693 2064 5754 lectas
2076 5701 2334 5766 etnuper
2344 5689 2618 5749 Graeceac
2633 5691 2832 5748 Latine
2843 5690 3139 5761 evulgatas
3152 5704 3214 5746 in
3227 5689 3568 5746 Germania.
