4136 6216
647 296 744 358 431

1854 297 2088 355 ΡΗΟΤΙΙ
2128 295 2593 356 ΡΑΤΒΙΑΒΟΗᾹΞ
2627 295 2738 356 CP.
3841 304 3927 363 432

650 425 841 498 gloria
892 429 1237 499 superatum
1271 423 1612 481 existiment
1639 424 1801 481 hunc
1828 424 2041 492 virum,
2074 424 2179 498 qui
2227 423 2301 482 ad

2420 420 2519 497 δρα
2555 424 2883 496 νομίζουσιν,
2917 425 3049 477 οὕτω
3101 424 3273 487 κλέους
3324 432 3410 478 τοῦ
3464 424 3509 477 ἰν
3540 425 3694 499 λόγοις
3720 428 3779 490 εἰς
3803 429 3927 504 ἄκρον

652 530 957 571 summum
990 516 1047 570 in
1074 514 1445 571 orationibus
1478 514 1678 584 glorise
1709 513 1891 571 decus
1916 515 2303 587 pervenisset.

651 602 818 659 Laesit
867 603 1024 659 enim
1064 604 1493 660 nonnullorum
1546 603 1770 660 invidia
1816 604 2015 676 ipsum
2065 619 2309 677 quoque

651 692 992 763 Aristidem,
1021 698 1160 749 utet
1181 692 1327 749 alios
1348 693 1643 766 plurimos
1664 693 1935 750 doctrina
1957 694 2310 750 excellentes

649 781 829 837 viros.
861 782 1218 839 Undecimus
1245 798 1486 857 quoque
1515 782 1676 839 idem
1707 782 1940 839 dicatur
1967 783 2307 839 Menodoro.

650 869 1043 943 Sequentium
1070 888 1207 927 vero
1236 874 1331 945 (ne
1359 877 1415 928 et
1445 888 1554 928 nos
1580 872 1673 928 hic
1705 872 2084 944 loquacitatis
2109 873 2309 928 nimias

653 974 789 1015 cum
840 959 937 1016 illo
965 960 1332 1033 incusemur)
1358 961 1509 1017 alius
1557 961 1804 1033 quidem
1831 960 1979 1017 liber
2032 961 2307 1033 Rbigino,

653 1049 803 1105 alius
858 1050 1146 1117 Aristocli,
1180 1068 1419 1107 rursum
1462 1051 1615 1108 alius
1661 1050 1920 1108 Basididi
1949 1052 2166 1109 Milesio
2212 1053 2311 1108 So-

652 1140 863 1213 phistaa
910 1146 1296 1213 nuncupatur
1322 1141 1414 1197 :in
1445 1156 1568 1214 quo
1598 1141 1699 1206 ait,
1734 1140 1910 1197 simul
1943 1146 2007 1197 ut
2034 1158 2070 1198 a
2100 1140 2311 1198 morbo

650 1232 949 1285 recreatus
975 1233 1150 1295 esset,
1182 1231 1343 1286 hunc
1370 1245 1431 1286 se
1457 1230 1533 1285 ad
1560 1229 1725 1285 illum
1752 1231 2050 1301 scripsisse
2074 1247 2087 1285 :
2112 1236 2311 1303 postuo

651 1317 850 1390 latque
893 1324 1106 1383 errata,
1141 1336 1277 1391 quae
1306 1318 1501 1375 morbi
1529 1318 1685 1387 vitio,
1715 1324 1778 1374 ut
1806 1319 1884 1383 fit,
1931 1319 2310 1382 accidissent,

651 1406 796 1464 lima
814 1424 924 1463 sua
945 1407 1241 1464 emendet.
1262 1408 1541 1481 Reliquos
1560 1424 1768 1463 omnes
1783 1407 1988 1479 libros,
2009 1424 2162 1481 quos
2184 1408 2313 1481 qui-

651 1496 789 1553 dem
839 1512 948 1553 nos
978 1497 1260 1565 vidimus,
1301 1496 1631 1569 Menophilo
1663 1513 1905 1555 rursum
1934 1514 2127 1571 usque
2159 1498 2236 1556 ad
2265 1506 2312 1552 Ω

651 1586 881 1643 obtulit.

722 1675 867 1731 Utile
896 1690 1041 1733 sane
1069 1674 1184 1732 hoc
1214 1692 1367 1749 opus
1397 1691 1525 1733 esse
1556 1680 1808 1741 constat,
1837 1692 1974 1732 cum
2008 1676 2311 1733 scribendi

650 1769 777 1821 tum
812 1766 961 1821 bene
993 1764 1222 1821 dicendi
1256 1746 1562 1822 studiosis.
1615 1765 1902 1822 Collectas
1949 1771 2149 1823 autem
2182 1783 2219 1823 θ.
2249 1783 2311 1824 se
2350 1746 2389 1800 Β

650 1870 823 1911 voces
860 1855 1071 1926 ιοιὺ
1102 1855 1178 1911 ad
1206 1856 1366 1911 hunc
1397 1855 1647 1911 modum
1674 1855 2010 1911 discernere
2033 1872 2092 1911 se
2119 1857 2218 1924 ait,
2249 1861 2314 1913 ut

649 1943 782 2001 aliae
808 1943 1147 2000 oratoribus
1171 1944 1527 2009 tribuantur,
1551 1944 1682 2000 aliae
1703 1945 2002 2000 historicis
2028 1944 2313 2000 addican—

648 2037 763 2096 tur,
783 2032 913 2089 alias
934 2032 1208 2088 familiari
1227 2037 1501 2105 aptentur
1519 2033 1806 2100 sermoni;
1825 2033 2114 2089 nonnulla
2131 2034 2309 2089 etiam

648 2120 945 2176 vocabula
976 2120 1251 2176 convitiis
1281 2121 1673 2186 subserviant,
1705 2121 1780 2177 ad
1812 2121 1939 2177 haec
1969 2127 2025 2178 et
2050 2122 2111 2178 in
2141 2138 2311 2179 ama-

649 2209 817 2264 toriis
849 2208 1261 2264 adhibeantur.
1298 2209 1514 2265 Sinceri
1563 2208 1780 2265 deinde
1811 2216 1867 2265 et
1897 2211 2027 2282 puri
2056 2215 2112 2267 et
2142 2211 2311 2267 Attici

649 2299 939 2354 sermonis
968 2297 1261 2368 regulam,
1293 2313 1569 2354 normam
1597 2304 1776 2371 atque
1805 2300 2146 2371 exemplum
2178 2316 2310 2357 esse

647 2386 1215 2460 praestantissimum
1241 2386 1385 2453 vult,
1420 2388 1721 2445 Platonem
1763 2391 1942 2460 atque
1964 2388 2307 2446 Demosthe-

646 2492 809 2547 nem,
837 2493 975 2533 cum
1004 2476 1232 2548 reliquo
1266 2492 1481 2533 novem
1510 2477 1744 2533 Graaciaa
1770 2483 2076 2534 oratorum
2103 2478 2307 2547 choro,

647 2565 1059 2638 Thucydidem
1098 2582 1340 2639 quoque
1381 2570 1437 2623 et
1475 2568 1946 2638 Xenophontem,
1989 2573 2043 2624 et
2088 2569 2310 2626 Eschi-

645 2656 903 2729 nem(48)
919 2656 1086 2712 illum
1104 2656 1339 2729 Lysanii
1353 2655 1539 2712 ﬁlium
1556 2657 1910 2713 Socraticum
1925 2658 2312 2730 appellatum.

647 2745 884 2802 Critiam
915 2744 1056 2801 item
1088 2744 1400 2801 Calaaschri
1433 2743 1619 2801 tilium
1649 2750 1705 2800 et
1730 2745 2142 2802 Antisthenem
2174 2764 2313 2805 cum

647 2833 951 2905 germanis
968 2834 1099 2905 ejus
1121 2834 1497 2891 orationibus
1516 2834 1754 2889 duabus
1768 2836 1836 2889 de
1856 2834 1989 2907 Cyri
2012 2842 2067 2891 et
2088 2836 2313 2910 Ulyssis

645 2922 950 2980 laudibus.
983 2925 1022 2979 E
1066 2923 1330 2989 comicis,
1362 2923 1816 2995 Aristophanem
1843 2940 1978 2980 cum
2008 2926 2132 2980 suis
2169 2927 2309 2997 (49),

648 3013 1007 3086 ubiquidem
1029 3013 1251 3068 Atticos
1270 3013 1679 3069 imitentur.De
1699 3013 2309 3087 tragicis,lEschylum

645 3100 809 3164 illum
828 3102 1089 3156 maxime
1107 3100 1563 3173 grandiloquum
1579 3118 1647 3157 ac
1665 3102 2020 3173 Sophoclem
2036 3119 2308 3170 suavem,

649 3196 704 3244 et
736 3205 1171 3261 usquequaque
1199 3190 1526 3261 sapientem
1558 3191 1917 3263 Euripidem.
1945 3194 2058 3247 Hos
2084 3195 2310 3249 caeteris

648 3276 932 3332 omnibus
966 3278 1273 3349 anteponit
1299 3278 1421 3333 sive
1462 3279 1822 3343 oratoribus,
1853 3281 1973 3335 sive
2018 3280 2310 3338 historicis

650 3365 772 3421 sive
806 3365 1012 3437 poetis.
1046 3368 1126 3421 Ex
1156 3366 1249 3422 his
1278 3370 1480 3421 tamen
1520 3383 1759 3423 rursum
1788 3370 2016 3425 caeteris
2054 3370 2307 3442 praefert,

647 3469 821 3526 quos.
843 3455 941 3519 ait,
967 3470 1040 3510 ne
1064 3454 1193 3526 ipse
1210 3455 1455 3527 quidem
1479 3456 1709 3511 Momus
1735 3458 2310 3529 reprehenderit,aut

646 3544 895 3599 omnino
925 3545 1254 3614 accesserit;
1284 3560 1404 3600 non
1440 3546 1616 3599 etiam
1650 3545 1697 3600 si
1729 3547 1991 3603 maxime
2018 3549 2166 3603 deus
2192 3550 2307 3616 ille,

646 3645 829 3702 quem
857 3633 1326 3705 Corycaaum(50)
1359 3633 1576 3689 fabulae
1605 3633 1943 3707 indigitant,
1964 3636 2312 3694 illisinhias-

649 3722 1066 3780 set.Platonem
1083 3722 1863 3791 indicat,Demosthenem,et
1884 3726 2113 3799 Lysanii
2132 3727 2311 3783 filium

647 3812 1015 3881 Eschinem,
1048 3817 1290 3885 propter
1314 3812 1492 3884 hujus
1522 3821 1749 3886 septem
1784 3814 2169 3885 Dialogorum
2196 3819 2310 3890 (5t)

646 3903 1273 3974 excellentiamzquos
1335 3903 1515 3957 etiam
1571 3902 1818 3974 quidam
1884 3904 2118 3976 scriptis
2181 3907 2311 3977 ejus

646 3997 992 4057 eximentes,
1028 3990 1106 4047 ad
1140 3992 1441 4048 Socratem
1493 3990 1773 4049 referunt.
1809 3993 1919 4050 Sed
1948 3992 2075 4049 hasc
2105 3994 2310 4052 hacte-

647 4101 784 4142 nus.

720 4172 981 4244 Scriptor
1026 4170 1145 4237 hic,
1178 4168 1225 4223 si
1256 4170 1391 4241 quis
1438 4170 1609 4234 alius,
1641 4172 1805 4227 varia
1831 4172 2046 4228 tinctus
2076 4178 2164 4229 est
2209 4175 2313 4231 do-

646 4262 854 4324 ctrina,
892 4258 1181 4313 verbosus
1213 4256 1456 4329 alioqui,
1487 4263 1544 4313 et
1571 4260 1822 4315 modum
1854 4262 2198 4318 excedendo
2224 4280 2314 4320 re-

646 4348 949 4405 dundans.
977 4348 1292 4402 Enimvero
1317 4346 1513 4417 ipsum
1538 4348 1651 4403 hoc
1672 4365 1847 4420 opus,
1871 4349 2015 4406 nihil
2038 4367 2309 4409 necessa-

645 4438 870 4493 riorum
898 4435 1249 4499 omittendo,
1278 4435 1489 4507 quinta
1513 4437 1694 4491 totius
1716 4444 1883 4508 parte
1906 4441 2094 4510 potuit
2118 4442 2313 4498 absol-

645 4527 826 4592 visse,
849 4542 987 4583 cum
1007 4524 1232 4581 interim
1255 4524 1401 4595 ipse,
1424 4522 1839 4598 intempestiva
1859 4544 1968 4584 sua
1990 4529 2310 4588 verborum

644 4616 1011 4689 profusione,
1064 4613 1331 4670 inutilem
1373 4615 1699 4671 extenderit
1730 4617 1788 4671 in
1817 4617 2173 4674 vastitatem.
2228 4624 2309 4678 Ita

643 4706 790 4763 dum
840 4705 1125 4776 elegantis
1170 4718 1241 4760 ac
1279 4708 1539 4761 venustae
1583 4706 1867 4761 orationis
1912 4705 2123 4763 silvam
2176 4709 2307 4767 aliis

2414 512 2709 566 ἐλάσαντα·
2746 515 2917 587 ἥψατο
2966 518 3067 587 γὰρ
3126 517 3151 566 6
3205 516 3382 587 φθόνος
3419 515 3499 567 ὑπ’
3550 514 3679 568 ἐνίων
3717 524 3929 592 πεμπόμε-

2413 624 2497 666 νος
2527 610 2616 657 καὶ
2665 601 3020 677 Ἀριστείδου,
3079 608 3251 679 ὥσπερ
3282 609 3367 657 καὶ
3423 604 3571 656 ἄλλων
3623 605 3794 658 πολλῶν
3834 628 3928 659 παι-

2419 691 2535 767 δείᾳ
2563 690 2943 766 διενεγκόντων.
3004 693 3140 747 Ἀλλ’
3190 695 3215 746 6
3260 697 3346 765 μεν
3402 690 3648 755 ἑνδέκατος
3683 691 3931 770 Μηνοδώρῳ

2418 784 2801 855 ἐπιπεφώνηται
2860 802 2872 813 ·
2903 792 3001 836 τῶν
3048 780 3107 836 δὲ
3137 783 3330 855 ἐφεξῇς,
3361 785 3437 835 ἱνα
3465 787 3529 855 μὴ
3558 787 3639 835 καὶ
3678 785 3802 855 ἡμεῖς
3844 785 3929 836 κατ’

2419 872 2604 926 ἐκεῖνον
2655 873 2963 945 πολυλογίας
2994 873 3164 925 αἰτίαν
3210 871 3466 945 λάϐοιμεν,
3519 874 3543 924 6
3581 875 3661 944 μὶν
3692 871 3874 944 Ῥηγίνῳ
3898 876 3934 908 ⁹²

2421 960 2526 1016 όδέ
2553 963 2703 1015 πάλιν
2761 962 3105 1038 Ἀριστοκλεῖ,
3148 964 3172 1014 6
3215 958 3274 1014 δὲ
3320 958 3582 1035 Βασιλείδη
3624 969 3687 1032 τῷ
3738 961 3935 1031 Μιλησίῳ

2422 1060 2645 1125 σοφιστῇ
2714 1053 3089 1125 προσεφωνηθη
3144 1053 3211 1117 ⁸³,
3255 1049 3303 1102 ἐν
3455 1069 3602 1122 φησιν
3656 1050 3823 1101 αὐτίκα
3867 1056 3937 1101 τοῦ

2419 1142 2684 1213 ἀνακύψαι
2701 1150 2792 1204 τῆς
2823 1147 2978 1194 νόσου
3017 1142 3346 1200 ποιήσασθαι
3404 1144 3492 1198 τὴν
3522 1142 3637 1213 πρός
3689 1139 3821 1190 αὐτόν
3840 1158 3939 1211 γρα-

2420 1238 2538 1306 φὴν,
2601 1236 2690 1284 καὶ
2749 1231 2967 1283 αἰτεῖται
3018 1238 3117 1281 τῶν
3150 1226 3243 1282 διὰ
3272 1234 3366 1287 την
3391 1234 3533 1281 νόσον
3565 1228 3647 1299 (ὡς
3678 1228 3813 1296 εἰκός)
3832 1227 3941 1296 αύτῲ

2419 1322 2466 1375 ἐν
2519 1330 2590 1393 τῷ
2692 1324 2966 1394 γράμματι
3058 1318 3488 1395 παρασφαλέντων
3586 1316 3808 1369 ἐπιθεῖναι
3870 1320 3941 1373 τὴν

2420 1409 2721 1485 διόρθωσιν.
2767 1413 2831 1463 Οἱ
2872 1407 2931 1463 δὲ
2958 1408 3131 1461 λοιποὶ
3190 1411 3484 1481 σύμπαντες
3543 1405 3697 1478 λόγοι,
3727 1404 3802 1467 οὓς
3828 1406 3944 1476 ἡμεῖς

2419 1500 2722 1574 ἀνέγνωμεν,
2753 1507 2822 1570 τῷ
2904 1497 3180 1571 Μηνοφίλῳ
3240 1497 3397 1550 πάλιν
3451 1500 3607 1571 μέχρι
3646 1501 3728 1546 τοῦ
3752 1515 3786 1546 ω
3816 1492 3945 1545 ἀνετέο

2420 1593 2607 1649 θησαν.

2490 1667 2761 1737 Χρήσιμον
2789 1658 2849 1714 δε
2897 1658 3136 1719 δηλονότι
3182 1662 3237 1711 τό
3298 1656 3502 1731 βιϐλίον
3530 1663 3630 1716 τοῖς
3673 1674 3721 1707 τε
3765 1653 3950 1723 συγγρά-

2420 1772 2526 1824 φειν
2581 1757 2670 1804 καὶ
2721 1753 3015 1827 ῥητορεύειν
3074 1748 3353 1802 ἐθέλουσιν.
3405 1747 3528 1821 [173
3586 1744 3673 1818 Η.]
3725 1744 3863 1803 Αὐτός
3906 1738 3950 1791 δὲ

2420 1838 2785 1915 διακρίνεσθαί
2838 1861 2968 1913 φησι
3014 1842 3106 1901 τὰς
3183 1837 3569 1911 συνειλεγμένας
3639 1834 3766 1904 αὐτῷ
3821 1831 3953 1903 φωνὰς

2418 1940 2599 1984 τοῦτον
2644 1935 2730 1983 τόν
2784 1936 2972 2005 τρόπον
3028 1950 3040 1962 ·
3089 1932 3183 1990 τὰς
3237 1930 3328 2000 μὲν
3364 1930 3469 2000 γὰρ
3533 1925 3690 1977 αὐτῶν
3751 1923 3952 2005 ῥήτορσιν

2418 2003 2821 2085 ἀποδεδόσθαι,
2870 2023 2963 2083 τὰς
3010 2016 3068 2072 δὲ
3114 2025 3225 2079 τοῖς
3286 2018 3650 2089 συγγράφουσι
3685 2012 3746 2075 ⁸⁸,
3789 2012 3866 2070 τὰς
3911 2003 3955 2058 δι

2418 2116 2725 2173 συνουσίαις
2782 2110 3107 2185 ἐφαρμόζειν.
3168 2106 3304 2168 ἐνίας
3352 2104 3417 2158 δὲ
3472 2108 3554 2156 καὶ
3626 2102 3689 2162 εἰς
3731 2101 3812 2159 τὰς
3847 2115 3954 2148 σκω-

2417 2205 2610 2263 πτικὰς
2648 2202 2943 2272 ὑπάγεσθαι
2990 2198 3188 2259 λαλιὰς,
3234 2197 3264 2255 ᾖ
3289 2200 3389 2248 καὶ
3420 2196 3489 2256 εἰς
3518 2197 3633 2253 τοὺς
3658 2192 3702 2226 ⁸⁵
3731 2187 3957 2261 ἐρωτικοὺς

2419 2292 2720 2365 ἐκφέρεσθαι
2776 2294 3015 2365 τρόπους.
3076 2287 3399 2362 Εἰλικρινοῦς
3443 2281 3501 2336 δὲ
3528 2286 3614 2335 καὶ
3657 2281 3859 2353 καθαροῦ
3884 2276 3958 2365 καὶ

2418 2360 2660 2436 Ἀττικοῦ
2712 2360 2867 2451 λόγου
2919 2382 3131 2437 κανόνας
3178 2360 3264 2427 καί
3318 2376 3560 2446 στάθμας
3626 2374 3709 2422 καὶ
3749 2360 3959 2439 παράδει-

2415 2475 2523 2546 γμά
2555 2491 2710 2545 φησιν
2732 2472 2946 2544 ἄριστον
3001 2466 3247 2520 Πλάτωνά
3295 2484 3348 2517 τε
3384 2468 3471 2515 καὶ
3528 2460 3831 2546 Δημοσθένην
3862 2454 3961 2546 μετᾲ

2418 2544 2508 2615 τοῦ
2533 2544 2813 2637 ῥητορικοῦ
2866 2567 2965 2610 τῶν
3012 2555 3149 2608 ἐννέα
3198 2561 3395 2628 χοροῦ,
3448 2544 3771 2606 Θουκυδίδην
3810 2562 3855 2596 τε
3893 2544 3960 2593 καὶ

2420 2656 2712 2725 Ξενοφῶντα
2758 2654 2848 2701 καὶ
2917 2646 3182 2718 Αἰσχίνην
3237 2648 3326 2696 τόν
3382 2646 3642 2697 Λυσανίου
3686 2643 3764 2690 τόν
3803 2642 3965 2704 Σωκρα-

2419 2722 2582 2807 τικόν,
2615 2740 2742 2814 [328
2799 2736 2893 2810 IL]
2946 2740 3160 2809 Κριτίαν
3208 2753 3260 2786 τε
3304 2737 3398 2786 τὸν
3453 2731 3802 2802 Καλλαίσχρου
3838 2725 3877 2758 ⁸⁸
3896 2722 3964 2771 καὶ

2420 2833 2751 2887 Ἀντισθένην
2807 2829 2933 2899 μετὰ
2958 2834 3056 2877 τῶν
3101 2827 3332 2895 γνησίων
3386 2821 3547 2875 αὐτοῦ
3595 2814 3687 2871 δύο
3720 2815 3878 2885 λόγων,
3899 2814 3968 2861 τοῦ

2419 2926 2534 2996 περὶ
2584 2923 2753 2992 Κύρου
2810 2922 3028 2969 καὶτοῦ
3072 2918 3188 2987 περὶ
3238 2908 3564 2970 Ὀδυσσείας
3618 2909 3681 2943 ατο
3720 2913 3808 2956 τῶν
3829 2904 3967 3002 μέντοι

2419 2990 2683 3083 κωμῳδῶν
2732 3006 3115 3081 Ἀριστοφάνην
3195 3004 3324 3075 μετὰ
3413 3008 3505 3054 τοῦ
3588 2997 3785 3059 οἰκείου,
3836 2990 3875 3042 ἐν
3916 2990 3972 3044 οἷς

2422 3101 2772 3162 ἀττικίζουσι,
2820 3103 3010 3169 χοροῦ,
3061 3099 3286 3146 καὶτῶν
3350 3098 3616 3168 τραγικῶν
3647 3082 3884 3156 Αἰσχύλον
3904 3080 3971 3128 τὸν

2420 3189 2899 3263 μεγαλοφωνότατον
2948 3188 3035 3235 καὶ
3092 3181 3348 3254 Σοφοκλέα
3406 3185 3493 3234 τόν
3539 3178 3723 3249 γλυκὺν
3783 3176 3861 3223 καὶ
3897 3168 3972 3263 ’τόν

2420 3282 2680 3350 πάνσοφον
2725 3270 3042 3348 Εὐριπίδην,
3095 3274 3316 3330 Τούτους
3382 3273 3667 3343 προκρίνων
3717 3270 3806 3315 τῶν
3843 3256 3973 3309 ἄλλων

2420 3368 2656 3421 ἁπάντων
2687 3370 2776 3417 καὶ
2822 3364 3057 3439 ῥητόρων
3116 3364 3202 3413 καὶ
3250 3362 3594 3432 συγγραφέων
3632 3358 3717 3407 καὶ
3767 3352 3973 3445 «amri»?

2421 3457 2474 3520 ἐξ
2519 3456 2685 3507 αὐτῶν
2714 3453 2865 3505 πάλιν
2909 3452 3205 3526 προτάττει,
3252 3448 3341 3510 ούς
3393 3447 3477 3516 ἂν,
3533 3450 3705 3519 φησὶν,
3758 3434 3858 3491 οὐδ’
3907 3452 3978 3528 av:

2422 3550 2503 3607 τὸς
2546 3547 2571 3597 6
2627 3551 2815 3614 Μῶμος
2872 3524 3290 3611 καταμέμψαιτο,
3356 3534 3478 3590 οὐδ’
3527 3539 3571 3588 εἶ
3624 3551 3695 3592 τις
3751 3524 3977 3597 δαίμωνὸ

2420 3634 2858 3708 μυθολογούμενος
2976 3634 3273 3700 Κωρυκαῖος
3330 3626 3378 3679 εἰ
3457 3624 3754 3696 ἑπεγχάνοι,
3770 3708 3777 3709 7
3800 3707 3807 3709 A
3820 3614 3981 3709 χαιρήτ

2422 3744 2552 3777 σειεν
2583 3723 2670 3758 ⁸⁸·
2705 3720 2847 3773 οὗτοι
2904 3715 2952 3770 δ’
3007 3717 3108 3769 εἰσὶ
3167 3715 3381 3768 Πλάτων
3436 3718 3530 3767 καὶ
3585 3707 3887 3783 Δημοσθένης
3910 3707 3979 3749 καί

2422 3816 2558 3866 ότοῦ
2590 3813 2857 3866 Λυσανίου
2917 3807 3182 3878 Αἰσχίνης
3238 3801 3310 3857 δι’
3350 3804 3546 3872 ἀρετὴν
3604 3810 3700 3853 τῶν
3746 3795 3860 3849 ἐπτὰ
3885 3796 3982 3888 Δια·

2419 3903 2600 3973 λόγων,
2652 3900 2685 3951 ἂ
2731 3903 2819 3950 καὶ
2867 3896 3238 3969 ἀφαιρούμενοῖ
3308 3913 3444 3955 τινες
3519 3901 3617 3945 τῶν
3687 3896 3980 3973 συγιραὲιμαξ

2421 4001 2519 4045 τῶν
2568 3990 2823 4061 Σωκράτει
2871 3989 3273 4059 προσνέμουσιν.
3344 3983 3485 4036 Ἀλλ’
3542 3982 3592 4037 έν
3632 3978 3843 4044 τοσούτῳ
3889 3968 3981 4039 περὶ

2420 4083 2633 4134 τούτων.

2491 4169 2645 4223 ’Ἐστι
2679 4163 2737 4220 δὲ
2781 4168 2806 4218 ὀ
2882 4167 3232 4237 συγγραφεύς,
3305 4165 3351 4214 εἴ
3416 4181 3497 4223 τις
3550 4156 3981 4230 πολυμαθέστατος.

2421 4259 2580 4319 ἄλλως
2630 4256 2688 4310 δὲ
2742 4255 2892 4317 λάλος
2939 4259 3027 4305 καὶ
3082 4256 3320 4327 περιττός
3356 4269 3368 4281 ·
3418 4256 3513 4303 καὶ
3570 4252 3672 4321 γὰρ
3719 4248 3801 4296 καὶ
3827 4240 3983 4291 ταύτην

2420 4354 2510 4409 τὴν
2567 4349 2946 4422 πραγματείαν,
3002 4346 3131 4415 μετὰ
3195 4349 3286 4395 τοῦ
3346 4337 3523 4413 μηδὲν
3591 4345 3690 4391 τῶν
3741 4332 3988 4424 ﬁrmam”.

2422 4438 2753 4511 παραλιπεῖν,
2809 4432 2913 4485 ἐνὸν
2989 4428 3117 4505 μηδ’
3179 4432 3250 4493 εἰς
3330 4435 3574 4503 πέμπτον
3626 4430 3672 4463 θ’
3723 4428 3858 4497 μέρος
3918 4429 3989 4464 τον

2420 4506 2538 4581 ὅλου
2594 4527 3005 4598 συγγράμματος
3068 4521 3377 4594 ἀπαρτίσαι,
3446 4520 3610 4580 αὐτὸς
3683 4506 3989 4606 ἁκαιρολογῶτς

2421 4618 2492 4679 εἰς
2544 4616 2739 4676 πλῆθος
2785 4612 2991 4676 ἐξέτεινε
3071 4607 3447 4683 δύσχρηστον,
3538 4613 3631 4661 καὶ
3713 4600 3862 4655 καλοῦ
3922 4600 3995 4643 καί

2421 4711 2612 4782 ὡραίου
2664 4706 2817 4776 λόγου
2906 4702 3030 4761 ὕλην
3142 4701 3309 4761 ἄλλοις
3413 4696 3775 4773 συναθροίζων
3867 4684 3994 4739 αὐτὸς

1992 4834 2231 4889 νΑΒΙλΕ
2272 4833 2672 4892 LECTIONES.

716 4958 761 4993 θ’
836 4954 1049 5028 Ῥιγίνῳ
1082 4976 1137 5021 ς’.
1215 4955 1290 5011 cf.
1343 4955 1534 5011 Vales.
1567 4955 1706 5028 add.
1756 4958 1814 5011 in
1890 4966 2097 5015 annot.

2201 4961 2279 5017 ad
2309 4962 2533 5018 Socrat.
2634 4973 2693 5029 p.
2788 4957 2876 5010 44.
2973 4956 3034 5011 C.

641 5031 772 5108 νῂθη
818 5049 884 5108 ς..
928 5026 1403 5108 ἰθδίσυγγραφεῦσι
1429 5026 1731 5108 Αδοᾶιίβθΐ.
1810 5030 2022 5108 “frob;
2075 5031 2214 5088 add.
2272 5034 2335 5089 Α.

3140 4951 3232 5040 99‘;
3297 4952 3495 5040 Ain“:
3579 4952 3627 4989 ⁸³
3707 4956 4000 5040 πΡῨῗίέῗῩῩ

2412 5009 2872 5102 ἷϐ-Πῐζαλῖιίσχρου
2934 5009 3011 5090 ς’.ψ
3067 5026 3113 5102 ⁶ξ¹
3163 5022 3370 5082 ἀδυσσῆ
3415 5027 3533 5102 ,τὸν
3567 5053 3636 5102 ’ἶ
3694 5009 3999 5102 “ﬁgam?

643 5079 698 5136 δέ
718 5079 1029 5190 istiista:
1060 5079 1131 5154 Αἵ
1150 5079 1215 5190 ’ές
1421 5079 1482 5155 ct
1502 5079 1642 5190 lis“
1657 5079 1750 5182 iii.
1784 5079 2461 5190 χριεετέέεξςᾱξέέωέῑέσηςν
2519 5079 2895 5190 gigans
2944 5079 3251 5170 ·χωρίσειιν,
3302 5079 3545 5153 omisso
3615 5079 3778 5164 (ωδ
3802 5079 4002 5155 innxi-

641 5170 833 5228 νοιέἰ.’
887 5173 934 5208 ⁶⁹
964 5170 1213 5244 πέμπτον’
1245 5170 1293 5223 ἓν
1324 5185 1477 5227 corr.
1508 5170 1575 5237 Ᾱ,
1604 5172 1706 5244 qui
1736 5170 1837 5245 (ιώ

1922 5190 2011 5247 pr.
2038 5172 2337 5245 habuerit,
2366 5189 2491 5231 non
2519 5172 2724 5245 liquet.

2269 5318 2312 5374 Ν
2319 5319 2491 5375 ΟΤιλΕ.

738 5468 828 5543 48)
858 5471 939 5543 ρο
980 5484 1103 5543 quo
1128 5468 1269 5525 item
1296 5486 1459 5543 supr.
1491 5472 1624 5528 cod.
1644 5477 1733 5529 6|.

737 5540 824 5609 49)
858 5540 1077 5615 Yeteris
1114 5540 1421 5615 comoediis
1452 5545 1859 5615 scriptoribus.

713 5616 828 5679 (50)
862 5612 1003 5667 Vide
1036 5613 1278 5667 Suidam
1310 5623 1362 5667 et
1391 5612 1638 5684 Adagi’a.

620 5706 632 5711 λ
714 5683 826 5760 (51)
856 5684 1018 5749 Quos
1041 5685 1101 5738 in
1129 5683 1257 5756 ejus
1284 5685 1412 5741 Vita
1438 5683 1622 5742 Laert.
1658 5688 1944 5758 Diogenes
1965 5694 2297 5746 enumerat.

2412 5479 2476 5549 In
2505 5474 2726 5549 quibus
2746 5479 2801 5531 et
2832 5473 3262 5549 Axiochus,_seu
3279 5473 3355 5528 De
3387 5470 3694 5549 morte,ab
3713 5470 4005 5549 Harpocras

2413 5532 2571 5630 tion'e
2593 5561 2835 5630 quoque
2851 5546 3060 5630 eidem
3080 5532 3343 5630 tributus
3353 5560 3385 5630 ξπ
3399 5543 3518 5630 ets‘i
3539 5532 4005 5630 hodieegdfglfg.

2410 5608 2635 5677 Platoni
2670 5608 3043 5675 adscribitur.
3080 5616 3228 5672 Vide
3269 5622 3323 5671 et
3352 5614 3616 5670 Suidam
3648 5613 3709 5669 in
3731 5608 4003 5665 Eschine.
