4136 6216
214 281 315 340 L33

1354 285 1850 345 BIBLIOTHECA.
1896 320 1961 333 -
1999 290 2210 348 CODD.
2256 291 2445 350 CLIX.

3478 307 3592 365 434

214 412 271 463 ού
316 410 435 462 λίαν
503 412 718 484 τοιούτῳ
793 416 911 487 περὶ
991 411 1159 466 αύτῶν
1241 410 1577 485 ἀπαγγέλλων
1661 413 1806 490 ἐχρήι

1941 420 2293 487 accumulat,
2336 436 2410 477 ne
2446 421 2548 479 illa
2585 424 2831 496 quidem
2884 428 3042 500 ipsa,
3084 430 3158 486 de
3198 446 3320 504 qua
3367 432 3599 491 castoris

212 519 339 554 σατο
371 502 446 553 ⁷ο.

931 590 1103 647 ΡΝΘ’.

279 681 617 754 Ἰσοκράτους
662 688 756 734 τοῦ
807 681 1023 804 ῥήτορος
1073 681 1221 770 λόγοι
1267 678 1374 749 κα¹,
1408 687 1498 735 καὶ
1553 683 1760 738 ἐπιστο-

958 760 1011 804 αἱ
1046 755 1071 804 θ
1098 795 1111 804 .

958 760 1011 806 αἱ
1046 755 1111 809 θ’.

276 841 609 912 Ἀνεγνωσθη
627 844 672 879 ⁷¹
707 842 1041 917 Ἰσοκράτους
1062 851 1154 896 τοῦ
1180 844 1398 920 ῥήτορος
1432 849 1594 916 Λόγοι
1624 844 1709 896 κα¹
1739 846 1831 895 καὶ

209 930 513 985 Ἐπιστολαὶ
565 932 628 989 θ’.
661 931 1100 1004 Συμϐουλευτικοὶ
1163 937 1253 1006 μὲν
1310 943 1408 987 τῶν
1457 934 1617 986 αὑτοῦ
1663 933 1830 1005 λόγων

213 1021 342 1074 εἰσὶν
397 1024 423 1074 ὃ
492 1041 547 1075 τε
600 1026 731 1096 πρός
779 1028 1061 1095 Δημόνικον
1112 1028 1201 1075 καὶ
1279 1025 1304 1076 6
1357 1027 1483 1096 πρὸς
1549 1022 1824 1088 Νικοκλέα,

205 1118 513 1187 χρησίμους
566 1117 890 1187 παραινέσεις
929 1117 1277 1185 περιέχοντες,
1335 1118 1422 1165 καὶ
1482 1114 1557 1166 ἔτι
1616 1114 1640 1164 6
1709 1109 1825 1165 δεύ-

206 1221 349 1275 τερος
389 1205 525 1274 πρὸς
561 1202 819 1255 Νικοκλέα
864 1208 954 1255 καὶ
998 1203 1023 1254 6
1053 1204 1100 1237 ⁷³
1150 1208 1275 1277 Περὶ
1318 1211 1408 1264 τῆς
1448 1203 1668 1277 εἰρήνης.
1712 1209 1818 1255 Καὶ

204 1294 230 1344 ὀ
266 1296 633 1365 Πανηγυρικός
687 1288 746 1344 δὲ
792 1295 985 1344 σκοπόν
1024 1294 1163 1364 ἔχειν
1194 1293 1497 1345 ὑποτίθεται
1552 1296 1646 1351 τὴν
1691 1311 1823 1364 συμ-

203 1382 419 1445 ϐουλήν,
452 1378 527 1434 δι’
562 1382 625 1444 ἧς
668 1383 880 1455 ὁμόνοιά
910 1401 962 1434 τε
990 1385 1120 1455 πρὸς
1159 1380 1410 1444 ἀλλήλους
1454 1389 1559 1443 τοῖς
1604 1380 1823 1439 Ἕλλησι

201 1477 290 1523 καὶ
351 1475 525 1534 κοινὸς
592 1473 618 1523 ὁ
676 1474 802 1545 πρός
860 1474 980 1533 τοὺς
1040 1470 1345 1547 βαρϐάρους
1409 1473 1817 1545 καταπραχθείη

199 1562 443 1633 πόλεμοςο
492 1564 550 1612 τό
622 1557 682 1613 δὲ
761 1560 1001 1613 πλεῖστον
1063 1568 1155 1613 τοῦ
1216 1560 1373 1632 λόγου
1442 1561 1511 1623 εἰς
1583 1562 1650 1612 τὰ
1720 1568 1819 1611 τῶν

198 1654 499 1708 Ἀθηναίων
572 1653 809 1723 ἒγκώμια
868 1651 1257 1726 κατατρίϐεται.
1325 1656 1426 1704 Καὶ
1480 1652 1505 1702 6
1562 1651 1816 1722 Ἀρεοπα-

1941 516 2239 582 praecepta
2269 511 2465 578 tradit,
2498 519 2653 570 recte
2692 517 2836 572 satis
2868 517 3239 591 Phrynichus
3280 525 3367 578 est
3400 537 3569 580 usus.

2674 602 2851 661 CLIX.

2118 688 2391 746 Isocratis
2434 691 2734 751 Orationes
2774 710 2887 751 un.
2921 703 2978 753 et
3013 698 3305 768 Epistolas
3343 715 3416 756 Ix.

2012 847 2288 918 Legimus
2329 851 2601 908 Isocratis
2637 856 2888 910 oratoris
2926 871 3105 913 unam
3156 873 3343 928 supra
3393 860 3600 933 viginti

1943 935 2275 1004 Orationes,
2303 945 2357 995 et
2382 940 2675 1010 Epistolas
2700 960 2924 1001 novem.
2956 944 3330 1004 Deliberativi
3349 949 3595 1021 quidem

1940 1026 2178 1095 generis
2196 1029 2494 1085 orationes
2523 1030 2704 1088 habet
2732 1033 2809 1089 ad
2837 1036 3225 1092 Demonicum
3252 1040 3309 1092 et
3337 1038 3413 1094 ad
3427 1040 3597 1097 Nico-

1938 1115 2109 1181 clem,
2152 1134 2285 1190 quaa
2324 1118 2762 1178 admonitiones
2816 1125 3119 1181 continent
3158 1127 3439 1198 perutiles
3482 1147 3495 1198 ;
3539 1134 3597 1185 et

1936 1204 2182 1262 alteram
2199 1206 2338 1263 item
2358 1209 2432 1265 ad
2446 1209 3077 1287 Nicoclem,unamque
3092 1214 3205 1288 (52)
3227 1217 3310 1273 De
3315 1220 3595 1288 ρπϐ-Ρα-

1935 1297 2221 1366 negyrica
2236 1302 2433 1353 autem
2466 1301 2569 1355 etsi
2586 1300 2685 1357 illa
2702 1303 3001 1375 proposita
3017 1303 3367 1363 deliberatio
3395 1307 3595 1366 videa-

1934 1389 2041 1451 tur,
2072 1400 2194 1459 qua
2212 1386 2452 1454 Graecis,
2481 1390 2806 1446 concordia
2829 1391 3153 1466 interipsos
3202 1394 3366 1464 inita,
3388 1397 3592 1453 sociali

1930 1474 2087 1531 bello
2130 1476 2418 1533 Barbaros
2458 1494 2588 1534 esse
2641 1482 3089 1554 oppugnandos
3140 1485 3588 1556 persuadeatur,

1937 1566 2146 1636 102a
2169 1565 2346 1635 longe
2375 1570 2572 1623 tamen
2609 1570 2869 1627 maxima
2890 1570 3047 1627 illius
3061 1573 3346 1629 orationis
3366 1591 3504 1647 pars
3530 1576 3591 1632 in

1929 1655 2368 1712 Atheniensium
2390 1656 2671 1713 laudibus
2697 1661 3079 1717 recensendis
3102 1669 3459 1737 consumpta
3480 1670 3587 1722 est.

198 1746 405 1813 γιτικός
488 1738 548 1794 δέ
625 1750 723 1794 τῶν
795 1740 1247 1813 συμϐουλευτικῶν
1317 1740 1450 1808 ἐστὶ,
1516 1745 1806 1815 προτρέπων

1930 1744 2377 1815 Areopagiticus
2428 1762 2670 1820 quoque
2724 1748 2784 1804 in
2846 1751 3253 1808 suasoriarum
3312 1769 3586 1820 numero,

199 1836 319 1891 τούς
365 1832 685 1891 Ἀθηναίους
725 1828 803 1883 ἐπ’
831 1830 1017 1904 ἀρετὴν
1056 1829 1109 1894 ἐξ
1150 1831 1358 1884 ἐπαίνου
1409 1834 1498 1903 μὲν
1542 1838 1642 1883 τῶν
1688 1850 1814 1904 προ-

197 1925 506 1993 γεγονότων,
539 1916 881 1993 καταδρομῆς
932 1917 991 1973 δὲ
1021 1927 1120 1972 τῶν
1164 1923 1237 1972 ἔτι
1282 1928 1354 1991 τῷ
1397 1919 1501 1993 βίῳ
1530 1921 1576 1955 7³
1608 1923 1809 1992 περιόν-

199 2031 319 2062 των.
351 2014 455 2063 Καὶ
507 2011 532 2061 6
584 2009 883 2070 Πλαταϊκός
913 2005 971 2062 δὲ
1005 2008 1445 2083 συμϐουλευτικός
1482 2008 1614 2063 ἐστι.
1660 2014 1761 2062 Καὶ
1789 2010 1815 2061 6

199 2100 610 2171 ἐπιγραφόμενος
684 2096 743 2151 δὲ
800 2095 1133 2173 Ἀρχίδαμος
1195 2097 1634 2171 συμϐουλευτικός
1677 2098 1810 2151 ἐστι·

202 2189 495 2263 παρακαλεῖ
518 2189 569 2222 ⁷⁸
598 2185 1052 2260 Λακεδαιμονίους
1104 2187 1187 2240 ἰπὶ
1231 2192 1318 2240 τόν
1362 2189 1475 2240 κατ’
1526 2188 1813 2245 Ἀθηναίων

192 2280 414 2352 πόλεμον
463 2280 595 2352 ὑπὲρ
647 2282 961 2336 Μεσσηνίων
986 2279 1055 2332 ⁷⁸.
1096 2277 1154 2330 Ὀ
1211 2275 1269 2331 δὲ
1316 2278 1461 2331 Κατά
1514 2287 1613 2330 τῶν
1664 2286 1813 2351 Σοφι-

198 2378 333 2422 στ-Ξιν
398 2368 810 2443 ἐπιγραφόμενος
880 2371 1171 2442 κατηγορία
1245 2376 1345 2420 τῶν
1425 2366 1813 2420 ἀντιπολιτευο-

190 2463 357 2530 μένων
387 2458 533 2528 αύτῷ
583 2456 696 2509 ἐστὶ
745 2465 1026 2529 σοφιστῶν.
1055 2457 1114 2509 '0
1155 2453 1213 2510 δὲ
1262 2457 1439 2529 ἑφεξῆς
1488 2456 1639 2529 λόγος
1687 2464 1812 2510 Βου-

196 2544 405 2623 σίριδος
456 2547 600 2618 αύτῷ
639 2546 781 2599 ἐστὶν
831 2546 1105 2619 ἐγκώμιον,
1163 2548 1335 2622 ὥσπερ
1386 2552 1475 2599 καὶ
1537 2546 1810 2621 ἐπιγέγρα-

193 2657 343 2691 πται.
376 2637 436 2689 Ὀ
493 2634 549 2689 δε
606 2632 881 2698 ἑνδέκατος
921 2635 1119 2696 Ἑλένης
1159 2634 1431 2707 ἐγκώμιον.
1471 2640 1571 2689 Καὶ
1628 2638 1653 2687 ό
1708 2633 1808 2688 δω-

192 2723 417 2788 δέκατος
496 2725 762 2799 Εύαγόρου
814 2724 1090 2798 ἐγκώμιον,
1144 2726 1194 2785 ὃς
1256 2724 1521 2801 Εὐαγόρας
1591 2727 1808 2798 ἐπιγρά-

190 2836 360 2888 φεται,
411 2818 913 2890 προσπεγωνημένος
992 2814 1238 2867 Νικοκλεῖ
1312 2823 1384 2885 τῷ
1464 2816 1582 2868 υἱεῖ.
1624 2813 1683 2865 Ὀ
1749 2811 1807 2867 δὲ

190 2909 604 2979 ἐπιγραφόμενος
668 2902 921 2965 Φίλιππος
1004 2901 1444 2975 συμϐουλευτικός
1523 2901 1657 2967 ἐστι,
1722 2909 1807 2957 Φι-

186 2994 369 3065 λίππῳ
421 2991 790 3065 συμϐουλεύων
845 2999 936 3053 τῆς
988 3011 1040 3044 τε
1108 3000 1205 3043 τῶν
1280 2991 1525 3050 Ἑλλήνων
1604 2997 1806 3065 φροντί-

193 3087 297 3145 ζειν
339 3084 582 3153 ὁμονοίας
639 3080 765 3153 [174
798 3078 895 3153 Η.]
936 3084 1025 3131 καὶ
1083 3088 1178 3141 τῆς
1226 3084 1358 3132 κατὰ
1405 3089 1504 3132 τῶν
1552 3079 1599 3131 ἓν
1648 3080 1805 3153 Ἀσίᾳ

189 3170 480 3246 βαρϐαρων
528 3174 896 3245 συστρατείας.
951 3169 1008 3221 Ὀ
1062 3166 1121 3222 δὲ
1192 3172 1590 3231 Παναθηναῖκὸς
1638 3169 1802 3242 ἐγκώ-

184 3266 308 3333 μιόν
364 3261 482 3313 ἐστι
524 3269 620 3322 τῆς
662 3260 950 3318 ’Δθηναίων
996 3259 1184 3320 πόλεως
1224 3265 1312 3312 καὶ
1368 3267 1467 3311 τῶν
1514 3264 1799 3335 προγόνων,

185 3354 240 3402 ἂν
294 3349 639 3424 ἀπάρξασθαι
679 3352 769 3421 μὲν
819 3368 945 3419 φησι
1005 3352 1324 3423 συγγράφειν
1369 3347 1667 3407 ἐνενήκοντα
1713 3355 1801 3403 καὶ

183 3442 451 3512 τεττάρων
494 3437 616 3490 irrisa
660 3439 801 3510 οἶγων
850 3437 1076 3503 ἡλικίαν,
1109 3442 1265 3490 νόσου
1316 3434 1375 3491 δὲ
1417 3437 1655 3510 χαλεπῆς
1697 3458 1800 3512 τρι-

185 3536 327 3583 ετίαν
370 3530 759 3600 κατασχούσης
802 3526 850 3579 ἐν
886 3536 957 3598 τῷ
1004 3526 1316 3597 ἐνενηκοστῷ
1358 3524 1567 3600 ἑϐδόμῳ
1608 3527 1679 3589 εἰς
1717 3533 1801 3581 πέ-

182 3639 273 3689 ρας
333 3616 553 3689 ἀγαγεῖν
600 3620 685 3669 τὸν
731 3616 901 3689 λόγον.
944 3616 1003 3669 Ὀ
1054 3613 1112 3669 δὲ
1166 3621 1289 3689 Περὶ
1339 3625 1428 3678 τῆς
1486 3615 1800 3680 ἀντιδόσεως

182 3707 595 3783 ἕπιγραγόμενος
653 3706 808 3778 λόγος
862 3702 1131 3768 δικανικὸς
1186 3725 1263 3768 τις
1320 3703 1449 3759 εἶναι
1494 3703 1658 3771 δοκεῖ,
1713 3712 1801 3760 καὶ

180 3796 473 3869 ἀπολογίαν
522 3799 661 3867 ἔχων
703 3796 770 3847 ὧν
826 3800 1145 3869 Λυσίμαχος
1176 3803 1347 3859 κακῶς
1388 3797 1521 3848 εἶπεν
1568 3796 1798 3869 Ἰσοκρά-

177 3906 292 3943 την.
332 3886 463 3957 [329
490 3884 584 3960 3.]
616 3887 716 3937 Δύο
742 3882 803 3938 δὲ
844 3890 932 3937 καὶ
982 3882 1305 3957 ὀγδοήκοντα
1344 3884 1465 3936 ἐτῶν
1506 3889 1612 3937 ὄντι
1655 3886 1800 3947 οὗτος

178 3979 324 4045 tlte;
352 3978 402 4012 7‘
444 3979 701 4047 μέγιστος
752 3975 821 4025 ὢν
880 3983 980 4027 τῶν
1037 3974 1199 4026 ἄλλων
1246 3976 1270 4025 ό
1313 3973 1462 4047 λόγος
1514 3978 1771 4047 συνετάγη

180 4068 299 4116 ἔστι
344 4062 394 4117 δ’
439 4066 466 4117 6
516 4065 667 4136 λόγος
691 4065 733 4098 η
767 4066 1062 4137 σύμμικτος
1109 4069 1198 4117 καὶ
1237 4064 1492 4127 ποικίλος,
1526 4064 1715 4135 μᾶλλον
1764 4070 1793 4124 ἤ

178 4160 231 4208 οἱ
284 4155 447 4207 ὒλοιο
482 4157 826 4230 παρατίθεται
880 4151 939 4207 δὲ
986 4160 1071 4208 καὶ
1123 4162 1222 4206 τῶν
1281 4154 1445 4206 ἄλλων
1500 4155 1660 4207 αύτού
1712 4155 1795 4207 λό-

176 4267 281 4315 γων
343 4246 629 4318 περικοπεὶς
680 4264 843 4311 τινας,
878 4242 931 4306 ἐξ
987 4244 1052 4295 ὧν
1102 4244 1159 4296 ού
1218 4246 1439 4319 φθείρειν
1475 4248 1595 4305 τοὺς
1654 4250 1796 4305 νέους

180 4334 284 4385 ἀλλ’
326 4336 539 4406 ὠφελεῖν
595 4337 654 4386 τό
714 4336 883 4385 κοινόν
934 4330 1287 4385 ἐπιδείκνυσιν
1333 4332 1533 4387 ἑαυτόν.
1582 4340 1791 4386 Δικανιο

177 4427 263 4484 κός
314 4420 375 4476 δὶ
420 4429 516 4475 καὶ
565 4424 593 4475 ὁ
642 4427 777 4496 Πρός
812 4422 1170 4494 Καλλίμαχον·
1204 4424 1395 4493 ὁμοίως
1436 4419 1495 4475 δὲ
1524 4428 1613 4475 καὶ
1644 4424 1669 4475 6
1703 4423 1793 4475 Αἰ-

1925 1832 2310 1889 Athenienses
2342 1835 2420 1891 ad
2450 1836 2727 1893 virtutem
2760 1837 2987 1906 incitat,
3030 1857 3170 1896 cum
3203 1857 3239 1898 a
3292 1843 3585 1915 majorum

1920 1920 2229 1985 laudibus,
2275 1928 2404 1980 tum
2448 1940 2658 1981 eorum
2703 1929 3188 1998 reprehensione,
3242 1931 3347 2004 qui
3393 1932 3589 1989 adhuc
3682 1926 3683 1929 “

1924 2010 2268 2083 superstites
2296 2018 2509 2069 essent.
2544 2015 2855 2072 Plataicus
2905 2018 3047 2073 item
3088 2018 3443 2077 deliberatio
3477 2025 3587 2089 est,

1923 2100 2006 2156 uti
2034 2105 2088 2155 et
2118 2100 2508 2158 Archidamus
2555 2103 2660 2176 qui
2703 2104 3059 2171 inscribitur,
3098 2107 3589 2166 Lacedaemonios

1921 2188 1999 2245 ad
2030 2189 2251 2245 bellum
2280 2207 2418 2246 cum
2450 2192 2913 2250 Atheniensibus
2934 2195 3043 2266 (53)
3080 2213 3258 2269 super
3287 2198 3588 2255 Messeniis

1920 2279 2255 2349 gerendum
2280 2280 2573 2337 hortatur.
2605 2284 2677 2338 At
2698 2283 2888 2340 oratio
2906 2283 3005 2340 illa
3033 2287 3252 2343 Contra
3284 2288 3588 2359 Sophistas

1920 2368 2230 2441 inscripta,
2257 2369 2500 2425 eosdem
2528 2386 2564 2426 a
2600 2386 2662 2426 se
2675 2371 3032 2429 dissidentes
3050 2378 3586 2449 accusat.Sequens

1919 2457 2156 2525 deinde,
2189 2458 2351 2530 quod
2398 2458 2602 2514 titulus
2651 2460 2778 2532 ipse
2826 2462 3075 2533 praefert,
3114 2464 3427 2521 Busiriden
3470 2467 3586 2537 (54)

1917 2545 2143 2603 laudat.
2174 2547 2500 2605 Undecima
2525 2553 2845 2607 encomium
2876 2556 2963 2607 est
3000 2551 3257 2609 Helenae.
3295 2554 3582 2610 Duodeci-

1919 2652 2021 2693 ma
2055 2653 2195 2693 vero
2222 2639 2500 2709 Evagoras
2526 2639 2677 2707 laus,
2702 2640 2858 2695 unde
2884 2646 2939 2695 et
2958 2641 3262 2713 Evagoras
3315 2642 3583 2699 inscribi-

1915 2730 2030 2791 tur,
2052 2726 2268 2782 Nicocli
2299 2727 2569 2797 ejusdem
2592 2727 2714 2783 ﬁlio
2747 2727 3042 2785 dedicata.
3066 2728 3267 2785 Oratio
3295 2746 3576 2803 sequens,

1915 2815 2011 2871 cui
2050 2816 2315 2887 Philippi
2356 2816 2557 2871 titulus
2599 2822 2707 2881 est,
2752 2816 3002 2872 suasorii
3044 2833 3283 2874 rursum
3323 2820 3575 2889 generis,

1915 2904 2255 2977 Philippum
2280 2905 2722 2971 adhortatur,ut
2744 2910 2801 2961 et
2824 2907 3163 2962 Graecorum
3187 2908 3421 2963 studeat
3439 2924 3579 2964 con-

1915 2994 2157 3062 cordiae,
2191 2999 2247 3051 et
2275 2995 2348 3051 de
2388 2996 2695 3051 communi
2728 2995 3020 3052 adversus
3074 2995 3367 3054 barbaras
3423 2998 3577 3055 Asiae

1915 3089 2120 3154 gentes
2135 3084 2507 3157 expeditione
2520 3085 2595 3141 ad
2597 3084 2617 3156 j
2628 3084 2865 3141 uvanda
2876 3084 3577 3155 cogitet.Panathcnaicus

1913 3171 2172 3229 laudatio
2200 3178 2288 3229 est
2335 3174 2502 3230 urbis
2550 3173 2937 3239 Athenarum,
2969 3175 3390 3249 majorumque
3448 3176 3577 3248 ejus

1912 3261 2279 3319 illustrium:
2340 3279 2524 3336 quam
2577 3279 2640 3319 se
2692 3262 2948 3320 scribere
2991 3265 3105 3333 (55)
3162 3264 3415 3337 coepisse
3471 3265 3573 3334 ait,

1913 3367 2107 3409 annos
2135 3352 2260 3425 jam
2312 3358 2516 3409 natum
2548 3356 2806 3425 quatuor
2830 3358 2887 3408 et
2934 3354 3264 3425 nonaginta
3299 3375 3313 3425 ;
3363 3354 3576 3412 morbo

1913 3447 2111 3499 autem
2135 3441 2303 3513 gravi
2326 3441 2647 3498 triennium
2672 3445 2945 3510 vexante,
2972 3443 3143 3499 tertio
3165 3443 3414 3501 demum
3438 3448 3575 3502 ante

1911 3534 2293 3588 centesimum
2312 3531 2498 3588 aetatis
2517 3547 2737 3587 annum
2759 3530 2837 3587 ad
2848 3532 3071 3589 exitum
3088 3549 3211 3589 eam
3228 3533 3571 3591 adduxisse.

1912 3622 2112 3680 Oratio
2151 3637 2306 3688 vero,
2337 3621 2433 3677 cui
2462 3623 2544 3676 De
2569 3621 3003 3690 permutatione
3024 3621 3247 3687 titulus,
3269 3622 3572 3693 judicialis

1910 3726 2043 3767 esse
2074 3710 2319 3777 videtur,
2352 3709 2733 3782 continetque
2755 3710 3172 3781 purgationem
3204 3711 3573 3781 eorum,qui-

1910 3798 2023 3854 bus
2045 3799 2360 3854 Isocratem
2386 3795 2775 3869 Lysimachus
2792 3801 2946 3852 esset
2966 3796 3384 3853 calumniatus.
3406 3798 3571 3854 Hanc

1910 3902 2071 3943 anno
2110 3886 2298 3942 astatis
2337 3885 2702 3955 octogesimo
2735 3884 3022 3948 secundo,
3064 3884 3409 3941 orationum
3450 3886 3570 3955 (56)

1909 3981 2255 4032 cmterarum
2293 3974 2623 4031 maximam
2654 3974 3027 4045 conscripsit,
3068 3977 3124 4029 et
3164 3973 3402 4029 mistam
3442 3974 3570 4046 qui-

1906 4066 2045 4121 dem
2068 4080 2201 4121 eam
2227 4064 2538 4135 magisque
2556 4061 2803 4128 variam,
2830 4077 3011 4133 quam
3038 4077 3068 4117 e
3089 4061 3335 4133 reliquis
3356 4061 3566 4132 ullam,

1908 4153 2141 4209 insertis
2167 4153 2412 4226 insuper
2434 4152 2689 4209 aliarum
2718 4150 2847 4222 ejus
2873 4151 3215 4207 orationum
3242 4152 3570 4221 segmentis

1906 4244 2042 4316 (57),
2086 4242 2305 4316 quibus
2345 4256 2465 4298 non
2505 4256 2891 4312 corrumpere
2918 4256 2979 4295 se
3014 4240 3416 4313 juventutem,
3460 4242 3567 4297 sed

1902 4349 2028 4389 rem
2065 4334 2274 4404 juvare
2305 4331 2607 4404 publicam
2644 4330 2921 4386 ostendit.
2963 4329 3236 4385 Forensis
3277 4345 3450 4402 aeque
3480 4333 3569 4386 est

1903 4428 1958 4479 et
1982 4422 2083 4478 illa
2111 4421 2332 4478 Contra
2359 4420 2824 4485 Callimachum;
2853 4419 3128 4475 similiter
3153 4424 3209 4475 et
3233 4419 3565 4489 [Eginetica

176 4518 443 4583 γινητικός
486 4514 537 4548 ⁷⁸
590 4514 718 4585 ὑπὲρ
772 4513 965 4587 κλήρου
1012 4511 1406 4585 ἀγωνιζόμενος.
1455 4519 1565 4564 Τῶν
1633 4510 1787 4565 δικα-

1920 4514 1975 4568 le
1988 4510 2326 4568 haereditate
2358 4510 2747 4566 contendens.
2764 4511 2789 4562 J
2801 4508 3127 4564 udiciorum
3143 4485 3386 4580 quoque
3401 4514 3560 4574 sunt,

178 4613 325 4654 ut};
374 4600 437 4655 δε
489 4608 583 4654 καὶ
640 4604 663 4653 ὁ
718 4606 850 4675 Πρός
914 4604 1170 4654 Εύθύνουν
1214 4603 1340 4676 ὑπὲρ
1391 4606 1599 4668 Νικίου,
1632 4608 1721 4655 καὶ
1763 4606 1787 4656 6

178 4693 583 4767 Τραπεζιτικός,
618 4696 707 4743 καὶ
745 4693 769 4742 ὁ
819 4694 957 4763 Πρός
1002 4696 1258 4763 Λοχίτην,
1294 4689 1493 4764 ὕϐρεως
1531 4697 1621 4744 καὶ
1660 4692 1788 4752 πλη-

178 4792 275 4851 γῶν
326 4780 493 4839 δίκην
543 4780 800 4833 ἁπαιτῶν.
831 4780 983 4833 Ούτω
1029 4783 1119 4854 μὲν
1172 4784 1263 4833 καὶ
1308 4784 1584 4842 τοσούτους
1632 4784 1785 4851 ἔγνω-

1898 4602 2086 4659 oratio
2111 4602 2223 4673 (58)
2242 4600 2537 4656 Adversus
2556 4599 2922 4668 Euthymum
2940 4613 3054 4667 pro
3075 4597 3247 4653 Nicia
3268 4602 3325 4653 et
3352 4597 3565 4665 Trape-

1898 4692 2095 4758 zitica,
2116 4696 2170 4745 et
2187 4690 2483 4745 Adversus
2505 4687 2821 4751 Lochitem,
2844 4686 2924 4759 inj
2937 4687 3200 4741 uriarum
3221 4685 3565 4757 plagarum-

1897 4797 2014 4855 que
2047 4794 2290 4853 poenam
2313 4791 2651 4851 reposcens.
2687 4774 2803 4832 Has
2837 4775 3087 4848 quidem
3119 4774 3400 4831 Isocratis
3431 4789 3562 4832 ora-

1554 4891 1791 4946 VARI/E
1830 4890 2233 4946 LECTIONES.

239 5006 286 5079 1'
322 5004 632 5079 έχρήσξιτξ]
682 5002 821 5059 add.
856 5005 963 5079 q'_._6
1008 5006 1289 5079 Φρύνιχος.

177 5076 221 5161 3:
248 5074 411 5161 es»;
448 5093 460 5131 =
496 5074 694 5161 ριεξίιρ

186 5148 221 5177 ⁷⁷
249 5148 399 5220 λόγος
430 5148 527 5200 καὶ
568 5150 737 5219 σύμμ.
770 5150 859 5199 καὶ
893 5153 953 5201 Α.
1030 5148 1080 5182 ⁷⁸
1114 5148 1368 5220 αἰγινικὸς
1401 5149 1467 5203 Α.

1401 5006 1448 5041 τί
1480 5005 1910 5075 Ἀνεγνώσθησαν
1937 5008 2153 5062 Coraes.
2186 5005 2424 5059 Isocrat.
2456 5003 2508 5068 2,
2544 5018 2600 5075 p.
2638 5002 2747 5073 μιξό

890 5076 937 5110 "
972 5077 1257 5182 παρακαλεί
1282 5078 1370 5133 AC
1401 5094 1436 5182 :A
1449 5082 1539 5131 καὶ
1571 5080 1861 5152 παρακαλεί
1888 5100 1941 5144 ς’.

900 5153 922 5182 Α
1115 5148 1368 5182 η;.,.....,;.ρ

2861 5002 2910 5083 γ’
2934 5001 2959 5053 ό
3002 5004 3143 5083 ante
3163 5004 3283 5083 περρ
3315 4997 3453 5083 add.

2056 5079 2104 5112 75
2135 5080 2394 5149 μεσηνίων
2424 5077 2490 5130 Α.
2548 5068 2559 5075 ’
2603 5068 2652 5109 τέ
2680 5075 2820 5145 αύτῷ
2856 5079 2893 5127 A
2928 5090 2939 5127 :
2972 5072 3128 5134 αὐτὸς
3160 5068 3273 5137 ς.’ό
3308 5068 3453 5128 add.
3485 5072 3553 5126 A.

1761 5271 1989 5331 NOT/E.

245 5375 351 5445 (52)
378 5373 579 5445 Hujus
610 5384 732 5445 non
764 5384 897 5427 esse
926 5370 1082 5445 hanc
1113 5369 1474 5445 Paraauesin,
1508 5370 1611 5427 sed
1639 5372 1780 5429 alte-

174 5442 290 5500 rius
324 5442 662 5517 cujusdam
708 5444 998 5517 Isocratis,
1025 5442 1285 5514 disputat
1317 5444 1387 5499 Μ.
1421 5444 1554 5499 Ant.
1588 5446 1778 5501 Mure-

178 5522 267 5570 tus
290 5513 571 5573 libflect.
608 5520 666 5570 et
695 5513 814 5569 alii.

248 5590 350 5659 (53)
366 5586 980 5657 lmo'l’hebanis,pene
994 5584 1156 5659 nulla
1172 5584 1779 5659 Graecorumelemen-

176 5655 365 5717 torum
396 5660 757 5722 mutatione,
789 5655 925 5711 κὰτὰ
954 5655 1225 5724 Θηϐαίων,
1260 5656 1355 5711 hic
1386 5658 1775 5714 restituendo.

250 5732 355 5803 (54)
387 5732 469 5790 De
497 5746 627 5808 quo
654 5729 942 5787 videndus
972 5729 1139 5800 Diod.
1170 5727 1405 5788 Siculus
1434 5728 1536 5787 lib.
1570 5746 1609 5799 ι,
1639 5744 1774 5802 cap.

1890 5375 1924 5426 2
1954 5375 2245 5428 extremo.

1982 5444 2075 5516 55)
2117 5443 2354 5516 Cic.g_l_)e
2381 5445 2696 5516 senectute,
2730 5442 2788 5495 et
2819 5441 2954 5516 huc.
2988 5437 3057 5516 ἓν-
3078 5436 3396 5516 Μακρόϐιος.

1982 5445 2075 5516 55)
2117 5445 2233 5499 Cic.
2269 5445 2354 5498 De
2381 5445 2696 5504 senectute,
2730 5445 2788 5495 et
2819 5445 2954 5495 Luc.
2988 5445 3035 5491 ἐν
3078 5445 3396 5512 Μακρόϐιος.

1962 5445 2074 5586 (56)
2116 5513 2374 5586 Intellige
2394 5510 2798 5586 judicialium._
2825 5510 3105 5586 Alioquin
3128 5510 3400 5586 omnium
3422 5510 3551 5566 lon-

1888 5581 2136 5658 gissima
2163 5581 2623 5658 Panathenaica,
2655 5587 2711 5638 et
2740 5581 2881 5658 hinc
2912 5581 3303 5658 Panegyrica.

1959 5658 2075 5738 (5])
2118 5656 2451 5738 Ermsertim
2478 5653 2880 5738 Panegyricaa,
2908 5659 2965 5737 et
2991 5655 3064 5711 de
3094 5653 3259 5738 pace.

1960 5730 2071 5802 (58)
2114 5730 2253 5795 Qua:
2281 5731 2338 5785 et
2367 5725 2691 5801 Ἀμάρτυρος
2720 5725 2901 5802 vulgo
2930 5725 3298 5785 inscribitur.
