4136 6216
521 342 628 399 435
1732 336 1971 393 ΡΗΟΤῙΙ
2001 335 2489 395 ΡΑΤΗΙΑΗΟΗᾹΞ
2511 336 2623 394 CP.
3774 333 3889 392 436

526 468 718 525 tiones
751 482 934 523 unam
966 468 1023 521 et
1050 463 1257 535 viginti
1288 464 1544 535 legimus
1576 462 1715 537 (59).
1754 466 1885 520 Jam
1914 479 1946 520 e
1976 478 2159 520 noven

2257 484 2388 538 ,μεν
2434 463 2771 538 Ἰσοκράτους
2808 464 2855 498 ⁷⁸
2908 463 3112 535 λόγους,
3170 461 3256 515 ἕνα
3297 464 3386 514 καὶ
3453 461 3646 514 εῖκοσιν
3717 460 3890 522 ὄντας.

524 557 717 631 ipsius
737 555 1018 629 epistolis,
1039 570 1161 611 una
1182 559 1270 610 est
1290 555 1367 610 ad
1390 554 1743 627 Dionysium
1763 553 1967 611 Siciliae
1990 558 2157 626 tyran

2295 560 2406 605 Τῶν
2455 549 2504 605 δ’
2565 551 2704 605 ἐννέα
2750 550 3031 605 ἐπιστολῶν
3090 552 3249 604 αὐτοῦ
3310 556 3404 624 μία
3453 554 3542 623 μέν
3596 548 3709 602 ἔστι
3768 551 3895 621 πρὸς

525 663 695 713 num,
730 646 915 702 altera
944 644 1021 700 ad
1052 644 1503 715 Archidamum,
1542 644 1678 700 duae
1711 644 1787 699 ad
1828 642 2158 716 Philippum

2297 645 2560 696 Διονύσιον
2635 645 2720 695 τὸν
2797 642 3025 704 Σικελίας
3094 644 3359 715 τύραννον,
3415 638 3561 715 ἐτέρα
3629 635 3688 691 δε
3762 640 3896 712 πρὸς

528 753 642 792 una
667 735 743 792 ad
777 734 1209 801 Alexandrum,
1243 733 1361 790 alia
1401 734 1473 789 ad
1514 733 1912 807 Antipatrum.
1947 733 2099 799 Quin
2129 748 2161 789 e

2294 729 2651 807 aApxid‘upov,
2712 734 2801 783 xui
2857 733 2989 804 πρὸς
3029 731 3278 785 Φίλιππον
3336 725 3453 795 δύο,
3509 731 3607 801 μία
3659 723 3717 780 δι
3762 731 3892 801 πρὸς

526 824 606 881 ad
648 824 1047 894 Timotheum,
1085 828 1140 880 et
1181 823 1260 880 ad
1288 822 1754 896 Mitylenaeorum
1798 822 2156 893 magistratu

2298 818 2662 895 Ἀλέξανδρον,
2696 824 2944 896 καὶπρὸς
2994 820 3332 895 Ἀντίπατρον
3380 818 3533 887 ἄλλη,
3566 822 3655 870 καὶ
3695 813 3761 875 δὴ
3801 821 3892 868 xui

525 928 707 971 nona.
2294 914 2425 983 πρὸς
2471 913 2739 983 Τιμόθεον,
2791 914 2880 963 καὶ
2934 913 3066 983 πρὸς
3112 913 3229 972 τοὺς
3295 908 3656 968 Μιτυληναίων
3697 908 3897 980 ἄρχονο

2295 1020 2384 1062 τας
2410 1021 2439 1059 η
2474 1019 2647 1059 ενατη.

598 1094 882 1149 Caeterum
925 1098 1124 1149 orator
1161 1091 1267 1148 iste
1306 1090 1613 1147 rhetoricas
1653 1090 1795 1147 artis
1836 1090 2189 1163 praeceptio-

2370 1090 2537 1151 Οὗτος
2580 1093 2669 1163 μὲν
2720 1086 2806 1142 οὖν
2851 1091 2876 1142 ό
2923 1091 3097 1167 ῥήτωρ
3142 1090 3465 1162 σοφιστεύειν
3509 1086 3697 1161 μᾶλλον
3727 1088 3760 1146 ἣ
3793 1094 3895 1138 τῶν

524 1197 631 1239 nes
678 1181 890 1254 102b
921 1179 1227 1253 discipulis
1258 1180 1489 1236 tradere
1515 1178 1746 1245 maluit,
1780 1195 1965 1253 quam
1996 1184 2060 1235 ut
2096 1195 2157 1235 re

2299 1188 2480 1232 κοινῶν
2533 1183 2899 1255 προστάττειν,
2934 1181 3105 1251 ῶσπερ
3162 1181 3212 1232 οἱ
3263 1178 3409 1231 ἄλλοι
3469 1177 3609 1231 ἐννέα
3656 1177 3895 1251 ῥήτορες,

523 1270 669 1344 liqui
698 1287 914 1327 novem
949 1269 1185 1327 Graeciae
1218 1274 1505 1335 oratores,
1532 1285 1687 1342 quos
1718 1269 1870 1325 inter
1899 1272 1956 1324 et
1982 1270 2156 1324 Demo

2298 1270 2365 1320 ὧν
2412 1274 2501 1322 καὶ
2549 1272 2880 1343 Δημοσθένης
2930 1265 3011 1335 ἧν,
3053 1268 3231 1336 είλετο,
3280 1274 3453 1321 καίτοι
3494 1271 3583 1319 καὶ
3625 1270 3725 1338 πρὸ
3768 1264 3896 1319 ἐκεί-

527 1362 788 1427 sthenes,
811 1359 1251 1433 rempublicam
1274 1374 1478 1430 gerere
1516 1376 1528 1414 :
1573 1359 1807 1414 tametsi
1834 1363 1897 1414 ut
1918 1363 2053 1415 ante
2082 1358 2160 1415 ho

2298 1379 2394 1410 νων
2433 1366 2541 1421 τοῖς
2595 1367 2684 1421 τῆς
2737 1360 3025 1435 ῥητορικῆς
3078 1358 3325 1432 ἀκμάζων
3373 1358 3567 1429 λόγοις,
3633 1360 3725 1408 xui
3778 1354 3894 1407 κατ’

525 1467 660 1507 rum
683 1456 957 1523 tempora
987 1449 1221 1505 dicendi
1250 1448 1428 1505 laude
1452 1448 1824 1515 clarebat,ita
1854 1463 1964 1505 nec
1980 1464 2158 1505 eorun

2300 1446 2516 1510 ἐκείνους
2572 1453 2665 1509 τὴν
2735 1448 2814 1501 ἐπ’
2873 1452 3047 1513 αὐτοῖς
3108 1444 3267 1512 δόξαν
3333 1451 3424 1500 οὐκ
3503 1446 3894 1519 ἐλαττούμενος.

525 1540 897 1614 temporibus
939 1538 1041 1596 ulli
1080 1538 1270 1611 gloria
1300 1538 1554 1595 cederet.
1595 1538 1855 1594 Maxima
1884 1538 2060 1594 estin
2098 1553 2158 1595 eo

2303 1541 2572 1612 Κέχρηται
2618 1535 2676 1592 δι
2722 1538 2955 1612 μάλιστα
3004 1540 3113 1610 μὶν,
3146 1539 3211 1599 ὡς
3258 1536 3450 1589 αὐτίκα
3494 1543 3602 1598 τοῖς
3644 1534 3899 1607 ἀναγινὼ-

527 1636 589 1686 ut
632 1630 817 1687 cuivis
856 1628 1073 1701 legenti
1104 1628 1302 1684 statim
1344 1631 1528 1701 patet,
1560 1626 1849 1684 orationis
1895 1627 2160 1684 distinctii

2304 1646 2494 1680 σκουσι
2539 1624 2719 1693 δῆλον,
2753 1626 3006 1702 εύκρινείᾳ
3061 1632 3151 1679 καὶ
3205 1628 3548 1701 καθαρότητι,
3604 1623 3798 1682 πολλὴν
3846 1643 3900 1678 τε

528 1737 597 1777 ac
622 1720 848 1792 puritas
878 1736 891 1787 ;
928 1723 1277 1791 tantamque
1304 1718 1363 1773 in
1395 1718 1607 1774 eadem
1635 1716 2003 1774 elaboranda
2023 1732 2161 1774 accu

2301 1714 2587 1789 ἐπιμέλειαν
2659 1722 2776 1791 περὶ
2843 1720 2934 1775 τήν
2996 1714 3247 1791 ἐργασίαν
3305 1724 3403 1767 τῶν
3448 1714 3611 1784 λόγων
3698 1710 3900 1766 ἐπιδεί-

524 1811 816 1867 rationem
840 1808 1077 1882 praefert
1094 1809 1229 1881 (60),
1250 1812 1313 1864 ut
1330 1808 1388 1863 in
1408 1822 1923 1880 supervacaneum
1947 1823 2154 1880 quoqu

2300 1826 2499 1872 κνυται,
2547 1808 2681 1859 ὥστε
2736 1811 2825 1858 καὶ
2880 1806 2951 1869 εἰς
3004 1809 3243 1879 περιττόν
3293 1804 3432 1876 αὐτῷ
3475 1806 3523 1840 ⁸ο
3569 1800 3900 1858 διεκπίπτειν

525 1898 751 1955 incidat
800 1902 1080 1954 ornatum
1122 1895 1637 1968 diligentiamque.
1698 1895 1850 1962 Quin
1899 1911 2158 1968 operosu

2301 1899 2387 1948 τόν
2442 1900 2638 1969 κόσμον
2699 1901 2785 1948 xui
2844 1899 2901 1948 τό
2959 1895 3209 1968 ἐπιμελές.
3242 1900 3341 1948 Καὶ
3390 1894 3515 1947 αύτό
3570 1889 3630 1946 δε
3684 1896 3744 1945 τὸ
3802 1901 3902 1954 τῆς

525 1990 702 2044 nimis
730 1987 826 2044 hic
851 1986 981 2057 ejus
1003 1990 1275 2050 conatus,
1301 2000 1421 2041 non
1446 1990 1569 2041 tam
1592 1984 1962 2055 argumentis
1990 1984 2158 2042 fecun

2302 1984 2551 2059 ἐργασίας
2587 1985 2864 2046 πλεονάζον
2909 1985 3030 2059 παρ’
3077 1984 3218 2056 αύτῷ
3255 1983 3311 2037 ού
3353 1987 3410 2036 τό
3461 1988 3673 2057 γόνιμον
3708 1981 3904 2056 μᾶλλον

526 2078 693 2148 dum,
718 2092 900 2150 quam
918 2074 1146 2131 decoris
1166 2074 1669 2146 servandiparum
1691 2073 2031 2129 studiosum
2052 2089 2159 2130 eun

2303 2083 2399 2127 τῶν
2484 2074 2907 2147 ἐπιχειρημάτων
2983 2074 3013 2133 ἦ
3089 2077 3147 2126 τὸ
3228 2071 3565 2148 ἀπειρόκαλον
3639 2077 3901 2144 παριστᾷ.

526 2166 808 2223 declarat.
850 2165 978 2221 Jam
1019 2179 1213 2236 neque
1248 2162 1435 2218 lenior
1466 2161 1676 2218 saltem
1716 2161 1966 2219 affectus
2007 2163 2159 2219 ullus

2301 2163 2463 2227 Ἧθος
2514 2160 2573 2217 δε
2632 2168 2721 2216 καὶ
2774 2162 2990 2222 ἀλήθεια
3033 2168 3125 2215 καὶ
3179 2168 3434 2236 γοργότης
3490 2158 3617 2215 ούδὶ
3661 2166 3904 2233 μέτεστιν

528 2269 723 2327 neque
756 2252 1134 2311 simulatione
1164 2266 1374 2308 carens
1401 2250 1727 2318 sinceritas,
1762 2267 1957 2324 neque
1988 2252 2161 2309 incita

2303 2253 2442 2325 αύτῷ
2497 2254 2567 2321 ⁸1,
2616 2255 2863 2326 μεγέθους
2912 2249 2969 2305 δι
3019 2252 3160 2325 αύτῷ
3204 2254 3324 2305 ὅσον
3379 2251 3450 2314 εἰς
3498 2255 3586 2305 τόν
3635 2250 3906 2303 πολιτικόν

530 2344 642 2401 tior
681 2342 862 2416 paulo
902 2341 1140 2398 dicendi
1180 2339 1299 2397 ulla
1352 2341 1437 2396 vis
1477 2341 1536 2396 in
1575 2356 1650 2397 eo
1690 2340 2157 2414 deprehenditur

2302 2341 2574 2415 ἐναρμόζει
2624 2342 2796 2414 λόγον,
2835 2341 3028 2417 ἄριστα
3082 2347 3171 2394 καὶ
3226 2340 3602 2417 παραπλησίως
3649 2343 3907 2415 κέκραται

533 2431 889 2491 Granditatis
919 2432 1214 2488 duntaxat
1244 2434 1495 2497 tantum,
1528 2435 1824 2504 quantum
1856 2430 1928 2486 ad
1958 2430 2166 2487 civilen

2301 2440 2361 2506 τῇ
2423 2436 2693 2505 σαφηνείᾳ.
2724 2431 2934 2492 Ἀτονος
2976 2427 3035 2484 δε
3071 2430 3220 2484 πλέον
3269 2438 3360 2483 τοῦ
3407 2427 3606 2491 δέοντος
3648 2429 3673 2482 ὁ
3722 2428 3906 2501 λόγος.

532 2523 863 2579 orationem
913 2521 1053 2577 satis
1093 2525 1198 2585 est,
1242 2535 1364 2575 non
1407 2519 1580 2587 male,
1624 2525 1678 2577 et
1717 2521 1847 2593 pari
1886 2520 2004 2577 fere
2052 2537 2165 2577 cun

2304 2522 2425 2594 Ούχ
2460 2524 2655 2581 ἣκιστα
2690 2519 2747 2574 δὲ
2791 2521 2951 2574 αὐτοῦ
3007 2520 3379 2597 σμικρολογίαν
3427 2524 3515 2572 καὶ
3556 2522 3612 2572 τὸ
3664 2537 3905 2596 προσκο·

531 2612 946 2685 perspicuitate
987 2610 1065 2667 ab
1105 2625 1176 2667 eo
1216 2609 1556 2667 adhibetur.
1604 2610 1721 2666 Etsi
1758 2610 1920 2683 justo
1959 2610 2163 2683 langui

2302 2613 2384 2686 ρες
2434 2618 2532 2662 τῶν
2588 2616 2931 2681 παρισώσεων
2982 2610 3233 2665 αἰτιᾶται.
3284 2608 3444 2663 Ἀλλὰ
3500 2610 3666 2661 ταῦτά
3738 2628 3908 2682 φαμεν

534 2701 665 2757 dior
703 2702 833 2773 ejus
873 2701 943 2757 sit
984 2699 1192 2767 oratio,
1234 2715 1343 2756 nec
1392 2716 1609 2772 parum
1647 2699 1746 2757 illa
1786 2701 2167 2757 membrorun

2304 2702 2431 2775 πρὸς
2470 2703 2562 2759 τὴν
2607 2698 2654 2751 ἐν
2684 2700 2858 2772 λόγοις
2905 2699 3061 2752 αὐτοῦ
3103 2698 3286 2773 ἀρετὴν
3331 2702 3388 2751 τό
3420 2697 3664 2751 ἐκπῖπτον
3697 2698 3746 2733 ⁸²
3779 2697 3910 2751 ἐκεί-

536 2791 856 2865 aequalium
879 2791 958 2848 ad
982 2788 1293 2847 fastidium
1320 2805 1510 2863 usque
1535 2790 1728 2863 copia,
1755 2789 2048 2846 minutam
2069 2790 2166 2861 eju

2303 2809 2395 2851 νης
2440 2793 2529 2841 καὶ
2577 2787 2815 2860 ἀνόμοιον
2863 2785 3260 2862 ἐνδεικνύμενοι,
3291 2787 3396 2842 ἐπεὶ
3447 2792 3574 2862 πρὸς
3621 2807 3680 2860 γε
3740 2786 3910 2848 ἐνίους

538 2881 901 2953 anxiamque
932 2879 1301 2953 diligentiam
1322 2884 1556 2950 arguat.
1590 2880 1805 2935 Verum
1827 2878 1956 2935 haec
1988 2880 2171 2935 adver

2304 2886 2404 2929 τῶν
2473 2878 2521 2912 ⁸³
2564 2880 2777 2953 γράφειν
2828 2878 3013 2951 λόγους
3074 2880 3421 2953 ἐπαιρομένων
3472 2875 3651 2953 ἀρεταὶ
3693 2878 3756 2929 ἄν
3820 2873 3912 2930 δό-

540 2986 644 3026 sus
673 2971 804 3043 ejus
836 2970 897 3025 in
928 2968 1184 3025 dicendo
1222 2969 1631 3042 praestantiam
1661 2968 1820 3025 dicta
1852 2969 1986 3035 sint,
2018 2968 2096 3025 ad
2127 2984 2173 3026 ei

1620 2987 1631 3024 ι
1661 2968 1820 3025 dicta
1852 2969 1986 3035 sint,
2018 2968 2096 3025 ad
2127 2984 2197 3026 ea
2226 2968 2266 3024 C
2307 2966 2436 3031 ξωσι
2465 2970 2641 3020 καὶτὰ
2670 2969 2864 3021 ἐκείνου
2899 2966 3253 3040 ἐλαττώματα.

536 3059 963 3118 tantummodo
1002 3058 1346 3125 iudicanda,
1386 3058 1446 3114 in
1484 3058 1705 3131 quibus
1741 3058 1933 3131 lapsa,
1976 3058 2210 3132 sibique
2248 3056 2555 3113 dissimilis
2601 3058 2731 3128 ejus
2774 3058 2959 3114 virtus
2998 3056 3125 3115 fuit.
3166 3058 3319 3114 Nam
3358 3071 3497 3113 cum
3525 3055 3914 3129 quibusdam

538 3153 715 3217 certe,
783 3147 887 3220 qui
941 3149 1243 3204 orationes
1313 3147 1570 3204 scribere
1634 3146 1967 3213 instituunt,
2019 3151 2421 3220 comparatus,
2468 3145 2646 3203 etiam
2712 3146 2853 3204 vitia
2912 3146 3100 3219 ipsius
3137 3147 3199 3203 in
3230 3145 3544 3203 virtutibus
3595 3145 3913 3204 numerari

539 3243 785 3311 queant.
2182 3294 2189 3303 ,

612 3326 795 3382 Habes
846 3325 1145 3395 syllabam
1203 3325 1477 3382 Isocratis
1529 3325 1901 3392 Orationum.
1934 3334 1987 3384 et
2026 3328 2455 3398 Epistolarum.
2496 3327 2861 3385 Intercidisse
2897 3332 3091 3385 autem
3133 3327 3423 3401 quaedam,
3464 3326 3699 3385 idoneos
3741 3333 3915 3385 testes

545 3416 749 3472 habeo.
780 3413 1087 3470 Orationes
1108 3414 1261 3471 enim
1279 3420 1533 3486 quatuor
1553 3414 1842 3472 desiderat
1869 3417 2186 3487 Dionysius
2210 3416 2716 3481 Halicarnasseus,
2742 3416 3016 3473 Caecilius
3040 3418 3339 3473 Romanus
3362 3423 3597 3486 septem,
3630 3416 3916 3473 undecim

542 3503 781 3560 Suidas.
826 3502 1234 3572 Epistolarum
1257 3518 1393 3560 vero
1423 3520 1605 3560 unam
1637 3505 1717 3560 ad
1743 3505 2131 3574 Antipatrum
2167 3507 2308 3576 legit
2341 3506 2612 3575 Photius,
2643 3522 2744 3563 nos
2775 3506 3110 3579 quaerimus.
3142 3506 3300 3562 Nam
3330 3506 3411 3563 ad
3449 3506 3911 3570 Archidamum,

542 3609 662 3666 quae
692 3592 975 3649 hactenus
1018 3592 1197 3648 latuit
1226 3608 1256 3649 e
1286 3592 1429 3649 Cod.
1462 3593 1601 3649 Ful.
1642 3594 1843 3651 Ursini
1872 3596 2027 3650 Rom.
2065 3594 2316 3652 hominis
2346 3595 2667 3651 doctissimi
2696 3596 3068 3665 descriptam,
3098 3600 3152 3652 et
3173 3597 3304 3665 jam
3340 3596 3552 3652 Latine
3586 3603 3920 3667 utcumque

547 3684 895 3755 loquentem,
937 3682 1190 3739 volentes
1229 3681 1453 3739 damus.
1485 3683 1651 3739 Duas
1682 3688 1878 3740 autem
1907 3683 1987 3739 ad
2016 3682 2383 3756 Philippum,
2426 3690 2477 3740 et
2508 3684 2589 3741 ad
2613 3686 2849 3742 Jasonis
2882 3683 3092 3741 liberos
3118 3684 3393 3751 alteram,
3424 3683 3645 3741 invisas
3672 3684 3917 3751 Photio,

544 3773 823 3843 vulgatas
853 3771 1114 3828 observo.

639 3863 927 3918 Isocrates
956 3860 1313 3917 Archidamo
1341 3860 1925 3919 Lacedwmoniorum
1950 3864 2095 3935 regi.

2402 3864 2712 3938 Ἰσοκράτης
2744 3858 3084 3937 Ἀρχιδάμῳ,
3104 3858 3531 3935 Λακεδαιμονίων
3559 3860 3793 3936 βασιλεῖ.

614 3950 880 4023 Cognito,
912 3948 1288 4017 Archidame,
1332 3966 1518 4023 quam
1550 3949 1721 4007 multi
1756 3956 1826 4022 te,
1861 3956 2197 4024 parentem-

2377 3949 2565 4018 Εἰδὼς,
2600 3952 2638 4002 ὦ
2692 3947 3011 4025 Ἀρχίδαμε,
3069 3951 3287 4014 πολλοὺς
3352 3955 3686 4027 ὡρμημένους
3746 3950 3912 4023 ἐγκω-

541 4056 659 4115 que
699 4048 870 4096 tuum
909 4039 1045 4111 (61),
1096 4054 1234 4095 cum
1275 4046 1471 4096 vestro
1510 4055 1725 4112 genere
1767 4041 2040 4098 universo
2081 4041 2170 4113 (62

2304 4043 2508 4115 μιάζειν
2568 4060 2644 4105 σε,
2677 4046 2765 4094 καὶ
2819 4044 2905 4093 τὸν
2960 4044 3176 4114 πατέρα,
3204 4046 3293 4094 καὶ
3342 4045 3402 4094 τό
3457 4045 3599 4114 γένος
3641 4043 3806 4114 ὑμῶν·
3844 4044 3916 4095 εί-

540 4129 821 4188 laudibus
849 4144 1061 4185 ornare
1087 4130 1350 4199 aggressi
1381 4134 1600 4196 essent,
1629 4146 1765 4186 eam
1791 4130 1937 4203 ipsis
1960 4130 2173 4187 dicend

2302 4130 2464 4203 λόμην
2504 4138 2683 4183 τοῦτον
2730 4134 2818 4203 μεν
2867 4134 2953 4183 τὸν
3006 4131 3176 4202 λόγον,
3209 4127 3390 4190 ἐπειδὴ
3443 4130 3556 4182 λίαν
3595 4128 3789 4206 ῥᾴδιος
3821 4132 3906 4195 ἦν,

544 4220 878 4286 materiam,
930 4234 1064 4274 cum
1107 4217 1293 4274 facilis
1332 4218 1665 4276 admodum
1705 4224 1856 4276 esset
1895 4222 1951 4275 et
1992 4220 2172 4275 obvia

2304 4219 2515 4282 ἐκείνοις
2572 4218 2899 4293 παραλιπεῖν·
2956 4219 3109 4282 αὐτὸς
3167 4216 3226 4273 δέ
3281 4239 3338 4272 σε
3382 4216 3696 4292 διανοοῦμαι
3737 4240 3911 4294 παρα-

542 4310 996 4381 relinquendam
1019 4308 1398 4381 putaviJllud
1418 4310 1574 4365 enim
1605 4310 1748 4365 mihi
1780 4309 1839 4365 in
1864 4310 2064 4366 animo
2084 4316 2170 4366 est

2302 4308 2472 4362 καλεῖν
2529 4311 2613 4361 ἐπὶ
2666 4314 2985 4382 στρατηγίας
3040 4314 3129 4361 καὶ
3188 4314 3464 4384 στρατείας
3521 4305 3670 4362 οὐδὲν
3724 4311 3915 4382 ὁμοίας

542 4398 767 4454 hortari
795 4402 869 4463 te,
894 4413 1013 4453 non
1041 4397 1117 4455 ad
1144 4397 1441 4469 ejusmodi
1464 4398 1902 4470 expeditionem
1930 4399 2175 4471 aliquau

2303 4406 2418 4461 ταῖς
2472 4406 2560 4450 νύν
2617 4398 2988 4459 ἐνεστηκυίαις·
3048 4396 3156 4449 ἀλλ’
3221 4398 3276 4462 ἐξ
3340 4399 3407 4450 ὧν
3481 4398 3715 4471 μεγάλων
3774 4398 3908 4472 ἁγα-

542 4485 753 4561 quales
792 4487 907 4542 hoc
944 4491 1207 4559 tempore
1238 4486 1688 4559 suscipiuntur:
1732 4488 1830 4544 sed
1870 4489 1946 4543 ad
1989 4504 2080 4555 ea,
2122 4505 2175 4544 e1

2307 4489 2404 4540 θῶν
2448 4490 2615 4549 αἴτιος
2652 4492 2845 4560 γενήσῃ
2891 4492 2980 4539 καὶ
3034 4494 3091 4561 τῇ
3127 4486 3269 4540 πόλει
3307 4496 3369 4559 τῇ
3419 4494 3637 4553 σαυτοῦ,
3669 4493 3761 4539 xui
3796 4496 3914 4549 τοῖς

542 4576 762 4651 quibus
778 4575 998 4633 civitati
1015 4592 1135 4633 non
1163 4576 1363 4633 minus
1380 4580 1513 4641 tuas,
1543 4591 1730 4649 quam
1753 4576 1991 4634 Graeciaa
2016 4577 2175 4651 plant

2303 4576 2509 4636 ἔλλησιν
2559 4577 2746 4629 ἅπασι·
2794 4579 2986 4635 ταύτην
3049 4572 3107 4628 δι
3152 4575 3480 4649 ἐποιησάμην
3536 4580 3627 4635 τήν
3677 4579 3914 4649 αἵρεσιν,

542 4666 835 4723 universas
852 4665 1313 4723 commodorum
1328 4665 1727 4722 maximorum
1745 4672 1952 4723 auctor
1967 4666 2175 4723 futurus

2304 4666 2396 4718 ούκ
2466 4664 2661 4737 ἀγνοῶν
2737 4668 2823 4717 τόν
2916 4666 3064 4737 λόγον
3136 4668 3222 4718 τόν
3299 4665 3910 4741 εὐμεταχείριστοι-ερον

545 4755 643 4810 sis.
658 4756 862 4829 Neque
882 4771 1021 4813 vero
1041 4755 1199 4812 istud
1216 4754 1509 4812 scribendi
1533 4759 1957 4825 argumentum
1977 4755 2178 4827 delegi.

2304 4754 2409 4807 ἀλλ’
2470 4754 2695 4830 ἀκριϐῶς
2752 4751 2918 4820 εἰδὼς,
2979 4756 3058 4807 ὅτι
3107 4753 3321 4827 πράξεις
3376 4758 3465 4827 μὲν
3521 4756 3681 4827 εὑρεῖν
3742 4756 3913 4822 καλὰς

543 4844 702 4918 quod
741 4846 1051 4913 nescirem,
1083 4844 1375 4919 quidnam
1417 4850 1571 4901 esset
1610 4845 1686 4901 ad
1703 4846 2176 4919 pertractandum

2302 4850 2389 4897 xui
2431 4844 2659 4918 μεγάλας
2710 4849 2798 4896 xui
2858 4847 3222 4917 συμφερούσας
3274 4844 3504 4917 χαλεπόν
3543 4850 3631 4897 καὶ
3681 4849 3912 4900 σπάνιον

543 4933 820 4991 facilius:
882 4935 984 4990 sed
1036 4951 1109 4991 ex
1147 4950 1216 4991 eo
1263 4933 1483 5006 potius,
1523 4934 1683 5007 quod
1741 4939 1899 4991 certo
1953 4935 2166 4993 scirem

2302 4934 2458 4986 ἔστιν·
2488 4932 2753 4986 ἐπαινέσαι
2800 4929 2858 4986 δὲ
2907 4936 2994 4995 τὰς
3046 4932 3228 5006 ἀρετὰς
3272 4937 3365 4997 τὰς
3411 4936 3662 5007 ύμετέρας
3704 4931 3918 5009 ῥᾳδίως

534 5039 725 5100 quam
749 5023 1006 5081 arduum
1034 5024 1178 5080 foret
1200 5039 1536 5098 parumque
1567 5022 1814 5080 obvium
1846 5023 2167 5081 adinveniri

2301 5024 2404 5085 οἷος
2450 5023 2494 5076 τ’
2542 5024 2602 5075 ἄν
2660 5021 2923 5096 ἐγενόμην.
2955 5022 3029 5076 Ού
3077 5025 3178 5099 γὰρ
3224 5019 3330 5076 ἔδει
3382 5042 3445 5096 με
3498 5025 3621 5096 παρ’
3671 5022 3914 5096 ἐμαυτοῦ

540 5114 667 5183 tibi,
710 5130 862 5188 quas
899 5129 1074 5186 geras
1113 5130 1224 5181 res,
1288 5113 1625 5187 praselaras,
1668 5129 1943 5186 magnas,
2000 5114 2170 5171 utiles

2301 5114 2609 5189 πορίζεσθαι
2654 5116 2721 5166 τὰ
2769 5112 3136 5187 λεχθησόμενα
3173 5117 3291 5187 περὶ
3332 5117 3521 5181 αὐτῶν,
3555 5112 3664 5165 ἀλλ’
3710 5112 3767 5167 ἐκ
3809 5123 3915 5169 τῶν

1876 5237 2114 5294 VARUS
2155 5236 2559 5296 LECTIONES.

612 5367 659 5400 7°
693 5365 989 5439 ’Ῑσοκράτου
1023 5369 1084 5417 Δ.
1162 5365 1210 5400 ⁸ο
1236 5364 1377 5436 αύτῷ
1408 5370 1447 5417 Α
1482 5380 1494 5418 :
1528 5370 1598 5435 τῷ
1631 5385 1684 5428 ς’.
1763 5364 1805 5399 ⁸1
1840 5381 1952 5437 μετ,
1986 5362 2108 5435 παρ’
2138 5363 2278 5435 αύτῷ
2304 5385 2359 5429 ς’.
2438 5364 2486 5400 ⁸⁸
2517 5361 2769 5435 ἐμπίπτον
2810 5383 2865 5428 ς’.
2945 5363 2992 5399 ⁸⁸
3025 5360 3189 5425 ἐνίους
3211 5370 3309 5415 τῶν
3343 5368 3379 5416 Δ
3408 5361 3597 5419 είνίων
3629 5384 3686 5428 ς.

2105 5488 2331 5546 NOTAE.

614 5614 727 5743 (δῇ
766 5616 899 5671 Una
936 5622 1140 5671 tamen
1178 5616 1273 5672 hic
1313 5618 1436 5673 sive
1497 5616 1727 5674 auctori
1782 5614 1905 5672 sive
1943 5614 2187 5671 librario
2296 5614 2400 5671 lib.
2432 5630 2489 5679 ι.
2521 5618 2583 5671 ut
2614 5628 2757 5671 cura
2791 5613 2921 5685 ejus
2946 5611 3441 5686 reprehendatur.

615 5702 680 5743 ce
726 5688 788 5743 it.
813 5692 940 5743 Περὶ
962 5687 1199 5743 ζεύγους.
1222 5688 1301 5743 De
1331 5688 1503 5743 bigis.
1523 5696 1577 5743 et
1604 5704 1723 5743 una
1752 5687 1891 5743 item
1911 5686 2187 5743 epistola.
2370 5687 2486 5743 (61)
2507 5685 2848 5743 Agesilaum
2861 5687 2933 5741 de
2951 5686 3123 5743 cuius
3146 5684 3261 5743 vita
3286 5686 3441 5743 Xenc

541 5684 788 5760 excedit,
813 5692 940 5760 Περὶ
962 5687 1199 5760 ζεύγους,
1222 5688 1301 5743 De
1331 5688 1503 5760 bigis,
1523 5696 1577 5745 et
1604 5704 1723 5745 una
1752 5687 1891 5745 item
1911 5686 2187 5760 epistola.
2370 5687 2486 5760 (6i)
2507 5684 2848 5760 Agesilaum
2861 5687 2933 5741 de
2951 5684 3123 5757 cujus
3146 5684 3261 5743 vita
3286 5684 3911 5759 Xenoph.etPlutarc.

615 5688 788 5755 cedit,
813 5692 940 5760 Περὶ
962 5688 1199 5758 ζεύγους,
1222 5688 1301 5743 De
1331 5688 1503 5760 bigis,
1523 5696 1577 5745 et
1604 5704 1723 5745 una
1752 5688 1891 5745 item
1911 5688 2187 5758 epistola.
2395 5688 2486 5755 61)
2507 5688 2848 5757 Agesilaum
2861 5688 2933 5741 de
2951 5701 2982 5742 c

612 5758 729 5833 (60)
766 5760 837 5817 In
876 5758 1283 5831 compositione
1320 5760 1465 5818 adeo
1502 5761 1780 5834 diligens,
1821 5760 1904 5817 ait
1940 5758 2185 5827 Quintil.
2370 5688 2484 5833 ξεν)
2518 5756 2989 5817 Heraclidarum.
