4136 6216
263 248 375 307 437

1444 252 1938 311 BIBLiOTHECA.
1980 284 2048 295 -—
2087 252 2250 310 COD.
2291 254 2467 313 CLXI.

2546 208 2563 233 θ

3518 255 3641 313 438

270 377 389 448 ύμῖν
438 378 814 448 πεπραγμένων
873 379 1134 441 τοσαύτας
1180 377 1240 431 ἂν
1297 384 1386 432 καὶ
1431 382 1677 442 τοιαύτας
1725 378 1873 453 ἀφορ-

1991 394 2130 434 cum
2161 383 2361 436 tamen
2381 380 2627 435 virtutes
2656 383 2882 436 vestras
2900 379 3142 438 laudare
3165 396 3286 439 non
3312 381 3394 438 ita
3415 396 3641 452 magna

265 467 373 536 μὰς
398 463 603 530 ἔλαϐον,
634 467 769 518 ὥστε
822 469 915 529 τὰς
952 471 1069 539 περὶ
1109 476 1207 520 τῶν
1247 468 1409 520 ἄλλων
1468 468 1702 539 εὐλογίας
1743 465 1880 541 μηδὲ

267 556 405 606 κατὰ
441 557 631 626 μικρὸν
675 553 977 626 ἐναμίλλους
1024 559 1265 627 γενέσθαι
1312 565 1373 630 τῇ
1433 562 1549 631 περὶ
1602 559 1737 629 ὑμᾶς
1786 559 1881 632 ῥή-

273 644 441 714 θείση.
502 649 620 706 Πῶς
669 645 771 717 γὰρ
832 646 893 695 ἄν
924 665 1002 707 τις
1035 645 1062 703 ἢ
1105 650 1199 704 τὴν
1228 646 1479 717 εὐγένειαν
1511 644 1879 718 ὑπερεϐάλλετο

269 739 372 783 τῶν
414 736 703 803 γεγονότων
763 731 848 806 ἀφ’
899 733 1204 807 Ἡρακλέους
1260 740 1348 788 καὶ
1400 738 1536 799 Διὸς,
1591 734 1650 792 ἣν
1698 737 1880 795 πάντες

268 824 424 874 ἴσασι
474 826 653 893 μόνοις
679 823 801 895 ύμῖν
833 822 1250 896 ὁμολογουμένως
1290 826 1640 896 ὑπάρχουσαν
1674 844 1685 855 ·
1722 824 1750 884 ἦ
1785 828 1878 883 τήν

270 909 457 981 ἀρετήν
504 920 603 964 τῶν
634 911 685 964 ἐν
747 913 1090 985 Πελοπονήσῳ
1132 916 1225 977 τὰς
1271 910 1504 988 δωρικὰς
1551 914 1724 975 πόλεις
1772 934 1877 967 κτι-

275 1001 494 1066 σάντων,
598 1007 689 1053 καὶ
753 1006 845 1061 τὴν
918 1009 1100 1078 χώραν
1176 1006 1369 1062 ταύτην
1442 1008 1818 1076 κατασχόντων
1861 1023 1873 1036 ·

269 1089 298 1149 ἦ
376 1094 434 1142 τό
512 1090 704 1153 πλῆθος
779 1100 877 1145 τῶν
951 1089 1204 1145 κινδύνων
1280 1097 1366 1145 καὶ
1440 1101 1539 1145 τῶν
1593 1097 1874 1169 τροπαίων,

1168 1183 1446 1255 ἠγεμονίαν
1537 1188 1626 1237 καὶ
1719 1181 1877 1255 βασι-

266 1268 407 1322 λείαν
458 1272 796 1339 craebra»;
838 1276 919 1333 τίς
969 1268 1019 1325 δ’
1072 1271 1132 1323 ἃν
1164 1273 1400 1345 ἠπόρησε
1454 1269 1699 1336 διεξιέναι
1751 1272 1878 1346 βου-

266 1357 446 1423 ληθεὶς
495 1365 586 1419 τὴν
635 1357 878 1435 ἀνδρείαν
925 1361 1046 1418 ὅλην
1093 1370 1183 1422 τῆς
1235 1361 1422 1423 πόλεως
1469 1367 1558 1415 καὶ
1604 1366 1878 1435 σωφροσύ-

268 1188 369 1231 τὼν
460 1177 553 1232 διὰ
642 1186 736 1239 τὴν
830 1182 1073 1255 ὑμετέραν

265 1468 360 1507 νην
408 1454 503 1503 καὶ
558 1450 815 1504 πολιτείαν
853 1456 948 1509 τήν
997 1452 1095 1503 ύπό
1154 1456 1419 1525 προγόνων
1470 1460 1570 1505 τῶν
1622 1453 1875 1525 ὑμετέρων

270 1541 709 1611 συνταχθεῖσαν;
756 1544 881 1614 πρὸς
925 1540 1002 1603 οἷς
1032 1537 1083 1594 δ’
1114 1541 1174 1594 οἷν
1221 1542 1396 1613 λόγοις
1443 1540 1691 1612 ἐξεγένετο
1730 1548 1875 1616 χρή-

269 1631 473 1681 σασθαι
520 1634 639 1703 περὶ
691 1634 783 1689 τήν
814 1634 1065 1703 φρόνησιν
1116 1637 1208 1682 τοῦ
1260 1638 1355 1683 σοῦ
1403 1634 1617 1704 πατρὸς,
1657 1636 1747 1683 καὶ
1784 1635 1876 1689 τήν

1991 484 2128 524 cum
2149 468 2495 525 difficultate
2517 468 2870 541 potuissem.
2890 471 3095 543 Neque
3116 470 3279 528 enim
3295 471 3368 527 de
3399 486 3533 528 meo
3557 470 3640 527 af-

1988 557 2157 625 ferre,
2192 574 2327 630 quae
2349 558 2423 614 de
2447 557 2537 613 his
2567 557 2926 626 dicerentur,
2954 575 3105 631 opus
3123 560 3328 616 fuisset
3353 577 3365 615 :
3391 559 3639 632 quando

1990 662 2060 701 ex
2086 647 2232 718 ipsis
2262 662 2364 719 per
2403 662 2512 703 vos
2555 647 2733 716 gestis
2765 647 2965 713 rebus,
3012 648 3145 705 talis
3180 648 3323 704 mihi
3364 664 3434 705 ac
3477 653 3643 706 tanta

1989 734 2245 792 dabatur
2273 735 2559 793 laudandi
2590 735 2864 803 facultas,
2902 742 2963 793 ut
2991 753 3127 810 quae
3157 738 3232 794 de
3262 737 3391 794 aliis
3422 736 3637 809 praedi-

1989 830 2200 881 cantur
2233 824 2465 893 laudes,
2522 841 2595 881 ne
2626 826 2719 881 vel
2769 826 3063 883 tantillum
3104 843 3241 883 cum
3288 843 3361 883 ea
3389 825 3643 883 conferri

1989 914 2237 986 possint,
2270 930 2393 987 qua
2414 930 2520 970 vos
2550 916 2829 974 celebrati
2853 918 3016 973 estis.
3039 917 3331 983 Quisnam
3353 916 3515 972 enim
3536 915 3642 973 ali-

1988 1003 2236 1076 quando
2267 1004 2358 1061 vel
2388 1004 2465 1061 ab
2497 1007 2741 1063 Hercule
2760 1010 3027 1080 Joveque
3052 1008 3184 1080 ipso
3213 1022 3401 1077 genus
3422 1006 3642 1063 ducen-

1989 1094 2135 1151 tium
2166 1094 2538 1151 nobilitatem
2570 1103 2828 1169 superet,
2860 1114 3042 1170 quam
3068 1113 3279 1154 omnes
3301 1113 3472 1170 seque
3503 1111 3642 1154 con-

1990 1183 2251 1240 sentiunt
2279 1184 2340 1240 in
2372 1185 2541 1241 vobis
2568 1185 2711 1243 solis
2752 1187 3003 1243 inveniri
3049 1204 3062 1242 :
3096 1186 3190 1243 vel
3222 1187 3494 1244 virtutem
3544 1201 3642 1243 eo-

1986 1289 2142 1339 rum,
2165 1273 2270 1345 qui
2298 1275 2608 1331 Doricasin
2634 1275 3003 1347 Peloponeso
3019 1276 3194 1333 urbes
3220 1276 3637 1342 condiderunt,

1987 1366 2168 1436 atque
2199 1363 2351 1420 hanc
2403 1364 2707 1434 regionem
2741 1364 3079 1422 universam
3136 1371 3453 1422 tenuerunt
3502 1382 3514 1421 :
3548 1366 3642 1423 vel

1985 1453 2149 1509 illam
2170 1453 2500 1525 praaliorum
2520 1459 3003 1527 tropaeorumque
3030 1454 3488 1522 multitudinem,
3507 1471 3642 1529 quae

1986 1548 2177 1599 vestro
2200 1542 2385 1598 ductu
2415 1549 2592 1615 atque
2616 1544 2894 1617 auspiciis
2918 1543 3078 1601 facta
3096 1548 3437 1617 statutaque
3467 1546 3640 1601 sunt?

1987 1631 2241 1698 Quinam
2282 1632 2459 1689 etiam
2516 1632 2747 1689 dicendi
2799 1634 3049 1690 materia
3092 1633 3292 1690 deesse
3340 1633 3526 1705 possit
3561 1634 3637 1702 ei,

266 1716 316 1769 ἓν
354 1725 471 1779 ταῖς
507 1726 798 1790 συμφοραῖς
856 1714 1144 1785 διοίκησιν,
1193 1724 1283 1771 καὶ
1334 1723 1428 1777 τήν
1479 1721 1664 1791 μάχην
1709 1724 1801 1778 τὴν
1830 1719 1873 1773 ἐν

1986 1722 2089 1795 qui
2122 1722 2260 1777 velit
2288 1737 2425 1778 cum
2454 1721 2857 1779 fortitudinem
2880 1738 2948 1779 ac
2977 1723 3435 1795 temperantiam
3467 1722 3640 1779 totius

266 1816 327 1880 τῇ
378 1807 526 1860 πόλει
567 1812 840 1880 γενομένην
883 1825 897 1875 ;
940 1808 1036 1871 Ἤς
1092 1812 1178 1861 καὶ
1226 1810 1430 1880 ἡγεμὼν
1482 1813 1545 1862 σὺ
1590 1812 1875 1875 καταστὰς,

264 1904 357 1949 καὶ
385 1898 503 1969 μετ’
562 1896 746 1968 ὀλίγων
799 1901 926 1972 πρὸς
974 1897 1192 1960 πολλοὺς
1221 1894 1580 1964 κινδυνεύσας,
1634 1905 1722 1952 καὶ
1752 1903 1876 1952 ποίν-

266 2006 369 2039 των
429 1983 728 2058 διενεγκὼν,
789 1990 958 2049 αἴτιος
1008 1985 1179 2059 ἐγένου
1244 1995 1297 2060 τῇ
1359 1988 1501 2040 πόλει
1552 1996 1646 2051 τῆς
1709 2009 1878 2049 σωτηο

262 2082 404 2148 ρίας,
458 2077 520 2128 οὗ
574 2076 781 2129 κάλλιον
828 2079 976 2151 ἔργον
1031 2074 1206 2139 οὐδεὶς
1254 2076 1314 2129 ἂν
1368 2073 1686 2141 ἐπιδείξειεν.
1743 2082 1877 2133 Οὔτε

265 2169 368 2239 γὰρ
420 2166 591 2228 πόλεις
632 2166 778 2232 ἑλεῖν,
832 2168 944 2219 οὔτε
986 2166 1200 2227 πολλοὺς
1257 2165 1556 2220 ἀποκτεῖναι
1604 2176 1703 2221 τῶν
1733 2169 1876 2224 πολε-

265 2261 419 2329 μίων,
454 2257 591 2309 ούτω
628 2260 763 2328 μέγα
808 2262 898 2309 καὶ
932 2261 1115 2329 σεμνόν
1166 2259 1328 2325 ἐστιν,
1361 2258 1425 2318 ὡς
1452 2261 1552 2322 εἴη,
1580 2267 1678 2310 τῶν
1710 2262 1876 2312 τοιού.

266 2365 370 2399 των
416 2342 675 2398 κινδύνων
716 2354 890 2399 σῶσαι
927 2350 1017 2405 τήν
1048 2344 1288 2419 πατρίδα
1337 2352 1408 2420 μή
1440 2351 1533 2405 τὴν
1580 2354 1874 2419 τυχοῦσαν,

266 2434 401 2486 ἀλλὰ
444 2438 539 2493 τήν
578 2440 826 2487 τοσοῦτον
879 2434 957 2486 ἐπ’
1009 2434 1162 2510 ἀρετῇ
1222 2432 1608 2508 διενεγκοῦσαν.
1656 2441 1780 2510 Περὶ
1809 2436 1875 2487 ὧν

261 2530 341 2597 μὴ
399 2522 639 2595 κομψῶς,
710 2522 817 2575 ἀλλ’
878 2523 1049 2587 ἁπλῶς
1112 2521 1327 2578 διελθών
1377 2544 1389 2556 ·
1436 2522 1575 2597 μηδὲ
1632 2533 1691 2598 τῇ
1746 2526 1873 2589 λέξει

265 2620 551 2685 κοσμήσας
600 2619 773 2685 μόνον,
826 2612 934 2665 ἀλλ’
968 2613 1319 2687 ἐξαριθμήσας
1360 2620 1449 2668 καὶ
1486 2611 1667 2687 χύδην
1701 2615 1873 2680 εἰπὼν,

268 2701 447 2765 οὐδεὶς
480 2703 627 2766 ὅστις
651 2704 745 2756 ούκ
776 2701 837 2755 ἆν
869 2700 1284 2777 εὐδοκιμήσειεν.

1988 1810 2258 1877 civitatis,
2286 1816 2411 1867 tum
2437 1827 2473 1868 a
2500 1813 2706 1868 vestris
2739 1812 3070 1883 majoribus
3093 1812 3430 1869 institutum
3448 1812 3639 1884 reipu-

1986 1900 2145 1956 blicae
2176 1905 2398 1957 statum
2432 1916 2776 1972 percensere
2795 1904 2822 1959 ‘P
2854 1903 3045 1968 Quam
3078 1903 3217 1959 item
3239 1916 3360 1958 non
3377 1900 3642 1959 licuisset

1985 1988 2269 2045 adhibere
2298 1988 2628 2045 orationem
2659 1991 2733 2045 ad
2762 1990 3183 2062 explicandam
3222 2005 3356 2047 cum
3382 1990 3640 2062 parentis

1985 2078 2071 2133 tui
2102 2077 2499 2150 prudentiam,
2551 2082 2677 2135 tum
2709 2080 2833 2150 ejus
2862 2080 2924 2135 in
2956 2079 3223 2136 adversis
3256 2080 3339 2135 rei
3368 2080 3639 2151 gerendae

1985 2167 2299 2235 rationem,
2335 2174 2458 2225 tum
2488 2168 2636 2225 illud
2661 2170 2819 2242 quod
2832 2185 2903 2226 eo
2926 2173 3211 2242 regnante
3242 2168 3302 2225 in
3333 2169 3464 2241 ipsa
3494 2168 3640 2225 urbe

1987 2259 2377 2313 commissum
2391 2263 2483 2315 est
2503 2258 2776 2330 proelium
2794 2258 2822 2314 ?
2841 2263 2903 2315 tn
2924 2275 3047 2331 quo
3067 2264 3205 2315 tunc
3230 2258 3472 2331 quidem
3490 2273 3641 2330 prm-

1984 2346 2084 2412 lio,
2117 2350 2436 2420 postquam
2461 2347 2581 2404 dux
2607 2354 2671 2403 tu
2708 2348 2840 2419 ipse
2863 2355 3095 2404 creatus
3121 2363 3260 2404 cum
3304 2347 3508 2419 paucis
3540 2346 3643 2404 ad-

1984 2451 2193 2492 versus
2213 2436 2431 2492 multos
2455 2436 2783 2507 pugnando
2804 2437 3086 2494 omnibus
3106 2436 3516 2503 antecelluisti,
3553 2452 3643 2493 ur-

1984 2526 2124 2581 bem
2154 2525 2330 2582 simul
2351 2525 2549 2598 ipsam
2573 2526 2844 2583 servasti.
2876 2528 3004 2592 Quo
3024 2526 3173 2599 quid
3194 2526 3540 2598 praeclarius
3562 2524 3639 2583 ab

1987 2614 2105 2670 ullo
2150 2613 2342 2671 afferri
2375 2615 2621 2686 possit?
2659 2615 2859 2688 Neque
2896 2616 3058 2671 enim
3090 2614 3179 2670 vel
3232 2614 3407 2670 urbes
3459 2629 3642 2687 expu-

1989 2719 2189 2776 gnare,
2212 2705 2301 2760 vel
2332 2704 2600 2761 hostium
2632 2720 2918 2777 magnum
2951 2720 3274 2761 numerum
3299 2703 3639 2760 interimere

261 2809 556 2865 magnum
582 2792 735 2850 adeo
760 2798 869 2859 est,
890 2797 990 2850 aut
1015 2792 1503 2864 honoriﬁcum,ut
1531 2793 1639 2851 fuit
1668 2809 1699 2851 e
1731 2793 1909 2851 tantis
1940 2794 2217 2866 periculis
2247 2793 2496 2850 liberare
2526 2794 2806 2866 patriam,
2838 2810 2961 2851 non
2990 2792 3152 2850 illam
3186 2792 3498 2862 vulgarem
3530 2792 3641 2849 ali-

259 2899 474 2957 quam,
507 2882 615 2939 sed
643 2898 775 2956 quas
805 2887 1113 2956 tantopere
1144 2883 1375 2939 virtutis
1420 2899 1606 2941 causa
1643 2884 1947 2941 emineret.
1983 2884 2064 2939 De
2093 2882 2316 2955 quibus
2355 2897 2534 2939 nemo
2574 2899 2698 2940 non
2736 2883 2871 2939 dico
2902 2898 3041 2939 cum
3072 2883 3488 2948 ostentatione,
3532 2882 3640 2939 sed

264 2974 443 3047 plene
480 2974 786 3031 narrando
816 2973 1185 3043 disseruerit,
1222 2988 1330 3030 nec
1382 2989 1522 3030 cum
1551 2974 1872 3031 verborum
1922 2978 2158 3040 ornatu,
2194 2972 2302 3029 sed
2339 2972 2755 3030 enumerando
2799 2972 3114 3041 duntaxat,
3163 2977 3222 3030 et
3268 2971 3396 3029 sine
3435 2971 3635 3029 discri-

266 3063 432 3120 mine
463 3061 700 3136 quidvis
728 3061 1096 3120 effundenda
1122 3062 1352 3130 dixerit,
1381 3063 1486 3136 qui
1514 3077 1638 3120 non
1664 3079 1733 3120 ex
1766 3079 1836 3120 eo
1862 3077 2148 3133 magnam
2177 3062 2288 3119 sibi
2313 3062 2554 3119 laudem
2588 3061 2909 3135 paraverit.

338 3157 456 3224 Εγὼ
487 3157 654 3205 τοίνυν
707 3150 953 3215 δυνηθεὶς
1004 3151 1064 3204 ἂν
1090 3157 1179 3205 καὶ
1208 3157 1326 3227 περὶ
1373 3155 1566 3206 τούτων
1603 3152 1873 3225 ἐξαρκούν-

2057 3152 2179 3224 Ego
2200 3152 2423 3224 itaque,
2454 3152 2559 3225 qui
2603 3150 2694 3208 vel
2721 3152 2795 3207 de
2840 3151 2934 3208 his
2974 3156 3239 3223 poteram
3285 3151 3429 3207 satis
3456 3149 3642 3208 multa

263 3263 368 3303 τως
398 3238 775 3314 διαλεχθῆναι,
834 3241 1039 3295 κάκεῖνο
1093 3247 1337 3313 γινώσκω
1369 3259 1379 3271 ·
1423 3249 1624 3314 πρῶτον
1654 3245 1764 3314 μὲν,
1798 3243 1877 3294 ὅτι

258 3336 392 3405 ρᾲον
451 3332 565 3384 ἔστι
606 3336 723 3405 περὶ
775 3339 875 3383 τῶν
904 3335 1250 3403 γεγενημένων
1292 3330 1517 3404 εύπόρως
1548 3327 1874 3405 ἐπιδραμεῖν,

266 3422 297 3479 ᾖ
331 3427 453 3495 περὶ
502 3429 601 3475 τῶν
646 3421 929 3494 μελλόντων
977 3423 1377 3492 νουνεχούντως,
1426 3420 1602 3474 εἰπεῖν.
1653 3419 1873 3489 Ἔπειθ’,

259 3515 349 3566 ὅτι
378 3514 569 3573 πάντες
624 3513 889 3585 ἄνθρωποι
938 3509 1092 3563 πλείω
1148 3512 1309 3584 χάριν
1362 3512 1553 3582 έχουσι
1601 3518 1705 3571 τοῖς
1735 3513 1876 3563 ἐπαι-

260 3610 469 3667 νοῦσιν,
527 3600 557 3659 ἦ
618 3606 726 3663 τοῖς
785 3598 1222 3673 συμϐουλεύουσι.
1299 3602 1433 3663 Τούς
1499 3602 1589 3672 μὲν
1659 3603 1756 3674 γὰρ
1808 3604 1875 3663 ὡς

262 3694 445 3753 εὔνους
492 3686 853 3761 ἀποδέχονται
919 3706 929 3718 ·
981 3694 1099 3751 τοὺς
1157 3686 1206 3742 δ’
1260 3688 1320 3740 ἂν
1387 3693 1459 3762 μὴ
1520 3688 1874 3751 κελευσθέντες

260 3788 617 3854 παραινῶσιν,
653 3779 881 3851 ἐνοχλεῖν
910 3780 1239 3852 νομίζουσιν.

337 3870 478 3923 Ἀλλ’
532 3872 672 3942 ὅμως
699 3870 905 3922 ἅπαντα
948 3877 1114 3922 ταῦτα
1165 3865 1436 3943 προειδὼς,
1490 3878 1589 3922 τῶν
1629 3872 1718 3942 μὲν
1745 3874 1871 3945 πρὸς

263 3962 429 4035 χάριν
462 3959 523 4011 ἂν
564 3960 938 4033 ῥηθησομένων
988 3958 1301 4031 ἀπεσχόμην
1337 3975 1348 3987 ·
1382 3963 1498 4033 περὶ
1530 3956 1588 4012 δὲ
1627 3963 1872 4012 τοιούτων

261 4050 429 4121 μέλλω
474 4048 658 4120 λέγειν,
706 4054 821 4122 περὶ
872 4045 938 4098 ὧν
985 4044 1153 4108 οὐδεὶς
1210 4047 1269 4099 ἂν
1318 4047 1463 4108 ἄλλος
1512 4047 1813 4120 τολμήσειεν
1856 4065 1868 4076 ·

262 4142 551 4213 ἡγούμενος
616 4135 725 4191 δεῖν
784 4140 899 4198 τοὺς
974 4136 1134 4212 [περὶ]
1202 4135 1475 4198 ἐπιεικείας
1541 4143 1631 4188 καὶ
1687 4141 1869 4211 φρονή-

262 4248 394 4291 σεως
425 4227 907 4301 ἀμφισϐητοῦντας,
948 4232 1020 4298 μή
1071 4231 1191 4287 τοὺς
1232 4226 1457 4301 ῥᾴστους
1506 4228 1872 4299 προαιρεῖσθαι

256 4327 358 4371 τῶν
408 4318 604 4389 λόγων,
647 4315 779 4368 ἀλλά
824 4320 940 4377 τούς
988 4312 1444 4389 ἐργωδεστάτους·
1498 4311 1637 4387 μηδὲ
1679 4318 1800 4378 τοὺς
1838 4317 1866 4373 ἡ

257 4405 484 4468 δίστους
528 4414 639 4467 τοῖς
696 4404 996 4470 ἁκούουσιν,
1052 4404 1157 4457 ἀλλ’
1190 4403 1242 4467 ἔξ
1292 4405 1358 4456 ὧν
1407 4404 1738 4476 ὠφελήσουσι
1784 4410 1871 4457 καὶ

1986 3240 2205 3308 dicere,
2233 3241 2381 3297 illud
2409 3257 2645 3314 quoque
2675 3241 2888 3305 sentio,
2923 3240 3151 3297 facilius
3179 3241 3237 3296 in
3277 3240 3483 3314 primis
3512 3256 3642 3297 esse

1985 3330 2060 3389 de
2113 3331 2416 3403 praeteritis
2460 3331 2700 3403 copiose
2743 3328 3052 3395 disserere,
3109 3346 3293 3403 quam
3335 3329 3408 3386 de
3434 3328 3643 3387 futuris

1986 3420 2389 3483 admonendo,
2427 3420 2602 3476 verba
2629 3419 2842 3476 facere.
2878 3421 3099 3477 Omnes
3128 3418 3342 3475 deinde
3367 3419 3642 3476 homines

1985 3511 2280 3583 majorem
2310 3509 2532 3568 habere
2564 3510 2822 3579 gratiam
2851 3511 2974 3566 suis
2999 3508 3434 3575 laudatoribus,
3455 3525 3641 3582 quam

1981 3600 2228 3657 consilia
2284 3599 2741 3670 suggerentibus
2776 3641 2789 3663 ,
2819 3598 3058 3671 quando
3105 3597 3237 3654 illos
3286 3604 3347 3653 ut
3399 3600 3490 3654 sui
3523 3602 3642 3654 stu-

1982 3689 2183 3746 diosos
2208 3689 2459 3745 libenter
2488 3688 2811 3760 excipiunt,
2845 3688 2954 3744 hos
2980 3702 3137 3753 vero,
3172 3686 3222 3742 si
3249 3686 3400 3742 forte
3429 3686 3511 3757 inj
3524 3687 3639 3743 ussi

1980 3779 2324 3844 admonent,
2350 3793 2461 3849 pro
2496 3776 2904 3834 turbatoribus
2930 3776 3169 3832 habent.

2055 3869 2198 3932 Quae
2250 3866 2353 3922 etsi
2406 3864 2610 3922 omnia
2654 3865 2797 3921 satis
2831 3864 3058 3937 providi
3104 3867 3301 3929 antea,
3337 3862 3522 3919 nihilo
3558 3868 3641 3921 ta-

1982 3971 2120 4012 men
2148 3955 2338 4011 secius
2368 3954 2447 4011 ab
2487 3955 2597 4020 his,
2629 3970 2766 4026 quae
2792 3954 2867 4010 ad
2899 3954 3148 4023 gratiam
3195 3952 3524 4009 ineundam
3553 3953 3640 4009 di-

1982 4045 2173 4102 cenda
2196 4048 2409 4109 essent,
2443 4042 2738 4100 abstinere
2783 4041 2980 4108 volui;
3013 4041 3087 4097 de
3117 4040 3188 4096 iis
3219 4041 3635 4098 tantummodo

1981 4134 2268 4201 dicturus,
2298 4148 2432 4205 quae
2462 4147 2637 4187 nemo
2665 4129 2817 4187 alius
2848 4130 3007 4187 ausit
3038 4146 3048 4185 :
3087 4136 3252 4187 ratus
3281 4129 3491 4186 decere
3517 4146 3635 4197 eos,

1981 4224 2083 4295 qui
2113 4221 2188 4277 de
2242 4220 2519 4293 aequitate
2546 4225 2722 4292 atque
2775 4218 3092 4291 prudentia
3121 4235 3261 4275 cum
3313 4219 3640 4291 aequalibus

1980 4315 2230 4376 certant,
2264 4325 2643 4383 nequaquam
2674 4308 2776 4366 illa
2805 4307 2913 4363 sibi
2943 4307 3222 4379 deligere,
3256 4324 3387 4380 qum
3418 4306 3527 4377 ipsi
3556 4308 3640 4367 fa-

1980 4402 2195 4460 cillime
2216 4401 2484 4459 oratione
2502 4399 2787 4473 persequi
2810 4398 3062 4472 possint,
3083 4398 3188 4455 sed
3210 4415 3342 4472 quae
3368 4398 3637 4455 difﬁcilli-

257 4500 352 4558 τὰς
402 4495 583 4558 πόλεις
647 4497 736 4555 τὰς
797 4496 986 4559 αὐτῶν,
1050 4498 1139 4546 καὶ
1198 4497 1321 4556 τοὺς
1386 4493 1571 4555 ἄλλους
1636 4494 1867 4559 ἓλληνας,

1986 4508 2076 4549 me
2104 4489 2445 4564 persuaderi
2475 4493 2694 4562 queant
2726 4504 2738 4543 :
2769 4503 2957 4559 neque
2988 4503 3227 4545 rursum
3273 4503 3339 4543 ea
3382 4504 3510 4560 quas
3537 4503 3639 4545 au-

256 4588 332 4660 iy'
363 4585 556 4662 οἷσπερ
586 4583 686 4657 ἑγὼ
722 4586 973 4657 τυγχάνω
1001 4591 1087 4635 νῦν
1121 4582 1440 4656 ἐφεστηκὼς.

329 4855 616 4924 Θαυμάζω
680 4848 738 4905 δε
806 4856 895 4905 καὶ
955 4859 1054 4904 τῶν
1134 4850 1297 4904 ἄλλων
1368 4858 1468 4902 τῶν
1549 4850 1865 4924 πράττεινή

256 4942 423 5014 λέγειν
502 4938 821 5013 δυναμένων,
902 4940 947 4994 εί
1011 4937 1151 5013 μηδε
1242 4940 1440 4993 πώποτ’
1529 4938 1704 5002 αὐτοῖς
1783 4937 1867 4992 έπ-

258 5034 410 5091 ἑλθεν
486 5031 863 5103 ένθυμήθῆναι,
936 5035 1052 5103 περὶ
1118 5037 1217 5082 τῶν
1281 5036 1462 5082 κοινῶν
1525 5030 1867 5101 πραγμάτων,

258 5120 392 5194 μηδ’
450 5121 666 5181 ἐλεῆσαι
738 5124 829 5183 τὰς
891 5127 984 5182 τῆς
1054 5116 1267 5180 ἰλλάδος
1321 5116 1650 5191 δυσπραξίας
1704 5119 1871 5180 οὕτως

260 5213 508 5286 αἰσχρῶς
563 5216 648 5263 καὶ
691 5206 871 5272 δεινῶς
918 5205 1300 5281 διατιθεμένης.
1348 5208 1446 5269 Ἧς
1501 5205 1674 5270 οὐδεὶς
1703 5227 1868 5282 παρα-

258 5302 525 5356 λᾶειπται
576 5305 752 5367 τόπος,
798 5301 855 5362 ὃς
901 5299 960 5352 ού
990 5303 1137 5370 γέμει
1184 5303 1273 5351 καὶ
1319 5290 1504 5370 μῖεστός
1547 5298 1657 5350 ἑστι
1714 5297 1867 5351 πολέ-

260 5412 359 5462 μου
408 5396 497 5443 καὶ
535 5390 770 5443 στάσεων
822 5395 911 5443 καὶ
963 5396 1175 5461 σφαγῶν
1230 5392 1321 5439 καί
1366 5395 1537 5439 κακῶν
1576 5388 1866 5459 ἀναριθμή-

260 5500 378 5535 των.
416 5486 515 5534 ἐιν
565 5480 805 5532 πλεῖστον
858 5482 1011 5551 μέρος
1055 5477 1423 5551 μετειλήφασιν
1471 5478 1520 5529 οἰ
1558 5485 1649 5537 τῆς
1681 5476 1866 5536 Ἀσίας

261 5576 349 5629 τὴν
416 5568 677 5645 παραλίαν
762 5567 1040 5629 οἰκοῦντες.
1122 5564 1222 5628 Ούς
1288 5564 1335 5617 έν
1408 5573 1523 5628 ταῖς
1582 5566 1864 5625 συνθήκαις

1979 4581 2105 4639 ditu
2132 4581 2249 4638 sint
2274 4578 2733 4653 jucundissima,
2770 4577 2878 4634 sed
2907 4593 2980 4634 ex
3003 4577 3222 4651 quibus
3248 4577 3639 4635 emolumenti

1979 4671 2303 4744 plurimum
2325 4669 2590 4732 afferant,
2612 4682 2749 4723 cum
2768 4666 3102 4724 civitatibus
3120 4666 3266 4731 suis,
3282 4670 3409 4723 tum
3425 4666 3637 4724 Graecis

1980 4759 2284 4827 omnibus,
2317 4774 2575 4831 quorum
2606 4772 2718 4828 ego
2760 4756 2940 4813 modo
2968 4771 3151 4813 causa
3192 4755 3266 4812 ad
3296 4758 3352 4812 te
3389 4757 3635 4814 accessi.

2051 4852 2321 4920 Magnam
2338 4852 2538 4904 autem
2564 4846 2663 4903 hic
2682 4846 2823 4902 mihi
2848 4845 3311 4903 admirationem
3336 4847 3640 4904 concitant

1980 4937 2429 5011 ceeteri,quibus
2462 4935 2553 4992 vel
2611 4936 2829 5004 agendi
2870 4942 2976 5001 est,
2997 4935 3091 4992 vel
3147 4935 3379 4993 dicendi
3431 4935 3638 5008 aliqua

1979 5028 2245 5093 facultas,
2266 5025 2431 5099 quod
2450 5024 2613 5083 nulla
2636 5040 2905 5098 unquam
2922 5024 2995 5081 de
3013 5024 3434 5082 communibus
3454 5025 3635 5081 rebus

1978 5117 2213 5173 illorum
2254 5114 2490 5172 animos
2532 5113 2810 5185 cogitatio
2864 5114 3091 5181 subeat,
3137 5128 3332 5186 neque
3384 5112 3634 5171 infelicis

1979 5206 2209 5263 Gracia;
2254 5203 2769 5261 commiseratione
2796 5201 3105 5269 ducantur,
3152 5202 3324 5274 cujus
3350 5203 3482 5274 jam
3521 5208 3636 5261 sta-

1977 5300 2073 5351 tus
2096 5293 2502 5351 miserandum
2522 5291 2583 5346 in
2623 5291 2873 5348 modum
2894 5291 3047 5348 adeo
3069 5290 3437 5349 deformatus
3463 5297 3550 5349 est
3573 5298 3637 5350 ut

1976 5383 2236 5455 angulus
2263 5382 2321 5438 in
2343 5397 2413 5438 ea
2439 5380 2635 5436 nullus
2660 5381 3005 5453 reperiatur,
3033 5380 3135 5453 qui
3169 5395 3289 5438 non
3314 5380 3632 5451 bellorum,

1975 5472 2358 5538 seditionum,
2394 5469 2666 5535 caedium,
2709 5474 2766 5526 et
2790 5469 3157 5528 inﬁnitarum
3186 5470 3483 5529 malorum
3515 5472 3635 5546 ple-

1973 5578 2088 5620 nus
2125 5562 2218 5620 sit.
2255 5562 2515 5629 Quorum
2541 5559 2787 5633 quidem
2821 5564 3054 5634 partem
3099 5559 3277 5633 longe
3302 5563 3632 5620 maximam
