4136 6216
512 274 615 332 439

1756 269 1999 327 ΡΗΟΤΙΙ
2037 267 2510 327 PATRIABCH/E
2533 268 2642 326 CP.

3776 255 3885 315 M0

517 417 809 474 sustinent
835 415 873 471 ii
905 412 1007 488 qui
1038 413 1187 470 Asiae
1216 413 1517 470 maritima
1540 413 1828 479 incolunt,
1856 418 1912 470 et
1940 429 1976 470 a
2005 412 2174 470 nobis
2204 464 2205 467 η

2314 414 2509 475 ἱπαντες
2553 408 2928 483 έκδιδὼκειμεν
2958 410 3016 463 οὐ
3055 414 3210 483 μόνον
3256 416 3364 471 τοῖς
3413 404 3726 481 βαράρϐιος,
3763 400 3888 454 ἀλλὰ

520 505 806 563 omnibus
846 503 1165 561 foederibus
1193 503 1436 569 exclusi,
1462 518 1583 560 non
1612 503 1883 559 barbaris
1915 507 2179 559 tantum-

522 594 706 651 modo
737 593 1009 663 gentibus
1037 592 1308 664 permissi
1340 597 1497 662 sunt,
1530 591 1635 647 sed
1668 591 1737 647 iis
1766 591 1907 647 item
1938 592 2174 648 Θεωρίς,

522 684 626 756 qui
650 682 751 737 etsi
776 682 981 753 lingua
1004 680 1315 737 nobiscum
1335 686 1580 737 utantur
1595 682 1826 751 eadem,
1854 698 1890 737 a
1912 680 2181 737 moribus

524 779 678 829 certe
708 771 1103 827 Barbarorum
1132 770 1277 826 nihil
1308 771 1665 843 discrepant.
1697 772 1858 836 Quos
1880 770 2181 842 equidem,

523 863 573 917 si
615 860 946 934 quidquam
977 860 1037 914 in
1063 860 1235 915 nobis
1278 865 1427 915 esset
1471 860 1689 916 mentis
1730 858 2042 931 reliquum,
2085 875 2183 915 ne-

523 965 829 1024 quaquam
853 950 1180 1004 sineremus
1204 965 1309 1021 per
1324 953 1556 1005 tantam
1587 954 1853 1005 nostram
1878 948 2185 1020 negligen-

524 1041 669 1096 tiam
731 1038 911 1104 coire,
968 1054 1003 1093 a
1060 1037 1359 1109 quibusvis
1396 1038 1458 1094 in
1500 1037 1936 1109 expeditionem
1989 1038 2182 1104 educi,

526 1128 877 1200 majoraque
899 1132 953 1183 et
976 1127 1259 1183 validiora
1274 1126 1471 1197 colligi
1490 1128 1779 1197 agminae
1792 1128 1980 1198 vagis,
2000 1144 2186 1200 quam

524 1218 795 1292 legitimo
827 1217 1079 1289 imperio
1118 1217 1465 1289 gubernatis
1505 1216 1873 1273 hominibus.
1908 1217 2017 1283 Qui
2048 1233 2186 1273 cum

526 1308 804 1379 exiguam
831 1306 1161 1362 admodum
1184 1306 1441 1378 regionis
1470 1306 1601 1379 ejus
1623 1310 1877 1379 partem,
1910 1323 2041 1378 quae
2064 1309 2188 1379 regi

526 1402 717 1471 paret,
759 1396 986 1452 damno
1017 1394 1296 1461 afﬁciant,
1351 1397 1581 1452 Graecas
1630 1396 1841 1467 potius,
1886 1396 1964 1452 ad
2019 1413 2191 1468 quas-

528 1498 764 1557 cunque
814 1483 1175 1539 accesserint
1217 1482 1504 1547 civitates,
1553 1484 1884 1552 devastant,
1934 1484 2076 1540 dum
2130 1483 2192 1540 in

527 1575 622 1631 his
663 1574 811 1630 alios
857 1571 1235 1639 interﬁciunt,
1285 1571 1433 1629 alios
1492 1572 1615 1628 suis
1654 1572 1896 1628 sedibus
1944 1573 2187 1645 pellunt,

2285 509 2375 557 καὶ
2434 512 2531 556 τῶν
2584 502 2799 560 ελληνων
2851 508 2954 561 τοῖς
3006 509 3099 561 τῆς
3151 504 3239 571 μεν
3280 505 3445 571 φωνῆς
3502 504 3598 558 τῆς
3632 495 3888 566 ἡμετέρας

2288 600 2610 658 κοινωνοῦσι,
2642 600 2713 663 τῷ
2762 588 2820 644 δε
2871 594 3043 663 τρόπῳ
3082 597 3154 660 τῷ
3205 597 3303 641 τῶν
3358 584 3637 659 βαρϐαρων
3677 584 3883 655 χρωμέ-

2288 702 2413 745 νοις.
2444 683 2569 746 Οὓς,
2601 682 2645 734 εἰ
2672 688 2788 734 νοῦν
2818 683 3050 751 εἰχόμεν,
3107 678 3202 730 οὐκ
3242 675 3301 729 ἄν
3334 684 3648 749 περιορῶμεν
3709 670 3888 743 ἁθροι-

2294 777 2556 845 ζομένους,
2607 768 2722 823 οὐδ’
2766 772 2865 823 ὑπὸ
2919 778 3018 821 τῶν
3066 773 3329 840 τυχόντων
3380 765 3883 839 στρατηγουμένους,

2291 859 2416 916 οὐδε
2459 862 2671 935 μείζους
2736 864 2825 912 καὶ
2877 864 3135 932 κρείττους
3192 856 3459 919 συντάξεις
3517 846 3889 927 στρατοπέδων

2290 956 2596 1025 γιγνομένας
2644 949 2698 1002 έκ
2741 958 2839 1001 τῶν
2884 948 3221 1019 πλανωμένων
3273 946 3301 1004 ἣ
3356 944 3778 1014 πολιτευομένων.
3825 938 3891 991 Οἱ

2292 1051 2380 1103 τῆς
2430 1044 2519 1113 μεν
2569 1039 2827 1113 βασιλέως
2872 1045 3051 1114 χώρας
3096 1041 3283 1112 μικρόν
3335 1040 3487 1110 μέρος
3531 1033 3892 1105 λυμαίνονται,

2294 1136 2383 1193 τὰς
2442 1128 2501 1183 δι
2534 1129 2706 1191 πόλεις
2752 1132 2843 1191 τὰς
2901 1124 3173 1189 ἑλληνίδας
3220 1126 3291 1187 εἰς
3339 1129 3399 1184 ἦν
3454 1123 3514 1176 ἂν
3568 1121 3889 1183 εἰσέλθωσιν,

2298 1221 2616 1280 ἀναστάτους
2679 1226 2941 1283 ποιοῦσιν,
3005 1220 3125 1278 τοὺς
3179 1218 3268 1289 μὶν
3323 1213 3728 1272 ἀποκτείνοντες,
3780 1212 3898 1268 τοὺς

2299 1307 2358 1363 δι
2406 1305 2799 1381 φυγαδεύοντες,
2857 1315 2956 1358 τῶν
3005 1303 3063 1359 δε
3114 1308 3204 1367 τὰς
3256 1304 3440 1365 οὐσίας
3494 1299 3896 1374 διαρπάζοντες.

2299 1398 2415 1451 Ἐτι
2475 1396 2535 1450 δὲ
2580 1394 2775 1458 παῖδας
2829 1400 2916 1449 καὶ
2972 1403 3226 1467 γυναῖκας
3270 1393 3561 1466 ὑϐρίζοντες
3594 1412 3606 1424 ·
3662 1394 3752 1441 καὶ
3805 1390 3902 1448 τὰς

2298 1492 2388 1562 μεν
2437 1488 2855 1561 εὐπρεπεστάτας
2914 1487 3372 1556 καταισχύνοντες,
3425 1490 3523 1533 τῶν
3573 1477 3815 1543 δ’ἄλλων,
3865 1477 3904 1529 ἁ

2299 1582 2417 1652 περὶ
2465 1583 2573 1637 τοῖς
2625 1582 2865 1647 σώμασιν
2934 1576 3119 1645 ἔχουσι
3202 1579 3566 1647 περισπῶντες,
3639 1570 3794 1633 ὥστε,
3843 1566 3905 1627 ἃς

529 1664 677 1719 alios
710 1662 884 1718 bonis
912 1664 1159 1716 exuunt.
1195 1663 1379 1717 Taceo
1410 1676 1735 1734 puerorum
1767 1677 1837 1717 ac
1872 1661 2190 1718 mulierum

2314 1672 2547 1741 πρότερον
2597 1660 2720 1717 οὐδε
2761 1669 3149 1736 κεκοσμημένας
3179 1659 3239 1721 ἦν
3290 1658 3419 1714 ἰδεῖν
3474 1667 3579 1719 τοῖς
3618 1658 3907 1732 ἀλλοτρίοις

528 1751 780 1823 injurias
806 1755 891 1817 ;et
908 1750 1100 1806 forma
1116 1750 1175 1805 in
1192 1750 1284 1806 his
1302 1750 1565 1806 maxime
1587 1756 1935 1822 praestantes
1964 1750 2189 1820 violari,

532 1846 775 1898 caeteras
808 1839 987 1895 etiam
1019 1838 1089 1894 iis
1120 1838 1339 1911 quibus
1368 1854 1625 1910 corpora
1648 1855 1757 1896 sua
1780 1844 2007 1909 tegunt,
2031 1840 2188 1905 exui,

531 1935 596 1987 ut
622 1929 799 1986 nuda:
824 1929 949 2000 jam
984 1943 1021 1984 a
1046 1928 1247 1983 multis
1279 1928 1743 1999 conspiciantur,
1770 1944 1920 2000 quas
1944 1928 2003 1984 in
2031 1945 2193 2002 pere-

533 2020 705 2090 grina
743 2022 906 2073 veste
946 2022 1123 2073 antea
1170 2032 1482 2088 nunquam
1547 2032 1619 2072 ne
1663 2022 1912 2072 ornatus
1959 2018 2192 2089 quidem

534 2108 726 2179 gratia
744 2106 1023 2171 vidisses,
1054 2111 1452 2177 praeterquam
1470 2105 1630 2177 quod
1655 2104 1876 2177 aliquae
1899 2106 1958 2161 in
1975 2106 2191 2164 vilibus

534 2212 657 2269 praa
710 2195 911 2267 inopia
968 2194 1183 2266 pannis
1231 2198 1543 2266 pereuntes
1589 2194 1825 2250 obeant.
1877 2195 2017 2263 Qum
2056 2212 2195 2253 cum

535 2288 701 2342 tanto
728 2284 1019 2340 hactenus
1047 2287 1314 2355 tempore
1348 2282 1506 2338 mala
1535 2282 1784 2349 durent;
1814 2283 1977 2341 nulla
1996 2292 2195 2342 tamen

538 2374 664 2431 haec
712 2372 803 2430 vel
852 2373 1054 2430 civitas
1092 2388 1165 2428 ex
1204 2372 1274 2427 iis
1312 2388 1442 2445 quas
1474 2375 1700 2429 Graecos
1727 2372 1879 2430 inter
1903 2375 2195 2447 principa-

538 2467 661 2520 tum
681 2463 929 2528 obtinet,
952 2461 1040 2517 vel
1063 2461 1150 2517 vir
1166 2460 1239 2517 de
1264 2461 1637 2533 principibus
1654 2461 1867 2535 aliquis
1888 2462 2197 2521 molestius

537 2552 667 2610 tulit
699 2568 711 2607 :
747 2567 934 2607 unum
966 2550 1195 2622 excipio
1227 2554 1535 2622 parentem
1578 2556 1765 2607 tuum.
1817 2552 1988 2609 Solus
2036 2554 2195 2610 enim

538 2641 867 2713 Agesilaus,
930 2639 1087 2711 quod
1148 2638 1513 2706 noverimus,
1572 2640 1633 2696 in
1683 2656 1908 2711 magno
1967 2658 2201 2715 semper

538 2730 677 2788 vixit
713 2729 1027 2795 desiderio,
1079 2735 1206 2784 tum
1258 2730 1491 2785 Gnaeos
1532 2729 1593 2786 in
1635 2728 1963 2786 libertatem
2015 2731 2201 2788 vindi-

541 2819 731 2885 candi,
761 2824 887 2875 tum
933 2818 1071 2874 belli
1114 2817 1390 2874 Barbaris
1430 2816 1741 2875 inferendi.
1776 2820 1886 2885 Qui
1920 2826 2116 2876 tamen
2147 2826 2203 2877 et

540 2911 666 2983 ipse
698 2925 819 2966 una
849 2908 1058 2965 saltem
1090 2908 1284 2964 adhuc
1323 2907 1386 2963 in
1427 2924 1485 2964 re
1534 2908 1849 2965 aberrasse
1885 2910 2045 2966 visus
2092 2915 2197 2967 est.

542 3004 743 3074 Neque
768 2998 997 3055 mireris
1028 2998 1226 3063 velim,
1258 2997 1307 3053 si
1334 3003 1525 3054 tecum
1552 3014 1662 3069 ego
1688 2998 2009 3065 disserens,
2040 3016 2203 3055 men-

544 3090 765 3145 tionem
798 3087 1015 3144 faciam
1046 3103 1271 3150 eorum,
1304 3102 1440 3159 quas
1468 3087 1667 3143 minus
1692 3087 1786 3144 ille
1818 3093 1971 3144 recte
2000 3090 2202 3145 sensit.

2303 1759 2498 1817 ταύτας
2544 1756 2643 1807 ὑπὸ
2690 1753 2890 1807 πολλῶν
2941 1754 3164 1826 ὁρᾶσθαι
3204 1753 3407 1824 γυμνάς
3438 1772 3451 1785 ’
3486 1748 3616 1809 ένίας
3651 1744 3701 1801 δ’
3732 1746 3906 1799 αὐτῶν

2303 1844 2351 1897 έν
2376 1846 2563 1919 ῥάκεσι
2586 1845 3062 1918 περιφθειρομένας,
3096 1839 3167 1895 δι’
3209 1837 3408 1894 ἔνδειαν
3459 1848 3557 1892 τῶν
3589 1837 3906 1909 ἀναγκαίων.

2301 1937 2449 2007 ’Υπὲρ
2509 1931 2575 1985 ὧν
2622 1934 2780 1985 πολὺν
2828 1929 2933 1990 ἤδη
2979 1936 3169 2007 χρόνον
3224 1936 3534 2002 γιγνομένων
3591 1931 3708 1981 οὔτε
3754 1925 3911 1985 πόλις

2304 2020 2527 2095 οὐδεμία
2565 2031 2665 2075 τῶν
2710 2029 3001 2095 προστῆναι
3059 2030 3157 2074 τῶν
3205 2020 3419 2078 meum
3467 2018 3725 2082 ἁξιουσῶν
3775 2016 3913 2085 ἠγα-

2303 2115 2553 2170 νάκτησεν
2602 2132 2614 2144 ο
2669 2112 2780 2164 οὔτ’
2832 2110 2960 2184 ἀνὴρ
3014 2119 3114 2163 τῶν
3164 2113 3524 2185 πρωτευόντων
3576 2104 3751 2167 οὐδεὶς
3808 2104 3913 2178 βαο

2304 2206 2430 2276 ρέως
2480 2202 2679 2272 ἣνεγκε.
2735 2200 2872 2259 Πλὴν
2922 2202 2948 2253 ό
3000 2205 3087 2261 σός
3139 2205 3335 2273 πατὴρ.
3396 2203 3559 2259 Μόνος
3614 2199 3715 2268 γὰρ
3747 2196 3913 2266 Ἀγη-

2307 2290 2506 2356 σίλαος,
2540 2288 2606 2341 ὧν
2638 2292 2781 2361 ἡμεῖς
2822 2293 2990 2362 ῖσμεν,
3035 2289 3297 2360 ἐπιθυμῶν
3336 2286 3540 2340 ἅπαντα
3583 2289 3668 2339 τόν
3714 2289 3917 2358 χρόνον

2308 2376 2561 2433 διετέλεσε
2634 2384 2755 2442 τοὺς
2812 2383 2901 2451 μεν
2954 2378 3161 2439 έλληνας
3235 2377 3593 2450 ἐλευθερῶσαι.
3672 2379 3798 2450 πρός
3848 2370 3917 2427 δε

2306 2473 2426 2531 τοὺς
2476 2468 2779 2543 βαρϐάρους
2835 2468 3052 2540 πόλεμον
3118 2466 3391 2538 ἐξενεγκεῖν
3442 2486 3454 2499 ·
3506 2466 3564 2519 οὐ
3622 2471 3723 2538 μὴν
3783 2463 3922 2517 ἀλλά

2308 2556 2543 2620 κάκεῖνος
2596 2558 2703 2620 ένός
2750 2560 3057 2631 πράγματος
3102 2553 3361 2630 διήμαρτε
3403 2572 3415 2585 ·
3458 2560 3547 2607 καὶ
3597 2559 3668 2627 μὴ
3707 2556 3920 2625 θαυμάο

2312 2667 2475 2712 σειας,
2531 2648 2575 2700 εἰ
2624 2653 2753 2720 πρός
2806 2667 2863 2701 σε
2937 2644 3297 2719 διαλεγόμενος
3376 2647 3755 2717 μνησθήσομαι
3814 2651 3922 2695 τῶν

2310 2736 2403 2789 οὐκ
2456 2736 2621 2809 ὀρθῶς
2651 2737 2738 2790 ὑπ’
2783 2737 2943 2790 αὑτοῦ
3000 2738 3331 2808 γνωσθέντων
3380 2752 3392 2764 ·
3421 2736 3658 2805 εῖθισμαί
3706 2752 3760 2785 τε
3810 2735 3923 2806 γὰρ

2311 2828 2444 2898 μετὰ
2480 2825 2782 2901 παρρησίας
2836 2824 2915 2879 ἀεὶ
2959 2827 3222 2878 ποιεῖσθαι
3272 2828 3393 2887 τοὺς
3439 2823 3640 2895 λόγους.
3683 2827 3785 2875 Καὶ
3836 2818 3927 2874 δε-

2314 2914 2505 2986 ξαίμην
2530 2917 2590 2967 ἄν
2635 2912 2857 2977 δικαίως
2898 2915 3213 2987 έπιτιμήσας
3264 2913 3593 2985 ἀπέχθεσθαι
3636 2911 3851 2983 μᾶλλον,
3892 2914 3926 2969 ᾖ

2312 3007 2455 3079 παρὰ
2483 3007 2540 3056 τό
2585 3012 2850 3079 προσῆκον
2908 3004 3180 3065 ἐπαινέσας
3209 3005 3567 3078 χαρίσασθαι.
3610 3005 3679 3055 Τό
3709 3004 3802 3074 μεν
3832 2997 3932 3053 οὖν

2316 3091 2435 3165 έμόν
2465 3093 2629 3157 οὕτως
2654 3096 2782 3166 ἕχον
2812 3093 2973 3147 ἐστίν.

546 3180 693 3235 Nam
738 3182 795 3233 et
836 3176 1016 3232 libere
1048 3191 1284 3247 semper
1322 3176 1506 3233 animi
1560 3192 1738 3233 sensa
1795 3176 2059 3249 proferre
2090 3178 2275 3251 soleo,
2323 3187 2379 3239 et
2402 3183 2604 3239 malim
2644 3184 2723 3241 ob
2764 3185 2991 3255 justam
3052 3182 3573 3256 reprehensionem
3629 3179 3937 3237 invidiam

547 3267 855 3331 sustinere,
883 3281 1068 3337 quam
1100 3280 1204 3336 per
1228 3264 1588 3322 immeritam
1619 3265 1862 3323 laudem
1894 3267 2236 3337 gratiﬁcari.
2271 3269 2361 3328 Me
2393 3272 2572 3343 igitur
2612 3290 2749 3346 quas
2778 3272 3096 3344 attingunt,
3128 3272 3243 3329 hoc
3274 3288 3407 3328 sese
3451 3270 3631 3327 modo
3660 3269 3927 3327 habent.

619 3357 835 3410 Verum
871 3353 985 3420 ille,
1024 3354 1215 3425 quiin
1256 3355 1480 3409 caeteris
1524 3354 1672 3411 alios
1716 3356 2035 3427 superabat
2081 3374 2203 3414 om-
2248 3359 2289 3415 C

549 3460 675 3509 nes,
704 3458 843 3499 cum
868 3446 1026 3499 esset
1043 3442 1301 3499 maxime
1324 3447 1682 3514 temperans,
1717 3444 1997 3517 idemque
2013 3447 2213 3517 justis-

551 3532 760 3598 simus,
794 3548 861 3588 ac
886 3531 1223 3603 reipublicae
1250 3531 1747 3599 studiosissimus,
1772 3534 2066 3606 duplicem
2091 3552 2212 3608 prm

554 3639 617 3679 se
631 3621 757 3679 tulit
770 3620 1154 3694 cupiditatem
1167 3662 1181 3687 ,
1201 3621 1543 3693 praeclaram
1560 3622 1721 3679 illam
1737 3624 1975 3695 quidem
1994 3630 2213 3682 utram-

553 3728 670 3785 que
696 3728 797 3783 per
827 3727 910 3778 se,
942 3716 1003 3767 ut
1025 3710 1379 3782 apparebat;
1409 3712 1513 3767 sed
1538 3711 1617 3768 ita
1649 3712 1904 3770 invicem
1926 3714 2213 3771 dissiden-

554 3806 659 3866 tes,
688 3816 1003 3873 nunquam
1030 3805 1095 3855 ut
1124 3799 1300 3856 simul
1341 3799 1532 3856 amba:
1562 3801 1773 3858 conﬁci
1801 3809 2067 3874 possent.
2112 3806 2213 3860 Cu-

554 3890 762 3964 piebat
788 3890 989 3962 itaque
1018 3893 1072 3945 et
1105 3905 1243 3945 cum
1276 3904 1413 3961 rege
1448 3888 1818 3964 [Persarum]
1853 3891 2077 3949 bellum
2120 3908 2211 3963 ge-

554 3995 703 4046 rere,
727 3982 785 4034 et
801 3978 1047 4043 amicos,
1083 3978 1185 4050 qui
1212 3978 1290 4034 ad
1318 3994 1379 4033 se
1403 3978 1826 4051 confugissent,
1860 3981 1918 4037 in
1945 3981 2213 4037 civitates

558 4086 700 4127 suas
731 4070 1032 4134 reducere,
1062 4084 1131 4124 ac
1148 4068 1401 4139 negotiis
1426 4067 1507 4123 ibi
1528 4068 1780 4141 publicis
1809 4086 2047 4127 summa
2077 4087 2215 4126 cum

556 4164 850 4233 potestate
881 4158 1203 4231 praeﬁcere.
1228 4160 1379 4228 Ergo
1404 4157 1547 4213 illud
1578 4158 1716 4214 inde
1748 4158 2132 4231 sequebatur,
2153 4165 2218 4215 ut

558 4254 615 4306 et
652 4248 731 4304 ob
752 4247 1019 4303 studium
1052 4262 1193 4317 erga
1221 4246 1386 4315 alios,
1407 4246 1467 4301 in
1490 4245 1658 4302 bellis
1681 4263 1750 4303 ac
1776 4247 2217 4304 calamitatibus

563 4337 745 4393 Graeci
777 4341 1167 4401 versarentur,
1202 4340 1255 4392 et
1284 4340 1525 4406 propter
1558 4340 1825 4391 exortam
1856 4336 1993 4392 inde
2020 4353 2215 4393 rerum

560 4424 1086 4497 perturbationem,
1122 4439 1316 4497 neque
1346 4423 1447 4479 otii
1478 4423 1645 4489 satis,
1681 4440 1870 4496 neque
1891 4425 2109 4481 virium
2140 4427 2218 4482 ad

559 4513 937 4571 lacessendos
978 4513 1135 4570 bello
1183 4515 1472 4569 Barbaros
1510 4512 1858 4570 invenirent.
1898 4516 2088 4581 Quare
2128 4515 2218 4572 vel

562 4620 635 4661 ex
676 4603 751 4661 iis
803 4619 937 4677 quae
981 4607 1123 4659 tunc
1176 4602 1455 4674 temporis
1506 4603 1896 4673 contigerunt,
1950 4619 2071 4660 non
2127 4609 2216 4661 est

2394 3362 2612 3424 Ἐκεῖνος
2652 3359 2686 3414 δ
2708 3361 2719 3380 ’
2744 3360 2792 3413 έν
2841 3362 3009 3415 ἅπασι
3041 3369 3149 3424 τοῖς
3197 3361 3370 3424 ἄλλοις
3404 3357 3692 3432 διενεγκὼν,
3728 3364 3821 3411 καὶ
3846 3380 3939 3431 73-

2321 3456 2526 3524 νόμενος
2570 3450 2997 3523 ἐγκρατέστατος,
3044 3456 3133 3504 καὶ
3192 3448 3541 3518 δικαιότατος,
3591 3454 3680 3501 καὶ
3710 3447 3938 3519 πολεμι-

2322 3546 2571 3607 κώτατος,
2615 3537 2795 3602 διττὰς
2842 3543 2999 3613 ἔσχεν
3047 3540 3345 3614 ἐπιθυμίας.
3402 3545 3573 3615 Χωρὶς
3621 3542 3711 3611 μεν
3758 3537 3942 3589 ἑκατέ-

2322 3650 2416 3705 ραν
2446 3630 2605 3688 καλήν
2630 3627 2755 3682 εἶναι
2786 3627 3067 3695 δοκοῦσαν,
3097 3630 3156 3683 οὐ
3177 3625 3631 3703 συμφωνούσαςδ⁹
3659 3626 3936 3687 ἀλλήλαις.

2325 3716 2423 3771 οὐδ
2445 3719 2456 3733 ⁸
2490 3719 2599 3791 οἶμα
2622 3722 2945 3794 πράττεσθαι
2973 3716 3263 3792 δυναμένας
3286 3739 3298 3751 ·
3330 3718 3574 3778 ἠϐούλετο
3590 3720 3690 3791 γὰρ
3716 3715 3946 3787 βασιλεῖ

2325 3828 2377 3861 τε
2410 3808 2659 3880 πολεμεῖν,
2722 3814 2811 3861 καὶ
2868 3818 2966 3861 τῶν
3018 3809 3173 3880 φίλων
3230 3812 3350 3871 τοὺς
3380 3811 3659 3881 φεύγοντας
3714 3806 3789 3867 εἰς
3838 3806 3942 3865 τὰς

2325 3898 2496 3959 πόλεις
2574 3905 2908 3969 καταγαγεῖν,
2986 3903 3074 3950 καὶ
3150 3902 3365 3969 κυρίους
3443 3904 3780 3954 καταστῆσαι
3832 3903 3941 3945 τῶν

2326 3989 2667 4059 πραγμάτων.
2737 3986 3000 4039 Συέϐαινεν
3075 3983 3162 4039 οὖν
3233 3986 3290 4039 έκ
3364 3990 3453 4059 μὶν
3530 3994 3621 4046 τῆς
3678 4004 3940 4057 πραγμα-

2327 4082 2486 4142 τείας,
2521 4085 2610 4137 τῆς
2637 4077 2762 4149 ἥπερ
2809 4085 2906 4129 τῶν
2960 4075 3157 4150 ἐτέρων,
3203 4075 3251 4128 έν
3295 4084 3477 4138 κακοῖς
3528 4081 3617 4127 καὶ
3664 4071 3942 4137 κινδύνοις

2328 4165 2457 4217 εἰναι
2504 4168 2622 4225 τοὺς
2650 4164 2859 4226 ἕλληνας
2911 4184 2923 4197 ο
2960 4161 3053 4217 διὰ
3100 4162 3158 4217 δε
3202 4169 3293 4223 τὴν
3320 4169 3578 4238 ταραχὴν,
3619 4168 3712 4221 τὴν
3742 4161 3941 4217 ἐνθάδε

2325 4258 2651 4326 γιγνομένην,
2698 4258 2769 4326 μὴ
2823 4254 3023 4325 σχολὴν
3072 4256 3236 4325 ἄγειν,
3275 4251 3416 4323 μηδὲ
3469 4250 3729 4306 δύνασθαι
3787 4254 3942 4306 πολεο

2328 4351 2440 4415 μεῖν
2470 4351 2578 4404 τοῖς
2630 4342 2938 4417 βαρϐάροις.
3000 4342 3154 4395 Ὠστ’
3210 4341 3265 4394 έκ
3313 4351 3411 4395 τῶν
3466 4342 3581 4394 κατ’
3627 4340 3817 4393 ἐκεῖνον
3847 4346 3943 4394 τόν

2328 4438 2517 4507 χρόνον
2569 4430 2755 4507 ῥᾴδιον
2808 4433 3146 4504 καταμαθεῖν,
3192 4434 3271 4484 ὅτι
3322 4428 3404 4484 δεῖ
3443 4435 3562 4492 τοὺς
3615 4431 3777 4504 ὀρθῶς
3809 4430 3947 4503 βου-

2328 4523 2629 4594 λευομένους
2680 4528 2749 4594 μὴ
2796 4528 3043 4596 πρότερον
3094 4521 3318 4596 έκφέρειν
3389 4527 3515 4596 πρός
3573 4520 3800 4594 βασιλέα
3845 4528 3947 4575 πός

2328 4612 2500 4684 λεμον,
2532 4618 2651 4686 πρὶν
2685 4611 2744 4663 ἄν
2772 4608 3023 4685 διαλλάξῃ
3059 4631 3137 4675 τις
3192 4615 3310 4674 τούς
3354 4611 3585 4675 ἔλληνας,
3616 4615 3705 4662 καὶ
3751 4614 3943 4685 παύσῃ

563 4692 821 4750 difﬁcille
837 4691 1185 4764 intelligere,
1207 4708 1326 4750 non
1356 4691 1631 4764 expedire
1660 4691 1785 4762 (ubi
1817 4697 1974 4749 recta
2004 4692 2205 4749 salten:

2329 4711 2417 4764 τῆς
2446 4707 2632 4774 μανίας
2676 4706 2764 4753 καὶ
2808 4711 2902 4761 τῆς
2951 4701 3282 4773 φιλονεικείας
3337 4703 3495 4773 ἡμᾶς.
3555 4706 3677 4775 Περὶ
3723 4701 3787 4761 ἧς
3837 4700 3948 4771 ἐγὼ

564 4782 1161 4851 obtineantconsilia)
1188 4782 1411 4838 bellum
1448 4781 1660 4838 inferre
1684 4782 1805 4853 regi
1826 4782 2014 4855 prius,
2033 4798 2219 4855 quam

566 4876 791 4932 Graecos
821 4872 1125 4944 quispiam
1167 4870 1321 4929 inter
1345 4888 1407 4928 se
1444 4871 1786 4928 conciliatos
1832 4873 1910 4929 ab
1933 4872 2047 4929 hoc
2089 4889 2223 4928 con-

568 4960 845 5019 tendendi
874 4959 1071 5017 furore
1102 4960 1439 5017 abduxerit.
1464 4960 1591 5029 Qua
1620 4960 1693 5017 de
1724 4948 1808 5028 re,
1844 4965 1903 5018 ut
1933 4961 2079 5018 alias
2108 4961 2222 5017 dis-

570 5053 747 5120 serui,
819 5050 899 5107 ita
962 5065 1158 5123 neque
1224 5050 1406 5106 modo
1477 5050 1901 5122 supersedebo.
1970 5050 2222 5107 Tametsi

567 5142 829 5200 maxime
858 5139 1111 5214 quidam
1135 5156 1206 5197 ex
1242 5139 1310 5195 iis
1350 5140 1452 5212 qui
1501 5139 1649 5195 alios
1697 5140 1913 5197 docere
1952 5157 2013 5197 se
2053 5156 2225 5213 posse

570 5232 942 5305 pollicentur,
968 5245 1106 5286 cum
1135 5228 1253 5285 sint
1273 5228 1383 5301 ipsi
1406 5228 1689 5285 doctrinm
1710 5228 1911 5285 omnis
1934 5235 2223 5303 expertes,

569 5326 627 5377 et
654 5337 790 5377 mea
815 5336 1059 5393 carpere
1087 5320 1330 5390 audent,
1365 5335 1495 5391 quas
1527 5322 1726 5375 tamen
1756 5320 1967 5377 imitari
1996 5319 2225 5375 deside-

569 5412 725 5475 rant,
744 5408 1001 5465 amentis
1024 5407 1268 5465 forsitan
1297 5423 1430 5464 esse
1450 5407 1671 5476 dicant,
1691 5407 1854 5480 quod
1877 5407 2112 5465 Graeciaa
2134 5422 2229 5463 me

567 5496 979 5555 calamitatum
1010 5513 1151 5554 cura
1179 5502 1384 5568 tangat
1414 5498 1637 5570 aliqua,
1693 5497 1869 5571 quasi
1914 5512 2050 5554 mea
2101 5512 2231 5554 ora-

572 5587 732 5645 tione
758 5585 970 5644 melius
999 5603 1137 5646 cum
1159 5586 1259 5647 illa
1292 5587 1390 5659 agi
1415 5588 1699 5661 deinceps
1730 5588 1919 5661 possit
1946 5592 2049 5644 aut
2075 5586 2233 5643 dete-

2330 4797 2420 4843 καὶ
2477 4795 2721 4864 πρότερον
2776 4793 2981 4863 εἴρηκα,
3042 4796 3129 4842 καὶ
3179 4798 3267 4841 νῦν
3326 4795 3615 4862 ποιήσομαι
3677 4793 3801 4850 τοὺς
3855 4789 3950 4843 λό-

2330 4901 2476 4952 γους.
2557 4884 2654 4932 Καί
2724 4885 2799 4932 τοὶ
2870 4899 2997 4941 τινες
3053 4890 3151 4932 τῶν
3214 4876 3480 4953 μηδεμιᾶς
3552 4883 3642 4951 μεν
3694 4876 3952 4941 παιδείας

2332 4974 2751 5041 μετεσχηκότων,
2826 4965 3087 5021 δύνασθαι
3141 4966 3198 5021 δι
3253 4966 3520 5022 παιδεύειν
3575 4972 3695 5029 τοὺς
3750 4968 3950 5032 ἄλλους

2334 5060 2785 5130 ὑπισχνουμένων,
2840 5064 2927 5111 καὶ
2979 5059 3155 5130 ψέγειν
3208 5063 3297 5131 μεν
3346 5062 3409 5111 τὰ
3461 5057 3560 5130 έμόι
3612 5057 3951 5130 τολμώντων,

2337 5141 2611 5213 μιμεῖσθαι
2662 5135 2721 5191 δε
2791 5138 3113 5212 γλιχομένων
3169 5161 3180 5173 -
3230 5141 3374 5211 τάχα
3427 5138 3487 5191 ἂν
3546 5144 3733 5210 μανίαν
3789 5137 3953 5207 εἶναι,

2339 5236 2555 5303 φήσαιεν
2592 5233 2648 5282 τό
2683 5228 2851 5301 μέλειν
2902 5228 3011 5301 έμοὶ
3070 5237 3168 5281 τῶν
3221 5237 3315 5291 τῆς
3367 5226 3580 5291 έλλάδος
3639 5239 3954 5303 συμφορῶν,

2338 5322 2511 5393 ὥσπερ
2558 5321 2701 5392 παρὰ
2756 5321 2876 5379 τοὺς
2923 5316 3072 5392 έμοὺς
3120 5318 3304 5388 λόγους
3347 5319 3376 5378 ἡ
3426 5316 3625 5390 βέλτιον
3681 5318 3709 5377 ἦ
3761 5325 3961 5392 χεῖρον

2341 5408 2493 5467 αὐτὴν
2537 5408 2841 5480 πράξουσαν
2903 5429 2914 5442 ·
2975 5409 3043 5459 ὧν
3094 5406 3314 5469 δικαίως
3372 5406 3432 5459 ἂν
3482 5406 3699 5468 ἅπαντες
3747 5407 3962 5468 πολλὴν

2342 5496 2621 5573 ἀνανδρίαν
2674 5503 2762 5550 καὶ
2837 5497 3201 5569 μικροψυχίαν
3275 5504 3577 5568 καταγνοῖεν
3636 5499 3716 5549 ὅτι
3787 5517 3966 5573 προσ-

2342 5590 2640 5661 ποιούμενοι
2697 5587 3010 5661 φιλοσοφεῖν,
3063 5586 3215 5640 αὐτοὶ
3280 5589 3370 5660 μεν
3429 5584 3509 5639 ini
3556 5593 3764 5663 μικροῖς
3808 5587 3965 5661 φιλο-
