4136 6216
244 310 335 367 Hi
1312 368 1315 373 γ
1406 250 1411 253 Ι
1454 296 1949 357 BIBLIOTHECA.
1979 329 2047 343 —
2086 299 2247 358 COD.
2293 301 2450 359 CLX.

3507 305 3615 363 442

246 440 522 507 τιμοῦνται
551 453 564 465 ο
599 433 722 495 τοὺς
773 429 832 485 δέ
876 428 1194 505 δυναμένους
1248 433 1364 505 περὶ
1447 436 1546 481 τῶν
1602 431 1863 501 μεγίστων

1975 426 2120 485 rius.
2157 430 2317 496 Quos
2360 429 2568 489 merito
2620 447 2765 489 sane
2812 432 3010 506 pusilli
3070 432 3271 503 nimis,
3303 448 3373 490 ac
3400 448 3621 507 parum

250 520 619 596 συμϐουλεύειν
659 523 958 594 φθονοῦντες
1025 517 1373 574 διατελοῦσιν.
1428 518 1590 571 Οὔτοι
1636 520 1726 588 μὶν
1775 512 1862 568 οὖν

250 613 563 687 βοηθοῦντες
614 618 726 672 ταῖς
806 612 979 663 αὐτῶν
1072 609 1382 676 ἀσθενείαις,
1437 612 1527 661 καὶ
1583 608 1864 683 ῥᾳθυμίαις

249 705 368 762 ῖσως
424 698 633 753 τοιαῦτ’
707 698 938 772 ἐροῦσιν.
1013 699 1147 773 Ἐγώ
1208 696 1267 753 δὶ
1317 698 1476 759 οὕτως
1524 696 1603 750 ἐπ’
1657 695 1864 769 ἐμαυτῷ

246 796 378 865 μέγα
435 798 629 864 φρονῶ,
681 793 867 864 καίπερ
945 792 1032 849 ἔτη
1086 794 1308 862 γεγονὼς
1362 784 1709 859 ὁγδοήκοντα,
1773 793 1866 842 καὶ

248 881 582 932 παντάπασιν
686 878 1001 953 ἀπειρηκὼς,
1103 880 1237 931 ὥστε
1311 874 1456 950 οἶμαι
1516 881 1607 929 καὶ
1703 874 1864 948 λέγειν

251 966 361 1042 ἐμοὶ
413 972 703 1041 προσήκειν
783 968 1019 1041 μάλιστα
1074 973 1189 1043 περὶ
1253 969 1469 1035 τούτων,
1542 970 1632 1018 καὶ
1698 963 1865 1026 καλῶς

252 1055 630 1130 βεϐουλεῦσθαι
688 1061 819 1132 πρὸς
874 1064 931 1112 σε
985 1059 1285 1131 ποιούμενον
1331 1060 1453 1118 τοὺς
1492 1054 1674 1127 λόγους
1733 1073 1745 1084 ·
1775 1060 1863 1106 καὶ

251 1151 414 1219 τυχόν
435 1147 523 1199 ὑπ’
578 1147 748 1200 αὐτῶν
797 1149 1113 1220 γενήσεσθαί
1160 1166 1211 1199 τι
1264 1154 1361 1199 τῶν
1403 1143 1641 1200 δεόντων.
1682 1144 1866 1216 Ἡγοῦ-

247 1256 343 1309 μαι
376 1233 436 1289 δι
466 1242 557 1289 καὶ
613 1240 734 1299 τοὺς
779 1237 971 1300 σῦλους
1025 1236 1257 1303 ἕλληνας,
1312 1236 1355 1290 εἰ
1396 1231 1628 1294 δεήσειεν
1676 1234 1866 1296 αὐτούς

249 1326 305 1390 ἐξ
362 1327 605 1380 ἁπάντων
654 1325 965 1392 ἐκλέξασθαι
1028 1332 1113 1381 τόν
1167 1346 1221 1380 τε
1302 1333 1374 1397 τῷ
1430 1325 1567 1398 λόγῳ
1612 1325 1868 1377 κάλλιστα

249 1411 546 1474 δυνηθέντα
602 1415 966 1489 παρακαλέσαι
1015 1419 1134 1478 τοὺς
1200 1414 1406 1475 ἓλληνας
1464 1413 1548 1467 ἐπὶ
1616 1418 1709 1472 τὴν
1767 1422 1865 1470 τὼν

246 1502 535 1579 βαρϐάρων
577 1509 873 1580 στρατείαν,
925 1509 1014 1557 καὶ
1076 1508 1162 1558 τόν
1214 1507 1454 1577 τάχιστα
1493 1503 1741 1576 μέλλοντα
1774 1507 1866 1557 τὰς

245 1594 463 1668 πράξεις
561 1594 806 1648 ἐπιτελεῖν
896 1597 989 1657 τὰς
1086 1598 1363 1668 συμφέρειν
1439 1590 1693 1659 δοξάσας,
1771 1593 1864 1646 ούκ

248 1682 307 1735 ἂν
336 1683 531 1746 ἄλλους
571 1682 683 1736 ἀνθ’
716 1686 863 1755 ἡμῶν
913 1685 1279 1757 προκριθῆναι.
1337 1688 1438 1737 Καί
1483 1702 1565 1735 τοι
1614 1691 1725 1745 πῶς
1767 1683 1861 1736 ούκ

1973 518 2151 575 virilis
2186 519 2370 577 animi
2401 537 2612 579 omnes
2645 539 2816 597 asque
2845 529 3169 595 censeant;
3198 524 3363 597 quod
3403 539 3465 580 se
3494 524 3624 597 phi-

1970 605 2255 682 losophos
2276 610 2637 681 jactitantes,
2655 628 2776 668 non
2802 612 2998 669 solum
3016 614 3130 685 ipsi
3147 614 3348 686 parvis
3380 630 3411 670 e
3439 613 3622 670 rebus

1974 695 2287 767 gloriolam
2318 699 2585 772 aliquam
2612 706 2917 769 venentur,
2938 702 3047 759 sed
3073 702 3205 759 aliis
3225 718 3489 775 quoque,
3520 702 3625 775 qui

1974 787 2048 843 de
2080 789 2411 860 majoribus
2429 791 2675 848 consilia
2694 808 3006 864 suggerere
3034 792 3284 865 possint,
3317 808 3438 848 non
3469 791 3625 847 desi-

1973 882 2119 934 nant
2150 878 2435 935 invidere.
2496 885 2679 953 Atque
2704 881 2785 937 illi
2824 882 3090 955 quidem,
3150 881 3544 938 imbecillitati
3570 884 3628 937 et

1972 968 2228 1037 ignaviae
2249 968 2647 1042 obsequentes
2672 986 2797 1027 suae
2820 971 2959 1028 talia
2980 970 3184 1027 forsan
3215 971 3428 1027 dicturi
3449 974 3621 1027 sunt:

1973 1073 2085 1129 ego
2111 1073 2268 1125 vero,
2301 1075 2655 1132 quanquam
2687 1061 3124 1131 octogesimum
3144 1061 3272 1132 jam
3304 1064 3477 1117 natus
3524 1075 3627 1116 an-

1974 1163 2122 1204 num
2147 1148 2382 1221 penitus
2412 1148 2621 1216 deieci,
2654 1150 2972 1222 magniﬁce
2998 1154 3197 1207 tamen
3224 1150 3376 1207 adeo
3425 1150 3498 1205 de
3531 1164 3626 1205 me

1974 1236 2173 1293 adhuc
2194 1238 2402 1303 sentio,
2440 1245 2501 1294 ut
2526 1244 2729 1311 putem
2760 1255 2881 1296 non
2909 1244 3139 1297 tantum
3159 1240 3275 1295 mei
3296 1238 3387 1295 vel
3417 1239 3478 1295 in
3508 1238 3627 1312 pri-

1974 1324 2088 1382 mis
2128 1327 2312 1385 fuisse
2344 1328 2609 1386 muneris
2635 1328 2709 1385 de
2738 1329 2831 1386 his
2851 1329 3069 1401 dicere,
3094 1329 3199 1386 sed
3217 1329 3395 1386 etiam
3427 1334 3627 1385 tecum

1974 1416 2210 1488 agendo
2241 1417 2530 1490 praeclara
2552 1420 2918 1490 suggessisse
2949 1419 3222 1485 consilia,
3270 1435 3341 1475 ac
3371 1419 3626 1474 fortasse

1974 1521 2080 1578 per
2108 1506 2236 1563 haec
2266 1507 2634 1581 aliquarecte
2663 1524 2795 1565 esse
2816 1510 3097 1580 gerenda.
3116 1508 3268 1574 Quin
3300 1512 3356 1564 et
3379 1512 3626 1564 caeteros

1973 1610 2085 1666 ego
2115 1596 2350 1653 Graecos
2389 1597 2687 1664 existimo,
2720 1597 2769 1653 si
2796 1614 2868 1654 ex
2899 1598 3065 1655 omni
3094 1614 3343 1655 suorum
3374 1612 3628 1654 numero

1970 1685 2263 1757 deligendi
2276 1687 2419 1760 ipsis
2431 1693 2795 1754 essent,cum
2808 1688 2911 1761 qui
2926 1688 3167 1745 Graecos
3183 1691 3387 1760 posset
3402 1686 3629 1759 optime

248 1772 305 1825 ἂν
383 1773 617 1848 αἰσχρὸν
659 1778 998 1844 ποιήσαιμεν,
1042 1772 1202 1834 οὕτως
1263 1771 1476 1845 ἐντίμων
1547 1776 1722 1837 ὄντων,
1790 1773 1858 1823 ὧν

1975 1776 2236 1832 oratione
2250 1793 2359 1833 sua
2380 1776 2624 1834 incitare
2638 1778 2711 1834 ad
2739 1778 3113 1834 invadendos
3126 1775 3283 1834 bello
3307 1774 3602 1832 Barbaros
3613 1816 3627 1841 ,

244 1862 470 1923 ἅπαντες
518 1862 577 1914 ἂν
643 1863 781 1934 ἡμᾶς
836 1860 1149 1930 ἀξιώσειαν;
1200 1865 1258 1914 τό
1287 1864 1377 1935 μὶν
1430 1858 1517 1914 οὖν
1572 1862 1690 1935 ἐμόν
1716 1861 1857 1914 ἔλατ-

244 1957 331 2004 τόν
353 1951 504 2004 ἐστιν
549 1971 562 1983 ·
607 1950 974 2024 ἀποφήνασθαι
1029 1954 1130 2025 γὰρ
1157 1951 1192 2004 ἃ
1218 1956 1466 2024 γινώσκει
1494 1971 1595 2019 τις,
1647 1952 1705 2003 ού
1762 1953 1859 2005 πά-

1129 2045 1214 2093 Σοὶ
1272 2037 1331 2094 δὲ
1387 2045 1644 2114 προσήκει
1693 2061 1857 2116 προσ-

243 2135 428 2202 έχοντι
463 2133 551 2183 τόν
575 2137 692 2182 νοῦν
724 2137 828 2191 τοῖς
854 2129 941 2183 ὑπ’
972 2129 1096 2203 ἐμοῦ
1126 2129 1416 2203 λεγομένοις
1466 2128 1860 2203 βουλεύσασθαι

241 2226 469 2293 πότερον
556 2219 891 2295 όλιγωρητέον
960 2219 1072 2273 ἐστὶ
1136 2228 1236 2273 τῶν
1288 2218 1560 2279 ἑλληνικῶν
1615 2223 1856 2295 πραγμά·

241 2330 370 2375 των,
407 2313 639 2381 γεγονότι
683 2312 773 2383 μὲν
823 2311 996 2385 ὥσπερ
1044 2309 1203 2382 ὀλίγῳ
1257 2313 1503 2384 πρότερον
1561 2313 1659 2382 ἐγὼ
1710 2308 1859 2371 διῆλ-

246 2402 335 2452 θον
402 2416 415 2428 ’
465 2401 679 2472 ἡγεμόνι
732 2397 792 2452 δὲ
846 2395 1256 2472 λακεδαιμονίων
1322 2403 1432 2452 ὄντι
1500 2421 1511 2433 -
1548 2399 1759 2473 βασιλεί
1803 2397 1861 2453 δε

240 2492 755 2563 προσαγορευομένῳ
786 2506 799 2518 ·
870 2494 1121 2561 μεγίστην
1163 2485 1222 2541 δι
1274 2496 1373 2541 τῶν
1422 2487 1638 2547 ἕλλήνων
1686 2492 1863 2562 ἔχοντι

243 2574 416 2641 δόξαν
472 2595 486 2606 ’
554 2578 584 2637 ἦ
642 2586 740 2630 τῶν
832 2581 924 2650 μεν
992 2576 1281 2631 ἐνεστώτων
1338 2582 1659 2652 πραγμάτων
1708 2580 1859 2653 ὑπερ-

242 2670 457 2733 οπτέον,
507 2668 719 2739 μείζοσι
779 2664 830 2719 δ’
884 2666 1262 2743 ἐπιχειρητέον.
1300 2667 1427 2720 Ἐλώ
1478 2672 1568 2742 μὲν
1595 2671 1696 2743 γάρ
1730 2689 1863 2743 φημι

241 2761 457 2827 χρῆναί
518 2775 575 2809 σε
606 2758 806 2809 πάντων
848 2756 1090 2830 ἀφέμενον
1133 2766 1233 2809 τῶν
1264 2756 1448 2825 ἄλλων,
1484 2755 1631 2811 δυοῖν
1663 2761 1863 2812 τούτοιν

241 2850 540 2919 προσέχειν
581 2849 666 2897 τόν
717 2853 832 2898 νοῦν

244 2063 303 2093 νυ
364 2049 467 2093 τῶν
524 2040 768 2113 χαλεπῶν
839 2045 1049 2113 πέφυκε.

886 2864 899 2875 ⁸
934 2849 1067 2908 ὅπως
1114 2850 1236 2908 τούς
1292 2851 1382 2920 μὲν
1435 2848 1649 2912 ἔλληνας
1700 2848 1863 2901 ἀπαλ-

240 2934 416 3005 λεῐξῃς
473 2943 575 2988 τῶν
633 2935 887 3008 πολέμων,
937 2940 1025 2989 καὶ
1070 2944 1168 2989 τῶν
1246 2936 1408 2989 ἄλλων
1470 2946 1662 3003 κακῶν,

242 3033 334 3076 νῦν
387 3026 567 3086 αὐτοῖς
626 3030 892 3100 παρόντων

1768 2958 1866 2991 των

955 3043 968 3055 ’
1018 3030 1134 3088 τοὺς
1196 3023 1254 3080 δὲ
1312 3026 1610 3103 βαρϐάρους
1662 3031 1868 3103 παύσῃς

1969 1868 2095 1921 tum
2152 1866 2255 1938 qui
2324 1866 2629 1922 celerrime
2682 1867 2976 1923 conﬁcere
3040 1871 3266 1939 posset,
3322 1880 3458 1938 quin
3517 1863 3630 1921 uti-

1967 1952 2369 2026 litergerenda
2396 1955 2758 2020 viderentur,
2782 1955 2978 2012 nullos
3005 1955 3255 2012 omnino
3281 1955 3430 2012 alios
3450 1954 3628 2011 nobis

1969 2045 2415 2119 praeposituros.
2477 2048 2541 2101 Et
2579 2061 2712 2101 vero
2758 2046 3071 2119 quomodo
3098 2060 3219 2102 non
3250 2044 3475 2117 alioqui
3509 2050 3629 2100 tur-

1969 2150 2108 2208 pem
2139 2150 2386 2207 prorsus
2424 2150 2552 2191 rem
2577 2136 3110 2201 committeremus,
3143 2150 3280 2191 cum
3297 2132 3628 2190 honoriﬁca

1969 2224 2163 2281 forent
2186 2222 2339 2280 adeo
2364 2222 2482 2288 illa,
2516 2223 2737 2296 quibus
2766 2239 2877 2281 nos
2908 2223 3181 2280 omnium
3196 2222 3427 2295 judicio
3454 2237 3631 2279 orna-

1969 2329 2172 2370 remur
2194 2315 2222 2371 ?
2254 2313 2374 2370 Etsi
2405 2329 2442 2369 a
2462 2330 2558 2371 me
2597 2314 2763 2387 quod
2811 2313 3109 2387 proﬁcisci
3140 2316 3351 2386 potest,
3377 2311 3627 2369 minoris

1970 2402 2032 2459 id
2063 2418 2206 2459 sane
2232 2403 2522 2460 momenti
2552 2407 2643 2460 est
2674 2424 2687 2471 ;
2722 2420 2860 2460 cum
2885 2418 3007 2459 non
3050 2402 3130 2459 ita
3162 2402 3352 2459 soleat
3383 2416 3513 2457 esse
3540 2416 3629 2457 ar-

1970 2492 2179 2558 duum,
2216 2508 2389 2548 suam
2419 2492 2493 2549 de
2518 2508 2580 2549 re
2637 2494 2921 2566 quapiam
2960 2492 3311 2548 sententiam
3346 2490 3626 2563 proferre.

1973 2581 2122 2639 Cum
2150 2587 2316 2638 tuum
2334 2581 2407 2638 sit
2444 2581 2522 2639 ad
2545 2597 2617 2638 ea
2645 2582 2939 2648 animum,
2967 2598 3106 2653 qum
3132 2580 3315 2636 modo
3340 2578 3628 2635 indicavi-

1974 2688 2130 2735 mus,
2185 2670 2592 2728 advertentem
2657 2670 2968 2743 dispicere,
3010 2670 3319 2727 Graaciaane
3379 2683 3475 2723 res
3528 2680 3630 2722 ne-

1974 2760 2268 2832 gligendaa
2301 2760 2404 2817 tibi
2433 2759 2570 2831 sint,
2598 2776 2669 2817 eo
2700 2760 2866 2833 quod
2892 2758 3073 2833 paulo
3099 2763 3235 2815 ante
3264 2755 3387 2813 dixi
3414 2770 3629 2828 genere

1973 2849 2729 2920 nato,Laced£emoniorum
2741 2849 3033 2919 duci,regi
3046 2863 3288 2922 quoque
3303 2845 3627 2911 declarato,

1976 2946 2033 2997 et
2070 2940 2406 2997 maximum
2435 2940 2588 2996 inter
2636 2942 2867 2997 Graecos
2918 2954 3142 2995 nomen
3181 2935 3517 3004 sustinenti,
3550 2949 3629 2991 an

1976 3029 2175 3103 potius
2215 3029 2533 3102 praesentia
2563 3032 2680 3086 sint
2708 3028 3034 3086 omittenda
3071 3027 3335 3098 negotia,
3381 3039 3503 3099 quo
3533 3022 3629 3079 his

244 3112 588 3188 ὑϐρίζοντας,
641 3115 797 3168 πλείω
882 3119 1225 3186 κεκτημένους
1308 3115 1479 3188 ἀγαθὰ
1556 3125 1648 3170 τοῦ
1708 3138 1864 3191 προσ-

1983 3119 2212 3190 majora
2242 3119 2561 3193 suspicias.
2597 3122 2675 3176 De
2703 3118 2926 3193 quibus
2939 3134 3083 3174 sane
3096 3132 3207 3187 ego
3240 3114 3386 3171 illud
3415 3113 3629 3183 sentio,

246 3213 497 3264 ήκοντος,
535 3202 626 3265 Ὠς
658 3200 707 3256 δ’
739 3202 852 3256 ἔστὶ
892 3212 1057 3257 ταῦτα
1106 3201 1306 3258 δυνατὰ
1334 3203 1455 3278 ἕμόν
1504 3208 1652 3278 ἔργον
1714 3204 1870 3261 διδά-

246 3296 336 3359 ξαι
369 3297 492 3366 περὶ
514 3292 684 3345 αὐτῶν
709 3291 872 3345 ἐστίν.

1978 3210 2038 3267 in
2052 3209 2310 3266 hmcduo
2323 3209 2955 3283 potissimum,caeteris
2968 3207 3248 3264 omnibus
3269 3202 3634 3278 praetermis-

1981 3300 2079 3367 sis,
2139 3316 2269 3357 esse
2317 3299 2416 3356 tibi
2498 3299 2995 3371 incumbendum,
3071 3301 3137 3354 ut
3186 3296 3424 3353 Graecos
3470 3293 3632 3349 hisce

243 3384 449 3448 bellis,
472 3398 547 3439 ac
575 3382 847 3448 miseriis,
875 3382 1242 3456 quibuscum
1283 3382 1463 3441 hodie
1493 3385 1933 3457 conﬂictantur,
1959 3388 2175 3447 liberes
2224 3407 2236 3445 :
2267 3394 2453 3463 utque
2476 3390 2879 3448 barbarorum
2910 3402 3188 3446 coerceas
3227 3383 3629 3448 insolentiam,

244 3474 353 3548 qui
386 3473 503 3543 iam
524 3470 819 3546 pluribus,
838 3488 1023 3546 quam
1047 3488 1156 3546 par
1180 3473 1273 3540 sit,
1308 3473 1482 3530 bonis
1510 3473 1845 3534 abundant.
1876 3477 1940 3535 Id
1960 3482 2163 3537 autem
2199 3479 2437 3538 conﬁeri
2467 3495 2661 3554 posse,
2694 3495 2859 3537 meas
2890 3482 3089 3551 partes
3119 3474 3264 3532 duxi
3289 3485 3635 3530 commone-

245 3562 471 3620 facere.

1009 3653 1116 3706 ΡΞ.

251 3748 507 3815 Χοραιου
562 3746 814 3811 Σοφιστοῦ
871 3739 1017 3813 λόγοι
1092 3738 1355 3815 διάφοροι,
1430 3747 1519 3796 καὶ
1576 3751 1871 3819 ῐιροκοπίου

324 3835 594 3900 σοφιστοῦ
645 3828 819 3891 Γάζης
897 3834 1100 3902 στίχων
1200 3830 1497 3907 Ὁμηρικῶν

334 3919 463 3960 σεις.

324 3988 450 4059 [336
484 3986 579 4060 Η.]
608 3988 943 4059 Ἀνεγνώσθη
980 3995 1234 4063 Χορικίου
1277 4000 1533 4064 σοφιστοῦ
1578 3995 1750 4056 Γάζης
1772 4003 1872 4050 Με-

254 4076 394 4129 λέται
437 4082 529 4129 καὶ
589 4078 856 4141 Συντάξεις
902 4078 1069 4149 λόγων
1145 4076 1409 4155 διάφοροι.
1481 4082 1643 4144 Οὗτος
1688 4090 1869 4160 χαίρει

258 4171 345 4237 μὲν
391 4167 650 4240 ε-ἆκρινείᾳ
708 4172 795 4219 καὶ
854 4170 1198 4240 καθαρότητι,
1251 4170 1323 4232 εἰς
1377 4174 1434 4223 τό
1481 4177 1757 4246 χρήσιμον
1812 4172 1871 4228 δὲ

259 4262 342 4308 καὶ
502 4255 753 4330 περιϐολῇ
810 4263 1133 4330 κεχρημένος
1210 4267 1282 4330 τῷ
1339 4280 1391 4313 τε
1481 4261 1701 4337 εὐκαίρῳ
1779 4270 1869 4318 καὶ

259 4353 326 4413 τῷ
350 4347 489 4417 ⁸⁸μή
527 4346 599 4407 εἰς
651 4354 816 4416 μῆκος
868 4343 1120 4421 περιόδου
1149 4352 1343 4406 ταύτην
1399 4357 1723 4424 παρατείνειν
1783 4354 1867 4406 ού-

1599 3839 1875 3909 Μεταφρά-

2725 3659 2873 3715 CLX.

1984 3750 2246 3810 Choricii
2265 3749 2555 3818 Sophistae
2566 3747 3030 3806 declamationes
3058 3747 3262 3818 vatim,
3281 3751 3333 3818 e_t
3352 3740 3634 3812 Procopii

2088 3822 2281 3879 Gazaai
2302 3815 2756 3879 Homericorum
2778 3834 3048 3875 versuum
3092 3815 3522 3886 Metaphrases.

2051 3985 2237 4040 Lectae
2253 3986 2389 4037 sunt
2403 3980 2648 4037 Choricii
2663 3978 2955 4049 Sophistae
2969 3976 3158 4034 Gazaai
3175 3972 3632 4031 Declamationes

1982 4074 2444 4143 Orationumque
2514 4070 2720 4126 classes
2792 4068 2978 4124 varia;-
3053 4066 3188 4138 (63).
3260 4062 3488 4120 Gaudet
3534 4063 3631 4119 hic

1978 4168 2260 4223 accurata
2289 4162 2664 4218 distinctione
2686 4162 2865 4231 atque
2888 4157 3141 4231 puritate
3170 4173 3183 4210 :
3212 4171 3282 4211 ac
3314 4154 3360 4208 si
3383 4154 3632 4226 quando

1979 4254 2240 4311 utilitatis
2274 4252 2527 4323 alicujus
2560 4250 2750 4321 gratia
2773 4248 2954 4305 etiam
2985 4246 3486 4303 circumductione
3516 4245 3633 4300 uti-

1978 4348 2093 4414 tur,
2175 4348 2295 4399 tam
2378 4357 2513 4398 eam
2569 4344 2901 4412 opportune
2969 4336 3225 4404 adhibet,
3286 4337 3348 4393 in
3401 4332 3630 4409 periodi

264 4432 341 4487 δεν
384 4444 443 4507 τῇ
507 4439 765 4507 σαφηνείᾳ
836 4435 1154 4509 λυμαίνεται,
1221 4441 1335 4497 ἤθει
1391 4458 1449 4491 τε
1503 4445 1594 4493 καὶ
1649 4441 1864 4515 ἀληθείᾳ

1976 4412 2409 4503 longitudinem
2429 4444 2814 4503 nequaquam
2827 4428 3220 4491 excurrendo,
3237 4426 3387 4483 nihil
3414 4429 3479 4481 ut
3498 4440 3631 4497 per-

267 4530 635 4596 σνγκὲκραται,
702 4521 827 4577 ούδε
901 4534 996 4587 τῆς
1059 4526 1451 4599 γνωμολογικῆς
1511 4531 1557 4565 ⁸⁵
1630 4528 1867 4592 σπουδῆς

267 4610 529 4684 ἑστοχών.
577 4613 637 4666 Ἠ
697 4610 759 4667 δέ
785 4633 844 4685 γε
864 4614 997 4678 λέξις
1025 4615 1167 4686 αύτῷ
1193 4625 1292 4668 τῶν
1317 4614 1556 4688 λογάδων
1600 4617 1730 4692 [1⁸75
1762 4621 1868 4695 Η.]

268 4698 387 4753 οὖσα
436 4702 486 4755 ίν
525 4702 732 4763 πολλοῖς
776 4704 868 4755 οὐκ
930 4703 1002 4757 ἀεὶ
1049 4708 1107 4757 τὸ
1142 4710 1358 4776 γνήσιον
1391 4703 1571 4760 διώκει
1602 4726 1613 4737 ·
1649 4708 1758 4761 ἔσθ’
1785 4712 1867 4764 ὅτε

268 4794 357 4862 γὰρ
413 4788 507 4843 διὰ
562 4797 659 4851 τήν
713 4791 937 4864 ἄκρατον
990 4802 1081 4855 τῆς
1135 4803 1328 4869 τροπῆς
1386 4797 1433 4832 ⁸⁸
1488 4795 1741 4870 ἐκτροπὴν
1801 4800 1868 4860 εἰς

268 4879 625 4954 {alogias/im
656 4880 907 4935 ἐκπίπτει.
942 4889 1043 4937 Καὶ
1090 4888 1223 4957 πρός
1253 4904 1311 4937 το
1372 4894 1783 4962 ποιητικώτερον
1806 4886 1866 4943 δε

272 4969 398 5019 εστιν
444 4970 506 5022 οὗ
554 4974 937 5043 παρασύρεται.
1000 4978 1279 5047 Χρήσιμος
1354 4971 1415 5027 δέ
1507 4974 1651 5028 ἔστιν
1712 4978 1867 5041 αύτός

273 5057 439 5111 ἑαυτοῦ
490 5059 685 5131 μᾶλλον
757 5060 1028 5133 ἐκφράσεις
1104 5067 1193 5114 καὶ
1277 5062 1512 5136 ἒγκώμια
1585 5063 1868 5141 διερχόμε-

274 5165 347 5208 ag
390 5149 454 5184 '7-
486 5148 648 5205 Ἐστι
694 5146 753 5202 δε
783 5155 873 5203 καὶ
902 5159 997 5213 τῆς
1046 5151 1309 5215 εὐσεϐείας
1340 5152 1583 5228 ἐραστὴς,
1639 5158 1704 5207 τὰ
1734 5165 1864 5231 Χρι-

280 5245 481 5289 στιανῶν
527 5242 685 5312 ὄργια
720 5242 806 5292 καὶ
869 5245 1050 5313 τεμένη
1104 5250 1268 5315 τιμῶν
1320 5262 1333 5275 ·
1384 5241 1515 5301 πλὴν
1580 5243 1674 5296 ούκ
1762 5243 1865 5299 οἷδ’

1977 4525 2352 4598 spicuitatem
2380 4523 2575 4578 laedat.
2602 4520 2787 4577 Mitior
2806 4520 2946 4575 item
2969 4516 3218 4574 aﬂ‘ectus
3247 4516 3404 4587 apud
3427 4516 3630 4584 ipsum

1974 4613 2215 4685 egregio
2261 4613 2520 4670 candore
2555 4612 2928 4681 temperatur,
2978 4622 3173 4680 neque
3206 4612 3405 4663 tamen
3430 4603 3565 4659 ideo
3595 4618 3633 4659 a

1975 4704 2155 4762 docta
2177 4702 2401 4761 recedit
2436 4700 2762 4773 diligentia.
2797 4698 3035 4756 Selectis
3063 4697 3240 4752 utitur
3271 4694 3628 4768 plerumque

1975 4794 2248 4859 vocibus,
2282 4793 2388 4850 etsi
2412 4806 2535 4847 non
2566 4783 3272 4861 sempergenuinumilim
3304 4799 3478 4838 suum
3512 4796 3630 4837 ser-

1973 4888 2110 4940 vent
2143 4899 2340 4938 usum.
2376 4879 2677 4937 Interdum
2704 4878 2864 4935 enim
2909 4875 2989 4933 ob
3040 4874 3267 4931 nudam
3299 4872 3631 4943 ﬁgurarum

1974 4974 2389 5031 deﬂectionem
2419 4972 2480 5027 in
2506 4968 2790 5041 frigidam
2813 4965 3020 5022 incidit
3042 4964 3364 5020 dictionem
3401 4980 3413 5020 :
3448 4964 3504 5015 et
3543 4962 3632 5015 est

1974 5062 2079 5120 ubi
2119 5062 2196 5118 ad
2244 5061 2544 5134 poeticum
2592 5057 2789 5132 potius
2828 5056 3051 5130 stylum
3101 5052 3411 5109 delabitur.
3445 5048 3633 5105 Vincit

1975 5160 2177 5211 autem
2207 5152 2492 5225 seipsum,
2522 5147 3009 5222 praestantiorque
3038 5147 3139 5210 est,
3164 5141 3306 5199 dum
3333 5140 3392 5196 in
3417 5138 3632 5195 descri-

1974 5243 2277 5318 ptionibus
2294 5237 2827 5299 aclaudationibus
2846 5238 3134 5292 versatur.
3150 5228 3469 5302 Religionis
3484 5228 3627 5286 item

1597 5360 1837 5418 VARHE
1870 5360 2274 5419 LECTIONES.

341 5469 383 5502 “
402 5478 470 5541 τῷ
495 5477 630 5544 post
659 5478 745 5526 καὶ
770 5488 892 5528 om.
925 5478 987 5529 Α.
1067 5475 1115 5509 ⁸⁵
1143 5482 1470 5547 γνωμονικῆς
1496 5476 1535 5532 C
1564 5497 1619 5541 ς’·

1697 5477 1744 5515 ⁸⁸
1765 5487 2062 5554 προτροπῆς
2084 5499 2138 5543 ς’.

2217 5477 2264 5513 ⁸⁷
2297 5471 2708 5546 διεξερχόμενος.

1829 5600 2058 5658 ΝΟΤιλΕ.

348 5716 447 5791 (63)
474 5720 749 5788 Συντάξεις
768 5722 983 5798 quales
1012 5738 1153 5782 mox
1172 5724 1441 5799 quinque
1471 5730 1892 5786 numerantur.
