4136 6216
621 294 725 354 443

1845 296 2085 355 ΡΗΟΤΙΙ
2114 294 2601 357 ΡΑΤΗΙΑΒΟΗᾸΞ
2630 298 2738 357 CP.

3813 294 3898 366 444

622 422 1329 489 amans,Christianorum
1383 440 1555 483 sacra
1620 424 1890 499 ritusque
1917 428 2267 480 veneratur:

2390 426 2517 486 ὅπως
2573 424 2837 501 ὀλιγώρως
2908 431 2996 480 καὶ
3049 426 3183 499 λόγῳ
3261 432 3350 481 σὺν
3395 427 3557 483 οὐδενὶ
3601 433 3774 503 μύθους
3831 439 3903 488 καὶ

622 512 737 569 nisi
762 513 925 586 quod
948 513 1141 570 nescio
1165 530 1288 587 qua
1308 514 1682 586 negligentia,
1700 520 1757 571 et
1782 514 1907 570 sine
1929 513 2046 569 ulla
2064 528 2271 579 causa,

624 617 763 658 cum
793 602 1037 659 minime
1066 603 1253 670 decet,
1278 603 1514 661 fabulas
1536 604 1940 676 historiaeque
1970 601 2272 673 gentilium

626 692 859 763 scriptis
892 692 1017 747 suis
1056 693 1381 750 admisceat
1430 712 1443 750 :
1472 693 1771 750 interdum
1818 692 1997 749 etiam
2031 708 2169 747 cum
2201 691 2276 747 de

622 780 802 838 rebus
833 781 1015 837 sacris
1046 780 1301 839 disserit.
1329 783 1505 840 Varia
1554 787 1751 840 autem
1783 782 2159 855 plurimaque
2202 781 2275 837 ab

624 871 724 927 illo
770 870 1097 928 litterarum
1150 874 1555 930 monumentis
1608 873 1846 947 prodita
1887 873 1948 929 in
1997 872 2275 929 manibus

624 963 956 1017 versantur.
982 961 1260 1035 Reperias
1287 962 1447 1019 enim
1486 964 1615 1034 ejus
1652 962 1929 1018 ﬁctorum
1955 961 2067 1035 (64)
2101 976 2274 1031 argu-

624 1054 960 1107 mentorum
973 1050 1273 1107 orationes
1287 1052 1680 1125 panegyricas
1693 1049 2273 1124 (65),lamentabiles,

623 1139 943 1213 nuptiales,
976 1140 1373 1207 refutationes,
1404 1147 1460 1197 et
1512 1141 1572 1197 id
1603 1156 1793 1211 genus
1824 1139 1958 1197 alia.
2001 1139 2275 1212 quualis

624 1228 729 1285 fuit
775 1229 1089 1285 Iustiniani
1133 1230 1406 1301 Augusti,
1452 1228 1780 1303 discipulus
1811 1245 1952 1286 vero
2010 1227 2278 1301 Procopii

625 1318 874 1374 rhetoris
903 1317 1045 1390 (non
1065 1318 1223 1374 illius
1254 1318 1368 1391 (66)
1395 1317 1774 1376 Caesariensis
1801 1319 2026 1391 tamen)
2063 1318 2278 1391 103a

626 1407 806 1464 unius
835 1423 866 1464 e
913 1408 1157 1463 summis
1184 1408 1329 1464 viris
1364 1425 1376 1465 :
1406 1408 1511 1481 qui
1545 1407 1914 1481 temporibus
1946 1407 2059 1463 illis
2088 1409 2280 1465 multa

628 1500 684 1553 et
728 1495 889 1553 utilia
935 1497 1272 1563 scribendo,
1328 1503 1680 1570 perpetuam
1769 1498 1859 1553 sui
1922 1498 2279 1555 memoriam

625 1586 968 1643 hominibus
992 1586 1303 1659 paululum
1334 1587 1517 1644 modo
1547 1586 2003 1644 humanioribus
2022 1587 2276 1660 reliquit.

627 1674 822 1732 Altero
853 1674 966 1747 (67)
992 1675 1133 1732 item
1162 1677 1219 1733 in
1244 1692 1315 1733 ea
1354 1677 1486 1750 ipsa
1516 1693 1627 1734 sua
1647 1676 1840 1750 patria
1865 1677 2110 1733 doctore
2138 1692 2280 1732 usus

2387 516 2614 589 ἱστορίας
2640 514 2957 582 Ἑλληνικὰς,
3005 516 3065 568 οὐ
3122 513 3236 570 δέον
3285 518 3353 584 ⁸⁸,
3404 518 3779 591 ίγκαταμίγνυσι
3818 530 3902 583 τοῖς

2385 603 2567 657 ἑαυτοῦ
2616 606 3028 678 συγγράμμασιν
3074 605 3201 679 [337
3256 606 3345 681 3.]
3369 609 3499 661 ἔστιν
3560 610 3635 662 ὅτι
3676 615 3755 662 καὶ
3807 613 3907 684 ἱιρο-

2382 692 2565 765 λογῶν.
2601 694 2819 747 Ποικίλα
2846 691 2904 748 δὲ
2926 695 3084 748 αὐτοῦ
3134 702 3220 749 καὶ
3262 697 3417 749 πολλά
3459 700 3812 771 συγγράμματα
3839 705 3906 772 φί-

2382 802 2527 858 ριται
2574 801 2586 812 ·
2647 782 3026 856 πλασματικοῖς
3064 805 3115 838 τε
3166 788 3265 857 γὰρ
3314 791 3400 839 καὶ
3451 796 3792 859 πανηγυρικοῖς
3836 794 3907 841 καὶ

2383 869 2665 946 μονῳδίαις
2707 877 2795 925 καὶ
2862 873 3219 947 ἑπιθαλαμίοις
3268 881 3357 928 καὶ
3403 874 3754 950 ἁντιρρητικοῖς
3800 879 3911 929 ἔστιν

2384 962 2543 1014 αὐτοῦ
2573 962 2745 1033 λόγοις
2768 961 3001 1034 ἐντυχεῖν
3058 968 3147 1016 καὶ
3200 967 3448 1025 τοιούτοις
3485 964 3680 1038 ἑτέροις.
3714 964 3911 1036 Ἦκμασι

2386 1048 2445 1105 δι
2474 1050 2522 1103 ἐν
2552 1059 2661 1114 τοῖς
2710 1052 3078 1105 Ἰουστινιανοῦ
3132 1057 3367 1125 χρόνοις.
3407 1057 3573 1125 Γέγονι
3620 1050 3673 1106 δὲ
3719 1055 3916 1126 μαθητὴς

2387 1145 2680 1212 Προκοπίου
2737 1142 2978 1216 ῥήτορος,
3038 1141 3147 1204 ἑνός
3193 1152 3293 1194 τῶν
3351 1140 3586 1217 ἀρίστων,
3618 1143 3670 1195 οὐ
3714 1150 3792 1195 τοῦ
3814 1149 3913 1195 Knu-

2388 1234 2584 1305 σαρίως
2629 1227 2707 1296 δὲ,
2765 1230 2815 1291 ὃς
2871 1230 2943 1293 εἰς
2972 1235 3108 1303 μέγα
3156 1241 3334 1304 κτῆμα
3362 1238 3447 1284 καὶ
3476 1233 3636 1305 ὄφελος
3662 1232 3762 1284 κατ’
3792 1231 3918 1283 έκεῖνο

2384 1327 2571 1394 καιροῦ
2598 1322 2690 1381 τὰς
2743 1321 3012 1394 ἱστορικὰς
3043 1321 3089 1355 ⁸⁹
3134 1323 3339 1394 γραφὰς
3372 1320 3619 1383 συντάξας
3662 1319 3919 1389 ἀείμνηστον

2387 1408 2545 1462 αὑτοῦ
2602 1408 2745 1470 κλέος
2795 1416 2901 1471 τοῖς
2945 1406 3381 1484 σπουδαιοτέροις
3432 1408 3765 1463 καταλέλοιπεν
3802 1428 3813 1441 ·
3842 1408 3925 1460 ἐτί-

2386 1518 2459 1570 ρῳ
2491 1494 2551 1550 δέ
2579 1516 2680 1549 τινι
2736 1498 3133 1570 προσωμίλησεν
3186 1497 3233 1551 ἕν
3281 1507 3345 1572 τῇ
3415 1502 3537 1571 αὐτῇ
3619 1492 3813 1572 πατρίδι
3854 1500 3925 1547 καὶ

2387 1587 2527 1658 αὐτῷ
2588 1586 2809 1658 λαχόντι
2851 1590 3193 1659 σοφιστεύειν,
3244 1586 3299 1640 ὃν
3359 1591 3444 1640 καὶ
3495 1586 3563 1648 εἰς
3599 1594 3745 1661 γῆρας
3779 1584 3927 1643 ἐλάσας

2389 1673 2558 1739 ἡδέως
2589 1676 2728 1748 εἶχεν
2760 1678 2883 1749 ὁρᾴν
2911 1676 3019 1730 ἀνθ’
3044 1677 3227 1730 ἑαυτοῦ
3275 1681 3364 1730 τόν
3405 1676 3647 1749 ὁμιλητὴν
3689 1682 3774 1737 τῆς
3826 1692 3929 1745 σχο-

627 1768 733 1831 est,
758 1764 1005 1835 perinde
1027 1764 1279 1832 rhetore,
1304 1746 1397 1822 cui
1409 1765 1537 1839 jam
1556 1746 1729 1822 aetate
1780 1765 1996 1823 affecta
2024 1765 2281 1837 gratissi-

2390 1766 2481 1829 λῆς
2522 1746 2877 1839 ἐξηγούμενον.
2922 1769 3119 1820 Τούτου
3157 1766 3305 1838 λόγοι
3345 1746 3520 1820 πολλοί
3557 1768 3603 1802 ⁹⁰
3630 1784 3678 1817 τι
3722 1768 3797 1816 καὶ
3830 1782 3931 1815 παν-

629 1868 797 1908 mum
820 1853 1033 1910 accidit
1062 1854 1424 1927 discipulum
1456 1871 1630 1911 suum
1654 1854 1855 1911 videre
1898 1854 2155 1911 docendi
2177 1870 2284 1927 pro

628 1957 690 1997 se
730 1958 952 1998 munus
976 1950 1393 2014 occupantem.
1436 1944 1622 2015 Hujus
1652 1958 1895 2017 quoque
1942 1943 2079 2000 libri
2117 1942 2287 2000 multi

630 2030 745 2102 (68)
771 2031 1071 2103 variaeque
1091 2031 1375 2087 doctrinae
1392 2032 1915 2099 circumferuntur,
1933 2033 2086 2088 lectu
2109 2038 2289 2105 atque

632 2119 959 2176 imitatione
979 2120 1165 2190 digni.
1191 2123 1292 2175 Est
1320 2119 1458 2175 item
1491 2118 1643 2175 liber
1673 2121 1803 2191 ejus
1834 2122 2063 2191 integer
2082 2121 2287 2177 Home-

629 2208 889 2264 ricorum
918 2224 1193 2265 versuum
1219 2209 1621 2278 Metaphrases
1662 2209 1801 2282 (69),
1846 2211 2026 2266 variis
2051 2208 2286 2267 dicendi

629 2296 839 2354 formis
865 2303 1259 2364 commutatae,
1279 2314 1414 2371 quas
1433 2314 1727 2356 summam
1750 2300 1854 2355 viri
1882 2316 2020 2356 cum
2050 2300 2293 2356 dicendi

630 2385 997 2451 facultatem,
1059 2390 1184 2443 tum
1241 2386 1669 2445 declamitandi
1714 2388 1837 2445 vim
1899 2389 2046 2444 satis
2088 2404 2192 2461 per
2231 2404 2292 2445 se

629 2479 855 2547 queant
911 2475 1246 2543 ostendere,
1296 2492 1480 2549 quam
1505 2476 1800 2543 virtutem,
1846 2478 2052 2550 quoad
2085 2478 2209 2550 ejus
2256 2495 2292 2534 a

632 2562 924 2635 discipulo
955 2564 1081 2621 ﬁeri
1105 2571 1321 2638 potest,
1350 2567 1411 2622 in
1440 2566 1824 2623 Orationibus
1864 2566 2174 2624 Choricius
2195 2584 2287 2624 ex-

630 2652 861 2725 pressit.
899 2656 1153 2728 Uterque
1178 2655 1313 2728 pius
1352 2660 1460 2723 est,
1520 2672 1586 2711 ac
1626 2671 2042 2729 saepenumero
2074 2658 2133 2713 in
2163 2657 2291 2713 suis

630 2742 1023 2809 orationibus,
1056 2759 1253 2817 neque
1306 2743 1418 2801 abs
1450 2760 1532 2814 re,
1566 2744 1640 2802 de
1667 2761 1840 2802 sacro
1876 2746 2291 2803 faciendarum

2392 1852 2616 1909 τοδαποὶ
2644 1860 2896 1928 φέρονται,
2938 1855 3084 1920 ἄξιον
3130 1856 3287 1920 ζήλου
3338 1862 3429 1909 καὶ
3477 1860 3723 1929 μιμήσεως
3761 1860 3930 1925 χρῆμα,

2393 1950 2482 1998 καὶ
2532 1941 2600 2004 δὴ
2656 1951 2745 1997 καὶ
2790 1944 2988 2018 βιϐλίον
3036 1945 3167 2010 ὅλον,
3221 1951 3427 2019 στίχων
3474 1944 3751 2018 Ὁμηρικῶν
3797 1948 3936 1995 Μετα-

2396 2036 2609 2107 φράσεις
2661 2033 2727 2095 εἰς
2774 2034 3010 2095 ποικίλας
3092 2034 3254 2107 λόγων
3333 2032 3482 2097 ἰδέας
3546 2032 3937 2105 ὶκμιμορφωμὲναι

2397 2122 2450 2176 αἱ
2502 2123 2733 2196 μα’λιστα
2780 2127 2868 2182 τὴν
2916 2131 3005 2177 τοῦ
3046 2120 3237 2198 ἀνδρὸς
3288 2130 3410 2197 περὶ
3454 2125 3719 2197 ῥητορικὴν
3759 2116 3936 2189 δύναμιν

2398 2218 2487 2266 καὶ
2529 2211 2740 2285 μελέτην
2790 2216 2963 2266 ἱκαναὶ
3014 2216 3305 2286 πεφύκασιν
3372 2211 3692 2285 ἆπαγγίλλιιν
3748 2230 3759 2242 ·
3810 2206 3859 2259 οὗ
3884 2224 3941 2257 τι-

2397 2322 2497 2368 νος,
2531 2306 2598 2364 ὡς
2624 2305 2735 2355 ἔστι
2759 2299 2979 2355 δυνατὸν
3024 2304 3256 2375 μαθητῇ,
3314 2308 3562 2377 Χορίκιος
3591 2302 3801 2373 μιμητὴς
3835 2296 3942 2347 κατὰ

2399 2394 2517 2453 τοὺς
2558 2391 2738 2462 λόγους
2781 2396 3006 2463 γέγονεν.
3060 2397 3243 2463 ’Ἄμφω
3272 2387 3331 2444 δὲ
3377 2396 3543 2450 ἤστην
3585 2385 3768 2442 εὐσεϐές
3789 2388 3849 2452 ⁸⁸,
3875 2386 3945 2434 καὶ

2400 2479 2668 2551 πολλαχοῦ
2720 2486 2823 2540 τοῖς
2879 2479 3053 2551 λόγοις
3104 2479 3291 2545 αὐτῶν,
3366 2476 3490 2533 οὐδὲ
3542 2480 3805 2552 παρέργως,
3854 2474 3946 2543 περὶ

2399 2577 2495 2631 τῆς
2557 2571 2689 2642 ἱερᾶς
2751 2569 3099 2643 ιίκονουργίας
3174 2564 3641 2641 διαλαμϐάνουσιν.
3709 2569 3864 2634 Γέγονι
3902 2555 3947 2611 δὲ

2400 2662 2629 2733 Χορικίῳ
2668 2662 2758 2711 καὶ
2810 2661 2840 2717 ἠ
2886 2666 2976 2711 τοῦ
3044 2654 3380 2712 διδασκάλου
3460 2658 3657 2714 τελιυτὴ
3721 2652 3949 2721 ἐπιταφίου

2400 2748 2661 2808 ὑπόθεσις.

626 2830 964 2905 imaginum
996 2849 1107 2891 usu
1135 2833 1451 2890 disserunt.
1510 2836 1591 2891 Ex
1643 2835 1912 2909 Procopii
1966 2851 2107 2893 vero
2163 2836 2548 2910 praeceptoris
2590 2836 2754 2894 ohitu
2812 2836 3103 2910 epitaphii
3159 2838 3590 2908 argumentum
3620 2829 3858 2893 Choricio
3882 2828 3955 2883 est

629 2920 920 2979 oblatum.

1366 3013 1543 3069 CLXI.

769 3100 1012 3172 Sopatri
1034 3100 1473 3171 Excerptorum
1509 3102 1811 3159 variorum
1842 3102 1984 3159 libri
2013 3119 2113 3159 xu.

702 3190 887 3245 Lectae
920 3194 1059 3245 sunt
1087 3190 1322 3259 Eclogae
1349 3190 1531 3247 variae
1549 3190 1834 3247 doctrinm
1860 3190 2027 3247 libris
2052 3192 2281 3249 duode-

631 3276 747 3332 cim
803 3278 1035 3349 Sopatri
1084 3278 1365 3349 sophistae
1416 3280 1550 3352 (70).
1593 3280 1835 3350 Collegit
1913 3284 2113 3337 autem
2168 3283 2281 3338 hoc

630 3381 783 3438 opus
836 3381 867 3421 e
901 3366 1103 3423 multis
1134 3372 1189 3423 et
1217 3366 1470 3423 diversis
1494 3368 1809 3433 historicis,
1839 3373 2017 3442 atque
2040 3372 2281 3443 scripto-

632 3453 818 3510 ribus.
854 3454 1295 3528 Primusitaque
1324 3456 1558 3513 liberde
1582 3456 1872 3513 fabulosis
1887 3459 2153 3528 gentium
2166 3460 2278 3516 diis

631 3544 770 3615 agit.
822 3543 1018 3600 Electa
1063 3544 1194 3600 haec
1232 3561 1304 3601 ex
1346 3544 1687 3617 Apollodori
1737 3547 1850 3619 (71)
1910 3547 2060 3605 libro
2113 3550 2278 3605 tertio

631 3635 716 3692 De
743 3633 876 3700 diis,
910 3634 1009 3707 qui
1040 3634 1236 3708 patria
1272 3634 1650 3691 Atheniensis
1680 3637 2143 3706 grammaticam
2173 3639 2282 3695 do-

628 3723 761 3780 cuit.
795 3726 908 3779 Nec
938 3739 1079 3779 vero
1119 3739 1151 3780 e
1172 3724 1344 3781 tertio
1373 3724 1667 3781 duntaxat
1695 3724 1844 3782 libro
1875 3727 2004 3783 haec
2034 3728 2240 3799 selegit
2264 3746 2278 3796 ;

631 3812 737 3869 sed
775 3816 831 3869 et
878 3828 908 3868 e
946 3816 1181 3885 quarto,
1212 3814 1442 3887 quinto,
1472 3829 1543 3871 ac
1581 3830 1761 3871 nono.
1796 3816 1935 3872 Item
1983 3832 2015 3872 e
2061 3818 2278 3890 primo,

628 3901 1251 3972 duodecimo,decimo
1276 3903 1507 3976 quinto,
1532 3909 1588 3960 et
1616 3904 1849 3961 decimo
1876 3910 2058 3972 sexto,
2092 3922 2283 3979 usque

631 3991 708 4049 ad
755 3996 1039 4064 quartum
1090 3997 1145 4048 et
1210 3993 1580 4049 vicesimum.
1621 3993 1847 4063 Quibus
1878 3994 2278 4061 collectaneis,

630 4096 760 4155 quae
791 4080 865 4137 de
892 4080 1004 4137 diis
1034 4080 1305 4139 fabulose
1337 4082 1474 4140 ﬁcta
1504 4088 1662 4154 sunt,
1712 4100 1969 4157 quaeque
2004 4084 2282 4142 historice

626 4171 1380 4244 narrantur,complectitur
1402 4172 1771 4240 universa,ut
1801 4178 1857 4230 et
1881 4174 1954 4230 de
1975 4173 2278 4243 heroibus,

631 4274 702 4316 ac
734 4260 1029 4315 Dioscuris
1073 4261 1207 4333 (72),
1252 4260 1326 4315 de
1383 4260 1452 4315 iis
1482 4260 1643 4329 item,
1686 4261 1791 4335 qui
1844 4262 2009 4335 apud
2058 4262 2280 4320 inferos

3125 3016 3269 3070 ΡΞΑ.

2556 3104 2833 3177 Σωπάτρου
2866 3103 3107 3177 Ἐκλογαὶ
3134 3100 3384 3179 διάφοροι
3420 3103 3469 3157 ἐν
3504 3101 3722 3177 βιϐλίοις
3752 3095 3835 3170 ιβ’.

2462 3195 2892 3266 Ἀνιγνώσθησαν
2945 3193 3185 3265 Ἐκλογαὶ
3240 3190 3494 3269 διάφοροι
3553 3191 3599 3245 ἐν
3682 3186 3878 3263 βιϐλίοις
3917 3182 3954 3215 θ’

2392 3282 2461 3355 ιβ’
2518 3285 2796 3356 Σωπάτρου
2846 3290 3119 3355 σοφιστοῦ.
3190 3282 3518 3336 Συνείλεκται
3594 3276 3650 3333 δι
3722 3277 3847 3345 αὐτῷ
3909 3272 3954 3320 τό

2390 3371 2593 3444 βιϐλίον
2668 3370 2722 3423 ἐκ
2808 3371 3005 3424 πολλῶν
3080 3376 3168 3424 καὶ
3244 3368 3518 3448 διαφόρων
3596 3372 3820 3440 ἱστοριῶν
3883 3361 3956 3411 καὶ

2387 3462 2729 3536 γραμμάτων·
2806 3464 2875 3514 Τὸ
2920 3465 3011 3533 μὶν
3067 3458 3155 3514 οὖν
3210 3470 3415 3533 πρῶτον
3466 3465 3581 3535 περὶ
3621 3466 3716 3511 τῶν
3751 3452 3859 3526 παρ’
3897 3448 3956 3501 ἕλε

2387 3550 2513 3611 λησι
2560 3553 3019 3623 μυθολογουμένων
3096 3559 3236 3604 Θεῶν
3293 3547 3649 3623 διαλαμϐάνει
3697 3545 3767 3597 ·ὂ
3822 3541 3959 3594 συνεί-

2387 3640 2561 3694 λεκται
2618 3639 2672 3692 ἐκ
2729 3648 2827 3692 τῶν
2892 3636 3286 3715 Ἀπολλοδώρου
3364 3645 3491 3713 Περὶ
3553 3646 3691 3693 θεῶν
3752 3644 3794 3704 7'
3835 3631 3959 3698 λόγου

2390 3731 2689 3801 (Ἀθηναῖος
2739 3724 2797 3781 δὲ
2846 3729 2871 3780 ό
2902 3724 3315 3801 Ἀπολλόδωρος,
3369 3734 3461 3781 καὶ
3509 3723 3860 3803 γραμματικός
3884 3718 3959 3771 τὴν

2388 3818 2619 3890 τέχνην).
2650 3817 2761 3870 Οὐκ
2790 3817 2846 3870 ἐκ
2876 3825 2967 3870 τοῦ
3016 3824 3189 3890 τρίτου
3239 3814 3297 3869 δὲ
3323 3824 3487 3890 μόνον
3521 3820 3551 3875 ἡ
3613 3812 3820 3883 διαλογὴ
3846 3805 3963 3871 αὐτῷ

2391 3912 2691 3975 πεποίηται,
2744 3905 2871 3958 ἀλλὰ
2920 3903 2987 3965 δὴ
3025 3911 3114 3959 καὶ
3168 3905 3222 3958 ἐκ
3282 3902 3334 3958 δ’
3360 3912 3455 3959 καὶ
3485 3908 3522 3959 ε’
3559 3910 3648 3958 καὶ
3681 3903 3742 3969 θ’,
3769 3905 3848 3951 τοῦ
3867 3892 3962 3946 rt"

2392 3996 2437 4049 α’
2475 3995 2628 4049 παλιν
2653 4002 2741 4048 καὶ
2783 3995 2853 4068 ιβ’
2884 3998 2938 4049 re"
2973 3998 3020 4032 9‘
3068 4016 3121 4049 τι
3148 4002 3233 4049 καὶ
3269 3996 3343 4062 ις’
3376 3999 3427 4034 9⁸
3469 4001 3561 4049 καὶ
3586 4000 3745 4069 μέχρι
3771 3995 3850 4042 τοῦ
3876 3978 3961 4036 κδ’.

2393 4086 2533 4159 Ἐνῇ
2593 4085 2813 4157 συλλογῇ
2857 4087 2922 4137 τοί
2978 4105 3030 4138 τε
3083 4087 3319 4157 μυθικῶς
3377 4092 3501 4161 περὶ
3554 4087 3677 4138 θεῶν
3720 4080 3765 4117 ’⁸
3812 4073 3962 4129 dum"

2392 4174 2677 4247 πλασμίνα,
2717 4179 2820 4227 ’καὶ
2872 4176 2916 4227 εἰ
2964 4194 3013 4227 τι
3064 4174 3180 4227 καθ’
3243 4176 3489 4249 ἱστορίαν
3546 4177 3768 4247 εἴρηται,
3815 4164 3967 4237 nuptii-

2390 4263 2538 4336 ληφι,
2571 4268 2687 4337 περί
2734 4283 2787 4316 τε
2826 4272 2924 4315 τῶν
2972 4264 3094 4339 παρ’
3143 4263 3321 4325 αὐτοῖς
3379 4266 3570 4339 ἡρώων
3625 4265 3712 4314 καὶ
3759 4264 3966 4310 Διοσκονυ

630 4346 874 4417 degunt,
929 4347 1164 4422 aliaque
1212 4349 1273 4405 id
1318 4364 1509 4420 genus
1560 4350 1839 4441 plurima.
1874 4352 2108 4423 Colligit
2154 4353 2281 4409 haec

2392 4374 2515 4429 ρων,
2548 4358 2637 4405 καὶ
2662 4357 2781 4427 περὶ
2829 4362 2927 4405 τῶν
2976 4350 3024 4405 ἕν
3083 4348 3259 4420 ἁῖδου,
3320 4358 3415 4406 καὶ
3473 4354 3579 4405 ὅσα
3634 4344 3968 4425 παραπλήσια·

630 4452 871 4511 quoque
901 4442 956 4495 et
976 4439 1239 4497 secundo
1285 4439 1439 4497 libro
1489 4438 1654 4497 Jubaa
1682 4440 1793 4514 (73)
1826 4442 1911 4499 De
1932 4445 2197 4513 pictura,
2227 4448 2283 4499 et

2393 4441 2507 4497 ⁴Ετι
2565 4438 2623 4496 δὲ
2653 4448 2742 4495 καὶ
2788 4442 3105 4496 συνιΰηκται
3149 4442 3288 4514 αὐτῷ
3340 4444 3371 4503 ἠ
3441 4441 3634 4517 βίϐλος
3669 4444 3751 4491 καὶ
3806 4433 3854 4487 ἐκ
3899 4433 3971 4480 τοῦ

1977 4595 2211 4651 νΑΒΙΕ
2247 4594 2647 4654 LECTIONES.

700 4716 746 4789 ξε
786 4712 899 4769 δέον
922 4720 973 4768 ὄν
1004 4715 1113 4789 ὶγκ.
1147 4738 1201 4783 ς’.

630 4786 767 4863 σιϐίι
787 4786 1043 4863 co_rr._A.'
1126 4791 1173 4863 Ῠ²
1202 4788 1406 4863 βίϐλοις
1472 4786 1537 4846 Α.

632 4859 679 4895 ⁸⁸
714 4858 863 4933 θεῶν]
892 4859 1078 4915 αὐτῶν.
1112 4862 1177 4915 Α.

1283 4717 1328 4753 ⁸9
1362 4716 1629 4792 ἱστορικὰς
1661 4716 1801 4773 add.
1832 4721 1900 4773 Α.
1977 4718 2197 4801 ⁹⁰θλόγοι
2226 4718 2441 4827 πολλοίὶ

1283 4788 1406 4850 ἵλοις
1472 4796 1537 4846 Α.
1619 4790 1665 4825 9³
1721 4809 1773 4843 τε
1803 4792 1938 4862 post
1965 4810 2055 4843 του
2086 4806 2210 4851 om.
2255 4795 2320 4847 A.

2489 4717 2605 4775 vid.
2672 4716 3022 4775 Boissonad.
3055 4718 3135 4774 ad
3173 4716 3381 4775 Marin.
3414 4733 3476 4786 p.
3512 4721 3607 4775 76.
3688 4713 3731 4750 ’ί
3760 4707 3879 4786 uin
3904 4701 3978 4786 r9-

2448 4792 2467 4827 ⁴
2502 4810 2552 4844 νε
2584 4791 2630 4844 Α
2667 4807 2678 4840 :
2710 4793 2801 4841 καὶ
2861 4788 2918 4842 ιε’
2969 4810 3029 4853 ς.
3141 4790 3189 4825 ⁸⁸
3245 4793 3333 4841 καὶ
3368 4777 3513 4847 ante
3547 4793 3717 4862 μέχρι
3753 4779 3884 4840 add.
3918 4777 3977 4830 Α-

2191 4989 2235 5044 Ν
2242 4987 2421 5043 ΟΤᾹΞ.

696 5119 813 5259 (64)
841 5113 1129 5193 Μονῳδίας.
1174 5133 1328 5191 quas
1348 5118 1633 5202 describit
1658 5119 1893 5203 Suidas,
1911 5118 2151 5193 aliique.

723 5195 814 5259 65)
837 5192 1024 5257 Quem
1051 5191 1356 5249 Illustrem
1388 5191 1603 5249 Suidas
1629 5198 1923 5249 nominat.

723 5195 814 5257 65)
837 5191 1024 5257 Quem
1051 5191 1356 5249 Illustrem
1388 5191 1603 5249 Suidas
1629 5193 1923 5249 nominat.

697 5195 790 5259 (65
837 5195 1024 5257 Quem
1051 5195 1356 5249 Illustrem
1388 5195 1603 5249 Suidas
1629 5195 1923 5249 nominat.

696 5195 914 5390 9.6%?
964 5262 1374 5320 Historiarum
1428 5262 1637 5331 libros,
1698 5263 1772 5319 de
1820 5263 2044 5337 quibus
2110 5278 2274 5337 supr.

627 5348 761 5391 οοα.
798 5348 888 5390 O3.

722 5405 811 5478 67)
844 5404 1132 5479 Procopio
1160 5403 1387 5479 Gazam,
1421 5406 1662 5479 exiMax.
1696 5406 1983 5479 Margunii
2028 5405 2275 5465 scholio.

722 5476 811 5544 68)
841 5476 1000 5542 Quos
1030 5476 1216 5533 habes
1238 5477 1372 5533 infr.
1398 5478 1530 5535 cod.
1560 5479 1662 5535 206
1683 5484 1741 5536 et
1762 5476 1886 5536 207.

723 5548 811 5618 69)
826 5547 1077 5621 Qualem
1099 5548 1412 5621 scripsisse
1434 5550 1752 5607 Dorionem
1769 5549 2039 5608 meminit
2058 5551 2281 5607 Seneca

626 5618 828 5749 rigor
884 5620 1125 5677 Suasor.
1179 5618 1235 5689 τί
1267 5620 1346 5677 ad
1395 5637 1579 5696 quem
1618 5622 1818 5681 locum
1871 5622 2077 5698 plures
2110 5627 2277 5680 nota-

628 5706 669 5749 v
757 5706 847 5749 us.

628 5706 847 5750 νιωιιι.

2457 5117 2573 5191 (⁷0)
2609 5118 2799 5191 Quem
2823 5116 2984 5176 Suid.
3012 5120 3483 5190 Apameensem,
3508 5115 3637 5172 sive
3665 5102 3987 5169 Alexandri-

2384 5190 2774 5272 ηυῙΞζρρίῗιέθ
2803 5194 2985 5272 Qum"
3084 5257 3117 5272 ..
3193 5258 3203 5269 .
3259 5257 3279 5272 .
3460 5258 3477 5272 .
3545 5260 3643 5272 η-
3700 5256 3711 5272 ,.

2459 5246 2700 5335 (7‘l)‘_Est
2728 5246 2909 5335 huius
2939 5257 3160 5335 mentio
3190 5257 3329 5335 intr.
3356 5258 3667 5335 co_d._186_,
3697 5256 3757 5311 in
3786 5246 3989 5335 euehat

2388 5333 2447 5389 in
2464 5318 2920 5403 ‘Prolegomenis
2944 5331 3160 5388 Bened.
3183 5329 3331 5402 .‘Egii
3363 5329 3450 5386 ad
3481 5318 3771 5403 ejusdem
3789 5318 3993 5394 Apollo-

2386 5405 2518 5462 dori
2545 5405 2990 5461 Bibliotheoam.

2459 5478 2570 5546 (72)
2599 5479 2863 5540 Castore,
2884 5479 2954 5546 et
2982 5473 3237 5546 Polluce.

2459 5488 2549 5546 (72
2599 5488 2863 5540 castore,
2899 5488 2954 5530 et
2984 5488 3237 5530 Pouuce.

2459 5488 2573 5625 (7.3;
2608 5545 3039 5625 L888__$_uidam
3079 5546 3155 5625 de
3174 5545 3289 5625 hoc
3306 5557 3561 5625 regum.
3577 5538 3923 5625 doctissimo
3949 5536 3996 5589 et

2386 5614 2592 5678 multis
2630 5614 3026 5678 eruditissime
3046 5617 3277 5693 scriptis
3306 5614 3481 5673 libris
3508 5614 3868 5673 clarissimo.
