4136 6216
66 56 653 120 -η--τ

222 335 332 397 ιιι

1408 324 1909 389 BIBLIOTHECA.
1950 358 2014 373 -—
2056 322 2221 388 COD.
2271 327 2456 387 CLXI.

3497 335 3609 393 446

223 459 475 538 δευτέρου
526 458 685 534 λόγου
737 468 836 514 τῶν
862 461 911 497 ⁸⁷
935 464 1058 535 Περὶ
1102 464 1368 535 γραφικῆς
1411 455 1571 528 Ἰόϐα,
1594 459 1685 507 καὶ
1733 457 1835 527 μὴν

1965 467 2092 511 vero
2117 453 2296 510 etiam
2333 469 2406 510 ex
2438 454 2703 513 Athenaai
2726 457 3081 515 Naucratitte
3101 458 3205 516 ﬁlii
3234 460 3615 533 Dipnosophi-

222 557 318 605 xui
359 553 410 587 “
460 550 514 603 ἑκ
561 560 662 603 τῶν
718 550 1000 609 Ἀθηναίου
1050 557 1139 602 τοῦ
1205 552 1573 621 Ναυκρατίτου
1633 552 1836 598 Δειπνο-

229 651 514 715 σοφιστῶν.
543 646 643 696 Kui
687 643 713 694 ὀ
757 642 848 715 μὶν
896 648 1091 713 πρῶτος
1138 638 1289 711 λόγος
1331 637 1385 691 ix
1427 640 1624 691 τούτων
1654 636 1831 711 ἠθροί-

229 734 334 790 σθη
366 737 459 784 καὶ
483 728 613 785 τάδε
646 728 1033 806 περιλαμϐάνει.

297 822 359 873 Ὀ
440 818 499 875 δι
558 816 796 893 δεύτερος
846 823 900 872 ἔκ
949 839 1003 873 τε
1058 827 1158 871 τῶν
1212 813 1489 891 Σωτηρίδα
1561 817 1837 890 Παμφίλης

229 913 524 984 Ἐπιτομῶν
613 917 823 985 πρώτου
890 909 1041 982 λόγου
1092 914 1181 962 καὶ
1249 908 1473 971 καθεξῆς
1525 911 1689 981 μέχρι
1745 913 1836 959 τοῦ

237 998 481 1066 δεκάτου,
513 1004 603 1052 xui
651 998 782 1074 [176
815 1000 878 1071 Η]
910 997 965 1052 ἔκ
1010 1007 1110 1051 τῶν
1140 999 1456 1071 Ἀρτέμωνος
1495 1003 1586 1050 τοῦ
1625 998 1837 1068 Μάγνη-

235 1111 329 1154 τος
375 1098 488 1144 Τῶν
558 1092 674 1143 κατ’
760 1088 944 1166 ἀρετὴν
1020 1088 1227 1161 γυναιξὶ
1300 1092 1837 1161 πεπραγματευμένων

231 1176 606 1253 διηγημάτων,
646 1182 724 1232 ἔτι
773 1176 831 1232 δὴ
878 1182 967 1231 καὶ
1012 1176 1066 1231 ix
1113 1186 1212 1229 τῶν
1252 1178 1518 1249 Διογένους
1546 1183 1638 1229 τοῦ
1689 1181 1839 1229 Κυνι-

230 1278 330 1323 κοῦ
388 1270 854 1343 ’Δποφθεγμάτων,
899 1272 990 1321 καὶ
1042 1288 1144 1341 μην
1189 1271 1278 1319 καὶ
1327 1266 1380 1330 ἕξ
1433 1266 1595 1319 ἀλλων
1656 1263 1835 1339 διαφό-

231 1378 359 1431 ρων,
393 1358 523 1411 ἀλλά
560 1378 618 1431 γε
656 1364 747 1412 καὶ
786 1358 887 1411 ἀπὸ
934 1353 1127 1430 ὀγδόου
1174 1356 1332 1429 λόγου
1356 1358 1403 1392 ⁸⁵
1433 1364 1524 1419 τῆς
1580 1364 1835 1429 Σαπφοῦς.

234 1447 285 1501 ἓν
317 1450 398 1511 οἷς
426 1453 517 1502 καὶ
538 1450 569 1509 ia
597 1444 630 1502 δ
634 1452 817 1523 ευτίρα
844 1446 1024 1522 βίϐλος
1049 1455 1148 1500 τῶν
1172 1446 1454 1519 συλλόγων.

303 1627 366 1681 Ὀ
423 1624 484 1682 δε
534 1632 703 1701 τρίτος
750 1626 905 1700 λόγος
961 1626 1261 1699 συλλέγεται
1304 1627 1442 1699 αὐτῷ
1490 1626 1542 1680 ἐκ
1593 1636 1689 1691 τῆς
1737 1634 1840 1682 Φα-

232 1716 462 1793 ϐωρίνου
517 1715 863 1779 Παντοδαπῆς
914 1717 1067 1780 ’Υλης
1100 1719 1141 1781 ¹,
1176 1719 1229 1770 ἔκ
1282 1737 1335 1770 τε
1374 1725 1465 1770 τοῦ
1507 1738 1533 1769 ν
1582 1722 1787 1771 καὶτοῦ
1818 1721 1839 1754 ²

1950 546 2074 603 stis.
2127 551 2193 605 Et
2216 564 2290 605 ex
2312 550 2404 606 his
2450 548 2697 623 quidem
2745 549 2976 623 primus
3022 549 3173 608 liber
3220 552 3614 626 compositus,

1953 637 2446 712 tantumdemque
2478 637 2952 712 comprehendit.

2024 816 2200 874 Aliter
2219 816 2430 875 deinde
2458 817 2609 875 liber
2637 835 2667 877 e
2694 818 3036 891 Pamphiles
3058 817 3174 892 (74)
3203 818 3486 877 Soteridss
3508 818 3615 878 ﬁlii

1952 907 2368 977 Epitomarum
2393 908 2543 965 libro
2569 908 2782 982 primo,
2812 925 2881 966 ac
2908 909 3190 981 deinceps
3208 908 3285 966 ad
3307 909 3615 967 decimum

1954 1012 2166 1069 usque,
2194 1002 2251 1053 et
2276 1013 2347 1053 ex
2368 997 2699 1054 Artemonis
2720 998 2999 1070 Magnetis
3025 998 3129 1054 ﬁlii
3150 999 3615 1056 Narrationibus

1953 1086 2025 1143 de
2053 1094 2209 1144 recte
2231 1088 2411 1158 factis
2432 1087 2764 1144 mulierum.
2798 1088 2886 1144 Ad
2915 1088 3042 1144 haec
3068 1088 3247 1145 etiam
3279 1105 3309 1145 e
3339 1088 3616 1160 Diogenis

1953 1175 2153 1249 Cynici
2171 1176 2720 1249 Apophthegmatis,
2746 1176 2996 1250 aliisque
3017 1177 3291 1233 diversis.
3309 1178 3460 1245 Quin
3474 1183 3532 1236 et
3544 1195 3614 1235 ex

1954 1272 2168 1323 octavo
2180 1266 2332 1324 libro
2347 1267 2645 1342 Sapphus.
2669 1268 2809 1335 Quas
2833 1267 3084 1324 secundi
3097 1267 3231 1325 libri
3250 1267 3617 1327 collectanea

1956 1360 2110 1413 sunt.

2035 1625 2246 1701 10312
2304 1626 2528 1684 Tertius
2564 1632 2690 1683 tum
2724 1626 2870 1683 liber
2904 1626 3120 1699 legitur
3160 1642 3234 1683 ex
3287 1625 3617 1697 Omnigena

1956 1716 2231 1773 Favorini
2282 1716 2450 1773 Silva
2479 1716 2616 1789 (75),
2648 1732 2720 1773 ex
2748 1718 2902 1787 ejus,
2936 1717 3209 1790 inquam,
3242 1719 3310 1783 N,
3336 1719 3393 1783 Ξ,
3418 1720 3477 1773 et
3525 1731 3619 1772 or-

236 1809 264 1873 ξ
322 1813 415 1861 καὶ
474 1808 715 1874 καθεξῆς,
762 1807 894 1867 πλὴν
944 1814 1034 1861 τοῦ
1089 1828 1135 1873 τ,
1187 1812 1351 1881 ᾠχρι
1402 1814 1490 1860 τοῦ
1548 1830 1608 1876 ω,
1664 1809 1712 1860 ἓν
1764 1808 1839 1871 οἷς

1965 1806 2091 1863 dine
2139 1806 2547 1879 sequentibus,
2599 1823 2719 1863 uno
2773 1811 3018 1880 excepto
3066 1809 3126 1872 T,
3179 1822 3369 1879 usque
3414 1805 3493 1863 ad
3547 1812 3613 1858 Ω.

236 1894 489 1975 διάφοροι
542 1900 768 1974 ἱστορίαι
806 1902 895 1951 καὶ
945 1906 1043 1950 τῶν
1092 1899 1228 1950 κατὰ
1275 1899 1340 1950 τὰ
1380 1896 1608 1968 ὀνόματα
1655 1899 1839 1950 θέσεων

236 1987 560 2059 uincla-[iui
614 1993 702 2040 xui
760 1994 979 2041 τοιαῦτα
1034 1989 1198 2061 ἕτερα·
1253 1986 1324 2049 εἰς
1374 1986 1408 2041 οἱ
1460 1990 1549 2039 καὶ
1599 1988 1625 2040 ὁ
1672 1991 1842 2061 τρίτος

235 2079 378 2148 αὐτῷ
408 2078 817 2153 συμπιραίνεται
854 2077 1021 2150 λόγος.

301 2168 366 2220 Ὀ
412 2164 476 2221 δε
505 2172 748 2242 τέταρτος
794 2168 935 2239 αὐτῷ
983 2168 1134 2240 λόγος
1179 2170 1234 2221 ἔκ
1271 2186 1326 2220 τε
1362 2164 1709 2243 ἀνεπιγράφου
1751 2167 1839 2220 αὖ·

237 2268 309 2330 τῷ
361 2256 575 2331 βιϐλίου
632 2260 988 2334 συνηθροίσθη
1042 2259 1352 2331 (Θαυμάτων
1408 2254 1466 2312 δε
1524 2263 1677 2332 μόνον
1732 2258 1840 2311 ἐπι-

235 2352 499 2422 γράφεται
542 2353 817 2420 Συναγωγή
869 2350 927 2401 τὸ
978 2347 1108 2421 [340
1134 2347 1228 2422 8.]
1259 2346 1479 2421 βιϐλίον)
1513 2353 1601 2401 xui
1644 2346 1699 2401 ἐκ
1746 2356 1842 2401 τῶν

237 2444 328 2489 τοῦ
426 2436 789 2511 Ἀριστοξένου
868 2442 1173 2510 Συμμίκτων
1248 2437 1652 2509 ὑπομνημάτων,
1748 2436 1842 2489 οὐκ

238 2525 293 2579 ἐκ
356 2529 558 2579 πάντων
617 2524 696 2593 δέ,
747 2526 855 2579 ἀλλ’
898 2530 954 2580 ἔκ
996 2547 1056 2599 γε
1106 2535 1197 2580 τοῦ
1256 2523 1627 2581 ἕκκαιδεκάτου
1685 2526 1840 2599 λόγου

238 2621 427 2688 μόνον,
460 2621 550 2669 καὶ
603 2615 657 2669 ix
702 2614 792 2670 τοῦ
843 2613 1036 2689 ὀγδόου
1080 2618 1236 2689 λόγου
1287 2616 1668 2691 τῆς⁸Ῥούφου
1715 2624 1843 2691 Δρα-

241 2715 478 2779 ματικῆς
557 2708 812 2779 ἱστορίας·
888 2708 962 2769 οἷς
1016 2703 1294 2783 παράδοξά
1350 2726 1403 2760 τε
1452 2713 1542 2761 xui
1615 2707 1845 2760 ἀπίθανα

238 2795 483 2869 μάλιστα
522 2797 759 2849 ἓνεστινδ
810 2797 990 2870 εὑρεῖν,
1036 2802 1125 2850 xui
1182 2793 1465 2872 τραγῳδῶν
1520 2802 1609 2851 καὶ
1663 2818 1837 2871 κωμῳο

241 2882 352 2938 δῶν
417 2881 706 2961 διαφόρους
750 2886 771 2920 ⁵
828 2886 1040 2960 πράξεις
1093 2905 1147 2940 τε
1221 2892 1312 2940 καὶ
1362 2886 1544 2960 λόγους
1604 2892 1695 2941 καὶ
1741 2887 1847 2940 ἄπι-

241 2971 577 3047 τηδεύματα,
626 2979 713 3027 xui
765 2974 966 3029 τοιαῦθ’
1020 2977 1186 3051 ἔτερα.
1220 2975 1357 3034 Ἀλλ’
1409 2980 1457 3030 ἓν
1504 2980 1712 3041 τούτοις
1758 2980 1849 3051 μιν

243 3068 333 3117 καὶ
361 3067 387 3117 ό
418 3069 681 3140 τέταρτος.

1952 1896 2145 1953 Varim
2176 1896 2272 1953 hic
2302 1895 2630 1953 afferuntur
2659 1896 2940 1962 historiae,
2971 1901 3027 1952 et
3057 1896 3481 1969 impositorum
3512 1909 3619 1951 no-

1951 1986 2185 2042 minum
2239 1987 2516 2053 rationes,
2546 1992 2724 2060 atque
2754 1985 2810 2041 id
2840 2001 3029 2057 genus
3060 1985 3198 2051 alia,
3226 1985 3286 2041 in
3315 2000 3451 2058 quas
3508 1988 3620 2041 ter-

1958 2077 2073 2135 tius
2098 2075 2313 2132 desinit
2342 2074 2513 2133 liber.

2025 2167 2283 2234 Quartus
2312 2169 2516 2222 autem
2542 2181 2615 2221 ex
2649 2163 2855 2221 incerti
2896 2164 3157 2222 auctoris
3188 2164 3339 2221 libro
3373 2163 3611 2221 concin-

1954 2258 2328 2327 natus,cujus
2341 2254 2545 2311 titulus
2558 2259 2647 2310 est
2665 2254 3197 2313 :Admirandorum
3213 2254 3615 2319 Collectanea.

1953 2351 2010 2403 et
2029 2362 2098 2402 ex
2120 2344 2447 2401 Aristoxeni
2472 2345 2585 2417 (76)
2612 2344 3120 2402 Miscetlaneorum
3148 2342 3608 2408 commentariis,

1953 2450 2026 2492 ac
2072 2450 2148 2491 ne
2195 2434 2267 2491 iis
2309 2433 2554 2507 quidem
2601 2434 2910 2500 omnibus,
2957 2434 3062 2490 sed
3094 2450 3130 2491 a
3159 2432 3397 2489 decimo
3451 2436 3616 2488 sexto

1954 2523 2245 2581 duntaxat
2295 2523 2468 2590 libro,
2510 2528 2688 2597 atque
2727 2540 2796 2579 ex
2834 2530 3047 2580 octavo
3078 2522 3230 2579 libro
3260 2522 3413 2587 Ruﬁ,
3471 2523 3617 2577 Dra-

1953 2615 2187 2671 maticar
2230 2613 2521 2670 Historia".
2557 2612 2657 2670 Hic
2684 2612 3055 2669 incredibilia
3080 2617 3259 2683 atque
3307 2610 3618 2681 inopinata

1956 2704 2217 2761 maxime
2245 2702 2529 2777 reperias,
2549 2708 2605 2759 et
2632 2719 2769 2759 cum
2794 2701 3218 2774 tragmdorum,
3247 2704 3373 2756 tum
3398 2714 3616 2755 comm-

1955 2792 2171 2849 dorum
2202 2792 2370 2849 varia
2395 2796 2580 2864 gesta,
2615 2806 2940 2860 sermones,
2970 2789 3226 2862 vitasque
3246 2786 3534 2856 instituta,
3561 2790 3619 2843 et.

1959 2881 2201 2949 similia,
2234 2897 2307 2939 ex
2335 2881 2555 2956 quibus
2583 2884 2833 2955 quartus
2861 2878 3011 2937 liber
3034 2877 3360 2936 conﬁcitur.

310 3154 375 3207 '0
428 3151 491 3208 δέ
551 3158 777 3227 πέμπτος
832 3158 1106 3229 σύγκειται
1154 3155 1294 3229 αὐτῷ
1350 3159 1404 3210 ἔκ
1457 3176 1509 3211 τε
1562 3165 1653 3218 τῆς
1714 3156 1845 3211 Ῥού-

2036 3154 2286 3222 Quintus
2330 3168 2472 3211 vero
2498 3150 2781 3210 collectus
2819 3164 2851 3206 e
2894 3148 3026 3205 Ruﬁ
3066 3146 3309 3205 Musicae
3355 3144 3619 3204 historia

246 3265 342 3317 φου
409 3251 692 3307 Μουσικῆς
738 3244 993 3319 Ἱστορίας
1051 3252 1258 3319 πρώτου
1325 3252 1414 3300 xui
1468 3244 1712 3321 δευτέρου
1762 3252 1851 3301 καὶ

241 3341 420 3408 τρίτου
455 3332 666 3407 βιϐλίου
788 3344 1048 3407 τραγικῶν
1093 3356 1147 3389 τε
1190 3341 1279 3389 καὶ
1324 3345 1567 3410 κωμικῶν
1613 3337 1851 3395 ποικίλην

247 3428 492 3499 ἱστορίαν
540 3424 795 3497 εὑρήσεις·
826 3425 884 3477 οὑ
933 3430 1086 3497 μόνον
1118 3427 1139 3461 ⁶
1172 3423 1250 3492 δε,
1282 3425 1409 3479 ἀλλὰ
1455 3432 1544 3480 καὶ
1595 3423 1852 3501 διθυραμ-

245 3513 474 3565 ϐοποιῶν
532 3532 586 3566 τε
639 3518 728 3566 xui
776 3513 1011 3571 αὐλητῶν
1066 3520 1155 3568 xui
1220 3513 1551 3591 κιθαρῳδῶν,
1611 3515 1853 3569 ἐπιθαλα-

244 3608 378 3674 plus
432 3621 489 3655 τε
534 3599 684 3674 ᾠδῶν
740 3608 829 3655 καὶ
883 3603 1134 3676 ὑμεναίων
1184 3610 1273 3658 xui
1320 3606 1717 3680 ὑποχρημάτων
1757 3606 1851 3680 ἀφ-

250 3698 470 3764 ήγησιν,
504 3696 624 3766 περί
662 3711 714 3745 τε
744 3690 1025 3766 ὀρχηστῶν
1054 3698 1143 3747 xui
1173 3703 1271 3746 τῶν
1302 3694 1463 3747 ἄλλων
1510 3705 1607 3749 τῶν
1658 3695 1706 3750 ἐν
1744 3703 1851 3759 τοῖς

244 3780 565 3843 Ἑλληνικοῖς
648 3782 884 3857 θεάτροις
959 3780 1369 3856 ἀγωνιζομένων,
1424 3787 1536 3839 ὅθεν
1628 3805 1682 3839 τε
1760 3791 1850 3839 καὶ

248 3872 381 3932 ὅπως
435 3872 489 3923 οἱ
545 3873 738 3922 τούτων
806 3869 889 3924 ἐπὶ
940 3876 1076 3945 μέγα
1143 3873 1286 3937 κλέος
1334 3876 1455 3949 παρ’
1509 3874 1686 3938 αὐτοῖς
1734 3874 1852 3928 ἀνα-

250 3957 541 4034 δραμόντες
597 3965 890 4034 γεγόνασιν,
936 3966 1039 4015 ε’ίτε
1090 3962 1295 4039 ἄρρενες
1352 3968 1449 4018 εἴτε
1491 3971 1580 4019 xui
1624 3971 1717 4025 τὴν
1763 3968 1852 4025 θή-

250 4049 383 4103 λιιάν
459 4054 620 4123 φύσιν
692 4046 1126 4127 διεκληρώσαντο·
1182 4058 1315 4117 τίνες
1390 4074 1442 4107 τε
1516 4060 1665 4109 τίνων
1745 4055 1849 4109 ἔπι·

254 4136 600 4213 τηδευμάτων
639 4138 784 4213 ἁρχὴ
837 4138 1255 4213 διεγνώσθησαν,
1290 4148 1378 4196 καὶ
1426 4147 1621 4197 τούτων
1670 4142 1729 4199 δε
1776 4150 1854 4199 τί-

254 4232 324 4289 si;
372 4232 637 4302 τυράννων
681 4229 711 4288 ῆ
762 4229 1022 4302 βασιλέων
1075 4230 1291 4307 ἕρασταὶ
1333 4238 1423 4286 xui
1464 4233 1601 4306 φίλοι
1642 4240 1853 4307 γεγόνα-

256 4337 352 4370 σιν·
385 4319 445 4371 οὗ
497 4324 605 4392 μὴν
656 4318 783 4371 ἀλλὰ
834 4325 923 4372 καὶ
980 4324 1109 4383 τίνες
1165 4340 1217 4374 τε
1268 4323 1320 4374 οἱ
1362 4321 1551 4394 ἀγῶνες
1590 4330 1677 4377 xui
1718 4327 1851 4391 ὅθεν,

254 4411 297 4460 ἓν
336 4412 409 4471 οἷς
456 4410 681 4471 ἕκαστος
730 4411 796 4461 τὰ
842 4418 938 4472 τῆς
988 4413 1174 4483 τέχνης
1220 4407 1567 4467 ἐπεδείκνυτο.
1599 4419 1697 4467 Καὶ
1736 4420 1854 4489 περὶ

1962 3245 2122 3303 libris
2172 3244 2386 3317 primo,
2439 3241 2726 3306 secundo,
2754 3244 2811 3297 et
2851 3238 3043 3303 tertio,
3085 3238 3187 3294 ubi
3229 3236 3618 3307 tragicorum,

1963 3352 2031 3394 ac
2059 3334 2428 3392 comicorum
2459 3331 2690 3389 variam
2729 3330 2996 3387 invenies
3019 3328 3351 3385 historiam.
3382 3325 3536 3393 Quin
3565 3328 3623 3381 et

1962 3422 2373 3498 dithyrambos
2394 3422 2807 3490 scribentium,
2837 3424 2895 3476 et
2924 3417 3304 3475 aulcedorum
3338 3431 3408 3473 ac
3438 3415 3623 3471 citha-

1961 3511 2949 3587 rmdorum,epithalamiorumque
2973 3505 3622 3579 carminum,ethyme-

1961 3621 2254 3669 nieorum,
2288 3610 2467 3677 atque
2496 3601 2933 3659 cantilenarum
2965 3598 3025 3654 in
3056 3598 3275 3654 chorea
3305 3609 3625 3651 enumera-

1960 3695 2206 3752 tionem.
2232 3696 2369 3750 ltem
2402 3693 2477 3750 de
2498 3690 2898 3752 saltatoribus,
2925 3687 3175 3759 aliisque
3198 3686 3257 3740 in
3279 3684 3623 3739 Graecorum

1961 3785 2202 3841 theatris
2247 3781 2473 3839 usitatis
2518 3778 2965 3837 certaminibus.
3008 3773 3170 3832 Unde
3214 3774 3375 3840 item,
3416 3776 3622 3843 etquo

1960 3888 2176 3945 genere
2198 3870 2320 3927 nati
2341 3869 2577 3933 fuerint,
2600 3869 2704 3942 qui
2725 3865 2891 3940 apud
2906 3867 3071 3937 ipsos
3090 3864 3197 3919 viri
3220 3862 3341 3917 sive
3361 3859 3620 3925 feminas,

1960 3962 2037 4020 ad
2051 3960 2427 4017 summumin
2441 3958 2535 4014 his
2548 3957 2732 4013 decus
2744 3949 3423 4029 pervenerunt.0uinam
3440 3948 3623 4004 etiam

1960 4050 2335 4123 singulorum
2363 4054 2634 4105 auctores
2663 4062 2733 4103 ac
2758 4042 3057 4117 principes
3084 4039 3414 4097 studiorum
3442 4035 3623 4093 exsti-

1960 4144 2170 4202 terint:
2200 4145 2257 4197 et
2283 4140 2386 4213 qui
2414 4138 2631 4194 horum
2661 4133 2903 4205 regibus
2932 4135 3037 4188 aut
3076 4126 3532 4201 imperatoribus
3563 4125 3626 4182 in

1962 4231 2207 4295 deliciis.
2240 4234 2296 4287 et
2319 4225 2499 4285 amici
2529 4224 2766 4285 fuerint.
2801 4226 2923 4279 Hoc
2953 4219 3234 4293 amplius,
3265 4217 3370 4289 qui
3399 4215 3546 4284 ludi,
3568 4219 3625 4272 et

1964 4322 2146 4387 unde,
2178 4321 2237 4377 in
2266 4318 2491 4392 quibus
2522 4320 2711 4371 artem
2736 4312 2992 4386 quisque
3024 4324 3196 4365 suam
3229 4304 3509 4363 ostendit.
3544 4307 3623 4361 De

1964 4411 2129 4469 festis
2154 4423 2396 4483 quoque
2423 4404 2656 4469 diebus,
2687 4402 2787 4476 qui
2822 4417 2857 4457 a
2878 4404 3001 4457 toto
3030 4395 3373 4455 Atheniensi
3398 4392 3624 4468 populo

258 4498 436 4573 ἑορτῶν
469 4495 552 4569 δι,
595 4500 720 4552 ὅσαι
749 4495 1015 4573 πάνδημοι
1068 4508 1171 4561 τοῖς
1215 4500 1533 4565 Ἀθηναίοις.
1566 4510 1744 4557 Ταῦτα
1783 4482 1845 4563 δή

1965 4482 2356 4558 celebrantur.
2395 4496 2530 4552 Haec
2558 4493 2735 4566 igitur
2764 4490 2989 4557 omnia,
3022 4493 3077 4545 et
3099 4486 3146 4543 si
3176 4484 3323 4559 quid
3353 4484 3446 4541 his
3477 4482 3625 4540 forte

258 4591 441 4658 πάντα,
472 4595 566 4642 καὶ
620 4593 663 4642 εἰ
720 4608 771 4642 τι
816 4591 1012 4657 ὅμοιον,
1068 4592 1094 4642 ό
1144 4594 1375 4663 πέμπτος
1446 4590 1855 4665 ἁναγινώσκόντί

260 4695 333 4729 σοι
364 4682 705 4753 παραστήσει
729 4679 901 4751 λόγος.

320 4766 378 4820 Ὀ
437 4765 499 4822 δ“ε
551 4770 695 4830 ἕκτος
748 4768 890 4840 αὐτῷ
940 4767 1184 4841 συνελέγη
1240 4768 1390 4842 λόγος
1442 4773 1494 4824 ix
1545 4791 1598 4826 τε
1641 4772 1803 4835 αὐτῆς
1832 4775 1855 4809 ⁷

259 4853 462 4931 Ῥούφου
541 4866 815 4919 Μουσικῆς
873 4857 1057 4931 βίϐλου
1121 4863 1355 4932 πέμπτης
1423 4865 1513 4914 xui
1582 4865 1853 4937 τετάρτης,

263 4948 490 5006 αὐλητῶν
545 4944 608 5001 δε
661 4952 750 5000 xui
808 4947 1120 5020 αὐλημάτων
1177 4946 1442 5021 ἀφήγησιν
1501 4952 1634 5023 ἔχει,
1668 4948 1857 5028 ἄνδρες

263 5055 310 5090 τε
350 5040 451 5091 ὅσα
515 5037 748 5097 ηὔλησαν
803 5043 889 5091 xui
946 5034 1015 5097 δὴ
1054 5042 1140 5091 καὶ
1190 5047 1452 5110 γυναῖκες.
1486 5046 1587 5096 Καὶ
1626 5040 1858 5119 Ὀμηρος

1966 4590 2176 4658 simile,
2207 4586 2544 4659 legentibus
2568 4584 2814 4658 quintus
2842 4580 3011 4647 liber,
3044 4577 3304 4635 exhibet.

2039 4772 2249 4828 Sextus
2294 4766 2372 4823 ab
2402 4764 2503 4822 illo
2551 4762 2833 4820 collectus
2881 4758 3049 4827 liber,
3082 4772 3155 4814 ex
3184 4752 3451 4828 ejusdem
3496 4750 3628 4808 Ruﬁ

1965 4860 2208 4919 Musicar
2230 4855 2486 4915 historia:
2506 4852 2657 4910 libro
2686 4854 2922 4926 quarto,
2952 4854 3006 4907 et
3029 4846 3263 4920 quinto.
3294 4841 3627 4901 Tibicinum

1966 4966 2129 5019 vero,
2170 4955 2227 5008 et
2251 4946 2609 5011 carminum,
2642 4957 2778 5016 qua)
2807 4940 2900 4996 vel
2929 4956 2963 4994 ιι
2992 4936 3155 5007 viris,
3184 4938 3278 4991 vel
3311 4949 3347 4990 ιι
3389 4928 3630 4988 feminis

1966 5043 2046 5100 ad
2065 5042 2274 5099 tibiam
2295 5039 2535 5096 cantata
2557 5033 2741 5101 fuere,
2764 5027 3025 5088 narratio
3045 5024 3387 5084 instituitur.
3416 5021 3627 5078 Home-

1605 5160 1689 5214 VA
1700 5159 1836 5216 RIE
1875 5158 2280 5219 LECTIONES.

866 5281 916 5316 η
964 5283 1055 5331 καὶ
1088 5283 1221 5337 ante
1270 5282 1325 5334 ix
1355 5297 1477 5339 om.
1513 5290 1573 5338 A.

326 5283 367 5315 ’⁷
401 5282 523 5355 τῶν]
558 5289 654 5335 τοῦ
684 5283 748 5337 Δ.

920 5351 1153 5424 μάλιστα
1199 5354 1394 5407 ἔνεστιν
1437 5356 1501 5411 Α.
1550 5358 1691 5410 εστιν
1724 5378 1780 5422 ς’.

264 5357 398 5415 ’τῆς
443 5352 705 5419 τοῦῬς.
823 5352 845 5387 ⁸

262 5425 411 5480 αὐτοῦ
437 5432 503 5483 Δ.

1690 5287 1737 5321 ”
1782 5285 1935 5359 λόγου
1968 5286 2053 5359 ΑΔΟ
2084 5302 2097 5337 :
2131 5280 2317 5356 βίϐλου
2351 5301 2405 5359 ς.

1892 5358 1915 5395 ⁵
1991 5350 2276 5429 διαφόρους
2305 5350 2447 5408 add.
2489 5352 2552 5403 Α.

2960 5271 2981 5304 ²
3041 5273 3132 5321 τοῦ
3157 5269 3299 5324 ante
3326 5264 3354 5329 ξ
3379 5260 3520 5320 add.
3558 5266 3619 5315 A.

2522 5278 2537 5312 ί
2593 5273 2759 5335 πύλης
2784 5273 2846 5329 C.
2960 5273 2981 5304 ²
3041 5273 3132 5321 τοῦ
3157 5273 3299 5324 ante
3326 5273 3353 5329 ξ
3379 5273 3520 5320 add.
3558 5273 3619 5315 A.

2522 5382 2552 5396 λ-
2667 5348 2688 5381 ⁸
2764 5347 2913 5396 μόνον
2947 5347 2985 5396 Δ
3010 5356 3022 5395 ε
3050 5343 3151 5396 μὴν
3182 5338 3248 5396 η’.
3362 5336 3382 5371 ⁷
3460 5333 3625 5396 αὐτῆς

2667 5348 2688 5381 ⁸
2762 5347 2913 5417 μόνον
2947 5347 2985 5396 Δ
3010 5356 3022 5395 :
3049 5343 3151 5413 μὴν
3182 5338 3248 5397 η’.

1828 5550 2064 5611 NOTAE.

331 5677 439 5820 ἓξὲξ
459 5679 904 5806 θῗςιὲἓὲιῗὲῗιίὲ
915 5674 1385 5817 ἐὲἑτὲὲἳέέιῗῗι
1398 5676 1645 5820 ῖὶοῗιυιίἓέ

459 5746 772 5806 Vidéndus
810 5747 887 5805 de
915 5747 1031 5806 hoc
1058 5746 1297 5817 Suidas,
1329 5754 1385 5807 et
1411 5748 1691 5823 frequens
1730 5748 1859 5823 ejus

1971 5675 2141 5750 apud
2158 5670 2321 5750 AAgel.
2351 5667 2575 5750 mentio
2588 5710 2601 5724 .

2037 5746 2152 5820 (τό)
2184 5734 2372 5812 σηοω
2391 5738 2483 5800 vel
2511 5753 2584 5800 ex
2611 5734 2795 5799 Suids
2823 5735 3081 5798 noveris.
