4136 6216
540 293 647 350 447

1776 291 2014 348 ΡΗΟΤΙῙ
2048 292 2206 348 ΡΑΤΙ

2314 293 2532 350 BCHIE
2571 294 2672 350 CP.
2984 342 2997 345 -
3748 306 3838 363 448

538 434 642 476 rus
686 417 849 483 item,
881 416 1189 484 Hesiodus,
1221 420 1277 475 et
1301 416 1692 475 Antimachus
1725 422 1933 490 poeta,
1981 418 2201 492 aliique

2314 416 2373 473 δι
2413 420 2553 493 αὐτῷ
2591 425 2681 475 καὶ
2725 418 2968 483 Ἠσίοδος
3015 426 3102 474 καὶ
3130 421 3441 497 Ἀντίμαχος
3475 427 3519 479 οἱ
3547 432 3737 485 ποιηταὶ
3772 440 3845 493 τῆς

540 507 779 581 plurimi
825 522 895 563 ex
924 506 1033 563 hoc
1064 512 1375 580 poetarum
1422 524 1657 578 genere,
1687 522 1973 579 magnam
2021 508 2203 581 hujus

542 597 900 655 narrationis
947 603 1176 670 partem
1206 596 1486 655 efﬁciunt.
1520 598 1698 655 Addit
1729 614 1868 655 vero
1912 603 1966 655 et
2006 599 2080 656 de
2126 598 2203 655 fe-

542 687 721 744 minis
771 685 1134 742 vaticinandi
1167 691 1292 744 arte
1342 686 1534 744 claris.
1580 689 1721 754 Qua
1750 688 1912 753 item,
1944 694 2001 743 et
2046 687 2205 744 unde

541 777 711 833 dicta
736 774 998 847 Sibylla.
1015 778 1203 848 Atque
1225 777 1352 833 hac
1367 777 1611 850 quidem
1633 793 1668 833 a
1694 776 1842 833 Rufo
1866 782 2200 835 mutuatur.

542 864 800 923 Sumitet
824 881 854 919 e
882 864 1147 921 secundo
1170 865 1323 922 libro
1356 865 1570 939 104a
1596 866 1967 923 Halieuticon
1996 868 2207 923 Damo-

545 954 713 1011 strati
754 954 889 1025 (77).
932 954 1083 1020 Quin
1119 958 1175 1011 et
1202 970 1272 1011 ex
1309 955 1585 1027 Diogenis
1616 956 1822 1012 Laertii
1846 958 1932 1013 De
1948 957 2209 1027 philoso-

538 1045 798 1115 phorum
824 1044 969 1113 vita,
994 1043 1145 1100 libro
1170 1044 1384 1116 primo,
1410 1046 1641 1118 quinto,
1664 1061 1841 1112 nono,
1868 1050 1924 1101 et
1943 1045 2201 1112 decimo,

544 1132 649 1190 ubi
696 1133 1193 1206 philosophorum
1244 1149 1337 1190 res
1388 1135 1651 1207 exponit.
1704 1134 1869 1191 Unde
1922 1134 2207 1192 nimirum

542 1227 686 1281 nata
738 1223 1004 1295 primum
1048 1223 1252 1280 divina
1300 1223 1398 1280 illa
1440 1240 1534 1280 res
1579 1224 1979 1297 philosophia,
2024 1230 2209 1298 utque

542 1312 952 1386 viguerit:qui
995 1327 1255 1384 quarum
1301 1317 1598 1371 sectarum
1632 1321 1904 1371 auctores
1943 1330 2013 1371 ac
2046 1314 2203 1387 prin-

542 1402 702 1474 cipes
746 1402 1093 1468 exstiterint,
1126 1418 1281 1475 quos
1323 1404 1579 1476 quisque
1612 1403 1706 1458 sui
1743 1403 2065 1471 studiosos,
2102 1408 2204 1462 aut

543 1492 684 1548 artis
708 1491 959 1547 forsitan
983 1490 1231 1547 amulos
1258 1492 1555 1559 habuerit,
1584 1509 1737 1565 quos
1767 1493 1987 1563 singuli
2012 1507 2212 1549 mores

542 1596 667 1668 pra
711 1598 773 1637 se
806 1580 1063 1649 tulerint,
1118 1581 1277 1637 unde
1326 1597 1518 1653 genus
1563 1582 2079 1655 duxerint;quale
2132 1582 2211 1639 ab

543 1669 709 1726 lnitio
757 1670 885 1726 vita
917 1686 1111 1741 genus
1140 1670 1345 1727 sectati
1376 1672 1511 1738 sint,
1545 1672 1888 1745 quibusque
1930 1671 2210 1744 tempori-

2316 505 2617 581 διηγήσεως
2673 515 2848 585 μέρος,
2906 516 2996 564 καὶ
3042 520 3141 565 τῶν
3192 513 3347 566 ἄλλων
3400 514 3621 568 πλεῖστοι
3662 526 3747 568 τῶν
3788 520 3845 583 εἰς

2314 607 2466 652 τοῦτο
2517 604 2574 652 τὸ
2636 605 2782 673 γένος
2837 609 2936 653 τῶν
2991 610 3217 661 ποιητῶν
3275 602 3601 676 ἀναγομένων.
3646 603 3746 659 Ἐτι
3801 604 3848 659 δε

2314 694 2404 741 καὶ
2472 694 2591 764 περὶ
2668 699 2926 761 γυναικῶν
2996 700 3252 764 μαντικῶν
3308 691 3596 767 ἀναγράφει,
3642 698 3757 755 τίνες
3806 714 3848 748 τε

2315 783 2405 831 καὶ
2454 780 2565 832 ὅθεν
2613 781 2669 831 αἱ
2711 780 3023 852 καλούμεναι
3077 779 3333 847 Σίϐυλλαι,
3359 787 3444 835 καὶ
3493 791 3643 835 ταῦτα
3792 786 3846 846 ὡς

2318 867 2417 919 ἀπὸ
2465 876 2561 919 τῶν
2617 867 2854 940 Ῥούφου,
2909 872 3180 940 σύγκειται
3238 867 3295 923 δι
3351 871 3483 942 αὐτῷ
3543 875 3626 923 xui
3674 870 3723 923 ἑκ
3770 880 3849 924 τῶν

2318 960 2689 1031 Δαμοστράτου
2748 957 3073 1012 Ἀλιευτικῶν
3124 956 3361 1034 δευτέρου
3418 960 3564 1031 λόγου
3603 961 3641 1025 ⁸,
3686 966 3764 1012 καὶ
3806 959 3848 1012 ἐκ

2318 1056 2416 1108 τῶν
2506 1052 2756 1123 Λαερτίου
2812 1052 3081 1120 Διογένους
3153 1048 3442 1121 ⁴Ιιιλοσόφων
3501 1048 3619 1122 βίων
3680 1048 3851 1122 βιϐλίου

2320 1142 2525 1211 πρώτου
2574 1142 2663 1189 καὶ
2714 1141 2947 1209 πέμπτου
2990 1136 3196 1191 έννάτου
3238 1158 3290 1191 τε
3340 1141 3360 1174 9
3406 1144 3491 1191 xui
3554 1135 3769 1202 δεκάτου,
3814 1137 3851 1188 έν

2320 1227 2392 1286 οἷς
2434 1229 2499 1278 τά
2539 1231 2654 1300 περὶ
2705 1235 2803 1278 τῶν
2856 1226 3146 1299 φιλοσόφων
3188 1223 3450 1293 διέξεισιν,
3482 1228 3585 1280 ὅθεν
3626 1246 3673 1279 τε
3709 1230 3757 1278 τὸ
3785 1246 3854 1297 φι-

2318 1314 2565 1387 λοσοφίας
2630 1318 2760 1390 ἱερόν
2807 1324 3000 1391 χρῆμα
3058 1322 3150 1376 τὴν
3217 1316 3388 1391 ἀρχὴν
3441 1318 3545 1389 ἔφυ,
3608 1320 3687 1367 xui
3744 1317 3856 1373 ὅπως

2321 1409 2545 1477 ἤκμασε,
2594 1410 2727 1468 τίνες
2772 1425 2824 1458 τε
2872 1410 3021 1458 τίνων
3074 1408 3319 1480 αἱρέσεων
3368 1405 3591 1479 ἀρχηγοὶ
3636 1409 3716 1456 καὶ
3759 1423 3857 1478 προ-

2324 1496 2513 1548 στάται
2584 1499 2934 1561 κατέστησαν,
3009 1501 3152 1557 τίνας
3205 1515 3259 1548 τε
3323 1497 3478 1567 ἔσχον
3548 1492 3746 1567 ἐραστὰς
3789 1496 3858 1543 καὶ

2322 1589 2461 1646 τίνας
2508 1584 2842 1655 ἀντιτέχνους
2882 1590 3031 1650 τίνες,
3088 1590 3235 1638 ποῖόν
3281 1604 3334 1637 τε
3384 1586 3588 1646 ἕκαστος
3634 1582 3745 1657 [177
3788 1579 3861 1653 IL]

2322 1673 2486 1727 αὐτῶν
2542 1671 2871 1726 ἐπεδείκνυτο
2923 1670 3069 1741 ἦθος,
3111 1679 3201 1726 καὶ
3258 1676 3409 1727 ποθεν
3468 1672 3594 1725 εἷλκε
3644 1676 3694 1723 τό
3726 1674 3858 1742 γένος,

541 1757 656 1814 bus
702 1758 1029 1816 ﬂoruerint.
1065 1760 1221 1818 Hinc
1264 1759 1338 1815 de
1377 1760 1739 1827 rhetoribus,
1788 1761 2087 1834 rebusque
2135 1760 2206 1817 ad

2321 1767 2411 1815 xui
2440 1764 2544 1815 οἷον
2589 1766 2646 1815 τό
2677 1762 2729 1827 ἐξ
2760 1761 2936 1837 ἀρχῆς
2962 1760 3311 1835 ἐπιτήδευμα,
3342 1767 3429 1815 καὶ
3458 1768 3571 1815 πότε
3598 1767 3759 1832 καιροῦ
3779 1760 3859 1818 ἡκ-

542 1852 730 1904 artem
761 1848 997 1904 dicendi
1028 1849 1477 1920 pertinentibus,
1528 1867 1600 1906 ex
1629 1851 1745 1907 hoc
1783 1866 2113 1920 cognoscas
2142 1849 2216 1906 li-

544 1935 656 1993 bro
683 1936 834 1993 licet.
863 1936 1026 1993 idem
1056 1938 1235 1994 etiam
1266 1954 1339 1993 ex
1369 1938 1499 1994 ΧΕΗὶ
1533 1939 1800 2012 Dionysii
1831 1940 1945 2011 (78)
1976 1940 2210 2011 scriptis

543 2028 629 2083 De
649 2027 1026 2085 Alexandria
1054 2028 1198 2084 urbe
1222 2028 1531 2101 decerptus
1551 2028 1714 2094 liber,
1744 2032 1803 2085 et
1828 2045 1898 2085 ex
1929 2029 2213 2087 Hellanici

542 2117 953 2188 Egyptiacis.
978 2115 1019 2170 E
1040 2117 1260 2189 quibus
1283 2117 1383 2174 ubi
1408 2117 1687 2175 fabulosa
1712 2124 1765 2175 et
1788 2118 1986 2175 ﬁctitie
2016 2118 2209 2179 multa

544 2221 681 2261 cum
726 2206 979 2262 aliorum
1011 2206 1149 2261 item
1200 2221 1426 2278 magna
1455 2208 1743 2265 varietate
1775 2206 2105 2280 collegeris,
2150 2208 2210 2264 in

545 2294 697 2353 sexti
725 2294 967 2352 tandem
997 2294 1130 2351 libri
1160 2298 1489 2353 extremum
1515 2297 1768 2354 incides.

614 2474 912 2547 Septimus
936 2478 1147 2546 postea
1168 2472 1317 2530 liber
1339 2490 1413 2531 ex
1444 2474 1725 2533 Herodoti
1752 2475 2025 2532 Historia
2052 2474 2209 2532 velut

544 2580 575 2620 e
606 2563 855 2620 floribus
885 2563 1185 2636 eleganter
1214 2578 1285 2620 ac
1313 2566 1475 2621 varie
1506 2570 1818 2622 contextus
1850 2568 1958 2622 est.

620 2655 875 2711 Octavus
918 2659 1117 2709 autem
1165 2652 1313 2709 liber
1356 2658 1634 2727 excerpta
1678 2656 1997 2711 continete
2025 2652 2206 2711 veteri

540 2744 809 2818 quodam
822 2742 1021 2799 codice
1035 2742 1172 2814 (79),
1192 2743 1293 2815 qui
1308 2742 1401 2799 ille
1421 2743 1571 2817 ipse,
1591 2745 1682 2801 cui
1699 2744 2027 2817 colligentis
2040 2744 2206 2801 haud

541 2838 630 2891 est
671 2833 995 2906 ascriptum
1026 2848 1267 2889 nomen.
1304 2834 1579 2891 Feminas
1609 2834 1705 2891 hic
1730 2840 2016 2903 recenset,
2058 2849 2207 2907 qua-

541 2938 674 2981 rum
721 2922 963 2979 illustris
1008 2921 1197 2993 gloria
1223 2921 1507 2998 famaque
1553 2924 2024 2980 essetzvirorum
2067 2923 2203 2979 item

540 3012 947 3086 quorumdam
975 3011 1257 3085 praclare
1286 3018 1473 3083 gesta,
1505 3018 1561 3069 et
1591 3012 1668 3069 ab
1696 3013 1789 3069 his
1821 3013 2088 3068 instituta
2114 3011 2206 3067 di-

542 3101 715 3158 cendi
750 3101 892 3157 artis
924 3100 1114 3172 gratia
1140 3101 1461 3174 colloquia.
1488 3101 1775 3159 Amicitia
1795 3118 2038 3175 quoque
2060 3102 2201 3167 vim,
2236 3133 2277 3189 ο

541 3195 597 3247 et
658 3189 989 3262 proborum
1051 3190 1368 3246 hominum
1430 3190 1946 3263 apophthegmata
2006 3190 2201 3246 refert.

542 3277 807 3346 Sublegit
856 3276 986 3332 hac
1031 3276 1331 3333 Plutarchi
1380 3278 1672 3349 opuscula
1720 3280 1831 3349 (80)
1863 3298 1874 3337 :
1904 3279 2204 3347 Quomodo

538 3365 969 3423 adolescentem
1017 3366 1230 3422 audire
1260 3366 1461 3423 deceat
1503 3373 1747 3436 poetas;
1774 3368 1858 3423 De
1886 3375 2105 3424 natura
2149 3372 2204 3425 et

542 3454 866 3511 laboribus.
919 3456 988 3510 Ut
1012 3454 1296 3511 nimirum
1340 3456 1510 3511 multi
1538 3472 1952 3529 sapenumero
1996 3456 2204 3514 labore

543 3543 816 3601 vitiosam
866 3548 1146 3600 naturam
1186 3544 1698 3613 correxerint;alii
1728 3552 1930 3603 contra
1976 3546 2203 3603 bonam

538 3633 783 3704 ignavia
820 3634 1228 3706 corruperint:
1254 3638 1437 3706 utque
1463 3634 1525 3690 in
1565 3634 1787 3702 multis,
1823 3636 1927 3709 qui
1963 3634 2023 3691 in
2065 3651 2205 3708 pue-

538 3723 671 3781 ritia
711 3723 863 3780 tardi
894 3723 1179 3779 omnibus
1211 3723 1589 3791 videbantur,
1632 3730 1812 3798 atque
1842 3725 2051 3798 inepti,
2092 3724 2203 3781 ﬂo-

536 3818 701 3870 rente
745 3816 884 3885 post
911 3818 1085 3870 atate
1114 3813 1310 3869 acrius
1344 3813 1653 3884 ingenium
1685 3830 1755 3871 ac
1798 3814 2203 3887 perspicacius

537 3903 857 3959 emicuerit.
895 3901 1137 3959 Librum
1168 3903 1329 3969 item,
1364 3904 1450 3961 De
1472 3904 1681 3960 inutili
1707 3904 2065 3961 verecundia
2088 3921 2101 3971 ;
2122 3906 2208 3962 De

535 3993 932 4065 garrulitate;
955 3994 1037 4049 De
1066 3991 1385 4049 iracundia
1405 4011 1422 4066 ;
1446 3994 1738 4061 Quomodo
1760 3994 1892 4066 quis
1914 4010 1989 4051 ex
2007 3994 2206 4050 inimi-

538 4085 621 4140 cis
644 4082 960 4139 utilitatem
990 4082 1221 4153 capiat;
1245 4084 1327 4139 De
1342 4083 1526 4139 animi
1552 4084 2034 4154 tranquillitate;
2052 4084 2206 4139 Poli-

541 4172 687 4230 ticas
714 4172 898 4241 ipsius
922 4173 1386 4241 praeceptiones;
1405 4173 1420 4190 '
1437 4173 1522 4229 De
1546 4172 1808 4243 divitiis;
1826 4172 2123 4240 Quomodo
2148 4187 2208 4229 se

537 4262 669 4335 quis
680 4261 742 4317 in
756 4263 978 4318 virtute
990 4262 1277 4331 proﬁcere
1293 4261 1531 4318 sentiat.
1563 4264 1810 4317 Rursum
1836 4261 2205 4320 Valetudinis

542 4351 792 4415 tuenda,
843 4355 900 4406 et
940 4350 1297 4423 Conjugales
1346 4350 1605 4421 eiusdem
1650 4352 2095 4421 pracepliones.
2142 4356 2205 4407 ln

538 4438 762 4511 quibus
804 4438 1064 4513 plurima
1094 4440 1355 4513 reperias
1390 4455 1528 4495 cum
1560 4446 1729 4510 gesta
1779 4440 2203 4512 praedicatione

540 4526 746 4598 digna,
783 4532 908 4584 tum
941 4529 1017 4585 ad
1050 4530 1240 4585 multa
1271 4529 1372 4586 tibi
1401 4527 1697 4602 perutilia.
1733 4531 1864 4586 Hac
1895 4528 2016 4586 fere
2045 4534 2204 4587 octa-

539 4633 653 4674 vus
682 4617 831 4675 liber
861 4618 1296 4691 complectitur.

607 4796 739 4853 Jam
760 4812 955 4854 nonus
976 4813 1047 4855 ex
1069 4797 1340 4869 ejusdem
1369 4795 1636 4853 similiter
1660 4795 1961 4853 Plutarchi
1984 4795 2203 4854 libellis

539 4884 900 4959 compendio
920 4886 1136 4944 factus.
1169 4889 1239 4946 Ut
1264 4903 1335 4944 ex
1356 4885 1648 4960 opusculo
1671 4887 1757 4944 De
1775 4901 1907 4944 sera
1926 4887 2204 4944 Numinis

2320 1872 2482 1925 μασε.
2525 1853 2627 1907 Καὶ
2664 1857 2785 1927 περὶ
2826 1853 3058 1928 ῥητόρων
3104 1849 3161 1906 δὲ
3208 1857 3300 1905 καὶ
3341 1852 3691 1927 ῥητορικῆςτὰ
3730 1866 3863 1923 παρα·

2321 1942 2521 2000 πλήσιά
2572 1960 2655 1993 σοι
2711 1944 2849 1993 ἔστιν
2903 1940 3088 1994 ἐκεῖθεν
3147 1940 3669 2013 ἀναλαμϐάνειν.”Ετι
3704 1941 3789 2009 μὴν
3827 1936 3862 1969 ¹⁰

2324 2033 2597 2103 σύγκειται
2646 2032 2670 2082 ό
2723 2030 2877 2091 αὐτὸς
2918 2030 3068 2102 λόγος
3119 2037 3207 2083 καὶ
3262 2034 3316 2084 ἑκ
3356 2039 3450 2083 τῶν
3493 2029 3664 2085 Αἰλίου
3702 2031 3802 2079 Δίου
3827 2026 3861 2060 ¹¹

2324 2126 2447 2193 Περὶ
2538 2117 2950 2194 Ἀλεξανδρείας,
3039 2126 3127 2173 καὶ
3206 2120 3263 2172 ἐκ
3354 2128 3453 2172 τῶν
3545 2118 3863 2189 Αἰγυπτιακῶν

2318 2208 2613 2264 Ἑλλανίκου
2672 2210 2738 2275 ¹²,
2800 2205 2872 2261 δι’
2934 2208 3001 2260 ὧν
3048 2210 3249 2281 μυθικά
3323 2228 3376 2261 τε
3446 2212 3533 2260 xui
3573 2203 3866 2277 πλασματικὰ

2319 2298 2482 2351 πολλὰ
2533 2296 2776 2361 συλλέξας
2826 2301 2915 2350 καὶ
2956 2293 3185 2371 διάφορα
3237 2299 3389 2373 ἔτερα
3440 2297 3507 2359 εἰς
3546 2298 3599 2348 τὸ
3639 2293 3761 2352 τέλος
3794 2298 3866 2342 τοῦ

2320 2388 2464 2440 ἕκτου
2495 2386 2651 2459 λόγου
2682 2392 2908 2446 καταντή
2919 2406 3042 2448 σεις.

2386 2475 2446 2529 Ὀ
2488 2472 2545 2529 δε
2587 2473 2804 2548 ἕϐδομος
2847 2476 2987 2547 αᾶτῷ
3022 2476 3169 2547 λόγος
3201 2472 3513 2534 διήνθισται
3541 2472 3591 2525 ἐκ
3638 2470 3871 2541 τῆςἮρο-

2319 2562 2477 2619 δότου
2508 2565 2788 2637 Ἱστορίας.

2384 2655 2443 2707 Ὀ
2497 2651 2555 2708 δὲ
2609 2652 2798 2727 ὄγδοος
2868 2654 2922 2707 ἐκ
2974 2659 3131 2727 τόμου
3188 2657 3332 2717 τινὸς
3393 2653 3633 2728 ἀρχαίουσ
3698 2648 3873 2718 έκλογαὶ

2315 2749 2404 2797 καὶ
2457 2744 2580 2797 αὐτὸ
2636 2747 2889 2816 τυγχάνει
2941 2748 2998 2797 τό
3045 2743 3267 2818 βιϐλίον,
3327 2743 3421 2797 οὐκ
3465 2746 3583 2815 ἕχον
3636 2739 3872 2809 ἑπιγραφό·

2315 2853 2462 2905 μενον
2513 2837 2597 2886 τόν
2651 2835 3052 2907 συνηθροικότα·
3096 2832 3144 2884 ἐν
3198 2833 3273 2895 οἷς
3330 2835 3421 2895 τάς
3463 2831 3533 2893 εἰς
3578 2833 3703 2903 μέγα
3741 2823 3875 2888 δοξης

2314 2928 2403 2975 xui
2465 2927 2626 2995 ὄνομα
2680 2922 2917 2995 λαμπρόν
2994 2921 3238 2996 ἀρθείσας
3301 2928 3554 2993 γυναῖκας
3622 2915 3871 2985 καταλέγει»

2314 3018 2403 3065 καὶ
2448 3009 2649 3085 ἀνδρῶν
2694 3011 2834 3064 ἐνίων
2882 3014 3027 3086 ἔργα,
3061 3015 3149 3063 καὶ
3199 3009 3281 3064 ἐπὶ
3333 3006 3551 3082 παιδείᾳ
3583 3007 3733 3078 λόγων
3777 3022 3875 3055 συν·

2313 3108 2512 3168 ουσίας,
2573 3101 2752 3176 ἀρετήν
2824 3121 2875 3154 τε
2932 3098 2995 3153 αὖ
3054 3100 3239 3173 φιλίας,
3303 3106 3395 3153 καὶ
3454 3109 3551 3153 τῶν
3614 3090 3875 3149 σπουδαίων

2314 3190 2836 3263 ἀποφθέγματα[34ί
2875 3189 2965 3264 8.]
3008 3193 3283 3262 Σύγκειται
3321 3187 3382 3244 δε
3421 3188 3558 3259 αὐτῷ
3585 3190 3667 3239 καὶ
3709 3183 3757 3235 ἐκ
3796 3189 3878 3233 τῶν

2315 3280 2661 3355 Πλουτάρχου
2733 3286 2855 3354 Περὶ
2921 3288 3011 3333 τοῦ
3067 3286 3178 3341 πῶς
3236 3274 3327 3331 δεῖ
3393 3282 3477 3331 τόν
3534 3280 3634 3329 νέον
3705 3271 3876 3323 ἀκούειν

2312 3371 2637 3442 ποιημάτων.
2686 3373 2809 3443 Περί
2878 3388 2929 3421 τε
2997 3372 3193 3441 φύσεως
3251 3374 3347 3421 καὶ
3422 3373 3603 3431 πόνων,
3668 3364 3792 3423 ὅπως
3836 3376 3879 3409 τι

2313 3458 2490 3512 πολλοὶ
2536 3458 2783 3520 πολλάκις
2832 3464 2967 3530 πόνῳ
3031 3462 3117 3516 τὴν
3172 3460 3332 3530 φύσιν
3387 3457 3479 3511 οὐκ
3531 3454 3585 3508 εὖ
3638 3451 3879 3526 φερομένην

2314 3549 2586 3621 ὤρθωσαν,
2619 3549 2783 3621 ἕτεροι
2836 3544 2893 3599 δὲ
2947 3546 3112 3609 καλῶς
3157 3549 3394 3619 ἔχουσαν
3445 3544 3497 3609 ἐξ
3543 3542 3762 3615 ἀμελείας
3803 3532 3873 3588 δι·

2314 3639 2570 3711 έφθειραν,
2625 3638 2762 3699 ὅπως
2817 3656 2870 3690 τε
2934 3638 3058 3690 ἔνιοι
3111 3634 3159 3688 ἐν
3213 3638 3304 3709 μεν
3370 3640 3501 3698 νέοις
3562 3627 3770 3707 βραδεῖς
3818 3623 3883 3676 ἐν’

2314 3735 2513 3799 ωρῶντο
2565 3732 2694 3779 πᾶσι
2740 3724 3000 3788 ἀσύνετοι,
3029 3724 3381 3797 ἀκμασάντων
3444 3721 3502 3777 δὲ
3552 3722 3621 3781 εἰς
3672 3722 3723 3771 τό
3765 3713 3881 3783 ταχὺ

2314 3821 2403 3868 καὶ
2462 3819 2669 3868 συνετόν
2724 3815 2903 3877 αὐτοῖς
2951 3816 2979 3873 ἡ
3038 3818 3192 3887 φύσις
3242 3812 3519 3887 ἐξέλαμψεσ
3580 3814 3667 3862 xui
3707 3807 3755 3859 ἐκ
3807 3808 3882 3855 τοῦ

2316 3910 2439 3979 Περὶ
2500 3900 2774 3966 δυσωπίας
2849 3900 2907 3957 δε
2971 3903 3148 3975 λόγου,
3202 3908 3293 3955 καὶ
3373 3907 3499 3978 Περὶ
3573 3895 3880 3967 ἀδολεσχίας.

2314 3999 2402 4047 καὶ
2463 3998 2586 4067 Περὶ
2639 3992 2819 4068 ὀργῆς,
2871 3997 2960 4045 καὶ
3018 3991 3072 4044 ix
3120 3999 3211 4045 τοῦ
3267 3999 3387 4054 Πῶς
3438 3992 3500 4043 ἄν
3553 4009 3630 4050 τις
3679 3987 3768 4039 ὑπὸ
3811 3980 3885 4051 ἕχ-

2318 4085 2448 4158 θρῶν
2521 4081 2783 4154 ὠφελοῖτο,
2838 4086 2927 4134 καὶ
3006 4087 3127 4155 Περὶ
3197 4080 3457 4154 εὐθυμίας
3539 4076 3617 4147 δὲ,
3671 4078 3752 4128 xui
3794 4075 3885 4123 Τῶν

2314 4172 2587 4225 πολιτικῶν
2655 4170 2815 4224 αὑτοῦ
2890 4171 3358 4243 παραγγελμάτων,
3432 4173 3558 4242 Περὶ
3638 4185 3690 4218 τε
3760 4159 3888 4214 πλου-

2646 4259 2825 4322 Ὀπως
2877 4260 2938 4312 ἄν
3006 4279 3087 4321 τις
3160 4261 3505 4312 συναίσθοιτο
3562 4256 3736 4310 ἑαυτοῦ
3782 4250 3887 4323 πρὸς

3421 4349 3679 4417 Ὑγιεινῶν
3752 4338 3888 4392 αὐτοῦ

2312 4281 2424 4327 του,
2479 4266 2569 4313 καὶ

2316 4350 2499 4426 ἀρετήν
2550 4345 2901 4417 ἐπιδιδόντος,
2958 4351 3011 4401 ἔκ
3095 4368 3149 4400 τε
3228 4357 3329 4401 τῶν

2314 4446 2403 4493 xui
2470 4446 2708 4511 γαμικῶν
2802 4437 3267 4511 παραγγελμάτων.
3318 4442 3405 4491 Ἐν
3487 4436 3564 4498 οἷς
3624 4437 3755 4487 ἔστιν
3822 4426 3892 4479 εὖ·

2312 4538 2418 4604 ρεῖν
2450 4528 2669 4581 πλεῖστα
2720 4530 2807 4579 καὶ
2839 4525 3305 4598 ἀξιομνημόνευτα,
3337 4526 3533 4599 λόγους
3570 4528 3656 4575 καὶ
3686 4523 3728 4557 ¹³
3765 4519 3889 4592 ἔργαν

2314 4624 2403 4672 καὶ
2454 4622 2580 4690 πρὸς
2631 4615 2795 4669 πολλά
2859 4634 2941 4668 σοι
2995 4618 3420 4690 χρησιμεύοντα.
3466 4621 3647 4668 Ταῦτα
3820 4606 3895 4655 καὶ

2314 4708 2368 4761 ἔκ
2398 4711 2597 4761 τούτων
2630 4711 2719 4758 καὶ
2747 4706 2793 4742 ¹⁴
2826 4706 2851 4756 6
2873 4700 3065 4776 ὄγδοος
3083 4704 3255 4774 λόγος.

2388 4804 2488 4852 Καὶ
2543 4793 2609 4855 δὴ
2657 4799 2746 4848 καὶ
2794 4796 2819 4847 ὀ
2860 4797 3063 4856 ἔννατος
3107 4794 3246 4865 αὐτῷ
3297 4795 3496 4866 ὁμοίως
3543 4791 3597 4845 ἐκ
3627 4798 3721 4843 τῶν
3754 4784 3897 4839 Πλου-

2314 4888 2521 4961 τάρχου
2583 4884 2902 4957 συνετμήθη,
2963 4885 3017 4936 ἔκ
3064 4902 3119 4936 τε
3181 4889 3270 4935 τοῦ
3317 4881 3443 4935 ’Ὁτι
3498 4876 3721 4955 βράδιον
3768 4874 3812 4925 οἱ
3859 4870 3899 4905 ¹⁵

1893 5011 2119 5068 νΑΒΙιΕ
2158 5010 2565 5067 LECTIONES.

606 5130 626 5164 ⁸
662 5131 718 5182 ἐκ
749 5136 841 5182 τοῦ
872 5124 1116 5201 δευτέρου
1148 5128 1305 5201 λόγου
1340 5136 1439 5182 τῶν
1469 5134 1599 5200 Δαμ.
1634 5125 1715 5180 ἀλ.
1754 5149 1806 5191 ς’.

1919 5130 1940 5163 ⁸
1975 5147 2033 5201 τε
2063 5143 2182 5184 om.
2220 5128 2416 5201 pr.A.

2531 5125 2578 5161 1ο
2608 5125 2699 5197 μεν
2731 5145 2799 5197 ς’.Δ
2828 5192 2843 5197 _
2900 5124 2943 5160 ¹¹
2978 5124 3097 5197 Δίου
3202 5119 3313 5197 ;διξ
3340 5120 3404 5197 οὗ
3439 5142 3499 5187 ς’.
3534 5109 3902 5178 Hoeschelius

536 5206 827 5255 Διονυσίου.
906 5203 954 5238 ¹²
981 5192 1227 5254 ἕλανίκοᾶ
1252 5209 1313 5255 Α.
1393 5202 1438 5237 ¹³
1478 5192 1663 5273 λόγους
1686 5204 1775 5253 xui
1808 5205 1866 5253 A'
1901 5198 1949 5252 ἐν
1974 5199 2149 5272 λόγοις
2181 5192 2241 5266 ςῖ
2315 5200 2362 5236 ¹⁴
2393 5199 2483 5251 καὶ
2503 5192 2640 5254 ωηο
2670 5196 2695 5248 ὁ
2726 5192 2871 5252 add.
2904 5197 2971 5251 Α.
3048 5194 3096 5231 ¹⁸
3118 5196 3167 5248 οἱ
3196 5193 3339 5251 add.
3371 5195 3446 5249 Α.

2116 5325 2346 5385 ΝΟΤΕ.

612 5431 724 5514 ςἸἹ)
777 5431 990 5514 quiet
1033 5449 1071 5514 εξ,
1118 5432 1303 5514 suida
1350 5432 2008 5514 referuntur.quminit
2052 5433 2195 5490 item

536 5503 750 5578 Elian.
782 5503 931 5578 Hist.
964 5504 1204 5561 animal.
1235 5505 1337 5561 lib.
1369 5521 1489 5573 XIII,
1518 5521 1630 5578 cap
1653 5510 1760 5562 .21.

609 5574 725 5647 (78)
773 5575 948 5627 Αἰλίου
999 5582 1299 5649 Διονουσίου
1329 5574 1787 5649 οωθηόόοιῇυε
1831 5591 1988 5649 supr.
2039 5575 2195 5632 Lexi-

538 5662 653 5705 con
677 5648 1005 5720 Atticarum
1035 5664 1249 5706 vocum
1273 5648 1443 5720 legas
1469 5652 1592 5707 252.

610 5717 725 5796 (79)
751 5719 1066 5795 Superiora
1093 5734 1232 5796 pag.
1261 5717 1510 5782 forsitan
1536 5719 1851 5781 indicatus.

2374 5430 2487 5513 (80)
2524 5430 2790 5513 ρυρςιιεπι
2834 5426 3109 5513 quem“!!!
3139 5419 3717 5513 εδιειοειψξεξιιίι
3745 5417 3911 5513 ιτξιξιὲξ

2302 5489 2518 5575 prias'a
2535 5489 2714 5575 Quida
2731 5499 3010 5575 laudatus
3029 5504 3084 5554 et
3106 5513 3296 5575 nuper
3314 5489 3657 5575 evulgatus.
3680 5520 3748 5532 -—
3766 5489 3901 5575 Qu}?

2304 5557 2505 5629 autem
2536 5557 2608 5628 ex
2630 5571 2722 5627 his
2744 5557 3279 5634 interciderunt,‘ea
3302 5567 3403 5625 tibi
3439 5557 3732 5624 asterisco
3764 5557 3910 5617 indi-

2305 5645 2502 5703 canda
2531 5642 2760 5720 putavi.
