4136 6216
247 315 352 374 449

1425 308 1902 370 BIBLIOTHECA.
1939 343 2010 354 —
2050 306 2206 370 COD.
2249 308 2436 369 CLXI.

3505 308 3612 370 450

245 442 341 494 θεοὶ
416 445 788 514 τιμωροῦνται,
837 443 927 492 καὶ
979 435 1045 497 δὴ
1089 441 1179 491 καὶ
1234 436 1289 491 ἐκ
1344 443 1434 490 τοῦ
1494 442 1613 491 Βίου
1671 442 1845 510 Δημη-

1964 437 2241 505 vindicta,
2266 452 2298 494 θ
2327 437 2460 495 Vita
2487 437 2762 494 Demetrii
2776 453 2842 494 ac
2869 436 3029 494 Bruti
3047 438 3294 496 Romani
3329 456 3343 508 ;
3370 453 3438 496 ex
3457 438 3612 497 libro

240 535 381 604 τρίου
430 534 520 581 καὶ
574 532 801 600 Βρούτου
861 535 954 582 τοῦ
1003 527 1280 600 Ῥῶμαίου,
1328 530 1418 580 καὶ
1471 525 1526 578 ἐκ
1554 534 1648 580 τοῦ
1686 526 1845 599 λόγου

241 619 294 682 ὂς
389 617 773 693 ἔπι-γέγραπται
848 617 1006 688 αὐτῷ,
1090 613 1320 691 Ἀνδρῶν
1396 613 1617 678 ἐνδόξων
1693 616 1844 669 Ἀπο-

243 709 528 782 φθίγματα,
608 711 662 760 ἔκ
728 727 785 760 τε
857 715 947 759 τοῦ
1022 711 1148 779 Περὶ
1215 714 1459 778 ποταμῶν
1535 707 1681 772 ¹⁵-¹⁶,
1758 712 1848 760 καὶ

245 803 351 857 IV»;
379 795 441 847 ἂν
493 817 574 860 τις
621 793 906 872 διακρίνειι
960 799 1047 848 τὸν
1118 794 1314 848 κόλακα
1355 801 1448 847 τοῦ
1531 794 1701 867 φίλου,
1758 802 1850 850 καὶ

245 890 341 959 μὲν
391 890 484 939 καὶ
532 885 588 938 ἐκ
643 893 735 938 τοῦ
797 886 1067 960 Κράτητος
1143 883 1286 956 βίου,
1362 886 1649 956 Δαϊφάντου
1702 901 1756 935 τε
1803 880 1844 916 ¹⁷

246 980 330 1027 καὶ
354 971 644 1047 Πινδάρου,
696 979 787 1026 καὶ
833 972 886 1027 ἔκ
933 981 1024 1026 τοῦ
1101 971 1308 1046 βιϐλίου
1373 970 1432 1026 δὲ
1484 972 1511 1024 ὃ
1570 971 1844 1043 ἕπιγέγρα-

250 1084 369 1117 πται
409 1063 552 1134 αὐτῷ
611 1062 864 1117 Βασιλέων
943 1066 1030 1114 καὶ
1112 1069 1416 1135 στρατηγῶν
1491 1061 1848 1133 Ἀποφθέγμα-

247 1173 325 1219 τα,
369 1158 463 1207 σὺν
520 1155 596 1215 οἷς
635 1157 726 1205 καὶ
773 1151 829 1204 ἐκ
882 1160 980 1205 τῶν
1020 1158 1399 1224 Συμποσιακῶν
1443 1150 1602 1203 αὐτοῦ
1658 1148 1758 1201 ἀπό
1795 1167 1849 1201 τε

243 1251 329 1297 τοῦ
356 1248 564 1316 πρώτου
622 1247 712 1295 καὶ
745 1241 919 1315 ἐφεξῆς
965 1244 1128 1316 μέχρι
1185 1248 1276 1293 τοῦ
1322 1237 1537 1313 ὀγδόου.
1601 1243 1700 1293 Καὶ
1746 1236 1847 1291 ἀπὸ

243 1337 328 1406 μὲν
383 1341 484 1385 τῶν
544 1333 894 1405 Πλουτάρχου
947 1333 1001 1383 ἐκ
1044 1333 1276 1384 τούτων·
1306 1330 1628 1384 συνείλεκται
1685 1325 1744 1381 δε
1765 1331 1848 1380 καὶ

245 1423 298 1475 ἔκ
323 1431 414 1483 τῆς
442 1422 659 1496 Ῥούφου
701 1421 990 1495 Ῥωμαῖκῆς
1034 1420 1291 1483 Ἱστορίας
1347 1425 1557 1492 πρώτου
1611 1422 1701 1470 καὶ
1731 1413 1848 1469 δευ-

245 1517 387 1584 τέρου
431 1517 524 1565 καὶ
577 1517 758 1585 τρίτου
808 1509 1018 1584 βιϐλίου
1070 1515 1160 1564 καὶ
1213 1511 1482 1585 τετάρτου,
1541 1509 1588 1561 ἐν
1628 1508 1701 1568 οἷς
1737 1507 1849 1558 ἔστι

243 1608 543 1676 περιτυχεῖν
615 1600 825 1663 πολλοῖς
887 1599 1194 1673 ἀξιολόγοις,
1257 1599 1302 1652 εἰ
1354 1603 1443 1651 καὶ
1509 1599 1618 1650 ἔνια
1684 1594 1849 1648 αὐτῶν

1956 528 2050 599 cuj
2061 527 2322 584 usindex
2335 532 2423 584 est
2456 526 2993 601 lOAbClarorum
3008 527 3270 585 virorum
3282 528 3614 599 Apophthe-

1955 623 2180 688 gmata.
2210 619 2288 672 Ex
2310 615 2509 672 libello
2541 620 2616 672 De
2640 617 2985 688 ﬂuminibus
3016 616 3164 689 (81);
3199 618 3484 684 Quomodo
3522 633 3616 677 as-

1953 712 2305 763 sentatorem
2333 707 2408 763 ab
2447 707 2638 764 amico
2667 708 3018 765 discemus.‘
3044 709 3302 763 Rursum
3327 723 3400 764 ex
3425 708 3616 766 Crate-

1958 795 2028 852 tis
2057 795 2234 862 Vita,‘
2267 795 2701 869 Daiphantique
2729 839 2744 863 ,
2785 798 2862 852 et'
2886 795 3162 852 Pindari:
3185 801 3240 850 et
3265 813 3336 852 ex
3354 811 3616 868 opuscu-

1956 883 2034 950 lo,
2052 884 2217 956 quod
2231 885 2454 956 Regum
2468 891 2647 956 atque
2657 886 3086 955 imperatorum
3098 884 3616 957 Apophthegmata

1955 973 2258 1046 inscripsit
2281 992 2299 1044 ;
2329 980 2508 1047 atque
2539 990 2610 1031 ex
2644 975 3046 1032 Convivalium
3079 974 3210 1045 ejus
3259 975 3613 1033 Sermonum

1956 1061 2139 1127 libris,
2174 1078 2210 1119 a
2254 1062 2451 1135 primo
2481 1063 2557 1119 ad
2606 1069 2886 1120 octavum
2918 1080 3129 1136 usque.
3178 1065 3308 1119 Raso
3339 1061 3458 1120 fere
3488 1064 3617 1121 Plu-

1956 1150 2196 1207 tarchus
2255 1151 2675 1224 suppeditavit.
2709 1151 2899 1208 Allata
2945 1167 3082 1208 vero
3105 1151 3395 1208 nonnulla
3420 1169 3449 1206 e
3489 1151 3615 1208 Ruﬁ

1957 1241 2240 1300 Historias
2270 1244 2550 1301 Romanu
2578 1243 2765 1312 libris,
2802 1244 3015 1316 primo,
3052 1244 3339 1310 secundo,
3367 1245 3534 1302 tertio
3560 1249 3618 1302 et

1958 1336 2172 1404 quarto
2203 1344 2216 1384 :
2249 1332 2309 1388 in
2343 1333 2566 1406 quibus
2597 1339 2908 1390 occurrent
2946 1333 3231 1406 pleraque
3279 1340 3615 1392 memoratu

1958 1436 2074 1476 non
2104 1420 2372 1494 indigna,
2403 1423 2620 1479 tametsi
2654 1422 3241 1496 horumquiedamin
3272 1422 3514 1481 fabulas
3529 1423 3616 1481 in-

1958 1509 2182 1654 iiigiant,
2238 1516 2296 1568 et
2342 1512 2692 1585 prolixiores
2741 1529 2954 1586 nugas.
2998 1513 3086 1570 Ita
3117 1529 3181 1570 se
3211 1529 3405 1570 nonus
3433 1513 3616 1572 habet

1983 1614 1998 1653 ι
2042 1615 2122 1654 er.

1983 1614 2122 1654 lDel‘.

243 1689 306 1752 εἰς
333 1692 536 1762 μύθους
561 1695 652 1743 καὶ
684 1692 883 1764 μοαρόν
915 1688 1230 1742 ἐκπίπτουσι
1263 1689 1311 1725 ¹⁸
1339 1687 1516 1760 λῆρον.
1553 1684 1691 1741 Ἀλλ’
1723 1679 1828 1736 ὦδε
1854 1681 1944 1753 μὶν
1965 1692 2055 1741 καὶ
2097 1689 2122 1740 ό
2163 1690 2384 1753 ἔννατος.

307 1778 365 1832 Ὀ
420 1776 642 1841 δέκατος
695 1775 754 1832 δὲ
786 1780 1140 1854 συνηθροίσθη
1196 1780 1252 1831 ἴκ
1285 1797 1339 1831 τε
1393 1784 1483 1838 τῆς
1529 1773 1844 1847 Κεφαλίωνος

2027 1777 2302 1834 Decimus
2362 1795 2502 1837 vero
2527 1779 2746 1837 coaluit
2785 1796 2817 1838 θ
2849 1779 3222 1853 Cephalionis
3273 1780 3387 1854 (82)
3421 1783 3615 1852 Erato,

245 1872 510 1941 Ἐρατοῦς,
599 1865 1060 1942 διαλαμϐανούσης
1129 1869 1196 1920 τὰ
1272 1869 1408 1919 κατὰ
1482 1860 1844 1939 Ἀλέξανδρον,

242 1964 327 2010 καὶ
359 1953 428 2016 δὴ
486 1963 577 2010 κοιὶ
616 1956 671 2009 ἐκ
724 1965 825 2009 τῶν
884 1955 1232 2012 Ἀπολλωνίου
1283 1962 1374 2008 τοῦ
1429 1961 1674 2018 Στωῖκοῦ,
1725 1953 1848 2004 ὅσαι

244 2054 483 2118 γυναῖκες
559 2043 944 2119 ἕφιλοσόφησαν
998 2046 1027 2105 ἣ
1086 2050 1172 2097 καὶ
1230 2045 1276 2081 ¹⁹
1353 2043 1515 2106 ἄλλως
1570 2062 1621 2095 τι
1669 2037 1851 2094 ἐπίδο-

246 2136 325 2198 ξον
381 2132 755 2210 διέπράξαντο,
807 2139 896 2188 καὶ
969 2131 1041 2188 δι’
1096 2133 1154 2196 ἃς
1210 2134 1369 2187 οἰκίαι
1429 2134 1477 2169 ²⁰
1531 2132 1601 2194 εἰς
1652 2135 1849 2184 εὔνοιαν

249 2226 665 2297 συνεκράθησαν,
721 2229 811 2276 καὶ
862 2222 916 2276 ἐκ
972 2231 1074 2276 τῶν
1130 2227 1413 2296 Θεαγένους
1463 2219 1522 2276 δὲ
1552 2217 1850 2276 Μακεδονι-

245 2322 342 2366 κῶν
373 2317 630 2389 πατρίων,
692 2314 747 2364 ἔκ
793 2332 845 2366 τι
897 2321 995 2366 τῶν
1028 2311 1375 2386 Πλουτάρχου
1429 2317 1546 2385 περὶ
1606 2310 1736 2384 βίων
1761 2316 1853 2362 Νι-

245 2408 358 2454 κίου
398 2407 492 2455 καὶ
543 2399 885 2458 Ἀλκιϐιάδου
936 2401 1065 2477 [178
1115 2402 1202 2474 ﬂ],
1236 2401 1650 2476 Θεμιστοκλέους
1679 2419 1734 2453 τε
1763 2402 1852 2452 καὶ

247 2497 469 2554 Θησέως
523 2496 612 2544 καὶ
680 2499 1014 2567 Λουκοῡργου
1097 2491 1316 2554 Σόλωνός
1384 2511 1438 2544 τε
1488 2497 1577 2544 καὶ
1623 2490 1856 2553 Ἀλεξάν-

245 2577 377 2654 δρου
431 2587 527 2633 τοῦ
580 2579 857 2647 Φιλίππου,
916 2583 971 2633 ἔκ
1007 2600 1060 2634 τε
1119 2589 1218 2634 τῶν
1277 2584 1406 2655 βίων
1477 2585 1710 2653 Κίμωνος
1766 2583 1854 2632 καὶ

249 2669 559 2746 Περικλέους
621 2675 710 2722 καὶ
767 2667 1060 2724 Πελοπίδου
1113 2676 1203 2723 καὶ
1260 2675 1528 2732 Φωκίωνος
1570 2674 1660 2722 καὶ
1713 2669 1856 2744 Ἀρι-

247 2756 484 2825 στείδου,
514 2759 583 2812 ὧν
611 2761 678 2812 τὰ
730 2758 948 2812 πλεῖστα
999 2757 1336 2833 ἀξιαφήγητά
1384 2779 1440 2814 τε
1493 2764 1582 2813 καὶ
1613 2757 1858 2833 ἀξιομνη-

242 2855 489 2921 μόνευτα.
525 2847 662 2901 Ἀλλ’
694 2847 743 2900 ἐν
773 2852 976 2910 τούτοις
1014 2854 1104 2922 μεν
1134 2855 1224 2903 καὶ
1252 2851 1278 2903 ό
1307 2846 1545 2912 δέκατος.

309 2939 375 2992 Ὀ
429 2936 494 2992 δε
544 2935 820 3002 ἑνδέκατος
867 2941 996 3012 ἔσχε
1047 2945 1141 2999 τὴν
1197 2944 1508 3012 συναγωγὴν
1564 2940 1754 3012 ὁμοίως
1803 2938 1857 3002 ἐξ

243 3029 310 3080 ὧν
353 3028 697 3102 Πλούταρχος
757 3027 1000 3092 συνέταξε
1045 3027 1196 3102 βίων,
1251 3025 1640 3102 Ἐπαμινώνδου
1678 3030 1721 3065 ²¹
1765 3033 1855 3082 καὶ

1954 1882 2076 1940 quo
2095 1866 2249 1924 libro
2279 1869 2595 1926 Alexandri
2624 1874 2790 1940 gesta
2817 1870 3325 1926 referuntur.ltem
3339 1885 3409 1926 ex
3445 1871 3617 1943 Apol-

1955 1955 2098 2012 lonii
2130 1956 2307 2014 Stoici
2339 1957 2522 2027 libris,
2555 1975 2691 2031 qua!
2723 1959 2842 2016 sint
2870 1975 3140 2032 unquam
3179 1959 3458 2016 mulieres
3486 1959 3618 2033 phi-

1956 2043 2312 2118 losophatus,
2341 2045 2560 2119 quidve
2583 2047 2745 2104 aliud
2777 2050 3064 2120 praeclare
3091 2049 3404 2119 gesserint,
3443 2053 3494 2105 et
3512 2064 3620 2122 per

1957 2150 2113 2207 quas
2137 2135 2378 2193 familiai
2405 2135 2736 2210 aliquando
2762 2136 2821 2192 in
2853 2137 3237 2194 concordiam
3266 2137 3619 2204 redactae,ex

1958 2224 2285 2296 Theagenis
2297 2242 2461 2300 quoq
2471 2242 2540 2282 ue
2553 2226 2913 2284 Macedonicis
2938 2227 3162 2298 patriis.
3173 2229 3432 2284 Rursum
3445 2243 3476 2283 e
3493 2227 3621 2284 Plu-

1963 2313 2149 2370 tarchi
2181 2315 2323 2371 Vitis
2354 2315 2552 2385 Niciai,
2605 2315 2944 2382 Alcibiadis,
2994 2316 3427 2385 Themistoclis,
3474 2317 3620 2374 The-

1965 2402 2070 2473 sei,
2093 2405 2365 2476 Lycurgi,
2397 2405 2630 2462 Solonis
2652 2409 2710 2461 et
2729 2405 3042 2461 Alexandri
3060 2404 3317 2479 Philippi
3345 2405 3619 2462 ﬁlii.ltem

1964 2507 1995 2548 e
2023 2492 2164 2548 Vitis
2191 2494 2488 2566 Cymonis,
2514 2511 2582 2550 ac
2613 2494 2925 2567 Lysandri,
2979 2494 3414 2562 Demosthenis,
3463 2493 3622 2552 Peri-

1965 2579 2089 2648 clis,
2125 2581 2449 2655 Pelopidas,
2464 2583 2797 2648 Phocionis,
2815 2589 2869 2640 et
2889 2582 3151 2639 Aristides
3185 2599 3480 2655 :quorum
3495 2582 3622 2655 ple-

1962 2686 2150 2744 raque
2164 2673 3094 2745 memoranda,admirationeque
3105 2671 3505 2744 digna.Atque
3521 2671 3618 2729 hic

1964 2759 2236 2818 decimus
2265 2760 2416 2818 liber
2440 2767 2548 2819 est.

2038 2939 2397 2998 Undecimus
2424 2939 2669 3013 perinde
2700 2955 2730 2997 e
2763 2937 3062 2996 Plutarchi
3088 2938 3233 2995 Vitis
3251 2937 3618 2996 selectacon-

1967 3030 2128 3095 tinet,
2157 3034 2304 3104 puta
2341 3029 2790 3102 Epaminondas,
2822 3029 3044 3096 Dionis,
3078 3027 3360 3100 Agesilai,
3389 3029 3615 3100 Agidis,

246 3123 433 3179 Δίωνος
487 3124 578 3171 καὶ
633 3117 956 3190 Ἀγησιλάου
1010 3123 1100 3170 καὶ
1123 3115 1343 3190 Ἀγιδος
1389 3123 1480 3170 καὶ
1523 3118 1851 3192 Κλεομένους,

1967 3119 2316 3185 Cleomenis,
2335 3120 2615 3176 Eumenis
2631 3118 2922 3184 Cardiani,
2935 3117 3619 3190 l’hilopmmenis,’l‘imo—

248 3209 506 3280 Εὐμένους
563 3227 619 3261 τε
674 3215 766 3261 τοῦ
816 3205 1117 3284 Καρδιανοῦ
1168 3213 1257 3262 καὶ
1337 3208 1702 3281 Φιλοποίμενος
1767 3215 1857 3262 καὶ

246 3297 591 3370 Τιμολέοντος
652 3303 743 3350 καὶ
797 3297 1050 3373 Ἀράτου,
1106 3299 1162 3360 ὃς
1219 3293 1543 3370 δημαγωγός
1591 3318 1856 3361 καταστας

245 3394 346 3439 τῶν
392 3386 636 3458 ’Δχαιῶν
690 3384 1125 3448 ἐπτακαιδεκάκις
1197 3386 1245 3439 ἓν
1299 3387 1476 3450 αὐτοῖς
1527 3386 1852 3460 ἐστρατήγηο

247 3494 324 3538 σι,
384 3474 592 3547 μεγάλα
644 3476 841 3548 πράξας
892 3485 1196 3551 στρατηγῶν
1248 3479 1374 3550 ἔργα
1408 3498 1420 3511 ο
1450 3483 1534 3530 ναὶ
1575 3474 1642 3536 δὴ
1680 3482 1766 3530 καὶ
1799 3477 1855 3530 ἐκ

243 3572 338 3617 τοῦ
368 3563 496 3637 βίου
549 3563 754 3640 Πύρρου
813 3572 906 3618 τοῦ
955 3565 1295 3640 Ἠπειρώτου,
1351 3565 1478 3618 ἀλλὰ
1528 3571 1626 3638 μὴν
1682 3572 1770 3620 καὶ
1801 3566 1855 3619 ἐκ

243 3661 342 3706 τῶν
420 3655 834 3728 Ἀριστοράνους
907 3661 999 3706 τοῦ
1064 3662 1435 3728 γραμματικοῦ
1509 3659 1632 3730 Περὶ
1711 3655 1856 3717 ζώων

247 3740 463 3814 βιϐλίου
522 3748 733 3816 πρώτου
790 3747 881 3796 καὶ
922 3739 1192 3817 δευτέρου,
1247 3747 1335 3796 καὶ
1387 3743 1441 3796 ἐκ
1493 3751 1588 3806 τῆς
1622 3747 1670 3780 ²²
1719 3745 1857 3799 Ἰόϐα

245 3837 336 3883 τοῦ
393 3829 658 3902 βασιλέως
747 3840 1042 3908 Θεατρικῆς
1107 3832 1358 3909 ⁶ῐοτορίας
1411 3830 1855 3888 ἑπτακαιδεκάτου

245 3918 426 3991 λόγου·
453 3920 612 3972 Οὕτω
757 3927 847 3974 καὶ
878 3923 904 3974 ὁ
936 3917 1225 3984 ἑνδέκατος.

315 4008 377 4061 '0
407 4006 470 4062 δε
503 4005 808 4072 δωδέκατος
853 4011 996 4082 αὐτῷ
1052 4010 1208 4084 λόγος
1263 4014 1640 4087 συνήθροισται
1681 4012 1734 4077 ἐξ
1761 4013 1858 4066 ἄλ-

275 4097 376 4150 λων
419 4117 478 4152 τε
536 4095 823 4174 διαφόρων,
873 4105 964 4154 καὶ
1022 4100 1076 4154 ἐκ
1136 4110 1226 4164 τῆς
1288 4101 1592 4165 Καλλιξένου
1648 4105 1860 4178 Ζωγρά-

257 4207 360 4257 φων
430 4207 488 4240 τε
534 4190 578 4224 ¹³
631 4193 720 4240 καὶ
800 4186 1243 4266 ἀνδριαντοποιῶν
1329 4191 1684 4266 Ἀναγραφῆς,
1768 4197 1858 4245 καὶ

252 4294 306 4328 εκ
359 4284 460 4329 τῶν
512 4275 874 4350 Ἀριστονίκου
930 4279 979 4314 ³⁸
1038 4285 1164 4352 Περὶ
1221 4288 1314 4332 τοῦ
1369 4283 1416 4333 ἓν
1494 4278 1860 4357 Ἀλεξανδρείᾳ

253 4371 524 4433 μουσείου,
607 4371 696 4419 καὶ
771 4366 827 4418 ἐκ
903 4377 1000 4421 τῶν
1066 4368 1455 4440 Ἀριστοτέλους
1562 4370 1854 4438 Πολιτειῶν,

1964 3209 2196 3274 leontis,
2239 3213 2293 3264 et
2329 3208 2509 3275 Arati,
2544 3208 2648 3282 qui
2687 3209 3038 3265 Achaeorum
3079 3213 3309 3265 creatus
3341 3207 3618 3265 tribunus

1963 3297 2161 3371 plebis
2175 3299 2373 3356 decies
2387 3299 2604 3372 septies
2618 3297 2824 3372 copias
2840 3313 3046 3354 eorum
3059 3297 3242 3362 duxit,
3253 3296 3439 3353 multa
3466 3298 3525 3352 in
3548 3312 3619 3354 eo

1962 3387 2209 3462 imperio
2233 3388 2516 3461 praeclare
2544 3404 2776 3460 gerens.
2793 3389 3050 3444 Rursum
3067 3385 3232 3442 eVita
3260 3386 3468 3458 Pyrrhi
3490 3385 3617 3458 Epi-

1962 3484 2227 3534 rotarum
2260 3478 2438 3549 regis.
2473 3477 2625 3545 Quin
2655 3482 2711 3534 et
2739 3493 2812 3534 ex
2839 3475 3249 3548 Aristophanis
3275 3475 3388 3546 (83)
3414 3490 3619 3546 gram-

1965 3568 2187 3637 matici,
2209 3568 2295 3625 De
2324 3568 2684 3625 animalibus
2706 3567 2856 3624 libro
2883 3566 3098 3639 primo,
3129 3569 3187 3621 et
3225 3565 3508 3632 secundo,
3538 3569 3622 3621 at-

1963 3673 2081 3731 que
2134 3673 2206 3714 ex
2236 3657 2517 3715 Historiae
2547 3658 2854 3714 theatricaz
2891 3655 3006 3728 (84)
3047 3654 3215 3711 Iubae
3274 3654 3426 3726 regis
3467 3654 3620 3712 libro

1963 3746 2201 3803 decimo
2219 3746 2689 3820 septimo.Atque
2703 3743 2796 3800 his
2813 3743 3058 3817 quidem
3087 3741 3438 3799 undecimus
3473 3741 3621 3799 liber

1965 3840 2221 3892 constat.

2039 4009 2437 4069 Duodecimus
2453 4008 2712 4082 denique
2733 4009 3125 4064 coacervatus
3139 4008 3268 4062 este
3289 4004 3561 4062 variiszut
3587 4023 3619 4064 θ

1968 4099 2249 4160 Callixeni
2280 4099 2584 4156 Pictorum
2610 4113 2681 4154 ac
2711 4096 3129 4153 statuariorum
3184 4095 3483 4152 Relatione
3502 4111 3527 4162 ,'
3546 4111 3620 4153 ex

1966 4188 2314 4254 Aristonico,
2347 4189 2428 4245 De
2450 4187 2648 4244 Museo
2675 4184 3088 4244 Alexandrino
3123 4199 3150 4252 ;
3176 4199 3249 4240 ex
3273 4182 3617 4252 Aristotelis,

1964 4278 2227 4337 Potiticis
2242 4277 2999 4348 ,‘Thessalorumjnquam,
3018 4274 3392 4340 Achaeorum,
3406 4273 3622 4347 105a

1966 4369 2291 4434 Pariorum,
2308 4365 2624 4440 Lyciorum
2643 4365 3164 4436 ;Chiorum,alque
3181 4361 3334 4419 adeo
3347 4363 3619 4420 omnium

255 4455 526 4508 Θετταλῶν
585 4460 642 4508 τέ
697 4475 832 4530 φημι
889 4461 978 4510 καὶ
1034 4457 1269 4530 Ἀχαιῶν
1321 4464 1410 4512 καὶ
1467 4463 1672 4534 Παρίων
1728 4459 1851 4532 [344

1969 4460 2080 4532 (85)
2111 4457 2370 4532 quosille
2397 4456 2595 4514 suisin
2627 4455 2880 4512 Politicis
2907 4457 3344 4519 commemorat,
3369 4468 3621 4525 quorum

257 4541 357 4616 8.]
388 4549 599 4599 Λυκίων
653 4564 708 4598 τε
757 4551 846 4599 καὶ
906 4550 1060 4613 Κίων,
1115 4551 1204 4600 καὶ
1260 4545 1330 4600 ὧν
1384 4550 1567 4610 ἐκεῖνος
1597 4548 1766 4611 ἁπλῶς
1809 4549 1856 4602 έν

255 4640 356 4694 τοῖς
406 4634 700 4696 πολιτικοῖς
752 4637 912 4688 αὑτοῦ
971 4631 1313 4709 διαλαμϐάνει
1359 4657 1372 4669 ’
1433 4638 1502 4689 ὧν
1554 4641 1612 4690 τό
1659 4643 1857 4711 χρήσι-

1968 4564 2089 4606 non
2114 4548 2424 4622 vulgarem
2454 4562 2582 4603 esse
2601 4561 2776 4601 usum
2800 4548 3051 4601 constat.
3076 4543 3276 4610 Quain
3297 4557 3358 4597 re
3382 4541 3620 4615 Sopatri

1967 4637 2138 4696 labor
2165 4637 2282 4694 hoc
2314 4635 2675 4693 duodecimo
2705 4633 2836 4706 ejus
2865 4633 3016 4691 libro
3047 4632 3438 4691 consumitur.

255 4741 344 4792 μου
373 4725 467 4776 οὐκ
497 4720 718 4783 ἄδηλον.
743 4723 881 4782 Ἀλλ’
911 4723 960 4778 ἓν
989 4727 1187 4788 τούτοις
1213 4730 1304 4800 μὲν
1335 4729 1595 4802 Σωπάτρῳ
1619 4732 1709 4781 καὶ
1739 4730 1765 4780 ό
1805 4724 2106 4792 δωδέκατος
2133 4736 2231 4781 τῶν
2278 4725 2538 4798 συλλογῶν
2564 4729 2735 4787 πόνος.

1595 4871 1834 4928 VARl/E
1873 4871 2164 4931 LECTION
2171 4872 2275 4929 ES.

353 4994 398 5028 ¹⁶
425 5000 668 5066 ποταμοῦ
698 4999 763 5050 Α.
877 4995 920 5031 ³⁷
961 5013 1014 5049 τε
1039 4994 1181 5052 add.
1223 4999 1288 5052 A-

1402 4996 1450 5033 ³³
1479 4995 1762 5051 ἕπιπίπτου
1771 5015 1826 5050 σι
1870 5019 1926 5064 ς’.

2034 4997 2080 5033 ¹⁹
2113 5000 2202 5049 καὶ
2235 4999 2368 5067 post
2398 4994 2427 5054 ἦ
2473 5008 2594 5050 om.
2623 5007 2694 5064 pr
2723 4995 2788 5046 A.
2901 4993 2950 5028 ²⁰
2989 4989 3151 5044 οἰκίαι
3182 4991 3270 5047 AC
3299 5005 3310 5044 :
3341 4987 3529 5048 οἰκιίας
3564 5009 3620 5052 ς’.

257 5078 274 5112 ¹
296 5079 712 5156 Ἐπαμινώνδου
741 5103 796 5148 ς’.
876 5084 926 5119 ’³
947 5083 1062 5156 τῆς]
1099 5092 1189 5146 τῆς
1217 5091 1310 5138 τοῦ
1341 5105 1395 5150 ς’.
1477 5087 1523 5122 ³⁸
1551 5087 1740 5163 ζωγρ.]
1774 5090 1862 5140 καὶ
1887 5087 2049 5162 ζωγρ.
2084 5107 2138 5151 ς.
2217 5085 2265 5120 ²⁴
2315 5083 2666 5158 ἀριστόνιίκον
2691 5084 2760 5138 Α.

1845 5238 2070 5297 NOTAE.

333 5375 434 5504 (ἒῖ)
449 5376 817 5463 Etmootibus
835 5395 850 5447 ;
861 5382 1168 5464 esstatque
1185 5378 1380 5448 hodie,
1399 5379 1501 5436 sed
1514 5379 1750 5438 alterius
1769 5395 1862 5437 es-

418 5450 651 5504 utarchi
683 5457 874 5504 critici
909 5451 1188 5504 iudicant.

261 5459 324 5501 se
346 5449 651 5506 Plutarchi
683 5450 874 5507 critici
907 5449 1188 5508 iudicant.

330 5519 440 5595 (82)
454 5521 646 5586 Quem
660 5537 882 5595 novem
900 5519 1199 5595 Musarum
1215 5520 1614 5595 appellatione
1628 5521 1863 5595 histori-

260 5593 705 5666 ggmuEpitomen
725 5593 1038 5666 scripsisse
1056 5609 1238 5666 supra
1256 5593 1451 5666 retulit
1467 5595 1705 5651 Photius
1724 5593 1860 5649 cod.

263 5661 349 5738 63.
377 5661 553 5719 Unum
577 5673 770 5738 autem
785 5661 926 5721 hinc
941 5661 1291 5738 elementum
1318 5665 1586 5738 uiugisse
1604 5666 1864 5738 suspice-

261 5730 344 5786 ris
362 5749 490 5792 cum
509 5737 799 5814 κεφαλαίων
819 5738 904 5796 ibi
926 5737 1122 5795 dictus
1147 5737 1246 5804 sit,
1269 5737 1385 5794 nisi
1411 5730 1576 5812 apud
1600 5730 1764 5796 Suid.
1783 5755 1862 5791 κε-

1979 5377 2171 5456 φαλέφν
2200 5379 2238 5456 fi
2258 5375 2487 5456 κεφάλων
2516 5374 2831 5456 legeretur
3013 5442 3048 5456 ..

2069 5453 2156 5514 83)
2198 5446 2381 5520 Cujus
2407 5447 2568 5520 apud
2600 5446 2842 5520 Siiidam
2868 5446 3112 5520 mentio.

2069 5453 2156 5514 83)
2198 5452 2381 5520 Cujus
2407 5452 2568 5520 apud
2600 5452 2842 5504 Suidam
2868 5452 3112 5501 mentio.

2046 5452 2159 5594 $84)
2177 5521 2362 5601 Hujus
2392 5519 2589 5601 operis
2642 5517 2862 5574 librum
2891 5533 2952 5574 iv
2998 5515 3077 5574 ab
3105 5514 3388 5573 Athenao
3417 5513 3626 5573 lauda-

1973 5589 2097 5648 tum
2131 5589 2388 5662 reperies
2415 5589 2516 5646 lib.
2549 5606 2625 5662 iv.

2046 5664 2159 5736 (85)
2175 5658 2438 5736 Quorum
2459 5661 2706 5736 nomina
2722 5660 2952 5736 aliquot
2963 5658 3522 5733 collegitdiligenter
3548 5658 3624 5715 Is.

1973 5732 2104 5792 Cas.
2133 5732 2267 5792 cod.
2301 5734 2508 5792 Laertii
2527 5732 2632 5791 lib.
2661 5749 2716 5791 v.
