4136 6216
584 255 689 315 451

1794 250 2037 312 ΡΗΟΤῙῙ
2076 248 2559 315 ΡΑΤΗΙΔΒΟΗΛΕ
2619 251 2731 314 CP.
3784 258 3868 320 452

652 384 930 454 Magnam
952 397 1094 439 sane
1121 381 1432 439 utilitatem
1447 380 1924 454 bmclegentibus
1943 381 2227 439 lucubra-

2407 382 2606 441 Πολλὴν
2639 380 2698 435 δε
2736 384 2830 441 τήν
2868 384 3056 458 χρείαν
3091 388 3242 435 τοῦτο
3276 378 3343 441 δη
3376 383 3429 435 τὸ
3466 382 3759 457 φιλοπόνημα
3782 395 3874 450 τοῖς

581 471 664 527 tio
701 470 889 528 affert.
925 471 1038 527 Etsi
1060 470 1217 527 enim
1242 469 1478 537 fabulis,
1532 470 1838 544 prodigiis,
1874 471 2223 542 mendaciis,

581 564 762 633 atque
808 559 1270 626 incredibilibus,
1301 564 1364 617 ut
1395 561 1613 633 saepius
1643 576 1679 616 a
1706 576 1801 616 me
1827 560 2076 627 dictum,
2110 576 2225 617 non

582 654 762 720 caret,
784 665 855 705 ex
886 649 976 705 his
1004 649 1148 720 ipsis
1178 655 1422 721 tamem,
1451 666 1588 723 quas
1630 650 1707 706 ad
1738 650 1966 707 variam
1990 650 2173 709 veluti
2195 666 2227 707 e

579 753 739 810 penu
760 738 961 811 aliquo
985 738 1381 811 promendam
1405 739 1739 796 doctrinam
1779 740 2021 806 faciunt,
2047 740 2225 797 etiam

580 826 656 884 ad
687 827 967 884 virtutem
1000 832 1179 901 atque
1213 830 1582 886 honestatem
1607 828 1884 886 facientia
1911 829 2229 903 decerpere

580 932 765 990 quam
779 916 1287 989 plurimalicet.Ad
1301 917 1453 975 bene
1464 918 1632 975 dicen
1642 918 1701 975 di
1713 934 1852 975 vero
1864 918 2227 984 facultatem,

582 1011 645 1063 ut
672 1006 923 1079 ipsemet
949 1007 1027 1064 ad
1057 1009 1284 1065 amicos
1316 1008 1618 1082 prastatur,
1652 1024 1774 1065 non
1804 1008 2110 1066 modicum
2136 1024 2231 1065 ea-

580 1096 721 1153 dem
760 1095 1017 1153 afferunt
1045 1097 1540 1163 emolumentum,
1573 1098 1995 1170 insignemque
2021 1097 2233 1156 utilita-

583 1192 701 1242 tem
726 1185 941 1257 legenti
975 1188 1232 1258 pariunt.
1267 1187 1448 1244 Dictio
1478 1187 1606 1259 ejus
1628 1188 1814 1258 varia,
1834 1203 2031 1260 neque
2052 1188 2229 1244 unius

583 1273 812 1346 formas,
828 1276 1060 1333 tametsi
1077 1276 1557 1349 perspicuitatem
1578 1277 1639 1333 in
1664 1276 1947 1333 omnibus
1963 1276 2231 1333 servarit.

1307 1366 1506 1422 CLXII.

582 1454 822 1512 Eusebii
870 1454 1129 1525 episcopi
1182 1453 1661 1527 (Thessalonica!)
1692 1462 1903 1513 contra
1930 1455 2234 1514 Andream

1116 1527 1429 1599 quemdam
1462 1527 1607 1583 libri
1644 1543 1704 1583 x.

657 1617 807 1672 Lecti
849 1620 987 1672 sunt
1040 1616 1271 1672 Eusebii
1325 1615 1663 1687 cujusdam,
1697 1620 1760 1672 ut
1807 1615 2093 1686 dignitate
2115 1616 2236 1688 epi-

2334 471 2755 544 ὰναγινώσκουσι
2810 476 3099 545 παρέχεται
3158 492 3171 504 ’
3233 470 3275 523 εἰ
3313 473 3412 545 γὰρ
3465 477 3549 525 καὶ
3600 475 3754 544 μύθων
3801 482 3874 528 καὶ

2334 564 2558 635 τεράτων
2605 557 2814 633 ψευδῶν
2869 579 2924 613 τε
2975 565 3064 614 καὶ
3118 558 3396 627 ἀπιθάνων,
3444 562 3503 622 ὦς
3543 582 3625 634 μοι
3668 562 3874 628 πολλάκις

2335 654 2559 724 εἴρηται,
2609 651 2669 705 ού
2721 652 3016 725 καθαρεύει,
3075 649 3180 703 ἀλλ’
3231 646 3318 703 οὖν
3360 651 3405 702 ἐν
3451 652 3523 714 οἷς
3564 671 3612 704 τε
3652 651 3713 715 εἰς
3751 654 3876 706 πολυο

2336 742 2554 814 μάθειαν
2612 740 2668 793 ἐκ
2720 747 2811 794 τοῦ
2866 739 3069 812 ἑτοίμου
3122 738 3369 806 συντελεῖ,
3424 744 3506 791 καὶ
3560 743 3677 815 πρὸς
3727 742 3876 815 ἀρετὴν

2337 834 2423 882 καὶ
2491 827 2877 902 καλοκάγαθίαν
2948 828 3169 882 πλεῖστα
3224 831 3365 881 ἔστιν
3424 829 3582 881 αύτῶν
3635 829 3882 883 ἁπανθίσα·

2341 921 2485 985 σθαι,
2543 923 2673 992 πρός
2722 938 2776 972 τε
2840 921 2899 971 τὸ
2953 919 3248 993 ῥητορεύειν
3322 925 3411 972 καὶ
3462 921 3754 991 σοφιστεύειν
3807 920 3882 992 (ὡς

2340 1013 2428 1061 καί
2458 1009 2608 1070 αύτὸς
2638 1014 2746 1070 τοῖς
2788 1008 3009 1082 ἑταίροις
3044 1009 3091 1043 ³⁵
3130 1009 3340 1083 γράφων
3397 1008 3779 1081 προοιμιάζεται)
3808 1008 3884 1061 οὐκ

2340 1096 2627 1170 ὶλαχίστην
2677 1100 2814 1171 φέρει
2868 1098 3034 1171 ῥοπὴν
3093 1099 3160 1161 ³ο,
3216 1099 3386 1149 ἱκανὸν
3450 1097 3515 1160 εἷς
3571 1101 3739 1171 χρείαν
3784 1098 3884 1149 καθ-

2342 1190 2576 1245 έστηκεν.
2620 1186 2681 1241 Ἡ
2713 1183 2773 1239 δὲ
2815 1188 3008 1259 φράσις
3058 1186 3200 1257 αύτῷ
3232 1185 3439 1245 ποικίλη
3473 1190 3558 1239 καὶ
3602 1186 3656 1243 ού
3684 1190 3771 1259 μία
3807 1191 3884 1244 τὴν

2345 1273 2510 1342 ἰδίαν,
2543 1276 2587 1330 εἰ
2611 1282 2700 1330 καὶ
2737 1274 2831 1329 διὰ
2860 1278 3032 1339 πάσης
3063 1280 3119 1330 τὸ
3153 1280 3312 1350 σαφὲς
3341 1274 3545 1330 ὥδευεν.

3074 1366 3218 1421 ΡΞΒ’.

2417 1454 2667 1509 Εύσεϐίου
2740 1454 3026 1509 ὶπισκόπου
3112 1458 3249 1508 κατὰ
3325 1451 3571 1528 Ἀνδρίου
3641 1457 3760 1516 τινός
3826 1452 3891 1506 λό-

3057 1546 3142 1599 γοι
3174 1528 3229 1582 ι’.

2416 1614 2847 1686 Ἀνεγνώσθησαν
2906 1614 3153 1669 Εύσεϐίου
3192 1618 3329 1677 τινὸς
3371 1614 3662 1688 (ίπίσκοπος
3691 1610 3746 1673 ἧν
3766 1614 3807 1649 ³⁷
3848 1614 3893 1665 τὸ

585 1706 750 1778 scopi
772 1706 1003 1778 (86),sic
1018 1712 1072 1761 et
1086 1706 1203 1761 lide
1216 1704 1769 1771 orthodoxi,decem
1794 1704 1929 1761 libri
1952 1704 2233 1761 adversus

2346 1703 2550 1778 ἀξίωμα
2598 1711 2687 1758 καὶ
2739 1710 2832 1764 τὴν
2884 1710 3061 1758 πίστιν
3108 1701 3411 1778 ὀρθόδοξος)
3440 1727 3451 1738 ·
3506 1707 3663 1776 τούτῳ
3710 1703 3834 1773 λόγοι
3866 1689 3893 1751 ι’

584 1796 881 1851 Andream
907 1796 1238 1868 quemdam
1269 1794 1570 1851 inclusum
1605 1794 1742 1866 (87),
1784 1795 1885 1867 qui
1906 1794 2123 1850 horum
2155 1793 2237 1849 illi

586 1884 1040 1940 scribendorum
1072 1900 1317 1940 causam
1363 1883 1545 1939 dedit.
1599 1883 1922 1955 Scripserat
1940 1883 2097 1939 enim
2139 1883 2238 1939 hic

585 1974 663 2031 ad
721 1972 1046 2029 Eusebium
1094 1972 1433 2045 epistolam,
1499 1988 1685 2044 quam
1740 1976 2236 2047 παραναγνωστικὸν

586 2061 927 2119 nominarat
982 2061 1117 2131 (88),
1166 2060 1560 2133 jurejurando
1612 2061 1813 2132 ipsum
1862 2061 1938 2117 ad
1993 2077 2124 2117 eam
2158 2062 2238 2118 le-

585 2151 846 2222 gendam
905 2151 1173 2221 adigens.
1229 2151 1357 2215 Qua
1412 2149 1584 2214 lecta,
1628 2150 1911 2206 Eusebius
1970 2151 2236 2222 primum

588 2239 827 2314 quidem
857 2239 1165 2295 hominem
1196 2238 1483 2312 increpat,
1519 2240 1881 2311 imperitiam
1912 2240 2076 2295 iuxta
2104 2239 2235 2312 ejus

587 2329 722 2404 (89),
765 2334 940 2400 atque
997 2328 1312 2385 audaciam
1354 2327 1815 2400 reprehendens,
1866 2328 2237 2386 ostendendo

585 2419 645 2475 in
659 2417 802 2491 ipsis
816 2417 993 2473 etiam
1008 2417 1252 2489 syllabis
1264 2416 1584 2488 lapsum;et
1597 2434 1732 2473 cum
1750 2434 1991 2473 versum
2006 2416 2235 2474 nullum

584 2507 842 2580 potuerit
855 2506 984 2562 sine
998 2506 1331 2562 soloecismo
1350 2505 1649 2574 facere,ad
1663 2506 2038 2562 scribendum
2052 2512 2237 2563 tamen

585 2612 713 2652 sese
730 2595 1032 2661 extulisse,
1048 2594 1300 2651 instituti
1319 2594 1430 2661 sui,
1452 2595 1624 2652 simul
1640 2603 1698 2651 et
1718 2595 1926 2668 quietis
1965 2596 2233 2653 oblitum.

587 2684 931 2741 Hmreticam
963 2685 1099 2740 dein
1150 2684 1307 2740 illius
1367 2685 1719 2741 sententiam
1756 2684 2032 2757 pluribus
2070 2685 2239 2741 refel-

585 2774 701 2830 lere
732 2773 1099 2844 aggreditur.
1130 2776 1263 2829 Erat
1308 2773 1471 2829 enim
1498 2773 1592 2830 ille
1619 2790 1691 2830 ex
1714 2790 1921 2830 eorum
1960 2791 2233 2840 numero,

587 2864 689 2937 qui
706 2864 875 2920 abim
884 2862 1075 2936 proba
1085 2879 1270 2935 quam
1290 2863 1571 2920 tenebant
1587 2863 2235 2937 opinione,Aphtharto-

586 2953 781 3009 docete
812 2954 928 3025 (90)
971 2958 1109 3007 sunt
1131 2952 1293 3008 dicti.
1327 2952 1588 3008 Primum
1620 2952 1822 3025 itaque
1870 2953 2130 3009 ostendit
2154 2952 2236 3009 illi

2344 1797 2478 1847 κατὰ
2535 1790 2782 1869 Ἀνδρέου
2840 1799 2980 1857 τινος
3026 1793 3324 1865 ἐγκλειστοῡ
3386 1797 3779 1869 συνεγράφησαν,
3820 1794 3895 1849 τὴν

2345 1882 2515 1934 αἰτίαν
2566 1880 2801 1943 λαϐόντες
2841 1881 2895 1934 ἐκ
2946 1890 3037 1935 τοῦ
3090 1882 3364 1957 εἰρημένου
3406 1881 3711 1954 έγκλειστού.
3760 1879 3898 1938 Οὗτος

2343 1975 2444 2046 γὰρ
2498 1970 2719 2045 ἔγραψεν
2795 1971 3070 2030 ἕπιστολὴν
3133 1972 3366 2045 Εύσεϐίῳ
3435 1969 3897 2044 (παραναγνωστικόν

2348 2057 2406 2114 δε
2452 2060 2600 2113 καλεῖ
2634 2066 2726 2119 τὴν
2782 2062 3105 2130 ἐπιστολὴν),
3156 2063 3327 2135 ὅρκοις
3373 2061 3527 2114 αύτὸν
3579 2060 3643 2121 εἰς
3685 2065 3763 2118 τὴν
3801 2060 3899 2109 ταύ-

2345 2170 2440 2212 της
2499 2148 2788 2221 ἀνάγνωσιν
2842 2149 3205 2223 ἐκκαλούμενος
3236 2173 3249 2184 ο
3298 2154 3361 2211 ἦν
3408 2149 3640 2210 Εὐσέϐιος
3693 2147 3901 2219 ἀναγνοὺς

2345 2248 2549 2313 πρῶτον
2608 2243 2699 2311 μὶν
2769 2244 2854 2292 τὸν
2933 2238 3201 2315 ἄνθρωπον
3268 2239 3502 2312 ἐπιτιμᾷ,
3556 2238 3765 2313 ἀμαθίαν
3814 2234 3905 2307 οἶμα

2346 2335 2435 2381 καὶ
2498 2331 2691 2404 θράσος
2750 2328 3020 2395 ἑπικαλῶν,
3073 2335 3163 2382 καὶ
3220 2327 3431 2392 δεικνὺς
3481 2335 3568 2382 καὶ
3619 2332 3727 2402 περὶ
3775 2326 3904 2383 αὐτὰς

2346 2423 2599 2471 πταίοντα
2628 2421 2721 2480 τὰς
2775 2417 3056 2485 συλλαϐὰς,
3111 2424 3201 2471 καὶ
3230 2420 3311 2471 ὅτι
3351 2416 3557 2492 μηδένα
3611 2422 3779 2488 στίχον
3806 2412 3907 2465 ὄισό-

2346 2506 2516 2559 λοικον
2564 2507 2721 2560 εἰπεῖν
2779 2504 3147 2580 δεδυνημένος,
3186 2509 3211 2559 ὀ
3240 2505 3298 2561 δε
3344 2514 3439 2561 καὶ
3491 2508 3572 2560 ἐπὶ
3602 2509 3655 2558 τὸ
3707 2503 3907 2576 συγγρά-

2348 2617 2454 2670 φειν
2502 2597 2660 2673 ἤρθη,
2710 2605 2802 2650 τοῦ
2860 2596 3249 2670 ἐπαγγέλματος
3322 2604 3414 2651 καὶ
3464 2606 3559 2659 τῆς
3614 2595 3659 2648 ἐν
3712 2592 3907 2652 ἀσκήσει

2347 2688 2581 2759 ἡσυχίας
2647 2685 3039 2759 ἐπιλελησμένος
3096 2704 3108 2716 ·
3162 2684 3272 2740 εἶτα
3323 2692 3383 2739 τὸ
3456 2688 3703 2761 αἱρετικὸν
3777 2685 3909 2734 αὑτοῦ

2346 2781 2584 2851 φρόνημα
2631 2772 2725 2829 διὰ
2762 2776 2957 2829 πολλῶν
3011 2775 3314 2849 ἀπελέγχει.
3356 2777 3380 2795 τ
3413 2784 3482 2830 Ην
3510 2772 3570 2829 δι
3594 2774 3692 2849 ἆρα
3717 2773 3805 2826 τῶν
3839 2769 3911 2821 λε-

2343 2871 2569 2937 ’Ῑομένων
2601 2865 2700 2919 ἀπὸ
2729 2874 2821 2930 τῆς
2852 2867 3045 2935 φαύλης
3076 2864 3234 2930 δόξης
3289 2875 3393 2919 τῶν
3448 2866 3670 2939 ἐχόντων
3694 2865 3705 2883 ’
3733 2862 3915 2933 Αφθαρ·

2341 2951 2665 3013 τοδοκητῶν,
2733 2960 2833 3009 Καὶ
2890 2965 3091 3030 πρῶτον
3135 2960 3225 3028 μεν
3254 2952 3527 3009 δείκνυσιν
3559 2955 3707 3008 αὐτὸν
3734 2950 3915 3005 εύθύνας

585 3044 878 3099 rationem
906 3058 1033 3097 esse
1055 3040 1446 3108 reddendam,
1470 3057 1577 3097 cur
1603 3042 1660 3096 in
1694 3057 1814 3098 una
1844 3043 2137 3099 duntaxat
2164 3043 2233 3097 si-

2346 3044 2628 3116 ὑπέχοντα,
2688 3046 2769 3097 ὅτι
2823 3050 3215 3118 μονοσὴμαντον
3276 3050 3333 3098 τὸ
3392 3054 3482 3107 τῆς
3542 3047 3727 3118 φθορᾶς
3755 3036 3917 3103 ἕξειλη-

585 3130 963 3203 gniﬁcatione
991 3129 1360 3201 corruptionis
1390 3128 1684 3185 vocabulo
1714 3136 1976 3201 accepto,
2002 3131 2076 3186 de
2103 3131 2232 3187 solo

585 3219 645 3275 id
671 3223 917 3291 peccato
950 3218 1067 3273 dici
1106 3218 1458 3273 arbitretur:
1494 3234 1633 3275 cum
1662 3236 1772 3274 suo
1801 3220 2230 3276 vocabulorum

586 3324 703 3363 usu
731 3306 1603 3372 sanctiPatrestradiderint,ad
1638 3309 1832 3363 varias
1862 3309 2106 3364 omnino
2138 3324 2232 3364 res

584 3394 743 3452 hanc
771 3410 976 3451 vocem
1015 3395 1268 3452 extendi.
1302 3395 1598 3467 Secundo,
1614 3394 1777 3468 quod
1805 3397 2233 3462 immortale.et

581 3483 1452 3557 impatibile,etincorruptibile
1484 3501 1551 3540 ex
1576 3485 1706 3556 ipsa
1720 3484 1982 3541 unitione
2013 3502 2232 3559 corpus

585 3572 795 3630 Christi
828 3572 1057 3628 Domini
1087 3572 1316 3635 dixerit,
1338 3574 1857 3645 quemadmodum
1883 3580 1940 3631 et
1961 3575 2233 3631 Julianus

584 3678 771 3719 ausus
789 3661 1430 3734 (91)estasserere,cum
1446 3668 1640 3718 tamen
1655 3662 1715 3717 in
1733 3663 1935 3719 eadem
1953 3664 2068 3720 hac
2080 3662 2234 3720 afﬁr-

585 3750 973 3824 metepistola
999 3756 1204 3807 contra
1231 3752 1513 3807 Severum
1539 3751 2100 3817 etJulianum,bunc
2120 3769 2156 3809 a
2174 3769 2236 3809 se

584 3845 931 3914 susceptum
963 3857 1094 3898 esse
1118 3840 1413 3909 laborem,
1445 3840 1631 3914 utqui
1676 3842 1829 3898 duas
1868 3842 2237 3909 naturas,vel

584 3931 950 3988 substantias
978 3931 1133 3987 duas
1163 3931 1221 3986 in
1253 3930 1483 3987 Christo
1526 3931 1721 3987 dicere
1742 3948 1864 3987 non
1890 3933 2235 4001 sustineant,

585 4036 780 4094 neque
811 4021 963 4078 duas
990 4021 1598 4095 proprietates,neque
1627 4020 1892 4078 actiones
1920 4023 2240 4080 duas.'l‘er-

584 4110 663 4166 tio
694 4111 859 4183 quod
892 4110 1104 4167 Adami
1124 4126 1338 4183 corpus
1364 4114 1593 4168 asserat
1617 4116 1755 4167 ante
1776 4110 2237 4185 lapsum,neque

592 4200 801 4271 1051)
819 4200 1067 4257 mortale
1092 4216 1219 4257 esse
1237 4200 1566 4266 conditum,
1591 4216 1780 4272 neque
1794 4207 2005 4273 suapte
2026 4208 2239 4260 natura

584 4289 990 4361 corruptibile,
1014 4294 1077 4346 ut
1107 4288 1389 4345 nimirum
1420 4306 1490 4344 ex
1509 4289 1756 4361 hoc,pro
1788 4290 1982 4362 ipsius
2006 4292 2241 4365 opinio-

2344 3137 2448 3205 φὼς
2496 3138 2656 3207 ὄνομα
2726 3132 2808 3186 ἐπὶ
2860 3138 3020 3206 μὸνης
3103 3134 3369 3209 ἁμαρτίας
3426 3138 3585 3188 οἴεται
3643 3128 3910 3190 τάττεσθαι,

2341 3230 2441 3273 τῶν
2499 3222 2660 3294 ἁγίων
2710 3228 2949 3296 Πατέρων
2997 3225 3161 3295 ἡμῶν,
3207 3221 3279 3276 δι’
3333 3225 3407 3277 ὧν
3468 3230 3579 3286 ταῖς
3626 3226 3797 3296 φωναῖς
3840 3218 3920 3267 ἀπ’

2342 3315 2664 3385 σχρήσαντο,
2736 3314 2869 3364 κατὰ
2927 3308 3189 3387 διαφόρων
3270 3315 3594 3387 πραγμάτων
3674 3308 3791 3381 [179
3840 3300 3915 3372 8.]

2342 3408 2495 3453 τοῦτο
2547 3404 2604 3453 τὸ
2650 3405 2807 3473 ὄνομα
2857 3404 3101 3476 φέρεσθαι
3153 3398 3633 3477 παραδεδωκότων.
3685 3396 3731 3451 Β¹
3775 3398 3845 3448 ὅτι
3877 3391 3915 3426 ’⁸

2345 3488 2598 3542 ἀθάνατον
2667 3495 2756 3542 καὶ
2834 3488 3028 3553 ἀπαθὲς
3096 3495 3186 3543 καὶ
3239 3493 3509 3567 ἄφθαρτον
3565 3489 3617 3553 ἐξ
3670 3486 3817 3544 αὐτῆς
3858 3480 3917 3533 ἀν’

2344 3583 2518 3640 ὡσεως
2568 3583 2625 3631 τὸ
2684 3588 2833 3652 σῶμα
2864 3587 2954 3631 τοῦ
2988 3585 3202 3652 Κυρίου,
3256 3583 3438 3658 ὥσπερ
3482 3583 3529 3616 ³⁸
3580 3581 3606 3631 ὀ
3653 3573 3919 3634 Ἰουλιανὸς,

2346 3667 2626 3741 ἐτόλμησεν
2681 3667 3066 3741 ἀποφήνασθαι,
3125 3674 3299 3723 καίτοι
3353 3674 3403 3707 ³ο
3472 3667 3837 3739 διατεινόμενος
3881 3658 3920 3711 ίν

2348 3758 2488 3828 αύτῷ
2542 3764 2613 3828 τῷ
2661 3760 2931 3832 γράμματι
2986 3761 3122 3810 κατὰ
3162 3758 3390 3835 Σεϐἡρου
3440 3761 3485 3797 ³¹
3538 3763 3628 3811 καὶ
3668 3754 3918 3811 Ἰουλιανού

2346 3848 2433 3898 τὸν
2486 3854 2717 3899 τοιοῦτον
2795 3846 2935 3919 αὐτῷ
2994 3845 3421 3909 διαπεπονῆσθαι
3480 3854 3653 3913 πόνον,
3706 3845 3787 3898 ἅτε
3838 3837 3916 3893 δύο

2349 3937 2528 4007 φύσεις
2553 3935 2581 3993 ἦ
2617 3931 2713 3988 δύο
2766 3936 2946 3997 ούσίας
2988 3936 3073 3989 ἐπὶ
3117 3939 3346 4011 Χριστοῦ
3397 3939 3560 3993 εἰπεῖν
3611 3936 3800 3990 ἐκείνων
3836 3928 3913 3984 ούκ

2350 4023 2689 4097 ἀνεχομένων,
2734 4021 2856 4078 ούδε
2898 4021 2994 4079 δύο
3050 4022 3335 4092 ἰδιότητας,
3386 4026 3516 4081 οὐδὲ
3549 4024 3647 4080 δύο
3674 4025 3917 4098 ἐνεργείας*

2351 4113 2399 4165 1"
2426 4113 2505 4165 ὃτι
2556 4117 2656 4187 πρὸ
2700 4122 2791 4175 τῆς
2838 4114 3181 4187 παραϐάσεως
3231 4121 3287 4169 τὸ
3318 4126 3413 4170 τοῦ
3448 4114 3629 4182 Ἀδὰμ
3659 4122 3801 4186 σῶμα
3826 4110 3921 4162 οὔτε

2353 4204 2535 4260 θνητὸν
2586 4201 2722 4275 λέγει
2780 4200 3170 4257 διαπεπλάσθαι
3219 4209 3335 4259 οὔτε
3390 4209 3624 4280 φθαρτὸν
3681 4206 3837 4275 φύσει,
3876 4194 3927 4247 ἵν’

2351 4291 2405 4344 ἐκ
2431 4295 2616 4345 τούτου
2646 4292 2763 4345 καθ’
2803 4289 2927 4345 ὁδὸν
2976 4293 3116 4365 αύτῷ
3146 4295 3193 4329 ³³
3238 4302 3477 4370 χωρήσῃ
3511 4298 3569 4347 τὸ
3599 4299 3687 4346 καὶ
3716 4294 3795 4343 τόν
3821 4293 3925 4358 Χρι-

583 4390 680 4440 ne,
712 4375 855 4431 illud
910 4378 1050 4434 item
1082 4383 1448 4450 sequeretur,
1482 4377 1777 4434 Christum
1805 4380 2126 4437 Dominum
2167 4398 2233 4438 ex

2355 4385 2475 4435 στὸν
2521 4380 2573 4443 ἐξ
2610 4381 2769 4443 αὐτῆς
2831 4382 3054 4444 ἑνώσεως
3109 4392 3262 4456 σῶμα
3310 4387 3586 4459 ἄφθαρτον
3639 4381 3929 4451 ἀνειληφέναι

584 4463 719 4532 ipsa
748 4466 1165 4538 conjunctione
1194 4466 1642 4541 incorruptibile
1673 4474 2105 4543 corpus,atque
2133 4470 2242 4527 im-

2352 4477 2442 4525 καὶ
2494 4470 2703 4538 ἀπαθες,
2760 4468 2875 4525 δέον
2928 4478 3016 4525 καὶ
3072 4480 3201 4526 νοεῖν
3275 4479 3366 4528 καὶ
3421 4475 3591 4547 λέγειν
3648 4475 3715 4533 ὡς
3755 4473 3805 4522 τὸ
3854 4470 3929 4517 τοῦ

1927 4622 2165 4677 νΑΒιΑε
2206 4624 2493 4681 LECTION
2502 4624 2600 4678 ES.

658 4780 902 4855 ’δὲτέροις
934 4800 988 4846 ς.

590 4872 728 4934 σεύς.
808 4872 856 4905 ’θ
888 4874 1069 4943 κυρίου
1103 4868 1292 4933 ἐξεῖπεν
1320 4871 1493 4945 ὥσπερ
1523 4891 1578 4934 ς’.

1068 4782 1115 4817 ³⁸
1140 4779 1305 4856 ῥοπὴν
1346 4784 1434 4833 καὶ
1479 4782 1650 4833 ἱκανὸν
1673 4801 1726 4845 ς.

1657 4872 1703 4905 ³ο
1734 4874 1907 4923 καίτοι
1938 4870 2077 4927 add.
2115 4878 2175 4926 Α.

1806 4781 1848 4815 ³⁷
1912 4777 1972 4838 ἦν
2011 4784 2092 4837 A:
2137 4782 2281 4845 οὗτος
2327 4779 2388 4841 ἦν
2443 4803 2498 4848 ς’.

2254 4873 2298 4909 ³¹
2329 4878 2554 4947 Σευήρου
2588 4894 2643 4937 ς.

2577 4785 2624 4819 ³⁸
2661 4782 2760 4853 ὅτι]
2807 4783 2882 4838 cf.
2926 4783 3137 4841 Suidas
3185 4800 3240 4840 ν.
3270 4784 3566 4849 Ἰουλιανὸς
3621 4784 3937 4855 Ἀλικαρνασ-

2724 4874 2770 4909 ³²
2798 4872 2958 4925 αὐτοῦ
2990 4893 3044 4938 ς.

2141 5013 2383 5073 ΝΟΤλΕ.

798 5154 1262 5285 ἔέιθῧὶοιὲμίοω,
1292 5159 1358 5211 ut
1386 5158 1438 5210 te
1468 5154 1705 5212 docebit
1750 5155 1807 5211 Β.
1838 5155 2239 5228 Gregor.Mag.

588 5244 771 5301 epist.
798 5244 886 5295 ον,
918 5244 1022 5285 un.
1047 5244 1100 5283 ν.

600 5369 619 5371 _
660 5300 774 5371 (87)
801 5300 1156 5357 Monachum
1206 5296 1304 5355 ad.
1341 5298 1395 5355 S.
1428 5296 1675 5354 Paulum
1723 5300 1946 5367 Romm,
1983 5302 2047 5355 ut
2073 5298 2149 5355 ibi
2178 5301 2237 5355 Β.

588 5369 775 5513 φῗϐξ)
790 5442 971 5506 Quasi
984 5442 1157 5513 juxta
1168 5439 1491 5513 legendum
1505 5440 1790 5513 scriptum
1804 5439 2156 5513 dicas,quod
2169 5456 2241 5499 ex

588 5511 828 5568 diverso
842 5519 899 5567 et
911 5511 1261 5569 altrinsecus
1280 5528 1419 5568 cum
1444 5511 1698 5570 aliorum
1728 5513 1959 5585 scriptis
1988 5511 2240 5583 legatur,

590 5588 653 5642 ut
683 5601 750 5640 ea
775 5585 923 5639 inter
956 5601 1017 5640 se
1057 5590 1512 5655 componentur.

580 5670 583 5677 ·
659 5655 774 5731 (89)
808 5655 1149 5729 Imperitum
1186 5654 1534 5725 litterarum,
1575 5659 1632 5712 et
1677 5654 1893 5713 divinas
1931 5654 2241 5729 Scriptura

2351 5156 2621 5239 nescium
2645 5157 2887 5239 appetat
2918 5161 2976 5215 Β.
3019 5160 3191 5239 Creg.
3220 5176 3351 5239 sup.

2425 5227 2539 5303 (90)
2570 5225 2747 5303 Quasi
2790 5229 2982 5303 dicas
3012 5225 3490 5303 incorrup'tionis
3518 5238 3847 5290 assertores.
3874 5225 3944 5280 De

2353 5298 2567 5382 quibus
2573 5299 2886 5382 legendus
2907 5300 3165 5382 ‘lfliceph.
3201 5298 3487 5382 lib._xvn,
3520 5319 3664 5382 cap.
3697 5305 3784 5382 εν,

2423 5371 2542 5449 (9_t)
2573 5370 2767 5449 Episc.
2819 5370 3386 5449 Halicarnassensis,
3422 5376 3534 5449 qui
3564 5370 3705 5433 cum
3749 5375 3945 5449 Severo

2351 5440 2836 5521 Chalcedonense
2848 5444 3158 5521 concilium
3174 5440 3508 5521 prmdiCare
3522 5449 3810 5521 abnuens,
3823 5443 3949 5521 aJu-

2351 5513 2612 5590 stiniano
2642 5515 2787 5587 imp.
2815 5514 2951 5590 sede
2974 5513 3317 5590 pulsus'est,
3352 5523 3420 5575 ut
3451 5520 3535 5577 ait
3569 5518 3872 5577 Liberatus
3896 5514 3947 5569 in

2350 5584 2672 5653 Breviario,
2706 5584 2838 5659 cap.
2874 5587 2954 5643 19.
