  <div class='ocr_page' id='page_1' title='image "/cluster/home/n/w/nwhite01/storage/ocr_20150623/103/hvd.32044054112495/240.png"; bbox 0 0 4136 6216; ppageno 0'>
   <div class='ocr_carea' id='block_1_1' title="bbox 177 287 277 347">
    <p class='ocr_par' dir='ltr' id='par_1_1' title="bbox 177 287 277 347">
     <span class='ocr_line' id='line_1_1' title="bbox 177 287 277 347; baseline 0.03 -3"><span class='ocrx_word' id='word_1_1' title='bbox 177 287 277 347; x_wconf 72' lang='grc'>453</span> 
     </span>
    </p>
   </div>
   <div class='ocr_carea' id='block_1_2' title="bbox 1414 278 2353 342">
    <p class='ocr_par' dir='ltr' id='par_1_2' title="bbox 1414 278 2353 342">
     <span class='ocr_line' id='line_1_2' title="bbox 1414 278 2353 342; baseline 0.003 -4"><span class='ocrx_word' id='word_1_2' title='bbox 1414 278 1906 342; x_wconf 78' lang='lat' dir='ltr'>BIBLIOTHECA.</span> <span class='ocrx_word' id='word_1_3' title='bbox 1948 280 2108 340; x_wconf 92' lang='lat' dir='ltr'>COD.</span> <span class='ocrx_word' id='word_1_4' title='bbox 2143 282 2353 341; x_wconf 84' lang='lat' dir='ltr'>CLXII.</span> 
     </span>
    </p>
   </div>
   <div class='ocr_carea' id='block_1_3' title="bbox 3444 284 3551 345">
    <p class='ocr_par' dir='ltr' id='par_1_3' title="bbox 3444 284 3551 345">
     <span class='ocr_line' id='line_1_3' title="bbox 3444 284 3551 345; baseline -0.009 0"><span class='ocrx_word' id='word_1_5' title='bbox 3444 284 3551 345; x_wconf 67' lang='grc'>454</span> 
     </span>
    </p>
   </div>
   <div class='ocr_carea' id='block_1_4' title="bbox 178 407 1796 486">
    <p class='ocr_par' dir='ltr' id='par_1_4' title="bbox 178 407 1790 486">
     <span class='ocr_line' id='line_1_4' title="bbox 178 407 1790 486; baseline -0.005 -18"><span class='ocrx_word' id='word_1_6' title='bbox 178 411 363 486; x_wconf 78' lang='grc' dir='ltr'>Ἀδὰμ</span> <span class='ocrx_word' id='word_1_7' title='bbox 410 421 563 484; x_wconf 79' lang='grc' dir='ltr'>σῶμα</span> <span class='ocrx_word' id='word_1_8' title='bbox 614 414 800 471; x_wconf 83' lang='grc' dir='ltr'>θνητὸν</span> <span class='ocrx_word' id='word_1_9' title='bbox 847 409 907 471; x_wconf 79' lang='grc' dir='ltr'>ἧν</span> <span class='ocrx_word' id='word_1_10' title='bbox 957 413 1109 484; x_wconf 83' lang='grc' dir='ltr'>φύσει</span> <span class='ocrx_word' id='word_1_11' title='bbox 1141 413 1231 462; x_wconf 79' lang='lat' dir='ltr'>xui</span> <span class='ocrx_word' id='word_1_12' title='bbox 1278 410 1533 475; x_wconf 85' lang='grc' dir='ltr'>παθητὸν,</span> <span class='ocrx_word' id='word_1_13' title='bbox 1584 411 1695 483; x_wconf 79' lang='grc' dir='ltr'>θείᾳ</span> <span class='ocrx_word' id='word_1_14' title='bbox 1732 407 1790 463; x_wconf 71' lang='grc' dir='ltr'>δε</span> 
     </span>
    </p>
   </div>
   <div class='ocr_carea' id='block_1_5' title="bbox 1908 407 3550 486">
    <p class='ocr_par' dir='ltr' id='par_1_5' title="bbox 1908 410 3550 486">
     <span class='ocr_line' id='line_1_5' title="bbox 1908 410 3550 486; baseline 0.004 -20"><span class='ocrx_word' id='word_1_15' title='bbox 1908 410 2143 483; x_wconf 87' lang='lat' dir='ltr'>patibile</span> <span class='ocrx_word' id='word_1_16' title='bbox 2168 411 2587 485; x_wconf 85' lang='lat' dir='ltr'>assumpsisse.</span> <span class='ocrx_word' id='word_1_17' title='bbox 2620 413 2725 470; x_wconf 88' lang='lat' dir='ltr'>Ubi</span> <span class='ocrx_word' id='word_1_18' title='bbox 2772 412 3149 469; x_wconf 88' lang='lat' dir='ltr'>sentiendum</span> <span class='ocrx_word' id='word_1_19' title='bbox 3179 413 3290 486; x_wconf 87' lang='lat' dir='ltr'>ipsi</span> <span class='ocrx_word' id='word_1_20' title='bbox 3333 414 3550 483; x_wconf 84' lang='lat' dir='ltr'>fuerat,</span> 
     </span>
    </p>
   </div>
   <div class='ocr_carea' id='block_1_6' title="bbox 176 498 1790 577">
    <p class='ocr_par' dir='ltr' id='par_1_6' title="bbox 176 498 1790 577">
     <span class='ocr_line' id='line_1_6' title="bbox 176 498 1790 577; baseline -0.002 -23"><span class='ocrx_word' id='word_1_21' title='bbox 176 505 365 577; x_wconf 84' lang='grc' dir='ltr'>χάριτι</span> <span class='ocrx_word' id='word_1_22' title='bbox 430 500 681 555; x_wconf 75' lang='grc' dir='ltr'>ἀθάνατον</span> <span class='ocrx_word' id='word_1_23' title='bbox 750 499 1110 574; x_wconf 73' lang='grc' dir='ltr'>διεφυλάττετο</span> <span class='ocrx_word' id='word_1_24' title='bbox 1165 503 1253 551; x_wconf 82' lang='grc' dir='ltr'>καὶ</span> <span class='ocrx_word' id='word_1_25' title='bbox 1323 498 1533 564; x_wconf 66' lang='grc' dir='ltr'>ἀπαθὲς,</span> <span class='ocrx_word' id='word_1_26' title='bbox 1601 500 1790 572; x_wconf 79' lang='grc' dir='ltr'>μέχρις</span> 
     </span>
    </p>
   </div>
   <div class='ocr_carea' id='block_1_7' title="bbox 178 587 1784 664">
    <p class='ocr_par' dir='ltr' id='par_1_7' title="bbox 178 587 1784 664">
     <span class='ocr_line' id='line_1_7' title="bbox 178 587 1784 664; baseline -0.002 -20"><span class='ocrx_word' id='word_1_27' title='bbox 178 591 238 643; x_wconf 74' lang='grc' dir='ltr'>ἂν</span> <span class='ocrx_word' id='word_1_28' title='bbox 286 592 416 644; x_wconf 72' lang='grc' dir='ltr'>αὐτὸ</span> <span class='ocrx_word' id='word_1_29' title='bbox 470 593 500 650; x_wconf 76' lang='grc' dir='ltr'><strong>ἡ</strong></span> <span class='ocrx_word' id='word_1_30' title='bbox 556 590 858 664; x_wconf 79' lang='grc' dir='ltr'>παράϐασις</span> <span class='ocrx_word' id='word_1_31' title='bbox 924 600 1017 652; x_wconf 79' lang='grc' dir='ltr'>τῆς</span> <span class='ocrx_word' id='word_1_32' title='bbox 1086 588 1317 662; x_wconf 76' lang='grc' dir='ltr'>φυλακῆς</span> <span class='ocrx_word' id='word_1_33' title='bbox 1366 587 1736 661; x_wconf 73' lang='grc' dir='ltr'>ἀπεγύμνωσεν</span> <span class='ocrx_word' id='word_1_34' title='bbox 1772 605 1784 619; x_wconf 83' lang='grc'>⁶</span> 
     </span>
    </p>
   </div>
   <div class='ocr_carea' id='block_1_8' title="bbox 180 677 1785 756">
    <p class='ocr_par' dir='ltr' id='par_1_8' title="bbox 180 677 1785 756">
     <span class='ocr_line' id='line_1_8' title="bbox 180 677 1785 756; baseline -0.002 -22"><span class='ocrx_word' id='word_1_35' title='bbox 180 684 312 734; x_wconf 73' lang='grc' dir='ltr'>οὕτω</span> <span class='ocrx_word' id='word_1_36' title='bbox 366 684 470 756; x_wconf 72' lang='grc' dir='ltr'>γὰρ</span> <span class='ocrx_word' id='word_1_37' title='bbox 530 685 617 734; x_wconf 86' lang='lat' dir='ltr'>xui</span> <span class='ocrx_word' id='word_1_38' title='bbox 673 684 698 733; x_wconf 95' lang='lat'>6</span> <span class='ocrx_word' id='word_1_39' title='bbox 769 690 872 733; x_wconf 89' lang='grc' dir='ltr'>τῶν</span> <span class='ocrx_word' id='word_1_40' title='bbox 952 680 1114 751; x_wconf 74' lang='grc' dir='ltr'>ἁγίων</span> <span class='ocrx_word' id='word_1_41' title='bbox 1193 682 1359 751; x_wconf 86' lang='grc' dir='ltr'>χορὸς</span> <span class='ocrx_word' id='word_1_42' title='bbox 1426 677 1785 751; x_wconf 78' lang='grc' dir='ltr'>ἀποφαίνεται,</span> 
     </span>
    </p>
   </div>
   <div class='ocr_carea' id='block_1_9' title="bbox 180 768 1787 844">
    <p class='ocr_par' dir='ltr' id='par_1_9' title="bbox 180 768 1787 844">
     <span class='ocr_line' id='line_1_9' title="bbox 180 768 1787 844; baseline -0.002 -20"><span class='ocrx_word' id='word_1_43' title='bbox 180 772 229 824; x_wconf 82' lang='grc' dir='ltr'><strong>Δ’</strong></span> <span class='ocrx_word' id='word_1_44' title='bbox 260 774 339 823; x_wconf 83' lang='grc' dir='ltr'>ὅτι</span> <span class='ocrx_word' id='word_1_45' title='bbox 405 775 492 823; x_wconf 89' lang='grc' dir='ltr'>τὸν</span> <span class='ocrx_word' id='word_1_46' title='bbox 529 775 763 844; x_wconf 88' lang='grc' dir='ltr'>παρόντα</span> <span class='ocrx_word' id='word_1_47' title='bbox 804 774 1001 843; x_wconf 77' lang='grc' dir='ltr'>κόσμον</span> <span class='ocrx_word' id='word_1_48' title='bbox 1053 770 1315 843; x_wconf 75' lang='grc' dir='ltr'>ἄφθαρτον</span> <span class='ocrx_word' id='word_1_49' title='bbox 1370 773 1457 821; x_wconf 88' lang='lat' dir='ltr'>xui</span> <span class='ocrx_word' id='word_1_50' title='bbox 1506 768 1787 843; x_wconf 80' lang='grc' dir='ltr'>ἀνώλεθρον</span> 
     </span>
    </p>
   </div>
   <div class='ocr_carea' id='block_1_10' title="bbox 177 856 1775 933">
    <p class='ocr_par' dir='ltr' id='par_1_10' title="bbox 177 856 1775 933">
     <span class='ocr_line' id='line_1_10' title="bbox 177 856 1775 933; baseline -0.002 -19"><span class='ocrx_word' id='word_1_51' title='bbox 177 863 331 933; x_wconf 59' lang='grc' dir='ltr'>λέγει,</span> <span class='ocrx_word' id='word_1_52' title='bbox 413 856 531 914; x_wconf 88' lang='grc' dir='ltr'>δέον</span> <span class='ocrx_word' id='word_1_53' title='bbox 598 856 793 913; x_wconf 72' lang='grc' dir='ltr'>εἰδέναι</span> <span class='ocrx_word' id='word_1_54' title='bbox 868 860 949 912; x_wconf 83' lang='grc' dir='ltr'>ὅτι</span> <span class='ocrx_word' id='word_1_55' title='bbox 1016 859 1239 931; x_wconf 81' lang='grc' dir='ltr'>φθαρτός</span> <span class='ocrx_word' id='word_1_56' title='bbox 1318 862 1407 910; x_wconf 85' lang='grc' dir='ltr'>καὶ</span> <span class='ocrx_word' id='word_1_57' title='bbox 1478 857 1775 919; x_wconf 82' lang='grc' dir='ltr'>ἁλλοιωτός.</span> 
     </span>
    </p>
   </div>
   <div class='ocr_carea' id='block_1_11' title="bbox 185 944 1786 1023">
    <p class='ocr_par' dir='ltr' id='par_1_11' title="bbox 185 944 1786 1023">
     <span class='ocr_line' id='line_1_11' title="bbox 185 944 1786 1023; baseline -0.003 -21"><span class='ocrx_word' id='word_1_58' title='bbox 185 954 287 1003; x_wconf 74' lang='lat' dir='ltr'>lui</span> <span class='ocrx_word' id='word_1_59' title='bbox 339 950 385 984; x_wconf 86' lang='grc'>⁸³</span> <span class='ocrx_word' id='word_1_60' title='bbox 437 948 587 1023; x_wconf 77' lang='grc' dir='ltr'>ἕτερα</span> <span class='ocrx_word' id='word_1_61' title='bbox 663 944 723 1000; x_wconf 64' lang='grc' dir='ltr'>δε</span> <span class='ocrx_word' id='word_1_62' title='bbox 794 950 889 1000; x_wconf 83' lang='grc' dir='ltr'>σύν</span> <span class='ocrx_word' id='word_1_63' title='bbox 942 948 1145 1008; x_wconf 82' lang='grc' dir='ltr'>τούτοις</span> <span class='ocrx_word' id='word_1_64' title='bbox 1221 945 1476 1018; x_wconf 81' lang='grc' dir='ltr'>κεφάλαια</span> <span class='ocrx_word' id='word_1_65' title='bbox 1515 948 1651 998; x_wconf 88' lang='grc' dir='ltr'>κατὰ</span> <span class='ocrx_word' id='word_1_66' title='bbox 1693 950 1786 1005; x_wconf 76' lang='grc' dir='ltr'>τήν</span> 
     </span>
    </p>
   </div>
   <div class='ocr_carea' id='block_1_12' title="bbox 186 1033 1787 1110">
    <p class='ocr_par' dir='ltr' id='par_1_12' title="bbox 186 1033 1787 1110">
     <span class='ocr_line' id='line_1_12' title="bbox 186 1033 1787 1110; baseline -0.002 -20"><span class='ocrx_word' id='word_1_67' title='bbox 186 1044 393 1105; x_wconf 74' lang='grc' dir='ltr'>πρώτην</span> <span class='ocrx_word' id='word_1_68' title='bbox 434 1041 756 1110; x_wconf 69' lang='grc' dir='ltr'>αντιγραφὴν</span> <span class='ocrx_word' id='word_1_69' title='bbox 787 1038 813 1089; x_wconf 97' lang='lat'>6</span> <span class='ocrx_word' id='word_1_70' title='bbox 861 1035 1164 1099; x_wconf 74' lang='grc' dir='ltr'>ἐπίσκοπος,</span> <span class='ocrx_word' id='word_1_71' title='bbox 1213 1037 1280 1087; x_wconf 82' lang='grc' dir='ltr'>τὰ</span> <span class='ocrx_word' id='word_1_72' title='bbox 1309 1038 1398 1107; x_wconf 74' lang='grc' dir='ltr'>μεν</span> <span class='ocrx_word' id='word_1_73' title='bbox 1446 1033 1674 1107; x_wconf 77' lang='grc' dir='ltr'>ἀσαφῶς,</span> <span class='ocrx_word' id='word_1_74' title='bbox 1721 1037 1787 1087; x_wconf 82' lang='grc' dir='ltr'>τὰ</span> 
     </span>
    </p>
   </div>
   <div class='ocr_carea' id='block_1_13' title="bbox 182 1120 1786 1200">
    <p class='ocr_par' dir='ltr' id='par_1_13' title="bbox 182 1120 1786 1200">
     <span class='ocr_line' id='line_1_13' title="bbox 182 1120 1786 1200; baseline -0.002 -20"><span class='ocrx_word' id='word_1_75' title='bbox 182 1124 243 1180; x_wconf 78' lang='grc' dir='ltr'>δέ</span> <span class='ocrx_word' id='word_1_76' title='bbox 300 1128 347 1163; x_wconf 82' lang='grc'>³⁴</span> <span class='ocrx_word' id='word_1_77' title='bbox 404 1126 729 1200; x_wconf 70' lang='grc' dir='ltr'>βλασφήμως</span> <span class='ocrx_word' id='word_1_78' title='bbox 795 1125 1074 1197; x_wconf 74' lang='grc' dir='ltr'>ἁπελέγξας</span> <span class='ocrx_word' id='word_1_79' title='bbox 1143 1127 1356 1197; x_wconf 76' lang='grc' dir='ltr'>ἔχοντα,</span> <span class='ocrx_word' id='word_1_80' title='bbox 1432 1120 1786 1197; x_wconf 83' lang='grc' dir='ltr'>διορθωθῆναι</span> 
     </span>
    </p>
   </div>
   <div class='ocr_carea' id='block_1_14' title="bbox 178 1211 1082 1290">
    <p class='ocr_par' dir='ltr' id='par_1_14' title="bbox 178 1211 1082 1290">
     <span class='ocr_line' id='line_1_14' title="bbox 178 1211 1082 1290; baseline 0.003 -22"><span class='ocrx_word' id='word_1_81' title='bbox 178 1221 594 1289; x_wconf 74' lang='grc' dir='ltr'>παρηγγυήσατο</span> <span class='ocrx_word' id='word_1_82' title='bbox 616 1218 663 1253; x_wconf 85' lang='grc'>³⁵</span> <span class='ocrx_word' id='word_1_83' title='bbox 693 1218 781 1268; x_wconf 90' lang='grc' dir='ltr'>τὸν</span> <span class='ocrx_word' id='word_1_84' title='bbox 814 1211 1082 1290; x_wconf 79' lang='grc' dir='ltr'>Ἀνδρέαν.</span> 
     </span>
    </p>
   </div>
   <div class='ocr_carea' id='block_1_15' title="bbox 249 1476 1779 1557">
    <p class='ocr_par' dir='ltr' id='par_1_15' title="bbox 249 1476 1779 1557">
     <span class='ocr_line' id='line_1_15' title="bbox 249 1476 1779 1557; baseline -0.004 -19"><span class='ocrx_word' id='word_1_85' title='bbox 249 1484 379 1555; x_wconf 72' lang='grc'>[345</span> <span class='ocrx_word' id='word_1_86' title='bbox 413 1482 507 1557; x_wconf 75' lang='grc' dir='ltr'>Ηο]</span> <span class='ocrx_word' id='word_1_87' title='bbox 547 1482 605 1535; x_wconf 85' lang='grc' dir='ltr'><strong>Ὀ</strong></span> <span class='ocrx_word' id='word_1_88' title='bbox 663 1479 723 1536; x_wconf 65' lang='grc' dir='ltr'>δε</span> <span class='ocrx_word' id='word_1_89' title='bbox 775 1478 1051 1555; x_wconf 77' lang='grc' dir='ltr'>δεξάμενος</span> <span class='ocrx_word' id='word_1_90' title='bbox 1096 1485 1191 1540; x_wconf 79' lang='grc' dir='ltr'>τὴν</span> <span class='ocrx_word' id='word_1_91' title='bbox 1243 1478 1327 1533; x_wconf 82' lang='grc' dir='ltr'>έπὶ</span> <span class='ocrx_word' id='word_1_92' title='bbox 1382 1488 1443 1553; x_wconf 76' lang='grc' dir='ltr'>τῇ</span> <span class='ocrx_word' id='word_1_93' title='bbox 1503 1476 1779 1553; x_wconf 75' lang='grc' dir='ltr'>διορθώσει</span> 
     </span>
    </p>
   </div>
   <div class='ocr_carea' id='block_1_16' title="bbox 176 1567 1783 1645">
    <p class='ocr_par' dir='ltr' id='par_1_16' title="bbox 176 1567 1783 1645">
     <span class='ocr_line' id='line_1_16' title="bbox 176 1567 1783 1645; baseline -0.002 -20"><span class='ocrx_word' id='word_1_94' title='bbox 176 1578 484 1645; x_wconf 72' lang='grc' dir='ltr'>παραίνεσιν</span> <span class='ocrx_word' id='word_1_95' title='bbox 542 1571 625 1625; x_wconf 79' lang='grc' dir='ltr'>έπὶ</span> <span class='ocrx_word' id='word_1_96' title='bbox 710 1575 768 1624; x_wconf 89' lang='grc' dir='ltr'>τὸ</span> <span class='ocrx_word' id='word_1_97' title='bbox 845 1578 1023 1644; x_wconf 83' lang='grc' dir='ltr'>χεῖρον</span> <span class='ocrx_word' id='word_1_98' title='bbox 1089 1568 1344 1636; x_wconf 79' lang='grc' dir='ltr'>ἀπέκλινε,</span> <span class='ocrx_word' id='word_1_99' title='bbox 1422 1574 1511 1622; x_wconf 85' lang='grc' dir='ltr'>καὶ</span> <span class='ocrx_word' id='word_1_100' title='bbox 1580 1567 1783 1643; x_wconf 78' lang='grc' dir='ltr'>βιϐλίον</span> 
     </span>
    </p>
   </div>
   <div class='ocr_carea' id='block_1_17' title="bbox 179 1659 1786 1736">
    <p class='ocr_par' dir='ltr' id='par_1_17' title="bbox 179 1659 1786 1736">
     <span class='ocr_line' id='line_1_17' title="bbox 179 1659 1786 1736; baseline -0.002 -21"><span class='ocrx_word' id='word_1_101' title='bbox 179 1659 419 1736; x_wconf 79' lang='grc' dir='ltr'>δεύτερον</span> <span class='ocrx_word' id='word_1_102' title='bbox 482 1661 773 1727; x_wconf 77' lang='grc' dir='ltr'>συνέταξεν,</span> <span class='ocrx_word' id='word_1_103' title='bbox 854 1659 902 1713; x_wconf 78' lang='grc' dir='ltr'>έν</span> <span class='ocrx_word' id='word_1_104' title='bbox 1044 1664 1134 1713; x_wconf 82' lang='grc' dir='ltr'>καὶ</span> <span class='ocrx_word' id='word_1_105' title='bbox 1212 1662 1278 1712; x_wconf 79' lang='grc' dir='ltr'>τὰ</span> <span class='ocrx_word' id='word_1_106' title='bbox 1351 1664 1786 1734; x_wconf 73' lang='grc' dir='ltr'>προγεγραμμένα</span> 
     </span>
    </p>
   </div>
   <div class='ocr_carea' id='block_1_18' title="bbox 1900 500 3559 575">
    <p class='ocr_par' dir='ltr' id='par_1_18' title="bbox 1900 500 3559 575">
     <span class='ocr_line' id='line_1_18' title="bbox 1900 500 3559 575; baseline 0.004 -19"><span class='ocrx_word' id='word_1_107' title='bbox 1900 505 2078 574; x_wconf 90' lang='lat' dir='ltr'>atque</span> <span class='ocrx_word' id='word_1_108' title='bbox 2100 500 2423 557; x_wconf 91' lang='lat' dir='ltr'>dicendum</span> <span class='ocrx_word' id='word_1_109' title='bbox 2446 502 2659 558; x_wconf 81' lang='lat' dir='ltr'>Adami</span> <span class='ocrx_word' id='word_1_110' title='bbox 2679 517 2897 574; x_wconf 92' lang='lat' dir='ltr'>corpus</span> <span class='ocrx_word' id='word_1_111' title='bbox 2920 502 3171 559; x_wconf 82' lang='lat' dir='ltr'>mortale</span> <span class='ocrx_word' id='word_1_112' title='bbox 3190 504 3433 575; x_wconf 86' lang='lat' dir='ltr'>quidem</span> <span class='ocrx_word' id='word_1_113' title='bbox 3452 520 3559 563; x_wconf 86' lang='lat' dir='ltr'>na-</span> 
     </span>
    </p>
   </div>
   <div class='ocr_carea' id='block_1_19' title="bbox 1898 590 3559 664">
    <p class='ocr_par' dir='ltr' id='par_1_19' title="bbox 1898 590 3559 664">
     <span class='ocr_line' id='line_1_19' title="bbox 1898 590 3559 664; baseline 0.004 -18"><span class='ocrx_word' id='word_1_114' title='bbox 1898 594 2033 647; x_wconf 85' lang='lat' dir='ltr'>tura</span> <span class='ocrx_word' id='word_1_115' title='bbox 2073 607 2182 647; x_wconf 91' lang='lat' dir='ltr'>sua</span> <span class='ocrx_word' id='word_1_116' title='bbox 2212 590 2412 662; x_wconf 76' lang='lat' dir='ltr'>fuisse,</span> <span class='ocrx_word' id='word_1_117' title='bbox 2447 607 2516 647; x_wconf 92' lang='lat' dir='ltr'>ac</span> <span class='ocrx_word' id='word_1_118' title='bbox 2565 591 2828 661; x_wconf 88' lang='lat' dir='ltr'>patibile,</span> <span class='ocrx_word' id='word_1_119' title='bbox 2862 607 3065 647; x_wconf 87' lang='lat' dir='ltr'>verum</span> <span class='ocrx_word' id='word_1_120' title='bbox 3115 590 3319 649; x_wconf 84' lang='lat' dir='ltr'>divina</span> <span class='ocrx_word' id='word_1_121' title='bbox 3364 594 3559 664; x_wconf 75' lang='lat' dir='ltr'>gratia</span> 
     </span>
    </p>
   </div>
   <div class='ocr_carea' id='block_1_20' title="bbox 1898 678 3556 753">
    <p class='ocr_par' dir='ltr' id='par_1_20' title="bbox 1898 678 3556 753">
     <span class='ocr_line' id='line_1_20' title="bbox 1898 678 3556 753; baseline 0.002 -18"><span class='ocrx_word' id='word_1_122' title='bbox 1898 678 2235 736; x_wconf 90' lang='lat' dir='ltr'>immortale</span> <span class='ocrx_word' id='word_1_123' title='bbox 2249 684 2426 753; x_wconf 89' lang='lat' dir='ltr'>atque</span> <span class='ocrx_word' id='word_1_124' title='bbox 2447 679 2775 753; x_wconf 87' lang='lat' dir='ltr'>impatibile</span> <span class='ocrx_word' id='word_1_125' title='bbox 2800 681 3184 749; x_wconf 76' lang='lat' dir='ltr'>custoditum,</span> <span class='ocrx_word' id='word_1_126' title='bbox 3202 681 3395 738; x_wconf 88' lang='lat' dir='ltr'>donec</span> <span class='ocrx_word' id='word_1_127' title='bbox 3416 698 3556 739; x_wconf 88' lang='lat' dir='ltr'>eum</span> 
     </span>
    </p>
   </div>
   <div class='ocr_carea' id='block_1_21' title="bbox 1896 768 3559 842">
    <p class='ocr_par' dir='ltr' id='par_1_21' title="bbox 1896 768 3559 842">
     <span class='ocr_line' id='line_1_21' title="bbox 1896 768 3559 842; baseline 0.004 -18"><span class='ocrx_word' id='word_1_128' title='bbox 1896 768 2309 841; x_wconf 60' lang='lat' dir='ltr'>praevaricatio</span> <span class='ocrx_word' id='word_1_129' title='bbox 2341 769 2611 825; x_wconf 88' lang='lat' dir='ltr'>custodia</span> <span class='ocrx_word' id='word_1_130' title='bbox 2642 769 2742 825; x_wconf 91' lang='lat' dir='ltr'>illa</span> <span class='ocrx_word' id='word_1_131' title='bbox 2768 769 3035 842; x_wconf 82' lang='lat' dir='ltr'>privavit.</span> <span class='ocrx_word' id='word_1_132' title='bbox 3064 772 3194 827; x_wconf 69' lang='lat' dir='ltr'>Haec</span> <span class='ocrx_word' id='word_1_133' title='bbox 3225 771 3385 827; x_wconf 90' lang='lat' dir='ltr'>enim</span> <span class='ocrx_word' id='word_1_134' title='bbox 3416 787 3559 829; x_wconf 87' lang='lat' dir='ltr'>con-</span> 
     </span>
    </p>
   </div>
   <div class='ocr_carea' id='block_1_22' title="bbox 1899 860 3558 934">
    <p class='ocr_par' dir='ltr' id='par_1_22' title="bbox 1899 860 3558 934">
     <span class='ocr_line' id='line_1_22' title="bbox 1899 860 3558 934; baseline 0.003 -21"><span class='ocrx_word' id='word_1_135' title='bbox 1899 873 2031 914; x_wconf 84' lang='lat' dir='ltr'>cors</span> <span class='ocrx_word' id='word_1_136' title='bbox 2050 862 2139 915; x_wconf 91' lang='lat' dir='ltr'>est</span> <span class='ocrx_word' id='word_1_137' title='bbox 2160 864 2504 915; x_wconf 90' lang='lat' dir='ltr'>sanctorum</span> <span class='ocrx_word' id='word_1_138' title='bbox 2528 861 2766 915; x_wconf 81' lang='lat' dir='ltr'>Patrum</span> <span class='ocrx_word' id='word_1_139' title='bbox 2789 860 3097 916; x_wconf 78' lang='lat' dir='ltr'>sententia.</span> <span class='ocrx_word' id='word_1_140' title='bbox 3122 860 3365 929; x_wconf 86' lang='lat' dir='ltr'>Quarto,</span> <span class='ocrx_word' id='word_1_141' title='bbox 3389 862 3558 934; x_wconf 92' lang='lat' dir='ltr'>quod</span> 
     </span>
    </p>
   </div>
   <div class='ocr_carea' id='block_1_23' title="bbox 1897 947 3560 1023">
    <p class='ocr_par' dir='ltr' id='par_1_23' title="bbox 1897 947 3560 1023">
     <span class='ocr_line' id='line_1_23' title="bbox 1897 947 3560 1023; baseline 0.004 -21"><span class='ocrx_word' id='word_1_142' title='bbox 1897 947 2057 1004; x_wconf 92' lang='lat' dir='ltr'>hunc</span> <span class='ocrx_word' id='word_1_143' title='bbox 2071 947 2367 1004; x_wconf 91' lang='lat' dir='ltr'>mundum</span> <span class='ocrx_word' id='word_1_144' title='bbox 2390 947 2925 1020; x_wconf 90' lang='lat' dir='ltr'>incorruptibilem,</span> <span class='ocrx_word' id='word_1_145' title='bbox 2942 947 3331 1022; x_wconf 90' lang='lat' dir='ltr'>interitusque</span> <span class='ocrx_word' id='word_1_146' title='bbox 3349 966 3560 1023; x_wconf 85' lang='lat' dir='ltr'>exper-</span> 
     </span>
    </p>
   </div>
   <div class='ocr_carea' id='block_1_24' title="bbox 1897 1038 3553 1111">
    <p class='ocr_par' dir='ltr' id='par_1_24' title="bbox 1897 1038 3553 1111">
     <span class='ocr_line' id='line_1_24' title="bbox 1897 1038 3553 1111; baseline 0.001 -17"><span class='ocrx_word' id='word_1_147' title='bbox 1897 1040 2016 1094; x_wconf 88' lang='lat' dir='ltr'>tem</span> <span class='ocrx_word' id='word_1_148' title='bbox 2048 1041 2296 1101; x_wconf 87' lang='lat' dir='ltr'>asserat,</span> <span class='ocrx_word' id='word_1_149' title='bbox 2318 1052 2456 1093; x_wconf 91' lang='lat' dir='ltr'>cum</span> <span class='ocrx_word' id='word_1_150' title='bbox 2488 1038 2815 1093; x_wconf 89' lang='lat' dir='ltr'>tenendum</span> <span class='ocrx_word' id='word_1_151' title='bbox 2842 1038 2912 1094; x_wconf 86' lang='lat' dir='ltr'>sit</span> <span class='ocrx_word' id='word_1_152' title='bbox 2934 1038 3382 1111; x_wconf 88' lang='lat' dir='ltr'>corruptibilem</span> <span class='ocrx_word' id='word_1_153' title='bbox 3412 1055 3553 1096; x_wconf 88' lang='lat' dir='ltr'>eum</span> 
     </span>
    </p>
   </div>
   <div class='ocr_carea' id='block_1_25' title="bbox 1894 1125 3553 1203">
    <p class='ocr_par' dir='ltr' id='par_1_25' title="bbox 1894 1125 3553 1203">
     <span class='ocr_line' id='line_1_25' title="bbox 1894 1125 3553 1203; baseline 0.003 -22"><span class='ocrx_word' id='word_1_154' title='bbox 1894 1141 2043 1190; x_wconf 91' lang='lat' dir='ltr'>esse,</span> <span class='ocrx_word' id='word_1_155' title='bbox 2077 1130 2256 1198; x_wconf 90' lang='lat' dir='ltr'>atque</span> <span class='ocrx_word' id='word_1_156' title='bbox 2288 1125 2657 1182; x_wconf 88' lang='lat' dir='ltr'>mutabilem.</span> <span class='ocrx_word' id='word_1_157' title='bbox 2684 1126 2856 1183; x_wconf 89' lang='lat' dir='ltr'>Plura</span> <span class='ocrx_word' id='word_1_158' title='bbox 2887 1126 2948 1182; x_wconf 89' lang='lat' dir='ltr'>id</span> <span class='ocrx_word' id='word_1_159' title='bbox 2970 1143 3160 1197; x_wconf 81' lang='lat' dir='ltr'>genus</span> <span class='ocrx_word' id='word_1_160' title='bbox 3186 1127 3303 1184; x_wconf 90' lang='lat' dir='ltr'>alia</span> <span class='ocrx_word' id='word_1_161' title='bbox 3332 1130 3553 1203; x_wconf 87' lang='lat' dir='ltr'>capita,</span> 
     </span>
    </p>
   </div>
   <div class='ocr_carea' id='block_1_26' title="bbox 1894 1214 3557 1290">
    <p class='ocr_par' dir='ltr' id='par_1_26' title="bbox 1894 1214 3557 1290">
     <span class='ocr_line' id='line_1_26' title="bbox 1894 1214 3557 1290; baseline 0.002 -19"><span class='ocrx_word' id='word_1_162' title='bbox 1894 1216 2089 1288; x_wconf 91' lang='lat' dir='ltr'>prima</span> <span class='ocrx_word' id='word_1_163' title='bbox 2110 1214 2223 1271; x_wconf 90' lang='lat' dir='ltr'>hac</span> <span class='ocrx_word' id='word_1_164' title='bbox 2245 1216 2638 1287; x_wconf 79' lang='lat' dir='ltr'>responsione</span> <span class='ocrx_word' id='word_1_165' title='bbox 2659 1216 3004 1289; x_wconf 90' lang='lat' dir='ltr'>episcopus,</span> <span class='ocrx_word' id='word_1_166' title='bbox 3035 1217 3252 1290; x_wconf 85' lang='lat' dir='ltr'>partim</span> <span class='ocrx_word' id='word_1_167' title='bbox 3277 1218 3557 1287; x_wconf 81' lang='lat' dir='ltr'>obscure,</span> 
     </span>
    </p>
   </div>
   <div class='ocr_carea' id='block_1_27' title="bbox 1893 1304 3556 1379">
    <p class='ocr_par' dir='ltr' id='par_1_27' title="bbox 1893 1304 3556 1379">
     <span class='ocr_line' id='line_1_27' title="bbox 1893 1304 3556 1379; baseline 0.002 -17"><span class='ocrx_word' id='word_1_168' title='bbox 1893 1305 2101 1377; x_wconf 85' lang='lat' dir='ltr'>partim</span> <span class='ocrx_word' id='word_1_169' title='bbox 2114 1304 2458 1377; x_wconf 85' lang='lat' dir='ltr'>blaspheme</span> <span class='ocrx_word' id='word_1_170' title='bbox 2472 1304 2623 1363; x_wconf 84' lang='lat' dir='ltr'>dicta</span> <span class='ocrx_word' id='word_1_171' title='bbox 2643 1305 3413 1379; x_wconf 83' lang='lat' dir='ltr'>reprehendens,corrigere</span> <span class='ocrx_word' id='word_1_172' title='bbox 3426 1308 3556 1366; x_wconf 58' lang='lat' dir='ltr'>hac</span> 
     </span>
    </p>
   </div>
   <div class='ocr_carea' id='block_1_28' title="bbox 1892 1394 2954 1452">
    <p class='ocr_par' dir='ltr' id='par_1_28' title="bbox 1892 1394 2954 1452">
     <span class='ocr_line' id='line_1_28' title="bbox 1892 1394 2954 1452; baseline 0 -1"><span class='ocrx_word' id='word_1_173' title='bbox 1892 1396 2106 1451; x_wconf 88' lang='lat' dir='ltr'>eadem</span> <span class='ocrx_word' id='word_1_174' title='bbox 2134 1394 2433 1451; x_wconf 80' lang='lat' dir='ltr'>Andream</span> <span class='ocrx_word' id='word_1_175' title='bbox 2468 1394 2813 1452; x_wconf 87' lang='lat' dir='ltr'>cohortatus</span> <span class='ocrx_word' id='word_1_176' title='bbox 2844 1401 2954 1452; x_wconf 88' lang='lat' dir='ltr'>est.</span> 
     </span>
    </p>
   </div>
   <div class='ocr_carea' id='block_1_29' title="bbox 1964 1483 3561 1556">
    <p class='ocr_par' dir='ltr' id='par_1_29' title="bbox 1964 1483 3561 1556">
     <span class='ocr_line' id='line_1_29' title="bbox 1964 1483 3561 1556; baseline 0.004 -17"><span class='ocrx_word' id='word_1_177' title='bbox 1964 1487 2177 1540; x_wconf 87' lang='lat' dir='ltr'>Verum</span> <span class='ocrx_word' id='word_1_178' title='bbox 2206 1483 2323 1547; x_wconf 88' lang='lat' dir='ltr'>ille,</span> <span class='ocrx_word' id='word_1_179' title='bbox 2346 1489 2592 1556; x_wconf 89' lang='lat' dir='ltr'>accepta</span> <span class='ocrx_word' id='word_1_180' title='bbox 2616 1484 2690 1541; x_wconf 90' lang='lat' dir='ltr'>de</span> <span class='ocrx_word' id='word_1_181' title='bbox 2715 1484 3114 1541; x_wconf 88' lang='lat' dir='ltr'>emendandis</span> <span class='ocrx_word' id='word_1_182' title='bbox 3140 1486 3262 1541; x_wconf 89' lang='lat' dir='ltr'>suis</span> <span class='ocrx_word' id='word_1_183' title='bbox 3285 1487 3561 1545; x_wconf 87' lang='lat' dir='ltr'>admoni-</span> 
     </span>
    </p>
   </div>
   <div class='ocr_carea' id='block_1_30' title="bbox 1898 1572 3564 1648">
    <p class='ocr_par' dir='ltr' id='par_1_30' title="bbox 1898 1572 3564 1648">
     <span class='ocr_line' id='line_1_30' title="bbox 1898 1572 3564 1648; baseline 0.004 -22"><span class='ocrx_word' id='word_1_184' title='bbox 1898 1572 2080 1638; x_wconf 90' lang='lat' dir='ltr'>tione,</span> <span class='ocrx_word' id='word_1_185' title='bbox 2104 1572 2164 1627; x_wconf 92' lang='lat' dir='ltr'>in</span> <span class='ocrx_word' id='word_1_186' title='bbox 2191 1572 2495 1628; x_wconf 89' lang='lat' dir='ltr'>sinistram</span> <span class='ocrx_word' id='word_1_187' title='bbox 2547 1572 2872 1639; x_wconf 86' lang='lat' dir='ltr'>inclinavit,</span> <span class='ocrx_word' id='word_1_188' title='bbox 2905 1578 2962 1629; x_wconf 90' lang='lat' dir='ltr'>et</span> <span class='ocrx_word' id='word_1_189' title='bbox 2990 1573 3279 1630; x_wconf 87' lang='lat' dir='ltr'>deteriora</span> <span class='ocrx_word' id='word_1_190' title='bbox 3315 1576 3564 1648; x_wconf 89' lang='lat' dir='ltr'>arripuit</span> 
     </span>
    </p>
   </div>
   <div class='ocr_carea' id='block_1_31' title="bbox 1895 1660 3564 1737">
    <p class='ocr_par' dir='ltr' id='par_1_31' title="bbox 1895 1660 3564 1737">
     <span class='ocr_line' id='line_1_31' title="bbox 1895 1660 3564 1737; baseline 0.001 -18"><span class='ocrx_word' id='word_1_191' title='bbox 1895 1663 2029 1733; x_wconf 83' lang='lat'>(92).</span> <span class='ocrx_word' id='word_1_192' title='bbox 2047 1660 2311 1717; x_wconf 81' lang='lat' dir='ltr'>Alterum</span> <span class='ocrx_word' id='word_1_193' title='bbox 2333 1662 2494 1717; x_wconf 91' lang='lat' dir='ltr'>enim</span> <span class='ocrx_word' id='word_1_194' title='bbox 2514 1677 2653 1717; x_wconf 90' lang='lat' dir='ltr'>mox</span> <span class='ocrx_word' id='word_1_195' title='bbox 2672 1661 2893 1718; x_wconf 91' lang='lat' dir='ltr'>librum</span> <span class='ocrx_word' id='word_1_196' title='bbox 2914 1663 3169 1733; x_wconf 85' lang='lat' dir='ltr'>scripsit,</span> <span class='ocrx_word' id='word_1_197' title='bbox 3184 1679 3306 1736; x_wconf 91' lang='lat' dir='ltr'>quo</span> <span class='ocrx_word' id='word_1_198' title='bbox 3324 1664 3564 1737; x_wconf 82' lang='lat' dir='ltr'>planius</span> 
     </span>
    </p>
   </div>
   <div class='ocr_carea' id='block_1_32' title="bbox 179 1744 1796 1826">
    <p class='ocr_par' dir='ltr' id='par_1_32' title="bbox 179 1744 1783 1826">
     <span class='ocr_line' id='line_1_32' title="bbox 179 1744 1783 1826; baseline -0.003 -21"><span class='ocrx_word' id='word_1_199' title='bbox 179 1752 317 1823; x_wconf 69' lang='grc' dir='ltr'>αὑτῷ</span> <span class='ocrx_word' id='word_1_200' title='bbox 358 1753 407 1787; x_wconf 81' lang='grc'><strong><em>⁸⁸</em></strong></span> <span class='ocrx_word' id='word_1_201' title='bbox 442 1751 756 1826; x_wconf 75' lang='grc' dir='ltr'>πλατύτερον</span> <span class='ocrx_word' id='word_1_202' title='bbox 792 1754 881 1803; x_wconf 82' lang='grc' dir='ltr'>καὶ</span> <span class='ocrx_word' id='word_1_203' title='bbox 912 1749 1004 1821; x_wconf 82' lang='grc' dir='ltr'>(ὡς</span> <span class='ocrx_word' id='word_1_204' title='bbox 1032 1748 1218 1821; x_wconf 81' lang='grc' dir='ltr'>οἴεται)</span> <span class='ocrx_word' id='word_1_205' title='bbox 1269 1744 1342 1801; x_wconf 85' lang='grc' dir='ltr'>δι’</span> <span class='ocrx_word' id='word_1_206' title='bbox 1394 1744 1706 1812; x_wconf 78' lang='grc' dir='ltr'>ἀποδείξεων</span> <span class='ocrx_word' id='word_1_207' title='bbox 1736 1749 1783 1783; x_wconf 77' lang='grc'>³⁷</span> 
     </span>
    </p>
   </div>
   <div class='ocr_carea' id='block_1_33' title="bbox 1908 1744 3561 1826">
    <p class='ocr_par' dir='ltr' id='par_1_33' title="bbox 1908 1750 3561 1825">
     <span class='ocr_line' id='line_1_33' title="bbox 1908 1750 3561 1825; baseline 0.002 -18"><span class='ocrx_word' id='word_1_208' title='bbox 1908 1768 1966 1808; x_wconf 69' lang='lat' dir='ltr'>aa</span> <span class='ocrx_word' id='word_1_209' title='bbox 1996 1766 2132 1823; x_wconf 67' lang='lat' dir='ltr'>quae</span> <span class='ocrx_word' id='word_1_210' title='bbox 2163 1751 2329 1823; x_wconf 92' lang='lat' dir='ltr'>prius</span> <span class='ocrx_word' id='word_1_211' title='bbox 2354 1756 2706 1817; x_wconf 86' lang='lat' dir='ltr'>asseruerat,</span> <span class='ocrx_word' id='word_1_212' title='bbox 2740 1756 2793 1807; x_wconf 90' lang='lat' dir='ltr'>et</span> <span class='ocrx_word' id='word_1_213' title='bbox 2819 1750 2909 1823; x_wconf 94' lang='lat' dir='ltr'>(ut</span> <span class='ocrx_word' id='word_1_214' title='bbox 2936 1750 3283 1825; x_wconf 87' lang='lat' dir='ltr'>arbitratur)</span> <span class='ocrx_word' id='word_1_215' title='bbox 3307 1752 3561 1811; x_wconf 86' lang='lat' dir='ltr'>demon-</span> 
     </span>
    </p>
   </div>
   <div class='ocr_carea' id='block_1_34' title="bbox 178 1834 1786 1914">
    <p class='ocr_par' dir='ltr' id='par_1_34' title="bbox 178 1834 1786 1914">
     <span class='ocr_line' id='line_1_34' title="bbox 178 1834 1786 1914; baseline -0.002 -21"><span class='ocrx_word' id='word_1_216' title='bbox 178 1847 480 1914; x_wconf 77' lang='grc' dir='ltr'>συγκροτεῖ.</span> <span class='ocrx_word' id='word_1_217' title='bbox 538 1841 667 1895; x_wconf 75' lang='grc' dir='ltr'>Καθ’</span> <span class='ocrx_word' id='word_1_218' title='bbox 700 1840 761 1892; x_wconf 79' lang='grc' dir='ltr'>οὗ</span> <span class='ocrx_word' id='word_1_219' title='bbox 793 1835 860 1898; x_wconf 80' lang='grc' dir='ltr'>δὴ</span> <span class='ocrx_word' id='word_1_220' title='bbox 904 1843 995 1891; x_wconf 84' lang='grc' dir='ltr'>καὶ</span> <span class='ocrx_word' id='word_1_221' title='bbox 1038 1842 1132 1898; x_wconf 71' lang='grc' dir='ltr'>τὴν</span> <span class='ocrx_word' id='word_1_222' title='bbox 1176 1837 1448 1911; x_wconf 72' lang='grc' dir='ltr'>εἰρημένην</span> <span class='ocrx_word' id='word_1_223' title='bbox 1503 1834 1786 1909; x_wconf 79' lang='grc' dir='ltr'>δεκάλογον</span> 
     </span>
    </p>
   </div>
   <div class='ocr_carea' id='block_1_35' title="bbox 178 1923 1788 2000">
    <p class='ocr_par' dir='ltr' id='par_1_35' title="bbox 178 1923 1788 2000">
     <span class='ocr_line' id='line_1_35' title="bbox 178 1923 1788 2000; baseline -0.001 -19"><span class='ocrx_word' id='word_1_224' title='bbox 178 1929 449 1992; x_wconf 73' lang='grc' dir='ltr'>όεύσεϐής</span> <span class='ocrx_word' id='word_1_225' title='bbox 498 1928 745 1991; x_wconf 79' lang='grc' dir='ltr'>Εὐσέϐιος</span> <span class='ocrx_word' id='word_1_226' title='bbox 792 1930 1082 1993; x_wconf 79' lang='grc' dir='ltr'>συντάττει,</span> <span class='ocrx_word' id='word_1_227' title='bbox 1138 1923 1211 1981; x_wconf 81' lang='grc' dir='ltr'>δι’</span> <span class='ocrx_word' id='word_1_228' title='bbox 1262 1928 1326 1989; x_wconf 76' lang='grc' dir='ltr'>ἧς</span> <span class='ocrx_word' id='word_1_229' title='bbox 1376 1925 1579 2000; x_wconf 79' lang='grc' dir='ltr'>έλέγχει</span> <span class='ocrx_word' id='word_1_230' title='bbox 1626 1928 1672 1963; x_wconf 83' lang='grc'>³⁸</span> <span class='ocrx_word' id='word_1_231' title='bbox 1699 1930 1788 2000; x_wconf 71' lang='grc' dir='ltr'>μεν</span> 
     </span>
    </p>
   </div>
   <div class='ocr_carea' id='block_1_36' title="bbox 178 2018 1791 2093">
    <p class='ocr_par' dir='ltr' id='par_1_36' title="bbox 178 2018 1791 2093">
     <span class='ocr_line' id='line_1_36' title="bbox 178 2018 1791 2093; baseline -0.002 -20"><span class='ocrx_word' id='word_1_232' title='bbox 178 2022 335 2074; x_wconf 67' lang='grc' dir='ltr'>αὐτόν</span> <span class='ocrx_word' id='word_1_233' title='bbox 362 2022 432 2081; x_wconf 76' lang='grc' dir='ltr'>ὡς</span> <span class='ocrx_word' id='word_1_234' title='bbox 460 2025 532 2093; x_wconf 77' lang='grc' dir='ltr'><strong><em>μὴ</em></strong></span> <span class='ocrx_word' id='word_1_235' title='bbox 580 2018 865 2093; x_wconf 78' lang='grc' dir='ltr'>ἁρεσθέντα</span> <span class='ocrx_word' id='word_1_236' title='bbox 919 2026 991 2089; x_wconf 83' lang='grc' dir='ltr'>τῷ</span> <span class='ocrx_word' id='word_1_237' title='bbox 1049 2026 1143 2080; x_wconf 86' lang='grc' dir='ltr'>τῆς</span> <span class='ocrx_word' id='word_1_238' title='bbox 1213 2022 1436 2079; x_wconf 88' lang='grc' dir='ltr'>πίστεως</span> <span class='ocrx_word' id='word_1_239' title='bbox 1491 2020 1613 2093; x_wconf 85' lang='grc' dir='ltr'>ὅρῳ,</span> <span class='ocrx_word' id='word_1_240' title='bbox 1651 2018 1703 2070; x_wconf 89' lang='grc' dir='ltr'>ὃν</span> <span class='ocrx_word' id='word_1_241' title='bbox 1736 2019 1791 2070; x_wconf 82' lang='grc' dir='ltr'>αἱ</span> 
     </span>
    </p>
   </div>
   <div class='ocr_carea' id='block_1_37' title="bbox 179 2103 1792 2182">
    <p class='ocr_par' dir='ltr' id='par_1_37' title="bbox 179 2103 1792 2182">
     <span class='ocr_line' id='line_1_37' title="bbox 179 2103 1792 2182; baseline -0.002 -19"><span class='ocrx_word' id='word_1_242' title='bbox 179 2112 329 2182; x_wconf 71' lang='grc' dir='ltr'>ἅγιαι</span> <span class='ocrx_word' id='word_1_243' title='bbox 387 2109 614 2172; x_wconf 78' lang='grc' dir='ltr'>έξέθεντο</span> <span class='ocrx_word' id='word_1_244' title='bbox 673 2105 909 2172; x_wconf 75' lang='grc' dir='ltr'>σύνοδοι,</span> <span class='ocrx_word' id='word_1_245' title='bbox 996 2103 1138 2160; x_wconf 78' lang='grc' dir='ltr'>ἰδίαν</span> <span class='ocrx_word' id='word_1_246' title='bbox 1195 2103 1255 2160; x_wconf 87' lang='grc' dir='ltr'>δέ</span> <span class='ocrx_word' id='word_1_247' title='bbox 1331 2127 1448 2160; x_wconf 89' lang='grc' dir='ltr'>τινα</span> <span class='ocrx_word' id='word_1_248' title='bbox 1520 2108 1792 2181; x_wconf 77' lang='grc' dir='ltr'>τολμηρῶς</span> 
     </span>
    </p>
   </div>
   <div class='ocr_carea' id='block_1_38' title="bbox 180 2193 1791 2271">
    <p class='ocr_par' dir='ltr' id='par_1_38' title="bbox 180 2193 1791 2271">
     <span class='ocr_line' id='line_1_38' title="bbox 180 2193 1791 2271; baseline -0.002 -18"><span class='ocrx_word' id='word_1_249' title='bbox 180 2200 567 2271; x_wconf 68' lang='grc' dir='ltr'>συνταξάμενον</span> <span class='ocrx_word' id='word_1_250' title='bbox 640 2200 843 2250; x_wconf 76' lang='grc' dir='ltr'>ἔκθεσιν</span> <span class='ocrx_word' id='word_1_251' title='bbox 902 2202 1125 2259; x_wconf 84' lang='grc' dir='ltr'>πίστεως</span> <span class='ocrx_word' id='word_1_252' title='bbox 1173 2213 1186 2228; x_wconf 85' lang='grc'><em>’</em></span> <span class='ocrx_word' id='word_1_253' title='bbox 1259 2193 1370 2250; x_wconf 83' lang='grc' dir='ltr'>εἶτα</span> <span class='ocrx_word' id='word_1_254' title='bbox 1437 2194 1496 2250; x_wconf 70' lang='grc' dir='ltr'>δε</span> <span class='ocrx_word' id='word_1_255' title='bbox 1556 2203 1645 2249; x_wconf 83' lang='grc' dir='ltr'>καὶ</span> <span class='ocrx_word' id='word_1_256' title='bbox 1711 2198 1791 2251; x_wconf 84' lang='grc' dir='ltr'>ὅτι</span> 
     </span>
    </p>
   </div>
   <div class='ocr_carea' id='block_1_39' title="bbox 181 2285 1791 2360">
    <p class='ocr_par' dir='ltr' id='par_1_39' title="bbox 181 2285 1791 2360">
     <span class='ocr_line' id='line_1_39' title="bbox 181 2285 1791 2360; baseline -0.002 -19"><span class='ocrx_word' id='word_1_257' title='bbox 181 2288 344 2341; x_wconf 72' lang='grc' dir='ltr'>πολλά</span> <span class='ocrx_word' id='word_1_258' title='bbox 390 2296 494 2340; x_wconf 86' lang='grc' dir='ltr'>τῶν</span> <span class='ocrx_word' id='word_1_259' title='bbox 555 2287 714 2359; x_wconf 70' lang='grc' dir='ltr'>ἁγίων</span> <span class='ocrx_word' id='word_1_260' title='bbox 772 2287 820 2322; x_wconf 77' lang='grc'>³9</span> <span class='ocrx_word' id='word_1_261' title='bbox 865 2285 1242 2356; x_wconf 80' lang='grc' dir='ltr'>ἁπόσπαράξας</span> <span class='ocrx_word' id='word_1_262' title='bbox 1297 2286 1435 2360; x_wconf 82' lang='grc' dir='ltr'>ῥητὰ</span> <span class='ocrx_word' id='word_1_263' title='bbox 1484 2291 1574 2339; x_wconf 82' lang='grc' dir='ltr'>καὶ</span> <span class='ocrx_word' id='word_1_264' title='bbox 1626 2306 1791 2360; x_wconf 62' lang='grc' dir='ltr'>παραυ</span> 
     </span>
    </p>
   </div>
   <div class='ocr_carea' id='block_1_40' title="bbox 176 2373 1788 2450">
    <p class='ocr_par' dir='ltr' id='par_1_40' title="bbox 176 2373 1788 2450">
     <span class='ocr_line' id='line_1_40' title="bbox 176 2373 1788 2450; baseline -0.003 -18"><span class='ocrx_word' id='word_1_265' title='bbox 176 2380 535 2450; x_wconf 70' lang='grc' dir='ltr'>ποιησάμενος</span> <span class='ocrx_word' id='word_1_266' title='bbox 581 2377 654 2438; x_wconf 85' lang='grc' dir='ltr'>εἰς</span> <span class='ocrx_word' id='word_1_267' title='bbox 706 2380 799 2435; x_wconf 78' lang='grc' dir='ltr'>τὴν</span> <span class='ocrx_word' id='word_1_268' title='bbox 853 2373 991 2428; x_wconf 82' lang='grc' dir='ltr'>ἰδίαν</span> <span class='ocrx_word' id='word_1_269' title='bbox 1046 2375 1307 2446; x_wconf 55' lang='grc' dir='ltr'>ὑπόληψιν</span> <span class='ocrx_word' id='word_1_270' title='bbox 1356 2374 1658 2438; x_wconf 81' lang='grc' dir='ltr'>έξεϐιάσατο</span> <span class='ocrx_word' id='word_1_271' title='bbox 1722 2376 1788 2441; x_wconf 74' lang='grc' dir='ltr'>⁸ο,</span> 
     </span>
    </p>
   </div>
   <div class='ocr_carea' id='block_1_41' title="bbox 178 2464 1787 2538">
    <p class='ocr_par' dir='ltr' id='par_1_41' title="bbox 178 2464 1787 2538">
     <span class='ocr_line' id='line_1_41' title="bbox 178 2464 1787 2538; baseline -0.001 -19"><span class='ocrx_word' id='word_1_272' title='bbox 178 2475 264 2519; x_wconf 81' lang='grc' dir='ltr'>καὶ</span> <span class='ocrx_word' id='word_1_273' title='bbox 306 2469 385 2519; x_wconf 84' lang='grc' dir='ltr'>ὃτι</span> <span class='ocrx_word' id='word_1_274' title='bbox 416 2465 743 2518; x_wconf 80' lang='grc' dir='ltr'>έναντιοῦται</span> <span class='ocrx_word' id='word_1_275' title='bbox 792 2473 854 2537; x_wconf 74' lang='grc' dir='ltr'>τῇ</span> <span class='ocrx_word' id='word_1_276' title='bbox 911 2484 965 2517; x_wconf 88' lang='grc' dir='ltr'>τε</span> <span class='ocrx_word' id='word_1_277' title='bbox 1005 2484 1093 2537; x_wconf 82' lang='grc' dir='ltr'>νεᾳ</span> <span class='ocrx_word' id='word_1_278' title='bbox 1138 2469 1227 2516; x_wconf 82' lang='grc' dir='ltr'>καὶ</span> <span class='ocrx_word' id='word_1_279' title='bbox 1272 2464 1470 2535; x_wconf 83' lang='grc' dir='ltr'>παλαιᾷ</span> <span class='ocrx_word' id='word_1_280' title='bbox 1520 2466 1559 2501; x_wconf 71' lang='grc'>⁸³</span> <span class='ocrx_word' id='word_1_281' title='bbox 1614 2471 1787 2538; x_wconf 74' lang='grc' dir='ltr'>Γραφῇ</span> 
     </span>
    </p>
   </div>
   <div class='ocr_carea' id='block_1_42' title="bbox 181 2552 1792 2628">
    <p class='ocr_par' dir='ltr' id='par_1_42' title="bbox 181 2552 1792 2628">
     <span class='ocr_line' id='line_1_42' title="bbox 181 2552 1792 2628; baseline -0.002 -20"><span class='ocrx_word' id='word_1_282' title='bbox 181 2561 269 2609; x_wconf 80' lang='grc' dir='ltr'>καὶ</span> <span class='ocrx_word' id='word_1_283' title='bbox 323 2562 436 2616; x_wconf 85' lang='grc' dir='ltr'>τοῖς</span> <span class='ocrx_word' id='word_1_284' title='bbox 492 2553 667 2625; x_wconf 70' lang='grc' dir='ltr'>ἁγίοις</span> <span class='ocrx_word' id='word_1_285' title='bbox 720 2556 867 2625; x_wconf 78' lang='grc' dir='ltr'>ἡμῶν</span> <span class='ocrx_word' id='word_1_286' title='bbox 917 2556 1187 2628; x_wconf 88' lang='grc' dir='ltr'>Πατράσιν</span> <span class='ocrx_word' id='word_1_287' title='bbox 1239 2554 1500 2626; x_wconf 82' lang='grc' dir='ltr'>ἄφθαρτον</span> <span class='ocrx_word' id='word_1_288' title='bbox 1561 2559 1647 2607; x_wconf 83' lang='grc' dir='ltr'>καὶ</span> <span class='ocrx_word' id='word_1_289' title='bbox 1701 2552 1792 2605; x_wconf 74' lang='grc' dir='ltr'>ἆνε-</span> 
     </span>
    </p>
   </div>
   <div class='ocr_carea' id='block_1_43' title="bbox 183 2639 1793 2718">
    <p class='ocr_par' dir='ltr' id='par_1_43' title="bbox 183 2639 1793 2718">
     <span class='ocr_line' id='line_1_43' title="bbox 183 2639 1793 2718; baseline -0.001 -22"><span class='ocrx_word' id='word_1_290' title='bbox 183 2646 403 2718; x_wconf 69' lang='grc' dir='ltr'>ώλεθρον</span> <span class='ocrx_word' id='word_1_291' title='bbox 436 2648 523 2696; x_wconf 86' lang='grc' dir='ltr'>τὸν</span> <span class='ocrx_word' id='word_1_292' title='bbox 550 2648 751 2715; x_wconf 77' lang='grc' dir='ltr'>κόσμον</span> <span class='ocrx_word' id='word_1_293' title='bbox 796 2640 1053 2706; x_wconf 79' lang='grc' dir='ltr'>δοξάζων.</span> <span class='ocrx_word' id='word_1_294' title='bbox 1083 2641 1204 2699; x_wconf 80' lang='grc' dir='ltr'>Ἔτι</span> <span class='ocrx_word' id='word_1_295' title='bbox 1248 2639 1308 2695; x_wconf 71' lang='grc' dir='ltr'>δε</span> <span class='ocrx_word' id='word_1_296' title='bbox 1350 2648 1439 2696; x_wconf 84' lang='grc' dir='ltr'>καὶ</span> <span class='ocrx_word' id='word_1_297' title='bbox 1470 2645 1549 2695; x_wconf 83' lang='grc' dir='ltr'>ὅτι</span> <span class='ocrx_word' id='word_1_298' title='bbox 1578 2648 1671 2701; x_wconf 69' lang='grc' dir='ltr'>τὴν</span> <span class='ocrx_word' id='word_1_299' title='bbox 1708 2642 1793 2695; x_wconf 79' lang='grc' dir='ltr'>ἆλ-</span> 
     </span>
    </p>
   </div>
   <div class='ocr_carea' id='block_1_44' title="bbox 179 2729 1792 2807">
    <p class='ocr_par' dir='ltr' id='par_1_44' title="bbox 179 2729 1792 2807">
     <span class='ocr_line' id='line_1_44' title="bbox 179 2729 1792 2807; baseline -0.001 -20"><span class='ocrx_word' id='word_1_300' title='bbox 179 2734 393 2788; x_wconf 79' lang='grc' dir='ltr'>λοίωσιν</span> <span class='ocrx_word' id='word_1_301' title='bbox 452 2738 545 2785; x_wconf 85' lang='lat' dir='ltr'>xui</span> <span class='ocrx_word' id='word_1_302' title='bbox 593 2737 1068 2805; x_wconf 82' lang='grc' dir='ltr'>μεταστοιχείωσιν</span> <span class='ocrx_word' id='word_1_303' title='bbox 1126 2737 1214 2784; x_wconf 88' lang='lat' dir='ltr'>xui</span> <span class='ocrx_word' id='word_1_304' title='bbox 1254 2733 1431 2807; x_wconf 80' lang='grc' dir='ltr'>ῥεῦσιν</span> <span class='ocrx_word' id='word_1_305' title='bbox 1472 2729 1792 2791; x_wconf 82' lang='grc' dir='ltr'>εύδιάϐλητα</span> 
     </span>
    </p>
   </div>
   <div class='ocr_carea' id='block_1_45' title="bbox 182 2819 1793 2898">
    <p class='ocr_par' dir='ltr' id='par_1_45' title="bbox 182 2819 1793 2898">
     <span class='ocr_line' id='line_1_45' title="bbox 182 2819 1793 2898; baseline -0.001 -21"><span class='ocrx_word' id='word_1_306' title='bbox 182 2821 310 2877; x_wconf 70' lang='grc' dir='ltr'>εἶναι</span> <span class='ocrx_word' id='word_1_307' title='bbox 336 2825 479 2896; x_wconf 71' lang='grc' dir='ltr'>λέγει</span> <span class='ocrx_word' id='word_1_308' title='bbox 530 2826 705 2898; x_wconf 82' lang='grc' dir='ltr'>ὧσπερ</span> <span class='ocrx_word' id='word_1_309' title='bbox 753 2826 819 2875; x_wconf 82' lang='grc' dir='ltr'>τὰ</span> <span class='ocrx_word' id='word_1_310' title='bbox 860 2822 960 2875; x_wconf 76' lang='grc' dir='ltr'>ἀπὸ</span> <span class='ocrx_word' id='word_1_311' title='bbox 1008 2827 1197 2884; x_wconf 86' lang='grc' dir='ltr'>κακίας</span> <span class='ocrx_word' id='word_1_312' title='bbox 1254 2823 1417 2885; x_wconf 86' lang='grc' dir='ltr'>πάθη,</span> <span class='ocrx_word' id='word_1_313' title='bbox 1464 2827 1553 2875; x_wconf 84' lang='grc' dir='ltr'>καὶ</span> <span class='ocrx_word' id='word_1_314' title='bbox 1602 2819 1669 2881; x_wconf 75' lang='grc' dir='ltr'>δὴ</span> <span class='ocrx_word' id='word_1_315' title='bbox 1703 2828 1793 2876; x_wconf 90' lang='lat' dir='ltr'>xui</span> 
     </span>
    </p>
   </div>
   <div class='ocr_carea' id='block_1_46' title="bbox 184 2910 1790 2985">
    <p class='ocr_par' dir='ltr' id='par_1_46' title="bbox 184 2910 1790 2985">
     <span class='ocr_line' id='line_1_46' title="bbox 184 2910 1790 2985; baseline -0.002 -19"><span class='ocrx_word' id='word_1_316' title='bbox 184 2910 272 2967; x_wconf 80' lang='grc' dir='ltr'>διὰ</span> <span class='ocrx_word' id='word_1_317' title='bbox 302 2922 460 2967; x_wconf 67' lang='grc' dir='ltr'>τοῦτο</span> <span class='ocrx_word' id='word_1_318' title='bbox 504 2915 593 2965; x_wconf 85' lang='grc' dir='ltr'>τὸν</span> <span class='ocrx_word' id='word_1_319' title='bbox 634 2912 685 2949; x_wconf 72' lang='grc'>⁸³</span> <span class='ocrx_word' id='word_1_320' title='bbox 742 2914 929 2985; x_wconf 77' lang='grc' dir='ltr'>Κύριον</span> <span class='ocrx_word' id='word_1_321' title='bbox 988 2913 1133 2984; x_wconf 74' lang='grc' dir='ltr'>ἡμῶν</span> <span class='ocrx_word' id='word_1_322' title='bbox 1168 2911 1375 2971; x_wconf 83' lang='grc' dir='ltr'>Ἰησοῦν</span> <span class='ocrx_word' id='word_1_323' title='bbox 1421 2916 1651 2984; x_wconf 85' lang='grc' dir='ltr'>Χριστὸν</span> <span class='ocrx_word' id='word_1_324' title='bbox 1706 2911 1790 2964; x_wconf 80' lang='grc' dir='ltr'>ἀν-</span> 
     </span>
    </p>
   </div>
   <div class='ocr_carea' id='block_1_47' title="bbox 186 3000 1793 3077">
    <p class='ocr_par' dir='ltr' id='par_1_47' title="bbox 186 3000 1793 3077">
     <span class='ocr_line' id='line_1_47' title="bbox 186 3000 1793 3077; baseline -0.001 -22"><span class='ocrx_word' id='word_1_325' title='bbox 186 3004 461 3056; x_wconf 56' lang='grc' dir='ltr'>αλλοίωτον</span> <span class='ocrx_word' id='word_1_326' title='bbox 503 3007 595 3054; x_wconf 88' lang='lat' dir='ltr'>xui</span> <span class='ocrx_word' id='word_1_327' title='bbox 652 3000 843 3062; x_wconf 67' lang='lat' dir='ltr'>cinerei;</span> <span class='ocrx_word' id='word_1_328' title='bbox 898 3006 986 3054; x_wconf 87' lang='lat' dir='ltr'>xui</span> <span class='ocrx_word' id='word_1_329' title='bbox 1043 3002 1308 3075; x_wconf 81' lang='grc' dir='ltr'>ἄφθαρτον</span> <span class='ocrx_word' id='word_1_330' title='bbox 1371 3007 1460 3054; x_wconf 82' lang='grc' dir='ltr'>καὶ</span> <span class='ocrx_word' id='word_1_331' title='bbox 1508 3003 1793 3077; x_wconf 81' lang='grc' dir='ltr'>ἄρῥευστον</span> 
     </span>
    </p>
   </div>
   <div class='ocr_carea' id='block_1_48' title="bbox 1896 1839 3560 1913">
    <p class='ocr_par' dir='ltr' id='par_1_48' title="bbox 1896 1839 3560 1913">
     <span class='ocr_line' id='line_1_48' title="bbox 1896 1839 3560 1913; baseline 0.001 -15"><span class='ocrx_word' id='word_1_332' title='bbox 1896 1840 2178 1898; x_wconf 88' lang='lat' dir='ltr'>stratioue</span> <span class='ocrx_word' id='word_1_333' title='bbox 2211 1840 2481 1912; x_wconf 91' lang='lat' dir='ltr'>quadam</span> <span class='ocrx_word' id='word_1_334' title='bbox 2511 1839 2743 1896; x_wconf 86' lang='lat' dir='ltr'>astruit.</span> <span class='ocrx_word' id='word_1_335' title='bbox 2776 1840 2835 1894; x_wconf 89' lang='lat' dir='ltr'>In</span> <span class='ocrx_word' id='word_1_336' title='bbox 2869 1856 3051 1913; x_wconf 88' lang='lat' dir='ltr'>quem</span> <span class='ocrx_word' id='word_1_337' title='bbox 3090 1840 3314 1898; x_wconf 93' lang='lat' dir='ltr'>librum</span> <span class='ocrx_word' id='word_1_338' title='bbox 3349 1842 3560 1900; x_wconf 89' lang='lat' dir='ltr'>decem</span> 
     </span>
    </p>
   </div>
   <div class='ocr_carea' id='block_1_49' title="bbox 1897 1928 3558 2005">
    <p class='ocr_par' dir='ltr' id='par_1_49' title="bbox 1897 1928 3558 2005">
     <span class='ocr_line' id='line_1_49' title="bbox 1897 1928 3558 2005; baseline 0.002 -18"><span class='ocrx_word' id='word_1_339' title='bbox 1897 1931 2028 1996; x_wconf 87' lang='lat' dir='ltr'>hos,</span> <span class='ocrx_word' id='word_1_340' title='bbox 2063 1930 2145 1985; x_wconf 91' lang='lat' dir='ltr'>uti</span> <span class='ocrx_word' id='word_1_341' title='bbox 2189 1928 2473 1997; x_wconf 86' lang='lat' dir='ltr'>diximus,</span> <span class='ocrx_word' id='word_1_342' title='bbox 2506 1929 2640 2001; x_wconf 92' lang='lat' dir='ltr'>pius</span> <span class='ocrx_word' id='word_1_343' title='bbox 2681 1928 2777 1985; x_wconf 88' lang='lat' dir='ltr'>ille</span> <span class='ocrx_word' id='word_1_344' title='bbox 2822 1929 3114 1986; x_wconf 86' lang='lat' dir='ltr'>Eusebius</span> <span class='ocrx_word' id='word_1_345' title='bbox 3164 1932 3558 2005; x_wconf 83' lang='lat' dir='ltr'>conscripsit:</span> 
     </span>
    </p>
   </div>
   <div class='ocr_carea' id='block_1_50' title="bbox 1898 2017 3563 2093">
    <p class='ocr_par' dir='ltr' id='par_1_50' title="bbox 1898 2017 3563 2093">
     <span class='ocr_line' id='line_1_50' title="bbox 1898 2017 3563 2093; baseline 0.002 -18"><span class='ocrx_word' id='word_1_346' title='bbox 1898 2019 2119 2093; x_wconf 88' lang='lat' dir='ltr'>quibus</span> <span class='ocrx_word' id='word_1_347' title='bbox 2147 2017 2366 2091; x_wconf 86' lang='lat' dir='ltr'>probat</span> <span class='ocrx_word' id='word_1_348' title='bbox 2395 2018 2593 2089; x_wconf 90' lang='lat' dir='ltr'>ipsum</span> <span class='ocrx_word' id='word_1_349' title='bbox 2617 2033 2737 2074; x_wconf 91' lang='lat' dir='ltr'>non</span> <span class='ocrx_word' id='word_1_350' title='bbox 2766 2023 3110 2075; x_wconf 88' lang='lat' dir='ltr'>contentum</span> <span class='ocrx_word' id='word_1_351' title='bbox 3135 2018 3247 2075; x_wconf 93' lang='lat' dir='ltr'>illis</span> <span class='ocrx_word' id='word_1_352' title='bbox 3278 2019 3414 2077; x_wconf 84' lang='lat' dir='ltr'>ﬁdei</span> <span class='ocrx_word' id='word_1_353' title='bbox 3451 2026 3563 2078; x_wconf 86' lang='lat' dir='ltr'>ter-</span> 
     </span>
    </p>
   </div>
   <div class='ocr_carea' id='block_1_51' title="bbox 1905 2107 3563 2181">
    <p class='ocr_par' dir='ltr' id='par_1_51' title="bbox 1905 2107 3563 2181">
     <span class='ocr_line' id='line_1_51' title="bbox 1905 2107 3563 2181; baseline 0.001 -16"><span class='ocrx_word' id='word_1_354' title='bbox 1905 2108 2103 2179; x_wconf 85' lang='lat' dir='ltr'>minis,</span> <span class='ocrx_word' id='word_1_355' title='bbox 2138 2123 2291 2181; x_wconf 91' lang='lat' dir='ltr'>quos</span> <span class='ocrx_word' id='word_1_356' title='bbox 2318 2122 2491 2163; x_wconf 89' lang='lat' dir='ltr'>sacra</span> <span class='ocrx_word' id='word_1_357' title='bbox 2516 2107 2766 2163; x_wconf 91' lang='lat' dir='ltr'>concilia</span> <span class='ocrx_word' id='word_1_358' title='bbox 2800 2108 3165 2175; x_wconf 89' lang='lat' dir='ltr'>statuissent,</span> <span class='ocrx_word' id='word_1_359' title='bbox 3200 2109 3563 2180; x_wconf 90' lang='lat' dir='ltr'>peculiarem</span> 
     </span>
    </p>
   </div>
   <div class='ocr_carea' id='block_1_52' title="bbox 1900 2196 3564 2271">
    <p class='ocr_par' dir='ltr' id='par_1_52' title="bbox 1900 2196 3564 2271">
     <span class='ocr_line' id='line_1_52' title="bbox 1900 2196 3564 2271; baseline 0.002 -18"><span class='ocrx_word' id='word_1_360' title='bbox 1900 2197 2221 2271; x_wconf 89' lang='lat' dir='ltr'>quamdam</span> <span class='ocrx_word' id='word_1_361' title='bbox 2236 2196 2375 2252; x_wconf 86' lang='lat' dir='ltr'>ﬁdei</span> <span class='ocrx_word' id='word_1_362' title='bbox 2388 2196 2811 2269; x_wconf 83' lang='lat' dir='ltr'>expositionem</span> <span class='ocrx_word' id='word_1_363' title='bbox 2827 2197 3111 2254; x_wconf 89' lang='lat' dir='ltr'>audacter</span> <span class='ocrx_word' id='word_1_364' title='bbox 3123 2200 3529 2271; x_wconf 87' lang='lat' dir='ltr'>composuisse</span> <span class='ocrx_word' id='word_1_365' title='bbox 3550 2216 3564 2256; x_wconf 88' lang='lat'><strong>:</strong></span> 
     </span>
    </p>
   </div>
   <div class='ocr_carea' id='block_1_53' title="bbox 1902 2287 3566 2361">
    <p class='ocr_par' dir='ltr' id='par_1_53' title="bbox 1902 2287 3566 2361">
     <span class='ocr_line' id='line_1_53' title="bbox 1902 2287 3566 2361; baseline 0.001 -15"><span class='ocrx_word' id='word_1_366' title='bbox 1902 2292 2091 2346; x_wconf 89' lang='lat' dir='ltr'>multa</span> <span class='ocrx_word' id='word_1_367' title='bbox 2135 2302 2379 2360; x_wconf 87' lang='lat' dir='ltr'>quoque</span> <span class='ocrx_word' id='word_1_368' title='bbox 2428 2290 2774 2343; x_wconf 88' lang='lat' dir='ltr'>sanctorum</span> <span class='ocrx_word' id='word_1_369' title='bbox 2806 2289 3045 2343; x_wconf 85' lang='lat' dir='ltr'>Patrum</span> <span class='ocrx_word' id='word_1_370' title='bbox 3090 2287 3250 2344; x_wconf 90' lang='lat' dir='ltr'>dicta</span> <span class='ocrx_word' id='word_1_371' title='bbox 3280 2289 3566 2361; x_wconf 87' lang='lat' dir='ltr'>decerpta</span> 
     </span>
    </p>
   </div>
   <div class='ocr_carea' id='block_1_54' title="bbox 1901 2376 3563 2450">
    <p class='ocr_par' dir='ltr' id='par_1_54' title="bbox 1901 2376 3563 2450">
     <span class='ocr_line' id='line_1_54' title="bbox 1901 2376 3563 2450; baseline -0.001 -15"><span class='ocrx_word' id='word_1_372' title='bbox 1901 2384 2084 2450; x_wconf 89' lang='lat' dir='ltr'>atque</span> <span class='ocrx_word' id='word_1_373' title='bbox 2104 2377 2456 2442; x_wconf 79' lang='lat' dir='ltr'>adulterata,</span> <span class='ocrx_word' id='word_1_374' title='bbox 2480 2376 2537 2430; x_wconf 81' lang='lat' dir='ltr'>vi</span> <span class='ocrx_word' id='word_1_375' title='bbox 2563 2377 2621 2433; x_wconf 91' lang='lat' dir='ltr'>in</span> <span class='ocrx_word' id='word_1_376' title='bbox 2645 2392 2815 2433; x_wconf 90' lang='lat' dir='ltr'>suam</span> <span class='ocrx_word' id='word_1_377' title='bbox 2840 2377 3158 2435; x_wconf 84' lang='lat' dir='ltr'>detorsisse</span> <span class='ocrx_word' id='word_1_378' title='bbox 3182 2379 3563 2436; x_wconf 90' lang='lat' dir='ltr'>sententiam.</span> 
     </span>
    </p>
   </div>
   <div class='ocr_carea' id='block_1_55' title="bbox 1903 2465 3567 2532">
    <p class='ocr_par' dir='ltr' id='par_1_55' title="bbox 1903 2465 3567 2532">
     <span class='ocr_line' id='line_1_55' title="bbox 1903 2465 3567 2532; baseline 0.001 -9"><span class='ocrx_word' id='word_1_379' title='bbox 1903 2467 2089 2524; x_wconf 85' lang='lat' dir='ltr'>Veteri</span> <span class='ocrx_word' id='word_1_380' title='bbox 2111 2466 2189 2522; x_wconf 89' lang='lat' dir='ltr'>ad</span> <span class='ocrx_word' id='word_1_381' title='bbox 2210 2465 2360 2532; x_wconf 68' lang='lat' dir='ltr'>haec,</span> <span class='ocrx_word' id='word_1_382' title='bbox 2379 2470 2435 2521; x_wconf 87' lang='lat' dir='ltr'>et</span> <span class='ocrx_word' id='word_1_383' title='bbox 2458 2467 2620 2521; x_wconf 83' lang='lat' dir='ltr'>Novo</span> <span class='ocrx_word' id='word_1_384' title='bbox 2636 2468 3033 2532; x_wconf 86' lang='lat' dir='ltr'>Testamento,</span> <span class='ocrx_word' id='word_1_385' title='bbox 3056 2467 3278 2524; x_wconf 88' lang='lat' dir='ltr'>sanctis</span> <span class='ocrx_word' id='word_1_386' title='bbox 3296 2468 3567 2525; x_wconf 87' lang='lat' dir='ltr'>Patribus</span> 
     </span>
    </p>
   </div>
   <div class='ocr_carea' id='block_1_56' title="bbox 1903 2554 3563 2628">
    <p class='ocr_par' dir='ltr' id='par_1_56' title="bbox 1903 2554 3563 2628">
     <span class='ocr_line' id='line_1_56' title="bbox 1903 2554 3563 2628; baseline 0 -15"><span class='ocrx_word' id='word_1_387' title='bbox 1903 2572 2041 2613; x_wconf 92' lang='lat' dir='ltr'>eum</span> <span class='ocrx_word' id='word_1_388' title='bbox 2073 2554 2403 2619; x_wconf 86' lang='lat' dir='ltr'>adversari,</span> <span class='ocrx_word' id='word_1_389' title='bbox 2435 2554 2579 2609; x_wconf 89' lang='lat' dir='ltr'>dum</span> <span class='ocrx_word' id='word_1_390' title='bbox 2629 2554 3139 2628; x_wconf 88' lang='lat' dir='ltr'>incorruptibilem</span> <span class='ocrx_word' id='word_1_391' title='bbox 3172 2560 3229 2612; x_wconf 93' lang='lat' dir='ltr'>et</span> <span class='ocrx_word' id='word_1_392' title='bbox 3257 2563 3563 2627; x_wconf 83' lang='lat' dir='ltr'>expertem</span> 
     </span>
    </p>
   </div>
   <div class='ocr_carea' id='block_1_57' title="bbox 1901 2643 3565 2718">
    <p class='ocr_par' dir='ltr' id='par_1_57' title="bbox 1901 2643 3565 2718">
     <span class='ocr_line' id='line_1_57' title="bbox 1901 2643 3565 2718; baseline -0.001 -15"><span class='ocrx_word' id='word_1_393' title='bbox 1901 2645 2173 2702; x_wconf 89' lang='lat' dir='ltr'>interitus</span> <span class='ocrx_word' id='word_1_394' title='bbox 2224 2643 2517 2699; x_wconf 90' lang='lat' dir='ltr'>mundum</span> <span class='ocrx_word' id='word_1_395' title='bbox 2578 2643 2803 2699; x_wconf 91' lang='lat' dir='ltr'>asserit.</span> <span class='ocrx_word' id='word_1_396' title='bbox 2850 2644 3229 2701; x_wconf 78' lang='lat' dir='ltr'>Mutationem</span> <span class='ocrx_word' id='word_1_397' title='bbox 3276 2650 3565 2718; x_wconf 65' lang='lat' dir='ltr'>praeterea</span> 
     </span>
    </p>
   </div>
   <div class='ocr_carea' id='block_1_58' title="bbox 1902 2732 3568 2806">
    <p class='ocr_par' dir='ltr' id='par_1_58' title="bbox 1902 2732 3568 2806">
     <span class='ocr_line' id='line_1_58' title="bbox 1902 2732 3568 2806; baseline 0.001 -18"><span class='ocrx_word' id='word_1_398' title='bbox 1902 2732 2787 2803; x_wconf 84' lang='lat' dir='ltr'>illum,transformationem,ac</span> <span class='ocrx_word' id='word_1_399' title='bbox 2801 2732 3028 2788; x_wconf 82' lang='lat' dir='ltr'>ﬂuxum</span> <span class='ocrx_word' id='word_1_400' title='bbox 3038 2774 3055 2803; x_wconf 89' lang='lat'>,</span> <span class='ocrx_word' id='word_1_401' title='bbox 3073 2732 3568 2806; x_wconf 89' lang='lat' dir='ltr'>reprehendenda</span> 
     </span>
    </p>
   </div>
   <div class='ocr_carea' id='block_1_59' title="bbox 1903 2821 3566 2895">
    <p class='ocr_par' dir='ltr' id='par_1_59' title="bbox 1903 2821 3566 2895">
     <span class='ocr_line' id='line_1_59' title="bbox 1903 2821 3566 2895; baseline -0.002 -14"><span class='ocrx_word' id='word_1_402' title='bbox 1903 2839 2031 2881; x_wconf 84' lang='lat' dir='ltr'>esse</span> <span class='ocrx_word' id='word_1_403' title='bbox 2052 2824 2270 2889; x_wconf 88' lang='lat' dir='ltr'>dicere,</span> <span class='ocrx_word' id='word_1_404' title='bbox 2288 2838 2410 2879; x_wconf 90' lang='lat' dir='ltr'>non</span> <span class='ocrx_word' id='word_1_405' title='bbox 2435 2822 2634 2879; x_wconf 90' lang='lat' dir='ltr'>minus</span> <span class='ocrx_word' id='word_1_406' title='bbox 2653 2838 2840 2895; x_wconf 92' lang='lat' dir='ltr'>quam</span> <span class='ocrx_word' id='word_1_407' title='bbox 2863 2821 2975 2878; x_wconf 61' lang='lat' dir='ltr'>illa:</span> <span class='ocrx_word' id='word_1_408' title='bbox 2994 2837 3131 2894; x_wconf 67' lang='lat' dir='ltr'>qua:</span> <span class='ocrx_word' id='word_1_409' title='bbox 3154 2838 3227 2878; x_wconf 86' lang='lat' dir='ltr'>ex</span> <span class='ocrx_word' id='word_1_410' title='bbox 3248 2822 3566 2878; x_wconf 84' lang='lat' dir='ltr'>vitiositate</span> 
     </span>
    </p>
   </div>
   <div class='ocr_carea' id='block_1_60' title="bbox 1904 2910 3568 2984">
    <p class='ocr_par' dir='ltr' id='par_1_60' title="bbox 1904 2910 3568 2984">
     <span class='ocr_line' id='line_1_60' title="bbox 1904 2910 3568 2984; baseline -0.002 -14"><span class='ocrx_word' id='word_1_411' title='bbox 1904 2918 2101 2970; x_wconf 91' lang='lat' dir='ltr'>ortum</span> <span class='ocrx_word' id='word_1_412' title='bbox 2121 2912 2347 2969; x_wconf 88' lang='lat' dir='ltr'>habent</span> <span class='ocrx_word' id='word_1_413' title='bbox 2369 2911 2783 2984; x_wconf 88' lang='lat' dir='ltr'>perpessiones</span> <span class='ocrx_word' id='word_1_414' title='bbox 2805 2927 2817 2977; x_wconf 90' lang='lat'>;</span> <span class='ocrx_word' id='word_1_415' title='bbox 2840 2926 2909 2967; x_wconf 89' lang='lat' dir='ltr'>ac</span> <span class='ocrx_word' id='word_1_416' title='bbox 2932 2910 3229 2968; x_wconf 88' lang='lat' dir='ltr'>Christum</span> <span class='ocrx_word' id='word_1_417' title='bbox 3250 2916 3568 2983; x_wconf 87' lang='lat' dir='ltr'>propterea</span> 
     </span>
    </p>
   </div>
   <div class='ocr_carea' id='block_1_61' title="bbox 1907 2999 3566 3073">
    <p class='ocr_par' dir='ltr' id='par_1_61' title="bbox 1907 2999 3566 3073">
     <span class='ocr_line' id='line_1_61' title="bbox 1907 2999 3566 3073; baseline -0.002 -15"><span class='ocrx_word' id='word_1_418' title='bbox 1907 3002 2225 3059; x_wconf 88' lang='lat' dir='ltr'>Dominum</span> <span class='ocrx_word' id='word_1_419' title='bbox 2268 3006 2539 3057; x_wconf 88' lang='lat' dir='ltr'>nostrum</span> <span class='ocrx_word' id='word_1_420' title='bbox 2570 2999 2947 3056; x_wconf 89' lang='lat' dir='ltr'>immutabile</span> <span class='ocrx_word' id='word_1_421' title='bbox 2978 3015 3220 3072; x_wconf 89' lang='lat' dir='ltr'>corpus,</span> <span class='ocrx_word' id='word_1_422' title='bbox 3255 3006 3433 3073; x_wconf 88' lang='lat' dir='ltr'>atque</span> <span class='ocrx_word' id='word_1_423' title='bbox 3459 3000 3566 3056; x_wconf 81' lang='lat' dir='ltr'>im-</span> 
     </span>
    </p>
   </div>
   <div class='ocr_carea' id='block_1_62' title="bbox 188 3086 1796 3185">
    <p class='ocr_par' dir='ltr' id='par_1_62' title="bbox 188 3086 1795 3163">
     <span class='ocr_line' id='line_1_62' title="bbox 188 3086 1795 3163; baseline -0.001 -20"><span class='ocrx_word' id='word_1_424' title='bbox 188 3092 461 3145; x_wconf 72' lang='grc' dir='ltr'>ἀναλαϐεῖν</span> <span class='ocrx_word' id='word_1_425' title='bbox 495 3099 668 3163; x_wconf 78' lang='grc' dir='ltr'>σῶμα.</span> <span class='ocrx_word' id='word_1_426' title='bbox 732 3095 833 3143; x_wconf 83' lang='lat' dir='ltr'>Kui</span> <span class='ocrx_word' id='word_1_427' title='bbox 878 3090 1030 3142; x_wconf 86' lang='grc' dir='ltr'>πάλιν</span> <span class='ocrx_word' id='word_1_428' title='bbox 1074 3090 1285 3143; x_wconf 84' lang='grc' dir='ltr'>εἰπόντα</span> <span class='ocrx_word' id='word_1_429' title='bbox 1327 3086 1591 3163; x_wconf 70' lang='grc' dir='ltr'>διελέγχει</span> <span class='ocrx_word' id='word_1_430' title='bbox 1622 3088 1795 3145; x_wconf 78' lang='grc' dir='ltr'>ἀίδιον</span> 
     </span>
    </p>
   </div>
   <div class='ocr_carea' id='block_1_63' title="bbox 1908 3086 3565 3185">
    <p class='ocr_par' dir='ltr' id='par_1_63' title="bbox 1908 3088 3565 3163">
     <span class='ocr_line' id='line_1_63' title="bbox 1908 3088 3565 3163; baseline -0.002 -16"><span class='ocrx_word' id='word_1_431' title='bbox 1908 3090 2167 3163; x_wconf 89' lang='lat' dir='ltr'>patibile,</span> <span class='ocrx_word' id='word_1_432' title='bbox 2188 3094 2244 3147; x_wconf 91' lang='lat' dir='ltr'>et</span> <span class='ocrx_word' id='word_1_433' title='bbox 2259 3090 2691 3162; x_wconf 92' lang='lat' dir='ltr'>incorruptum,</span> <span class='ocrx_word' id='word_1_434' title='bbox 2706 3088 3073 3161; x_wconf 89' lang='lat' dir='ltr'>minimeque</span> <span class='ocrx_word' id='word_1_435' title='bbox 3090 3088 3322 3146; x_wconf 90' lang='lat' dir='ltr'>ﬂuxum</span> <span class='ocrx_word' id='word_1_436' title='bbox 3335 3105 3565 3146; x_wconf 49' lang='lat' dir='ltr'>assum.</span> 
     </span>
    </p>
   </div>
   <div class='ocr_carea' id='block_1_64' title="bbox 186 3177 1797 3253">
    <p class='ocr_par' dir='ltr' id='par_1_64' title="bbox 186 3177 1797 3253">
     <span class='ocr_line' id='line_1_64' title="bbox 186 3177 1797 3253; baseline 0 -20"><span class='ocrx_word' id='word_1_437' title='bbox 186 3187 271 3234; x_wconf 83' lang='lat' dir='ltr'>xui</span> <span class='ocrx_word' id='word_1_438' title='bbox 328 3182 595 3253; x_wconf 80' lang='grc' dir='ltr'>ἄφθαρτον</span> <span class='ocrx_word' id='word_1_439' title='bbox 650 3184 741 3230; x_wconf 89' lang='lat' dir='ltr'>xui</span> <span class='ocrx_word' id='word_1_440' title='bbox 792 3177 1037 3250; x_wconf 72' lang='grc' dir='ltr'>ἀγένητον</span> <span class='ocrx_word' id='word_1_441' title='bbox 1086 3182 1172 3231; x_wconf 87' lang='grc' dir='ltr'>τὸν</span> <span class='ocrx_word' id='word_1_442' title='bbox 1225 3184 1442 3253; x_wconf 80' lang='grc' dir='ltr'>κόσμον,</span> <span class='ocrx_word' id='word_1_443' title='bbox 1502 3185 1595 3239; x_wconf 75' lang='grc' dir='ltr'>τὴν</span> <span class='ocrx_word' id='word_1_444' title='bbox 1636 3177 1695 3234; x_wconf 77' lang='grc' dir='ltr'>δε</span> <span class='ocrx_word' id='word_1_445' title='bbox 1721 3180 1797 3233; x_wconf 86' lang='grc' dir='ltr'>λε-</span> 
     </span>
    </p>
   </div>
   <div class='ocr_carea' id='block_1_65' title="bbox 184 3265 1794 3343">
    <p class='ocr_par' dir='ltr' id='par_1_65' title="bbox 184 3265 1794 3343">
     <span class='ocr_line' id='line_1_65' title="bbox 184 3265 1794 3343; baseline 0.001 -23"><span class='ocrx_word' id='word_1_446' title='bbox 184 3274 408 3342; x_wconf 71' lang='grc' dir='ltr'>τομένην</span> <span class='ocrx_word' id='word_1_447' title='bbox 468 3272 598 3342; x_wconf 80' lang='grc' dir='ltr'>πρὸς</span> <span class='ocrx_word' id='word_1_448' title='bbox 651 3272 707 3321; x_wconf 86' lang='grc' dir='ltr'>τό</span> <span class='ocrx_word' id='word_1_449' title='bbox 759 3265 931 3322; x_wconf 79' lang='grc' dir='ltr'>ἀίδιον</span> <span class='ocrx_word' id='word_1_450' title='bbox 984 3268 1141 3321; x_wconf 73' lang='grc' dir='ltr'>αὐτοῦ</span> <span class='ocrx_word' id='word_1_451' title='bbox 1194 3274 1666 3342; x_wconf 81' lang='grc' dir='ltr'>μεταστοιχείωσιν</span> <span class='ocrx_word' id='word_1_452' title='bbox 1724 3275 1794 3343; x_wconf 81' lang='grc' dir='ltr'>μὴ</span> 
     </span>
    </p>
   </div>
   <div class='ocr_carea' id='block_1_66' title="bbox 187 3355 1797 3433">
    <p class='ocr_par' dir='ltr' id='par_1_66' title="bbox 187 3355 1797 3433">
     <span class='ocr_line' id='line_1_66' title="bbox 187 3355 1797 3433; baseline 0.001 -23"><span class='ocrx_word' id='word_1_453' title='bbox 187 3355 643 3433; x_wconf 76' lang='grc' dir='ltr'>παραδεχόμενον,</span> <span class='ocrx_word' id='word_1_454' title='bbox 698 3357 791 3410; x_wconf 78' lang='grc' dir='ltr'>ἅτε</span> <span class='ocrx_word' id='word_1_455' title='bbox 842 3363 930 3410; x_wconf 89' lang='lat' dir='ltr'>xui</span> <span class='ocrx_word' id='word_1_456' title='bbox 985 3357 1145 3419; x_wconf 75' lang='grc' dir='ltr'>αὐτῆς</span> <span class='ocrx_word' id='word_1_457' title='bbox 1202 3367 1301 3410; x_wconf 90' lang='grc' dir='ltr'>τῶν</span> <span class='ocrx_word' id='word_1_458' title='bbox 1353 3356 1708 3417; x_wconf 77' lang='grc' dir='ltr'>εύδιαϐλὴτων</span> <span class='ocrx_word' id='word_1_459' title='bbox 1753 3361 1797 3394; x_wconf 70' lang='grc'>⁸³</span> 
     </span>
    </p>
   </div>
   <div class='ocr_carea' id='block_1_67' title="bbox 190 3442 1802 3520">
    <p class='ocr_par' dir='ltr' id='par_1_67' title="bbox 190 3442 1802 3520">
     <span class='ocr_line' id='line_1_67' title="bbox 190 3442 1802 3520; baseline 0 -21"><span class='ocrx_word' id='word_1_460' title='bbox 190 3451 365 3501; x_wconf 71' lang='grc' dir='ltr'>παθῶν</span> <span class='ocrx_word' id='word_1_461' title='bbox 394 3446 518 3520; x_wconf 82' lang='grc' dir='ltr'>παρ’</span> <span class='ocrx_word' id='word_1_462' title='bbox 573 3446 709 3516; x_wconf 74' lang='grc' dir='ltr'>αὐτῷ</span> <span class='ocrx_word' id='word_1_463' title='bbox 754 3442 1223 3520; x_wconf 70' lang='grc' dir='ltr'>δογματιζομένης.</span> <span class='ocrx_word' id='word_1_464' title='bbox 1264 3452 1360 3500; x_wconf 77' lang='lat' dir='ltr'>Kui</span> <span class='ocrx_word' id='word_1_465' title='bbox 1393 3450 1473 3500; x_wconf 86' lang='grc' dir='ltr'>ὅτι</span> <span class='ocrx_word' id='word_1_466' title='bbox 1504 3456 1595 3501; x_wconf 84' lang='grc' dir='ltr'>τοῦ</span> <span class='ocrx_word' id='word_1_467' title='bbox 1627 3444 1802 3519; x_wconf 83' lang='grc' dir='ltr'>Ἀδὰμ</span> 
     </span>
    </p>
   </div>
   <div class='ocr_carea' id='block_1_68' title="bbox 191 3535 1802 3612">
    <p class='ocr_par' dir='ltr' id='par_1_68' title="bbox 191 3535 1802 3612">
     <span class='ocr_line' id='line_1_68' title="bbox 191 3535 1802 3612; baseline 0.001 -22"><span class='ocrx_word' id='word_1_468' title='bbox 191 3540 452 3612; x_wconf 77' lang='grc' dir='ltr'>ἄφθαρτον</span> <span class='ocrx_word' id='word_1_469' title='bbox 504 3539 591 3587; x_wconf 87' lang='lat' dir='ltr'>xui</span> <span class='ocrx_word' id='word_1_470' title='bbox 675 3535 931 3589; x_wconf 80' lang='grc' dir='ltr'>ἀθάνατον</span> <span class='ocrx_word' id='word_1_471' title='bbox 1003 3539 1139 3589; x_wconf 87' lang='grc' dir='ltr'>κατὰ</span> <span class='ocrx_word' id='word_1_472' title='bbox 1214 3539 1370 3608; x_wconf 90' lang='grc' dir='ltr'>φύσιν</span> <span class='ocrx_word' id='word_1_473' title='bbox 1437 3542 1525 3590; x_wconf 86' lang='lat' dir='ltr'>xui</span> <span class='ocrx_word' id='word_1_474' title='bbox 1609 3536 1802 3601; x_wconf 64' lang='grc' dir='ltr'>ἀπαθὲς</span> 
     </span>
    </p>
   </div>
   <div class='ocr_carea' id='block_1_69' title="bbox 193 3624 1796 3699">
    <p class='ocr_par' dir='ltr' id='par_1_69' title="bbox 193 3624 1796 3699">
     <span class='ocr_line' id='line_1_69' title="bbox 193 3624 1796 3699; baseline -0.001 -19"><span class='ocrx_word' id='word_1_475' title='bbox 193 3624 591 3685; x_wconf 75' lang='grc' dir='ltr'>διαπλασθῆναι</span> <span class='ocrx_word' id='word_1_476' title='bbox 614 3625 749 3698; x_wconf 71' lang='grc' dir='ltr'>λέγει</span> <span class='ocrx_word' id='word_1_477' title='bbox 803 3629 861 3678; x_wconf 87' lang='grc' dir='ltr'>τό</span> <span class='ocrx_word' id='word_1_478' title='bbox 912 3634 1083 3698; x_wconf 83' lang='grc' dir='ltr'>σῶμα,</span> <span class='ocrx_word' id='word_1_479' title='bbox 1144 3631 1232 3679; x_wconf 85' lang='lat' dir='ltr'>xui</span> <span class='ocrx_word' id='word_1_480' title='bbox 1286 3626 1344 3679; x_wconf 85' lang='grc' dir='ltr'>ού</span> <span class='ocrx_word' id='word_1_481' title='bbox 1411 3635 1562 3680; x_wconf 82' lang='grc' dir='ltr'>τοῦτο</span> <span class='ocrx_word' id='word_1_482' title='bbox 1628 3632 1796 3699; x_wconf 81' lang='grc' dir='ltr'>μόνον,</span> 
     </span>
    </p>
   </div>
   <div class='ocr_carea' id='block_1_70' title="bbox 195 3712 1802 3791">
    <p class='ocr_par' dir='ltr' id='par_1_70' title="bbox 195 3712 1802 3791">
     <span class='ocr_line' id='line_1_70' title="bbox 195 3712 1802 3791; baseline 0 -22"><span class='ocrx_word' id='word_1_483' title='bbox 195 3717 296 3769; x_wconf 68' lang='grc' dir='ltr'>ἀλλ’</span> <span class='ocrx_word' id='word_1_484' title='bbox 330 3718 418 3769; x_wconf 82' lang='grc' dir='ltr'>ὅτι</span> <span class='ocrx_word' id='word_1_485' title='bbox 478 3720 569 3768; x_wconf 87' lang='lat' dir='ltr'>xui</span> <span class='ocrx_word' id='word_1_486' title='bbox 630 3716 788 3777; x_wconf 66' lang='grc' dir='ltr'>αὐτὸς</span> <span class='ocrx_word' id='word_1_487' title='bbox 830 3717 855 3767; x_wconf 90' lang='lat'>6</span> <span class='ocrx_word' id='word_1_488' title='bbox 906 3723 1038 3787; x_wconf 84' lang='grc' dir='ltr'>χοῦς</span> <span class='ocrx_word' id='word_1_489' title='bbox 1088 3717 1347 3791; x_wconf 82' lang='grc' dir='ltr'>ἄφθαρτος</span> <span class='ocrx_word' id='word_1_490' title='bbox 1396 3712 1478 3781; x_wconf 77' lang='grc' dir='ltr'>ἦν,</span> <span class='ocrx_word' id='word_1_491' title='bbox 1534 3715 1587 3779; x_wconf 74' lang='grc' dir='ltr'>ἐξ</span> <span class='ocrx_word' id='word_1_492' title='bbox 1634 3717 1693 3769; x_wconf 83' lang='grc' dir='ltr'>οὗ</span> <span class='ocrx_word' id='word_1_493' title='bbox 1744 3720 1802 3769; x_wconf 87' lang='grc' dir='ltr'>τὸ</span> 
     </span>
    </p>
   </div>
   <div class='ocr_carea' id='block_1_71' title="bbox 197 3801 1806 3878">
    <p class='ocr_par' dir='ltr' id='par_1_71' title="bbox 197 3801 1806 3878">
     <span class='ocr_line' id='line_1_71' title="bbox 197 3801 1806 3878; baseline -0.001 -20"><span class='ocrx_word' id='word_1_494' title='bbox 197 3814 344 3878; x_wconf 76' lang='grc' dir='ltr'>σῶμα</span> <span class='ocrx_word' id='word_1_495' title='bbox 374 3801 697 3862; x_wconf 80' lang='grc' dir='ltr'>διεπλάσθη.</span> <span class='ocrx_word' id='word_1_496' title='bbox 768 3803 927 3857; x_wconf 87' lang='grc' dir='ltr'>Πάλιν</span> <span class='ocrx_word' id='word_1_497' title='bbox 988 3804 1194 3877; x_wconf 65' lang='grc' dir='ltr'>έλέγχει</span> <span class='ocrx_word' id='word_1_498' title='bbox 1251 3804 1406 3857; x_wconf 70' lang='grc' dir='ltr'>αὐτὸν</span> <span class='ocrx_word' id='word_1_499' title='bbox 1472 3810 1806 3876; x_wconf 79' lang='grc' dir='ltr'>μονοσήμαν-</span> 
     </span>
    </p>
   </div>
   <div class='ocr_carea' id='block_1_72' title="bbox 195 3890 1807 3966">
    <p class='ocr_par' dir='ltr' id='par_1_72' title="bbox 195 3890 1807 3966">
     <span class='ocr_line' id='line_1_72' title="bbox 195 3890 1807 3966; baseline -0.001 -20"><span class='ocrx_word' id='word_1_500' title='bbox 195 3914 273 3947; x_wconf 86' lang='grc' dir='ltr'>τον</span> <span class='ocrx_word' id='word_1_501' title='bbox 302 3900 359 3947; x_wconf 77' lang='grc' dir='ltr'>τό</span> <span class='ocrx_word' id='word_1_502' title='bbox 409 3903 504 3954; x_wconf 72' lang='grc' dir='ltr'>τῆς</span> <span class='ocrx_word' id='word_1_503' title='bbox 564 3896 753 3966; x_wconf 81' lang='grc' dir='ltr'>φθορᾶς</span> <span class='ocrx_word' id='word_1_504' title='bbox 803 3897 963 3966; x_wconf 79' lang='grc' dir='ltr'>ὄνομα</span> <span class='ocrx_word' id='word_1_505' title='bbox 1018 3893 1345 3966; x_wconf 83' lang='grc' dir='ltr'>έξειληφότα,</span> <span class='ocrx_word' id='word_1_506' title='bbox 1400 3892 1446 3946; x_wconf 83' lang='grc' dir='ltr'>έν</span> <span class='ocrx_word' id='word_1_507' title='bbox 1478 3892 1517 3966; x_wconf 84' lang='grc' dir='ltr'><em>ᾧ</em></span> <span class='ocrx_word' id='word_1_508' title='bbox 1565 3899 1653 3946; x_wconf 89' lang='lat' dir='ltr'>xui</span> <span class='ocrx_word' id='word_1_509' title='bbox 1695 3890 1807 3947; x_wconf 87' lang='grc' dir='ltr'>δεί-</span> 
     </span>
    </p>
   </div>
   <div class='ocr_carea' id='block_1_73' title="bbox 197 3983 1807 4055">
    <p class='ocr_par' dir='ltr' id='par_1_73' title="bbox 197 3983 1807 4055">
     <span class='ocr_line' id='line_1_73' title="bbox 197 3983 1807 4055; baseline 0 -20"><span class='ocrx_word' id='word_1_510' title='bbox 197 4002 372 4035; x_wconf 78' lang='grc' dir='ltr'>κνυσιν</span> <span class='ocrx_word' id='word_1_511' title='bbox 405 3983 489 4036; x_wconf 82' lang='grc' dir='ltr'>ὅτι</span> <span class='ocrx_word' id='word_1_512' title='bbox 519 3985 637 4034; x_wconf 71' lang='grc' dir='ltr'>οὔτε</span> <span class='ocrx_word' id='word_1_513' title='bbox 694 3984 885 4055; x_wconf 79' lang='grc' dir='ltr'>φθορᾶς</span> <span class='ocrx_word' id='word_1_514' title='bbox 934 3985 1051 4035; x_wconf 81' lang='grc' dir='ltr'>οὔτε</span> <span class='ocrx_word' id='word_1_515' title='bbox 1110 3984 1332 4036; x_wconf 88' lang='grc' dir='ltr'>θανάτου</span> <span class='ocrx_word' id='word_1_516' title='bbox 1384 3986 1501 4035; x_wconf 77' lang='grc' dir='ltr'>οὔτε</span> <span class='ocrx_word' id='word_1_517' title='bbox 1552 3990 1642 4035; x_wconf 83' lang='grc' dir='ltr'>τοῦ</span> <span class='ocrx_word' id='word_1_518' title='bbox 1672 3986 1807 4035; x_wconf 79' lang='grc' dir='ltr'>κατὰ</span> 
     </span>
    </p>
   </div>
   <div class='ocr_carea' id='block_1_74' title="bbox 200 4068 1808 4145">
    <p class='ocr_par' dir='ltr' id='par_1_74' title="bbox 200 4068 1808 4145">
     <span class='ocr_line' id='line_1_74' title="bbox 200 4068 1808 4145; baseline 0.001 -22"><span class='ocrx_word' id='word_1_519' title='bbox 200 4078 381 4124; x_wconf 74' lang='grc' dir='ltr'>κακίαν</span> <span class='ocrx_word' id='word_1_520' title='bbox 427 4074 652 4135; x_wconf 79' lang='grc' dir='ltr'>πάθους,</span> <span class='ocrx_word' id='word_1_521' title='bbox 715 4071 821 4123; x_wconf 75' lang='grc' dir='ltr'>ἀλλ’</span> <span class='ocrx_word' id='word_1_522' title='bbox 908 4068 1032 4124; x_wconf 72' lang='grc' dir='ltr'>ούδε</span> <span class='ocrx_word' id='word_1_523' title='bbox 1096 4081 1191 4124; x_wconf 89' lang='grc' dir='ltr'>τῶν</span> <span class='ocrx_word' id='word_1_524' title='bbox 1253 4072 1618 4145; x_wconf 77' lang='grc' dir='ltr'>ἁμαρτητικῶν</span> <span class='ocrx_word' id='word_1_525' title='bbox 1670 4071 1808 4144; x_wconf 69' lang='grc' dir='ltr'>λογι-</span> 
     </span>
    </p>
   </div>
   <div class='ocr_carea' id='block_1_75' title="bbox 204 4158 1804 4237">
    <p class='ocr_par' dir='ltr' id='par_1_75' title="bbox 204 4158 1804 4237">
     <span class='ocr_line' id='line_1_75' title="bbox 204 4158 1804 4237; baseline 0 -24"><span class='ocrx_word' id='word_1_526' title='bbox 204 4171 341 4233; x_wconf 68' lang='grc' dir='ltr'>σξιᾶη</span> <span class='ocrx_word' id='word_1_527' title='bbox 400 4158 612 4221; x_wconf 68' lang='grc' dir='ltr'>οὐδενός</span> <span class='ocrx_word' id='word_1_528' title='bbox 674 4163 869 4213; x_wconf 81' lang='grc' dir='ltr'>τούτων</span> <span class='ocrx_word' id='word_1_529' title='bbox 923 4159 1250 4235; x_wconf 75' lang='grc' dir='ltr'>δημιουργὸς</span> <span class='ocrx_word' id='word_1_530' title='bbox 1297 4163 1527 4237; x_wconf 79' lang='grc' dir='ltr'>ὑπάρχει</span> <span class='ocrx_word' id='word_1_531' title='bbox 1580 4164 1605 4214; x_wconf 91' lang='lat'>6</span> <span class='ocrx_word' id='word_1_532' title='bbox 1661 4166 1804 4226; x_wconf 84' lang='grc' dir='ltr'>Θεὸς,</span> 
     </span>
    </p>
   </div>
   <div class='ocr_carea' id='block_1_76' title="bbox 201 4251 1812 4324">
    <p class='ocr_par' dir='ltr' id='par_1_76' title="bbox 201 4251 1812 4324">
     <span class='ocr_line' id='line_1_76' title="bbox 201 4251 1812 4324; baseline 0 -21"><span class='ocrx_word' id='word_1_533' title='bbox 201 4251 242 4303; x_wconf 83' lang='grc' dir='ltr'>εἰ</span> <span class='ocrx_word' id='word_1_534' title='bbox 268 4256 357 4303; x_wconf 79' lang='grc' dir='ltr'>καὶ</span> <span class='ocrx_word' id='word_1_535' title='bbox 389 4258 492 4303; x_wconf 81' lang='grc' dir='ltr'>τῶν</span> <span class='ocrx_word' id='word_1_536' title='bbox 535 4252 778 4324; x_wconf 87' lang='grc' dir='ltr'>φθαρτῶν</span> <span class='ocrx_word' id='word_1_537' title='bbox 834 4256 922 4303; x_wconf 87' lang='lat' dir='ltr'>xui</span> <span class='ocrx_word' id='word_1_538' title='bbox 952 4259 1051 4302; x_wconf 87' lang='grc' dir='ltr'>τῶν</span> <span class='ocrx_word' id='word_1_539' title='bbox 1105 4251 1151 4286; x_wconf 67' lang='grc'><strong><em>⁸⁵</em></strong></span> <span class='ocrx_word' id='word_1_540' title='bbox 1207 4253 1402 4308; x_wconf 89' lang='grc' dir='ltr'>θνητῶν</span> <span class='ocrx_word' id='word_1_541' title='bbox 1441 4251 1632 4304; x_wconf 76' lang='grc' dir='ltr'>οὐσιῶν</span> <span class='ocrx_word' id='word_1_542' title='bbox 1680 4253 1812 4303; x_wconf 87' lang='grc' dir='ltr'>καθ-</span> 
     </span>
    </p>
   </div>
   <div class='ocr_carea' id='block_1_77' title="bbox 202 4336 1812 4413">
    <p class='ocr_par' dir='ltr' id='par_1_77' title="bbox 202 4336 1812 4413">
     <span class='ocr_line' id='line_1_77' title="bbox 202 4336 1812 4413; baseline -0.001 -20"><span class='ocrx_word' id='word_1_543' title='bbox 202 4340 385 4398; x_wconf 68' lang='grc' dir='ltr'>ἕστηκε</span> <span class='ocrx_word' id='word_1_544' title='bbox 441 4336 809 4411; x_wconf 71' lang='grc' dir='ltr'>δημιουργός·</span> <span class='ocrx_word' id='word_1_545' title='bbox 866 4337 1031 4392; x_wconf 74' lang='grc' dir='ltr'>έκεῖνα</span> <span class='ocrx_word' id='word_1_546' title='bbox 1090 4342 1192 4413; x_wconf 71' lang='grc' dir='ltr'>γὰρ</span> <span class='ocrx_word' id='word_1_547' title='bbox 1243 4340 1372 4412; x_wconf 75' lang='grc'>[180</span> <span class='ocrx_word' id='word_1_548' title='bbox 1431 4340 1520 4413; x_wconf 82' lang='grc' dir='ltr'>Η.]</span> <span class='ocrx_word' id='word_1_549' title='bbox 1567 4348 1665 4392; x_wconf 83' lang='grc' dir='ltr'>τῶν</span> <span class='ocrx_word' id='word_1_550' title='bbox 1727 4340 1812 4392; x_wconf 79' lang='grc' dir='ltr'>ἁν-</span> 
     </span>
    </p>
   </div>
   <div class='ocr_carea' id='block_1_78' title="bbox 203 4428 1814 4501">
    <p class='ocr_par' dir='ltr' id='par_1_78' title="bbox 203 4428 1814 4501">
     <span class='ocr_line' id='line_1_78' title="bbox 203 4428 1814 4501; baseline 0.001 -20"><span class='ocrx_word' id='word_1_551' title='bbox 203 4433 477 4500; x_wconf 74' lang='grc' dir='ltr'>υπάρκτων</span> <span class='ocrx_word' id='word_1_552' title='bbox 501 4431 550 4464; x_wconf 80' lang='grc'><strong>⁴⁵</strong></span> <span class='ocrx_word' id='word_1_553' title='bbox 609 4428 715 4481; x_wconf 70' lang='lat' dir='ltr'>iuri</span> <span class='ocrx_word' id='word_1_554' title='bbox 760 4433 849 4481; x_wconf 85' lang='lat' dir='ltr'>xui</span> <span class='ocrx_word' id='word_1_555' title='bbox 908 4428 1025 4481; x_wconf 87' lang='grc' dir='ltr'>καθ’</span> <span class='ocrx_word' id='word_1_556' title='bbox 1079 4428 1238 4482; x_wconf 80' lang='grc' dir='ltr'>έαυτὰ</span> <span class='ocrx_word' id='word_1_557' title='bbox 1292 4433 1365 4500; x_wconf 80' lang='grc' dir='ltr'>μὴ</span> <span class='ocrx_word' id='word_1_558' title='bbox 1417 4428 1645 4501; x_wconf 77' lang='grc' dir='ltr'>ἐχόντων</span> <span class='ocrx_word' id='word_1_559' title='bbox 1688 4430 1814 4482; x_wconf 71' lang='lat'><strong><em>61:6-</em></strong></span> 
     </span>
    </p>
   </div>
   <div class='ocr_carea' id='block_1_79' title="bbox 208 4513 1815 4594">
    <p class='ocr_par' dir='ltr' id='par_1_79' title="bbox 208 4513 1815 4594">
     <span class='ocr_line' id='line_1_79' title="bbox 208 4513 1815 4594; baseline 0.001 -24"><span class='ocrx_word' id='word_1_560' title='bbox 208 4536 412 4571; x_wconf 76' lang='grc' dir='ltr'>στασιν.</span> <span class='ocrx_word' id='word_1_561' title='bbox 463 4516 585 4571; x_wconf 76' lang='grc' dir='ltr'>Ἔτι</span> <span class='ocrx_word' id='word_1_562' title='bbox 638 4513 696 4570; x_wconf 57' lang='grc' dir='ltr'>δὴ</span> <span class='ocrx_word' id='word_1_563' title='bbox 740 4513 1003 4589; x_wconf 75' lang='grc' dir='ltr'>διελέγχει</span> <span class='ocrx_word' id='word_1_564' title='bbox 1048 4518 1204 4572; x_wconf 76' lang='grc' dir='ltr'>αὐτὸν</span> <span class='ocrx_word' id='word_1_565' title='bbox 1261 4522 1319 4571; x_wconf 89' lang='grc' dir='ltr'>τὸ</span> <span class='ocrx_word' id='word_1_566' title='bbox 1374 4522 1623 4594; x_wconf 86' lang='grc' dir='ltr'>κυριακὸν</span> <span class='ocrx_word' id='word_1_567' title='bbox 1660 4527 1815 4592; x_wconf 83' lang='grc' dir='ltr'>σῶμα</span> 
     </span>
    </p>
   </div>
   <div class='ocr_carea' id='block_1_80' title="bbox 209 4605 1813 4680">
    <p class='ocr_par' dir='ltr' id='par_1_80' title="bbox 209 4605 1813 4680">
     <span class='ocr_line' id='line_1_80' title="bbox 209 4605 1813 4680; baseline 0.001 -21"><span class='ocrx_word' id='word_1_568' title='bbox 209 4607 257 4668; x_wconf 75' lang='grc' dir='ltr'><strong>ἐξ</strong></span> <span class='ocrx_word' id='word_1_569' title='bbox 294 4608 456 4669; x_wconf 70' lang='grc' dir='ltr'>αὐτῆς</span> <span class='ocrx_word' id='word_1_570' title='bbox 507 4606 737 4669; x_wconf 79' lang='grc' dir='ltr'>ένὼσεως</span> <span class='ocrx_word' id='word_1_571' title='bbox 793 4605 988 4669; x_wconf 75' lang='grc' dir='ltr'>ἀπαθες</span> <span class='ocrx_word' id='word_1_572' title='bbox 1041 4612 1131 4660; x_wconf 89' lang='lat' dir='ltr'>xui</span> <span class='ocrx_word' id='word_1_573' title='bbox 1190 4609 1454 4680; x_wconf 85' lang='grc' dir='ltr'>ἄφθαρτον</span> <span class='ocrx_word' id='word_1_574' title='bbox 1514 4614 1603 4662; x_wconf 89' lang='lat' dir='ltr'>xui</span> <span class='ocrx_word' id='word_1_575' title='bbox 1664 4606 1813 4661; x_wconf 77' lang='grc' dir='ltr'>ἀναλ-</span> 
     </span>
    </p>
   </div>
   <div class='ocr_carea' id='block_1_81' title="bbox 210 4694 1814 4771">
    <p class='ocr_par' dir='ltr' id='par_1_81' title="bbox 210 4694 1814 4771">
     <span class='ocr_line' id='line_1_81' title="bbox 210 4694 1814 4771; baseline 0.001 -22"><span class='ocrx_word' id='word_1_576' title='bbox 210 4694 416 4750; x_wconf 67' lang='grc' dir='ltr'>λοίωτον</span> <span class='ocrx_word' id='word_1_577' title='bbox 458 4696 867 4769; x_wconf 73' lang='grc' dir='ltr'>ἀποφαινόμενον</span> <span class='ocrx_word' id='word_1_578' title='bbox 925 4713 937 4725; x_wconf 79' lang='grc'><strong><em>⁸</em></strong></span> <span class='ocrx_word' id='word_1_579' title='bbox 992 4698 1113 4771; x_wconf 86' lang='grc' dir='ltr'>ὅπερ</span> <span class='ocrx_word' id='word_1_580' title='bbox 1156 4698 1238 4749; x_wconf 83' lang='grc' dir='ltr'>ἱνα</span> <span class='ocrx_word' id='word_1_581' title='bbox 1277 4702 1543 4771; x_wconf 77' lang='grc' dir='ltr'>συστήσῃ,</span> <span class='ocrx_word' id='word_1_582' title='bbox 1590 4700 1659 4760; x_wconf 84' lang='grc' dir='ltr'>ὡς</span> <span class='ocrx_word' id='word_1_583' title='bbox 1714 4697 1814 4750; x_wconf 86' lang='grc' dir='ltr'>ένό-</span> 
     </span>
    </p>
   </div>
   <div class='ocr_carea' id='block_1_82' title="bbox 214 4782 1816 4862">
    <p class='ocr_par' dir='ltr' id='par_1_82' title="bbox 214 4782 1816 4862">
     <span class='ocr_line' id='line_1_82' title="bbox 214 4782 1816 4862; baseline 0.003 -26"><span class='ocrx_word' id='word_1_584' title='bbox 214 4804 346 4855; x_wconf 67' lang='grc' dir='ltr'>μισε,</span> <span class='ocrx_word' id='word_1_585' title='bbox 404 4782 678 4837; x_wconf 83' lang='grc' dir='ltr'>δείκνυσιν</span> <span class='ocrx_word' id='word_1_586' title='bbox 725 4785 877 4837; x_wconf 79' lang='grc' dir='ltr'>αὐτὸν</span> <span class='ocrx_word' id='word_1_587' title='bbox 916 4790 1005 4838; x_wconf 74' lang='grc' dir='ltr'>καὶ</span> <span class='ocrx_word' id='word_1_588' title='bbox 1065 4790 1159 4844; x_wconf 87' lang='grc' dir='ltr'>τὴν</span> <span class='ocrx_word' id='word_1_589' title='bbox 1216 4786 1373 4845; x_wconf 82' lang='grc' dir='ltr'>ἄλλην</span> <span class='ocrx_word' id='word_1_590' title='bbox 1428 4787 1643 4840; x_wconf 85' lang='grc' dir='ltr'>ἀτοπίαν</span> <span class='ocrx_word' id='word_1_591' title='bbox 1698 4792 1816 4862; x_wconf 91' lang='grc' dir='ltr'>περί</span> 
     </span>
    </p>
   </div>
   <div class='ocr_carea' id='block_1_83' title="bbox 216 4871 1810 4949">
    <p class='ocr_par' dir='ltr' id='par_1_83' title="bbox 216 4871 1810 4949">
     <span class='ocr_line' id='line_1_83' title="bbox 216 4871 1810 4949; baseline 0.003 -25"><span class='ocrx_word' id='word_1_592' title='bbox 216 4882 381 4927; x_wconf 78' lang='grc' dir='ltr'>τετοῦ</span> <span class='ocrx_word' id='word_1_593' title='bbox 420 4880 627 4947; x_wconf 70' lang='grc' dir='ltr'>κόσμου</span> <span class='ocrx_word' id='word_1_594' title='bbox 675 4879 765 4926; x_wconf 88' lang='lat' dir='ltr'>xui</span> <span class='ocrx_word' id='word_1_595' title='bbox 812 4882 904 4927; x_wconf 81' lang='grc' dir='ltr'>τού</span> <span class='ocrx_word' id='word_1_596' title='bbox 954 4871 1135 4948; x_wconf 77' lang='grc' dir='ltr'>Ἀδὰμ</span> <span class='ocrx_word' id='word_1_597' title='bbox 1202 4874 1649 4949; x_wconf 71' lang='grc' dir='ltr'>ἀποφθέγξασθαι.</span> <span class='ocrx_word' id='word_1_598' title='bbox 1706 4882 1810 4929; x_wconf 88' lang='grc' dir='ltr'>Δεί-</span> 
     </span>
    </p>
   </div>
   <div class='ocr_carea' id='block_1_84' title="bbox 218 4960 1815 5041">
    <p class='ocr_par' dir='ltr' id='par_1_84' title="bbox 218 4960 1815 5041">
     <span class='ocr_line' id='line_1_84' title="bbox 218 4960 1815 5041; baseline 0.003 -27"><span class='ocrx_word' id='word_1_599' title='bbox 218 4982 360 5016; x_wconf 77' lang='grc' dir='ltr'>εννσι</span> <span class='ocrx_word' id='word_1_600' title='bbox 401 4960 463 5017; x_wconf 66' lang='grc' dir='ltr'>δι</span> <span class='ocrx_word' id='word_1_601' title='bbox 501 4966 555 5016; x_wconf 69' lang='grc' dir='ltr'>ιν</span> <span class='ocrx_word' id='word_1_602' title='bbox 592 4963 768 5035; x_wconf 77' lang='grc' dir='ltr'>ταύτῷ</span> <span class='ocrx_word' id='word_1_603' title='bbox 807 4965 832 5016; x_wconf 90' lang='lat'>6</span> <span class='ocrx_word' id='word_1_604' title='bbox 883 4962 1134 5027; x_wconf 75' lang='grc' dir='ltr'>Εὐσέϐιος</span> <span class='ocrx_word' id='word_1_605' title='bbox 1176 4969 1265 5018; x_wconf 80' lang='lat' dir='ltr'>xui</span> <span class='ocrx_word' id='word_1_606' title='bbox 1290 4968 1347 5018; x_wconf 83' lang='grc' dir='ltr'>τὸ</span> <span class='ocrx_word' id='word_1_607' title='bbox 1378 4974 1468 5028; x_wconf 82' lang='grc' dir='ltr'>τῆς</span> <span class='ocrx_word' id='word_1_608' title='bbox 1490 4967 1686 5041; x_wconf 87' lang='grc' dir='ltr'>φθορᾶς</span> <span class='ocrx_word' id='word_1_609' title='bbox 1726 4971 1815 5019; x_wconf 89' lang='lat' dir='ltr'>xui</span> 
     </span>
    </p>
   </div>
   <div class='ocr_carea' id='block_1_85' title="bbox 1906 3177 3568 3252">
    <p class='ocr_par' dir='ltr' id='par_1_85' title="bbox 1906 3177 3568 3252">
     <span class='ocr_line' id='line_1_85' title="bbox 1906 3177 3568 3252; baseline -0.001 -16"><span class='ocrx_word' id='word_1_610' title='bbox 1906 3181 2119 3252; x_wconf 89' lang='lat' dir='ltr'>psisse.</span> <span class='ocrx_word' id='word_1_611' title='bbox 2144 3182 2397 3236; x_wconf 78' lang='lat' dir='ltr'>Rursum</span> <span class='ocrx_word' id='word_1_612' title='bbox 2421 3182 2622 3236; x_wconf 90' lang='lat' dir='ltr'>autem</span> <span class='ocrx_word' id='word_1_613' title='bbox 2644 3194 2783 3235; x_wconf 88' lang='lat' dir='ltr'>eum</span> <span class='ocrx_word' id='word_1_614' title='bbox 2810 3177 3212 3251; x_wconf 88' lang='lat' dir='ltr'>reprehendit,</span> <span class='ocrx_word' id='word_1_615' title='bbox 3238 3179 3383 3235; x_wconf 88' lang='lat' dir='ltr'>dum</span> <span class='ocrx_word' id='word_1_616' title='bbox 3412 3177 3568 3234; x_wconf 79' lang='lat' dir='ltr'>afﬁr-</span> 
     </span>
    </p>
   </div>
   <div class='ocr_carea' id='block_1_86' title="bbox 1908 3267 3570 3339">
    <p class='ocr_par' dir='ltr' id='par_1_86' title="bbox 1908 3267 3570 3339">
     <span class='ocr_line' id='line_1_86' title="bbox 1908 3267 3570 3339; baseline -0.002 -12"><span class='ocrx_word' id='word_1_617' title='bbox 1908 3273 2033 3327; x_wconf 90' lang='lat' dir='ltr'>mat</span> <span class='ocrx_word' id='word_1_618' title='bbox 2050 3268 2346 3325; x_wconf 90' lang='lat' dir='ltr'>mundum</span> <span class='ocrx_word' id='word_1_619' title='bbox 2363 3269 2526 3325; x_wconf 80' lang='lat' dir='ltr'>hunc</span> <span class='ocrx_word' id='word_1_620' title='bbox 2545 3272 2833 3324; x_wconf 70' lang='lat' dir='ltr'>aeternum</span> <span class='ocrx_word' id='word_1_621' title='bbox 2855 3284 3006 3337; x_wconf 88' lang='lat' dir='ltr'>esse,</span> <span class='ocrx_word' id='word_1_622' title='bbox 3026 3274 3083 3323; x_wconf 88' lang='lat' dir='ltr'>et</span> <span class='ocrx_word' id='word_1_623' title='bbox 3098 3267 3570 3339; x_wconf 80' lang='lat' dir='ltr'>ingenerabilem</span> 
     </span>
    </p>
   </div>
   <div class='ocr_carea' id='block_1_87' title="bbox 1910 3357 3569 3431">
    <p class='ocr_par' dir='ltr' id='par_1_87' title="bbox 1910 3357 3569 3431">
     <span class='ocr_line' id='line_1_87' title="bbox 1910 3357 3569 3431; baseline -0.001 -17"><span class='ocrx_word' id='word_1_624' title='bbox 1910 3364 2091 3431; x_wconf 87' lang='lat' dir='ltr'>atque</span> <span class='ocrx_word' id='word_1_625' title='bbox 2114 3357 2627 3430; x_wconf 85' lang='lat' dir='ltr'>incorruptibilem</span> <span class='ocrx_word' id='word_1_626' title='bbox 2650 3374 2664 3423; x_wconf 87' lang='lat'><strong>;</strong></span> <span class='ocrx_word' id='word_1_627' title='bbox 2699 3372 2895 3429; x_wconf 90' lang='lat' dir='ltr'>neque</span> <span class='ocrx_word' id='word_1_628' title='bbox 2918 3362 3115 3413; x_wconf 87' lang='lat' dir='ltr'>tamen</span> <span class='ocrx_word' id='word_1_629' title='bbox 3139 3357 3569 3414; x_wconf 86' lang='lat' dir='ltr'>elementorum</span> 
     </span>
    </p>
   </div>
   <div class='ocr_carea' id='block_1_88' title="bbox 1910 3446 3571 3519">
    <p class='ocr_par' dir='ltr' id='par_1_88' title="bbox 1910 3446 3571 3519">
     <span class='ocr_line' id='line_1_88' title="bbox 1910 3446 3571 3519; baseline -0.001 -15"><span class='ocrx_word' id='word_1_630' title='bbox 1910 3448 2073 3505; x_wconf 91' lang='lat' dir='ltr'>illam</span> <span class='ocrx_word' id='word_1_631' title='bbox 2104 3448 2657 3504; x_wconf 87' lang='lat' dir='ltr'>transmutationem</span> <span class='ocrx_word' id='word_1_632' title='bbox 2683 3446 2909 3519; x_wconf 89' lang='lat' dir='ltr'>recipit,</span> <span class='ocrx_word' id='word_1_633' title='bbox 2928 3462 3064 3519; x_wconf 68' lang='lat' dir='ltr'>quae</span> <span class='ocrx_word' id='word_1_634' title='bbox 3081 3446 3161 3503; x_wconf 87' lang='lat' dir='ltr'>ad</span> <span class='ocrx_word' id='word_1_635' title='bbox 3182 3447 3571 3503; x_wconf 68' lang='lat' dir='ltr'>aeternitatem</span> 
     </span>
    </p>
   </div>
   <div class='ocr_carea' id='block_1_89' title="bbox 1910 3535 3571 3609">
    <p class='ocr_par' dir='ltr' id='par_1_89' title="bbox 1910 3535 3571 3609">
     <span class='ocr_line' id='line_1_89' title="bbox 1910 3535 3571 3609; baseline -0.002 -15"><span class='ocrx_word' id='word_1_636' title='bbox 1910 3537 2066 3594; x_wconf 91' lang='lat' dir='ltr'>illius</span> <span class='ocrx_word' id='word_1_637' title='bbox 2082 3536 2566 3593; x_wconf 82' lang='lat' dir='ltr'>constituendam</span> <span class='ocrx_word' id='word_1_638' title='bbox 2580 3535 3053 3608; x_wconf 76' lang='lat' dir='ltr'>atiertur,utpote</span> <span class='ocrx_word' id='word_1_639' title='bbox 3068 3536 3230 3609; x_wconf 91' lang='lat' dir='ltr'>quod</span> <span class='ocrx_word' id='word_1_640' title='bbox 3247 3537 3375 3593; x_wconf 66' lang='lat' dir='ltr'>hinc</span> <span class='ocrx_word' id='word_1_641' title='bbox 3392 3536 3571 3592; x_wconf 90' lang='lat' dir='ltr'>etiam</span> 
     </span>
    </p>
   </div>
   <div class='ocr_carea' id='block_1_90' title="bbox 1912 3624 3572 3697">
    <p class='ocr_par' dir='ltr' id='par_1_90' title="bbox 1912 3624 3572 3697">
     <span class='ocr_line' id='line_1_90' title="bbox 1912 3624 3572 3697; baseline -0.002 -14"><span class='ocrx_word' id='word_1_642' title='bbox 1912 3627 2061 3683; x_wconf 90' lang='lat' dir='ltr'>inter</span> <span class='ocrx_word' id='word_1_643' title='bbox 2087 3626 2218 3682; x_wconf 90' lang='lat' dir='ltr'>illas</span> <span class='ocrx_word' id='word_1_644' title='bbox 2250 3626 2564 3697; x_wconf 89' lang='lat' dir='ltr'>passiones</span> <span class='ocrx_word' id='word_1_645' title='bbox 2612 3624 2705 3691; x_wconf 85' lang='lat' dir='ltr'>sit,</span> <span class='ocrx_word' id='word_1_646' title='bbox 2734 3640 2888 3696; x_wconf 91' lang='lat' dir='ltr'>quas</span> <span class='ocrx_word' id='word_1_647' title='bbox 2933 3625 3430 3696; x_wconf 87' lang='lat' dir='ltr'>reprehensibiles</span> <span class='ocrx_word' id='word_1_648' title='bbox 3460 3625 3572 3680; x_wconf 60' lang='lat' dir='ltr'>illas</span> 
     </span>
    </p>
   </div>
   <div class='ocr_carea' id='block_1_91' title="bbox 1913 3712 3574 3784">
    <p class='ocr_par' dir='ltr' id='par_1_91' title="bbox 1913 3712 3574 3784">
     <span class='ocr_line' id='line_1_91' title="bbox 1913 3712 3574 3784; baseline -0.002 -12"><span class='ocrx_word' id='word_1_649' title='bbox 1913 3732 2045 3773; x_wconf 89' lang='lat' dir='ltr'>esse</span> <span class='ocrx_word' id='word_1_650' title='bbox 2066 3721 2225 3771; x_wconf 88' lang='lat' dir='ltr'>certo</span> <span class='ocrx_word' id='word_1_651' title='bbox 2248 3714 2441 3770; x_wconf 87' lang='lat' dir='ltr'>docet.</span> <span class='ocrx_word' id='word_1_652' title='bbox 2473 3713 2694 3770; x_wconf 90' lang='lat' dir='ltr'>Deinde</span> <span class='ocrx_word' id='word_1_653' title='bbox 2715 3712 2880 3784; x_wconf 94' lang='lat' dir='ltr'>quod</span> <span class='ocrx_word' id='word_1_654' title='bbox 2906 3712 3204 3768; x_wconf 84' lang='lat' dir='ltr'>Adamum</span> <span class='ocrx_word' id='word_1_655' title='bbox 3228 3713 3574 3783; x_wconf 87' lang='lat' dir='ltr'>incorrupto</span> 
     </span>
    </p>
   </div>
   <div class='ocr_carea' id='block_1_92' title="bbox 1914 3799 3575 3879">
    <p class='ocr_par' dir='ltr' id='par_1_92' title="bbox 1914 3799 3575 3879">
     <span class='ocr_line' id='line_1_92' title="bbox 1914 3799 3575 3879; baseline -0.004 -18"><span class='ocrx_word' id='word_1_656' title='bbox 1914 3810 1971 3879; x_wconf 86' lang='lat' dir='ltr'>et</span> <span class='ocrx_word' id='word_1_657' title='bbox 1998 3802 2318 3861; x_wconf 84' lang='lat' dir='ltr'>immortali</span> <span class='ocrx_word' id='word_1_658' title='bbox 2366 3808 2578 3874; x_wconf 85' lang='lat' dir='ltr'>suapte</span> <span class='ocrx_word' id='word_1_659' title='bbox 2606 3801 2685 3869; x_wconf 83' lang='lat' dir='ltr'>vi,</span> <span class='ocrx_word' id='word_1_660' title='bbox 2713 3806 2768 3857; x_wconf 91' lang='lat' dir='ltr'>et</span> <span class='ocrx_word' id='word_1_661' title='bbox 2800 3800 3118 3873; x_wconf 91' lang='lat' dir='ltr'>impatibili</span> <span class='ocrx_word' id='word_1_662' title='bbox 3166 3814 3417 3871; x_wconf 89' lang='lat' dir='ltr'>corpore</span> <span class='ocrx_word' id='word_1_663' title='bbox 3446 3799 3575 3855; x_wconf 81' lang='lat' dir='ltr'>eﬁi-</span> 
     </span>
    </p>
   </div>
   <div class='ocr_carea' id='block_1_93' title="bbox 1915 3888 3575 3962">
    <p class='ocr_par' dir='ltr' id='par_1_93' title="bbox 1915 3888 3575 3962">
     <span class='ocr_line' id='line_1_93' title="bbox 1915 3888 3575 3962; baseline -0.004 -11"><span class='ocrx_word' id='word_1_664' title='bbox 1915 3898 2075 3952; x_wconf 89' lang='lat' dir='ltr'>ctum</span> <span class='ocrx_word' id='word_1_665' title='bbox 2128 3891 2471 3948; x_wconf 79' lang='lat' dir='ltr'>dicatzhoc</span> <span class='ocrx_word' id='word_1_666' title='bbox 2518 3890 2777 3962; x_wconf 90' lang='lat' dir='ltr'>amplius</span> <span class='ocrx_word' id='word_1_667' title='bbox 2824 3889 3050 3953; x_wconf 91' lang='lat' dir='ltr'>addito,</span> <span class='ocrx_word' id='word_1_668' title='bbox 3085 3888 3284 3961; x_wconf 90' lang='lat' dir='ltr'>ipsum</span> <span class='ocrx_word' id='word_1_669' title='bbox 3331 3903 3575 3961; x_wconf 88' lang='lat' dir='ltr'>quoque</span> 
     </span>
    </p>
   </div>
   <div class='ocr_carea' id='block_1_94' title="bbox 1917 3978 3575 4051">
    <p class='ocr_par' dir='ltr' id='par_1_94' title="bbox 1917 3978 3575 4051">
     <span class='ocr_line' id='line_1_94' title="bbox 1917 3978 3575 4051; baseline -0.004 -12"><span class='ocrx_word' id='word_1_670' title='bbox 1917 3987 2083 4039; x_wconf 63' lang='lat' dir='ltr'>terra;</span> <span class='ocrx_word' id='word_1_671' title='bbox 2113 3982 2327 4046; x_wconf 92' lang='lat' dir='ltr'>lutum,</span> <span class='ocrx_word' id='word_1_672' title='bbox 2353 3996 2424 4036; x_wconf 86' lang='lat' dir='ltr'>ex</span> <span class='ocrx_word' id='word_1_673' title='bbox 2455 3995 2575 4051; x_wconf 92' lang='lat' dir='ltr'>quo</span> <span class='ocrx_word' id='word_1_674' title='bbox 2606 3978 2929 4035; x_wconf 83' lang='lat' dir='ltr'>formatum</span> <span class='ocrx_word' id='word_1_675' title='bbox 2953 3993 3175 4050; x_wconf 90' lang='lat' dir='ltr'>corpus</span> <span class='ocrx_word' id='word_1_676' title='bbox 3207 3983 3351 4043; x_wconf 89' lang='lat' dir='ltr'>erat,</span> <span class='ocrx_word' id='word_1_677' title='bbox 3376 3992 3575 4033; x_wconf 87' lang='lat' dir='ltr'>corru-</span> 
     </span>
    </p>
   </div>
   <div class='ocr_carea' id='block_1_95' title="bbox 1916 4066 3575 4145">
    <p class='ocr_par' dir='ltr' id='par_1_95' title="bbox 1916 4066 3575 4145">
     <span class='ocr_line' id='line_1_95' title="bbox 1916 4066 3575 4145; baseline -0.003 -17"><span class='ocrx_word' id='word_1_678' title='bbox 1916 4072 2133 4145; x_wconf 90' lang='lat' dir='ltr'>ptionis</span> <span class='ocrx_word' id='word_1_679' title='bbox 2161 4086 2373 4141; x_wconf 84' lang='lat' dir='ltr'>expers</span> <span class='ocrx_word' id='word_1_680' title='bbox 2404 4068 2603 4125; x_wconf 84' lang='lat' dir='ltr'>fuisse.</span> <span class='ocrx_word' id='word_1_681' title='bbox 2639 4067 3032 4140; x_wconf 85' lang='lat' dir='ltr'>Reprehendit</span> <span class='ocrx_word' id='word_1_682' title='bbox 3057 4066 3338 4123; x_wconf 89' lang='lat' dir='ltr'>eumdem</span> <span class='ocrx_word' id='word_1_683' title='bbox 3362 4066 3575 4123; x_wconf 88' lang='lat' dir='ltr'>iterum</span> 
     </span>
    </p>
   </div>
   <div class='ocr_carea' id='block_1_96' title="bbox 1917 4155 3581 4234">
    <p class='ocr_par' dir='ltr' id='par_1_96' title="bbox 1917 4155 3581 4234">
     <span class='ocr_line' id='line_1_96' title="bbox 1917 4155 3581 4234; baseline -0.004 -18"><span class='ocrx_word' id='word_1_684' title='bbox 1917 4162 2082 4234; x_wconf 91' lang='lat' dir='ltr'>quod</span> <span class='ocrx_word' id='word_1_685' title='bbox 2101 4158 2501 4230; x_wconf 81' lang='lat' dir='ltr'>corruptionis</span> <span class='ocrx_word' id='word_1_686' title='bbox 2524 4156 2839 4222; x_wconf 83' lang='lat' dir='ltr'>vocabulo,</span> <span class='ocrx_word' id='word_1_687' title='bbox 2860 4158 3099 4213; x_wconf 88' lang='lat' dir='ltr'>unicam</span> <span class='ocrx_word' id='word_1_688' title='bbox 3122 4156 3414 4213; x_wconf 84' lang='lat' dir='ltr'>duntaxat</span> <span class='ocrx_word' id='word_1_689' title='bbox 3432 4155 3581 4211; x_wconf 88' lang='lat' dir='ltr'>sub-</span> 
     </span>
    </p>
   </div>
   <div class='ocr_carea' id='block_1_97' title="bbox 1919 4244 3572 4308">
    <p class='ocr_par' dir='ltr' id='par_1_97' title="bbox 1919 4244 3572 4308">
     <span class='ocr_line' id='line_1_97' title="bbox 1919 4244 3572 4308; baseline -0.004 0"><span class='ocrx_word' id='word_1_690' title='bbox 1919 4266 2051 4308; x_wconf 89' lang='lat' dir='ltr'>esse</span> <span class='ocrx_word' id='word_1_691' title='bbox 2081 4249 2382 4307; x_wconf 86' lang='lat' dir='ltr'>notionem</span> <span class='ocrx_word' id='word_1_692' title='bbox 2416 4246 2751 4304; x_wconf 88' lang='lat' dir='ltr'>asseruerit.</span> <span class='ocrx_word' id='word_1_693' title='bbox 2787 4246 2891 4304; x_wconf 92' lang='lat' dir='ltr'>Ubi</span> <span class='ocrx_word' id='word_1_694' title='bbox 2926 4245 3104 4302; x_wconf 88' lang='lat' dir='ltr'>etiam</span> <span class='ocrx_word' id='word_1_695' title='bbox 3140 4244 3285 4301; x_wconf 89' lang='lat' dir='ltr'>illud</span> <span class='ocrx_word' id='word_1_696' title='bbox 3311 4244 3572 4301; x_wconf 88' lang='lat' dir='ltr'>demon-</span> 
     </span>
    </p>
   </div>
   <div class='ocr_carea' id='block_1_98' title="bbox 1922 4334 3578 4411">
    <p class='ocr_par' dir='ltr' id='par_1_98' title="bbox 1922 4334 3578 4411">
     <span class='ocr_line' id='line_1_98' title="bbox 1922 4334 3578 4411; baseline -0.005 -14"><span class='ocrx_word' id='word_1_697' title='bbox 1922 4345 2085 4405; x_wconf 85' lang='lat' dir='ltr'>strat,</span> <span class='ocrx_word' id='word_1_698' title='bbox 2144 4354 2339 4411; x_wconf 89' lang='lat' dir='ltr'>neque</span> <span class='ocrx_word' id='word_1_699' title='bbox 2386 4336 2804 4409; x_wconf 89' lang='lat' dir='ltr'>corruptionis,</span> <span class='ocrx_word' id='word_1_700' title='bbox 2864 4337 3078 4409; x_wconf 77' lang='lat' dir='ltr'>106a</span> <span class='ocrx_word' id='word_1_701' title='bbox 3125 4350 3319 4409; x_wconf 88' lang='lat' dir='ltr'>neque</span> <span class='ocrx_word' id='word_1_702' title='bbox 3370 4334 3578 4390; x_wconf 88' lang='lat' dir='ltr'>mortis</span> 
     </span>
    </p>
   </div>
   <div class='ocr_carea' id='block_1_99' title="bbox 1923 4423 3580 4502">
    <p class='ocr_par' dir='ltr' id='par_1_99' title="bbox 1923 4423 3580 4502">
     <span class='ocr_line' id='line_1_99' title="bbox 1923 4423 3580 4502; baseline -0.004 -16"><span class='ocrx_word' id='word_1_703' title='bbox 1923 4445 2116 4502; x_wconf 89' lang='lat' dir='ltr'>neque</span> <span class='ocrx_word' id='word_1_704' title='bbox 2137 4427 2366 4483; x_wconf 65' lang='lat' dir='ltr'>vitiosas</span> <span class='ocrx_word' id='word_1_705' title='bbox 2383 4426 2637 4497; x_wconf 87' lang='lat' dir='ltr'>alicujus</span> <span class='ocrx_word' id='word_1_706' title='bbox 2656 4426 2971 4499; x_wconf 85' lang='lat' dir='ltr'>passionis,</span> <span class='ocrx_word' id='word_1_707' title='bbox 2992 4424 3097 4481; x_wconf 89' lang='lat' dir='ltr'>sed</span> <span class='ocrx_word' id='word_1_708' title='bbox 3117 4439 3314 4496; x_wconf 88' lang='lat' dir='ltr'>neque</span> <span class='ocrx_word' id='word_1_709' title='bbox 3332 4423 3580 4496; x_wconf 88' lang='lat' dir='ltr'>culpan-</span> 
     </span>
    </p>
   </div>
   <div class='ocr_carea' id='block_1_100' title="bbox 1922 4515 3577 4590">
    <p class='ocr_par' dir='ltr' id='par_1_100' title="bbox 1922 4515 3577 4590">
     <span class='ocr_line' id='line_1_100' title="bbox 1922 4515 3577 4590; baseline -0.004 -15"><span class='ocrx_word' id='word_1_710' title='bbox 1922 4519 2137 4576; x_wconf 89' lang='lat' dir='ltr'>darum</span> <span class='ocrx_word' id='word_1_711' title='bbox 2168 4517 2414 4590; x_wconf 86' lang='lat' dir='ltr'>quidem</span> <span class='ocrx_word' id='word_1_712' title='bbox 2436 4515 2865 4587; x_wconf 79' lang='lat' dir='ltr'>cogitationum</span> <span class='ocrx_word' id='word_1_713' title='bbox 2886 4520 3192 4571; x_wconf 89' lang='lat' dir='ltr'>auctorem</span> <span class='ocrx_word' id='word_1_714' title='bbox 3215 4530 3345 4569; x_wconf 90' lang='lat' dir='ltr'>esse</span> <span class='ocrx_word' id='word_1_715' title='bbox 3371 4515 3577 4581; x_wconf 88' lang='lat' dir='ltr'>Deum,</span> 
     </span>
    </p>
   </div>
   <div class='ocr_carea' id='block_1_101' title="bbox 1924 4601 3577 4678">
    <p class='ocr_par' dir='ltr' id='par_1_101' title="bbox 1924 4601 3577 4678">
     <span class='ocr_line' id='line_1_101' title="bbox 1924 4601 3577 4678; baseline -0.006 -12"><span class='ocrx_word' id='word_1_716' title='bbox 1924 4606 2161 4666; x_wconf 87' lang='lat' dir='ltr'>tametsi</span> <span class='ocrx_word' id='word_1_717' title='bbox 2181 4604 2636 4678; x_wconf 88' lang='lat' dir='ltr'>corruptibilum</span> <span class='ocrx_word' id='word_1_718' title='bbox 2649 4621 2717 4661; x_wconf 91' lang='lat' dir='ltr'>ac</span> <span class='ocrx_word' id='word_1_719' title='bbox 2732 4604 3075 4662; x_wconf 90' lang='lat' dir='ltr'>mortalium</span> <span class='ocrx_word' id='word_1_720' title='bbox 3098 4601 3577 4659; x_wconf 89' lang='lat' dir='ltr'>substantiarum</span> 
     </span>
    </p>
   </div>
   <div class='ocr_carea' id='block_1_102' title="bbox 1925 4692 3580 4768">
    <p class='ocr_par' dir='ltr' id='par_1_102' title="bbox 1925 4692 3580 4768">
     <span class='ocr_line' id='line_1_102' title="bbox 1925 4692 3580 4768; baseline -0.005 -13"><span class='ocrx_word' id='word_1_721' title='bbox 1925 4702 2133 4755; x_wconf 90' lang='lat' dir='ltr'>auctor</span> <span class='ocrx_word' id='word_1_722' title='bbox 2156 4696 2439 4754; x_wconf 89' lang='lat' dir='ltr'>exsistat:</span> <span class='ocrx_word' id='word_1_723' title='bbox 2468 4694 2634 4768; x_wconf 92' lang='lat' dir='ltr'>quod</span> <span class='ocrx_word' id='word_1_724' title='bbox 2659 4694 2758 4751; x_wconf 91' lang='lat' dir='ltr'>illa</span> <span class='ocrx_word' id='word_1_725' title='bbox 2783 4694 2858 4751; x_wconf 88' lang='lat' dir='ltr'>de</span> <span class='ocrx_word' id='word_1_726' title='bbox 2887 4709 3011 4751; x_wconf 91' lang='lat' dir='ltr'>non</span> <span class='ocrx_word' id='word_1_727' title='bbox 3036 4692 3445 4750; x_wconf 88' lang='lat' dir='ltr'>exsistentium</span> <span class='ocrx_word' id='word_1_728' title='bbox 3472 4706 3580 4747; x_wconf 86' lang='lat' dir='ltr'>nu-</span> 
     </span>
    </p>
   </div>
   <div class='ocr_carea' id='block_1_103' title="bbox 1926 4780 3583 4856">
    <p class='ocr_par' dir='ltr' id='par_1_103' title="bbox 1926 4780 3583 4856">
     <span class='ocr_line' id='line_1_103' title="bbox 1926 4780 3583 4856; baseline -0.005 -12"><span class='ocrx_word' id='word_1_729' title='bbox 1926 4803 2092 4844; x_wconf 91' lang='lat' dir='ltr'>mero</span> <span class='ocrx_word' id='word_1_730' title='bbox 2118 4786 2252 4851; x_wconf 89' lang='lat' dir='ltr'>sint,</span> <span class='ocrx_word' id='word_1_731' title='bbox 2286 4790 2342 4841; x_wconf 89' lang='lat' dir='ltr'>et</span> <span class='ocrx_word' id='word_1_732' title='bbox 2366 4799 2474 4855; x_wconf 88' lang='lat' dir='ltr'>per</span> <span class='ocrx_word' id='word_1_733' title='bbox 2500 4800 2563 4839; x_wconf 89' lang='lat' dir='ltr'>se</span> <span class='ocrx_word' id='word_1_734' title='bbox 2589 4782 2720 4856; x_wconf 89' lang='lat' dir='ltr'>ipsa</span> <span class='ocrx_word' id='word_1_735' title='bbox 2746 4781 3192 4839; x_wconf 89' lang='lat' dir='ltr'>subsistentiam</span> <span class='ocrx_word' id='word_1_736' title='bbox 3222 4780 3449 4837; x_wconf 88' lang='lat' dir='ltr'>nullam</span> <span class='ocrx_word' id='word_1_737' title='bbox 3474 4780 3583 4836; x_wconf 84' lang='lat' dir='ltr'>ha-</span> 
     </span>
    </p>
   </div>
   <div class='ocr_carea' id='block_1_104' title="bbox 1923 4868 3577 4946">
    <p class='ocr_par' dir='ltr' id='par_1_104' title="bbox 1923 4868 3577 4946">
     <span class='ocr_line' id='line_1_104' title="bbox 1923 4868 3577 4946; baseline -0.005 -13"><span class='ocrx_word' id='word_1_738' title='bbox 1923 4876 2123 4933; x_wconf 90' lang='lat' dir='ltr'>beant.</span> <span class='ocrx_word' id='word_1_739' title='bbox 2158 4874 2357 4946; x_wconf 89' lang='lat' dir='ltr'>Carpit</span> <span class='ocrx_word' id='word_1_740' title='bbox 2384 4873 2522 4929; x_wconf 90' lang='lat' dir='ltr'>item</span> <span class='ocrx_word' id='word_1_741' title='bbox 2555 4872 2874 4938; x_wconf 80' lang='lat' dir='ltr'>Andream,</span> <span class='ocrx_word' id='word_1_742' title='bbox 2907 4870 3071 4943; x_wconf 91' lang='lat' dir='ltr'>quod</span> <span class='ocrx_word' id='word_1_743' title='bbox 3099 4869 3309 4925; x_wconf 88' lang='lat' dir='ltr'>Christi</span> <span class='ocrx_word' id='word_1_744' title='bbox 3343 4868 3577 4925; x_wconf 91' lang='lat' dir='ltr'>Domini</span> 
     </span>
    </p>
   </div>
   <div class='ocr_carea' id='block_1_105' title="bbox 1925 4956 3582 5036">
    <p class='ocr_par' dir='ltr' id='par_1_105' title="bbox 1925 4956 3582 5036">
     <span class='ocr_line' id='line_1_105' title="bbox 1925 4956 3582 5036; baseline -0.007 -13"><span class='ocrx_word' id='word_1_745' title='bbox 1925 4979 2144 5036; x_wconf 88' lang='lat' dir='ltr'>corpus</span> <span class='ocrx_word' id='word_1_746' title='bbox 2171 4977 2242 5019; x_wconf 90' lang='lat' dir='ltr'>ex</span> <span class='ocrx_word' id='word_1_747' title='bbox 2272 4962 2403 5035; x_wconf 88' lang='lat' dir='ltr'>ipsa</span> <span class='ocrx_word' id='word_1_748' title='bbox 2426 4958 2595 5017; x_wconf 85' lang='lat' dir='ltr'>Verbi</span> <span class='ocrx_word' id='word_1_749' title='bbox 2630 4959 2895 5017; x_wconf 88' lang='lat' dir='ltr'>unitione</span> <span class='ocrx_word' id='word_1_750' title='bbox 2929 4956 3280 5032; x_wconf 89' lang='lat' dir='ltr'>impatibile,</span> <span class='ocrx_word' id='word_1_751' title='bbox 3311 4957 3582 5014; x_wconf 86' lang='lat' dir='ltr'>incorru-</span> 
     </span>
    </p>
   </div>
   <div class='ocr_carea' id='block_1_106' title="bbox 1565 5089 2241 5149">
    <p class='ocr_par' dir='ltr' id='par_1_106' title="bbox 1565 5089 2241 5149">
     <span class='ocr_line' id='line_1_106' title="bbox 1565 5089 2241 5149; baseline -0.004 -3"><span class='ocrx_word' id='word_1_752' title='bbox 1565 5091 1800 5149; x_wconf 78' lang='lat' dir='ltr'><strong>VARUE</strong></span> <span class='ocrx_word' id='word_1_753' title='bbox 1841 5091 2130 5149; x_wconf 84' lang='lat' dir='ltr'>LECTION</span> <span class='ocrx_word' id='word_1_754' title='bbox 2138 5089 2241 5146; x_wconf 90' lang='lat' dir='ltr'>ES.</span> 
     </span>
    </p>
   </div>
   <div class='ocr_carea' id='block_1_107' title="bbox 285 5208 1296 5283">
    <p class='ocr_par' dir='ltr' id='par_1_107' title="bbox 285 5208 1296 5283">
     <span class='ocr_line' id='line_1_107' title="bbox 285 5208 1296 5283; baseline 0.004 -18"><span class='ocrx_word' id='word_1_755' title='bbox 285 5213 442 5265; x_wconf 71' lang='grc' dir='ltr'>υκαι</span> <span class='ocrx_word' id='word_1_756' title='bbox 474 5227 601 5268; x_wconf 90' lang='lat' dir='ltr'>om.</span> <span class='ocrx_word' id='word_1_757' title='bbox 642 5216 706 5267; x_wconf 78' lang='grc' dir='ltr'>Α.</span> <span class='ocrx_word' id='word_1_758' title='bbox 786 5214 834 5247; x_wconf 73' lang='grc'>³⁸</span> <span class='ocrx_word' id='word_1_759' title='bbox 875 5208 953 5283; x_wconf 68' lang='grc' dir='ltr'>δί]</span> <span class='ocrx_word' id='word_1_760' title='bbox 1005 5208 1065 5266; x_wconf 74' lang='grc' dir='ltr'>δε</span> <span class='ocrx_word' id='word_1_761' title='bbox 1108 5218 1196 5266; x_wconf 87' lang='grc' dir='ltr'>καὶ</span> <span class='ocrx_word' id='word_1_762' title='bbox 1242 5235 1296 5279; x_wconf 81' lang='grc' dir='ltr'>ς.</span> 
     </span>
    </p>
   </div>
   <div class='ocr_carea' id='block_1_108' title="bbox 215 5283 1459 5411">
    <p class='ocr_par' dir='ltr' id='par_1_108' title="bbox 215 5283 1459 5411">
     <span class='ocr_line' id='line_1_108' title="bbox 215 5283 1419 5411; baseline -0.001 -73"><span class='ocrx_word' id='word_1_763' title='bbox 215 5301 302 5411; x_wconf 58' lang='grc' dir='ltr'>ξε</span> <span class='ocrx_word' id='word_1_764' title='bbox 329 5287 371 5338; x_wconf 75' lang='grc' dir='ltr'><strong>Α</strong></span> <span class='ocrx_word' id='word_1_765' title='bbox 406 5303 421 5349; x_wconf 87' lang='grc'>;</span> <span class='ocrx_word' id='word_1_766' title='bbox 449 5284 589 5366; x_wconf 65' lang='grc' dir='ltr'>λέγει</span> <span class='ocrx_word' id='word_1_767' title='bbox 617 5303 688 5369; x_wconf 44' lang='grc' dir='ltr'>,ςε</span> <span class='ocrx_word' id='word_1_768' title='bbox 766 5285 813 5371; x_wconf 51' lang='grc' dir='ltr'>’ξ</span> <span class='ocrx_word' id='word_1_769' title='bbox 864 5284 1025 5356; x_wconf 73' lang='grc' dir='ltr'>ἁγίων</span> <span class='ocrx_word' id='word_1_770' title='bbox 1058 5293 1094 5339; x_wconf 84' lang='grc' dir='ltr'><strong>Α</strong></span> <span class='ocrx_word' id='word_1_771' title='bbox 1125 5302 1138 5340; x_wconf 87' lang='lat'><strong>:</strong></span> <span class='ocrx_word' id='word_1_772' title='bbox 1171 5283 1317 5339; x_wconf 79' lang='grc' dir='ltr'>ἰδίων</span> <span class='ocrx_word' id='word_1_773' title='bbox 1365 5305 1419 5350; x_wconf 82' lang='grc' dir='ltr'>ς.</span> 
     </span>
     <span class='ocr_line' id='line_1_109' title="bbox 292 5351 1459 5411; baseline 0 0"><span class='ocrx_word' id='word_1_774' title='bbox 292 5371 404 5411; x_wconf 75' lang='lat' dir='ltr'>nus</span> <span class='ocrx_word' id='word_1_775' title='bbox 437 5373 451 5411; x_wconf 88' lang='lat'>:</span> <span class='ocrx_word' id='word_1_776' title='bbox 493 5356 630 5411; x_wconf 78' lang='lat' dir='ltr'>hbrt</span> <span class='ocrx_word' id='word_1_777' title='bbox 669 5351 1001 5411; x_wconf 76' lang='grc' dir='ltr'>ενδιαελητα.</span> <span class='ocrx_word' id='word_1_778' title='bbox 1080 5358 1127 5393; x_wconf 78' lang='grc'>⁸³</span> <span class='ocrx_word' id='word_1_779' title='bbox 1165 5358 1270 5411; x_wconf 81' lang='grc' dir='ltr'>τὸνῖ</span> <span class='ocrx_word' id='word_1_780' title='bbox 1294 5363 1384 5410; x_wconf 89' lang='lat' dir='ltr'>xui</span> <span class='ocrx_word' id='word_1_781' title='bbox 1409 5361 1459 5411; x_wconf 74' lang='grc' dir='ltr'>τέ</span> 
     </span>
    </p>
   </div>
   <div class='ocr_carea' id='block_1_109' title="bbox 292 5351 1590 5429">
    <p class='ocr_par' dir='ltr' id='par_1_109' title="bbox 292 5351 1590 5429">
     <span class='ocr_line' id='line_1_110' title="bbox 292 5351 1590 5429; baseline 0.002 -18"><span class='ocrx_word' id='word_1_782' title='bbox 292 5371 404 5411; x_wconf 75' lang='lat' dir='ltr'>nus</span> <span class='ocrx_word' id='word_1_783' title='bbox 437 5373 451 5411; x_wconf 82' lang='lat'><strong>:</strong></span> <span class='ocrx_word' id='word_1_784' title='bbox 493 5351 630 5413; x_wconf 68' lang='lat' dir='ltr'>liin</span> <span class='ocrx_word' id='word_1_785' title='bbox 669 5351 1001 5414; x_wconf 68' lang='grc' dir='ltr'>ένδιάελητα.</span> <span class='ocrx_word' id='word_1_786' title='bbox 1080 5358 1127 5393; x_wconf 77' lang='grc'>⁸³</span> <span class='ocrx_word' id='word_1_787' title='bbox 1165 5358 1270 5429; x_wconf 86' lang='grc' dir='ltr'>τὸν]</span> <span class='ocrx_word' id='word_1_788' title='bbox 1294 5363 1384 5410; x_wconf 84' lang='lat' dir='ltr'>xui</span> <span class='ocrx_word' id='word_1_789' title='bbox 1409 5361 1498 5411; x_wconf 87' lang='grc' dir='ltr'>τὸν</span> <span class='ocrx_word' id='word_1_790' title='bbox 1530 5365 1590 5413; x_wconf 80' lang='grc' dir='ltr'><strong>Α.</strong></span> 
     </span>
    </p>
   </div>
   <div class='ocr_carea' id='block_1_110' title="bbox 1376 5216 1992 5290">
    <p class='ocr_par' dir='ltr' id='par_1_110' title="bbox 1376 5216 1992 5290">
     <span class='ocr_line' id='line_1_111' title="bbox 1376 5216 1992 5290; baseline 0.006 -24"><span class='ocrx_word' id='word_1_791' title='bbox 1376 5216 1422 5250; x_wconf 81' lang='grc'>³⁵</span> <span class='ocrx_word' id='word_1_792' title='bbox 1470 5220 1880 5290; x_wconf 72' lang='grc' dir='ltr'>παρεγγυήσατο</span> <span class='ocrx_word' id='word_1_793' title='bbox 1930 5222 1968 5269; x_wconf 86' lang='grc' dir='ltr'><strong>Δ</strong></span> <span class='ocrx_word' id='word_1_794' title='bbox 1981 5259 1992 5270; x_wconf 94' lang='grc'><strong>.</strong></span> 
     </span>
    </p>
   </div>
   <div class='ocr_carea' id='block_1_111' title="bbox 1500 5288 2068 5354">
    <p class='ocr_par' dir='ltr' id='par_1_111' title="bbox 1500 5288 2068 5354">
     <span class='ocr_line' id='line_1_112' title="bbox 1500 5288 2068 5354; baseline -0.005 -14"><span class='ocrx_word' id='word_1_795' title='bbox 1500 5288 1555 5324; x_wconf 48' lang='grc'>⁸⁸⁷</span> <span class='ocrx_word' id='word_1_796' title='bbox 1600 5288 1955 5354; x_wconf 80' lang='grc' dir='ltr'>παρεϐιάσατο</span> <span class='ocrx_word' id='word_1_797' title='bbox 2014 5309 2068 5354; x_wconf 79' lang='grc' dir='ltr'>ς.</span> 
     </span>
    </p>
   </div>
   <div class='ocr_carea' id='block_1_112' title="bbox 1694 5360 2109 5417">
    <p class='ocr_par' dir='ltr' id='par_1_112' title="bbox 1694 5360 2109 5417">
     <span class='ocr_line' id='line_1_113' title="bbox 1694 5360 2109 5417; baseline 0.01 -6"><span class='ocrx_word' id='word_1_798' title='bbox 1694 5360 1715 5394; x_wconf 75' lang='grc'><strong>⁸</strong></span> <span class='ocrx_word' id='word_1_799' title='bbox 1742 5369 1838 5412; x_wconf 87' lang='grc' dir='ltr'>τῶν</span> <span class='ocrx_word' id='word_1_800' title='bbox 1868 5360 2010 5417; x_wconf 92' lang='lat' dir='ltr'>add.</span> <span class='ocrx_word' id='word_1_801' title='bbox 2044 5365 2109 5415; x_wconf 80' lang='grc' dir='ltr'>Α.</span> 
     </span>
    </p>
   </div>
   <div class='ocr_carea' id='block_1_113' title="bbox 2073 5208 3583 5284">
    <p class='ocr_par' dir='ltr' id='par_1_113' title="bbox 2073 5208 3583 5284">
     <span class='ocr_line' id='line_1_114' title="bbox 2073 5208 3583 5284; baseline -0.003 -18"><span class='ocrx_word' id='word_1_802' title='bbox 2073 5217 2121 5251; x_wconf 78' lang='grc'>³⁸</span> <span class='ocrx_word' id='word_1_803' title='bbox 2153 5214 2293 5284; x_wconf 79' lang='grc' dir='ltr'>αύτῷ</span> <span class='ocrx_word' id='word_1_804' title='bbox 2340 5228 2463 5268; x_wconf 91' lang='lat' dir='ltr'>om.</span> <span class='ocrx_word' id='word_1_805' title='bbox 2512 5227 2602 5284; x_wconf 69' lang='grc' dir='ltr'>ρι’.</span> <span class='ocrx_word' id='word_1_806' title='bbox 2667 5218 2727 5265; x_wconf 82' lang='grc' dir='ltr'>Α.</span> <span class='ocrx_word' id='word_1_807' title='bbox 2804 5213 2849 5247; x_wconf 79' lang='grc'>⁸⁷</span> <span class='ocrx_word' id='word_1_808' title='bbox 2882 5208 3200 5284; x_wconf 25' lang='grc' dir='ltr'>ἀποδείᾲξεῶς</span> <span class='ocrx_word' id='word_1_809' title='bbox 3232 5231 3288 5275; x_wconf 79' lang='grc' dir='ltr'>ς’.</span> <span class='ocrx_word' id='word_1_810' title='bbox 3368 5210 3416 5245; x_wconf 84' lang='grc'><strong><em>⁸⁸</em></strong></span> <span class='ocrx_word' id='word_1_811' title='bbox 3448 5208 3583 5281; x_wconf 63' lang='lat' dir='ltr'>illy-</span> 
     </span>
    </p>
   </div>
   <div class='ocr_carea' id='block_1_114' title="bbox 2147 5279 3585 5354">
    <p class='ocr_par' dir='ltr' id='par_1_114' title="bbox 2147 5279 3585 5354">
     <span class='ocr_line' id='line_1_115' title="bbox 2147 5279 3585 5354; baseline 0.003 -18"><span class='ocrx_word' id='word_1_812' title='bbox 2147 5288 2192 5323; x_wconf 72' lang='grc'>41</span> <span class='ocrx_word' id='word_1_813' title='bbox 2247 5279 2447 5354; x_wconf 79' lang='grc' dir='ltr'>παλαιᾷ</span> <span class='ocrx_word' id='word_1_814' title='bbox 2482 5279 2574 5336; x_wconf 71' lang='grc' dir='ltr'>καὶ</span> <span class='ocrx_word' id='word_1_815' title='bbox 2624 5287 2712 5354; x_wconf 79' lang='grc' dir='ltr'>νέᾳ</span> <span class='ocrx_word' id='word_1_816' title='bbox 2764 5304 2819 5347; x_wconf 81' lang='grc' dir='ltr'>ς’.</span> <span class='ocrx_word' id='word_1_817' title='bbox 2898 5286 2944 5319; x_wconf 77' lang='grc'>⁴²</span> <span class='ocrx_word' id='word_1_818' title='bbox 2992 5279 3315 5342; x_wconf 75' lang='grc' dir='ltr'>εὐδιάϐλητοι</span> <span class='ocrx_word' id='word_1_819' title='bbox 3363 5279 3585 5339; x_wconf 65' lang='lat' dir='ltr'>Camil-</span> 
     </span>
    </p>
   </div>
   <div class='ocr_carea' id='block_1_115' title="bbox 2190 5354 2943 5429">
    <p class='ocr_par' dir='ltr' id='par_1_115' title="bbox 2190 5354 2943 5429">
     <span class='ocr_line' id='line_1_116' title="bbox 2190 5354 2943 5429; baseline -0.013 -14"><span class='ocrx_word' id='word_1_820' title='bbox 2190 5358 2235 5392; x_wconf 69' lang='grc'>⁸⁵</span> <span class='ocrx_word' id='word_1_821' title='bbox 2267 5373 2343 5414; x_wconf 86' lang='lat' dir='ltr'>an</span> <span class='ocrx_word' id='word_1_822' title='bbox 2367 5355 2517 5413; x_wconf 75' lang='lat' dir='ltr'>forte</span> <span class='ocrx_word' id='word_1_823' title='bbox 2550 5355 2883 5429; x_wconf 86' lang='grc' dir='ltr'>ένυπάρκτων</span> <span class='ocrx_word' id='word_1_824' title='bbox 2915 5354 2943 5410; x_wconf 74' lang='lat' dir='ltr'>‘I</span> 
     </span>
    </p>
   </div>
   <div class='ocr_carea' id='block_1_116' title="bbox 1791 5483 2021 5542">
    <p class='ocr_par' dir='ltr' id='par_1_116' title="bbox 1791 5483 2021 5542">
     <span class='ocr_line' id='line_1_117' title="bbox 1791 5483 2021 5542; baseline 0.004 -1"><span class='ocrx_word' id='word_1_825' title='bbox 1791 5483 2021 5542; x_wconf 68' lang='lat' dir='ltr'>NOTAE.</span> 
     </span>
    </p>
   </div>
   <div class='ocr_carea' id='block_1_117' title="bbox 284 5583 3584 5663">
    <p class='ocr_par' dir='ltr' id='par_1_117' title="bbox 284 5583 3584 5663">
     <span class='ocr_line' id='line_1_118' title="bbox 284 5583 3584 5663; baseline 0.001 -20"><span class='ocrx_word' id='word_1_826' title='bbox 284 5588 391 5659; x_wconf 76' lang='lat'>(92)</span> <span class='ocrx_word' id='word_1_827' title='bbox 431 5589 632 5656; x_wconf 80' lang='lat' dir='ltr'>Quare</span> <span class='ocrx_word' id='word_1_828' title='bbox 662 5602 775 5644; x_wconf 86' lang='lat' dir='ltr'>nec</span> <span class='ocrx_word' id='word_1_829' title='bbox 805 5587 993 5645; x_wconf 91' lang='lat' dir='ltr'>multo</span> <span class='ocrx_word' id='word_1_830' title='bbox 1021 5592 1156 5663; x_wconf 91' lang='lat' dir='ltr'>post</span> <span class='ocrx_word' id='word_1_831' title='bbox 1184 5589 1509 5648; x_wconf 84' lang='lat' dir='ltr'>damnatus</span> <span class='ocrx_word' id='word_1_832' title='bbox 1544 5589 1604 5647; x_wconf 92' lang='lat' dir='ltr'>in</span> <span class='ocrx_word' id='word_1_833' title='bbox 1635 5589 1848 5648; x_wconf 89' lang='lat' dir='ltr'>concil.</span> <span class='ocrx_word' id='word_1_834' title='bbox 1877 5592 2071 5659; x_wconf 79' lang='lat' dir='ltr'>Rom.,</span> <span class='ocrx_word' id='word_1_835' title='bbox 2105 5592 2167 5645; x_wconf 93' lang='lat' dir='ltr'>ut</span> <span class='ocrx_word' id='word_1_836' title='bbox 2196 5586 2368 5644; x_wconf 84' lang='lat' dir='ltr'>refert</span> <span class='ocrx_word' id='word_1_837' title='bbox 2398 5584 2563 5643; x_wconf 89' lang='lat' dir='ltr'>card.</span> <span class='ocrx_word' id='word_1_838' title='bbox 2602 5586 2816 5643; x_wconf 86' lang='lat' dir='ltr'>Baron.</span> <span class='ocrx_word' id='word_1_839' title='bbox 2853 5583 2930 5641; x_wconf 90' lang='lat' dir='ltr'>ad</span> <span class='ocrx_word' id='word_1_840' title='bbox 2960 5598 3101 5642; x_wconf 87' lang='lat' dir='ltr'>ann.</span> <span class='ocrx_word' id='word_1_841' title='bbox 3136 5584 3271 5642; x_wconf 84' lang='lat' dir='ltr'>Chr.</span> <span class='ocrx_word' id='word_1_842' title='bbox 3306 5589 3430 5653; x_wconf 69' lang='lat'>601,</span> <span class='ocrx_word' id='word_1_843' title='bbox 3469 5586 3584 5645; x_wconf 90' lang='lat' dir='ltr'>sub</span> 
     </span>
    </p>
   </div>
   <div class='ocr_carea' id='block_1_118' title="bbox 217 5674 318 5734">
    <p class='ocr_par' dir='ltr' id='par_1_118' title="bbox 217 5674 318 5734">
     <span class='ocr_line' id='line_1_119' title="bbox 217 5674 318 5734; baseline -0.01 0"><span class='ocrx_word' id='word_1_844' title='bbox 217 5674 318 5734; x_wconf 75' lang='lat' dir='ltr'>ﬁn.</span> 
     </span>
    </p>
   </div>
  </div>
