4136 6216
616 268 722 329 455

1846 271 2088 333 ΡΗΟΤΠ
2127 272 2613 334 ΡΑΤΗῘΑΗΟΗΕ
2653 272 2769 336 CP.

2241 272 2613 334 [‘RIARCHE
2653 272 2769 336 CP.
3794 278 3874 335 456

613 398 842 472 ptibile,
871 402 927 456 et
967 398 1455 457 incommutabile
1484 399 1727 469 dixerit;
1757 402 2133 475 ostenditque
2175 402 2246 476 ip-

2246 432 2266 445 -
2296 405 2342 459 Α
2374 404 2705 474 καταφθορᾶς
2730 407 2820 454 καὶ
2855 397 2922 460 δὴ
2977 405 3069 455 καὶ
3118 402 3164 437 ⁸⁸
3211 410 3298 462 τῆς
3346 397 3606 476 διαφθορᾶς
3647 403 3780 474 ὄνομα
3818 402 3879 457 ixi

616 504 750 543 sum
773 488 851 545 ad
872 488 985 545 hoc
1010 487 1452 556 stabiliendum,
1477 494 1540 546 ut
1564 489 1809 562 quidem
1834 491 2105 564 putabat,
2132 491 2267 548 reli-

616 592 739 649 qua
768 577 866 633 illa
907 577 981 633 de
1010 578 1258 645 mundo,
1291 582 1349 634 et
1377 578 1607 636 Adamo
1638 580 1898 637 absurde
1926 581 2259 637 tradidisse.

616 669 994 723 Demonstrat
1019 672 1219 725 autem
1250 667 1461 724 eodem
1494 669 1607 724 hoc
1638 669 1697 725 in
1728 685 1909 742 opere
1948 670 2260 738 Eusebius,

614 760 759 827 quot
770 755 1129 829 quantisque
1144 757 1482 814 notionibus
1497 759 1887 832 corruptionis
1903 759 2198 817 vocabula
2209 760 2265 816 in

613 844 797 901 sacris
834 845 1056 903 Litteris
1092 852 1474 919 usurpentur.
1509 849 1733 904 Etenim
1778 848 1894 904 dici
1924 850 2007 906 ait
2036 849 2110 905 de
2158 865 2266 908 na-

613 935 903 992 turalibus
920 937 1283 1011 minimeque
1297 938 1806 1011 reprehendendis
1823 939 2263 1008 affectionibus,

612 1028 667 1081 et
686 1025 760 1081 de
780 1024 1005 1093 labore,
1024 1028 1259 1095 morbo,
1275 1032 1453 1100 atque
1473 1034 1773 1085 senectute
1795 1030 2096 1102 usurpari.
2116 1034 2264 1088 Nam

613 1114 1101 1174 etadolescentias
1126 1118 1426 1189 corruptio
1445 1124 1719 1175 senectus
1742 1123 1851 1184 est,
1873 1125 1935 1175 ut
1954 1119 2263 1176 etlabores

612 1204 1106 1280 fatigationesque
1138 1208 1324 1263 robur
1366 1207 1633 1280 corporis
1680 1207 2011 1264 destruunt.
2047 1209 2267 1266 Dicitur

613 1293 857 1366 insuper
902 1296 975 1352 de
1030 1297 1296 1369 corporis
1356 1294 1673 1353 aﬁlictione
1740 1297 1797 1353 in
1849 1298 2145 1367 Asceticis,
2194 1314 2264 1355 ac

613 1383 855 1455 spiritali
904 1387 1245 1443 certamine.
1305 1387 1395 1442 Sic
1452 1386 1610 1443 enim
1654 1384 1817 1458 loqui
1872 1386 2260 1460 Apostolum:

614 1494 643 1530 ι(
689 1475 840 1531 Licet
868 1475 938 1543 is,
971 1476 1075 1549 qui
1121 1475 1259 1531 foris
1302 1480 1407 1542 est,
1436 1481 1639 1532 noster
1685 1476 1869 1533 homo
1914 1492 2267 1550 corrumpa-

609 1574 724 1635 tur,
762 1573 963 1625 tamen
995 1565 1065 1635 is,
1097 1565 1200 1638 qui
1251 1565 1409 1622 intus
1439 1570 1549 1632 est,
1593 1570 1915 1622 renovatur
1962 1566 2035 1622 de
2065 1566 2160 1623 die
2203 1569 2263 1623 in

610 1659 769 1716 diem
800 1674 814 1711 :
846 1678 874 1709 »
906 1661 960 1712 et
983 1671 1119 1727 qum
1146 1659 1495 1727 sequuntur.
1524 1654 1807 1712 Adhiberi
1833 1672 2077 1728 quoque
2108 1656 2265 1713 afﬁr-

2374 497 2525 545 τίνων
2572 496 2656 545 καὶ
2713 496 2890 544 πόσων
2938 495 3322 564 σημαινομένων
3373 492 3402 548 ἡ
3444 492 3549 543 θεία
3592 495 3741 563 Γραφὴ
3789 490 3881 544 ἀπο-

2377 577 2616 653 δέχεται,
2666 585 2755 632 καί
2786 599 2944 653 φησιν
2988 582 3065 633 ὅτι
3099 583 3297 653 φέρεται
3476 578 3553 631 ἐπὶ
3594 587 3680 631 τῶν
3706 588 3884 651 φυσικῶν

2376 675 2464 723 καὶ
2524 667 2857 730 ἀδιαϐλήτων
2904 672 3098 733 παθῶν,
3142 675 3230 723 καὶ
3286 669 3366 721 ἐπί
3415 689 3465 722 τε
3504 676 3592 722 τῶν
3638 667 3724 720 ἀπὸ
3761 674 3883 721 κόπου

2375 765 2464 813 καὶ
2501 762 2737 833 καμάτου
2788 764 2877 813 καὶ
2933 765 3132 833 γήρους
3190 761 3254 794 ⁸⁷·
3312 764 3398 811 καὶ
3433 761 3527 831 γὰρ
3570 759 3715 831 φθορὰ
3748 759 3819 818 μὶν
3841 760 3881 810 τὸ

2375 856 2539 922 γῆρας
2596 854 2835 911 νεότητος
2912 854 2999 901 xui
3055 851 3103 901 οἱ
3149 853 3297 901 κόποι
3349 844 3405 900 δε
3448 853 3532 899 καὶ
3583 849 3777 919 κάματοι
3821 854 3885 899 τοῦ

2381 946 2682 1011 σωματικοῦ
2710 943 2883 993 τόνου.
2919 937 3036 993 "Et:
3067 936 3126 992 δε
3163 938 3246 991 ἐπὶ
3282 938 3325 973 ⁸⁸
3380 945 3468 999 τῆς
3506 944 3589 989 τοῦ
3618 942 3819 1008 σώματος
3853 933 3886 986 ἄν

2376 1027 2601 1087 ἀσκήσει
2652 1032 2738 1080 καὶ
2790 1036 3159 1101 πνευματικοῖς
3228 1026 3392 1099 ἀγῶσι
3448 1031 3780 1086 ταπεινώσεως
3825 1028 3889 1076 καὶ

2374 1120 2475 1191 γάρ
2518 1137 2675 1190 φησιν
2726 1119 2751 1169 ὀ
2782 1117 3119 1179 Ἀπόστολος·
3179 1140 3207 1168 ι(
3264 1116 3321 1169 Εἰ
3370 1118 3414 1151 ⁴⁹
3470 1121 3551 1167 καὶ
3594 1117 3616 1166 ὀ
3662 1113 3741 1175 ἔξω
3784 1114 3889 1185 ἐμῶν

2376 1209 2643 1281 ἄνθρωπος
2716 1208 2997 1281 φθείρεται,
3069 1205 3177 1259 ἀλλ’
3253 1207 3278 1258 ὀ
3327 1208 3424 1259 εσω
3485 1203 3839 1265 ἀνακαινούνται,
3868 1220 3887 1251 ν

2374 1300 2463 1349 xui
2503 1296 2614 1359 ἑξῆς
2670 1298 2744 1350 ⁸ο.
2799 1298 3050 1372 Φέρεσθαι
3082 1292 3142 1349 δέ
3186 1315 3315 1367 φησι
3374 1300 3459 1346 καὶ
3503 1292 3580 1346 ἐπὶ
3621 1300 3705 1351 τῆς
3748 1290 3891 1361 ἔγγινθ·

2374 1390 2526 1458 μένης
2573 1393 2646 1455 τῷ
2689 1392 2894 1457 σώματι
2960 1390 3315 1446 ταπεινώσεως
3371 1388 3485 1443 ἦτοι
3543 1377 3786 1441 τηκεδόνος
3821 1377 3892 1429 ἀπὸ

2371 1494 2519 1527 τινων
2550 1474 2733 1526 αἰκιῶν
2761 1478 2851 1527 καὶ
2904 1474 3164 1527 κολάσεων
3194 1490 3208 1504 '
3255 1476 3328 1527 ἔτι
3359 1470 3417 1526 δε
3462 1477 3546 1524 καὶ
3586 1470 3662 1523 ἐπὶ
3693 1478 3774 1529 τῆς
3796 1466 3893 1541 βλά-

2374 1562 2470 1625 ϐης
2515 1571 2605 1625 τῆς
2666 1562 2995 1636 ἐγγινομένης
3045 1571 3148 1625 τοῖς
3206 1567 3356 1626 ζώοις
3410 1566 3495 1614 καὶ
3555 1563 3788 1635 σπέρμασι
3830 1559 3894 1607 καὶ

2374 1660 2569 1725 φυτοῖς,
2618 1662 2714 1712 τῆς
2762 1671 2816 1705 τε
2873 1662 3092 1727 μερικῆς
3145 1658 3235 1706 καὶ
3303 1660 3399 1715 τῆς
3443 1650 3669 1704 καθόλου.
3723 1647 3784 1700 Ov}
3825 1648 3893 1717 μὲν

612 1754 736 1805 mat
773 1748 833 1803 in
876 1744 1030 1801 illata
1079 1746 1312 1817 corpori
1356 1744 1698 1814 aiﬂictione,
1732 1745 1853 1801 sive
1903 1747 1963 1801 in
2026 1745 2161 1802 tabe
2208 1762 2245 1803 e‘

2257 1763 2263 1803 ι
2295 1759 2339 1816 Β
2375 1741 2501 1794 ἀλλὰ
2527 1747 2617 1795 καὶ
2669 1741 2745 1795 ἐπ’
2796 1742 2955 1795 αὐτοῦ
3013 1752 3106 1795 τοῦ
3157 1745 3377 1797 θανάτου
3420 1745 3477 1794 τό
3510 1745 3655 1813 ὄνομα
3688 1736 3890 1811 φέρεσθαι,

611 1838 827 1911 plagis,
861 1841 1039 1907 atque
1070 1834 1399 1907 punitione.
1431 1835 1550 1890 Dici
1594 1850 1735 1890 vero
1766 1839 1823 1890 et
1847 1835 1921 1890 de
1950 1850 2110 1891 noxa
2136 1837 2262 1893 sive

609 1928 792 2001 partis
820 1926 942 1981 sive
975 1925 1149 1979 totius
1176 1923 1235 1979 in
1266 1923 1694 1988 animantibus,
1720 1923 1945 1979 semine
1974 1940 2043 1979 ac
2072 1926 2263 1998 stirpi-

610 2016 758 2072 bus:
792 2015 913 2070 imo
934 2018 991 2070 et
1018 2014 1091 2068 de
1121 2018 1307 2069 morte
1338 2013 1487 2084 ipsa.
1518 2012 1737 2068 Adhtec
1762 2012 1836 2067 de
1868 2011 2263 2072 dissolutione

612 2103 909 2175 usurpari,
931 2118 1000 2157 ac
1021 2102 1094 2157 de
1114 2100 1282 2156 ﬂuxu
1299 2116 1641 2173 corporum,
1661 2116 1797 2173 quas
1818 2100 1986 2157 humi
2010 2103 2263 2160 conditis

612 2192 883 2249 accidere
902 2190 1066 2247 solet.
1083 2190 1367 2245 Praeterea
1382 2190 1455 2244 de
1472 2188 1681 2247 vitiosa
1694 2205 1937 2263 quoque
1959 2190 2017 2246 in
2034 2191 2262 2249 malum

611 2280 943 2349 affectione,
978 2280 1101 2334 sive
1131 2278 1205 2334 de
1250 2279 1526 2351 peccatis.
1559 2281 1664 2335 Tot
1699 2279 1876 2350 igitur
1906 2280 2099 2336 modis
2130 2297 2263 2337 cor-

612 2370 906 2441 ruptionis
927 2384 1146 2425 nomen
1173 2368 1447 2425 adhiberi
1474 2384 1612 2424 cum
1638 2369 1841 2441 possit,
1864 2368 2106 2441 lapsum
2129 2386 2262 2428 esse

611 2459 821 2516 merito
847 2457 1145 2514 Andream
1172 2457 1448 2524 ostendit,
1476 2458 1582 2531 qui
1626 2473 1810 2513 unam
1849 2458 2140 2517 duntaxat
2169 2461 2261 2516 his

608 2548 857 2605 vocibus
881 2547 1129 2603 subesse
1159 2546 1657 2617 signiﬁcationem
1684 2546 2007 2605 tradiderit.

680 2637 1005 2697 Conﬁrmat
1020 2636 1234 2692 deinde
1254 2636 1434 2692 hasce
1451 2652 1591 2693 suas
1615 2637 2122 2710 Reprehensiones
2138 2653 2169 2693 e
2191 2636 2258 2693 li—

604 2727 728 2783 bris
742 2743 928 2783 sacras
942 2727 1274 2799 Scriptura,
1284 2725 1494 2782 veteris
1501 2726 1520 2796 j
1533 2730 1767 2793 uxta,ac
1779 2728 1907 2782 novi
1921 2726 1977 2782 in
1985 2731 2258 2783 strumen-

608 2816 645 2872 ti
666 2832 679 2872 :
702 2819 938 2872 Patrum
957 2816 1099 2871 item
1114 2813 1576 2871 lectissimorum
1592 2814 1916 2883 sententiis,
1932 2815 2255 2883 Athanasii,

605 2910 661 2960 et
717 2905 895 2961 trium
942 2904 1380 2974 Gregoriorum,
1417 2903 1933 2971 admirandorum,
1983 2906 2252 2977 inquam,

605 2993 765 3050 illius
786 2994 1127 3067 patratoris,
1144 2997 1201 3048 et
1230 2993 1486 3063 Gregorii
1505 2991 1806 3063 Theologi,
1829 3009 1898 3049 ac
1924 2992 2079 3050 beati
2111 2997 2257 3066 Nys-

2372 1837 2461 1885 καὶ
2506 1834 2581 1884 ἔτι
2621 1835 2793 1904 χωρὶς
2843 1840 2942 1883 τῶν
2983 1832 3261 1904 εἰρημένων
3320 1834 3404 1883 ἐπὶ
3454 1831 3497 1866 ⁶¹
3542 1837 3626 1889 τῆς
3671 1823 3895 1883 διαλύσεως

2373 1926 2462 1974 καὶ
2490 1922 2714 1995 ῥεύσεως
2756 1929 2854 1973 τῶν
2913 1923 3167 1994 σωμάτων
3219 1929 3316 1983 τῆς
3366 1919 3412 1972 ἓν
3464 1926 3570 1979 τοῖς
3610 1918 3761 1989 τάφοις
3796 1932 3895 1983 crup-

2374 2010 2675 2073 ϐαινούσης’
2739 2009 2864 2063 ἀλλὰ
2912 2014 3002 2063 καὶ
3053 2014 3197 2085 παρά
3246 2011 3294 2046 ⁸²
3350 2017 3510 2063 ταῦτα
3554 2007 3630 2061 ἐπὶ
3680 2012 3755 2058 τοῦ
3798 2002 3896 2053 κατὰ

2373 2106 2559 2152 κακίαν
2590 2102 2788 2162 πάθους
2836 2103 2952 2158 ἦτοι
3002 2108 3102 2151 τῶν
3149 2100 3556 2174 ἁμαρτημάτων.
3608 2098 3897 2163 Τοσανταχῶς

2373 2185 2460 2242 οὖν
2522 2189 2571 2224 ⁵³
2632 2197 2726 2251 τῆς
2791 2190 2981 2261 φθορᾶς
3029 2194 3118 2241 καὶ
3166 2190 3492 2263 καταφθορᾶς
3528 2191 3612 2239 καὶ
3676 2180 3895 2255 διαφθορᾶς

2371 2277 2724 2351 λαμϐάνεσθαι
2781 2275 3072 2350 δυναμένης
3128 2277 3252 2349 [348
3318 2276 3408 2350 3.]
3468 2276 3658 2334 εἰκότως
3707 2267 3897 2341 ducena-

2376 2370 2462 2421 θαι
2502 2364 2728 2420 δεικνύει
2771 2370 2857 2419 τὸν
2894 2363 3148 2441 Ἀνδρέαν
3197 2369 3268 2429 ὡς
3314 2371 3621 2439 μονοσάμοις
3665 2360 3899 2431 ἀποκεχρη-

2372 2461 2519 2531 μὲνον
2548 2465 2659 2519 ταῖς
2683 2456 2872 2520 λέξεσι.

2444 2637 2778 2710 Παρατίθησε
2822 2632 2883 2688 δε
2910 2637 3003 2697 τὰς
3046 2636 3182 2687 κατά
3219 2637 3343 2696 τοὺς
3384 2632 3620 2706 ἐλέγχους
3670 2622 3899 2686 ἀποδείξεις

2370 2728 2424 2779 ix
2454 2745 2507 2779 τε
2527 2734 2622 2789 τῆς
2670 2728 2806 2786 θείας
2848 2726 2897 2761 ⁸⁸
2940 2730 3164 2799 Γραφῆς,
3216 2723 3450 2785 Παλαιᾶς
3491 2741 3541 2775 τε
3567 2725 3649 2773 καὶ
3683 2716 3899 2780 Νέας,ιά

2369 2814 2422 2867 ἐκ
2453 2824 2552 2868 τῶν
2595 2811 2833 2888 λογάδων
2878 2819 3141 2887 Πατέρων,
3194 2813 3511 2867 ’Δθανασίου
3544 2816 3629 2864 καὶ
3678 2816 3761 2861 τῶν
3785 2810 3899 2877 τριῶν

2370 2910 2683 2980 Γρηγορίων,
2737 2912 2828 2957 τοῦ
2886 2923 2939 2956 τι
3006 2904 3053 2938 ³⁸
3110 2905 3513 2977 θαυματουργοῦ
3566 2900 3684 2971 λέγω
3727 2898 3799 2947 καὶ
3834 2895 3899 2943 τοῦ

2366 2995 2622 3067 Θεολογου
2671 3000 2758 3046 καὶ
2814 3001 2906 3046 τοῦ
2956 2995 3235 3046 θεσπεσίου
3298 2996 3536 3057 Νύσσης,
3599 2985 3826 3042 Βασιλείου
3864 2996 3900 3031 τε

606 3082 733 3139 seni
762 3083 1047 3153 episcopi.
1084 3080 1281 3136 Basilii
1312 3080 1584 3136 similiter
1633 3084 1916 3137 Caesareae
1960 3082 2239 3153 antistitis1

2288 3086 2330 3144 C
2365 3092 2455 3136 τοῦ
2499 3088 2813 3159 Καισαρείας
2860 3087 2950 3135 καὶ
2991 3083 3228 3136 Ἰωάννου
3297 3090 3391 3136 τοῦ
3453 3080 3789 3156 Κρυσοστόμον
3827 3075 3899 3122 Κν-

604 3176 660 3227 et
677 3171 918 3226 Joannis
941 3169 1365 3242 Chrysostomi,
1394 3169 1591 3241 Cyrilli
1616 3169 2006 3236 Alexandriae,
2029 3176 2086 3227 et
2111 3173 2257 3227 Con-

605 3258 1145 3329 stantinopolitanas
1189 3257 1345 3312 sedis
1373 3257 1642 3329 praesulis
1686 3258 1870 3315 Procli
1903 3259 2038 3331 (93),
2068 3261 2255 3317 sancti

603 3346 807 3403 adhuc
855 3347 1134 3417 martyris
1205 3345 1478 3402 Methodii
1524 3346 1656 3418 (94),
1708 3353 1764 3402 et
1830 3347 2063 3404 Godrati
2114 3350 2248 3419 (95).

602 3434 1014 3502 Quorumdam
1045 3435 1204 3490 enim
1245 3451 1316 3490 ex
1342 3435 1433 3490 his
1477 3435 1634 3491 dicta
1663 3436 1944 3508 quaedam
1986 3437 2253 3495 Andreas

600 3523 912 3590 avulserat,
947 3539 1016 3579 ac
1047 3528 1426 3596 perverterat,
1462 3523 1759 3596 simulque
1802 3524 2117 3591 malitiose,
2152 3533 2254 3584 aut

599 3613 870 3685 imperite
900 3612 1366 3685 interpretando,
1398 3628 1659 3670 errorem
1702 3630 1878 3670 suum
1923 3630 1996 3670 ex
2030 3615 2162 3680 illis,
2190 3620 2253 3673 ut

601 3702 715 3759 sibi
737 3702 981 3775 quidem
1010 3702 1329 3775 persuasit,
1355 3702 1759 3760 conﬁrmarat.
1787 3705 1997 3760 Verum
2020 3704 2099 3760 ob
2122 3705 2250 3761 haec

597 3793 822 3858 omnia,
842 3808 978 3865 quin
998 3792 1179 3849 modo
1200 3791 1342 3857 dixi,
1358 3792 1548 3863 justas
1569 3792 1821 3849 Eusebio
1839 3808 2049 3865 poenas
2064 3793 2251 3866 dedit,

605 3882 817 3955 1066
841 3882 920 3938 ob
952 3881 1445 3938 adulterationem
1464 3883 1601 3954 (96),
1621 3883 1889 3956 inquam.
1910 3889 2253 3941 sanctorum

594 3974 854 4037 Patrum,
871 3976 928 4028 et
943 3971 1408 4044 improbitatem,
1424 3977 1603 4044 atque
1618 3972 1918 4029 inscitiam
1935 3989 1948 4028 :
1966 3973 2252 4047 quodque

594 4061 1008 4119 haereticorum
1038 4059 1199 4117 dicta
1230 4060 1513 4132 quaedam
1545 4061 1898 4135 compilans,
1929 4063 2149 4120 sanctis
2179 4079 2253 4120 ea

593 4151 866 4209 Patribus
895 4148 1216 4206 attribuere
1248 4149 1323 4205 sit
1351 4166 1560 4206 ausus.

666 4240 932 4297 Ostendit
950 4244 1155 4311 postea
1167 4255 1238 4294 ex
1258 4238 1349 4304 iis,
1364 4255 1502 4310 quae
1521 4239 1864 4312 ineptiendo
1886 4240 2247 4313 proferebat,

594 4333 852 4383 statuere
916 4326 1083 4383 illum
1130 4332 1309 4393 certo,
1357 4327 1503 4383 nihil
1560 4329 1856 4385 Christum
1931 4331 2247 4386 Dominum

2361 3173 2535 3245 ρίλλου
2589 3192 2642 3225 τε
2701 3174 2749 3208 ⁸⁸
2788 3180 2879 3225 τοῦ
2931 3168 3325 3246 Ἀλεξανδρείας
3377 3176 3463 3225 καὶ
3513 3177 3596 3223 τοῦ
3637 3167 3901 3223 Κωνσταντι·

2360 3262 2641 3323 νουπολεως
2673 3261 2927 3336 Πρόκλου,
2989 3260 3116 3312 ἀλλά
3158 3257 3225 3319 δὴ
3269 3266 3362 3315 καὶ
3414 3256 3661 3315 Μεθοδίου
3694 3260 3772 3306 τοῦ
3805 3253 3899 3322 ἱεροί

2359 3354 2618 3425 μάρτυρος
2668 3357 2757 3404 καὶ
2807 3347 3101 3425 Κοδράτουο
3148 3350 3215 3401 ὧν
3256 3350 3403 3403 ἐνίων
3442 3354 3528 3402 καὶ
3576 3348 3736 3422 ῥήσεις
3792 3340 3899 3425 τινεξς

2360 3421 2385 3493 εἰ
2435 3421 2684 3516 ἱΛνδρέας
2739 3421 3115 3512 ἀποσπαράξας
3170 3444 3260 3493 καὶ
3308 3421 3767 3513 παραπλασάμενος,
3800 3428 3826 3479 ἆ
3857 3421 3898 3476 δῖ

2359 3535 2449 3582 καὶ
2502 3533 2805 3605 κακούργως
2852 3530 2882 3588 ἦ
2952 3535 3041 3582 καὶ
3108 3529 3342 3591 ἀνοήτως
3411 3527 3682 3599 ἐξειληφὼς,
3753 3516 3896 3572 ἐκεῖθεν

2362 3623 2451 3690 (ὡς
2482 3619 2630 3691 ᾤετο)
2674 3624 2766 3677 τήν
2810 3618 3002 3671 οἰκείαν
3038 3617 3233 3677 πλάνην
3289 3618 3579 3693 ἐκράτυνα.
3622 3606 3897 3693 Ἀλλὰῗπάνο

2361 3728 2459 3760 των
2505 3708 2664 3761 ἕνεκεν
2718 3715 2817 3759 τῶν
2874 3707 3149 3780 εἰρημένων
3225 3706 3465 3778 Εῦσεϐίῳ
3537 3698 3715 3757 δίδωσι
3761 3692 3894 3754 δίκας,

2360 3805 2455 3860 τῆς
2484 3816 2537 3850 τε
2601 3802 3000 3872 παραποιήσεὼς
3053 3816 3186 3870 φημι
3260 3802 3357 3849 καὶ
3412 3796 3709 3867 κακουργίας
3752 3787 3775 3845 ἦ
3832 3784 3897 3833 καὶ

2360 3885 2551 3952 ἀνοίας,
2606 3892 2695 3939 καὶ
2738 3888 2818 3939 ὅτι
2863 3888 3132 3961 αἰρετικῶν
3178 3886 3316 3959 ῥητά
3373 3906 3488 3939 τινα
3559 3876 3895 3955 παραλεξάμενος

2359 3983 2463 4037 τοίς
2546 3980 2710 4048 ἁγίοις
2784 3977 2927 4049 ἡμῶν
3006 3976 3276 4049 Πατράσιν
3357 3975 3631 4046 ἐτόλμησεν
3686 3966 3891 4021 ἀναθεῖναι

2359 4084 2525 4118 ταυτα
2534 4108 2545 4119 .

2429 4242 2545 4296 Ἐπὶ
2598 4243 2803 4303 τούτοις
2851 4237 3115 4294 δείκνυσιν
3152 4239 3331 4308 αύτόν,
3378 4240 3433 4303 ἐξ
3486 4240 3553 4291 ὧν
3581 4229 3886 4311 ἐματαιολόγειι

2358 4328 2649 4397 δοξάζοντα
2691 4331 2769 4382 ὅτι
2821 4334 2893 4402 μὴ
2934 4328 3225 4390 ἀλλοιωθεὶς
3264 4330 3290 4380 ὁ
3343 4332 3533 4405 Κύριος
3578 4318 3889 4399 ἡμῶνίησοῦς

588 4415 959 4485 resurgendo
978 4422 1271 4472 mutatum
1289 4416 1363 4471 de
1381 4416 1760 4487 corruptione
1777 4418 1836 4473 in
1854 4419 2221 4492 incorruptio

2276 4434 2317 4488 D
2357 4424 2582 4496 Χριστὸς
2632 4416 2726 4473 διὰ
2794 4427 2887 4481 τῆς
2931 4418 3266 4480 ἀναστάσεως
3322 4417 3380 4470 ἐκ
3432 4421 3617 4494 φθορᾶς
3648 4414 3701 4474 εἰς
3739 4406 3883 4496 ἀφθαρο

590 4521 748 4572 nem,
784 4521 954 4575 asque
984 4521 1113 4561 esse
1144 4504 1538 4577 impatibilem
1564 4505 1623 4561 in
1648 4507 2041 4574 humanitate,
2078 4513 2139 4565 ut
2185 4508 2245 4564 in

590 4594 1255 4667 divinitate:ausumque
1267 4594 1644 4667 blasphemos
1658 4595 1959 4667 appellare
1976 4602 2242 4664 caeteros,

589 4685 693 4758 qui
713 4685 997 4743 sentirent
1013 4688 1070 4742 et
1088 4683 1373 4755 dicerent,
1401 4684 1636 4742 mortali
1652 4700 1721 4742 ac
1739 4685 1979 4757 patibile
1996 4701 2244 4758 corpore

2354 4618 2504 4665 τητα,
2538 4600 2711 4673 ὥσπερ
2766 4598 2909 4650 ἐστὶν
2985 4596 3193 4659 ἀπαθὴς
3234 4598 3369 4649 κατὰ
3431 4602 3524 4655 τὴν
3578 4597 3778 4649 θεότηταν

2354 4690 2434 4741 ὅτι
2482 4686 2735 4761 ἐτόλμησε
2789 4685 3135 4760 βλασφήμους
3198 4684 3527 4740 ἀποκαλέσαι
3554 4686 3665 4744 τούς
3697 4673 3887 4750 φρονοῦν

2359 4516 2475 4563 σίαν
2524 4511 2767 4570 ὡσαύτως
2808 4511 2949 4562 ἐστὶν
2995 4507 3197 4569 ἀπαθὴς
3264 4510 3405 4560 κατὰ
3458 4510 3505 4544 ⁵⁷
3558 4510 3643 4565 τὴν
3680 4498 3881 4592 ἂνθρωποῖ

3813 4594 3883 4629 και

1935 4801 2169 4859 VARI/E
2209 4803 2611 4863 LECTIONES.

658 4910 823 4983 “xui
845 4924 942 4966 an.
986 4916 1080 4972 τῆς
1098 4924 1218 4983 om.
1249 4914 1311 4963 Α.
1390 4907 1435 4944 ⁸⁷
1466 4913 1641 4981 γήρως
1660 4929 1720 4983 ς.
1771 4909 1846 4983 ,⁸⁸
1878 4903 1941 4983 δε
1965 4912 2050 4983 καὶ
2075 4907 2158 4963 ἰπὶ
2209 4932 2262 4976 ς.
2341 4913 2388 4947 ⁴⁹
2423 4908 2579 4983 silli
2632 4910 2869 4983 Cortlv,
2900 4909 2986 4964 16.

585 4990 674 5037 καὶ
706 4981 789 5035 ἐπὶ
821 5003 875 5048 ς’.
955 4982 1002 5017 ⁵³
1046 4982 1191 5055 παρά
1239 4983 1285 5036 Α
1318 4996 1331 5036 :
1364 4973 1484 5053 περῖ
1658 4980 1705 5014 ⁸³
1736 4973 1822 5032 οὖν
1869 4979 2009 5036 add.
2038 4982 2102 5037 A.
2183 4973 2231 5018 δε
2286 4984 2423 5045 θείας
2450 4973 2591 5039 έόά.
2627 4983 2693 5037 Α.
2771 4981 2819 5017 ⁸⁸
2848 4998 2899 5034 τε
2936 4996 3060 5037 om.
3096 4987 3155 5037 Δ.

584 5062 674 5110 καὶ
700 5057 837 5108 κατά
860 5059 922 5106 Α.

3066 4910 3113 4945 ⁵ο
3144 4912 3233 4962 καὶ
3278 4910 3346 4961 τὰ
3385 4908 3506 4972 ἑξῆς
3533 4928 3586 4973 ς.
3658 4901 3696 4939 ⁸¹
3724 4896 3796 4973 ini

3235 4957 3365 5033 δέτι
3387 4957 3632 5038 add].
3702 4972 3740 5007 ⁸⁷
3769 4957 3891 5028 κατὰ]

2154 5150 2381 5210 NOTAE.

655 5251 771 5325 (93)
801 5252 878 5325 De
900 5266 1021 5325 quo
1049 5252 1258 5308 Baron.
1287 5247 1448 5306 card.
1479 5248 1542 5314 V,
1567 5252 1623 5304 et
1650 5246 1808 5305 Notis
1829 5248 1907 5305 ad
1937 5249 2231 5323 Martyrol.

582 5323 975 5474 ἓῆἓὸῑὲὶίιὲξιε
1006 5392 1274 5474 meminit
1297 5393 1364 5474 β.
1382 5390 1623 5474 _H_ierog.
1639 5390 1707 5474 _in
1726 5390 2019 5474 .Catalogo
2047 5392 2233 5448 sancti

582 5462 1121 5536 Epiphanfhaares.
1155 5468 1262 5533 διε
1296 5464 1511 5521 Suidas
1555 5462 1787 5520 Tabulae
1834 5462 2021 5519 sacras
2066 5479 2231 5520 mar-

581 5540 900 5609 tyrumtls
927 5536 1256 5609 Septembr.
1285 5543 1342 5593 et
1365 5536 1497 5609 infr.
1532 5536 1694 5609 Phot.

653 5608 767 5680 (95)
801 5607 910 5680 Pro
937 5605 1243 5680 Quadrati,
1269 5612 1331 5664 ut
1352 5607 1585 5680 Latini.
1612 5608 1672 5660 V.
1705 5607 1761 5661 Β.
1788 5605 1943 5680 Hier.
1965 5606 2024 5662 in
2049 5605 2232 5662 Catal.

580 5677 796 5739 Euseb.
830 5679 933 5737 lib.
964 5694 1023 5737 1v
1070 5679 1213 5737 Hist.
1246 5678 1454 5737 eccles.
1484 5693 1620 5751 cap.
1654 5680 1683 5735 3
1728 5683 1782 5735 et
1808 5677 1971 5746 alibi,
2004 5682 2061 5736 et
2092 5680 2235 5737 Mar—

2346 5249 2507 5322 tyrol.
2533 5251 2700 5322 Rom.
2730 5252 2798 5306 26
2819 5247 2969 5322 Maii.
2996 5248 3077 5322 De
3108 5246 3202 5322 his
3229 5245 3519 5322 omnibus
3532 5243 3659 5322 lege

3737 5225 3896 5281 ieenh.

2415 5249 2507 5305 τοι.
2533 5251 2700 5306 Rom.
2730 5252 2798 5306 26
2819 5247 2968 5306 Maii.
2996 5248 3077 5303 De
3108 5246 3202 5304 his
3229 5245 3519 5304 omnibus
3536 5243 3659 5314 lege
3688 5236 3896 5320 l‘iicepn.

2415 5322 2528 5391 (96)
2563 5318 3034 5378 SicutetEusebii
3049 5318 3230 5391 hujus
3249 5318 3412 5390 apud
3427 5332 3490 5372 se
3512 5294 3901 5391 deposntamag

2346 5383 2605 5464 B.'Greg.
2638 5391 2950 5464 epistolam
2977 5383 3238 5464 corrupit
3262 5383 3319 5464 e't
3340 5383 3643 5464 sermones
3670 5383 3900 5464 ermfpg

2350 5442 3536 5535 gieabsnjhzaéaﬁaai;amiserant.
3558 5442 3904 5535 inscripsitgt

2345 5517 2681 5609 propterea
2697 5517 3055 5609 damnatum
3067 5603 3078 5609 _
3096 5533 3157 5589 in
3177 5517 3418 5609 synodo
3470 5517 3901 5587 Romana-Greg-

2347 5603 2507 5663 annb
2544 5611 2603 5663 l2
2632 5623 2664 5664 e
2694 5607 2997 5679 superiore
3026 5603 3419 5677 discas'epist.
