4136 6216
155 269 252 330 457

157 418 237 458 τας
297 403 392 450 καὶ
455 397 697 469 λέγοντας
757 397 925 468 θνητῷ
978 399 1063 450 xui
1127 400 1346 469 παθητῷ
1407 404 1611 471 σώματι
1671 401 1831 458 τόνΑ

158 491 339 559 Κύριον
400 489 552 558 ἡμῶν
603 487 812 545 Ἰησοῦν
861 491 1090 560 Χριστόν
1148 487 1194 538 ἐν
1246 495 1315 557 τῷ
1373 492 1555 559 κόσμῳ
1607 487 1756 539 πολι-

155 578 462 641 τεύσασθαι,
527 575 685 636 αὐτὸς
739 576 832 628 οὒκ
884 575 1131 648 ἐρυθριῶν
1187 579 1318 648 μετὰ
1371 581 1520 634 νίκην
1577 579 1756 629 παθῶν

155 671 234 717 καὶ
287 668 517 717 θανάτου
575 670 666 717 καὶ
718 667 909 737 φθορᾶς
963 665 1223 739 ἀναίρεσιν
1277 668 1510 723 παθητόν
1560 669 1617 718 τὸ
1666 685 1755 718 κυ-

155 759 326 826 ριακόν
382 757 753 829 τερατεύεσθαι
808 763 979 826 σῶμα,
1046 760 1135 808 καὶ
1188 757 1214 806 ό
1262 756 1309 790 ⁵⁸
1370 755 1756 829 φθαρτολάτρας

157 844 432 916 ἐνυϐρίζων
458 848 575 904 τοὺς
614 840 926 916 ὁρθοδόξους
962 843 1166 902 λέληθεν
1197 846 1352 896 αὑτὸν
1396 844 1513 917 [181
1559 843 1651 916 H.]
1684 842 1756 896 δι’

160 935 215 983 ὧν
254 933 396 1004 λέγει
444 934 847 1006 παθητολάτρης
897 932 1100 995 ἀληθῶς
1154 931 1586 1006 ἁπελεγχόμενος.
1637 935 1757 989 Ἐν-

163 1025 324 1075 τεῦθεν
368 1042 427 1074 τε
476 1025 806 1096 παρατίθησι
850 1023 1002 1075 πάλιν
1050 1026 1218 1095 φωνὰς
1267 1025 1313 1058 ⁵9
1367 1025 1640 1096 πατρικὰς,
1668 1028 1756 1076 καὶ

159 1117 450 1182 παρίστησι
525 1114 762 1171 παθητόν
830 1117 919 1165 καὶ
1001 1114 1184 1170 θνητόν
1245 1118 1334 1165 καὶ
1404 1115 1538 1165 κατὰ
1604 1120 1756 1165 τοῦτο

158 1204 376 1275 φθαρτόν
435 1206 492 1254 τό
543 1207 792 1276 κυριακὸν
853 1210 1005 1274 σῶμα
1051 1203 1144 1263 ἕως
1195 1210 1288 1262 τῆς
1335 1201 1495 1254 αὐτοῦ
1543 1199 1756 1264 ἐνδόξου

155 1290 510 1360 ἀναστάσεως,
574 1291 762 1344 ἐκεῖθεν
841 1289 900 1344 δὲ
968 1289 1042 1344 δι’
1098 1291 1256 1352 αὐτῆς
1308 1291 1622 1364 μεταϐληθεν
1690 1291 1760 1353 εἰς

155 1379 444 1433 ἀθανασίαν
491 1386 582 1433 καὶ
639 1380 910 1435 ἀπάθειαν.
964 1385 1114 1452 Λέγει
1185 1377 1244 1433 δὲ
1301 1384 1370 1443 ὡς
1425 1383 1761 1454 ματαιολογεί

156 1470 538 1544 οθαρτολάτρας
591 1472 617 1522 ὁ
672 1466 923 1544 Ἀνδρέας
993 1469 1318 1542 ἐπιφημίζων
1368 1475 1488 1532 τοὺς
1538 1468 1758 1546 ὁρθοδό-

154 1561 284 1621 ξονς·
340 1562 534 1633 Ἀρείῳ
572 1563 671 1632 γὰρ
705 1565 795 1612 καὶ
845 1562 1028 1632 Ἀετίῳ
1082 1566 1170 1612 καὶ
1213 1560 1467 1632 Εὖνοριίῳ,
1513 1561 1756 1613 Ἀπολλι-

152 1654 306 1723 ναρίῳ
355 1668 413 1701 τε
461 1654 553 1701 καὶ
593 1654 878 1722 Νεστορίῳ,
925 1649 1033 1701 ἀλλ’
1082 1649 1140 1701 οὗ
1181 1655 1291 1711 τοίς
1346 1648 1584 1702 εὐσεϐέσι
1631 1670 1753 1702 κατ-

155 1739 361 1799 άλληλος
391 1744 484 1790 καὶ
540 1739 706 1791 οἰκεία
752 1741 781 1797 ἡ
816 1741 1030 1797 τοιαύτη
1079 1737 1286 1801 κλῆσις.
1340 1743 1655 1812 ,δογματίζει
1696 1737 1756 1793 δὲ
1791 1777 1834 1832 Β

153 1834 229 1880 καὶ
287 1835 470 1893 τοῦτο,
517 1830 586 1889 ὡς
634 1830 660 1880 ό
705 1828 899 1901 Κύριος
941 1833 1029 1880 xui
1077 1832 1202 1888 Θεὸς
1256 1830 1402 1900 ἡμῶν
1449 1831 1514 1881 τὰ
1559 1832 1757 1899 φυσικὰ

152 1921 230 1986 μὲν
271 1923 367 1970 καὶ
416 1914 716 1976 ἆδιάϐλητα
753 1920 895 1976 πάθη
939 1920 1006 1980 ὡς
1035 1926 1130 1980 τῆς
1178 1919 1380 1990 φύσεως
1430 1923 1756 1992 Δημιουργός

155 2005 427 2070 ἀνεδέξατο
471 2007 528 2077 (ἃ
570 2004 693 2059 οὐδὲ
737 2011 928 2080 κυρίως
967 2009 1131 2072 πάθη,
1166 2005 1273 2058 ἀλλ’
1313 2010 1440 2081 ἔργα
1479 2009 1539 2059 ἄν
1570 2008 1753 2060 οἰκειόο

154 2115 289 2169 τερον
336 2096 556 2148 καλοῖτο
605 2104 702 2158 τῆς
749 2098 992 2168 φύσεως),
1045 2105 1144 2148 τῶν
1200 2093 1258 2149 δὲ
1314 2102 1505 2169 κυρίως
1552 2100 1752 2163 παθῶν,

155 2190 262 2241 ἦτοι
309 2194 414 2238 τῶν
471 2185 573 2237 ἀπὸ
622 2191 829 2254 κακίας,
869 2185 1126 2246 παντελῶς
1166 2182 1499 2247 ἀνεπίδεκτος
1536 2183 1616 2244 ἦν’
1667 2192 1756 2240 καὶ

154 2277 222 2325 ότι
284 2275 417 2346 οὐχ,
466 2277 531 2334 ὡς
580 2279 680 2347 πρό
725 2283 816 2334 τῆς
860 2273 1190 2336 ἀναστάσεως
1235 2276 1389 2332 ἤσθιε
1437 2280 1524 2327 καὶ
1569 2278 1754 2343 ἔπινεν,

157 2367 280 2415 οὕτω
332 2369 428 2415 καὶ
475 2366 608 2436 μετὰ
664 2368 758 2421 τὴν
817 2362 1103 2416 ἀνάστασιν
1155 2368 1406 2436 σννέφαγε
1427 2369 1516 2416 καὶ
1550 2369 1758 2418 συνέπιε

155 2463 249 2514 τοῖς
298 2457 587 2524 μαθηταῖς,
635 2452 763 2505 ἀλλὰ
817 2457 874 2505 τό
923 2457 1012 2524 μὲν
1080 2456 1294 2525 ἔπραττε
1335 2458 1474 2526 νόμῳ
1538 2457 1754 2526 φύσεως,

156 2550 237 2600 τήν
305 2545 532 2616 ῥέουσαν
599 2544 771 2615 σάρκα
828 2541 1027 2617 βρώσει
1083 2548 1172 2594 καὶ
1228 2547 1381 2595 πόσει
1435 2546 1498 2603 ὡς
1556 2542 1756 2604 ἀληθῶς

157 2632 510 2706 ἀνακτώμενος
556 2636 644 2684 καὶ
691 2640 1032 2706 περικρατῶν,
1098 2635 1157 2684 τό
1209 2628 1267 2684 δὲ
1332 2631 1550 2685 ἐτελεσεν
1597 2634 1755 2704 ὑπερ-

157 2732 287 2792 ονῶς
331 2719 407 2775 δι’
463 2722 784 2794 οἰκονομίαν,
837 2723 919 2772 ἵνα
956 2728 1059 2782 τοῖς
1086 2723 1352 2793 μαθηταῖς
1394 2727 1753 2788 πιστώσηται,

155 2818 233 2863 καὶ
277 2809 351 2864 δι’
385 2811 562 2863 αὐτῶν
606 2817 738 2864 πᾶσι
785 2817 1015 2873 πιστοῖς,
1059 2812 1124 2870 ὡς
1153 2811 1277 2862 αὐτὸ
1306 2813 1363 2862 τό
1389 2812 1641 2872 πεπονθός
1664 2816 1754 2863 καὶ

157 2904 454 2975 στανρωθὲν
524 2899 713 2957 ότδέστη
791 2908 965 2972 σῶμα,
1035 2898 1144 2950 ἀλλ’
1219 2898 1324 2971 οὐχ
1391 2900 1557 2973 ἕτερον
1631 2899 1756 2974 παρ’

155 2991 326 3055 ἐκεῖνο,
379 2991 426 3042 εἰ
483 2994 576 3042 καὶ
634 2993 764 3062 πρός
819 2987 1113 3061 ἀφθαρσίαν
1187 2994 1277 3040 καὶ
1330 2987 1582 3041 ἀπάθειαν
1632 3008 1757 3061 μετ-

155 3081 530 3152 εστοιχειῶθη.
628 3085 807 3130 Ταῦτα
899 3077 1143 3149 φιλοθέως
1216 3074 1756 3150 ἐπιδογματισάμενος

153 3169 287 3231 τέλος
344 3169 625 3225 ἐπιτίθησι
681 3175 740 3239 τῇ
795 3163 1080 3238 ὃεκαλόγῳ.
1135 3165 1288 3219 Ἐστι
1343 3164 1401 3219 δὲ
1456 3172 1622 3240 σαφὴς
1665 3173 1754 3220 καὶ

155 3259 341 3319 ἁπλοῦς
418 3263 515 3314 τὴν
575 3258 782 3328 φράσιν,
840 3259 1158 3332 καθαρότητι
1218 3263 1503 3329 χρώμενος,
1564 3263 1653 3309 xui
1711 3259 1756 3309 εἰ

153 3367 244 3399 που
278 3345 414 3413 δέοι,
451 3352 544 3399 καὶ
576 3346 854 3419 εὐκρινείᾳ.

1315 266 1802 330 BlBLlOTHECA.
1835 304 1903 315 —
1943 267 2106 333 COD.
2147 276 2380 336 CLXIII.

1865 408 2165 458 versatum
2194 403 2256 459 in
2289 407 2454 463 terris
2501 409 2796 466 Christum
2839 408 3177 475 Dominum,
3226 425 3364 466 cum
3390 412 3519 483 ipse

1867 503 1983 544 non
2005 491 2581 563 erubesceret,etiam
2613 503 2748 571 post
2773 502 3084 570 superatos
3104 497 3423 564 cruciatus,
3465 505 3521 557 et

1869 583 2120 635 mortem
2167 597 2203 637 a
2250 588 2694 658 corruptionem
2749 585 3068 653 sublatam,
3112 585 3355 659 patibile
3385 606 3517 646 esse

1869 667 2103 724 Domini
2132 686 2350 744 corpus
2376 676 2722 746 prodigioso
2753 675 3064 732 mendacio
3083 678 3520 742 asserere,nihil

1866 756 2100 814 interim
2160 761 2492 832 advertens,
2552 766 2698 822 dum
2739 766 3110 822 orthodoxos
3155 767 3521 826 Phthartola-

1870 850 1987 902 tras
2019 847 2130 920 (97)
2163 865 2266 921 per
2279 852 2334 907 in
2338 852 2558 922 juriam
2576 855 2982 928 appellat,suis
2997 855 3196 926 ipsum
3210 856 3402 912 verbis
3417 857 3522 914 Pa-

1867 935 2233 994 thetolatram
2247 941 2362 1013 (98)
2376 959 2436 998 se
2451 959 2656 1000 revera
2670 944 3126 1016 probare.Addit
3157 944 3292 1000 dein
3314 945 3521 1002 iterum

1867 1031 2199 1082 sanctorum
2215 1031 2446 1086 Patrum
2461 1033 2747 1089 sententia
2757 1033 3188 1106 s,ostenditque
3203 1034 3444 1106 patibile
3458 1053 3521 1091 ac

1867 1115 2134 1181 mortale,
2159 1122 2216 1174 et
2237 1120 2402 1191 quod
2424 1121 2560 1176 hinc
2586 1121 2869 1195 sequitur,
2895 1122 3283 1193 corruptibile
3311 1123 3521 1182 Christi

1867 1218 2084 1275 corpus
2115 1205 2311 1272 fuisse,
2337 1225 2527 1282 usque
2553 1210 2630 1266 ad
2656 1210 2979 1279 gloriosam
2995 1210 3124 1281 ejus
3139 1214 3523 1270 resurrectio-

1865 1307 1984 1348 nen
2019 1311 2032 1347 :
2062 1293 2201 1350 inde
2254 1312 2393 1352 vero
2435 1298 2770 1354 immortale
2804 1302 2984 1371 atque
3013 1299 3346 1372 impatibile
3412 1319 3519 1376 per

1866 1381 2064 1452 ipsam
2096 1399 2224 1439 esse
2253 1385 2574 1442 redditum.
2602 1389 2833 1444 Vanum
2874 1387 3015 1444 item
3041 1404 3170 1444 esse
3217 1391 3520 1448 Andream

1867 1471 2217 1545 indicat,qui
2230 1474 2570 1531 orthodoxis
2583 1476 2943 1548 probrosum
2958 1477 3520 1536 Phthartolatrarum

1867 1560 2106 1631 objiciat
2153 1569 2621 1632 cognomentum
2669 1581 2685 1633 ;
2714 1566 2776 1622 in
2808 1567 3011 1621 Arium
3051 1568 3233 1636 enim,
3265 1567 3518 1636 Aetium,

1868 1652 2245 1718 Eunomium,
2274 1653 2705 1726 Apollinarium
2736 1663 2914 1728 atque
2942 1657 3427 1724 Nestorium,non
3460 1660 3522 1714 in

1867 1739 2016 1810 pios,
2055 1741 2209 1797 hanc
2239 1743 2533 1815 quadrare
2572 1743 3059 1817 appellationem.
3099 1745 3251 1802 Illud
3277 1764 3522 1821 quoque

1865 1828 2037 1884 docet
2066 1831 2375 1898 Eusebius,
2424 1833 2742 1889 Dominum
2789 1837 3096 1906 Deumque
3132 1842 3426 1903 nostrum,
3458 1841 3524 1894 ut

1863 1918 2537 1993 naturales,minimeque
2549 1923 3067 1995 reprehendendas
3087 1927 3520 1997 perpessiones,

1864 2011 2152 2081 tanquam
2181 2015 2406 2066 naturae
2420 2011 2617 2083 opifex
2634 2017 2813 2084 atque
2827 2013 3174 2069 architectus
3191 2016 3522 2088 assumpsit

1865 2098 2023 2170 (quae
2047 2114 2168 2154 non
2202 2101 2515 2171 passiones
2543 2101 2654 2173 (99)
2683 2102 3056 2174 proprie,sed
3083 2117 3270 2174 opera
3289 2109 3522 2162 natura:

1865 2187 2057 2255 magis
2083 2188 2320 2259 proprie
2345 2189 2764 2262 appellentur),
2799 2191 2884 2246 sic
2907 2191 3147 2264 proprie
3174 2193 3365 2249 dictas
3389 2210 3524 2265 pas-

1866 2275 2088 2340 siones,
2122 2277 2244 2331 sive
2270 2293 2305 2333 a
2349 2278 2662 2334 vitiositate
2709 2278 3032 2351 profectas,
3064 2281 3314 2337 omnino
3341 2283 3523 2338 susci-

1864 2380 2003 2436 pere
2027 2380 2146 2420 non
2176 2366 2438 2437 potuisse
2472 2381 2484 2421 :
2510 2382 2631 2422 non
2658 2367 2796 2423 item
2826 2384 2949 2440 quo
2979 2373 3116 2424 ante
3143 2370 3525 2428 resurrectio-

1864 2469 2003 2508 nem
2041 2454 2241 2510 ederat
2265 2470 2334 2509 ac
2361 2454 2597 2511 biberat
2632 2456 2834 2521 modo,
2866 2457 3047 2512 etiam
3089 2465 3227 2529 post
3263 2475 3522 2516 resurre-

1865 2543 2122 2599 ctionem
2153 2559 2290 2598 cum
2313 2543 2620 2615 discipulis
2651 2561 2769 2600 una
2795 2545 3010 2611 edisse,
3036 2562 3106 2601 ac
3130 2546 3355 2602 bibisse
3381 2563 3395 2614 ;
3417 2549 3523 2604 sed

1866 2631 2028 2701 prius
2041 2631 2183 2686 illud
2196 2632 2440 2703 quidem
2455 2648 2527 2688 ex
2548 2641 2777 2689 naturae
2803 2633 3034 2704 legibus
3053 2633 3519 2706 fecisse,tluxam

1865 2736 2107 2776 carnem
2159 2720 2292 2776 cibo
2341 2736 2410 2776 ac
2469 2725 2614 2793 potu
2667 2737 2875 2778 revera
2928 2723 3268 2795 reparando
3336 2730 3518 2797 atque

1864 2809 2327 2875 corroborando,
2370 2809 2484 2865 hoc
2537 2827 2678 2865 vero
2729 2826 2914 2882 supra
2969 2816 3196 2868 natura:
3241 2814 3517 2872 ordinem

1862 2898 2252 2970 procurandae
2283 2898 2490 2955 salutis
2516 2905 2734 2955 nostrae
2766 2901 2956 2969 gratia
2978 2901 3332 2970 gessisse,ut
3353 2903 3522 2960 disci-

1863 2987 1986 3059 puli
2029 2987 2355 3054 crederent,
2396 2993 2454 3044 et
2500 3004 2606 3060 per
2633 2988 2763 3044 illos
2824 2988 3032 3044 ﬁdeles
3075 3006 3308 3061 omnes,
3356 2992 3518 3048 idem

1861 3078 2110 3132 omnino
2137 3093 2378 3149 corpus,
2419 3077 2585 3149 quod
2616 3077 2982 3134 cruciatibus
3009 3081 3516 3154 excarniﬁcatum,

1863 3173 2042 3240 atque
2055 3169 2114 3223 in
2129 3184 2360 3223 crucem
2376 3173 2572 3224 actum
2588 3169 2812 3232 fuisset,
2847 3185 2882 3224 a
2897 3170 3145 3225 mortuis
3163 3172 3517 3230 surrexisse:

1863 3273 2058 3329 neque
2089 3257 2248 3314 aliud
2278 3273 2406 3313 esse
2446 3256 2518 3314 ab
2549 3257 2667 3323 illo,
2720 3259 3109 3329 quantumvis
3155 3260 3282 3329 jam
3316 3261 3394 3317 ad
3433 3261 3522 3317 in-

1863 3347 2307 3417 corruptionem
2334 3346 2795 3402 etindolentiam
2821 3345 3314 3405 transformatum
3339 3357 3518 3408 esset.

155 3438 279 3494 llaec
309 3436 415 3493 ubi
450 3435 742 3491 Eusebius
765 3434 962 3490 divine
993 3434 1212 3502 docuit,
1256 3435 1558 3491 decimum
1600 3435 1842 3492 tandem
1871 3434 2091 3491 librum
2140 3435 2420 3492 absolvit.
2468 3436 2664 3509 Stylus
2703 3435 2755 3491 ei
2793 3435 2990 3492 clarus
3029 3441 3136 3502 est,
3174 3443 3229 3493 et
3268 3439 3522 3511 simplex

154 3542 422 3600 puroque
445 3523 686 3580 dicendi
718 3537 932 3593 genere
960 3523 1158 3594 utitur,
1196 3527 1390 3596 atque,
1424 3524 1525 3580 ubi
1567 3540 1717 3595 Opus
1744 3528 1851 3591 est,

878 3613 1034 3667 PEI".

158 3700 468 3756 Οὶινδανίον
526 3700 830 3774 Ἀνατολίου
916 3703 1151 3774 Βηρυτοῦ
1226 3706 1506 3774 Συναγωγῄ

357 3785 527 3846 γικῶν
587 3770 1014 3845 ἐπιτηδευμάτων
1081 3773 1130 3824 ἐν
1201 3770 1376 3845 τομοίς
1436 3770 1534 3846 ιβ’.

225 3863 347 3936 [349
377 3863 475 3936 3.]
513 3863 844 3930 Ἀνεγνῶσθη
893 3859 1207 3914 Οὖινδανίου
1241 3862 1541 3916 Ἀνατολίου
1575 3864 1747 3934 Βηρῦ-

159 3970 241 4003 του
290 3957 338 3989 ⁵ο
411 3956 698 4023 Συναγωγή
758 3960 1055 4023 γεωργικῶν
1110 3948 1556 4025 ἐπιτηδευμάτων
1626 3971 1752 4003 συν-

1593 3721 1751 3776 γεωρ-

163 4043 433 4110 ὲεροισται
462 4039 525 4094 δὲ
557 4040 698 4110 αὐτῷ
743 4044 801 4092 τό
853 4039 1054 4112 βιϐλίον
1099 4043 1154 4092 ἔκ
1203 4060 1255 4093 τε
1289 4049 1385 4093 τῶν
1426 4046 1751 4114 Δημοκρίτου

160 4131 464 4204 ’Λῖρικανοῦ
524 4150 578 4184 τε
639 4135 728 4183 καὶ
785 4135 1101 4204 Ταραντίνου
1156 4135 1245 4182 xui
1298 4129 1613 4187 Ἀπονδληῖου
1662 4136 1752 4183 καὶ

162 4219 463 4294 Φλωρεντίαν
509 4225 602 4271 xui
651 4219 933 4281 Οὐάλεντος
989 4224 1079 4271 καὶ
1137 4223 1348 4279 Λέοντος
1397 4224 1488 4271 καὶ
1551 4225 1756 4291 Παμφί-

159 4307 261 4374 λου,
294 4317 384 4364 καὶ
429 4308 498 4369 δὴ
533 4315 625 4361 καὶ
674 4308 729 4361 ἐκ
757 4317 854 4361 τῶν
903 4311 1183 4381 Διοφάνους
1220 4305 1558 4382 Παραδοξων·
1602 4314 1755 4381 τόμοι

166 4394 218 4448 δε
248 4401 340 4452 εἱσι
364 4404 426 4451 τό
457 4398 666 4473 βιϐλίον
709 4397 808 4471 ιβ’.
845 4404 1115 4470 Χρήσιμον
1143 4395 1200 4451 δὲ
1223 4402 1281 4451 τό
1311 4397 1536 4471 βιϐλίον,
1568 4402 1639 4462 ὡς
1663 4403 1754 4451 καὶ
1787 4415 1831 4468 D

166 4483 252 4537 simi
284 4495 470 4562 πείρας
513 4489 678 4549 αὐτῆς
725 4489 810 4540 ἐπι
852 4487 1048 4540 πολλῶν
1079 4485 1304 4560 εἴδομεν,
1339 4491 1470 4562 πρὸς
1498 4492 1589 4550 τὰς
1621 4489 1754 4541 κατὰ

163 4583 254 4642 Ἱξν
301 4579 554 4650 ἐργασίας
599 4583 690 4629 xui
741 4581 856 4636 τοὺς
899 4580 1215 4652 γεωργικοὺς
1263 4581 1468 4642 πόνους,
1499 4582 1586 4630 καὶ
1615 4597 1756 4649 ,σχε-

165 4659 253 4715 δον
287 4687 336 4718 τι
380 4673 784 4742 χρησιμώτερον
829 4674 928 4718 τῶν
971 4665 1152 4731 ἄλλων,
1203 4667 1319 4718 ὅσοι
1353 4674 1444 4726 τῆς
1475 4666 1636 4728 αὐτῆς
1666 4667 1754 4718 αὖ-

166 4760 233 4820 τῷ
283 4763 639 4829 πραγματείας
697 4755 919 4826 ἥψαντο.
988 4754 1142 4827 Ἔχει
1213 4751 1262 4807 δ’
1321 4757 1455 4827 ὅμως
1507 4758 1615 4807 ἔνια
1665 4760 1754 4807 καὶ

165 4851 303 4896 τοῦτο
363 4850 423 4898 τό
490 4845 696 4919 βιϐλίον
767 4841 1036 4918 τερατώδη
1096 4849 1186 4898 xui
1257 4845 1462 4896 ἄπιστα
1518 4849 1607 4896 καὶ
1664 4852 1754 4905 τῆς

163 4930 444 4997 Ἑλληνικῆς
501 4936 698 4997 πλάνης
747 4935 997 5004 ὑπόπλεα,
1057 4933 1092 4987 ἃ
1144 4931 1227 4988 δεῖ
1281 4938 1369 4986 τόν
1424 4932 1607 4992 εὐσεϐῆ
1658 4954 1755 5004 γη-

169 5026 310 5074 πόνον
360 5024 720 5098 ἐκτρεπόμενον
772 5032 872 5076 τῶν
923 5024 1134 5090 λοιπῶν,
1191 5023 1453 5096 συλλέγειν
1505 5023 1570 5075 τὰ
1605 5028 1754 5094 χρή-

1880 3525 2062 3581 etiam
2092 3525 2243 3581 bene
2276 3525 2574 3582 distincto.

2573 3615 2794 3669 CLXIII.

1877 3703 2150 3758 Vindam'i
2162 3703 2420 3758 Anatolii
2431 3703 2643 3772 Beryti
2655 3703 3159 3758 Collectaneorum
3175 3703 3246 3758 de
3259 3703 3521 3772 agricul-

2291 3781 2441 3829 tura
2467 3773 2777 3844 disciplina
2821 3774 2956 3828 libri
2985 3789 3088 3827 xu.

1938 3863 2070 3931 Legi
2096 3862 2371 3917 Vindanii
2402 3861 2655 3916 Anatolii
2687 3863 2875 3932 Beryti
2901 3864 2979 3916 De
3007 3861 3405 3931 agricultura
3431 3863 3516 3917 Δίς

1863 3952 2118 4020 sciplina
2140 3951 2520 4006 collectanea.
2555 3951 2767 4020 107a
2794 3949 3094 4005 Conﬂatus
3109 3955 3312 4005 autem
3325 3950 3420 4005 hic
3440 3950 3518 4006 ab

1864 4055 1934 4096 eo
1958 4040 2102 4095 liber
2122 4045 2208 4094 est
2233 4054 2263 4093 e
2297 4039 2611 4093 Democriti
2642 4044 2700 4093 et
2728 4037 2986 4093 Africani
3011 4042 3191 4109 atque
3213 4037 3520 4094 Tarantini

1865 4128 2118 4201 scriptis,
2175 4127 2402 4200 Apuleii
2457 4143 2700 4199 quoque
2763 4131 2819 4182 et
2872 4125 3170 4191 Florentii,
3231 4127 3517 4194 Valentis,

1867 4217 2074 4274 Leonis
2097 4217 2396 4289 Pamphili
2420 4217 2496 4288 (t)
2531 4232 2544 4282 ;
2569 4221 2688 4272 tum
2708 4215 2799 4271 vel
2816 4215 3076 4270 maxime
3106 4232 3177 4271 ex
3193 4216 3520 4288 Diophanis

1864 4307 2219 4364 Paradoxis.
2254 4307 2416 4378 Opus
2444 4305 2762 4361 duodecim
2796 4304 3130 4360 absolvitur
3160 4305 3347 4373 libris,
3378 4306 3517 4362 utile

1865 4411 2028 4465 sane,
2062 4400 2123 4450 ut
2164 4395 2294 4467 ipsa
2326 4409 2436 4450 nos
2468 4393 2830 4465 experientia
2862 4393 2921 4448 in
2954 4393 3154 4448 multis
3183 4394 3407 4463 docuit,
3440 4396 3521 4451 ad

1863 4489 2079 4542 terram
2107 4483 2890 4555 excolendam,laboresque
2914 4483 3166 4538 rusticos
3195 4500 3207 4549 ;
3234 4485 3384 4550 Quin
3401 4484 3520 4540 fere

1863 4574 2088 4630 caeteris
2123 4573 2314 4630 utilior
2344 4573 2438 4629 hic
2468 4573 2635 4637 liber,
2665 4576 2946 4644 quotquot
2977 4573 3033 4627 in
3065 4572 3283 4644 eaipsa
3315 4589 3378 4629 re
3399 4573 3520 4630 ela-

1861 4664 2447 4721 borarunt.Contiuet
2462 4670 2657 4719 tamen
2673 4661 2963 4718 nonnulla
2978 4662 3262 4734 prodigiis
3280 4662 3515 4728 similia,

1861 4754 2166 4826 ﬁdemque
2178 4752 2541 4817 excedentia,
2558 4756 2612 4806 et
2636 4751 2850 4807 Graecis
2868 4750 3078 4806 referta
3105 4750 3350 4818 fabulis,
3381 4767 3517 4824 qum

1865 4843 2154 4914 praeterire
2185 4843 2352 4914 pium
2383 4843 2551 4896 decet
2575 4839 2923 4909 agricolam,
2957 4844 3176 4896 caetera
3209 4857 3338 4912 quas
3381 4839 3516 4896 usui

1861 4931 2062 4988 futura
2086 4935 2221 4997 sint,
2247 4930 2650 5002 arripientem.
2689 4931 2750 4985 Et
2776 4944 2912 4984 vero
2942 4928 3040 4984 alii
3067 4945 3300 4999 omnes,
3322 4929 3421 5002 qui
3440 4929 3516 4985 de

1861 5038 1924 5078 re
1945 5023 2163 5078 rustica
2191 5021 2571 5093 scripserunt,
2600 5019 2813 5076 eadem
2833 5018 2950 5076 fere
2977 5018 3050 5076 de
3065 5019 3302 5087 iisdem,
3331 5035 3523 5092 quan-

1498 5147 1734 5204 VARUE
1765 5148 2172 5205 LECTlONES.

241 5272 290 5307 ⁸⁸
316 5273 338 5324 ὁ
368 5273 503 5331 add.
539 5277 648 5331 AC.

728 5275 774 5309 δ’
804 5274 958 5327 πάλιν
988 5275 1315 5347 παρατίθησι
1345 5293 1400 5338 ς.

1481 5275 1530 5314 σο
1555 5273 1821 5348 Βηρύττου
1843 5275 1910 5329 Α.

1720 5397 1951 5454 NOTAE.

245 5521 349 5596 (97')
372 5523 543 5596 Quasi
573 5523 742 5580 dicas
775 5523 1344 5596 Corruptibilicolas.

361 5597 488 5674 _l_’_ari
509 5595 718 5674 _for_ma
748 5593 1177 5674 Patibilicolam
1202 5593 1464 5674 dixeris.

247 5663 347 5732 (99)
360 5666 624 5739 TbeOIOgi
639 5668 815 5724 nostri
829 5666 884 5722 in
898 5667 1114 5724 scholis
1130 5666 1295 5725 hodie
1309 5665 1747 5740 Propassiones.

434 5778 674 5833 ΡΑτιιοι..
716 5773 820 5832 Gn.
861 5775 1009 5836 CIII.

1861 5525 2351 5664 Πῆῐῧιῗιὲζιωὶο
2387 5589 2788 5662 Georgicorum
2816 5590 3002 5650 libros
3045 5592 3248 5652 tribuit
3276 5595 3517 5655 Suidas.

3172 5777 3239 5831 15
