4136 6216
671 255 775 308 459

3534 76 3543 89 η
4016 64 4021 65 ,

3514 56 4021 149 Ἰητ-

1897 250 2127 309 PHOTll
2173 253 2305 307 ΡΑΤ

2406 251 2625 309 .acuzs
2661 249 2772 307 cr.
3879 262 3965 317 ιδο

671 384 796 434 tum
816 377 1013 433 videre
1030 375 1641 449 potui,prodiderunt,
1663 392 1856 449 neque
1874 378 1931 432 in
1951 375 2152 433 multis
2171 377 2305 432 adec

2439 396 2588 448 σιμα.
2659 380 2757 428 Καὶ
2813 376 2861 425 οἱ
2918 372 3060 426 ἄλλοι
3092 371 3150 426 δὲ
3203 384 3302 426 τῶν
3337 378 3426 438 τὰς
3454 382 3720 450 γεωργικὰς
3757 401 3967 454 πραγμα-

668 468 1038 524 dissentiunt.
1065 465 1289 531 Quibus
1320 472 1519 522 autem
1542 468 1694 521 inter
1724 482 1786 521 se
1812 466 2122 532 dissident,
2147 467 2205 521 in
2231 467 2323 522 his

669 558 877 613 Leonis
889 557 1295 628 experimenta
1312 556 1537 611 caeteris
1550 561 1994 628 anteponuntur
2012 556 2318 613 omnibus.

1386 826 1603 881 CLXIV.

1004 917 1265 973 Galenus
1292 918 1375 971 De
1400 917 1568 972 sectis
1594 916 1977 972 medicorum.

736 1004 1007 1074 Legimus
1028 1006 1234 1060 Galeni
1265 1004 1485 1061 librum
1513 1007 1596 1061 De
1620 1007 1809 1061 sectis.
1848 1004 2085 1060 Disserit
2115 1007 2316 1060 autem

661 1095 734 1149 de
765 1097 936 1150 sectis
968 1111 1101 1165 quas
1128 1096 1184 1149 in
1209 1102 1331 1150 arte
1355 1094 1590 1149 medica
1620 1096 1769 1149 inter
1791 1110 1851 1148 se
1878 1094 2313 1163 conspirarunt.

662 1186 769 1238 Eas
802 1188 917 1237 tres
949 1185 1029 1238 ait
1059 1200 1186 1238 esse
1219 1182 1582 1253 potissimas.
1615 1186 1802 1239 Unam
1831 1184 2085 1252 logicum
2116 1182 2317 1253 appel-

656 1273 862 1335 latam,
892 1289 1077 1343 quam
1109 1280 1163 1327 et
1192 1272 1587 1341 dogmaticam
1620 1272 1991 1341 agnominat,
2027 1278 2082 1326 et
2107 1274 2314 1328 analo-

656 1364 942 1433 gislz'cam.
979 1362 1235 1417 Alteram
1282 1378 1423 1417 vero
1476 1362 1809 1431 empiricam
1859 1364 2121 1417 dictam:
2156 1361 2313 1418 hanc

656 1453 1107 1508 observatricem
1148 1467 1384 1522 quoque
1435 1467 1504 1506 ac
1565 1452 1967 1507 memorialem
2016 1452 2308 1506 nominat.

654 1541 907 1597 Tertiam
935 1542 1193 1613 denique
1212 1541 1614 1597 methodicam.
1634 1540 1919 1595 Differunt
1938 1547 2140 1596 autem
2163 1541 2313 1595 inter

655 1645 715 1685 se
743 1646 879 1685 cum
909 1630 1037 1685 aliis
1060 1630 1259 1695 rebus,
1286 1635 1409 1685 tum
1431 1630 1788 1685 inventionis
1813 1629 2013 1685 modo.
2056 1629 2313 1698 Dogma-

656 1720 802 1775 ticus
833 1721 993 1776 enim
1036 1721 1323 1785 medicus,
1356 1736 1427 1775 ex
1459 1736 1529 1775 eo
1560 1722 1721 1793 quod
1760 1720 2173 1775 ratiocinando
2212 1735 2311 1774 cu-

653 1810 822 1864 randi
880 1810 1196 1865 metbodos
1237 1809 1509 1881 reperiat,
1555 1816 1743 1864 artem
1778 1825 1952 1863 suam
1988 1808 2306 1863 constituit.

657 1899 976 1969 limpiricus
992 1914 1133 1953 vero
1149 1914 1269 1953 non
1290 1899 1760 1962 ratiocinatione,
1783 1898 1886 1953 sed
1905 1898 2310 1968 experimento

653 1994 828 2057 atque
841 1987 1259 2043 observatione
1284 1992 1469 2042 artem
1484 1987 1721 2055 colligit.
1742 1989 1873 2041 Jam
1908 1986 2307 2052 methodicus,

651 2077 755 2147 qui
781 2082 835 2132 et
862 2076 1089 2132 ratione
1123 2092 1297 2130 usum
1332 2092 1413 2139 se,
1450 2080 1502 2130 et
1542 2074 1945 2145 experimento
1978 2075 2306 2144 proﬁtetur,

652 2164 759 2219 etsi
792 2165 1008 2219 horum
1041 2171 1251 2219 neutro
1292 2164 1432 2219 satis
1472 2169 1747 2218 accurate
1780 2168 1996 2229 utatur,
2032 2164 2109 2218 ab
2144 2163 2309 2219 utris-

650 2270 768 2325 que
800 2252 911 2308 illis
938 2253 1149 2308 merito
1177 2253 1491 2308 distinctus
1518 2252 1880 2308 censebitur.

722 2342 893 2397 Liber
923 2342 1018 2396 hic
1042 2348 1154 2397 tres
1182 2343 1239 2397 in
1267 2348 1461 2413 partes
1502 2348 1734 2397 secatur
1765 2357 1776 2395 :
1814 2357 2074 2413 quarum
2105 2342 2163 2397 in
2196 2342 2310 2413 pri-

652 2448 751 2487 ma
766 2431 1013 2502 quidem
1032 2432 1378 2502 empiricam
1398 2436 1571 2502 atque
1587 2431 1992 2499 dogmaticam
2028 2430 2309 2502 graphice

650 2520 926 2576 describit
964 2522 1103 2576 :ubi
1143 2522 1342 2586 etiam,
1376 2520 1573 2592 qualis
1608 2521 1914 2591 utriusque
1955 2526 2169 2575 natura
2215 2520 2307 2583 sit,

652 2610 928 2665 ostendit.
977 2610 1180 2667 Altera
1216 2626 1351 2665 vero
1400 2615 1566 2680 parte
1612 2610 1764 2665 duas
1812 2610 2068 2663 invicem
2117 2614 2309 2663 sectas

656 2698 828 2754 valde
846 2699 1290 2764 contendentes,
1310 2705 1365 2754 et
1386 2700 1459 2753 de
1474 2699 1811 2769 principatu
1830 2703 2121 2752 certantes
2149 2713 2308 2751 com-

656 2790 839 2859 ponit.
861 2790 1049 2844 Tertia
1071 2789 1330 2860 denique
1351 2788 1752 2845 methodicam
1778 2787 2070 2859 producit,
2105 2794 2160 2841 et
2180 2786 2308 2858 qui-

652 2879 788 2933 dem
817 2894 954 2933 cum
985 2878 1115 2933 aliis
1155 2879 1577 2949 suprascriptis
1620 2876 1859 2932 duabus
1914 2882 2304 2947 pugnantem,

652 2967 916 3036 qualibet
946 2983 976 3022 e
1010 2968 1195 3021 tribus
1223 2967 1395 3022 sectis
1422 2968 1680 3036 suajura
1700 2966 2052 3037 proferente,
2088 2969 2142 3019 et
2175 2964 2309 3019 reli-

652 3070 803 3125 quas
830 3058 1065 3111 vincere
1088 3062 1414 3124 satagente.
1448 3061 1637 3125 Atque
1669 3055 1760 3109 hic
1802 3056 1951 3109 tertii
1992 3054 2126 3108 libri
2172 3054 2307 3109 tinis

2436 472 2570 525 τείας
2617 462 3065 536 συγγραψαμένων
3128 462 3326 535 σχεδον
3367 486 3416 517 τι
3479 471 3539 519 τὰ
3578 468 3697 519 αὐτὰ
3750 476 3967 544 περὶτῶν

2437 555 2621 620 αὐτῶν,
2674 556 2773 606 ὅσα
2817 553 2903 624 ἐμὲ
2946 550 3153 617 εἰδέναι,
3205 552 3583 625 ἀποφαίνονται,
3626 558 3711 608 οὐκ
3757 557 3828 611 ἐπὶ
3868 561 3966 613 πο).-

2435 644 2541 703 λοῐς
2586 641 2644 695 δε
2689 640 3057 715 διαφωνοῦσιν.
3114 642 3196 694 Ἐν
3246 642 3323 704 οἷς
3367 642 3423 697 δε
3466 644 3903 718 διαπεφωνήκασιν,
3941 654 3963 709 ἡ

2434 737 2525 786 τοῦ
2556 739 2774 795 Λέοντος
2804 742 2901 786 τῶν
2929 733 3091 784 ἄλλων
3122 740 3449 807 προκρίνεται
3478 744 3641 812 πεῖρα.

3152 824 3305 876 ΡΞΔ’.

2896 913 3124 970 Γαληνοῦ
3157 919 3273 986 περὶ
3300 916 3560 986 αἱρέσεων.

2503 1001 2829 1073 Ἀνεγνὼσθη
2901 1001 3129 1058 Γαληνοῦ
3199 1009 3321 1076 Περὶ
3389 1007 3642 1077 αἱρέσεων.
3702 1010 3811 1078 Περὶ
3861 1009 3968 1080 αἱρέ-

2433 1110 2557 1143 σεων
2613 1088 2671 1143 δὲ
2724 1100 2821 1142 τῶν
2888 1093 3022 1141 κατὰ
3086 1095 3176 1147 τὴν
3238 1092 3471 1164 ἰατρικὴν
3532 1098 3769 1146 σύστασιν
3823 1095 3965 1166 ἐσχη-

2429 1190 2585 1232 κυιών
2618 1176 2981 1252 διαλαμϐάνει,
3025 1186 3113 1231 καὶ
3145 1201 3271 1252 φησι
3321 1190 3451 1256 τρεῖς
3480 1184 3589 1234 κατ’
3619 1184 3833 1257 ἰατρικὴν
3864 1188 3966 1236 καθ-

2428 1270 2603 1331 ολικὰς
2645 1272 2864 1342 αἱρέσεις
2897 1279 3177 1335 συστῆναι,
3224 1276 3315 1328 τήν
3347 1291 3399 1323 τε
3446 1273 3747 1344 καλουμένην
3771 1273 3964 1343 λογικὴν,

2429 1358 2487 1416 ἢν
2534 1364 2622 1412 καὶ
2669 1356 2995 1429 δογματικήν
3040 1357 3366 1430 ἐπονομάζει,
3423 1364 3497 1413 ἔτι
3545 1358 3600 1413 δὲ
3650 1366 3732 1414 καὶ
3774 1362 3966 1432 ἀναλογι-

2429 1454 2633 1506 στικήν’
2718 1446 2963 1522 δευτέραν
3039 1445 3097 1499 δε
3149 1454 3242 1507 τὴν
3313 1450 3626 1522 καλουμένην
3690 1450 3963 1526 ἐμπειρικήν,

2428 1540 2537 1597 ἣτις
2599 1542 2686 1589 καὶ
2753 1542 3014 1612 τηρητικὴ
3089 1542 3177 1588 καὶ
3230 1544 3609 1609 μνημονευτικὴ
3677 1538 3961 1591 ἐπικαλεῖταιο

2424 1632 2603 1697 τρίτην
2630 1626 2757 1699 [182
2801 1624 2891 1697 H.]
2928 1622 2985 1677 δὲ
3032 1632 3125 1684 τήν
3156 1624 3465 1697 μεθοδικὴν.
3502 1634 3789 1700 Διαφέρονσι
3822 1626 3871 1681 δὲ
3900 1628 3963 1679 ἀλ-

2422 1715 2586 1773 λὴλων
2636 1716 2791 1767 αὗται
2836 1715 3008 1776 ἄλλοις
3057 1734 3108 1767 τε
3156 1721 3245 1767 καὶ
3293 1724 3365 1786 τῷ
3407 1724 3578 1790 τροπῳ
3625 1728 3708 1779 τῆς
3737 1721 3959 1790 εὑρέσεως·

2424 1806 2448 1854 ό
2478 1808 2566 1875 μεν
2614 1809 2715 1878 γὰρ
2758 1801 3077 1876 δογματικὰς
3120 1804 3254 1876 λόγῳ
3299 1811 3619 1879 κεχρημένος
3649 1812 3731 1859 καὶ
3770 1808 3849 1867 τὰς
3870 1807 3963 1876 μεθ·

2421 1890 2573 1954 ὁδους
2619 1902 2712 1955 τῆς
2774 1894 2999 1968 ἰατρείας
3063 1896 3315 1965 εὑρίσκων
3380 1902 3474 1954 τὴν
3536 1901 3715 1968 τέχνην
3765 1902 3962 1951 συνίστο-

2422 2002 2524 2047 σιν,
2556 1985 2581 2035 ό
2629 1981 2687 2035 δε
2733 1983 3029 2055 ἐμπειρικός
3080 1983 3248 2035 οὐκέτι
3288 1984 3548 2057 τῷλόγῳ,
3600 1983 3717 2036 ἀλλὰ
3744 1992 3797 2056 τῇ
3841 1988 3960 2056 πείρᾳ

2420 2078 2507 2124 καὶ
2550 2081 2611 2144 τῇ
2656 2078 2910 2147 τηρήσειο
2960 2074 2984 2123 ὁ
3034 2068 3091 2124 δε
3146 2070 3430 2144 μεθοδικὸς
3470 2074 3862 2146 ἐπαγγελλόμενος
3892 2077 3958 2121 καί

2418 2161 2549 2233 λόγῳ
2608 2168 2697 2213 καὶ
2759 2167 2913 2236 πείρᾳ
2978 2164 3297 2235 κεχρῆσθαι,
3351 2161 3571 2236 ἀκριϐῶς
3630 2160 3684 2215 δὲ
3740 2159 3958 2234 μηδετέρῳ

2418 2259 2707 2321 χρώμενος,
2736 2250 2941 2312 εἰκότως
2983 2251 3167 2323 ἀμφοῖν
3200 2248 3415 2306 διοίσει.

2490 2340 2577 2400 Εἰς
2616 2339 2661 2409 γ’
2689 2336 2747 2391 δε
2778 2345 3028 2412 τμήματα
3059 2337 3342 2412 διαιρεῖται
3375 2345 3432 2392 τό
3460 2345 3621 2413 παρὸν
3650 2339 3849 2413 βιϐλίον.
3883 2342 3957 2388 Καὶ

2418 2430 2466 2481 ἐν
2510 2432 2599 2501 μεν
2646 2435 2718 2479 τῶ
2764 2435 2950 2503 πρώτῳ
2995 2433 3081 2487 τὴν
3137 2432 3398 2481 σύστασιν
3446 2440 3539 2492 τῆς
3583 2430 3852 2502 ἐμπειρικὴς
3891 2430 3956 2476 καὶ

2419 2517 2751 2590 δογματικῆς
2802 2518 3104 2591 ἀναγράφει,
3161 2518 3210 2569 ἐν
3359 2526 3448 2572 καὶ
3510 2522 3657 2571 ὁποία
3705 2521 3729 2576 ἡ
3782 2518 3955 2572 ἑκάστης

2417 2608 2574 2660 οὐσία
2624 2603 2898 2659 διδάσκει’
2958 2606 3005 2657 ἐν
3059 2604 3118 2658 δὲ
3161 2616 3231 2678 τῷ
3287 2604 3515 2684 δευτέρῳ
3547 2610 3733 2679 εἰσάγει
3775 2598 3955 2665 ταςδύο

2418 2695 2897 2769 διαφιλονεικούσας
2946 2699 3169 2770 αἱρέσεις
3216 2696 3464 2760 ἀλλήλαις
3515 2703 3599 2749 καὶ
3649 2705 3737 2747 τῶν
3778 2696 3813 2729 ⁶¹
3852 2710 3955 2764 πρωο

2417 2793 2555 2839 τείων
2598 2784 3060 2857 ἀμφισϐητοῦντας·
3111 2785 3157 2836 ἐν
3200 2783 3257 2838 δὲ
3296 2796 3368 2857 τῷ
3418 2808 3461 2857 γ’
3510 2793 3731 2859 τμήματι
3770 2788 3849 2841 τὴν
3888 2800 3954 2830 κα·

2414 2876 2663 2947 λουμένην
2762 2874 2961 2945 εἰσάγει
3052 2872 3339 2947 μεθοδικὴν
3440 2885 3548 2938 ταῖς
3620 2877 3953 2947 προειρημέναις

2417 2961 2545 3016 δυσὶ
2598 2970 2920 3037 μαχομένην,
2971 2963 3207 3026 κάκείνας
3264 2968 3308 2999 ⁶²
3362 2970 3492 3038 πρὸς
3530 2969 3726 3027 ταύτην,
3772 2962 3954 3016 ἑκάστης

2414 3062 2513 3105 τῶν
2568 3064 2719 3125 τριῶν
2764 3058 2827 3105 τὰ
2873 3054 3036 3105 οἰκεῖα
3072 3053 3492 3127 προϐαλλομένης
3528 3052 3701 3106 δίκαια
3728 3056 3804 3102 καὶ
3828 3067 3952 3099 σπευ-

652 3152 753 3198 est.
786 3144 931 3198 Illud
966 3144 1215 3206 clarum,
1260 3160 1411 3213 opus
1441 3144 1554 3198 hoc
1586 3145 1736 3198 inter
1764 3149 1977 3199 cratera
2014 3145 2154 3198 artis
2188 3159 2305 3198 me-

2417 3140 2617 3205 δούσης
2676 3143 2743 3204 εἰς
2783 3148 2875 3201 τὴν
2932 3146 3068 3195 κατὰ
3117 3152 3213 3193 τῶν
3265 3143 3560 3196 ὑπολοίπων
3601 3148 3753 3199 νίκην.
3795 3139 3861 3190 Ἐν
3897 3136 3951 3193 οἷς

651 3233 798 3287 dicae
832 3233 1051 3302 scripta
1076 3232 1359 3287 omnibus
1386 3233 1647 3303 praeferri
1679 3237 1972 3304 oportere.
2001 3232 2304 3303 Siquidem

651 3320 873 3381 discere
895 3323 1191 3383 convenit,
1214 3337 1347 3391 quae
1372 3328 1529 3376 secta
1556 3323 1703 3377 inter
1720 3337 1931 3376 omnes
1956 3323 2183 3393 optima
2210 3322 2301 3387 sit,

652 3416 711 3463 ut
732 3424 865 3463 eam
891 3408 1107 3463 deinde
1129 3410 1386 3463 secteris.
1415 3409 1658 3465 Videtur
1687 3415 1887 3465 autem
1911 3426 2030 3466 non
2063 3411 2302 3480 proprie

650 3499 917 3552 medicus
936 3498 1252 3552 habendus
1273 3498 1415 3552 liber
1429 3498 1649 3561 hic,sed
1672 3500 1937 3568 prooemii
1957 3500 2144 3555 vicem
2160 3514 2302 3571 prae-

648 3587 809 3653 bere,
870 3592 1049 3658 atque
1107 3588 1181 3641 ad
1238 3588 1678 3659 philosophiam
1729 3589 1923 3659 potius
1985 3588 2295 3659 pertinere.

654 3677 866 3747 107!)
897 3676 1133 3731 Certum
1164 3676 1302 3731 item
1336 3676 1501 3741 illud,
1537 3678 1613 3733 ad
1641 3676 1961 3733 dictionem
1984 3678 2145 3749 quod
2173 3678 2299 3733 atti-

646 3772 762 3829 net,
807 3772 985 3836 atque
1022 3766 1544 3836 compositionem,
1592 3782 1811 3837 purum
1876 3782 2011 3821 eum
2041 3783 2192 3831 esse,
2228 3783 2297 3822 ac

645 3855 1218 3909 venustumllarum
1236 3854 1395 3909 enim
1413 3855 1630 3927 ubique
1644 3854 1973 3910 formarum
2001 3856 2297 3912 studiosus

642 3944 935 4014 imprimis
996 3944 1255 3999 Galenus
1306 3945 1544 4014 exstitit,
1595 3945 1827 4000 tametsi
1873 3945 1929 3999 in
2000 3944 2297 4017 plerisque

642 4034 874 4105 scriptis
891 4034 1318 4104 intempestivis
1338 4034 1460 4087 suis
1478 4034 1858 4089 sermonibus
1886 4050 1953 4089 ac
1986 4035 2299 4101 digressio-

642 4123 837 4191 nibus,
879 4124 1306 4194 prmlongisque
1339 4123 1598 4193 periodis
1631 4140 1750 4178 non
1783 4123 1908 4178 sine
1940 4124 2213 4179 molestia
2234 4123 2299 4179 li-

641 4213 779 4268 bros
820 4213 1231 4279 commiscent,
1283 4213 1582 4266 dictorum
1636 4228 1883 4267 sensum
1915 4212 2213 4278 obscuret,
2241 4217 2298 4269 et

637 4302 919 4356 orationis
945 4303 1151 4356 seriem
1174 4300 1627 4372 quodammodo
1644 4302 1986 4372 abrumpat,
2013 4302 2295 4360 lectorem

637 4389 811 4443 etiam
841 4391 1036 4460 ipsum
1070 4390 1441 4459 longioribus
1472 4390 1635 4445 hisce
1667 4390 2074 4445 deliramentis
2105 4391 2166 4446 in
2196 4406 2296 4447 ne-

2416 3237 2500 3283 καὶ
2556 3235 2613 3283 τό
2664 3236 2833 3306 τρίτον
2888 3231 3230 3305 ἀπαρτιζεται
3279 3241 3487 3305 τμῆμα.
3542 3231 3690 3290 Δῆλον
3731 3226 3773 3280 δ’
3808 3229 3873 3278 ὅτι
3912 3228 3952 3273 τὸ

2416 3318 2619 3391 βιϐλίον
2688 3328 2841 3372 τοῦτο
2889 3329 2987 3371 τῶν
3039 3324 3171 3371 κατα
3222 3326 3317 3377 τὴν
3390 3322 3616 3395 ἰατρικὴν
3670 3313 3950 3388 ἀναγνωσμά-

2417 3429 2511 3460 των
2571 3412 2771 3462 πάντων
2829 3412 3212 3484 προτάττεσθαι
3267 3410 3477 3482 ὀφείλει,
3533 3414 3662 3483 εἰπερ
3705 3404 3780 3459 δεῖ
3812 3405 3951 3477 μαθεῖν

2412 3505 2537 3551 ποία
2590 3508 2765 3552 πασῶν
2826 3497 3015 3574 ἀρίστη
3073 3502 3298 3571 αἵρεσις,
3375 3501 3465 3553 είο’
3531 3500 3657 3551 οὕτω
3710 3498 3849 3567 ταύτῃ
3894 3510 3952 3542 κς-

2409 3591 2671 3661 χρήσθαι.
2707 3592 2795 3645 Eii;
2847 3585 2896 3639 δ’
2926 3588 2984 3639 ἆν
3016 3585 3138 3640 οὐδὲ
3182 3595 3379 3661 κυρίως
3410 3590 3629 3661 ἰατρικὸν
3667 3590 3719 3638 τό
3769 3581 3947 3657 βιϐλίον,

2411 3678 2537 3730 ἀλλὰ
2590 3683 2865 3750 προοιμίου
2924 3684 3077 3730 τόπον
3127 3676 3314 3749 ἐπέχον
3370 3685 3459 3731 καὶ
3508 3678 3764 3751 φιλοσοφία
3797 3670 3945 3745 μᾶλλον

2411 3767 2757 3838 ἀνακείμενον.
2808 3767 2968 3825 Δῆλον
3018 3764 3075 3819 δε
3118 3770 3218 3833 ὅτι,
3269 3771 3372 3820 ὅσα
3414 3788 3474 3840 γε
3521 3767 3599 3820 ἐπὶ
3641 3785 3689 3818 τε
3735 3762 3840 3823 λέξει
3881 3762 3947 3808 καὶ

2412 3857 2671 3927 συντάξει,
2716 3858 2942 3928 καθαρόν
3024 3856 3136 3909 ἐστι
3205 3862 3294 3908 καὶ
3360 3858 3611 3931 εῦκρινές·
3658 3858 3826 3907 τούτων
3870 3848 3945 3917 γάρ

2409 3945 2546 3998 ἐστιν
2596 3944 2642 3997 ἐν
2672 3952 2833 3998 πᾶσιν
2883 3947 2907 3997 ό
2942 3945 3171 4007 Γαληνός
3223 3952 3559 4018 φροντιστὴς,
3604 3946 3643 3997 εἰ
3680 3948 3756 3995 καὶ
3781 3943 3822 3991 ὲν
3853 3935 3943 3987 πο).⁸

2406 4035 2513 4097 λοῖς
2577 4036 2734 4088 αὑτοῦ
2800 4044 2896 4088 τῶν
2970 4038 3394 4108 συγγραμμάτων
3465 4035 3821 4108 ἀκαιρολογίαις
3876 4030 3939 4074 καθ

2406 4132 2791 4198 παρεκτροπαῖς
2842 4125 2965 4195 [352
3024 4124 3115 4197 PL]
3148 4131 3337 4195 καὶτῷ
3398 4135 3499 4196 τῷν
3558 4119 3783 4198 περιόδων
3825 4132 3938 4186 σχοι·
4018 4168 4019 4173 η

2406 4222 2593 4266 νοτενεῐ
2623 4215 2878 4286 φορτίζων
2929 4218 2973 4250 ⁸³
3005 4218 3067 4267 τὰ
3117 4214 3299 4286 βιϐλία
3342 4223 3540 4287 συγχεῖ
3577 4218 3659 4265 καὶ
3692 4213 3841 4263 σκοποῖ
3868 4209 3938 4254 τῶν

2404 4307 2771 4376 γεγραμμένων
2822 4307 2907 4357 τόν
2945 4311 3083 4369 νοῦν,
3132 4308 3224 4362 τήν
3266 4324 3320 4357 τε
3361 4307 3656 4377 σύμφρασιν
3692 4296 3819 4352 οἱονεὶ
3850 4286 3939 4340 δια·

2403 4398 2625 4459 κόπτων,
2676 4398 2766 4445 καὶ
2795 4393 2862 4453 εἰς
2893 4390 3034 4451 ἁκηδ
3042 4398 3119 4446 ίαν
3165 4395 3306 4465 ἄγων
3358 4391 3453 4446 διὰ
3500 4401 3589 4446 τοῦ
3613 4392 3790 4463 μακροῦ
3812 4382 3937 4451 λήρου

635 4477 982 4549 gligentiam
1022 4480 1327 4535 abducens
1362 4494 1373 4534 :
1410 4479 1633 4551 quibus
1689 4479 1897 4534 saltem
1937 4480 2095 4535 vitiis
2121 4484 2296 4539 vacat

2406 4485 2491 4535 τόν
2544 4480 2836 4557 ἀκροατήνο
2889 4482 2956 4534 ὧν
3006 4486 3131 4543 τέως
3183 4484 3241 4533 τό
3289 4486 3456 4557 παρόν
3518 4482 3710 4555 βιϐλίον
3758 4468 3936 4527 ἀπὲλλα·

637 4568 745 4623 hoc
774 4568 845 4624 de
875 4569 1050 4625 sectis
1074 4584 1246 4640 Opus.

1366 4657 1560 4713 CLXV.

917 4750 1174 4805 Himerii
1202 4749 1476 4819 sephistai
1515 4746 1991 4803 Declamationes.

704 4837 890 4892 Lecta:
907 4843 1045 4892 sunt
1060 4838 1295 4893 Himerii
1320 4838 1401 4907 (2)
1421 4836 1706 4907 sophistm
1725 4836 2191 4894 Declamationes
2209 4840 2290 4911 (3)

633 4942 733 4981 seu
760 4928 1069 4982 Orationes
1085 4928 1289 4981 variae.
1310 4924 1773 4990 Suasoriseduaa,
1798 4926 2113 4995 judiciales
2133 4932 2286 4983 tres:

629 5033 887 5089 quarum
918 5017 1095 5072 etiam
1124 5016 1242 5071 edit
1269 5020 1624 5086 argumenta
1645 5016 1745 5087 (4).
1772 5014 1840 5071 Et
1876 5016 2287 5074 suasoriarum

2405 4590 2546 4623 κται.

3128 4660 3281 4716 ΡΞΕ.

2686 4749 2906 4824 Ἰμερίου
2946 4758 3196 4821 σοφιστοῦ
3240 4752 3407 4822 Λόγοι
3445 4746 3702 4821 διάφοροι.

2473 4839 2903 4909 Ἀνεγνώσθησαν
2970 4838 3188 4913 Ἰμερίου
3264 4847 3521 4911 σοφιστοῦ
3598 4835 3807 4891 Μελέταιι
3870 4838 3937 4873 καί

2400 4928 2564 4991 ἄλλως
2632 4933 2799 5000 Λόγοι
2856 4926 3116 5001 διὰγεροι,
3191 4929 3257 4980 ὧν
3318 4931 3365 4965 σθ
3427 4922 3830 5000 συμϐουλευτικαί
3868 4914 3937 4982 μὶν

2402 5015 2520 5087 δύο,
2573 5014 2842 5071 δικανικαί
2875 5015 2933 5071 δε
2991 5018 3195 5089 μελέται
3227 5026 3388 5088 τρεῖς·
3429 5020 3618 5071 τούτων
3658 5010 3710 5066 δε
3736 5012 3811 5061 καὶ
3841 5018 3936 5074 προσ

1964 5144 2195 5199 VARUS
2235 5144 2523 5201 LECTION
2532 5146 2634 5201 ES.

700 5270 743 5304 Μ
777 5273 864 5321 καὶ
892 5275 989 5319 τῶν
1020 5269 1108 5321 AC
1142 5282 1154 5321 :
1188 5270 1277 5317 καὶ
1304 5270 1423 5339 περὶ
1455 5274 1555 5319 τῶν
1587 5288 1647 5330 ς’,
1733 5269 1779 5303 ⁶²
1810 5266 2051 5324 κάκείνην
2084 5290 2138 5332 ς’.

2216 5270 2262 5304 ⁵³
2292 5272 2578 5341 φροντίζων
2611 5289 2666 5332 ς.

2744 5270 2793 5306 ⁸⁸
2824 5270 2892 5320 ὧν
2918 5268 3068 5327 add.
3106 5270 3176 5327 Α.

2204 5394 2429 5450 NOTAE.

711 5508 779 5564 '2)
805 5507 946 5561 Vide
982 5507 1245 5564 Suidam.

711 5509 752 5561 '2
805 5508 946 5561 Vide
982 5508 1245 5564 Suidam.

632 5508 779 5707 ἓξὲξ
809 5582 1029 5635 Earum
1067 5585 1345 5651 excerpta
1392 5581 1671 5652 quaedam
1722 5580 1826 5638 inf.
1860 5578 2116 5654 reperies
2147 5580 2284 5638 cod.

2469 5510 2545 5581 (4)
2573 5511 2916 5584 προθεωρίας,
2961 5507 3141 5582 quasi
3189 5506 3561 5582 prmfationes
3614 5500 3685 5559 ad
3733 5511 3796 5553 ea
3826 5500 3929 5565 quae

2396 5582 2691 5643 dicentur.

4002 4952 4003 5023 l

4000 5052 4001 5129 l

3994 5144 3999 5237 ἦ

3988 5708 3989 5767 l

3984 5912 3985 5966 ι
