4136 6216
625 280 730 341 463

1858 272 2097 336 ΡΗΟΤΙΙ
2136 272 2610 335 ΡΑΤΗΙΑΒΟΗᾸΞ
2650 273 2753 334 CP.

3822 283 3905 337 464

628 408 998 481 pempterius
1046 405 1193 462 alter
1239 406 1319 461 ad
1368 406 1718 463 Flavianum
1767 406 1921 461 Asia
1970 406 2278 462 consulem

2410 413 2485 466 ri;
2540 403 2719 464 Ἀσίας
2766 405 2979 455 ὕπατον.
3034 398 3247 474 Ἐφεξῆς
3298 398 3368 461 τίς
3420 404 3530 460 τοὺς
3573 406 3676 473 περὶ
3721 410 3911 458 Πείσωνί(

626 496 870 552 factum.
916 496 1132 551 Deinde
1154 494 1211 550 in
1246 495 1519 550 Pisonem
1556 494 1857 551 advenam
1900 496 1997 565 (9).
2029 498 2283 550 Rursum

628 586 1023 655 Protreplica,
1082 600 1217 655 qua
1280 587 1337 639 et
1380 582 1658 654 Diogenes
1723 584 2080 640 inscribitur.
2138 584 2283 638 Hinc

629 674 935 729 Schedz’um
958 674 1092 743 (10),
1118 672 1196 728 ob
1215 673 1657 730 contentionem
1695 674 1755 729 in
1773 674 1972 730 schola
1991 678 2280 729 exortam.

631 766 694 818 In
721 765 1042 833 Cyprorum
1067 762 1417 818 adventum.
1450 765 1513 819 ln
1526 763 1791 835 primum
1809 780 1985 819 suum
2008 780 2039 819 c
2059 766 2286 835 Cappa-

631 852 807 908 docia
862 851 1217 907 auditorem.
1277 855 1405 907 Mox
1455 852 1673 922 ingenii
1732 853 2044 925 quoddam
2100 851 2287 923 speci-

631 957 791 1003 men,
815 940 1061 1012 quando
1081 941 1375 997 utdiceret
1399 946 1644 1011 rogatus
1666 942 1966 998 recusavit
1985 941 2243 1013 primum
2271 956 2283 995 :

632 1031 707 1086 de
728 1045 850 1101 quo
872 1035 1073 1085 tamen
1096 1030 1226 1101 ipso
1256 1035 1461 1102 postea
1489 1030 1787 1096 disseruit,
1815 1030 2063 1087 Pulchra
2083 1029 2287 1086 omnia

634 1118 813 1174 etiam
844 1133 973 1173 esse
1003 1133 1161 1173 rara.
1186 1119 1249 1173 In
1286 1118 1611 1173 Musonium
1633 1118 1741 1190 (tt)
1769 1118 2010 1175 Gracia
2033 1133 2290 1190 procon-

633 1208 824 1263 sulem
850 1222 863 1272 ;
887 1206 945 1260 in
974 1208 1253 1262 Severum
1270 1222 1511 1279 quoque
1529 1208 1845 1274 advenam,
1869 1206 2289 1280 Symplegada

636 1297 1006 1369 prafectum.
1049 1296 1189 1350 ilinc
1226 1296 1644 1353 sermocinatio
1684 1298 1842 1367 (t2);
1883 1298 1941 1353 in
1984 1296 2291 1353 Ursacium

638 1384 916 1440 comitem
940 1400 953 1449 ;
980 1385 1040 1439 in
1070 1386 1353 1440 Severum
1373 1384 1678 1453 sodalem;
1707 1386 1767 1441 in
1792 1385 2123 1457 Scylacium
2142 1387 2294 1441 Gra-

638 1475 742 1529 cia
774 1474 1192 1545 proconsulem
1227 1492 1241 1543 ;
1274 1474 1335 1529 in
1368 1473 1654 1545 Ephesios
1679 1474 2060 1548 hospites,ac
2079 1478 2291 1546 Mysos,

640 1562 973 1633 Leonisque
990 1561 1151 1616 cives
1178 1576 1191 1627 ;
1215 1562 1275 1616 in
1304 1561 1540 1617 sodales
1562 1578 1594 1618 e
1616 1564 1843 1634 patria;
1865 1562 1922 1618 in
1943 1563 2293 1619 Athenaum

641 1651 956 1716 comitem;
1010 1650 1067 1705 in
1112 1650 1406 1706 Privatum
1460 1654 1819 1719 Romanum,
1874 1652 1977 1724 qui
2040 1649 2295 1723 Ampelii

2391 489 2655 552 νεήλυδας.
2730 492 2888 545 Πάλιν
2952 494 3343 563 προπεμπτικός
3392 490 3439 523 ⁷⁶
3492 490 3516 547 ἡ
3563 496 3789 562 Διογένης,
3836 501 3913 547 Καὶ

2398 580 2616 654 σχίδιον
2668 581 2847 653 ἐφεξῆς
2890 584 2973 633 ἐπὶ
3024 589 3086 653 τῇ
3143 583 3384 651 γενομένῃ
3439 580 3608 631 στάσει
3644 579 3686 631 ἐν
3717 583 3911 654 [353R]

2392 680 2451 742 τῇ
2507 668 2775 743 διατριϐῇ,
2810 674 2881 731 εἷς
2924 689 2977 721 τε
3014 674 3108 727 τὴν
3146 678 3243 721 τῶν
3291 672 3526 741 Κυπρίων
3559 664 3826 739 ἐπιδημίαν,
3850 678 3918 723 καὶ

2396 760 2468 822 εἰς
2523 763 2609 811 τόν
2661 768 2863 832 πρῶτον
2908 758 2961 811 ἐκ
3025 755 3406 819 Καππαδοκίας
3447 757 3595 809 αὐτοῦ
3644 757 3917 830 ἀκροασάμε-

2394 869 2495 902 νον.
2531 847 2658 901 Εἶτα
2696 844 2968 916 ἐπίδειξις,
2997 849 3117 899 ὅστε
3167 845 3559 917 ἀναϐαλλόμενος
3602 846 3742 897 εἰπεῖν
3790 846 3925 909 ἀξιού-

2395 957 2543 1009 μενος
2580 940 2651 1000 εἰς
2691 937 2817 989 αύτό
2865 944 3017 989 τούτο
3059 933 3360 999 διείλεκται,
3396 936 3472 986 ὅτι
3514 937 3693 986 Σπάνια
3723 937 3779 986 τὰ
3802 935 3920 985 καλά.

2398 1032 2500 1080 Καὶ
2558 1027 2623 1087 εἰς
2672 1032 2975 1079 Μουσώνιον
3021 1022 3079 1078 δὲ
3127 1028 3213 1076 τόν
3268 1023 3552 1076 ἀνθύπατον
3600 1020 3828 1088 Ἑλλάδος,
3860 1028 3928 1073 καὶ

2399 1117 2470 1178 εἰς
2523 1115 2743 1189 Σεϐῆρον
2787 1115 2964 1174 νέηλυν
3005 1113 3288 1167 ἐπιστάντα
3342 1109 3688 1185 συμπληγάόι.
3717 1115 3823 1165 Εἶτα
3859 1111 3930 1161 λα-

2398 1205 2504 1270 λιὰ,
2536 1210 2627 1257 καὶ
2668 1205 2741 1266 εἰς
2784 1208 2871 1256 τὸν
2919 1208 3127 1276 κόμητα
3175 1204 3495 1276 Ούρσάκιον,
3527 1207 3612 1252 καὶ
3656 1201 3719 1262 εἰς
3754 1199 3929 1271 Σιϐἦρον

2400 1297 2568 1369 ἕτερον
2627 1296 2693 1358 ⁷⁵,
2747 1298 2836 1346 καὶ
2894 1293 2966 1355 εἰς
3022 1291 3301 1345 Σκυλάκιον
3386 1290 3664 1343 ἀνθύπατον
3715 1286 3932 1351 Ἑλλάδος,

2400 1389 2489 1436 καὶ
2541 1384 2612 1446 εἰς
2660 1380 2910 1443 νεήλυδας
2945 1383 3212 1454 Ἐφεσίους
3270 1386 3356 1433 καὶ
3396 1384 3601 1439 Μυσοὺς
3642 1384 3722 1429 καὶ
3768 1377 3935 1434 πολίτας

2403 1480 2494 1526 τοῦ
2527 1479 2762 1533 Λέοντος.
2794 1474 2920 1525 Εἶτα
2964 1471 3035 1533 εἰς
3074 1475 3194 1533 τοὺς
3233 1469 3287 1522 ἐκ
3330 1466 3587 1543 πατρίδος
3623 1468 3844 1540 ἑταίρους,
3872 1472 3938 1518 καὶ

2404 1563 2472 1623 εἰς
2524 1562 2799 1620 Ἀθήναιον
2878 1565 3105 1633 κόμητα,
3151 1564 3240 1611 xui
3284 1559 3356 1620 εἰς
3428 1557 3675 1633 Πριϐᾶτον
3736 1556 3938 1627 Ῥωμαῖον

2403 1649 2719 1705 παιδεύοντα
2775 1653 2861 1702 τὸν
2935 1647 3105 1702 παῖδα
3175 1649 3454 1721 Ἀμπελίου
3521 1656 3606 1700 τού
3674 1646 3940 1705 ἀνθυπάτου,

640 1739 1017 1812 proconsulis
1039 1738 1227 1795 tilium
1242 1739 1591 1797 instituebat
1610 1760 1625 1811 ;
1642 1742 1702 1797 in
1717 1740 1967 1797 reditum
1984 1740 2292 1807 Corintho;

2410 1746 2493 1793 xui
2527 1737 2594 1798 δὴ
2627 1745 2716 1792 καὶ
2758 1739 2827 1801 εἰς
2857 1744 2945 1796 τὴν
2976 1739 3077 1791 ἀπὸ
3109 1740 3357 1813 Κορίνθου
3392 1734 3659 1801 ἐπάνοδον,
3690 1740 3769 1787 καὶ
3796 1734 3854 1795 εἰς
3877 1736 3943 1783 τὸν

641 1829 704 1883 in
720 1828 1010 1883 Phoebum
1041 1828 1354 1883 Alexandri
1383 1829 1757 1900 proconsulis
1786 1829 2008 1888 tilium:
2038 1830 2099 1885 in
2121 1831 2300 1885 Arca-

643 1917 810 1973 dium
870 1917 1171 1973 medicum
1212 1922 1268 1973 et
1305 1919 1606 1974 comitem.
1627 1919 1825 1975 Oratio
1882 1934 2125 1991 quoque
2166 1933 2297 1990 pro-

642 2006 948 2079 pemptica
980 2006 1039 2061 in
1073 2006 1325 2073 amicos,
1357 2007 1459 2078 qui
1501 2022 1693 2079 nuper
1729 2013 2047 2073 venerant;
2091 2007 2300 2063 altera-

644 2098 782 2152 item
811 2097 871 2150 in
895 2096 1279 2161 Flavianum;
1313 2095 1776 2167 Epithalamium
1806 2112 2048 2169 quoque
2073 2096 2299 2152 dictum

646 2186 707 2239 in
749 2184 1233 2239 l’anatbenaum.
1264 2185 1409 2239 Hinc
1450 2185 1863 2242 sermocinatio
1896 2202 2035 2251 una,
2068 2191 2124 2241 et
2161 2187 2299 2242 item

647 2272 852 2328 altera.
896 2272 1227 2343 Disputatio
1266 2272 1470 2329 habita
1501 2273 1805 2345 Philippis,
1850 2290 2023 2329 cume
2055 2280 2301 2329 vocatus

648 2378 684 2418 a
707 2361 940 2417 Juliano
972 2360 1324 2433 imperatore
1348 2363 1456 2418 iter
1476 2362 1611 2419 illac
1638 2364 1900 2419 haberet.
1929 2364 2066 2419 Post
2087 2364 2299 2427 oratio,

646 2451 887 2507 habitas
914 2450 973 2505 in
998 2451 1165 2516 urbe,
1195 2452 1254 2506 in
1281 2451 1467 2524 ipsius
1491 2453 2035 2525 Constantinopolis
2058 2452 2302 2508 laudem

647 2556 717 2596 ac
776 2539 989 2595 Juliani
1042 2540 1313 2596 Casaris.
1357 2543 1420 2597 In
1452 2542 1811 2598 sacriﬁcium
1868 2542 2102 2615 Mylhra
2166 2542 2301 2613 (l3).

650 2628 997 2683 Dissertatio
1028 2628 1087 2682 in
1122 2629 1469 2686 Sallustium
1509 2630 1871 2702 praefectum,
1908 2632 2000 2686 cui
2040 2636 2095 2686 et
2127 2646 2303 2701 argu-

648 2722 917 2773 mentum
949 2732 1289 2784 annexum;
1322 2720 1535 2775 iterum
1574 2720 1634 2775 in
1675 2721 2022 2777 Flavianum
2050 2736 2307 2792 procon-

649 2806 839 2863 sulem
865 2824 879 2874 ;
902 2806 961 2861 in
990 2807 1216 2863 sodalis
1239 2808 1329 2863 sui
1353 2809 1615 2866 natalem
1646 2810 1828 2866 diem.
1874 2808 2306 2867 Sermocinatio

648 2911 891 2967 quoque
920 2896 980 2950 in
1014 2897 1327 2953 sanitatem
1358 2898 1501 2954 socii
1528 2914 1541 2964 ;
1576 2899 1637 2953 in
1668 2900 2051 2963 insidiantes;
2094 2898 2305 2969 1086

649 2984 710 3039 in
741 2984 1017 3041 Basilium
1046 2988 1468 3057 proconsulem
1503 3009 1513 3052 ;
1549 2989 1609 3043 in
1640 2989 1923 3045 eumdem
1953 2990 2306 3054 rursum;in

652 3076 1079 3145 Hermogenem
1123 3076 1362 3146 pariter,
1396 3078 1499 3149 qui
1540 3076 1778 3134 Gracia
1808 3076 2306 3150 proconsulatum

652 3162 922 3233 gerebat;
944 3164 1001 3217 in
1017 3164 1355 3220 Plotianum
1379 3166 1582 3221 itidem
1597 3166 2019 3237 proconsulem
2039 3183 2051 3232 ;
2068 3166 2307 3222 iterum-

651 3266 768 3320 que
790 3251 849 3304 in
868 3251 1202 3322 Ampelium
1229 3253 1818 3324 (t4)proconsulem;
1847 3257 1904 3311 in
1920 3257 2153 3312 Gracia
2179 3272 2306 3327 pro-

650 3338 963 3393 consulem
991 3342 1417 3407 Pratextatum,
1442 3347 1615 3413 atque
1644 3344 1894 3399 sodales.
1934 3345 2072 3400 Hinc
2104 3346 2175 3401 ad
2210 3348 2306 3400 Ju-

650 3426 881 3482 lianum
912 3428 1332 3499 imperatorem
1360 3431 1690 3487 discessum
1721 3433 2048 3489 adornans.
2086 3435 2308 3490 Deinde

652 3515 1008 3571 Nicomedia
1052 3516 1253 3575 habita
1293 3520 1484 3575 oratio
1545 3521 1781 3577 hortatu
1823 3522 2092 3594 pratoris
2142 3525 2310 3579 Pom-

652 3604 875 3676 peiani.
928 3608 1053 3662 Mox
1101 3606 1160 3661 in
1210 3606 1520 3677 advenas;
1576 3625 1815 3665 rursum
1864 3612 1926 3667 in
1971 3612 2305 3680 advenam;

653 3693 865 3749 deinde
890 3695 951 3750 in
980 3698 1276 3753 Zenonem
1308 3698 1537 3754 socium
1571 3715 1584 3766 ;
1614 3699 1755 3755 etin
1787 3701 2174 3771 Aphobinum
2206 3702 2308 3757 ad-

652 3799 870 3839 venam
896 3801 908 3852 ;
940 3784 998 3840 in
1025 3800 1157 3841 eum
1192 3786 1295 3857 qui
1326 3802 1361 3841 a
1394 3788 1644 3859 Neptuni
1672 3789 1915 3845 oraculo
1947 3795 2303 3856 reverterat;

651 3872 713 3928 in
744 3888 847 3929 eos
879 3873 1096 3944 pariter
1120 3876 1219 3946 qui
1248 3892 1320 3931 ex
1352 3878 1516 3933 Ionia
1553 3877 2013 3949 adventassent;
2045 3879 2105 3934 in
2138 3882 2307 3935 Ionas

650 3962 938 4032 hospites.
971 3964 1048 4016 Ex
1083 3968 1349 4036 tempore
1376 3981 1620 4038 quoque
1647 3966 1707 4022 in
1736 3968 2035 4024 sociorum
2062 3967 2305 4024 laudem

650 4052 960 4107 recitatum
974 4090 986 4103 .
1004 4052 1220 4118 Oratio,
1238 4070 1421 4126 quam
1438 4055 1632 4111 amico
1648 4056 2307 4128 Constantinopolitano

650 4141 912 4197 tradidit.
947 4142 1155 4198 Sermo
1177 4158 1417 4215 quoque
1448 4144 1599 4200 inter
1625 4146 1853 4201 amicos
1887 4152 2025 4218 post
2049 4146 2304 4201 reditum

651 4244 682 4283 e
723 4229 935 4299 patria.
969 4233 1046 4285 De
1067 4247 1177 4286 suo
1203 4231 1455 4286 docendi
1476 4248 1722 4289 munere
1742 4234 2163 4306 extemporalis
2193 4235 2309 4289 dis—

648 4318 900 4386 putatio.
938 4319 1287 4389 Objurgatio
1324 4336 1529 4375 eorum
1562 4323 1666 4392 qui
1696 4322 2059 4393 negligenter
2094 4324 2306 4379 oratio-

649 4419 758 4458 nes
798 4405 1086 4463 audirent.
1129 4408 1447 4464 Schedium
1488 4410 1546 4464 in
1588 4411 1887 4482 quosdam
1929 4412 2001 4467 ad
2034 4429 2095 4467 se
2134 4414 2315 4470 venti-

647 4492 841 4550 iantes
869 4495 1215 4569 discipulos,
1249 4497 1352 4570 qui
1382 4514 1661 4570 respuere
1702 4500 1900 4555 frenos
1932 4501 2309 4557 videbantur.

648 4582 714 4638 In
753 4585 1060 4655 Cytianum
1089 4604 1227 4643 cum
1268 4588 1464 4653 sociis,
1500 4588 1604 4660 qui
1644 4604 1780 4643 cum
1805 4590 2132 4660 petulantia
2171 4607 2310 4647 eum

648 4672 983 4742 audierant,
1012 4675 1159 4732 dum
1182 4676 1493 4733 schedium
1509 4694 1686 4734 suum
1708 4678 1996 4735 recitaret.
2020 4679 2311 4737 Adhorta-

2410 1826 2749 1901 Ἀλεξάνδρου
2821 1836 2914 1881 τοῦ
2978 1827 3273 1880 ἀνθυπάτου
3329 1824 3503 1880 παῖδά
3551 1824 3740 1889 φοῐϐον,
3782 1827 3858 1873 καὶ
3897 1820 3946 1878 ti;

2410 1915 2692 1991 Ἀρκάδιον
2749 1920 2837 1969 τόν
2884 1917 3058 1993 ἰατρόν
3103 1922 3193 1969 καὶ
3242 1921 3468 1988 κόμητα.
3507 1921 3602 1969 Καὶ
3658 1912 3945 1988 προπεμπτή·

2408 2029 2518 2082 ριος
2572 2008 2645 2070 εἰς
2692 2011 2809 2067 τούς
2863 2006 3241 2079 προσελθόντας
3294 2006 3550 2080 ἑταίρους,
3617 2003 3949 2077 προπεμπτικὸς

2408 2118 2463 2150 τε
2512 2097 2580 2157 εἰς
2627 2095 2929 2161 Φλαϐιανόν,
2980 2102 3069 2147 καὶ
3129 2094 3473 2166 ἐπιθαλάμιος
3526 2095 3693 2167 ῥηθεὶς
3749 2093 3806 2150 εἰς
3851 2096 3952 2140 Πατι-

2411 2189 2679 2244 αθήναιον.
2740 2182 2869 2240 Εἶτα
2920 2184 3091 2249 λαλιὰ,
3145 2184 3290 2255 ἑτέρα
3327 2183 3501 2247 λαλιὰ,
3554 2188 3635 2234 καὶ
3687 2178 3883 2239 διάλεξις
3916 2174 3950 2224 ἓν

2412 2276 2707 2337 Φιλίπποις,
2739 2276 2822 2326 ὅτι
2876 2272 3030 2347 ἀπῄει
3081 2275 3223 2346 παρά
3273 2273 3560 2326 Ἰουλιανού
3621 2270 3850 2343 βασιλέως
3887 2284 3955 2315 κα-

2409 2365 2668 2436 λούμενος,
2725 2360 2834 2415 εἶτα
2899 2364 3073 2437 ῥηθεὶς
3136 2362 3183 2413 ἐν
3251 2358 3778 2414 Κωνσταντινουπόλει
3816 2357 3854 2389 ⁷⁵
3902 2350 3955 2411 εἷς

2412 2455 2575 2512 αὐτὴν
2619 2473 2671 2505 τε
2715 2458 2808 2511 τήν
2850 2452 2996 2504 πόλιν
3027 2454 3074 2487 ⁷⁷
3114 2457 3201 2503 καὶ
3244 2453 3293 2487 7'
3326 2452 3606 2504 Ἰουλιανόν
3651 2444 3957 2518 τὸνβασιλέα,

2415 2549 2503 2596 καὶ
2550 2543 2620 2604 εἰς
2659 2546 2751 2600 τὴν
2797 2543 3001 2615 Μίθρου
3055 2541 3273 2599 τελετήν.
3311 2540 3546 2603 Διάλεξις
3594 2540 3662 2599 εἰς
3702 2535 3958 2589 Σαλούστιον

2415 2634 2669 2704 ἔπαρχον,
2702 2632 2759 2691 ἧς
2814 2631 2928 2683 ἔστι
2976 2636 3064 2682 xui
3124 2633 3329 2702 θεωρία.
3390 2631 3480 2693 Εἰς
3537 2627 3802 2683 Φλαϐιανόν
3844 2621 3963 2674 παλιν

2415 2724 2501 2771 τὸν
2558 2720 2868 2784 ἀνθύπατον,
2927 2725 3016 2772 xui
3064 2720 3130 2780 εὶς
3183 2725 3275 2777 τὴν
3323 2720 3582 2790 γενέθλιον
3645 2724 3730 2769 τού
3780 2714 3963 2783 ἑταίρου.

2420 2815 2518 2861 Καὶ
2570 2809 2722 2861 λαλιὰ
2776 2810 2847 2869 εἰς
2896 2812 2953 2861 τό
3004 2810 3252 2879 ὑγιαίνειν
3306 2812 3393 2859 τόν
3449 2808 3669 2881 ἑταῖρον.
3699 2804 3804 2856 Ἐτι
3836 2797 3884 2852 δὲ
3917 2816 3969 2855 εις

2415 2901 2535 2958 τούς
2608 2896 3041 2960 ἐπιϐουλεύοντας,
3095 2902 3179 2948 xui
3232 2896 3303 2956 εἰς
3364 2900 3454 2949 τόν
3515 2896 3793 2947 ἀνθύπατον
3845 2890 3969 2940 Βασί-

2414 2986 2568 3055 λειον,
2622 2991 2707 3039 xui
2772 2986 2925 3038 πάλιν
2973 2986 3043 3048 εἰς
3108 2990 3193 3037 τόν
3252 2986 3410 3037 αὐτόν
3472 2984 3748 3038 Βασίλειον.
3778 2979 3849 3039 Εἰς
3881 2976 3967 3047 Ἐρ·

2339 3115 2379 3171 C
2417 3080 2637 3148 μογένην
2709 3095 2760 3128 τε
2840 3079 2927 3128 τὸν
2974 3085 3067 3136 τῆς
3130 3071 3371 3137 Ἑλλάδος
3436 3076 3743 3139 ἀνθύπατον,
3796 3071 3871 3119 xui
3919 3082 3970 3122 εις

2420 3165 2700 3217 Ῑιλοκιανὸν
2748 3168 2835 3217 τὸν
2882 3163 3193 3218 ἀνθύπατον.
3252 3165 3417 3216 Πάλιν
3478 3164 3550 3225 εἰς
3606 3159 3858 3233 Ἀμπέλιον
3905 3154 3969 3201 τὸν

3606 3259 3665 3308 τῆ
3680 3272 3699 3311 ς
3769 3248 3780 3262 ⁸
3791 3238 3974 3299 Ελλάδοῖ

2422 3346 2545 3415 [184
2578 3346 2668 3411 Η.]
2718 3345 3135 3416 Πραιτεκστάτον
3188 3348 3277 3395 xui
3331 3348 3459 3405 τοὺς
3509 3342 3738 3414 ἑταίρους
3772 3338 3835 3387 τ⁹.
3879 3326 3974 3383 Εἶτα

2418 3437 2548 3505 πρὸς
2601 3437 2687 3484 τὸν
2737 3432 2961 3504 βασιλέα
3007 3432 3289 3485 ’ῐουλιανόν
3350 3431 3598 3507 ἀπαίρειν
3650 3426 3847 3501 μέλλων.
3879 3427 3976 3473 Εἶτα

2420 3254 2734 3319 ἀνθύπατον,
2788 3259 2877 3307 xui
2950 3254 3022 3313 εἰς
3092 3258 3177 3305 τὸν
3235 3253 3534 3306 ἀνθύπατον

2418 3520 2466 3573 ἐν
2524 3518 2868 3594 Νικομηδείᾳ,
2906 3528 3221 3596 προτραπεὶς
3260 3522 3359 3573 ύπό
3415 3529 3511 3574 τοῦ
3555 3520 3718 3572 ἐκεῖσε
3758 3516 3969 3586 ἄρχοντος

2422 3619 2782 3684 Ποιαπηὶανού.
2816 3612 2941 3664 Μεθ’
2990 3613 3043 3663 ὃν
3092 3614 3117 3662 ό
3176 3612 3243 3672 εἰς
3289 3607 3581 3671 νεήλυδας.
3628 3604 3750 3660 Εἶτα
3795 3602 3857 3661 εἰς
3888 3604 3978 3653 νέτν

2416 3699 2525 3751 λυν.
2562 3701 2676 3753 Ἐπὶ
2710 3703 2905 3760 τούτοις
2954 3702 2979 3751 ὀ
3032 3699 3103 3760 εἰς
3143 3706 3354 3757 Ζήνωνα
3406 3703 3497 3752 τόν
3549 3698 3760 3768 ἑταῖρον,
3791 3694 3867 3741 καὶ
3892 3682 3978 3757 μα’

2416 3791 2571 3841 αὑτὸν
2598 3793 2646 3825 ⁸ο
2673 3790 2744 3851 εἰς
2774 3789 3043 3861 Ἀφοϐῖνον
3090 3788 3288 3854 νέηλυν,
3318 3795 3411 3842 καὶ
3444 3789 3522 3849 εἰς
3553 3791 3639 3840 τὸν
3668 3784 3721 3837 ἐκ
3756 3788 3836 3835 τοῦ
3871 3794 3980 3848 χρη·

2418 3887 2553 3952 σμού
2580 3887 2670 3931 τοῦ
2703 3876 3024 3939 Ποσειδῶνος
3051 3886 3395 3950 φοιτήσαντα,
3438 3882 3507 3939 εἷς
3539 3897 3593 3930 τε
3623 3879 3733 3933 τούς
3762 3871 3850 3922 ἀπὸ
3878 3868 3981 3920 'le-

2418 3974 2495 4029 ίας
2527 3965 2981 4041 ἐπιδημήσαντας,
3016 3973 3103 4020 καὶ
3137 3969 3202 4029 εἰς
3241 3972 3363 4030 τοὺς
3394 3968 3585 4029 Ἴωνας
3633 3965 3790 4028 ξένους
3816 3960 3873 4010 ⁸¹.
3905 3956 3981 4006 Καὶ

2417 4058 2484 4118 εἰς
2540 4062 2661 4119 τούς
2716 4058 2947 4131 ἑταίρους
2999 4053 3219 4128 σχέδιον
3275 4058 3459 4131 ῥηθέν.
3526 4061 3629 4109 Καὶ
3677 4056 3734 4111 ἣν
3780 4042 3979 4109 έξέδωκῖί

2418 4146 2602 4220 ἑταίρω
2646 4145 3247 4218 Κωνσταντινουπολίτῃ.
3281 4145 3518 4207 Διάλεξίς
3562 4163 3616 4197 τε
3664 4140 3708 4193 ἐν
3748 4144 3843 4195 τοῖς
3868 4148 3978 4185 εταί-

2416 4254 2529 4308 ροις
2575 4238 2705 4307 μετὰ
2751 4240 2843 4293 τὴν
2899 4234 2998 4287 ἀπὸ
3052 4244 3148 4295 τῆς
3194 4231 3458 4306 πατρίδος
3521 4228 3787 4293 ἐπάνοδον»
3816 4226 3890 4275 καὶ
3921 4235 3981 4308 ,είς

2419 4330 2511 4382 τὴν
2570 4326 2727 4377 αὐτοῦ
2783 4322 3059 4397 διατριϐὴν
3107 4322 3159 4387 ἐξ
3213 4320 3584 4396 αὐτοσχεδίου
3649 4306 3983 4377 (ﬂuida-Kal

2422 4414 2688 4476 ἐπίπληξις
2760 4422 2868 4476 τοῖς
2944 4414 3193 4489 ῥᾳθύμως
3263 4412 3626 4486 ἀκροωμένοις
3691 4416 3784 4460 τῶν
3834 4402 3984 4489 λόγων,

2344 4474 2389 4528 D
2422 4508 2512 4554 καί
2556 4498 2775 4575 σχέδιον
2816 4506 2882 4562 εἷς
2924 4522 3066 4563 τινας
3103 4511 3200 4553 τῶν
3244 4508 3547 4574 φοιτώντων
3604 4496 3841 4560 δόξαντας
3882 4503 3987 4557 αγις·

2421 4593 2635 4659 νιάξειν,
2677 4597 2765 4644 καὶ
2823 4592 2894 4653 εἰς
2942 4595 3058 4653 τούς
3108 4596 3227 4667 περὶ
3280 4595 3546 4645 Κυτιανόν
3596 4588 3817 4644 ἀτάκτως
3866 4577 3990 4630 δίκον·

2428 4701 2632 4746 σαντας,
2664 4684 2747 4734 ὅτε
2799 4684 2856 4733 τό
2908 4678 3127 4753 σχέδιον
3169 4688 3295 4735 εἰπε.
3327 4685 3433 4734 Καὶ
3484 4681 3755 4753 προτροπὴ
3800 4672 3914 4744 πρὸς
3945 4672 3990 4713 το

1994 4829 2232 4887 ΥΑΒΙᾹΞ
2263 4833 2664 4891 LECTIONES.

715 4969 775 5047 7‘_
795 4975 1168 5047 προτρεπτικὸς
1196 4994 1254 5037 ς’.
1329 4974 1377 5008 ⁷³
1411 4972 1613 5047 ἑταῖρον
1642 4995 1695 5039 ς.
1776 4976 1824 5010 ⁷⁵
1850 4980 2240 5028 Κωνσταντίνου
2269 4982 2314 5031 Α

2340 4984 2442 5041 2τῇ
2480 4998 2533 5041 ς’.

2614 4979 2659 5012 ⁷⁷
2686 4976 2833 5029 πόλιν
2864 4983 2902 5030 Α
2936 4997 2950 5033 :
2976 4977 3530 5031 Κωνσταντινούπολιν
3563 4996 3623 5040 ς’.
3697 4973 3746 5008 ⁷⁸
3775 4970 3857 5021 τὸν
3882 4962 3995 5020 ama

650 5036 937 5099 Ἰουλιανόν
953 5044 1121 5115 ponit
1149 5046 1218 5097 Α.
1294 5046 1340 5081 7’
1373 5036 1567 5121 ἐτέρους
1599 5036 1662 5109 ς..
1732 5048 1779 5081 ⁸⁰
1806 5050 1936 5118 μετὰ
1954 5055 2136 5100 τοῦτον
2163 5069 2217 5112 ς’.
2298 5050 2341 5083 ⁸¹
2369 5036 2536 5111 ξένούς
2566 5054 2751 5111 Ἴωνας
2782 5070 2839 5113 ς.

2227 5172 2459 5230 NOT/E.

717 5317 795 5405 g9)
826 5318 961 5375 Hac
1006 5321 1108 5405 illa
1137 5320 1381 5405 forsitan
1409 5326 1688 5405 est,_.qua
1714 5323 1863 5405 inter
1887 5329 2184 5405 excerpta,
2237 5327 2300 5381 1η

644 5389 934 5463 advenam
961 5393 1317 5463 [Egyptium
1348 5389 1686 5452 inscribitur
1714 5394 1819 5451 inf.
1855 5396 1995 5451 cod.
2028 5389 2154 5450 21:)”.

649 5528 659 5538 ο
716 5462 839 5538 [10)⁸
868 5462 965 5517 Ex
1018 5462 1259 5538 {erupere
1301 5465 1515 5523 dictum
1554 5468 1749 5524 reddit
1792 5466 2052 5524 Glossar.
2102 5472 2296 5534 vetus,

644 5530 748 5585 inf.
777 5530 1139 5603 αύτοσχέδιον
1164 5543 1353 5593 vocat.

712 5605 755 5674 (ί
776 5603 824 5674 1)
853 5606 935 5674 De
956 5621 1077 5674 quo
1106 5606 1343 5664 Suidas.

714 5672 827 5746 (t2)
851 5672 1021 5741 λαλιά,
1052 5676 1126 5732 de
1152 5692 1274 5749 qua
1303 5680 1491 5737 multa
1522 5680 1684 5752 legas
1715 5681 1882 5755 apud
1906 5680 2297 5741 Menandrum

2412 5326 2653 5397 Sophist
2692 5325 2750 5381 in
2791 5324 3153 5396 Epidicticis.
3186 5395 3197 5397 _
3641 5396 3655 5397 ί
3834 5387 3865 5397 ,,
3913 5384 3922 5393 .

2484 5382 2594 5465 (⁸13)
2647 5382 2855 5463 Quem.
2884 5400 3071 5453 Persa
3115 5395 3301 5451 solem
3345 5400 3591 5466 putant.
3639 5396 3787 5466 Lege
3833 5382 3998 5466 Suid.,

2410 5456 2753 5525 Brissonfet
2791 5468 2940 5525 alios
2971 5490 2983 5525 :
3012 5468 3117 5541 qui
3147 5468 3302 5524 hanc
3329 5456 3555 5522 vocem
3602 5456 3865 5537 per'irbru
3900 5456 3999 5511 fere

2410 5541 2791 5612 scripserunt.

2481 5607 2595 5685 (ι’4)
2632 5611 3047 5684 Propemptica
3078 5609 3157 5667 ad
3172 5607 3526 5681 Ampelium
3556 5608 3674 5666 int‘.
