4136 6216
651 325 751 383 467
1875 322 2114 381 ΡΗΟΤΙΙ
2154 325 2285 380 ΡΑΤ

2390 324 2637 380 \HCH/E
2679 325 2786 380 CP.
3856 329 3927 383 468

651 455 793 511 solis
835 453 1074 510 orientis
1102 455 1300 524 partes
1329 456 1617 506 venerunt
1635 469 1648 519 ;
1669 450 1828 507 unde
1856 450 2078 507 circulo
2123 451 2285 518 facto.

2407 455 2496 504 καὶ
2555 452 2626 514 εἰς
2654 455 2738 504 τὸν
2788 450 2912 522 ἑῷον
2959 450 3262 524 ἐμϐαλόντες
3307 455 3396 504 καὶ
3428 454 3550 524 πρὸς
3578 459 3682 512 ταῖς
3721 460 3798 504 τοῦ
3829 455 3934 512 ἡλίου

649 545 906 601 exterius
944 558 1103 597 mare
1133 541 1312 610 longo
1344 545 1630 612 tempore,
1664 540 1965 613 variisque
1996 541 2296 597 erroribus

647 633 1010 689 circumiere.
1066 632 1341 684 Errorum
1392 630 1534 684 socii
1587 629 1735 685 fiunt
1783 631 2128 696 Carmancs,
2189 632 2299 686 Me-

645 721 847 777 niscus
893 726 948 775 et
985 719 1407 790 Azuliszatque
1447 719 1504 774 in
1557 719 1738 774 Thule
1793 719 2047 792 denique
2100 719 2298 775 insula

643 811 957 867 stationem
1006 809 1241 863 interim
1283 823 1551 864 errorum
1595 809 1925 880 quamdam
1982 809 2299 865 constitue-

639 904 797 955 runt.
855 901 918 954 In
946 897 1058 953 hac
1097 899 1226 969 ipsa
1254 897 1452 953 insula
1494 914 1628 952 cum
1671 898 1998 970 Dercyllide
2028 899 2297 972 quadam

641 989 840 1044 Dinias
883 986 1375 1042 consuetudinem
1411 987 1624 1042 habuit
1649 1007 1662 1045 :
1687 1003 1823 1060 qua;
1850 1004 2063 1059 genere
2101 989 2294 1060 Tyria,

639 1081 693 1132 et
723 1076 895 1132 claris
927 1075 984 1130 in
1019 1091 1091 1130 ea
1120 1075 1267 1130 urbe
1299 1075 1601 1130 natalibus
1624 1081 1774 1141 orta,
1807 1092 1945 1132 cum
1976 1077 2151 1134 fratre
2181 1077 2295 1148 (20)

639 1165 922 1220 Mantinia
950 1164 1064 1219 hoc
1095 1164 1154 1218 in
1197 1162 1328 1219 loco
1366 1165 1741 1220 versabatur.
1793 1165 1940 1220 Cum
1972 1165 2072 1222 illa
2121 1167 2298 1234 igitur

639 1254 835 1309 Dinias
850 1254 1405 1323 consuescens,ejus
1417 1253 2294 1326 auditfratrisquejactationes,

636 1349 693 1399 et
738 1346 962 1415 quanta
1017 1341 1176 1398 mala
1221 1341 1487 1398 Paastius
1518 1342 1633 1413 (21)
1660 1342 1936 1414 quidam,
1991 1344 2296 1416 Egyptius

637 1431 1031 1496 sacriﬁculus,
1075 1429 1355 1487 intulerit.
1385 1431 1486 1486 Hic
1516 1431 1677 1486 enim
1709 1447 1848 1486 cum
1881 1436 2108 1488 vastata
2163 1433 2293 1504 ejus

634 1521 848 1592 patria,
903 1519 1126 1591 Tyrum
1174 1519 1509 1589 migrasset,
1559 1525 1615 1575 et
1644 1520 1902 1592 hospitio
1946 1526 2226 1593 acceptus
2260 1538 2296 1579 a

634 1608 982 1682 parentibus
1025 1608 1241 1664 horum
1282 1608 1554 1677 fratrum,
1604 1608 1898 1665 Mantiniaa
1930 1614 2109 1682 atque
2165 1614 2296 1667 Der-

635 1698 883 1771 cyllidis,
912 1697 1238 1753 benevolus
1269 1697 1531 1769 primum
1556 1698 1616 1752 in
1648 1697 1800 1754 bene
1830 1699 1905 1754 de
1938 1715 2001 1754 se
2029 1701 2290 1768 meritos,

2408 541 2676 602 ἀνατολαῖς
2716 547 2997 614 γεγονότες,
3060 540 3282 594 ἐντεῦθέν
3345 561 3398 592 τε
3459 540 3622 612 κύκλῳ
3691 545 3773 599 τὴν
3829 541 3937 604 ἐκτὸς

2406 631 2754 706 περιελθόντες
2816 632 3086 684 θάλασσαν
3129 629 3176 682 ἐν
3225 634 3433 704 χρόνοις
3483 637 3689 703 μακροῖς
3739 636 3812 684 καὶ
3852 652 3940 684 ποι-

2406 721 2577 782 κίλαις
2650 721 2867 782 πλάναις
2924 739 2938 750 ’
2983 721 3055 780 οἷς
3130 722 3535 792 συνεφάπτονται
3645 729 3731 780 τῆς
3790 721 3941 782 πλάνης

2409 813 2691 884 Καρμάνης
2721 816 2811 864 καὶ
2841 815 3112 871 Μηνίσκος
3159 815 3247 862 καὶ
3270 809 3533 872 Ἀζουλις.
3568 815 3780 861 Γίνονται
3805 806 3852 863 δὲ
3877 816 3943 862 καὶ

2407 899 2454 951 ἐν
2510 900 2679 972 Θούλῃ
2724 907 2785 972 τῇ
2868 905 3034 971 νήσῳ,
3115 899 3340 951 ἐνταῦθα
3378 903 3498 960 τέως
3535 902 3618 949 καὶ
3690 901 3944 972 σταθμόνδε

2407 991 2580 1062 ὥσπερ
2635 997 2730 1061 τῇς
2772 989 2972 1050 πλάνης
3025 991 3144 1042 τινὰ
3190 991 3504 1060 ποιούμενοι.
3574 987 3652 1039 Ἐν
3708 991 3848 1060 ταύτῃ

2408 1078 2581 1150 Θούλῃ
2619 1083 2816 1140 Δεινίας
2865 1078 2980 1130 κατ’
3039 1080 3229 1153 ἔρωτος
3289 1082 3441 1148 νόμον
3490 1077 3648 1148 ὁμιλεῖ
3696 1075 3946 1149 Δερκυλλίὸι

2406 1173 2508 1219 τινὶ
2550 1168 2860 1240 καλουμένῃ,
2911 1172 3024 1229 ἣτις
3075 1172 3207 1238 γένει
3263 1170 3353 1238 μὲν
3427 1169 3630 1238 ὑπῆρχε
3687 1169 3832 1239 Τυρία
3873 1176 3946 1217 τῶν

2405 1260 2541 1309 κατὰ
2569 1262 2662 1315 τὴν
2699 1257 2843 1310 πολιν
2899 1253 3247 1331 εὐπατριδῶν,
3293 1253 3495 1328 ἀδελφῷ
3525 1257 3567 1291 ⁸⁷
3601 1252 3656 1308 δὲ
3681 1265 3820 1315 συνῆν
3869 1258 3948 1307 ὄνοι

2405 1367 2480 1418 μα
2538 1352 2812 1419 Μαντινίᾳ.
2890 1349 3063 1419 Ταύτῃ
3145 1351 3343 1408 Δεινίας
3417 1346 3602 1418 ὁμιλῶν
3663 1345 3950 1417 ἀναμαιθάνει

2403 1441 2490 1492 τήν
2516 1456 2568 1488 τε
2618 1446 2715 1487 τῶν
2763 1433 2994 1509 ἀδελφῶν
3045 1434 3265 1502 πλάνην,
3321 1441 3412 1488 καὶ
3466 1437 3563 1487 ὅσα
3607 1437 3790 1496 Παάπις
3834 1436 3951 1492 "ri;

2408 1527 2568 1598 ἱερεὺς
2607 1527 2919 1598 Αἰγύπτιος,
2955 1535 3044 1586 τῆς
3091 1521 3351 1596 πατρίδος
3403 1525 3560 1577 αὐτοῦ
3607 1525 3952 1582 λεηλατηθείσης

2403 1620 2491 1665 καὶ
2538 1621 2868 1688 παροικήσας
2941 1618 3106 1686 Τύρον
3181 1618 3272 1666 καὶ
3323 1613 3659 1687 φιλοξενηθεὶς
3727 1615 3813 1664 ὑπὸ
3875 1621 3950 1662 τῶν

2403 1709 2648 1756 τεκόντων
2694 1708 2817 1765 τοὺς
2874 1701 3128 1776 ἀδελφοὺς
3185 1701 3506 1776 Δερκυλλίδα
3571 1709 3655 1754 καὶ
3700 1707 3950 1762 Μαντινέων,

632 1788 1046 1860 familiamque
1095 1787 1248 1842 adeo
1289 1786 1636 1842 universam
1676 1802 1804 1842 esse
1842 1787 2285 1846 videreturzin-

2403 1797 2491 1843 καὶ
2524 1789 2682 1854 δόξας
2720 1795 2781 1844 τὰ
2833 1800 3016 1864 πρῶτα
3055 1795 3231 1854 εὔνους
3282 1791 3409 1844 εἶναι
3457 1800 3564 1852 τοῖς
3594 1795 3849 1865 εὐεργέταις
3885 1793 3953 1839 καὶ

635 1877 910 1949 gentibus
950 1879 1160 1948 postea
1198 1873 1370 1931 malis
1407 1875 1681 1940 domum,
1725 1875 1956 1948 hosque
1989 1882 2045 1934 et
2083 1893 2290 1934 eorum

633 1971 909 2038 parentes
947 1964 1161 2022 affecit.
1202 1963 1394 2020 Refert
1429 1963 1646 2020 deinde
1685 1965 1995 2036 quomodo
2035 1966 2095 2021 in
2136 1967 2292 2023 Rho-

635 2053 803 2120 dum,
856 2059 990 2124 post
1025 2056 1225 2109 tantas
1264 2050 1506 2108 familias
1559 2050 1947 2120 calamitates,
1991 2069 2128 2109 cum
2182 2054 2292 2110 fra-

636 2147 720 2196 tre
745 2141 1006 2196 abducta
1023 2141 1115 2206 sit,
1139 2141 1394 2213 indeque
1411 2140 1472 2196 in
1489 2141 1719 2196 Cretam
1740 2155 1936 2197 errore
1953 2141 2152 2200 delata
2173 2143 2294 2199 fue-

635 2230 726 2294 rit,
761 2246 899 2286 mox
929 2229 1006 2285 ad
1034 2230 1368 2302 Tyrrhenos
1401 2235 1456 2286 et
1485 2245 1726 2285 rursum
1758 2229 1898 2286 inde
1929 2232 2003 2287 ad
2034 2232 2292 2288 Cimme-

633 2318 778 2385 rios,
847 2335 998 2390 quos
1054 2319 1384 2384 nominant,
1441 2324 1623 2393 utque
1685 2319 1846 2390 apud
1906 2319 2016 2376 hos
2069 2320 2290 2378 inferos

635 2408 930 2480 spectarit,
966 2412 1022 2464 et
1051 2423 1258 2464 eorum
1289 2407 1496 2473 multa,
1523 2424 1660 2480 quae
1693 2408 1916 2464 ibidem
1938 2415 2095 2475 sunt,
2141 2411 2290 2467 didi-

632 2496 1022 2568 ceritzMyrto
1071 2496 1361 2567 magistra
1408 2513 1544 2565 usa,
1599 2498 1812 2570 1096
1861 2515 1969 2555 sua
2021 2500 2288 2572 quadam

630 2584 977 2658 pedisequa,
1039 2601 1174 2657 qum
1221 2585 1365 2642 olim
1422 2585 1543 2642 vita
1592 2585 1841 2650 abierat,
1892 2593 1948 2644 et
2008 2603 2044 2644 a
2100 2594 2288 2646 morte

630 2674 939 2730 dominam
979 2673 1254 2730 docebat.

703 2763 836 2818 Haec
853 2764 1052 2836 itaque
1073 2778 1312 2819 narrare
1329 2762 1537 2835 incipit
1559 2765 1759 2820 Dinias
1784 2765 2026 2837 Cymbae
2045 2767 2287 2823 cuidam

628 2853 891 2918 nomine,
925 2852 1108 2908 domo
1138 2851 1406 2916 Arcadia,
1434 2867 1613 2924 quem
1640 2869 1962 2910 commune
1991 2856 2287 2911 Arcadum

628 2942 888 3012 legatum
945 2943 1186 2997 miserat
1209 2943 1451 3012 Tyrum,
1496 2941 1728 2996 Diniam
1759 2942 1842 2999 ibi
1867 2950 2165 3013 rogantes,
2224 2949 2288 3000 ut

629 3032 706 3088 ad
734 3033 902 3104 ipsos
933 3031 992 3087 in
1019 3032 1274 3102 patriam
1304 3047 1479 3086 suam
1509 3031 1749 3089 rediret.
1788 3036 1860 3088 At
1888 3035 2179 3105 quoniam
2202 3034 2287 3101 ip-

629 3135 761 3175 sum
787 3121 915 3190 jam
941 3119 1135 3190 gravis
1162 3119 1309 3174 senii
1337 3124 1481 3175 aetas
1513 3120 1888 3191 prohibebat,
1921 3122 2163 3191 ﬁngitur
2187 3123 2282 3179 hic

625 3209 858 3274 referre,
888 3214 1014 3264 tum
1043 3225 1114 3264 ea
1142 3225 1277 3280 quae
1305 3208 1558 3279 ipsemet
1589 3211 1891 3266 erroribus
1915 3211 2171 3282 jactatus
2201 3213 2282 3267 vi-

626 3298 815 3363 derat,
845 3302 969 3352 tum
995 3315 1126 3369 quae
1155 3299 1232 3354 ab
1259 3297 1388 3354 aliis
1413 3305 1740 3369 conspecta
1764 3309 2096 3371 acceperat,
2129 3319 2283 3372 quee-

626 3402 744 3458 que
791 3403 827 3442 a
867 3386 1188 3458 Dercyllide
1226 3387 1283 3441 in
1317 3386 1498 3443 Thule
1547 3393 1788 3445 narrata
1834 3389 2160 3446 didicerat:
2187 3408 2284 3447 su-

624 3475 981 3546 pradictum,
998 3475 1268 3546 inquam,
1292 3477 1420 3547 ejus
1437 3492 1716 3540 errorem,
1741 3484 1920 3550 utque
1944 3486 2081 3550 post
2103 3497 2280 3536 suum

626 3563 724 3621 illa
749 3565 1004 3620 reditum
1033 3565 1110 3620 ab
1137 3564 1357 3630 inferis,
1387 3582 1525 3621 cum
1558 3567 1781 3636 Ceryllo
1806 3574 1862 3623 et
1885 3569 2109 3625 Astraeo
2139 3570 2281 3642 (jam

625 3655 785 3710 enim
811 3671 846 3711 a
872 3654 1045 3710 fratre
1076 3661 1381 3726 segregata
1408 3656 1552 3726 erat)
1586 3654 1664 3712 ad
1690 3657 1923 3712 Sirenes
1950 3659 2172 3715 venerit
2194 3677 2282 3715 se-

623 3744 1168 3817 pulcrum;etqua3
1205 3761 1446 3800 rursum
1493 3744 1628 3817 ipsa
1659 3762 1729 3800 ex
1755 3747 1960 3802 Astraei
2006 3763 2280 3805 sermone

622 3835 967 3904 cognoverit
995 3834 1067 3889 de
1098 3833 1466 3906 Pythagora,
1497 3840 1551 3890 et
1575 3836 1919 3892 Mnesarcho
1941 3855 1953 3892 :
1973 3837 2176 3910 qualia
2203 3838 2277 3893 vi-

621 3923 819 3980 cissim
871 3924 1129 3979 Astraeus
1157 3939 1229 3978 ex
1259 3923 1550 3982 Philotide
1580 3923 1870 3992 didicerit,
1899 3931 1954 3982 et
1986 3927 2046 3981 in
2091 3926 2279 3983 oculis

620 4013 808 4086 ipsius
861 4019 1182 4085 spectrum,
1226 4012 1544 4086 visumque
1587 4013 1764 4084 plane
1817 4013 2280 4072 fabulosum:et

619 4118 1015 4174 quascunque
1036 4118 1273 4157 rursum
1299 4102 1576 4175 Dercyllis
1599 4103 1676 4159 ad
1703 4119 1842 4160 suos
1865 4119 2100 4160 reversa
2122 4121 2278 4163 erro-

617 4208 712 4246 res
753 4191 966 4254 retulit,
999 4197 1060 4243 ut
1089 4190 1148 4244 in
1198 4190 1513 4247 hominum
1564 4192 1856 4249 civitatem
1899 4193 2169 4251 inciderit
2217 4196 2275 4251 iu

618 4280 826 4344 Iberia,
855 4277 957 4349 qui
990 4281 1168 4332 noctu
1191 4276 1437 4348 quidem
1467 4279 1729 4338 viderent
1753 4299 1766 4337 :
1793 4282 2048 4340 interdiu
2075 4290 2275 4341 autem

617 4366 880 4437 quotidie
937 4365 1294 4421 caecutirent.
1347 4367 1486 4432 Quae
1530 4368 1669 4426 item
1704 4371 1786 4426 ibi
1816 4377 2075 4429 Astraeus
2134 4376 2275 4430 tibia

617 4469 862 4522 canens,
916 4454 1182 4510 hostibus
1236 4471 1440 4510 eorum
1498 4456 1715 4524 fecerit,
1771 4465 1948 4532 utque
1998 4463 2274 4518 benevoli

2403 1881 2499 1952 ὅλῳ
2531 1890 2601 1952 τῷ
2646 1884 2791 1953 οἴκῳ,
2824 1885 2955 1953 μετά
2995 1888 3160 1934 ταῦτα
3203 1883 3308 1934 ὅσα
3353 1884 3488 1934 κατὰ
3537 1887 3622 1934 τον
3652 1901 3701 1933 τε
3732 1879 3848 1932 οἷκον
3885 1882 3953 1928 καὶ

2402 1969 2589 2030 αὐτοὺς
2618 1975 2707 2021 καὶ
2739 1969 2907 2021 αὐτῶν
2963 1975 3145 2042 γονέας
3191 1971 3476 2045 εἰργάσατο
3535 1989 3546 2000 '
3595 1971 3719 2029 ὅπως
3765 1969 3821 2027 εἰς
3873 1966 3952 2017 Ῥο-

2404 2055 2493 2110 δον
2523 2058 2622 2111 ἀπὸ
2672 2067 2766 2120 τῆς
2796 2062 2930 2111 κατὰ
2974 2063 3060 2111 τὸν
3118 2057 3256 2111 οἷκον
3309 2066 3580 2133 συμφορᾶς
3636 2063 3722 2110 σὺν
3750 2067 3811 2127 τῷ
3838 2052 3953 2108 ἀδελ-

2402 2157 2478 2219 φῷ
2529 2147 2775 2218 ἀπήχθη,
2829 2147 3062 2200 κάκεῖθεν
3119 2151 3191 2210 εἰς
3273 2155 3481 2221 Κρήτην
3559 2147 3818 2208 ἐπλανήθη,
3868 2142 3952 2195 εἶτα

2402 2236 2468 2295 εἰς
2515 2235 2827 2311 Τυρρηνοὺς,
2891 2235 3158 2289 κάντεῦθεν
3219 2238 3285 2297 εἰς
3365 2242 3680 2310 Κιμμερίους
3728 2236 3842 2287 οὕτω
3882 2254 3951 2283 κα-

2399 2323 2671 2396 λουμένους
2710 2344 2721 2354 ”
2751 2331 2841 2377 καὶ
2873 2329 2936 2386 ὡς
2967 2329 3031 2377 τὰ
3057 2325 3104 2377 ἐν
3143 2323 3308 2398 ’ᾼδου
3368 2328 3492 2398 παρ’
3547 2327 3718 2386 αὐτοῖς
3771 2320 3860 2375 ἰδοι
3884 2324 3951 2371 καὶ

2398 2413 2562 2465 πολλὰ
2591 2422 2688 2466 τῶν
2729 2413 2892 2467 ἐκεῖσε
2940 2417 3122 2487 μάθοι,
3180 2411 3493 2486 διδασκάλῳ
3574 2417 3802 2490 χρωμένη
3844 2412 3954 2480 Μύρ-

2399 2504 2543 2572 τῳθθ
2593 2501 2926 2576 θεραπαινίδι
3004 2505 3189 2576 οἰκείᾳ,
3272 2505 3432 2556 πάλαι
3510 2507 3594 2556 τὸν
3656 2503 3761 2576 βίον
3815 2499 3954 2552 ἀπολι-

2397 2594 2569 2664 πούσῃ
2622 2597 2710 2645 καὶ
2754 2592 2807 2644 ἐκ
2856 2601 2955 2644 τῶν
3013 2602 3200 2667 νεκρῶν
3265 2599 3358 2652 τὴν
3417 2590 3694 2647 δέσποιναν
3742 2585 3954 2643 ἀναδιδα-

2402 2683 2602 2752 σκούσῃ
2617 2721 2628 2733 .

2472 2770 2598 2843 [357
2633 2770 2724 2844 3.]
2770 2779 2950 2824 Ταῦτα
2988 2777 3158 2824 τοίνυν
3204 2772 3506 2847 ἁπάρχεται
3563 2776 3750 2833 Δεινίας
3789 2767 3953 2839 διηγεῖ-

2400 2862 2523 2912 σθαι
2581 2861 2767 2933 Κύμϐα
2809 2866 2910 2914 τινὶ
2964 2863 3174 2934 ὀνόματι
3225 2861 3280 2924 ἐξ
3319 2859 3612 2934 Ἀρκαδίας
3653 2856 3892 2933 πατρίδος,
3915 2856 3954 2906 ὃν

2401 2949 2611 3001 στείλειε
2667 2955 2723 3002 τὸ
2781 2954 2949 3002 κοινὸν
3032 2961 3129 3002 τῶν
3175 2948 3448 3026 Ἀρκάδων
3493 2951 3538 3012 ἐς
3594 2955 3767 3022 Τύρον,
3820 2947 3955 2998 aimi-

2397 3057 2539 3109 μενοι
2596 3043 2790 3090 Δεινίαν
2858 3043 2985 3113 πρὸς
3039 3040 3229 3101 αὐτούς
3269 3059 3323 3092 τε
3384 3045 3473 3092 καὶ
3532 3036 3757 3114 πατρίδα
3807 3036 3955 3088 ἐπανα-

2399 3127 2597 3188 ζεύξαι.
2634 3127 2773 3180 Ἐπεὶ
2802 3125 2860 3180 δὲ
2901 3129 3055 3180 αὑτὸν
3104 3132 3162 3181 τὸ
3219 3128 3384 3201 βάρος
3425 3138 3521 3180 τοῦ
3564 3136 3732 3203 γήρως
3759 3124 3950 3183 ἐκώλυσέ,

2397 3216 2663 3287 εἰσάγεται
2741 3213 3084 3289 διηγούμενος
3146 3219 3274 3290 άπερ
3348 3238 3400 3270 τε
3476 3219 3630 3280 αὐτὸς
3701 3214 3821 3268 κατα
3881 3217 3950 3267 τὴν

2395 3303 2590 3362 πλάνην
2642 3307 2880 3358 θεάσοιτο
2953 3309 2980 3366 ἡ
3048 3313 3136 3359 καὶ
3202 3307 3363 3359 ἄλλων
3399 3309 3718 3379 θεασαμένων
3774 3303 3945 3361 ἀκήκοε,

2393 3398 2478 3443 καὶ
2541 3393 2574 3445 ἃ
2607 3393 2939 3467 Δερκυλλίδος
2995 3395 3042 3447 ἐν
3120 3397 3291 3469 Θοὺλῃ
3347 3393 3697 3469 διηγουμένης
3753 3391 3948 3464 ἆνέμαθε,

2392 3481 2519 3553 λέγω
2571 3479 2636 3542 δὴ
2673 3491 2764 3542 τήν
2815 3505 2865 3538 τε
2921 3488 2969 3521 ⁹⁰
3027 3491 3402 3562 προειρημένην
3457 3486 3654 3544 πλάνην
3699 3482 3948 3544 αὐτῆς,καὶ

2392 3573 2524 3632 ὅπως
2550 3575 2681 3644 μετὰ
2703 3581 2796 3632 τὴν
2841 3573 2893 3637 ἐξ
2933 3572 3100 3637 Ἀδου
3157 3575 3319 3636 αὐτῆς
3369 3575 3711 3648 ἀναχώρησιν
3764 3575 3842 3624 σὺν
3864 3575 3949 3624 Κη-

2389 3661 2555 3733 ρύλλῳ
2587 3669 2674 3715 καὶ
2737 3664 3020 3738 Ἀστραίῳ,
3076 3661 3181 3722 ἤδη
3243 3674 3334 3718 τοῦ
3389 3668 3431 3700 ⁹¹
3494 3663 3710 3738 ἀδελφοῦ
3759 3659 3948 3714 διασπα-

2393 3753 2600 3817 σθεῖσα,
2632 3751 2715 3804 ἐπὶ
2742 3757 2827 3805 τὸν
2875 3760 3115 3829 Σειρήνης
3147 3753 3388 3827 ἀφίκοντο
3430 3757 3478 3789 ³³
3533 3758 3688 3826 τάφον
3717 3771 3728 3782 ·
3770 3754 3844 3801 καὶ
3869 3749 3947 3798 ὅσα

2390 3839 2541 3891 πάλιν
2611 3841 2741 3900 αὐτὴ
2791 3841 2843 3906 ἐξ
2883 3842 3166 3918 Ἀστραίου
3220 3843 3450 3915 λέγοντος
3503 3848 3711 3906 ἤκουσεν
3773 3842 3946 3910 175.9"TE

2390 3931 2695 4001 Πυθαγόρου
2739 3936 2871 4003 φημὶ
2918 3938 3005 3984 καὶ
3057 3935 3384 4005 Μνησάρχου
3437 3951 3448 3963 ο
3497 3936 3583 3985 οἶά
3637 3952 3686 3984 τε
3711 3921 3942 3984 Φιλώτιδος

2387 4019 2543 4080 αὐτὸς
2593 4019 2869 4096 Ἀστραῖος
2940 4026 3154 4085 ἤκουσε,
3196 4026 3285 4073 καὶ
3340 4026 3397 4074 τὸ
3453 4025 3594 4075 κατὰ
3637 4025 3748 4081 τοὺς
3797 4011 3941 4088 (ἔνθα)-

2386 4113 2510 4179 μους
2541 4111 2587 4144 9⁸
2618 4110 2776 4162 αὐτοῦ
2839 4108 3082 4182 μυθῶδες
3137 4113 3304 4183 θέαμα
3335 4133 3346 4145 ·
3413 4117 3501 4164 καὶ
3555 4115 3656 4164 ὅσα
3699 4105 3827 4165 αὖθις
3854 4112 3940 4176 Δερ-

2386 4197 2556 4258 κυλλὶς
2622 4199 2702 4251 ἐπὶ
2751 4206 2843 4258 τὴν
2894 4201 3086 4252 οἰκείαν
3148 4199 3432 4252 ἐπανιοῦσα
3499 4202 3689 4257 πλάνην
3726 4190 3940 4265 ἀπήγγελ-

2384 4285 2482 4351 λεν,
2517 4290 2583 4350 ὡς
2626 4294 2893 4362 περιπέσοι
2943 4289 3224 4365 ἀνθρώπων
3256 4290 3401 4343 πόλει
3435 4296 3576 4344 κατά
3618 4295 3703 4348 τὴν
3728 4285 3936 4354 Ἰϐηρίαν.

2385 4375 2432 4427 οἱ
2465 4377 2628 4448 ἐώρων
2655 4381 2743 4448 μὲν
2771 4377 2817 4429 ἓν
2848 4384 3014 4440 νυκτὶ,
3049 4378 3229 4451 τυφλοὶ
3278 4377 3335 4432 δὲ
3368 4381 3462 4432 3πό
3506 4382 3674 4453 ἡμέρᾳ
3714 4375 3876 4441 ἑκάστῃ
3899 4369 3941 4402 ⁹⁸

2383 4465 2800 4538 ἐτύγχανον-καὶ
2853 4470 2950 4520 ὅσα
2986 4468 3086 4520 ἐκεῖ
3132 4468 3406 4540 Ἀστραῖος
3460 4471 3626 4522 αὐλῶν
3674 4475 3770 4527 τοῖς
3823 4459 3942 4512 πολε·

615 4543 752 4600 inde
774 4543 1002 4600 dimissi
1029 4544 1088 4599 in
1113 4544 1299 4600 Celtas
1326 4545 1657 4612 inciderint,
1684 4531 1919 4618 gentem
1944 4550 2272 4607 immanem

2390 4559 2517 4616 αίοις
2570 4555 2768 4608 ἐκείνων
2840 4558 3141 4630 εἰργάσατο.
3224 4563 3322 4612 Καὶ
3384 4561 3448 4619 ὡς
3523 4560 3773 4631 ἀφεθέντες
3821 4549 3940 4620 εὐμε-

617 4649 686 4690 ac
713 4634 1013 4699 stolidam,
1047 4649 1200 4706 quos
1226 4634 1285 4688 in
1310 4635 1478 4708 equis
1509 4635 1625 4708 ipsi
1655 4635 1986 4707 effugerint,
2018 4654 2271 4712 qumque

615 4723 674 4778 in
709 4727 934 4780 mutato
965 4739 1259 4796 equorum
1297 4725 1491 4781 colore
1522 4725 1841 4782 acciderint
1873 4742 1886 4780 :
1923 4731 1986 4780 ut
2017 4727 2154 4784 hinc
2195 4731 2269 4786 ad

614 4811 944 4883 Aquitanos
966 4812 1347 4883 penetrarint,
1366 4819 1741 4886 quantosque
1758 4815 2014 4871 honores
2034 4816 2114 4872 ibi
2134 4818 2269 4874 ade-

612 4901 696 4973 pti
743 4901 860 4954 sint
888 4900 1180 4972 Dercyllis
1211 4906 1391 4974 atque
1440 4902 1961 4975 Ceryllus;ethoc
2009 4907 2268 4978 amplius

609 4993 890 5057 Astraeus,
939 4989 1102 5062 quod
1133 4990 1448 5047 oculorum
1490 5008 1738 5049 suorum
1768 4993 2136 5053 incremento
2182 5003 2269 5055 at-

2381 4654 2472 4705 νώς
2523 4645 2706 4698 ἐκεῖθεν
2778 4652 3198 4722 περιπεπτὼκασι
3264 4657 3374 4709 τοῖς
3441 4649 3648 4710 Κελτοῖς
3700 4648 3762 4709 ³⁵,
3837 4641 3941 4692 ἔθνει

2381 4733 2503 4804 ὠμῴ
2533 4739 2621 4786 καὶ
2652 4735 2855 4808 ἠλιθίῳ,
2905 4738 3085 4799 ἵπποις
3135 4757 3188 4789 τε
3217 4737 3407 4798 αὐτοὺς
3457 4736 3714 4809 ἐξέφυγον,
3760 4737 3837 4782 καὶ
3863 4729 3941 4777 ὅσα

2380 4821 2558 4884 αὐτοῖς
2587 4829 2703 4898 περὶ
2735 4833 2828 4886 τῆς
2862 4828 2994 4876 κατά
3043 4830 3134 4883 τὴν
3184 4830 3353 4897 χρόαν
3408 4835 3505 4877 τῶν
3562 4828 3723 4877 ἵππων
3772 4817 3942 4872 ἐναλλαο

2376 4920 2478 4982 γῆς
2529 4912 2766 4982 ἐγεγόνει.
2823 4913 2996 4974 Ὅπως
3041 4934 3092 4966 τε
3135 4917 3270 4966 κατὰ
3330 4919 3446 4975 τοὺς
3504 4914 3806 4969 Ἀκυτανοὺς
3856 4905 3940 4973 έ7έ’

3101 5012 3256 5076 τιμῆς
3316 5005 3441 5077 [186
3508 5003 3605 5075 Η.]
3671 4999 3941 5056 ἀπήλαυσαν

2375 5020 2539 5065 νοντο,
2609 5008 2696 5054 καὶ
2748 5003 2855 5063 οίας
2917 5002 3022 5055 ἐκεῖ

1951 5157 2186 5213 νΑΒΙᾸΞ
2229 5159 2631 5217 LECTIONES.

676 5301 722 5383 εξ
774 5305 863 5385 καὶ
917 5303 1261 5389 Mergite-3':-
1318 5305 1616 5389 ποιοξμενρι
1673 5306 1777 5389 ΑΞ.
1819 5307 2072 5380 σταθμίον
2125 5342 2192 5351 -
2247 5316 2529 5385 ποιούμενα
2584 5335 2637 5378 ς’.
2717 5314 2764 5348 ⁸⁷
2824 5312 3018 5389 ἁδελφῇ
3091 5338 3146 5380 ς’.

776 5384 952 5452 ξιοςῇς·τ
1031 5384 1076 5407 ⁸⁷
1103 5384 1353 5452 Μύρθῳᾴς·
1431 5384 1688 5452 Scaliger
1727 5384 1951 5452 Μυρῖοῖ.
2031 5384 2078 5416 9°
2110 5401 2162 5434 τε
2217 5384 2360 5439 add.
2405 5384 2481 5438 Α.

603 5442 788 5514 phani
817 5459 829 5497 :
865 5442 1124 5513 ἀφίκοιντο
1157 5466 1212 5510 ς.
1263 5442 1338 5482 ’θ’
1372 5442 1666 5522 ὀφθαλμοὺς
1693 5452 1738 5504 Α
1769 5468 1781 5502 :
1814 5442 2068 5523 ’ἀδελφοὺς
2100 5457 2139 5510 C
2172 5475 2226 5518 ς’,
2304 5458 2351 5491 9⁸
2385 5458 2581 5532 ἡμέραν
2610 5457 2836 5516 ἑκάστην
2868 5481 2923 5523 ς.

601 5372 952 5451 ποιάστιὸςης·ῗ
1031 5375 1076 5407 ⁸9
1103 5374 1353 5451 ΜύρθῳΔς·
1384 5392 1396 5451 ξ
1431 5372 1688 5451 Scaliger
1727 5377 1951 5451 Μυρτοῖ.

3225 5317 3270 5353 ⁸⁸
3324 5316 3550 5389 Παάπις]
3602 5308 3942 5389 Παάπιόςηᾼῖ

2564 5387 2734 5461 “rei
2767 5403 2888 5441 om.
2940 5379 3006 5444 Ᾱζ
3033 5379 3117 5461 ν⁹²ᾇ
3149 5387 3390 5461 ἀφίκοντο
3421 5379 3818 5460 αρόετεψιιιιω
3842 5379 3944 5434 Ξῐοο

3003 5460 3050 5494 9⁵
3085 5457 3289 5532 βελτοίς
3314 5470 3352 5516 Α
3366 5506 3380 5520 .

2185 5582 2228 5635 Ν
2237 5581 2409 5637 ΟΤΑΞ.

673 5698 784 5771 (20)
814 5694 1017 5772 ἀδελφῷ
1046 5700 1366 5772 legendum
1399 5705 1615 5764 docent
1641 5710 1968 5782 sequentia.

2444 5717 2557 5786 (21)
2585 5716 2695 5781 Qui
2723 5718 2940 5788 Paapis
2977 5719 3260 5795 deinceps
3289 5723 3574 5796 perpetuo
3604 5714 3939 5775 nominatur-
