4136 6216
271 277 386 338 469
1445 283 1940 342 BIBLIOTHECA.
1979 315 2050 326 -—
2089 283 2246 342 COD.
2281 285 2512 344 CLXVI.
3549 283 3654 346 ΗΘ

269 407 546 482 Δερκυλλίς
573 425 634 462 τε
675 413 766 462 καὶ
805 409 1090 484 Κήρυλλος,
1123 411 1212 464 xui
1260 411 1334 464 ἔτι
1373 410 1564 484 μᾶλλον
1609 411 1884 485 Ἀστραῖος

2018 427 2110 484 [ue
2135 411 2539 482 decremento,
2571 411 2727 469 lunae
2757 429 2998 488 quoque
3029 415 3368 486 designaret
3400 416 3651 472 alterna-

269 505 330 570 τῇ
399 504 518 572 περὶ
589 503 710 560 τοὺς
769 499 989 561 οἰκείους
1043 499 1335 574 ὀφθαλμούς
1392 501 1734 574 αύξομειὼσει
1789 503 1885 564 τὰς

2017 499 2201 571 iones,
2220 502 2505 574 quodque
2527 503 2972 560 contentionem
2997 505 3317 571 dirimeret,
3335 505 3486 561 duos
3501 507 3650 561 inter

272 587 580 652 πληνιακὰς
641 593 910 661 σημαίνων
959 590 1345 663 αὖξομειώσεις,
1378 595 1468 642 καὶ
1519 591 1652 642 λύων
1707 587 1881 665 ἔριδος

2014 605 2158 658 'eges
2185 591 2258 646 de
2285 591 2623 663 principatu
2673 594 3120 662 contendentes,
3153 595 3256 664 qui
3288 596 3459 667 juxta
3501 595 3647 650 tales

273 681 386 738 τοὺς
433 677 602 730 ἐκεῖσε
659 683 777 753 περὶ
824 687 917 740 τῆς
970 677 1142 751 ἀρχῆς
1193 677 1454 752 βασιλεῖς,
1493 679 1544 732 οἵ
1591 677 1688 732 δύο
1748 684 1882 740 ὄντες

2016 695 2144 735 unae
2175 680 2604 737 vicissitudines
2639 682 2893 738 invicem
2927 683 3332 740 succedebant
3359 684 3414 738 in
3465 683 3649 756 impe-

271 769 404 817 κατά
433 769 750 820 τὰτοιαῦτα
779 777 874 830 τῆς
917 769 1134 829 σελήνης
1176 769 1320 826 πάθη
1368 767 1596 828 ἀλλήλων
1641 768 1882 821 ἀντικαθ-

2011 769 2096 835 'io,
2122 775 2182 824 ut
2229 770 2307 824 ob
2357 771 2472 825 ista
2524 773 2704 827 etiam
2753 771 2979 844 populo
3009 771 3088 827 illi
3134 774 3392 828 Astraeus
3425 772 3644 828 charus

276 857 476 908 ίστοιντο
530 853 810 929 διάδοχοι·
854 855 930 910 δι’
978 857 1014 910 οἷ
1040 862 1130 910 καὶ
1170 859 1195 911 ὁ
1240 860 1403 912 ἐκεῖσε
1435 854 1605 932 δῆμος
1634 865 1740 920 τοῖς
1763 864 1880 933 περὶ

984 857 1014 910 οἱ
1040 862 1130 910 καὶ
1170 859 1195 911 ὁ
1240 860 1403 912 ἐκεῖσε
1435 854 1605 932 δῆμος
1634 865 1740 920 τοῖς
1763 864 1880 933 περὶ
1989 863 2392 931 acceptusque
2423 858 2617 916 fuerit.

275 943 550 1016 ’Δστραῖον
582 948 824 1019 ἔχαιρον,

345 1035 604 1087 Ἐντεῦθεν
671 1033 1042 1108 ἕπιμυθεύεται
1098 1037 1236 1099 ὅπως
1277 1038 1344 1090 τά
1386 1056 1440 1090 τε
1491 1037 1621 1090 ἄλλα
1659 1038 1880 1113 Δερκυλ-

2057 1035 2264 1090 Narrat
2292 1037 2506 1104 praeter
2535 1035 2663 1090 haec
2696 1035 2914 1100 Dinias,
2957 1035 3288 1108 Dercyllida
3335 1053 3474 1094 cum
3527 1039 3643 1096 alia

269 1121 346 1184 λὶς
389 1118 498 1174 εἶδέ
541 1143 595 1175 τε
639 1127 726 1176 καὶ
773 1127 1048 1198 ὑπήνεγκε,
1079 1131 1166 1178 καὶ
1193 1129 1256 1188 ὥς
1287 1125 1336 1178 ἓν
1367 1125 1674 1200 Ἀρτάϐροις
1705 1129 1873 1200 ἢχθη,

2006 1121 2202 1178 ridisse
2229 1127 2406 1194 atque
2437 1125 2768 1196 pertulisse,
2801 1129 2930 1180 tum
2963 1129 3028 1180 ut
3069 1125 3144 1182 ad
3191 1126 3475 1182 Artabros
3527 1131 3639 1201 (22)

265 1211 326 1263 οὗ
381 1219 634 1282 γυναῖκες
685 1217 776 1285 μεν
827 1215 1161 1288 πολεμοῦσιν,
1224 1213 1409 1292 ἄνδρες
1465 1213 1524 1270 δὲ
1571 1217 1874 1290 οἰκουροῡσι

2007 1213 2334 1276 )ervenerit,
2383 1215 2484 1268 ubi
2527 1213 2765 1270 feminae
2805 1213 2964 1270 bella
3011 1219 3244 1286 gerunt,
3287 1215 3396 1270 viri
3441 1221 3640 1273 autem

263 1305 354 1351 καὶ
397 1303 466 1352 τὰ
513 1310 776 1370 γυναικῶν
827 1303 1202 1372 ἐπιμελοῦνται.
1233 1303 1348 1359 Ἐπὶ
1389 1308 1586 1367 τούτοις
1620 1308 1705 1359 οἶα
1741 1309 1877 1360 κατά

2008 1299 2232 1356 tomum
2280 1303 2644 1367 custodiunt,
2678 1319 2748 1359 ac
2779 1303 3096 1359 muliebria
3124 1319 3382 1376 qumque
3416 1305 3641 1362 obeunt

263 1393 382 1448 τοὺς
425 1389 478 1440 Ἀ
494 1393 720 1462 στύρους
763 1395 820 1444 τό
869 1395 1012 1454 ἔθνος
1053 1393 1182 1466 αὐτῇ
1239 1415 1293 1447 τε
1331 1399 1418 1448 xui
1463 1396 1710 1469 Κηρύλλῳ
1759 1417 1876 1448 συν-

2008 1389 2178 1446 ιίῆοὶιι
2204 1407 2366 1463 :quae
2389 1393 2528 1448 item
2555 1393 2718 1464 apud
2741 1395 3022 1448 Asturum
3059 1399 3296 1463 gentem
3319 1395 3426 1465 ipsi
3448 1395 3641 1468 Ceryl-

261 1481 512 1548 εκύρησε,
567 1485 658 1531 καὶ
713 1482 786 1532 ἔτι
860 1483 961 1534 ὅσα
1020 1479 1164 1542 ἰδίως
1226 1483 1486 1557 Ἀστραίῳ
1553 1489 1873 1557 συνηνέχθη,

2005 1495 2158 1548 oque
2193 1483 2562 1552 contigerint,
2589 1489 2642 1538 et
2672 1499 2800 1553 quae
2829 1485 3055 1539 Astraeo
3083 1499 3324 1555 quoque
3359 1485 3638 1556 privatim

257 1572 350 1618 καὶ
402 1571 474 1628 ὡς
526 1569 650 1642 παρ’
693 1567 912 1632 ἐλπίδας
971 1575 1142 1632 πάσας
1193 1577 1313 1634 τοὺς
1365 1573 1416 1624 ἐν
1461 1573 1739 1647 Ἀστύροις
1781 1595 1876 1626 συ-

2006 1569 2303 1626 Lcciderint
2336 1589 2348 1627 :
2375 1579 2557 1644 utque
2599 1577 2806 1643 praeter
2836 1588 3080 1627 omnem
3114 1587 3284 1644 spem
3311 1571 3639 1644 frequentia

257 1661 426 1727 χνοῦς
475 1653 758 1719 κινδύνους
807 1659 1166 1734 ἐκπεφευγότες
1219 1657 1480 1734 Κήρυλλος
1527 1668 1618 1714 σὺν
1660 1665 1872 1736 Δερκυλ-

2003 1669 2143 1742 [pud
2162 1673 2404 1723 Asturos
2427 1663 2684 1738 pericula
2703 1678 2840 1716 cum
2859 1661 3209 1732 effugissent
3227 1663 3484 1732 Ceryllus
3500 1679 3636 1720 cum

253 1743 370 1798 λίδι
413 1751 512 1804 τήν
557 1743 714 1805 δίκην
762 1750 920 1821 ὅμως,
956 1752 1016 1809 ἧν
1063 1747 1390 1823 ἀδικήματος
1431 1752 1654 1804 παλαιοῦ
1698 1755 1873 1826 ὠφλη-

2005 1757 2332 1831 )ercyllide,
2365 1768 2611 1826 poenam
2635 1756 2840 1806 tamen
2861 1750 2978 1814 ille,
3017 1752 3232 1821 110a
3287 1767 3472 1823 quam
3523 1752 3638 1808 im-

253 1839 356 1894 κὼς
419 1833 730 1906 ἐτύγχανεν,
777 1837 872 1889 οὐκ
923 1837 1195 1911 ἀπέφυγεν,
1249 1839 1376 1892 ἀλλὰ
1423 1845 1564 1913 παρὰ
1617 1839 1773 1904 δόξαν
1823 1844 1869 1878 ⁸⁸

2004 1845 2290 1902 ποῦἰῐοιίε
2320 1843 2462 1899 olim
2491 1857 2676 1897 causa
2724 1838 3112 1895 commeritus
3145 1843 3320 1905 esset,
3345 1855 3464 1894 non
3501 1840 3637 1896 etfu-

247 1931 432 1976 πᾶσαν
497 1927 562 1986 ὡς
617 1925 788 1984 ἐσώθη
847 1936 948 1979 τῶν
1006 1925 1279 1996 κινδύνων,
1313 1930 1447 1982 οὕτω
1496 1935 1583 1982 καὶ
1636 1931 1870 2006 ἔκρεουρ-

2002 1937 2146 2006 gerit,
2177 1935 2282 1990 sed
2315 1939 2377 1989 ut
2405 1932 2716 2004 inopinato
2763 1928 3027 2000 pericula
3061 1929 3190 1984 hac
3233 1935 3504 1996 evaserit,
3553 1931 3635 1987 ita

247 2017 418 2082 νήθη.
461 2017 611 2066 Μετά
664 2023 831 2068 ταῦτα
879 2019 964 2068 οἶα
1011 2021 1145 2070 κατὰ
1195 2023 1288 2077 τὴν
1327 2018 1551 2072 Ἰταλίαν
1599 2027 1688 2073 καὶ
1731 2029 1868 2074 Σικε-

2000 2027 2157 2082 etiam
2181 2025 2424 2082 tandem
2450 2019 2940 2078 excarniﬁcatum
2969 2018 3176 2074 fuisse.
3209 2018 3404 2076 Refert
3423 2023 3633 2091 postea

245 2101 366 2152 λίαν
435 2101 748 2174 πλανωμένη
827 2103 1096 2170 ἐθεάσατο,
1157 2111 1245 2160 καὶ
1312 2111 1375 2168 ὡς
1433 2107 1480 2159 ἐν
1543 2115 1726 2182 Ἔρυκι
1785 2131 1863 2183 γε·

2003 2130 2253 2186 [umnam
2289 2129 2391 2186 per
2423 2109 2654 2166 Italiam
2689 2107 3068 2179 Siciliamque
3100 2106 3390 2164 oberrans
3421 2108 3522 2165 illa
3551 2110 3636 2165 vi-

243 2197 436 2262 vouéw;
525 2192 672 2244 πόλει
757 2194 984 2256 Σικελίας
1084 2195 1497 2268 συλλαμϐάνεται
1576 2203 1664 2251 καὶ
1739 2205 1865 2274 πρὸς

1994 2203 2144 2260 ierit.
2193 2207 2262 2260 Ut
2307 2203 2365 2257 in
2413 2203 2595 2272 Eryce
2636 2197 2845 2255 Siciliae
2894 2195 3134 2252 civitate
3175 2197 3627 2269 comprehensa,

243 2277 630 2352 Δίνησίδημον
661 2283 710 2318 ’7
759 2281 1043 2358 (ἐτυράννει
1084 2281 1141 2337 δε
1193 2291 1306 2338 τότε
1363 2291 1644 2339 Λεοντίνων
1690 2289 1860 2362 οὗτος)

1993 2295 2046 2350 td
2073 2293 2550 2352 Saenisidemum,
2600 2287 2702 2359 qui
2751 2293 2887 2341 tunc
2929 2285 3226 2341 Leontinis
3272 2286 3626 2358 imperabat,

239 2367 536 2440 ἀπάγεται.
577 2371 664 2424 Ἐν
735 2368 775 2443 ᾧ
827 2373 980 2425 πάλιν
1049 2371 1290 2427 Παάπιδι
1347 2384 1416 2447 τῷ
1487 2377 1859 2452 τρισαλιτηρίῳ

1996 2383 2229 2439 deucta
2247 2381 2420 2436 fuerit
2445 2397 2458 2434 :
2483 2379 2576 2434 ubi
2595 2393 2834 2432 rursum
2853 2375 2910 2430 in
2933 2375 3281 2447 Paapidem,
3305 2377 3629 2432 sceleratis-

237 2463 554 2532 περιπίπτει
603 2468 675 2531 τῷ
718 2471 1052 2536 τυραννοῦντι
1109 2468 1333 2529 συνόντι,
1367 2471 1455 2518 καὶ
1507 2475 1602 2529 τῆς
1662 2467 1858 2542 ἀπροσο

1994 2473 2192 2527 simum
2225 2471 2388 2526 illum
2421 2468 2741 2530 hominem,
2767 2464 2929 2535 apud
2959 2479 3160 2534 regem
3191 2469 3465 2535 agentem
3487 2467 3627 2522 inci—

235 2543 482 2606 δοκήτου
541 2557 816 2622 συμφορᾶς
889 2550 1186 2605 ἀνέλπιστον
1243 2555 1470 2626 εὑρίσκει
1523 2561 1858 2630 παραμυθίαν

1991 2561 2071 2631 lit,
2091 2560 2428 2633 reperitque
2449 2573 2557 2611 nec
2578 2555 2820 2626 opinato
2839 2553 3188 2608 calamitatis
3206 2553 3461 2624 ingentis
3479 2554 3624 2610 sola-

231 2639 332 2687 τὸν
394 2634 622 2710 ἀδελφὸν
697 2646 1001 2712 Μαντινίαν,
1080 2644 1136 2703 ὃς
1198 2642 1361 2694 πολλὰ
1407 2645 1703 2712 πλανηθεὶς,
1769 2652 1856 2700 καὶ

1989 2651 2134 2715 ium,
2195 2647 2534 2705 Mantiniam
2591 2642 2848 2706 fratrem,
2901 2640 3007 2712 qui
3081 2642 3184 2696 diu
3242 2641 3620 2714 multumque

229 2725 444 2778 πολλῶν
507 2727 873 2781 ἁπιστοτάτων
941 2733 1208 2803 θεαμάτων
1253 2737 1372 2806 περί
1438 2753 1490 2786 τε
1561 2733 1857 2806 ἀνθρώπους

1988 2737 2416 2804 actatus,varia
2428 2747 2663 2806 quoque
2677 2735 2734 2786 et
2749 2729 3270 2800 incredibilia,qure
3289 2746 3426 2785 cum
3443 2730 3504 2784 in
3517 2731 3621 2786 ho-

225 2821 330 2868 καὶ
387 2817 539 2888 ἔτερα
589 2817 702 2878 ζῶα
747 2824 866 2892 περί
913 2839 966 2872 τε
996 2821 1152 2872 αύτόν
1201 2821 1344 2880 ἣλιον
1389 2828 1477 2875 καὶ
1520 2823 1734 2882 σελήνην
1766 2831 1855 2878 καὶ

1985 2827 2225 2883 niuibus
2248 2842 2315 2881 ac
2343 2823 2560 2879 caeteris
2593 2819 3017 2882 animantibus,
3049 2822 3176 2872 tum
3225 2819 3382 2874 circa
3429 2818 3618 2874 solem

227 2909 380 2973 φυτὰ
435 2911 526 2958 xui
561 2911 758 2969 νήσους
803 2909 1038 2978 μάλιστα
1083 2909 1345 2982 ἐξηγητὴς
1383 2913 1512 2985 αὐτῇ
1567 2917 1850 2980 καταστὰς,

1985 2935 2161 2991 psum
2190 2921 2242 2972 et
2275 2915 2506 2976 lunam,
2555 2911 2934 2984 plantasque,
2987 2912 3041 2962 et
3091 2907 3323 2962 insulas
3371 2908 3615 2980 potissi—

227 2993 370 3048 ὕλην
417 2994 642 3066 ἀφθονον
687 3001 925 3071 παρέσχε
971 3001 1286 3070 μυθοποιίας
1335 3000 1668 3074 ἀπαγγέλλειν
1708 3003 1850 3056 ὔστε-

1980 3025 2130 3063 num
2150 3009 2468 3077 spectarat,
2487 2999 2676 3056 sorori
2705 2996 3221 3058 commemoravit,
3247 2996 3613 3070 uberemque

227 3101 332 3152 ρον
399 3093 472 3154 τῷ
557 3089 748 3137 Δεινία·
819 3088 948 3160 ἂπερ
1031 3089 1184 3151 αὐτὸς
1264 3097 1506 3165 συνείρων
1588 3092 1852 3164 εἰσάγεται

1981 3095 2294 3152 [dmodum
2331 3091 2582 3166 praabuit
2611 3087 2953 3144 fabularum
2985 3085 3318 3153 materiam,
3347 3101 3500 3158 quas
3523 3085 3614 3142 Di-

231 3167 588 3244 διηγούμενος
615 3182 688 3244 τῷ
721 3173 948 3248 Ἀρκάδι
985 3176 1188 3250 Κύμϐᾳ.

1972 3187 2072 3242 nias
2095 3183 2484 3259 postmodum
2517 3179 2619 3237 illa
2648 3177 2906 3242 referret,
2941 3191 3074 3247 quae
3116 3175 3214 3229 hic
3242 3175 3448 3230 omnia
3478 3175 3605 3247 ipse

1960 3277 2373 3341 connexuisse,
2407 3276 2461 3327 et
2491 3267 2735 3342 Cymbae
2765 3265 2978 3321 Arcadi
3021 3263 3297 3319 retulisse
3339 3264 3610 3334 tingitur.

311 3349 534 3405 Ἐπειτα
607 3354 676 3414 ὡς
739 3353 982 3418 λαϐόντες
1055 3359 1334 3419 Μαντινίας
1409 3363 1497 3412 καὶ
1583 3360 1852 3432 Δερκυλλὶς

2031 3365 2210 3422 Addit
2233 3363 2456 3427 dehinc,
2493 3363 2557 3414 ut
2585 3355 2895 3416 Mantinias
2926 3370 3062 3410 cum
3095 3352 3415 3424 Dercyllide
3447 3355 3611 3423 (Paa-

233 3439 294 3488 ἑκ
327 3445 609 3492 Λεοντίνων
649 3443 698 3476 9³
737 3447 796 3494 τό
859 3443 1134 3508 Παάπιδος
1191 3445 1434 3522 πηρίδιον
1482 3451 1611 3519 μετὰ
1649 3459 1747 3502 τῶν
1803 3450 1850 3502 ἐν

1976 3455 2114 3511 nidis
2145 3471 2288 3526 pera
2307 3467 2441 3507 cum
2460 3449 2647 3513 libris,
2671 3445 3114 3516 herbarumque
3129 3443 3332 3499 arcula
3355 3443 3609 3515 sublata)

237 3526 384 3598 αὐτῷ
435 3527 684 3601 βιϐλίων,
724 3536 814 3584 καὶ
865 3541 966 3584 τῶν
1025 3531 1256 3606 βοτανῶν
1290 3535 1419 3609 [360
1458 3535 1557 3610 Ρι.]
1595 3541 1652 3590 τὸ
1696 3539 1850 3591 κιϐώ-

1976 3545 2247 3618 υιοείιιιιι
2279 3559 2309 3598 e
2337 3538 2630 3596 Leontinis
2659 3535 3012 3606 trajecerint,
3037 3533 3291 3606 indeque
3313 3536 3609 3605 Metapon-

233 3633 372 3682 τιον,
423 3617 744 3690 ἀπαίρουσιν
785 3621 852 3682 εἰς
903 3621 1106 3694 Ῥήγιον
1164 3623 1398 3677 κάκεῖθεν
1450 3626 1520 3687 είς
1583 3635 1846 3681 Μεταπόν-

1983 3635 2128 3700 ium,
2161 3632 2260 3689 ubi
2294 3647 2395 3685 eos
2431 3631 2692 3684 Astrmus
2736 3628 3068 3686 assecutus,
3103 3623 3326 3693 Paapin
3367 3623 3613 3690 vestigia

239 3725 370 3772 nos,
417 3707 468 3760 ἐν
525 3707 566 3780 ᾧ
633 3711 822 3772 αὐτούς
864 3711 1136 3786 Ἀστραῖος
1199 3713 1587 3768 ἐπικαταλαϐὠν
1665 3722 1848 3790 μηνύει

1974 3740 2162 3780 eorum
2191 3718 2478 3790 subsequi
2507 3712 2871 3786 signiﬁcarit,
2901 3715 3085 3781 utque
3125 3715 3420 3764 Astrmum
3455 3709 3514 3762 hi
3547 3711 3607 3765 in

235 3799 378 3848 κατὰ
431 3795 602 3858 πόδας
657 3796 866 3852 διώκειν
923 3803 1146 3855 Παάπιν.
1174 3809 1274 3856 Καὶ
1322 3807 1384 3866 ὡς
1439 3813 1846 3882 συναπαίρουσιν

1974 3811 2286 3871 l‘hraciam,
2316 3813 2370 3861 et
2399 3807 2759 3872 Massagetas
2786 3799 2864 3856 ad
2893 3797 3204 3854 Zamolxin
3233 3797 3348 3869 (23)
3381 3796 3607 3852 socium

239 3885 384 3956 αὐτῷ
444 3887 528 3940 ἐπὶ
585 3895 794 3962 Θρᾷκας
842 3895 932 3942 καὶ
975 3893 1330 3964 Μασσαγέτας
1357 3897 1426 3960 9³,
1470 3899 1594 3968 πρὸς
1653 3895 1848 3968 Ζάμολ-

1972 3899 2433 3955 )roﬁciscentem
2460 3891 2638 3947 secuti
2679 3890 2814 3944 sint.
2863 3887 3014 3954 Quid
3059 3887 3196 3940 item
3245 3886 3342 3940 ille
3391 3885 3507 3940 hac
3547 3887 3605 3940 in

243 3973 322 4034 ξεν
353 3979 438 4026 τὸν
469 3977 672 4047 ἑταῖρον
726 3977 887 4030 αὑτοῦ
937 3977 1160 4035 ἀπιόντι.
1193 3981 1334 4034 Ὀσα
1379 4003 1431 4035 τε
1479 3987 1609 4036 κατὰ
1655 3989 1846 4042 ταύτην

1972 3988 2319 4045 )rofectione
2338 3977 2734 4052 conspexerit,
2760 3993 2828 4032 ac
2843 3974 3153 4048 quomodo
3175 3975 3234 4029 in
3257 3973 3605 4030 Zamolxida

241 4067 338 4118 τήν
387 4062 698 4140 ὁδοιπορίαν
741 4063 944 4119 ῖδοιεν¹
988 4074 1076 4122 καὶ
1125 4071 1257 4131 ὅπως
1305 4073 1518 4144 ἐντύχοι
1563 4074 1846 4146 Ἀστραῖος

1979 4076 2245 4140 nciderit,
2279 4071 2442 4144 apud
2473 4071 2643 4126 Getas
2667 4067 2796 4138 jam
2849 4069 2976 4119 tum
3020 4080 3130 4135 pro
3173 4063 3287 4117 deo
3332 4061 3556 4117 cultum
3593 4080 3607 4118 :

239 4151 530 4226 Ζαμόλξιδι
583 4156 724 4226 παρὰ
777 4161 975 4217 Γέταιςο
1037 4156 1143 4218 ἢδη
1200 4167 1314 4230 Θεῷ
1369 4162 1715 4234 νομιζομένῳ·
1759 4168 1846 4215 καὶ

1975 4181 2210 4241 [uaeque
2232 4163 2448 4226 dicere,
2473 4175 2540 4214 ac
2565 4155 2870 4230 postulare
2891 4170 2991 4225 pro
3019 4169 3080 4208 se
3111 4153 3400 4208 Astraeum
3421 4151 3608 4241 jusse-

237 4241 338 4292 ὅσα
391 4243 554 4294 εἰπεῖν
603 4243 744 4314 αὐτῷ
821 4250 912 4297 καὶ
989 4243 1242 4307 δεηθῆναι
1311 4249 1580 4322 Δερκυλλίς
1638 4271 1691 4303 τε
1757 4257 1846 4304 καὶ

1974 4239 2071 4311 int
2117 4251 2398 4324 Dercyllis
2446 4256 2623 4320 atque
2653 4243 3002 4310 Mantinias;
3057 4247 3122 4298 ut
3169 4241 3250 4296 ibi
3299 4239 3607 4296 oraculum

231 4337 516 4392 Μαντινίας
569 4333 846 4406 Ἀστραῖόν
903 4337 1030 4410 ὑπὲρ
1085 4338 1254 4390 αὐτῶν
1311 4340 1579 4403 ἠξίωσαν·
1638 4347 1728 4393 καὶ
1777 4345 1845 4402 ὡς

1975 4346 2062 4400 llis
2111 4343 2316 4399 datum
2367 4339 2456 4405 sit,
2509 4337 2568 4392 in
2625 4333 2848 4390 Thulen
2895 4331 3150 4388 insulam
3197 4329 3410 4385 deferri
3473 4327 3605 4386 fatis

233 4427 490 4494 χρησμὸς
553 4427 730 4484 αὐτοῖς
780 4423 968 4476 Et!th
1040 4425 1268 4488 ἐξέπεσεν
1311 4427 1402 4481 ἐπὶ
1461 4429 1666 4488 Θούλην
1717 4439 1845 4484 εῖναι

1975 4451 2085 4490 esse
2113 4432 2474 4488 destinatum
2508 4443 2520 4482 :
2549 4425 2794 4482 tandem
2831 4427 3030 4478 tamen
3058 4421 3118 4475 in
3149 4419 3402 4492 patriam
3453 4419 3608 4474 redi-

235 4517 568 4586 πεπρωμένον
619 4513 800 4578 ἐλθεῖν,
848 4519 938 4566 καὶ
995 4517 1062 4576 ὡς
1124 4515 1176 4578 ἐς
1226 4519 1440 4592 ὕστερον
1483 4523 1572 4572 κάὶ
1611 4517 1846 4596 πατρίδα

1982 4540 2140 4588 uros,
2169 4519 2274 4575 sed
2307 4535 2444 4574 cum
2475 4515 2592 4571 alia
2637 4514 2793 4584 prius
2845 4510 3098 4566 adversa
3131 4525 3440 4581 passuros,
3481 4513 3607 4564 tum

233 4603 470 4671 ὀῷονται,
547 4605 794 4674 πρότερον
867 4603 993 4656 ἄλλα
1073 4625 1124 4658 τε
1180 4605 1698 4680 ἐνταλαιπωροῦντες,
1757 4617 1846 4664 καὶ

1979 4610 2271 4685 mpietatis
2299 4609 2358 4664 in
2397 4609 2675 4679 parentes
2706 4599 2968 4672 (tametsi
2998 4598 3390 4670 deliquissent
3419 4599 3606 4668 inviti)

237 4689 396 4748 δίκην
437 4699 528 4751 τῆς
571 4691 622 4752 ἐς
653 4696 770 4752 τοὺς
817 4698 1000 4754 τοκέας
1042 4693 1380 4758 ἀνοσιότητος
1412 4699 1478 4766 (εἱ
1509 4703 1596 4750 καὶ
1639 4701 1847 4762 ἄκοντες

1972 4717 2167 4758 )aenas
2195 4699 2436 4754 daturos
2471 4711 2483 4750 :
2531 4695 2714 4750 vitam
2741 4691 3026 4747 nimirum
3071 4688 3215 4761 ipsis
3253 4702 3387 4742 cum
3419 4688 3605 4741 morte

241 4781 491 4850 ἐμαρτον)
531 4783 792 4842 τιννύντες
833 4791 906 4852 τῷ
955 4786 1040 4834 τόν
1081 4783 1197 4855 βίον
1249 4786 1427 4848 αὐτοῖς
1470 4787 1540 4848 εἰς
1591 4788 1728 4848 ζωὴν
1755 4795 1844 4842 καὶ

1970 4790 2196 4847 ιΙιοτηὶε
2219 4787 2451 4844 vicibus
2479 4785 2918 4840 commutatum
2945 4778 3037 4844 iri,
3070 4783 3126 4833 et
3155 4781 3332 4832 noctu
3359 4775 3603 4848 quidem

239 4869 454 4921 θάνατον
509 4866 946 4946 διαμερισθῆναι,
1004 4877 1094 4924 καὶ
1151 4877 1244 4945 ζῇν
1302 4877 1392 4947 μὲν
1445 4873 1492 4927 ἔν
1551 4881 1719 4942 νυκτὶ,
1771 4898 1847 4930 νε-

1966 4877 2216 4934 victuros
2253 4877 2390 4947 (25),
2419 4871 2680 4930 interdiu
2713 4884 2852 4925 vero
2907 4881 3145 4938 semper
3191 4873 3461 4921 mortuos
3517 4864 3599 4919 fu-

1589 4993 1825 5050 VARl/E
1863 4995 2270 5053 LECTlONES.

307 5096 354 5128 "
381 5099 494 5170 περὶ
523 5093 714 5217 .6"
749 5091 1114 5217 Aivn’aiguyov
1140 5097 1430 5168 Leichius,
1463 5115 1523 5172 ρ.
1547 5115 1607 5158 Ix
1639 5116 1652 5156 ε
1691 5099 2025 5176 αἰνισίδημον
2057 5109 2096 5156 Δ
2131 5119 2143 5157 :
2171 5097 2548 5172 σαινισίδημον
2579 5099 2619 5154 C
2647 5119 2704 5162 ς.
2781 5096 2831 5131 9⁸
2861 5095 3167 5150 Λεοντιόνων
3195 5113 3257 5156 ς’.
3340 5093 3388 5126 ⁹⁹
3419 5097 3606 5146 Μασα-

307 5185 378 5217 ra:
407 5187 460 5217 ξ’
596 5186 613 5216 ε
661 5184 712 5216 οι
743 5186 802 5217 ε’.
981 5187 1100 5217 arua
1130 5189 1184 5217 ξ-

237 5171 378 5238 Ἱέτας
407 5167 460 5232 ςό
539 5167 560 5202 ι
595 5167 712 5217 ἴδοι
743 5186 802 5229 ς’.
879 5169 902 5201 ²
943 5171 1100 5230 Γέτας
1130 5189 1184 5232 ς.

1803 5290 2029 5346 NOT/E.

307 5394 818 5484 αξ)ὶῖίὲέὲεέαὲίί
842 5395 916 5484 9’?
942 5397 1257 5484 “niuem.
1294 5402 1840 5484 nautsrumjulso
2023 5405 2134 5484 (29
2169 5405 2246 5484 Pe
2273 5416 2548 5484 ωηιξη·
2579 5415 2720 5484 Ρεε·
2857 5470 2868 5480 .
2917 5469 2927 5480 .
3061 5471 3121 5484 ,η
3428 5483 3431 5484 ,
3495 5469 3530 5484 ..

243 5465 604 5540 apud'Ortel.
635 5465 698 5522 in
739 5467 1390 5542 Thesauro.Meminere
1417 5473 1586 5540 Plin.,
1607 5465 1838 5541 Strabvo,
2166 5465 2547 5541 Quae-titione
2571 5465 2776 5527 noctes
2815 5469 3030 5525 vixisse
3056 5471 3122 5524 60
3154 5484 3336 5541 supra
3383 5469 3602 5551 septin-

247 5539 370 5596 Hela
399 5545 454 5594 et
484 5537 614 5594 alii.
1949 5552 2160 5596 cantas
2186 5543 2542 5596 sepulcrales
2585 5543 2884 5596 docebunt
2931 5542 3346 5596 inscriptiones
3403 5542 3508 5596 inf.
3539 5557 3599 5596 in

247 5538 370 5598 Πειᾶ
399 5545 454 5594 εἴ
484 5538 614 5594 alii-
1359 5539 1362 5542 ’
1574 5538 1578 5540 ’
1823 5538 1830 5541 ⁷
1989 5538 2160 5604 antas
2186 5538 2542 5618 sepulcrales
2585 5543 2884 5600 docebunt
2931 5538 3346 5616 inscriptiones
3403 5538 3508 5598 inf.

283 5611 402 5690 Q3)
433 5610 618 5690 Plura
643 5607 724 5690 de
741 5609 860 5690 _hoc
887 5611 1052 5682 apud
1085 5615 1282 5674 Strab.
1319 5613 1423 5672 lib.
1457 5633 1556 5682 vu,
1591 5617 1836 5684 Suidan,
1949 5564 2066 5676 ﬁne
2096 5619 2279 5690 hujus
2307 5614 2546 5672 codicis.

247 5687 296 5740 et
311 5673 586 5738 ‘Herodot.
631 5673 1016 5754 Melpomeize.
