4136 6216
657 330 756 389 467
1883 327 2123 386 PHOTll
2163 329 2295 384 PAT

2389 329 2645 385 AHCH/‘E
2687 330 2792 384 (ΣΡ.
3850 338 3933 393 468

655 461 798 517 solis
840 458 1080 516 orientis
1108 459 1306 529 partes
1337 455 1836 524 venerunt;unde
1865 455 2088 512 circulo
2132 455 2295 524 facto,

2416 461 2504 508 καὶ
2564 456 2634 518 εἰς
2661 458 2744 508 τὸν
2795 454 2916 526 ἑῷον
2963 453 3264 528 ἐμϐαλόντες
3310 459 3395 508 καὶ
3425 459 3546 528 πρὸς
3573 465 3672 518 ταῖς
3709 468 3788 512 τοῦ
3821 463 3936 520 ἡλίου

655 550 913 608 exterius
950 563 1110 603 mare
1141 546 1320 616 longo
1351 551 1638 616 tempore,
1673 545 1974 618 variisque
2005 546 2305 602 erroribus

653 639 1016 694 circumiere.
1075 637 1349 690 Errorum
1401 635 1543 689 socii
1596 634 1744 690 fiunt
1792 635 2136 701 Carmanes,
2198 637 2308 690 Me-

651 727 852 783 niscus
900 731 955 780 et
991 724 1415 796 Azuliszatqne
1455 724 1514 778 in
1566 724 1747 780 Thule
1801 724 2056 797 denique
2109 724 2307 780 insula

649 817 965 872 stationem
1014 815 1250 869 interim
1291 829 1559 869 errorum
1604 814 1934 885 quamdam
1991 814 2307 870 constitue-

646 910 803 962 runt.
863 906 925 960 In
954 903 1065 959 hac
1105 904 1234 975 ipsa
1263 903 1460 958 insula
1503 919 1638 958 cum
1681 903 2006 974 Dercyllide
2037 905 2305 977 quadam

648 995 848 1050 Dinias
890 991 1384 1048 consuetudinem
1421 992 1670 1050 habuit:
1696 1009 1832 1066 quas
1859 1009 2072 1064 genere
2110 993 2303 1065 Tyria,

645 1088 700 1139 et
729 1082 904 1139 claris
935 1082 992 1136 in
1027 1097 1098 1136 ea
1128 1080 1275 1136 urbe
1308 1081 1610 1136 natalibus
1633 1087 1783 1147 orta,
1816 1098 1954 1137 cum
1985 1082 2160 1138 fratre
2189 1082 2303 1152 (20)

645 1171 930 1227 Mantinia
958 1170 1072 1225 hoc
1105 1169 1163 1224 in
1206 1168 1337 1225 loco
1375 1170 1750 1226 versabatur.
1802 1171 1948 1226 Cum
1981 1171 2080 1227 illa
2129 1171 2307 1240 igitur

645 1261 843 1316 Dinias
858 1259 1414 1329 consuescens,ejus
1426 1258 2302 1331 auditfratrisquejactationes,

644 1356 700 1406 et
745 1353 970 1422 quanta
1025 1347 1185 1404 mala
1229 1347 1496 1403 Paastius
1527 1347 1642 1419 (21)
1669 1347 1945 1420 quidam,
2000 1349 2306 1420 Egyptius

645 1437 1039 1502 sacriﬁculus,
1084 1435 1364 1493 intulerit.
1394 1437 1495 1492 Hic
1525 1437 1686 1492 enim
1719 1453 1857 1492 cum
1889 1441 2117 1493 vastata
2172 1438 2302 1508 ejus

642 1527 856 1599 patria,
913 1525 1135 1598 Tyrum
1182 1526 1519 1595 migrasset,
1568 1531 1624 1580 et
1653 1525 1912 1596 hospitio
1955 1531 2234 1597 acceptus
2269 1543 2304 1583 a

643 1615 991 1689 parentibus
1033 1615 1250 1670 horum
1291 1615 1563 1682 fratrum,
1614 1613 1907 1670 Mantiniae
1939 1619 2118 1687 atque
2174 1619 2304 1671 Der-

644 1705 892 1778 cyllidis,
922 1703 1248 1759 benevolus
1279 1703 1540 1775 primum
1566 1703 1626 1758 in
1657 1703 1810 1759 bene
1840 1703 1914 1759 de
1947 1719 2011 1759 se
2038 1705 2299 1771 meritos,

2417 546 2683 606 ἀνατολαῖς
2723 550 3002 618 γεγονότες,
3063 544 3284 597 ἐντεῦθέν
3345 565 3397 597 τε
3456 546 3614 617 κύκλῳ
3681 552 3762 605 τὴν
3821 549 3936 612 ἐκτός

2416 635 2760 710 περιελθόντες
2821 636 3089 687 θάλασσαν
3131 633 3179 686 ἐν
3227 638 3431 707 χρόνοις
3481 643 3680 708 μακροῖς
3730 642 3804 690 καὶ
3845 660 3939 690 ποι-

2415 725 2584 786 κίλαις
2657 725 2872 786 πλάναις
2929 742 2942 754 '
2988 725 3059 784 οἷς
3133 725 3530 795 συνεφάπτονται
3637 734 3722 786 τῆς
3782 727 3938 791 πλάνης

2418 816 2699 889 Καρμάνης
2728 820 2817 868 καὶ
2848 819 3116 874 Μηνίσκος
3162 817 3250 865 καὶ
3272 812 3529 876 ⁸Αζουλις.
3563 819 3772 866 Γίνονται
3798 813 3846 868 δε
3872 823 3940 869 καὶ

2415 903 2463 956 ἐν
2518 904 2687 976 Θούλη
2731 911 2792 976 τῇ
2874 909 3039 975 νήσῳ,
3119 902 3342 954 ἐνταῦθα
3379 905 3612 964 τέωςκαὶ
3683 906 3940 977 σταθμόν⁸⁶

2416 995 2588 1065 ὥσπερ
2643 1001 2738 1066 τῇς
2779 993 2977 1053 πλάνης
3030 994 3148 1044 τινὰ
3195 995 3502 1063 ποιούμενοι.
3569 991 3645 1043 Ἐν
3701 996 3842 1065 ταύτῃ
3891 1003 3937 1065 τῇ

2417 1083 2589 1154 Θούλη
2627 1086 2822 1144 Δεινίας
2871 1081 2986 1134 κατ’
3044 1084 3232 1156 ἔρωτος
3292 1085 3442 1152 νόμον
3489 1080 3643 1152 ὁμιλεῖ
3690 1080 3942 1154 Δερκυλλίδι

2415 1177 2516 1224 τινὶ
2559 1172 2868 1245 καλουμένῃ,
2918 1175 3029 1233 ἣτις
3080 1175 3210 1242 γένει
3266 1173 3355 1242 μὲν
3429 1171 3625 1241 ὑπῆρχε
3681 1175 3826 1244 Τυρία
3867 1181 3941 1222 τῶν

2414 1264 2550 1313 κατά
2578 1266 2670 1319 τὴν
2707 1261 2850 1313 πόλιν
2906 1256 3250 1334 εὐπατριδῶν,
3296 1256 3495 1330 ἀδελφῷ
3525 1261 3564 1294 37
3599 1255 3651 1311 δὲ
3677 1267 3814 1318 συνῆν
3863 1261 3943 1311 ὄνο-

2414 1371 2488 1422 μα
2547 1356 2819 1423 Μαντινίᾳ.
2897 1353 3069 1422 Ταύτῃ
3149 1354 3345 1411 Δεινίας
3419 1349 3600 1421 ὁμιλῶν
3659 1348 3944 1420 ἀναμανθάνει

2412 1446 2498 1496 τήν
2525 1460 2576 1492 τε
2626 1450 2723 1491 τῶν
2771 1436 3000 1512 ἀδελφῶν
3052 1437 3269 1503 πλάνην,
3325 1443 3416 1490 καὶ
3468 1439 3562 1490 ὅσα
3605 1440 3785 1498 Παάπις
3829 1439 3868 1472 ⁸⁸
3892 1457 3947 1496 τις

2417 1532 2576 1602 ἱερεὺς
2614 1530 2926 1601 Αἰγύπτιος,
2961 1537 3050 1588 τῆς
3095 1524 3354 1598 πατρίδος
3408 1527 3559 1579 αύτου
3605 1527 3946 1584 λεηλατηοείσης

2412 1623 2500 1670 καὶ
2548 1624 2875 1692 παροικήσας
2947 1620 3112 1690 Τύρον
3187 1621 3276 1668 καὶ
3325 1616 3656 1688 φιλοξενηθεὶς
3724 1617 3809 1666 ύπό
3871 1623 3946 1664 τῶν

2412 1712 2656 1759 τεκόντων
2702 1711 2823 1768 τοὺς
2881 1703 3134 1778 ἀδελφοὺς
3190 1703 3508 1779 Δερκυλλίδα
3571 1711 3653 1756 καὶ
3697 1709 3945 1764 Marrnara,

641 1795 1055 1866 familiamque
1105 1793 1257 1848 adeo
1299 1791 1646 1847 universam
1686 1807 1813 1847 esse
1853 1792 2295 1850 videretur:in-

2412 1801 2500 1846 καὶ
2533 1793 2690 1857 δόξας
2728 1798 2788 1847 τά
2840 1804 3021 1867 πρῶτα
3060 1799 3236 1856 εύνους
3287 1793 3416 1846 εἶναι
3462 1801 3564 1854 τοῖς
3593 1797 3846 1866 εὐεργέταις
3882 1795 3949 1840 καὶ

644 1883 920 1955 gentibus
959 1885 1170 1954 postea
1208 1879 1380 1937 malis
1417 1880 1691 1945 domum,
1735 1880 1966 1953 hosque
1999 1887 2054 1938 et
2092 1897 2299 1938 eorum

642 1977 918 2045 parentes
956 1971 1170 2028 affecit.
1212 1969 1403 2026 Refert
1439 1968 1656 2025 deinde
1695 1970 2004 2042 quomodo
2045 1971 2104 2026 in
2146 1971 2301 2027 Rho-

643 2060 811 2127 dum,
865 2065 998 2131 post
1035 2063 1235 2114 tantas
1275 2056 1516 2114 familiaa
1569 2055 1957 2124 calamitates,
2001 2074 2138 2113 cum
2192 2058 2302 2114 fra-

645 2154 728 2203 tre
752 2148 1015 2203 abducta
1031 2148 1124 2212 sit,
1149 2146 1405 2219 indeque
1421 2145 1482 2201 in
1499 2147 1728 2201 Cretam
1750 2160 1946 2202 errore
1963 2147 2162 2203 delata
2182 2147 2303 2203 fue-

644 2237 734 2302 rit,
769 2253 907 2293 mox
938 2236 1014 2292 ad
1043 2235 1379 2308 Tyrrhenos
1411 2241 1466 2291 et
1497 2251 1736 2290 rursum
1769 2234 1908 2291 inde
1939 2236 2012 2292 ad
2044 2237 2302 2292 Cimme-

642 2325 786 2391 rios,
855 2342 1008 2398 quos
1063 2326 1395 2390 nominant,
1451 2329 1633 2397 utque
1695 2323 1856 2394 apud
1915 2324 2027 2380 hos
2079 2324 2299 2382 inferos

644 2415 940 2488 spectarit,
975 2419 1031 2470 et
1060 2430 1269 2470 eorum
1299 2413 1507 2478 multa,
1533 2429 1670 2485 quae
1703 2413 1925 2468 ibidem
1948 2419 2105 2480 sunt,
2152 2415 2300 2471 didi-

640 2503 1031 2576 ceritzMyrto
1080 2502 1372 2574 magistra
1419 2519 1554 2570 usa,
1609 2503 1822 2574 1090
1871 2519 1979 2560 sua
2031 2504 2299 2576 quadam

640 2592 986 2666 pedisequa,
1048 2608 1184 2664 quae
1231 2591 1375 2648 olim
1433 2591 1554 2647 vita
1602 2591 1851 2655 abierat,
1902 2597 1958 2648 et
2018 2608 2054 2648 a
2111 2599 2298 2649 morte

639 2681 950 2738 dominam
988 2680 1264 2737 docebat.

713 2771 846 2825 Haec
864 2771 1062 2842 itaque
1083 2785 1322 2825 narrare
1339 2768 1548 2841 incipit
1571 2770 1770 2824 Dinias
1795 2769 2037 2842 Cymbaa
2055 2771 2296 2827 cuidam

638 2861 902 2925 nomine,
935 2859 1119 2914 domo
1147 2857 1417 2922 Arcadia,
1445 2873 1625 2930 quem
1651 2874 1973 2914 commune
2001 2859 2297 2915 Arcadum

638 2950 898 3019 legatum
955 2950 1196 3004 miserat
1220 2950 1462 3019 Tyrum,
1508 2946 1739 3002 Diniam
1770 2946 1852 3003 ibi
1878 2954 2176 3017 rogantes,
2235 2952 2299 3004 ut

639 3039 716 3096 ad
744 3040 913 3112 ipsos
944 3039 1003 3094 in
1030 3038 1284 3110 patriam
1315 3052 1490 3093 suam
1520 3036 1759 3094 rediret.
1799 3040 1871 3093 At
1899 3038 2189 3110 quoniam
2213 3038 2297 3105 ip-

638 3144 772 3183 sum
797 3128 924 3198 jam
951 3126 1146 3197 gravis
1173 3125 1319 3181 senii
1349 3129 1492 3182 aetas
1523 3126 1898 3197 prohibebat,
1931 3126 2174 3195 ﬁngitur
2197 3127 2292 3183 hic

635 3217 869 3281 referre,
899 3222 1025 3272 tum
1054 3232 1124 3271 ea
1153 3231 1288 3287 qua:
1316 3214 1569 3286 ipsemet
1601 3216 1902 3272 erroribus
1926 3215 2182 3286 jactatus
2212 3217 2292 3272 vi-

636 3306 826 3369 derat,
855 3310 980 3360 tum
1005 3321 1137 3376 quae
1165 3305 1243 3360 ab
1270 3303 1399 3360 aliis
1424 3310 1750 3375 conspecta
1775 3313 2106 3376 acceperat,
2140 3323 2294 3377 qua:-

636 3409 754 3466 que
802 3410 838 3450 a
878 3393 1200 3464 Dercyllide
1238 3393 1294 3448 in
1328 3393 1509 3450 Thule
1559 3399 1798 3450 narrata
1845 3393 2170 3450 didicerat:
2199 3412 2295 3452 su-

634 3483 992 3555 pradictum,
1009 3483 1279 3554 inquam,
1304 3483 1432 3553 ejus
1449 3498 1728 3546 errorem,
1752 3489 1931 3555 utque
1956 3489 2092 3555 post
2114 3501 2291 3540 suum

636 3571 734 3628 illa
760 3572 1014 3628 reditum
1044 3571 1121 3628 ab
1148 3571 1368 3636 inferis,
1398 3588 1536 3627 cum
1569 3571 1792 3642 Ceryllo
1817 3579 1873 3628 et
1896 3575 2120 3629 Astraeo
2150 3574 2292 3646 (jam

635 3662 795 3717 enim
822 3679 858 3718 a
883 3661 1056 3718 fratre
1087 3668 1392 3733 segregata
1419 3661 1564 3731 erat)
1598 3659 1675 3716 ad
1701 3662 1934 3717 Sirenes
1961 3663 2183 3718 venerit
2205 3680 2292 3719 se-

634 3751 1180 3822 pulcrum;etquae
1217 3766 1457 3806 rursum
1504 3749 1639 3822 ipsa
1670 3766 1740 3806 ex
1767 3751 1972 3807 Astraei
2017 3767 2291 3808 sermone

633 3841 978 3911 cognoverit
1006 3839 1078 3894 de
1109 3839 1478 3911 Pythagora,
1507 3844 1563 3894 et
1586 3840 1930 3897 Mnesarcho
1952 3859 1964 3896 :
1985 3841 2187 3914 qualia
2214 3842 2288 3897 vi-

631 3929 830 3986 cissim
882 3930 1140 3984 Astraeus
1168 3943 1240 3983 ex
1270 3927 1562 3986 Philotide
1592 3927 1881 3996 didicerit,
1910 3936 1965 3987 et
1997 3931 2057 3986 in
2103 3930 2290 3987 oculis

631 4020 819 4091 ipsius
872 4024 1193 4091 spectrum,
1237 4016 1555 4090 visumque
1599 4018 1775 4090 plane
1828 4018 2291 4076 fabulosum:et

629 4123 1027 4180 quascunque
1047 4122 1285 4162 rursum
1311 4107 1587 4180 Dercyllis
1610 4107 1686 4164 ad
1714 4124 1854 4164 suos
1877 4125 2112 4164 reversa
2133 4125 2289 4166 erro-

628 4213 723 4252 res
765 4196 977 4261 retulit,
1010 4203 1071 4251 ut
1102 4195 1158 4251 in
1209 4195 1524 4252 hominum
1575 4197 1866 4254 civitatem
1910 4198 2180 4254 inciderit
2227 4199 2285 4254 in

629 4286 838 4350 Iberia,
867 4284 968 4356 qui
1001 4290 1179 4341 noctu
1202 4285 1448 4357 quidem
1479 4285 1740 4342 viderent
1764 4303 1777 4342 :
1804 4286 2059 4344 interdiu
2086 4293 2286 4344 autem

627 4373 891 4444 quotidie
947 4375 1304 4430 caecutirent.
1358 4376 1498 4440 Qum
1541 4375 1680 4431 item
1715 4375 1797 4431 ibi
1828 4381 2086 4432 Astraeus
2144 4379 2286 4434 tibia

628 4477 873 4528 canens,
926 4462 1193 4519 hostibus
1247 4479 1450 4519 eorum
1509 4463 1725 4529 fecerit,
1782 4469 1959 4537 utque
2009 4467 2284 4522 benevoli

2411 1884 2508 1956 ὅλῳ
2653 1888 2798 1956 οἴκῳ,
2831 1888 2962 1956 μετά
3001 1891 3166 1936 ταῦτα
3208 1886 3312 1936 ὅσα
3358 1885 3493 1936 κατά
3539 1889 3621 1934 τόν
3651 1902 3698 1934 τε
3729 1880 3846 1933 οἷκον
3882 1884 3949 1929 καὶ

2411 1973 2597 2033 αύτούς
2626 1977 2714 2024 καὶ
2746 1973 2913 2024 αὐτῶν
2970 1978 3151 2043 γονέας
3197 1973 3482 2047 εἰργάσατο
3537 1991 3548 2002 ο
3595 1973 3717 2030 ὅπως
3763 1970 3819 2028 εἰς
3869 1967 3949 2018 Ῥό-

2413 2059 2502 2114 δον
2531 2061 2630 2114 ἀπὸ
2680 2070 2773 2123 τῆς
2803 2064 2937 2114 κατά
2981 2066 3066 2113 τόν
3124 2059 3260 2114 οἶκον
3313 2068 3581 2135 συμφορᾶς
3637 2064 3720 2111 σύν
3749 2067 3809 2128 τῷ
3836 2052 3950 2108 ἀδελ.-

2412 2159 2487 2223 φῲ
2538 2149 2783 2221 ἀπήχθη,
2836 2149 3068 2202 κάκεῖθεν
3125 2153 3196 2212 εἰς
3279 2157 3488 2224 Κρητην
3561 2148 3816 2209 ἐπλανήθη,
3865 2142 3950 2195 εἶτα

2411 2239 2476 2299 εἰς
2524 2238 2834 2313 Τυρρηνούς,
2899 2238 3164 2291 κάντεῦθεν
3224 2239 3290 2299 εἰς
3374 2244 3680 2311 Κιμμερίους
3727 2237 3841 2287 οὕτω
3881 2253 3948 2282 κα-

2408 2327 2679 2399 λουμένους
2717 2346 2729 2356 ·
2758 2333 2848 2379 καὶ
2880 2331 2943 2388 ὡς
2973 2330 3037 2379 τὰ
3064 2327 3110 2379 ἓν
3149 2325 3314 2400 ’ᾍδου
3378 2329 3499 2400 παρ’
3551 2327 3718 2386 αύτοῐς
3770 2319 3859 2374 ἰδοι
3883 2324 3948 2370 καὶ

2407 2415 2571 2468 πολλὰ
2600 2425 2696 2469 τῶν
2737 2415 2899 2468 ἐκεῖσε
2947 2419 3128 2488 μάθοι,
3185 2413 3500 2488 διδασκάλῳ
3578 2415 3802 2489 χρωμένη
3843 2412 3952 2479 Μῦρο

2409 2506 2552 2576 rgo”
2602 2503 2932 2578 θεραπαινίδι
3011 2506 3195 2578 οἰκείᾳ,
3279 2506 3443 2558 πάλαι
3516 2508 3596 2557 τὸν
3658 2503 3761 2575 βίον
3813 2497 3951 2551 ἀπόλι·

2407 2597 2578 2667 πούση
2630 2599 2718 2647 καὶ
2762 2593 2814 2646 ἐκ
2864 2604 2962 2646 τῶν
3020 2604 3207 2669 νεκρῶν
3272 2599 3368 2654 τὴν
3427 2591 3695 2648 δέσποιναν
3743 2583 3952 2642 ἀναδιδα-

2411 2686 2611 2756 σκούση
2625 2723 2636 2735 .

2481 2773 2607 2846 [357
2640 2772 2732 2846 3.]
2778 2781 2958 2826 Ταῦτα
2995 2779 3164 2825 τοίνυν
3211 2773 3513 2849 ἀπάρχεται
3568 2775 3751 2832 Δεινίας
3789 2765 3951 2837 διηγεῖ-

2410 2865 2533 2915 σθαι
2590 2863 2775 2935 Κύμϐα
2816 2868 2917 2916 τινὶ
2971 2865 3182 2935 ὀνόματι
3232 2862 3286 2926 ἐξ
3327 2859 3616 2936 Ἀρκαδίας
3657 2854 3890 2931 πατρίδος,
3913 2853 3952 2904 ὃν

2410 2952 2620 3004 στείλειε
2675 2957 2731 3004 τό
2789 2957 2957 3004 κοινόν
3039 2962 3136 3004 τῶν
3183 2951 3460 3027 Ἀρκάδων
3502 2951 3545 3012 ἐς
3599 2954 3769 3021 Τύρον,
3819 2944 3952 2996 αἰτού-

2407 3061 2548 3113 μενοι
2605 3046 2798 3093 Δεινίαν
2865 3045 2993 3115 πρὸς
3047 3041 3236 3102 αύτούς
3277 3061 3331 3094 τε
3396 3047 3485 3093 καὶ
3539 3035 3759 3112 πατρίδα
3809 3034 3952 3086 ἐπανα-

2479 3129 2530 3146 -ν
2643 3129 2653 3148 ν
2685 3138 2694 3147 .
2766 3135 2774 3148 ι
2849 3136 2854 3144 π
2957 3130 2968 3146 s
3019 3134 3026 3142 -
3153 3135 3162 3145 ς
3289 3133 3299 3144 ι
3510 3138 3526 3144 ..
3622 3136 3629 3142 ι
3768 3124 3777 3136 “
3827 3122 3878 3152 ’⁸,

2409 3131 2606 3192 ζευςαι.
2661 3137 2782 3182 lam
2811 3127 2868 3182 δε
2909 3151 3062 3182 αυτον
3112 3150 3169 3183 το
3226 3129 3394 3203 βάρος
3439 3151 3528 3182 του
3571 3148 3734 3202 γηρως
3761 3139 3948 3180 imi-’5'»

2407 3219 2672 3290 εεσάγεται
2750 3216 3091 3291 διηγούμενος
3153 3221 3282 3292 οἷπερ
3359 3241 3413 3272 τε
3487 3219 3635 3280 αύτός
3705 3213 3822 3266 κατα
3881 3215 3949 3263 τὴν

2405 3306 2600 3364 πλάνην
2652 3310 2888 3360 θεάσοιτο
2961 3310 2988 3367 ἦ
3055 3314 3143 3361 καὶ
3210 3309 3376 3361 ἄλλων
3412 3311 3722 3378 θεασαμένων
3777 3301 3943 3358 ἀκήκοε,

2403 3401 2488 3446 καὶ
2550 3395 2583 3448 ἆ
2616 3396 2947 3470 Δερκυλλίὸος
3003 3397 3050 3449 ἐν
3128 3399 3299 3471 Θούλῃ
3358 3395 3703 3470 διηγουμένης
3757 3388 3946 3461 ἀνέμαθίι

2402 3484 2529 3556 λέγω
2580 3483 2645 3544 δὴ
2682 3493 2773 3545 τόν
2824 3507 2874 3540 τε
2930 3491 2978 3523 ⁹⁰
3034 3493 3415 3563 προειρημένην
3471 3487 3660 3543 πλάνην
3704 3478 3946 3542 “afﬁni

2403 3577 2535 3635 ὅπως
2561 3578 2690 3648 μετὰ
2713 3583 2805 3634 τὴν
2850 3575 2902 3639 ἐξ
2942 3574 3107 3639 ’ᾼδου
3165 3577 3328 3639 αὐτῆς
3381 3577 3716 3648 ἀναχώρησιν
3769 3573 3845 3622 σὺν
3865 3573 3949 3620 Κη-

2400 3664 2565 3736 ρύλλῳ
2597 3672 2684 3718 καὶ
2746 3667 3029 3740 Ἀστραίῳ,
3083 3663 3189 3724 ἤδη
3250 3676 3344 3720 τοῦ
3401 3670 3444 3702 ⁹¹
3505 3663 3717 3736 ἀδελγού
3764 3657 3946 3711 διασπα-

2403 3756 2610 3820 σθεῖσα,
2642 3753 2725 3806 ἕπι
2752 3759 2836 3807 τόν
2885 3763 3122 3831 Σειρηνης
3155 3755 3400 3829 ἀφίκοντο
3443 3759 3491 3791 ³³
3543 3756 3694 3826 τάφον
3723 3769 3733 3780 °
3775 3751 3848 3799 καὶ
3871 3745 3947 3794 ὅσα

2400 3842 2551 3894 πάλιν
2622 3844 2750 3902 αύτὴ
2801 3843 2852 3908 ἐξ
2892 3845 3174 3919 Ἀστραίου
3229 3845 3464 3917 λέγοντος
3514 3849 3718 3904 ἤκουσε,
3779 3839 3945 3906 περίτι

2401 3934 2706 4004 Πυθαγόρου
2749 3939 2880 4006 φημὶ
2927 3939 3014 3986 καὶ
3065 3937 3395 4007 Μνησάρχου
3450 3953 3462 3966 ο
3509 3935 3592 3986 οἶά
3645 3950 3693 3984 τε
3717 3917 3942 3982 Φιλώτιδος

2397 4021 2554 4082 αύτός
2604 4023 2878 4098 Ἀστραῖος
2949 4028 3163 4088 ἤκουσε,
3205 4028 3293 4075 καὶ
3350 4028 3409 4077 τό
3468 4025 3604 4076 κατά
3647 4024 3756 4079 τοὺς
3803 4013 3942 4084 ἀνθαλ-

2397 4116 2521 4182 μούς
2552 4115 2598 4146 9³
2628 4112 2786 4164 αύτού
2849 4111 3091 4184 μυθῶδες
3147 4115 3312 4186 θέαμα
3345 4136 3356 4148 ·
3425 4119 3514 4165 καὶ
3565 4114 3664 4164 ὅσα
3708 4103 3832 4162 αὖθις
3859 4108 3941 4170 Δεῖν

2397 4201 2566 4261 κυλλὶς
2633 4202 2712 4253 ἐπὶ
2762 4209 2853 4260 τὴν
2904 4203 3095 4254 οἰκείαν
3157 4202 3445 4255 ἐπανιοῦσα
3511 4202 3698 4256 πλάνην
3736 4196 3940 4261 ἀπήγγελ-

2395 4289 2493 4353 λεν,
2528 4292 2594 4352 ὡς
2636 4296 2903 4365 περιπέσοι
2952 4291 3233 4368 ἀνθρώπων
3266 4292 3413 4345 πόλει
3449 4295 3585 4344 κατά
3628 4294 3713 4346 τὴν
3740 4282 3936 4353 Ἰϐηρίαν,

2395 4379 2442 4430 οἱ
2475 4379 2639 4452 ἐώρων
2665 4383 2753 4452 μὲν
2782 4379 2828 4432 έν
2858 4387 3024 4443 νυκτὶ,
3059 4381 3238 4454 τυφλοὶ
3286 4379 3344 4434 δε
3378 4384 3476 4434 3πό
3519 4383 3685 4452 ἡμέρᾳ
3726 4375 3884 4438 ἑκάστη
3906 4365 3941 4396 θ’

2395 4467 2696 4541 ἐτύγχανον·
2722 4475 2811 4522 καὶ
2863 4472 2961 4522 ὅσα
2995 4469 3096 4522 ἐκεῖ
3141 4471 3418 4542 Ἀστραῖος
3474 4471 3637 4522 αύλῶν
3685 4473 3780 4524 τοῖς
3831 4472 3943 4510 πολε·

627 4550 764 4607 inde
785 4550 1014 4606 dimissi
1040 4552 1100 4607 in
1123 4552 1310 4608 Celtas
1338 4553 1668 4618 inciderint,
1694 4535 1930 4623 gentem
1955 4555 2282 4612 immanem

2393 4563 2528 4630 μίοις
2581 4558 2779 4611 ἐκείνων
2851 4560 3150 4632 εἰργάσατο.
3233 4565 3331 4613 Καὶ
3395 4562 3462 4622 ὡς
3536 4559 3782 4631 ἀφεθέντες
3830 4546 3942 4616 ‘99"

628 4657 698 4696 ac
725 4640 1024 4706 stolidam,
1058 4657 1212 4714 quos
1237 4641 1295 4696 in
1321 4643 1490 4715 equis
1520 4641 1636 4715 ipsi
1665 4641 1997 4712 effugerint,
2029 4659 2282 4716 quaeque

626 4729 686 4784 in
719 4735 946 4786 mutato
977 4746 1271 4803 equorum
1308 4731 1503 4787 colore
1534 4731 1851 4788 acciderint
1885 4747 1896 4786 :
1934 4737 1998 4786 ut
2028 4732 2166 4789 hinc
2207 4735 2279 4790 ad

626 4817 955 4889 Aquitanos
979 4819 1359 4890 penetrarint,
1377 4826 1752 4892 quantosque
1770 4820 2025 4877 honores
2045 4821 2127 4877 ibi
2146 4822 2281 4879 ade-

623 4908 707 4978 pti
754 4907 872 4961 sint
900 4907 1191 4978 Dercyllis
1223 4912 1402 4980 atque
1451 4907 1834 4980 Ceryllus;et
1859 4910 1972 4967 hoc
2021 4912 2280 4983 amplius

620 5000 902 5063 Astraeus,
951 4995 1115 5068 quod
1144 4997 1460 5053 oculorum
1501 5013 1750 5055 suorum
1780 4999 2148 5057 incremento
2194 5007 2280 5058 at-

2392 4657 2483 4708 νῶς
2534 4647 2716 4702 ἐκεῖθεν
2789 4654 3208 4725 περιπεπτώκασι
3273 4658 3384 4711 τοῖς
3455 4649 3659 4708 Κελτοῖς
3711 4646 3771 4707 9⁵,
3843 4637 3942 4687 ἔθνει

2392 4737 2514 4808 ὠμῴ
2544 4743 2631 4789 καὶ
2663 4738 2865 4809 ἠλιθίῳ,
2916 4740 3094 4800 ἵπποις
3145 4759 3197 4790 τε
3226 4738 3419 4799 αύτούς
3470 4737 3725 4809 ἐξέφυγον,
3770 4732 3844 4780 καὶ
3869 4739 3944 4774 om

2391 4825 2568 4886 αύτοίς
2599 4832 2714 4900 περὶ
2746 4836 2839 4889 τῆς
2873 4829 3004 4878 κατά
3053 4832 3144 4885 τὴν
3194 4832 3362 4898 χρόαν
3419 4836 3520 4879 τῶν
3575 4828 3733 4876 ἵππων
3781 4813 3943 4868 ἐναλλα-

2387 4924 2489 4985 γῆς
2541 4914 2777 4986 ἐγεγόνει.
2833 4916 3007 4976 ”Οπως
3051 4936 3100 4968 τε
3145 4919 3280 4969 κατά
3339 4921 3459 4978 τοὺς
3520 4912 3814 4967 Ἀκυτανοὺς
3863 4901 3942 4969 ἐγέ-

2387 5023 2550 5070 νοντο,
2620 5011 2707 5057 καὶ
2759 5006 2866 5065 οἵας
2928 5004 3032 5057 ἐκεῖ
3111 5014 3265 5077 τιμῆς
3325 5007 3454 5078 [186
3525 5003 3619 5076 Η.]
3683 4996 3943 5054 ἀπήλαυσαν

1963 5161 2197 5217 VARIE
2241 5163 2643 5221 LECTIONES.

687 5308 732 5390 εξ
785 5310 875 5358 καὶ
929 5307 1161 5390 σταθμόν
1206 5339 1273 5349 --
1330 5312 1629 5382 ποιούμενοι
1685 5310 1767 5364 ΑΞ
1831 5311 2084 5384 σταθμίον
2137 5345 2204 5354 -
2260 5319 2541 5388 ποιούμενα
2596 5339 2649 5380 ς’.
2729 5317 2775 5352 ⁸⁷
2836 5314 3028 5390 ἀδελφῇ
3102 5341 3156 5383 ς’.

1043 5380 1088 5412 ⁸⁹
1115 5381 1365 5462 Μύρθῳῃς·
1442 5375 1700 5462 Scaliger
1725 5375 1976 5462 Μνρτόζί
2038 5387 2090 5462 Α⁹⁰
2123 5405 2174 5462 τε
2230 5387 2372 5462 add.
2409 5375 2494 5462 VIA.
2575 5375 2746 5462 “iro-5
2779 5405 2900 5444 om.
3061 5375 3126 5462 9’:
3160 5389 3401 5462 ἀφίκοντο
3435 5375 3826 5461 δρόετᾶρὺωη
3848 5375 3945 5429 εἷθ’

2317 5461 2363 5494 9⁸
2397 5461 2594 5535 ἡμέραν
2622 5459 2849 5518 ἑκάστην
2881 5483 2935 5525 ς’.

614 5379 871 5439 παάστιός
910 5398 963 5441 ς’.

615 5449 800 5521 phani
829 5465 841 5503 :
877 5449 1136 5519 ἀφίκοιντο
1169 5472 1224 5516 ς.
1276 5449 1350 5488 ³³
1384 5449 1678 5527 ὀφθαλμοὺς
1707 5457 1750 5508 Α
1781 5473 1793 5507 :
1826 5449 2081 5527 ’ἀδελφοὺς
2113 5460 2151 5513 Ο
2184 5479 2238 5521 ς,

3235 5320 3280 5355 ⁸⁸
3334 5316 3566 5391 Παάπις]
3617 5302 3942 5391 Παᾷπιόςτξξῖ

3015 5462 3061 5496 9⁵
3096 5460 3300 5536 βελτοίς
3324 5472 3390 5521 Α.

2198 5585 2240 5638 Ν
2249 5585 2422 5641 ΟΤᾸΕ.

685 5706 795 5780 (20)
826 5701 1030 5779 ἀδελφῷ
1059 5706 1378 5779 legendum
1411 5712 1627 5768 docent
1653 5714 1980 5786 sequentia.

2457 5719 2569 5789 (21)
2597 5718 2707 5784 Qui
2735 5720 2952 5790 Paapis
2989 5721 3271 5796 deinceps
3301 5725 3592 5798 perpetuo
3621 5710 3941 5775 nominatur-
