4136 6216
253 327 362 388 469

1418 323 1914 384 BlBLIOTHECA.
1954 353 2024 364 —
2063 323 2220 380 COD.
2255 323 2486 380 CLXVI.

3523 311 3628 374 Πὸ

253 456 522 532 Δερκυλλίς
547 473 608 510 τε
649 459 740 510 καὶ
779 455 1064 530 Κήρυλλος,
1097 457 1187 509 καὶ
1235 455 1308 508 ἔτι
1348 453 1538 528 μᾶλλον
1584 452 1852 525 Ἀστραῖος

1968 465 2084 522 que
2109 449 2514 516 decremento,
2545 447 2701 504 lunae
2731 463 2972 522 quoque
3003 445 3343 517 designaret
3374 445 3628 500 alterna-

253 555 310 620 τῇ
377 553 494 620 περὶ
567 551 685 608 τοὺς
743 547 962 607 οἰκείους
1018 544 1310 618 ὀφθαλμοὺς
1367 543 1710 616 αὑξομειώσει
1764 543 1860 604 τας

255 637 554 700 σεληνιακάς
617 641 884 708 σημαίνων
935 635 1321 708 αὖξομειώσεις,
1353 638 1444 686 καὶ
1494 633 1628 684 λύων
1683 628 1856 706 ἔριδος

255 729 364 786 τοὺς
409 725 578 778 ἐκεῖσε
635 731 754 800 περὶ
799 733 892 786 τῆς
945 724 1119 797 ἀρχῆς
1170 723 1430 796 βασιλεῖς,
1469 723 1520 775 οἱ
1568 719 1664 774 δύο
1725 725 1858 781 ὅντες

255 819 382 868 κατὰ
411 819 727 868 τὰτοιαῦτα
755 824 851 877 τῆς
894 815 1110 874 σελήνης
1154 815 1298 870 πάθη
1345 811 1573 870 ἀλλήλων
1619 810 1858 862 ἀντικαθ-

261 909 454 958 ίσταντο
507 902 788 977 διάδοχοι·
832 901 907 957 δι’
955 903 992 956 οἷ
1017 907 1108 956 καὶ
1148 903 1173 956 ό
1217 905 1381 956 ἐκεῖσε
1413 897 1584 974 δῆμος
1612 907 1718 960 τοῖς
1741 904 1858 974 περὶ

261 995 528 1066 ’Δστραῖον
561 997 803 1067 ἔχαιρον.

327 1085 583 1136 Ἐντεῦθεν
652 1082 1020 1156 ἐπιμυθεύεται
1077 1083 1215 1144 ὅπως
1257 1082 1324 1134 τά
1365 1099 1420 1133 τε
1471 1078 1601 1132 ἄλλα
1639 1079 1858 1154 Δερκυλ-

255 1171 328 1234 λὶς
369 1169 476 1224 εἷδέ
519 1191 574 1224 τε
619 1177 706 1224 καὶ
753 1174 1026 1244 ὑπήνεγκε,
1059 1175 1146 1224 καὶ
1173 1173 1236 1231 ὡς
1267 1169 1316 1222 ἓν
1347 1169 1654 1242 Ἀρτάϐροις
1683 1169 1853 1241 ἢχθη,

253 1261 308 1314 οὗ
361 1269 615 1332 γυναῖκες
667 1265 758 1334 μεν
807 1262 1141 1334 πολεμοῦσιν,
1205 1257 1390 1334 ἄνδρες
1445 1256 1505 1312 δι
1553 1259 1856 1332 οἰκουροῦσι

251 1355 338 1402 καὶ
379 1353 448 1402 τὰ
493 1358 758 1420 γυναικῶν
808 1350 1182 1420 ἐπιμελοῦνται.
1213 1349 1329 1404 Ἐπὶ
1371 1351 1568 1408 τούτοις
1602 1350 1686 1400 οἶα
1723 1349 1859 1400 κατά

251 1443 366 1500 τοὺς
408 1439 702 1510 Ἀστύρους
745 1443 802 1492 τὸ
851 1442 992 1500 ἔθνος
1035 1439 1164 1512 αὐτῇ
1220 1459 1275 1492 τε
1313 1443 1400 1490 καὶ
1445 1437 1693 1510 Κηρύλλῳ
1741 1457 1858 1489 συν-

249 1531 494 1600 εκύρησε,
551 1533 642 1580 καὶ
695 1531 769 1580 ἔτι
842 1531 942 1581 ὅσα
1002 1525 1146 1588 ἰδίως
1208 1527 1470 1600 Ἀστραίῳ
1535 1529 1856 1598 συνηνέχθη,

245 1623 334 1669 καὶ
387 1621 458 1678 ὡς
509 1617 634 1690 παρ’
677 1615 896 1679 ἐλπίδας
955 1621 1124 1677 πάσας
1175 1621 1296 1678 τοὺς
1348 1616 1400 1668 ἐν
1445 1615 1722 1689 Ἀστύροις
1764 1635 1860 1667 συ-

245 1713 410 1779 χνοὺς
459 1703 742 1767 κινδύνους
791 1707 1150 1780 ἐκπεφευγότες
1201 1699 1464 1779 Κήρυλλος
1511 1709 1603 1757 σὺν
1645 1704 1858 1778 Δερκυλ-

1970 539 2178 608 tiones,
2196 538 2480 611 quodque
2503 537 2948 594 contentionem
2972 537 3292 600 dirimeret,
3310 535 3462 590 duos
3476 534 3626 590 inter

1967 643 2135 696 reges
2161 628 2234 684 de
2262 628 2600 700 principatu
2649 627 3096 691 contendentes,
3129 624 3232 695 qui
3264 625 3434 696 juxta
3477 623 3624 678 tales

1966 717 2122 773 lunae
2153 717 2582 772 vicissitudines
2615 716 2868 771 invicem
2903 714 3308 770 succedebant
3336 714 3390 767 in
3441 712 3626 784 impe-

1964 807 2074 874 rio,
2101 811 2160 862 ut
2207 807 2286 862 ob
2336 807 2450 860 ista
2502 807 2680 862 etiam
2729 804 2955 877 populo
2985 803 3066 858 illi
3111 805 3368 858 Astraeus
3401 799 3622 856 charus

1967 900 2370 967 acceptusque
2402 894 2596 950 fuerit.

2036 1074 2244 1127 Narrat
2273 1073 2485 1142 praeter
2515 1070 2643 1125 haec
2675 1068 2893 1132 Dinias,
2935 1067 3266 1140 Dercyllida
3315 1082 3452 1122 cum
3505 1065 3622 1124 alia

1962 1160 2183 1216 vidisse
2209 1165 2386 1231 atque
2417 1159 2748 1232 pertulisse,
2781 1162 2910 1212 tum
2943 1161 3007 1212 ut
3048 1156 3122 1212 ad
3169 1155 3454 1211 Artabros
3506 1157 3620 1229 (22)

1964 1250 2315 1322 pervenerit,
2363 1250 2466 1304 ubi
2509 1249 2746 1304 feminas
2787 1246 2943 1302 bella
2991 1249 3223 1317 gerunt,
3266 1245 3375 1299 viri
3421 1248 3621 1300 autem

1965 1339 2214 1394 domum
2262 1339 2624 1402 custodiunt,
2659 1353 2729 1392 ac
2759 1335 3076 1392 muliebria
3104 1347 3362 1406 quaeque
3397 1333 3623 1389 obeunt

1966 1428 2158 1484 ofﬁcia
2186 1444 2348 1500 :quae
2371 1429 2510 1483 item
2537 1427 2700 1498 apud
2725 1428 3005 1481 Asturum
3041 1429 3276 1494 gentem
3299 1423 3408 1495 ipsi
3429 1423 3622 1495 Ceryl-

1965 1517 2142 1586 loque
2176 1519 2545 1588 contigerint,
2572 1522 2626 1572 et
2654 1532 2782 1587 quae
2813 1517 3038 1570 Astraeo
3065 1529 3305 1586 quoque
3339 1513 3620 1585 privatim

1967 1607 2287 1663 acciderint
2320 1625 2332 1663 :
2359 1613 2541 1680 utque
2584 1610 2789 1678 praeter
2819 1619 3062 1659 omnem
3097 1617 3266 1674 spem
3293 1602 3622 1673 frequentia

1967 1707 2126 1780 apud
2147 1709 2389 1760 Asturos
2411 1697 2668 1774 pericula
2687 1711 2824 1750 cum
2843 1692 3192 1762 effugissent
3210 1691 3467 1762 Ceryllus
3482 1707 3620 1746 cum

243 1793 354 1848 λίδι
397 1801 496 1854 τήν
541 1793 699 1854 δίκην
746 1799 904 1868 ὅμως,
940 1799 1000 1856 ἦν
1047 1793 1374 1868 ἀδικήματος
1415 1795 1638 1847 παλαιοῦ
1683 1795 1852 1866 ὠφλη-

1967 1794 2318 1868 Dercyllide,
2351 1803 2596 1862 pmnam
2621 1791 2824 1840 tamen
2847 1783 2964 1846 ille,
3001 1783 3216 1852 110a
3270 1796 3456 1852 quam
3507 1781 3622 1868 im-

241 1891 342 1946 κὼς
405 1883 716 1956 ἐτύγχανεν,
763 1885 856 1938 οὐκ
907 1884 1179 1957 ἀπέφυγεν,
1233 1883 1362 1936 ἀλλά
1407 1887 1549 1956 παρὰ
1603 1880 1759 1946 δόξαν
1808 1885 1855 1918 ³⁸

239 1981 418 2028 πᾶσαν
483 1977 548 2034 ὡς
603 1973 774 2032 ἐσώθη
833 1983 934 2026 τῶν
991 1971 1264 2042 κινδύνων,
1299 1974 1433 2026 οὕτω
1481 1978 1569 2025 καὶ
1622 1972 1857 2046 ἐκρεουρ-

236 2067 404 2134 γήθη.
445 2067 598 2117 Μετά
651 2071 818 2116 ταῦτα
866 2064 950 2116 οἵα
998 2067 1131 2116 κατά
1181 2067 1274 2122 τὴν
1313 2062 1537 2117 Ἰταλίαν
1586 2069 1674 2114 xui
1717 2071 1856 2114 Σικε-

233 2151 352 2204 Πεεν
423 2153 736 2223 πλανωμένη
815 2151 1084 2218 ἐθεάσατο,
1143 2157 1232 2204 καὶ
1298 2155 1362 2212 ὡς
1420 2150 1468 2202 ἐν
1529 2157 1715 2224 Ἔρυκι
1773 2173 1851 2224 γε·

231 2247 422 2314 νομένη
511 2241 660 2294 πόλει
744 2241 971 2303 Σικελίας
1072 2240 1484 2313 συλλαμϐάνεται
1563 2246 1653 2293 καὶ
1727 2247 1854 2316 πρὸς

235 2328 618 2404 Αἰνησίιῖημον
649 2333 698 2366 ⁸⁷
749 2329 1031 2404 (ἐτυράννει
1071 2327 1128 2383 δι
1180 2335 1294 2383 τότε
1350 2335 1632 2384 Λεοντίνων
1679 2331 1848 2401 οὗτος)

229 2419 526 2490 ἀπάγεται.
566 2421 653 2473 Ἐν
815 2420 969 2472 πάλιν
1038 2417 1278 2473 Παάπιδι
1335 2427 1404 2490 τῷ
1475 2419 1849 2493 τρισαλιτηρίῳ

229 2515 544 2584 περιπίπτει
593 2517 666 2580 τῷ
707 2517 1042 2584 τυραννοῦντι
1098 2514 1322 2574 συνόντι,
1356 2515 1443 2562 καὶ
1495 2519 1592 2571 τῆς
1651 2507 1848 2584 ἀπροσ-

227 2594 472 2656 δοκήτου
531 2605 808 2670 συμφορᾶς
879 2597 1176 2652 ἀνέλπιστον
1233 2599 1460 2670 εὑρίσκει
1513 2601 1849 2672 παραμυθίαν

225 2691 322 2738 τόν
385 2685 614 2760 ἀδελφόν
689 2693 992 2758 Μαντινίαν⁷
1071 2690 1126 2749 ὃς
1189 2687 1351 2740 πολλὰ
1399 2688 1695 2754 πλανηθεὶς,
1760 2693 1849 2740 καὶ

225 2776 436 2828 πολλῶν
499 2777 864 2830 ἁπιστοτάτων
933 2779 1199 2850 θεαμάτων
1244 2782 1364 2851 περί
1429 2797 1482 2829 τε
1553 2777 1848 2848 ἀνθρώπους

221 2871 324 2918 καὶ
381 2869 532 2938 ἕτερα
583 2867 694 2926 ζῶα
740 2871 860 2940 περί
906 2887 958 2920 τε
989 2867 1143 2918 αὐτόν
1193 2867 1336 2925 ἣλιον
1381 2871 1469 2918 καὶ
1513 2866 1728 2924 σελήνην
1759 2871 1848 2918 καὶ

223 2963 374 3024 φυτὰ
431 2961 520 3008 καὶ
557 2961 752 3017 νήσους
797 2955 1030 3026 μάλιστα
1076 2955 1336 3026 ἐξηγητὴς
1375 2956 1505 3028 αὐτῇ
1559 2957 1843 3022 καταστὰς,

223 3045 366 3100 ὕλην
413 3044 636 3116 ἁφθονον
681 3049 919 3118 παρέσχε
965 3047 1279 3116 μυθοποιίας
1328 3043 1663 3116 ἀπαγγέλλειν
1702 3045 1845 3097 ὗστε·

1966 1867 2276 1958 probitatis
2307 1879 2448 1936 olim
2477 1890 2661 1932 causa
2709 1870 3097 1928 commeritus
3129 1873 3303 1934 esset,
3329 1884 3448 1924 non
3485 1867 3620 1922 etfu—

1967 1975 2133 2045 gerit,
2163 1973 2270 2028 sed
2301 1975 2364 2025 ut
2393 1966 2702 2039 inopinato
2749 1959 3013 2034 pericula
3047 1960 3176 2014 haec
3217 1961 3488 2023 evaserit,
3537 1958 3620 2014 ita

1965 2066 2144 2122 etiam
2169 2061 2412 2119 tandem
2437 2051 2926 2113 excarniﬁcatum
2957 2048 3162 2104 fuisse.
3195 2047 3390 2104 Refert
3408 2051 3619 2118 postea

1964 2167 2240 2226 quaenam
2276 2165 2379 2223 per
2409 2145 2642 2202 Italiam
2676 2139 3055 2210 Siciliamque
3087 2136 3376 2192 oberrans
3407 2135 3508 2226 illa
3535 2135 3622 2191 vi-

1962 2225 2134 2299 derit.
2182 2244 2252 2297 Ut
2295 2239 2354 2294 in
2401 2239 2584 2307 Eryce
2624 2229 2833 2289 Siciliae
2883 2227 3121 2283 civitate
3162 2225 3615 2297 comprehensa,

1961 2333 2036 2389 ad
2061 2329 2539 2388 Saenisidemum,
2588 2321 2691 2392 qui
2739 2325 2876 2373 tunc
2917 2315 3214 2372 Leontinis
3261 2313 3614 2387 imperabat,

1961 2422 2218 2478 adducta
2235 2417 2410 2473 fuerit
2433 2432 2446 2470 :
2472 2413 2566 2469 ubi
2585 2424 2823 2465 rursum
2843 2407 2900 2462 in
2921 2405 3270 2477 Paapidem,
3293 2404 3618 2460 sceleratis-

1960 2512 2182 2566 simum
2215 2507 2378 2563 illum
2409 2502 2731 2564 hominem,
2757 2495 2919 2567 apud
2949 2509 3150 2564 regem
3181 2498 3453 2563 agentem
3477 2493 3616 2548 inci-

1957 2601 2062 2671 dit,
2083 2597 2418 2671 reperitque
2439 2607 2547 2646 nec
2568 2589 2810 2660 opinato
2829 2583 3179 2671 calamitatis
3195 2580 3450 2671 ingentis
3469 2582 3614 2636 sola-

1955 2669 2524 2753 tiuin,'Mantiniam
2582 2677 2839 2738 fratrem,
2892 2671 2998 2744 qui
3071 2670 3174 2725 diu
3234 2669 3610 2740 multumque

1951 2779 1971 2850 j
1981 2773 2407 2841 actatus,varia
2419 2781 2654 2842 quoque
2667 2768 2726 2820 et
2741 2759 3264 2850 incredibilia,un
3279 2773 3416 2812 cum
3435 2757 3613 2850 inho-

1955 2844 2217 2923 ininibus
2240 2879 2308 2919 ac
2335 2859 2553 2915 czeteris
2585 2851 3010 2912 animantibus,
3041 2853 3168 2902 tum
3218 2847 3374 2902 circa
3421 2844 3610 2900 solem

1955 2958 2154 3030 ipsum
2183 2958 2234 3010 et
2265 2953 2498 3011 lunam,
2547 2945 2926 3019 plantasque,
2979 2942 3034 2993 et
3083 2935 3315 3030 insulas
3363 2934 3608 3006 potissi-

1958 3023 2124 3102 mum
2143 3043 2461 3115 spectarat,
2481 3033 2668 3091 sorori
2697 3024 3215 3115 commemoravit,
3239 3023 3607 3115 liberamque

223 3151 328 3204 ρον
395 3142 468 3204 τῷ
553 3138 744 3198 Δεινίου
815 3134 942 3206 ἅπερ
1025 3133 1178 3196 αὐτὸς
1258 3139 1500 3208 συνείρων
1583 3134 1848 3205 εἰσάγεται

1963 3111 2288 3192 admodum
2325 3126 2576 3202 praebuit
2606 3119 2948 3178 fabularum
2978 3113 3311 3179 materiam,
3340 3127 3494 3208 quas
3516 3111 3608 3165 Di-

227 3217 583 3294 διηγούμενος
611 3231 683 3292 τῷ
717 3220 943 3295 Ἀρκάδι
980 3221 1182 3296 Κύμϐᾳ.

307 3399 532 3454 Ἔπειτα
604 3403 673 3462 ὡς
737 3401 978 3465 λαϐόντες
1050 3405 1329 3463 Μαντινέας
1405 3407 1493 3454 καὶ
1579 3401 1849 3474 Δερκυλλὶς

231 3489 294 3538 ἐκ
325 3493 608 3542 Λεοντίνων
647 3491 696 3525 9⁸
733 3495 793 3542 τὸ
855 3488 1130 3553 Παάπιδος
1187 3489 1431 3566 πηρίδιον
1479 3493 1608 3562 μετὰ
1645 3501 1746 3542 τῶν
1801 3490 1848 3542 ἐν

235 3577 384 3648 αὐτῷ
435 3577 684 3650 βιϐλίων,
722 3583 813 3630 καὶ
863 3588 964 3631 τῶν
1023 3577 1253 3652 βοτανῶν
1287 3579 1416 3654 [360
1456 3578 1555 3654 Β]
1593 3583 1650 3631 τὸ
1695 3580 1848 3632 κιϐώ-

233 3685 372 3733 τιον,
422 3667 742 3740 ἀπαίρουσιν
783 3669 850 3729 εἰς
901 3669 1103 3740 Ῥήγιον
1162 3669 1396 3722 κάκεῖθεν
1449 3669 1520 3730 εἰς
1581 3674 1847 3722 Μεταπόν-

239 3775 372 3823 τιον,
417 3757 466 3809 ἐν
525 3757 564 3830 ᾧ
633 3758 821 3820 αὐτοὺς
862 3757 1135 3832 Ἀστραῖος
1197 3757 1586 3812 ἐπικαταλαϐὼν
1666 3763 1848 3831 μηνύει

235 3849 378 3898 κειτὰ
431 3844 603 3908 πόδας
657 3843 866 3899 διώκειν
921 3849 1273 3902 Παάπιν.Καὶ
1321 3852 1384 3909 ὡς
1438 3853 1848 3923 συναπαίρουσιν

239 3935 386 4006 αὐτῷ
445 3936 530 3988 ἐπὶ
586 3943 795 4012 Θρᾷκας
843 3942 932 3988 καὶ
976 3939 1329 4008 Μασσαγέτας
1358 3939 1426 4003 ⁵ο,
1469 3942 1594 4010 πρὸς
1653 3937 1850 4008 Ζάμολ-

245 4025 326 4086 ξιν
355 4029 440 4076 τὸν
471 4026 674 4096 ἑταῖρον
728 4025 888 4078 αὖτοῦ
939 4023 1161 4080 ἀπιόντι.
1193 4025 1336 4078 Ὀσα
1379 4047 1432 4078 τε
1479 4029 1610 4078 κατὰ
1657 4029 1848 4082 ταύτην

243 4119 342 4170 τὴν
391 4111 700 4188 ὁδοιπορίαν
743 4111 946 4166 ἴδοιεν¹
989 4119 1077 4167 καὶ
1127 4117 1258 4176 ὅπως
1307 4117 1519 4187 ἐντύχοι
1564 4116 1849 4186 Ἀστραῖος

241 4201 532 4275 Ζαμόλξιδι
585 4205 726 4276 ποιρά
781 4207 977 4264 Γέταις·
1039 4201 1146 4262 ἢδη
1202 4211 1317 4274 Θεῷ
1371 4205 1718 4276 νομιζομένῳ-
1763 4209 1850 4255 καὶ

239 4291 342 4342 ὅσα
394 4293 558 4344 εἰπεῖν
605 4291 746 4362 αὐτῷ
825 4297 914 4344 καὶ
991 4289 1244 4352 δεηθῆναι
1314 4292 1582 4365 Δερκυλλίς
1641 4313 1694 4344 τε
1761 4296 1850 4344 καὶ

235 4387 520 4442 Murram;
573 4383 849 4454 ’Δστραῖον
907 4383 1033 4456 ὑπὲρ
1090 4383 1258 4435 αὐτῶν
1315 4383 1583 4446 ἠξίωσαν·
1643 4388 1732 4434 καὶ
1783 4385 1850 4443 ὡς

1957 3227 2069 3281 uiua
2091 3219 2479 3297 postmodum
2511 3213 2614 3272 illa
2642 3210 2901 3274 referret,
2935 3221 3068 3278 quae
3111 3203 3208 3297 hic
3237 3202 3443 3297 omnia
3469 3201 3600 3297 ipse

1957 3289 2368 3376 connexuisse,
2401 3311 2456 3362 et
2487 3301 2730 3376 Cymbae
2759 3297 2974 3352 Arcadi
3016 3292 3292 3350 retulisse
3333 3289 3605 3360 ﬁngitur.

2029 3402 2206 3460 Addit
2229 3399 2453 3462 dehinc,
2488 3397 2553 3448 ut
2581 3387 2890 3450 Mantinias
2921 3400 3058 3440 cum
3091 3379 3410 3452 Dercyllide
3443 3381 3607 3449 (Paa-

1955 3493 2112 3566 pidis
2144 3507 2286 3564 pera
2303 3503 2438 3543 cum
2456 3483 2643 3546 libris,
2667 3467 3606 3566 herbarumquearculasublata)

1955 3563 2244 3654 illiegium
2277 3595 2306 3634 e
2333 3571 2628 3631 Leontinis
2657 3565 3008 3638 trajecerint,
3033 3563 3288 3654 indeque
3309 3563 3608 3654 Metapon-

1956 3648 2128 3738 tiuni,
2161 3668 2259 3726 ubi
2292 3683 2392 3721 eos
2429 3666 2690 3718 Astraeus
2735 3659 3065 3717 assecutus,
3099 3651 3323 3722 Paapin
3363 3648 3610 3716 vestigia

1957 3735 2162 3818 eorum
2191 3753 2474 3826 subsequi
2505 3743 2870 3819 significarit,
2899 3747 3082 3812 utque
3122 3743 3418 3826 Astraeum
3452 3735 3512 3826 hi
3545 3735 3606 3790 in

1953 3848 2286 3908 Thraciam,
2315 3848 2369 3897 et
2391 3822 2759 3906 Massagetas
2785 3831 2864 3887 ad
2893 3826 3201 3884 Zamolxin
3231 3824 3346 3896 (23)
3379 3822 3606 3878 socium

1955 3937 2432 4012 proficiscentem
2459 3924 2638 3982 secuti
2676 3923 2815 4012 sint.
2863 3917 3013 3983 Quid
3057 3917 3194 4012 item
3243 3914 3340 4012 ille
3389 3912 3518 4012 hac.
3545 3911 3605 4012 in

1958 3999 2318 4100 profectione
2338 4010 2734 4086 conspexerit,
2760 4025 2828 4063 ac
2844 4003 3153 4078 quomodo
3174 4003 3234 4100 in
3255 3999 3606 4100 Zamolxida

1956 4087 2246 4176 inciderit,
2280 4105 2442 4181 apud
2473 4107 2643 4160 Getas
2667 4100 2796 4170 jam
2849 4099 2976 4149 tum
3020 4108 3131 4164 pro
3173 4091 3286 4145 deo
3331 4087 3556 4181 cultum
3593 4105 3608 4142 :

1957 4217 2212 4280 quaeque
2233 4177 2449 4260 dicere,
2473 4210 2540 4248 ac
2567 4187 2992 4280 postulare-pro
3021 4198 3081 4237 se
3111 4183 3400 4280 Asti-reum
3421 4177 3610 4280 ju‘sse-

1957 4265 2075 4351 rint
2117 4265 2399 4360 llercyllis
2447 4291 2624 4354 atque
2653 4273 3004 4340 Mantinias;
3059 4275 3124 4326 ut
3171 4269 3253 4360 ibi
3284 4265 3608 4360 oraculum

1957 4385 2066 4440 illis
2114 4354 2318 4436 datuin
2369 4374 2458 4440 sit,
2510 4371 2570 4426 in
2627 4365 2850 4423 Thulen
2898 4360 3152 4418 insulam
3199 4356 3412 4413 deferri
3476 4354 3609 4410 fatis

237 4475 494 4544 κνησμός
559 4476 736 4532 αὐτοῖς
785 4471 972 4524 ἐκεῖθεν
1044 4471 1272 4534 ἐξέπεσεν
1323 4471 1407 4525 ἐπὶ
1466 4472 1671 4530 Θούλην
1722 4480 1850 4524 εῖναι

1963 4487 2090 4530 esse
2118 4468 2476 4525 destinatum
2511 4477 2522 4516 :
2551 4457 2798 4515 tandem
2835 4459 3035 4510 tamen
3061 4449 3121 4504 in
3153 4447 3406 4520 patriam
3455 4445 3612 4501 redi-

237 4567 574 4634 πεπρωμένον
623 4561 806 4626 ἐλθεῖν,
853 4565 943 4613 καὶ
999 4564 1067 4622 ὡς
1129 4561 1180 4624 ἐς
1231 4563 1446 4636 ὕστερον
1489 4565 1578 4614 xuii.
1617 4559 1852 4636 πατρίδα

237 4653 477 4722 deiciatur,
553 4655 800 4724 πρότερον
873 4651 999 4702 ἄλλα
1077 4671 1130 4703 τε
1185 4650 1704 4724 ἐνταλαιπωροῡντες,
1763 4657 1852 4704 καὶ

241 4739 402 4798 δίκην
443 4749 534 4800 τῆς
577 4739 628 4800 ἐς
659 4743 778 4800 τοὺς
825 4745 1006 4800 τοκέας
1049 4739 1386 4802 ἀνοσιότητος
1418 4741 1485 4808 (εἰ
1515 4746 1603 4792 καὶ
1645 4743 1854 4801 ἄκοντες

245 4833 498 4902 ἦμαρ-εον)
537 4832 800 4890 τιννύντες
841 4838 912 4899 τῷ
962 4833 1047 4880 τόν
1089 4828 1205 4901 βίον
1255 4829 1434 4891 αὐτοῖς
1478 4830 1548 4892 εἰς
1598 4830 1736 4889 ζωὴν
1763 4835 1852 4882 καὶ

243 4921 462 4972 θάνατον
517 4915 954 4994 διαμερισθῆναι,
1011 4923 1100 4970 καὶ
1159 4922 1253 4990 ζῇν
1310 4922 1400 4991 μὲν
1453 4917 1500 4970 ἓν
1560 4923 1727 4983 νυκτὶ,
1779 4938 1854 4970 νε-

1959 4568 2144 4624 turos,
2175 4555 2280 4612 sed
2311 4569 2448 4610 cum
2478 4549 2596 4605 alia
2641 4545 2797 4617 prius
2848 4541 3102 4597 adversa
3135 4551 3444 4610 passuros,
3485 4538 3610 4589 tum

1960 4647 2277 4723 impietatis
2302 4645 2362 4699 in
2402 4643 2679 4714 parentes
2711 4629 2971 4723 (tametsi
3003 4627 3394 4723 deliquissent
3423 4623 3611 4723 inviti)

1961 4713 2174 4814 pceuas
2201 4713 2440 4790 daturos
2475 4745 2488 4784 :
2535 4728 2720 4784 vitam
2747 4721 3032 4780 nimirum
3075 4717 3220 4790 ipsis
3258 4729 3392 4770 cum
3424 4713 3612 4814 morte

1963 4801 2203 4886 alternis
2227 4823 2457 4880 vicibus
2484 4817 2924 4874 commutatum
2951 4808 3042 4874 iri,
3076 4813 3132 4863 et
3161 4809 3338 4862 noctu
3365 4801 3611 4874 quidem

1961 4915 2224 4974 victuros
2260 4913 2396 4984 (25),
2425 4903 2686 4965 interdiu
2721 4915 2859 4958 vero
2913 4911 3152 4969 semper
3197 4900 3468 4950 mortuos
3523 4889 3606 4944 fu-

1597 5035 1834 5092 VARMS
1873 5031 2277 5092 LECTIONES.

313 5147 362 5180 "
391 5149 502 5220 περὶ
531 5143 722 5220 ;.__"
759 5137 1124 5220 Aivagié‘npov
1151 5143 1440 5212 Leichius,
1473 5159 1617 5214 p.1x
1649 5159 1660 5198 :
1700 5139 2034 5216 αἰνισίὸημον
2066 5147 2104 5194 Α
2139 5157 2152 5194 :
2181 5132 2555 5206 σαινισίδημον
2587 5133 2628 5188 C
2657 5151 2713 5196 ς.
2791 5129 2840 5164 ⁸⁸
2869 5125 3176 5180 Λεοντιὸνων
3203 5141 3266 5185 ς.
3348 5121 3396 5154 ⁹⁹
3427 5123 3614 5172 Μασα-

549 5217 570 5251 ¹
603 5209 722 5266 ἴδοι
755 5233 814 5276 ς’.
890 5215 912 5248 ³
953 5209 1109 5276 Γέτας
1140 5233 1194 5277 ς’.

241 5221 386 5290 γίτας
416 5237 468 5282 ς·-

1814 5331 2040 5385 NOTIE.

315 5449 422 5518 (22)
449 5442 832 5518 Hodie‘Cago
854 5443 926 5499 de
954 5443 1269 5518 Finisteru,
1305 5449 1637 5518 nautarum
1670 5443 1852 5518 vulgo

251 5513 616 5590 apud'Ortei.
647 5513 710 5570 in
751 5515 1404 5584 Thesauro.Meminer_e
1429 5515 1598 5582 Plin.,
1620 5515 1850 5580 Strabo,

255 5587 384 5646 ﬁala
413 5595 466 5644 et
497 5587 628 5643 alii.

317 5661 416 5728 {23)
447 5659 632 5715 Plura
659 5655 736 5712 de
757 5656 874 5712 hoc
901 5657 1066 5728 apud
1098 5657 1296 5716 Strab.
1333 5657 1438 5714 lib.
1471 5675 1570 5724 vn,
1605 5657 1850 5724 Suidan,

255 5737 306 5790 et
325 5725 600 5788 'Herodot.
645 5725 1030 5802 Malpomehe.

2035 5443 2146 5515 (9.4)
2179 5441 2257 5496 De
2283 5449 2731 5515 qna§eq-pag;
2869 5501 2878 5510 _
2928 5500 2938 5510 _
3071 5501 3132 5515 η

2178 5499 2558 5582 Ουᾶίζειιίοηο
2582 5499 2786 5582 noctes
2825 5500 3042 5582 vixisse
3068 5501 3134 5582 ὃς)
3166 5513 3348 5582 supra
3395 5499 3614 5582 septin-

2003 5569 2554 5654 entassepulcrales
2596 5575 2895 5632 docebunt
2941 5571 3358 5645 inscriptiones
3414 5569 3520 5625 inf.
3551 5569 3611 5623 in

1961 5603 2079 5714 ﬁne
2109 5657 2290 5714 huius
2318 5649 2558 5710 codicis.

2008 5674 2079 5714 ne
2109 5649 2290 5728 hujus
2318 5649 2558 5710 codicis.
