4136 6216
600 298 704 358 471

1823 297 2066 354 ΡΗοΤιι
2111 291 2600 350 PATHIARCHE
2639 292 2749 348 op.
3806 298 3896 352 472

603 432 788 483 turos.
819 423 1012 481 Refert
1038 425 1383 496 insuper,ut
1405 425 1522 481 hoc
1553 425 1758 481 audito
1788 423 2086 485 vaticinio,
2115 421 2236 477 inde

2283 421 2330 474 Α
2366 423 2519 492 κρούς
2569 417 2628 471 δε
2685 418 2732 470 ἐν
2785 417 2978 492 ἑκάστῃ
3036 421 3162 472 εἶναι
3204 421 3402 495 ἡμέρᾳ·
3435 421 3543 472 εἶτα.
3588 421 3651 482 ως
3674 423 3901 482 τοιούτους

605 515 998 576 discesserint,
1034 515 1256 569 Astraeo
1282 530 1419 569 cum
1452 513 1794 569 Zamolxide
1823 529 2065 568 summa
2091 511 2254 583 apud

605 604 776 659 Getas
807 603 867 657 in
898 601 1336 658 existimatione
1363 603 1575 659 relictis
1607 622 1620 659 ε
1647 619 1781 676 quae
1827 603 1968 658 item
2023 601 2097 657 ad
2150 603 2254 656 Bo-

604 709 770 749 ream
803 692 996 746 videre
1036 691 1396 749 admiranda
1446 697 1625 766 atque
1671 693 1879 749 audire
1927 691 2068 763 ipsis
2116 706 2256 746 con-

606 781 812 853 tigerit.

676 870 810 924 Htec
836 885 973 924 cum
1005 869 1214 926 omnia
1242 870 1442 926 Dinias
1471 871 1531 926 in
1552 870 1734 925 Thule
1767 868 2093 942 Dercyllide
2124 884 2255 924 nar-

601 965 770 1016 rante
799 958 1080 1025 audisset,
1111 959 1321 1015 eadem
1363 976 1524 1016 nunc
1549 960 1765 1016 referre
1795 960 1986 1032 pergit
2015 959 2253 1030 Cymbm

607 1048 834 1104 Arcadi.
856 1048 942 1103 Ad
968 1049 1092 1103 haec
1110 1049 1382 1117 etiam,ut
1398 1049 1621 1120 Paapis,
1643 1048 1988 1120 Dercyllidis
2007 1048 2256 1118 vestigia

606 1140 926 1203 insecutus,
958 1137 1018 1192 in
1049 1154 1120 1193 ea
1162 1139 1373 1208 ιιοὺ
1403 1138 1605 1193 insula
1633 1137 1776 1210 ipsis
1825 1137 2253 1208 supervenerit,

605 1233 662 1284 et
687 1231 811 1283 arte
841 1243 953 1282 sua
983 1226 1219 1297 magica
1248 1228 1360 1282 hoc
1391 1227 1666 1292 effecerit,
1697 1233 1761 1282 ut
1789 1227 2044 1282 interdiu
2071 1243 2259 1282 more-

607 1320 830 1382 rentur,
869 1322 1042 1371 nocte
1085 1331 1227 1372 vero
1282 1315 1600 1372 accedente
1653 1317 2090 1382 reviviscerent,
2145 1316 2259 1372 hoc

607 1409 844 1461 tantum
861 1405 977 1461 ritu
1000 1406 1075 1460 ad
1093 1405 1240 1460 illud
1258 1405 1643 1461 efficiendum
1660 1423 1825 1472 usus,
1851 1407 2007 1478 quod
2021 1406 2259 1479 publice

608 1495 668 1550 in
702 1494 939 1549 illorum
975 1494 1188 1550 faciem
1233 1501 1612 1566 conspueret.
1656 1495 2068 1550 Thruscanum
2117 1496 2259 1550 item

608 1582 956 1655 quemdam,
1004 1583 1184 1638 Thule
1243 1584 1588 1651 oriundum,
1642 1583 1992 1656 Dercyllidis
2055 1600 2260 1642 amore

609 1676 876 1744 captum,
901 1673 1026 1727 viso
1045 1678 1308 1729 amatam
1343 1689 1514 1729 suam
1535 1673 1814 1745 Paapidis
1834 1673 2007 1730 malis
2037 1675 2262 1730 artibus

2363 512 2646 583 χρησμοὺς
2688 506 2922 568 λαϐόντες
2968 507 3275 580 ἀπαίρουσιν
3315 509 3518 577 ἐκεῖθεν,
3546 513 3626 562 τὸν
3664 510 3901 582 Ἀστραῖον

2367 601 2460 648 σὺν
2532 596 2762 668 Ζαμόλξι
2820 596 3079 659 λείποντες
3125 599 3145 632 ³
3196 599 3292 649 ὑπὸ
3345 604 3500 650 Γετῶν
3558 595 3901 670 δοξαζόμενον·

2363 691 2454 737 καὶ
2509 687 2607 738 ὅσα
2663 691 2779 760 περὶ
2845 685 3038 760 Βορρᾶν
3107 687 3278 748 αὐτοῖς
3351 689 3592 761 τεράστια
3651 685 3768 739 ἰδεῖν
3832 695 3905 739 καὶ

2365 773 2588 827 ἀκοῦσαι
2621 778 2938 847 συνηνέχθη.

2435 871 2612 917 Ταῦτα
2647 867 2814 917 πάντα
2861 869 3058 926 Δεινίας
3106 868 3239 917 κατὰ
3270 867 3389 936 [187
3419 866 3510 939 H.]
3555 865 3742 923 Θούλην
3783 865 3908 917 ἁκού-

2369 957 2464 1015 σας
2542 951 2893 1026 διηγουμένης
2947 952 3279 1027 Δερκυλλίδος
3326 956 3586 1026 εἰσάγεται
3638 964 3716 1006 νῦν
3771 955 3912 1026 ἀπαγ-

2365 1043 2552 1114 γέλλων
2611 1051 2682 1113 τῷ
2754 1041 2980 1116 Ἀρκάδι
3050 1044 3255 1116 Κύμϐᾳ,
3325 1044 3438 1097 Ἐπὶ
3493 1046 3682 1104 τούτοις
3729 1050 3807 1095 καὶ
3855 1048 3910 1105 ὡς

2369 1135 2572 1192 Παάπις
2630 1128 2835 1184 διώκων
2889 1134 2998 1204 μετ’
3063 1137 3214 1205 ἴχνια
3279 1138 3399 1195 τοὺς
3471 1137 3584 1208 περὶ
3639 1131 3911 1204 Δερκυλλίδας

2370 1220 2558 1280 ἐπέστη
2609 1222 2783 1283 αὐτοῖς
2834 1221 2881 1274 ἐν
2939 1230 2999 1295 τῇ
3073 1228 3238 1293 νήσῳ,
3292 1229 3381 1275 καὶ
3434 1227 3489 1275 τὸ
3548 1225 3699 1283 πάθος
3757 1221 3912 1284 ἐκεῖνος

2370 1315 2528 1384 τέχνῃ
2582 1320 2780 1383 μαγικῇ
2839 1310 3072 1375 ἐπέθηκε,
3128 1315 3364 1370 θνήσκειν
3431 1315 3518 1384 μεν
3569 1315 3769 1385 ἡμέρας,
3817 1310 3913 1363 ἁνα-

2371 1399 2615 1452 6ιώσκειν
2698 1399 2756 1453 δε
2827 1405 3008 1463 νυκτὸς
3089 1401 3462 1475 ἐπιγινομένης.
3516 1407 3610 1454 Καὶ
3659 1405 3711 1454 τὸ
3778 1403 3916 1461 πάθος

2372 1489 2551 1550 αὐτοῖς
2617 1492 2846 1547 ἐνέθηκεν
2923 1489 3190 1562 ἐμπτύσας
3234 1491 3402 1542 αὐτῶν
3454 1493 3586 1542 κατὰ
3633 1493 3686 1541 τὸ
3737 1489 3916 1561 ἐμφανὲς

2371 1587 2478 1631 τοῖν
2531 1584 2830 1650 προσώποιν
2871 1580 2911 1634 ⁴.
2942 1584 3040 1632 Καὶ
3085 1583 3150 1642 ὡς
3193 1585 3531 1653 Θρονσκανός
3572 1599 3646 1641 τις
3682 1579 3915 1642 Θουλίτης,

2374 1666 2596 1740 ἐραστὴς
2655 1665 2912 1741 διάπυρος
2975 1665 3330 1740 Δερκυλλίὸος,
3389 1666 3511 1720 ἰδὼν
3567 1676 3804 1720 πεσοῦσαν

610 1759 673 1816 in
701 1777 840 1816 eum
872 1761 1152 1817 morbum
1185 1761 1485 1828 incidisse,
1532 1763 1836 1833 ingentem
1885 1765 2034 1819 adeo
2072 1780 2143 1819 ex
2191 1779 2243 1820 et

2297 1775 2340 1830 Β
2373 1755 2428 1808 ἔκ
2483 1753 2757 1818 Παάπινῖος
2810 1759 2961 1808 πάθει
3009 1761 3102 1814 τὴν
3147 1756 3404 1831 ἐρωμένην
3452 1762 3539 1809 καὶ
3583 1756 3914 1828 ὑπεραλγήσας,

610 1850 838 1922 cepisse
859 1850 1150 1919 dolorem,
1175 1851 1447 1907 utsubito
1461 1852 1725 1923 Paapida
1746 1851 2042 1908 invadens
2061 1853 2261 1922 gladio

611 1939 989 2010 percusserit,
1019 1945 1198 2010 atque
1232 1939 1604 1995 interfecerit.
1659 1943 1824 1994 Hunc
1870 1941 1968 1995 vix
2017 1942 2261 1997 tandem

609 2027 816 2098 Tyrios
838 2027 1134 2083 malorum
1157 2029 1444 2099 reperisse
1475 2029 2143 2084 exitum.Thruscanum
2171 2035 2259 2086 ta-

614 2131 747 2170 men
777 2122 1098 2187 postquam
1125 2116 1457 2188 Dercyllida
1492 2123 1740 2172 mortuae
1773 2117 2028 2172 similem
2067 2120 2264 2188 jacere

617 2207 936 2277 conspexit,
957 2213 1208 2261 mortem
1259 2205 1372 2263 sibi
1413 2222 1654 2278 quoque
1707 2209 2086 2264 conscivisse.
2139 2211 2266 2264 Haec

616 2293 794 2364 igitur
817 2295 1043 2358 omnia,
1069 2300 1126 2350 et
1156 2295 1273 2351 alia
1301 2295 1360 2350 id
1392 2311 1580 2366 genus
1618 2296 1896 2369 plurima,
1944 2303 2002 2353 ut
2057 2315 2265 2354 eorum

619 2384 1080 2456 sepulturam,et
1097 2401 1127 2440 e
1146 2384 1376 2440 tumulo
1393 2386 1672 2451 reditum,
1690 2403 1926 2442 amores
1952 2389 2266 2455 Mantiniae,

621 2489 872 2545 quaeque
903 2473 1040 2529 hinc
1066 2474 1176 2528 illis
1205 2474 1568 2540 acciderunt,
1604 2481 1659 2530 et
1683 2477 1812 2546 ejus
1844 2477 2048 2532 farinae
2081 2479 2272 2535 multa

622 2577 760 2618 cum
781 2563 981 2617 Dinias
1009 2563 1068 2618 in
1095 2563 1279 2618 Thule
1326 2563 1542 2629 insula,
1597 2565 1921 2637 llercyllide
1965 2567 2269 2634 referente,

623 2651 1022 2721 cognovisset,
1051 2652 1350 2708 inducitur
1375 2669 1533 2708 nunc
1559 2655 1765 2709 eadem
1799 2655 2042 2727 Cymbte
2064 2659 2273 2712 Arcadi

625 2757 1130 2797 commemorans.
1182 2743 1372 2814 Atque
1405 2743 1499 2798 hic
1543 2745 1784 2799 tandem
1820 2744 1954 2798 finis
1993 2753 2079 2802 est
2127 2749 2274 2803 tertii

626 2837 684 2886 et
715 2831 980 2885 vicesimi
1007 2830 1159 2897 libri,
1181 2833 1417 2887 Antonii
1435 2833 1712 2901 Diogenis
1751 2836 2186 2892 lnoredibz‘la’um
2205 2839 2277 2894 de

630 2919 816 2974 Thule
848 2919 1295 2990 inscripti,cum
1323 2921 1466 2976 nihil
1501 2938 1668 2992 pene,
1698 2939 1766 2976 ac
1787 2925 1894 2978 nisi
1917 2941 2106 2994 pauca
2153 2935 2273 2981 tan-

629 3013 754 3063 tum
778 3010 855 3062 ab
876 3009 1039 3064 initio
1066 3010 1245 3080 hujus
1273 3012 1470 3082 operis
1504 3011 1576 3066 de
1601 3012 1710 3067 hac
1743 3013 1938 3068 insula
1973 3016 2275 3072 memoriae

629 3097 973 3168 prodiderit.

705 3188 963 3250 Quartus
994 3203 1129 3242 vero
1160 3193 1216 3242 et
1263 3190 1582 3244 vicesimus
1612 3190 1763 3246 liber
1806 3191 2034 3247 inducit
2076 3194 2274 3248 Azulin

628 3283 995 3340 narrantem,
1028 3283 1207 3346 atque
1249 3277 1387 3331 inde
1428 3278 1608 3333 etiam
1641 3280 1868 3334 Diniam
1907 3281 1985 3334 ad
2030 3298 2101 3336 ea
2143 3300 2277 3354 quae

631 3366 812 3419 antea
823 3363 968 3434 Cym
979 3364 1067 3418 bas
1081 3365 1656 3430 retulisset,Azulidis
1670 3374 1833 3437 gesta
1849 3370 2187 3426 cumulante
2198 3390 2278 3428 m.

632 3451 946 3516 Quomodo
969 3453 1252 3508 nimirum
1273 3455 1707 3524 prtestigiarum
1729 3456 1964 3513 illarum
1988 3460 2278 3515 rationem

632 3538 1114 3610 deprehenderit,
1137 3541 1360 3612 quibus
1407 3544 1618 3614 Paapis
1669 3546 2000 3616 Dercyllida
2033 3555 2088 3604 et
2120 3551 2281 3603 Man-

633 3627 842 3684 tiniam
870 3628 1221 3696 ludilicarat,
1246 3637 1416 3686 nocte
1447 3632 1688 3704 quidem
1720 3640 1782 3689 ut
1802 3635 2068 3691 viventes
2098 3654 2280 3709 appa-

632 3722 846 3784 rerent,
877 3717 1131 3774 interdiu
1168 3736 1307 3775 vero
1338 3721 1558 3776 mortui
1599 3743 1613 3781 ;
1650 3729 1832 3795 utque
1878 3725 2103 3782 malum
2137 3727 2281 3782 illud

633 3807 945 3879 depulerit,
974 3825 1108 3863 cum
1133 3811 1383 3865 modum
1407 3827 1476 3865 ac
1506 3813 1792 3868 rationem
1827 3814 2002 3886 hujus
2063 3817 2284 3874 crucia-

631 3899 746 3961 tus,
763 3895 1010 3968 ejusque
1033 3899 1280 3954 curandi
1314 3899 1473 3955 viam
1496 3900 1799 3957 didicisset
1823 3919 1892 3958 ex
1927 3905 2129 3975 perula
2148 3906 2284 3960 Paa-

632 3985 806 4054 pidis,
839 4002 1019 4057 quam
1049 4002 1250 4042 secum
1284 3988 1594 4044 Mantinias
1621 3996 1799 4062 atque
1831 3993 2110 4064 Dercyllis
2137 3999 2286 4049 attu-

631 4072 842 4130 lerant.
899 4077 1099 4147 Neque
1157 4075 1273 4132 hoc
1329 4077 1546 4143 solum,
1595 4080 1696 4134 sed
1745 4085 1800 4136 et
1855 4081 2000 4136 illud
2048 4085 2281 4154 reperit,

633 4163 944 4236 quomodo
963 4165 1244 4236 Dercyllis
1284 4168 1665 4223 etMantinias
1705 4174 1983 4240 parentes
2017 4174 2285 4240 jacentes

633 4253 860 4322 ingenti
905 4254 1063 4309 malo
1110 4254 1362 4310 liberare
1416 4263 1677 4327 possent.
1730 4260 1846 4313 Hos
1897 4261 2054 4314 enim
2093 4259 2170 4315 illi
2215 4278 2284 4316 ex

635 4341 916 4412 Paapidis
947 4344 1305 4415 prmscripto,
1338 4346 1513 4416 quasi
1559 4345 1674 4401 hoc
1736 4349 1846 4402 sibi
1909 4348 2283 4420 profuturum

637 4435 813 4494 esset,
845 4432 1009 4500 gravi
1036 4430 1356 4488 affecerant
1381 4435 1779 4500 incommodo,
1815 4453 1951 4492 cum
1982 4438 2162 4508 longo
2186 4455 2288 4494 eos

636 4521 899 4589 tempore
929 4526 1302 4577 mortuorum
1326 4522 1511 4578 instar
1527 4524 1725 4594 jacere
1743 4525 2033 4581 fecissent.
2055 4529 2290 4583 Accedit

636 4606 778 4677 huc,
807 4608 891 4664 uti
921 4609 1223 4682 Dercyllis,
1273 4617 1329 4666 et
1372 4613 1681 4668 Mantinias
1732 4615 1791 4669 in
1843 4616 2098 4686 patriam
2155 4633 2290 4689 pro-

637 4698 915 4769 perarint,
971 4701 1326 4772 parentibus
1377 4706 1439 4758 ut
1493 4701 1670 4758 vitam
1731 4703 2108 4776 salutemque
2160 4705 2290 4760 red-

637 4785 863 4843 derent.

709 4876 908 4934 Dinias
929 4876 1166 4935 interim
1190 4895 1309 4935 una
1339 4896 1474 4936 cum
1505 4883 1796 4937 Carmane
1823 4888 1877 4937 et
1898 4882 2172 4953 Menisco,
2205 4899 2290 4939 se-

632 4970 840 5039 parato
871 4967 949 5024 ab
980 4967 1130 5039 ipsis
1157 4969 1418 5036 Azulide,
1443 4970 1598 5026 ultra
1631 4971 1825 5042 ipsam
1856 4971 2082 5027 Thulen
2109 4972 2288 5027 etiam

633 5056 957 5124 oberrant;
987 5073 1105 5130 quo
1136 5057 1379 5130 quidem
1407 5059 1465 5115 in
1489 5074 1684 5114 errore
1705 5075 1835 5131 qum
1861 5077 2044 5131 supra
2063 5061 2288 5117 Thulen

636 5147 1008 5204 incredibilia
1031 5147 1257 5214 viderit,
1275 5164 1435 5204 nunc
1454 5148 1754 5204 inducitur
1777 5150 1991 5206 referre
2012 5151 2284 5222 Cymbae:

635 5250 708 5292 ea
740 5237 1024 5294 nimirum
1063 5253 1100 5294 a
1136 5253 1198 5293 se
1237 5243 1561 5311 conspecta
1611 5254 1740 5295 esse
1795 5239 2020 5307 dicens,
2054 5257 2184 5312 quas
2234 5247 2290 5296 et

2373 1845 2557 1920 ἁθρόον
2601 1865 2654 1898 τε
2707 1847 2726 1880 ⁵
2787 1845 3022 1908 ἐπιστὰς,
3079 1851 3216 1898 παίει
3280 1847 3412 1919 ξίφει
3465 1846 3516 1898 ἐκ
3563 1854 3652 1898 τοῦ
3696 1841 3918 1917 αἰφνιδίου

2372 1939 2457 1986 τὸν
2511 1938 2714 1987 Παάπιν
2773 1941 2860 1986 καὶ
2928 1935 3142 2010 ἀναιρεῖ,
3203 1944 3356 1988 τοῦτο
3411 1936 3554 2007 μόλις
3616 1944 3708 1986 τῶν
3757 1938 3918 2005 μυρίων

2371 2034 2542 2076 κακῶν
2573 2027 2594 2060 ⁶
2651 2025 2789 2086 τέλος
2844 2027 3136 2097 εὖράμενον.
3196 2031 3297 2078 Καὶ
3357 2028 3421 2086 ὡς
3469 2028 3792 2099 Θρουσκανὸς,
3837 2021 3920 2074 Emi

2375 2115 2642 2189 Δερκυλλὶς
2720 2118 2882 2167 ἔκειτο
2961 2113 3196 2167 δοκοῦσα
3274 2119 3449 2191 νεκρὰ,
3498 2115 3668 2168 ἑαυτὸν
3715 2113 3919 2164 ἐπικατα-

2379 2208 2614 2276 σφάττει.
2668 2210 2847 2256 Ταῦτα
2897 2207 3063 2257 πάντα
3109 2211 3197 2256 καὶ
3254 2208 3446 2257 τούτων
3490 2206 3631 2277 ἔτερα
3665 2203 3807 2254 πολλὰ
3847 2221 3921 2252 πα-

2377 2295 2666 2369 ραπλήσια,
2709 2299 2800 2351 τήν
2863 2313 2915 2346 τε
2995 2300 3158 2366 ταφὴν
3227 2295 3396 2346 αὐτῶν
3477 2300 3564 2346 καὶ
3629 2299 3714 2351 τὴν
3769 2291 3921 2342 ἐκεῖθεν

2379 2385 2794 2456 ὑπαναχωρησιν
2843 2389 2930 2436 καὶ
2985 2388 3107 2445 τους
3150 2387 3342 2456 ἔρωτας
3389 2382 3924 2448 Μαντινὶουτ,καὶὸσα

2381 2469 2474 2525 διὰ
2519 2480 2668 2524 τοῦτο
2711 2470 2920 2539 συνέϐη,
2951 2478 3038 2524 καὶ
3077 2475 3221 2545 ἔτερα
3266 2476 3424 2544 ὃμοια
3463 2475 3595 2524 κατὰ
3631 2471 3812 2526 Θούλην
3851 2473 3924 2524 τὴν

2379 2571 2538 2621 νῆσον
2627 2566 2818 2621 Δεινίας
2905 2564 3081 2634 μαθων
3161 2563 3560 2634 μυθολογουσης
3637 2553 3927 2634 Δερκυλλίδας

2384 2652 2650 2722 εἰσάγεται
2695 2658 2782 2702 νῦν
2839 2656 3158 2723 συνυφαίνων
3214 2659 3275 2722 τῇ
3344 2648 3566 2724 Ἀρκάδι
3620 2647 3804 2720 Κύμϐᾳ·
3855 2665 3926 2696 και

2388 2740 2787 2813 συμπληροῡται
2864 2739 3120 2810 Ἀντωνίῳ
3187 2745 3417 2811 Διογένει
3469 2743 3493 2792 ὀ
3563 2741 3776 2798 εἰκοστὸς
3842 2741 3928 2809 τρία

2385 2850 2470 2892 τος
2518 2830 2664 2900 λόγος
2693 2837 2802 2881 Τῶν
2852 2831 2976 2901 ὑπερ
3023 2829 3218 2886 Θούλην
3247 2833 3659 2902 ἐπιγραφομένων
3688 2830 3927 2884 Ἀπίστων,

2386 2924 2558 2971 καίτοι
2602 2916 2766 2990 μηδὲν
2799 2919 2826 2977 ἦ
2877 2917 3089 2992 βραχέα
3134 2919 3246 2971 κατ’
3281 2918 3461 2992 ἀρχὰς
3510 2924 3620 2992 περὶ
3648 2917 3823 2975 Θοὺλης
3854 2921 3928 2973 τῆς

2391 3018 2698 3082 συγγραφῆς
2729 3005 3122 3066 ὑποδηλωσάση
3136 3030 3174 3069 ς.

2457 3187 2515 3240 Ὀ
2574 3185 2631 3240 δὲ
2685 3189 2917 3247 εἰκοστὸς
2977 3193 3214 3262 τέταρτος
3277 3187 3437 3258 λόγος
3491 3188 3680 3257 εἰσάγει
3727 3181 3928 3246 Ἀξουλιν

2391 3275 2752 3349 διηγούμενον,
2799 3275 3031 3329 κάκεῖθεν
3086 3283 3280 3329 Δεινίαν
3331 3287 3436 3338 τοῖς
3489 3277 3756 3349 ἔμπροσθεν
3819 3271 3928 3337 αὐτῷ

2389 3366 2792 3439 μυθολογηθείσι
2858 3370 2983 3436 πρὸς
3056 3366 3268 3437 Κὺμϐαν
3336 3373 3626 3439 συνείροντα
3679 3367 3738 3417 τὰ
3783 3361 3931 3422 Ἀζού-

2388 3453 2555 3518 λιδος,
2582 3459 2647 3517 ὡς
2691 3460 3007 3512 κατανοήσοι
3065 3464 3153 3515 τῆς
3196 3462 3440 3525 γοητείας
3479 3461 3562 3508 τὸν
3609 3460 3799 3529 τρόπον,
3841 3446 3931 3500 καθ’

2391 3548 2444 3598 ὃν
2493 3547 2697 3604 Παάπις
2745 3543 3020 3614 ἐγοήτευσε
3065 3542 3386 3618 Δερκυλλίδοι
3435 3551 3522 3597 καὶ
3571 3546 3827 3598 Μαντινίαν
3868 3557 3933 3587 νυ·

2390 3641 2476 3688 κτὶ
2514 3638 2603 3707 μεν
2653 3635 2848 3693 ζῶντας
2897 3633 2942 3684 ἐν
2992 3635 3161 3706 ἡμέρᾳ
3192 3635 3211 3668 ⁸
3246 3631 3304 3686 δὲ
3347 3640 3552 3711 νεκροὺς
3604 3635 3739 3694 εἶναι,
3767 3634 3841 3680 καὶ
3882 3628 3932 3683 ὡς

2393 3722 2677 3784 ἀπήλλαξεν
2728 3722 2915 3783 αὐτοὺς
2954 3731 3042 3774 τοῦ
3084 3725 3296 3787 πάθους,
3323 3729 3410 3776 τον
3457 3743 3508 3776 τε
3551 3727 3725 3796 τρόπον
3764 3727 3842 3777 τῆς
3878 3732 3933 3763 τί·

2391 3817 2593 3885 μωρίας
2621 3815 2814 3873 ταύτης
2843 3817 2930 3864 καὶ
2959 3808 3026 3870 δὴ
3065 3818 3152 3864 καὶ
3179 3821 3273 3874 τῆς
3317 3814 3500 3875 ἰάσεως
3531 3813 3583 3865 ἐκ
3621 3820 3700 3864 τοῦ
3725 3801 3932 3880 πηριδίου

2394 3901 2614 3974 ἀνευρὼν
2669 3908 2759 3953 τοῦ
2828 3897 3121 3965 Παάπιὸος,
3174 3904 3198 3954 ὃ
3258 3908 3652 3978 συνεπεφέροντο
3701 3898 3932 3952 Μαντινέας

2393 3997 2482 4044 καὶ
2526 3989 2816 4064 Δερκυλλὶς.
2845 3991 2920 4042 Οὐ
2966 3996 3117 4062 μόνον
3146 3988 3222 4055 δε,
3252 3990 3358 4042 ἀλλ’
3390 3994 3502 4066 εὗρε
3541 3997 3626 4044 καὶ
3655 3992 3774 4046 ὅπως
3801 3989 3817 4020 ⁹
3845 3991 3932 4051 5‘?‘

2394 4079 2565 4140 κυλλὶς
2641 4085 2728 4132 καὶ
2803 4085 3083 4140 Μαντινίας
3158 4079 3506 4143 ἀπαλλάξειαν
3558 4079 3765 4152 μεγάλου
3806 4087 3932 4122 κακον

3692 4154 3930 4218 Παάπιδοςν

2400 4260 2514 4330 [361
2554 4257 2661 4332 IL]
2719 4262 2782 4318 ὡς
2841 4257 2900 4308 ἂν
2949 4258 3032 4309 ἐπὶ
3081 4266 3150 4328 τῷ
3195 4261 3397 4310 ἐκείνων
3453 4263 3768 4332 συμφέροντι,
3820 4248 3931 4299 αὐτοὶ

2395 4173 2512 4229 τοὺς
2582 4173 2762 4230 τοκέας
2838 4172 3118 4240 κειμένους,
3174 4169 3260 4228 οὖς
3332 4171 3619 4229 ὑποθήκαις

2399 4346 2726 4420 ἐλυμέιναντο,
2764 4351 2856 4398 ἶσα
2898 4344 3104 4399 κεῖσθαι
3151 4355 3346 4420 νεκροῖς
3395 4352 3592 4422 μακρὸν
3639 4350 3806 4418 χρόνον
3842 4353 3934 4388 κατ’

2400 4439 2760 4509 εργασάμενοι.
2819 4437 2943 4488 Εἶτα
2996 4438 3065 4496 ὡς
3133 4434 3320 4487 ἕκείθεν
3371 4436 3635 4511 Δερκυλλὶς
3694 4433 3789 4503 ἅμα
3831 4431 3938 4478 Μεθ’

2398 4530 2536 4597 τινίᾳ
2581 4527 2663 4578 ἐπὶ
2695 4530 2786 4582 τὴν
2818 4521 3052 4597 πατρίδα
3100 4520 3353 4576 ἔσπευδον
3404 4524 3488 4577 ἰπὶ
3519 4534 3579 4598 τῇ
3622 4532 3714 4576 τῶν
3740 4519 3938 4571 τεκόντων

2400 4615 2678 4668 ἁναϐιώσει
2707 4621 2796 4666 καὶ
2827 4619 3079 4688 σωτηρίᾳ.

2471 4885 2664 4941 Δεινίας
2714 4877 2773 4932 δι
2819 4880 2928 4952 ἅμα
2973 4881 3219 4952 Καρμάνη
3272 4883 3361 4931 καὶ
3410 4882 3680 4946 Μηνίσκῳ,
3725 4871 3943 4938 ἀποχωρι·

2401 4973 2610 5032 σθέντος
2648 4971 2821 5030 αὐτοῖς
2867 4965 3193 5034 Ἀζούλιδος,
3234 4969 3360 5041 πρὸς
3407 4972 3471 5020 τὰ
3519 4970 3643 5039 ὑπὲρ
3672 4968 3754 5022 τὴν
3782 4953 3946 5012 δούλην

2400 5065 2492 5119 τὴν
2543 5060 2738 5118 πλάνην
2769 5058 3038 5121 έξέτεινον·
3086 5060 3202 5110 καθ’
3254 5061 3313 5116 ἣν
3361 5057 3557 5114 πλάνην
3607 5057 3669 5108 τὰ
3721 5052 3830 5120 ὑπὲρ
3875 5045 3946 5097 τὴν

2399 5149 2596 5207 Θούλην
2644 5150 2846 5201 ἄπιστα
2894 5149 3186 5200 θεάσασθαι
3228 5155 3315 5198 νῦν
3361 5145 3686 5218 ἀπαγγέλλων
3732 5137 3949 5205 εἰσάγεται

2403 5237 2609 5311 Κύμϐᾳ,
2661 5237 2826 5290 ἐκεῖνα
2879 5236 3036 5310 λέγων
3095 5232 3222 5288 ἰδεῖν
3268 5236 3301 5287 οἱ
3347 5239 3436 5288 καὶ
3485 5235 3533 5286 οἰ
3581 5243 3670 5294 τῆς
3717 5218 3951 5297 ἀστροθεσί-

1976 5435 2210 5492 νΑΒυΕ
2251 5437 2661 5493 LECTIONES.

707 5613 728 5646 ³
766 5612 1001 5674 λιπόντες
1178 5614 1198 5647 ⁸⁵
1229 5617 1287 5666 τὸ
1319 5617 1596 5686 πρόσωπον
1629 5637 1684 5680 ς.
1765 5616 1786 5650 ⁵
1826 5633 1878 5667 τε
1907 5613 2048 5670 add.
2082 5613 2148 5667 Α.
2230 5615 2250 5648 ⁸
2273 5615 2467 5666 τούτων
2497 5617 2663 5686 μόνων
2704 5621 2803 5666 τῶν
2835 5617 3024 5686 τυρίων
3055 5615 3214 5664 κακὸν
3246 5642 3312 5654 —-
3357 5610 3637 5682 εὑραμένων
3670 5625 3722 5668 ς.
3792 5602 3809 5634 ⁷
3845 5603 3957 5651 MT"

641 5688 751 5737 τίον
784 5705 837 5750 ς’.
918 5688 938 5720 ⁸
963 5685 1012 5737 ἐν
1043 5685 1214 5758 ἡμέρᾳ
1244 5691 1281 5738 Α
1314 5702 1328 5741 :
1360 5685 1557 5757 ἠμέρας
1590 5708 1645 5752 ς,
1725 5689 1744 5723 ⁹
1773 5689 1910 5747 ὅπως
1950 5693 1994 5742 Λ
2023 5702 2036 5743 :
2071 5695 2180 5746 πῶς
2207 5705 2263 5749 ς’.
