4136 6216
237 286 326 343 473
1367 287 1858 346 BIBLIOTHECA.
1899 319 1968 330 —
2007 289 2170 346 COD.
2212 289 2450 348 CLXVI.

3481 294 3590 352 474

227 433 362 486 aqua;
405 419 604 486 τέχνης
657 412 998 469 σπουδασταὶ
1041 415 1392 481 ὑποτίθενται,
1434 415 1539 468 οἷον
1580 419 1648 478 ὡς
1677 419 1818 468 ἔστιν

1931 419 2230 474 astrorum
2269 417 2518 475 studiosi
2543 419 2754 476 docere
2784 421 3000 476 solent.
3033 419 3240 486 Qualia
3269 427 3404 478 sunt
3435 421 3586 480 ista:

229 504 362 564 ἐνίοις
405 501 632 556 δυνατὸν
683 510 818 558 κατὰ
871 510 1102 578 κορυφὴν
1155 509 1248 564 τήν
1305 505 1494 578 ἄρκτον
1535 503 1684 572 εἶναι,
1728 511 1818 558 καὶ

227 599 310 652 τὶν
351 596 512 646 νύκτα
567 601 838 666 μηνιαίαν,
879 601 968 648 καὶ
1015 595 1222 648 ἔλαττον
1273 591 1332 647 δὲ
1385 599 1475 646 καὶ
1521 596 1690 662 πλέον,
1730 602 1820 648 καὶ

229 683 548 754 ἐξαμηνιαίαν
603 683 684 749 δε,
721 691 810 736 καὶ
848 689 906 736 τὸ
955 687 1183 756 ἔσχατον
1223 683 1548 736 ἐνιαυσιαίαν
1573 705 1586 720 ·
1635 685 1692 738 οὐ
1723 689 1822 757 μὸ-

227 793 300 824 νον
331 769 386 824 δὲ
441 778 536 830 τὴν
565 775 724 825 νύκτα
787 775 875 826 ἐπὶ
927 781 1174 826 τοσοῦτον
1229 775 1642 846 παρατείνεσθει,
1693 774 1824 827 ἀλλὰ

233 869 310 914 καὶ
351 868 442 922 τὴν
497 865 694 936 ἡμέραν
755 867 974 925 ταύταις
1027 861 1328 936 συμϐαίνειν
1385 862 1676 935 ἀνάλογον·
1731 869 1822 916 καὶ

236 953 368 1023 ἕτερα
415 949 472 1003 δὲ
531 951 844 1024 ἀπαγγέλλει
894 949 1023 1004 ἰδεῖν
1067 954 1240 1024 ὃμοια.
1295 953 1418 1024 [188
1451 953 1559 1024 IL]
1602 957 1701 1006 Καὶ
1733 952 1820 1004 ἁν-

241 1043 456 1114 ερώπους
513 1038 574 1094 δὲ
601 1038 732 1094 ἰδεῖν
781 1046 868 1092 καὶ
913 1042 1060 1116 ἕτερά
1107 1061 1224 1093 τινα
1269 1044 1618 1114 τερατεύεται,
1658 1042 1692 1093 ά
1721 1062 1822 1114 μη-

235 1127 334 1190 δεὶς
367 1137 499 1202 μήτε
541 1127 670 1183 ἰδεῖν
716 1133 808 1202 ἔφη
857 1135 990 1204 μήτε
1042 1129 1288 1196 ἀκοῦσαι,
1343 1131 1470 1183 ἀλλὰ
1521 1127 1660 1203 μηδὲ
1699 1152 1820 1204 φαν-

228 1225 430 1281 τασίαις
475 1219 868 1276 ἁνετυπωσατο.
933 1225 1032 1272 Καὶ
1072 1224 1129 1272 τὸ
1185 1221 1389 1272 πάντων
1447 1219 1816 1287 ἀπιστότατον,

227 1311 298 1360 ὃτι
357 1313 690 1380 πορευόμενοι
743 1311 874 1382 πρὸς
931 1307 1122 1383 Βορρᾶν
1183 1308 1269 1360 ἐπὶ
1325 1309 1562 1374 σελήνην,
1619 1312 1688 1370 ὡς
1736 1309 1819 1360 ἐπί

224 1416 332 1448 τινα
391 1403 486 1468 γῆν
559 1398 952 1469 καθαρωτάτην,
1021 1397 1245 1454 πλησίον
1315 1399 1566 1468 ἔγένοντο,
1612 1396 1714 1450 ἐκεῖ
1765 1418 1818 1450 τε

223 1491 474 1556 γενόμενοι
523 1481 686 1537 ἶδοιεν
737 1485 772 1537 ἆ
821 1485 952 1545 εἰκὸς
1006 1481 1066 1544 ἦν
1121 1482 1250 1537 ἰδεῖν
1275 1489 1360 1536 τὸν
1391 1489 1632 1544 τοιαύτην
1663 1489 1814 1560 ὑπερ-

223 1574 368 1632 ϐολὴν
419 1575 738 1646 πλασμάτων
791 1575 1288 1648 προαναπλάσαντα.
1351 1574 1472 1629 Εἶτα
1528 1582 1616 1629 καὶ
1659 1579 1728 1638 ὡς
1783 1579 1812 1636 ἡ

223 1663 434 1718 Σίϐυλλα
481 1669 578 1721 τὴν
628 1669 886 1736 μαντικὴν
935 1663 1034 1716 ἀπὸ
1087 1665 1368 1738 Καρμάνου
1415 1664 1640 1717 ἀνέλαϐε.
1675 1669 1818 1720 Μετά

1927 506 2194 562 habitare
2217 507 2514 579 quosdam
2530 524 2705 581 posse
2725 509 2838 564 sub
2857 509 2994 580 polo
3009 511 3246 580 arctico,
3273 515 3330 566 et
3349 517 3588 569 noctem

1929 596 2176 651 inveniri
2219 596 2395 652 unius
2439 599 2684 664 mensis,
2731 598 3032 670 aliamque
3072 615 3192 672 qua
3232 598 3586 668 breviorem,

1939 687 2152 755 111a
2183 702 2302 758 qua
2341 685 2689 757 longiorem,
2729 693 2790 742 ut
2831 704 2934 744 sex
2972 689 3150 744 etiam
3187 691 3504 756 mensium,
3533 695 3588 746 et

1932 791 2240 830 summum
2273 777 2414 830 anni
2457 775 2632 832 unius
2665 778 2922 849 spatium
2963 783 3173 834 teneat.
3207 777 3408 850 Neque
3444 794 3586 836 vero

1929 869 2165 920 noctem
2197 863 2392 920 solum
2425 881 2494 921 eo
2527 882 2718 938 usque
2755 865 3027 938 produci,
3063 867 3168 922 sed
3205 867 3366 922 diem
3406 869 3588 924 etiam

1929 954 2125 1025 ipsum
2141 953 2414 1010 noctibus
2435 955 2524 1010 his
2539 957 2923 1028 proportione
2944 956 3332 1029 respondere:
3350 955 3588 1029 aliaque

1929 1041 1990 1098 id
2004 1058 2241 1113 genusa
2259 1058 2322 1098 se
2343 1043 2737 1100 visanuntiat.
2752 1046 3026 1102 Homines
3044 1049 3183 1102 item
3203 1046 3587 1118 conspexisse

1931 1147 2012 1197 se,
2047 1137 2102 1187 et
2140 1133 2414 1205 quaedam
2465 1133 2582 1190 alia
2632 1133 2948 1202 fabulatur,
2991 1136 3194 1208 qualia
3241 1135 3586 1192 mortalium

1929 1236 2109 1276 nemo
2145 1221 2310 1288 vidit,
2361 1237 2468 1277 nec
2520 1223 2762 1288 audivit,
2815 1225 2920 1280 sed
2977 1241 3050 1280 ne
3107 1230 3302 1280 mente
3342 1225 3586 1296 quidem

1929 1310 2514 1367 efﬁnxit.Hocautem
2535 1311 2812 1368 omnium
2829 1315 3090 1369 maxime
3107 1329 3338 1369 omnem
3355 1313 3586 1370 excedit

1927 1398 2124 1462 ﬁdem,
2181 1401 2344 1472 quod
2395 1402 2644 1456 Boream
2699 1419 2900 1458 versus
2949 1403 3198 1474 profecti
3248 1403 3326 1458 ad
3373 1403 3586 1459 lunam

1927 1489 2200 1560 propius,
2227 1495 2514 1561 tanquam
2540 1490 2614 1544 ad
2639 1491 3026 1562 purissimam
3057 1491 3386 1564 quamdam
3419 1491 3588 1547 tellu-

1927 1593 2052 1633 rem
2095 1577 2230 1650 (26),
2259 1579 2633 1646 accesserint,
2671 1579 3060 1652 indidemque
3101 1597 3342 1636 cernere
3381 1585 3586 1652 potue-

1927 1667 2044 1723 rint
2068 1683 2136 1722 ea
2159 1684 2292 1740 quae
2324 1668 2552 1724 vidisse
2579 1685 2689 1740 par
2717 1675 2805 1724 est
2846 1686 2984 1724 eum
3027 1672 3130 1742 qui
3157 1686 3353 1740 nugas
3383 1671 3586 1742 hujus-

223 1749 276 1804 δε
319 1761 488 1804 ταῦτα
545 1753 626 1804 ὅτι
665 1755 830 1826 εὐχὰς
890 1751 1032 1816 ἰδίας
1077 1755 1298 1816 ἕκαστος
1335 1755 1552 1820 ηὔξατο,
1593 1759 1816 1816 καὶτοῖς

1931 1757 2090 1812 modi
2115 1773 2298 1828 supra
2326 1757 2508 1812 ﬁdem
2539 1757 2905 1814 conﬁnxerit.
2937 1759 3026 1814 Ad
3054 1759 3179 1816 haec
3210 1765 3266 1816 et
3293 1759 3584 1832 Sibyllam

219 1847 300 1914 μὲν
351 1841 528 1903 ἄλλοις
579 1842 782 1914 ἑκάστῳ
829 1847 1100 1896 συνέπεσεν
1163 1845 1336 1916 ὥσπερ
1391 1844 1604 1910 ηὔξατο,
1661 1847 1816 1898 αὑτὸν

221 1929 274 1984 δε
303 1951 460 2002 φησιν
517 1931 706 1984 ἐκεῖθεν
745 1931 1127 2004 ἁφυπνώσαντα
1181 1933 1252 1995 εἰς
1279 1935 1443 2006 Τύρον
1485 1933 1556 1994 εἰς
1595 1937 1680 1984 τὸν
1723 1940 1816 1985 τοῦ

215 2021 480 2094 Ἡρακλέος
539 2025 658 2072 νεὼν
707 2023 998 2096 εὑρεθῆναι,
1059 2022 1242 2074 ἐκεῖθέν
1275 2042 1328 2075 τε
1373 2021 1669 2074 ἀναστάντα
1721 2027 1814 2081 τήν

217 2131 264 2163 τε
291 2107 616 2184 Δερκυλλίδα
669 2117 760 2164 καὶ
809 2115 894 2164 τὸν
935 2117 1216 2166 Μαντινίαν
1261 2111 1486 2184 ἀνευρεῖν
1527 2111 1578 2165 εὖ
1619 2131 1815 2186 πεπρα-

217 2207 373 2272 lerat;
421 2205 512 2253 καὶ
563 2204 677 2260 τούς
726 2221 780 2254 τε
820 2209 987 2273 γονεῖς
1031 2209 1120 2254 τοῦ
1165 2209 1370 2274 μακροῦ
1425 2200 1813 2264 ἀπαλλάξαντας

217 2291 392 2356 ὕπνου,
461 2289 656 2362 μᾶλλον
706 2287 766 2344 δὲ
819 2291 1052 2364 ὀλέθρου,
1107 2297 1196 2344 καὶ
1245 2286 1404 2344 τᾶλλα
1447 2288 1812 2364 εὐδαιμονοῦν·

217 2399 322 2439 τας.

1924 1846 2290 1902 vaticinandi
2335 1851 2522 1902 artem
2565 1863 2602 1902 a
2647 1846 2938 1904 Carmane
2969 1847 3252 1904 didicisse
3282 1849 3480 1916 tradit,
3513 1867 3586 1906 ac

1925 1939 2066 1991 vota
2093 1939 2230 2008 post
2257 1935 2372 1990 ista
2398 1951 2701 2007 quemque
2743 1953 2853 1992 sua
2891 1942 2948 1993 et
2973 1954 3176 2008 preces
3207 1939 3580 2012 concepisse,

1925 2029 2106 2096 atque
2139 2029 2202 2080 ut
2220 2029 2522 2096 optarant,
2545 2041 2638 2080 res
2664 2025 2802 2081 dein
2830 2026 3076 2098 singulis
3097 2027 3420 2084 cecidisse:
3445 2028 3584 2085 hinc

1925 2114 2082 2170 enim
2129 2130 2160 2170 e
2209 2130 2422 2170 somno
2472 2113 2558 2171 ait
2606 2115 2926 2170 excitatum
2977 2132 3038 2170 se
3081 2117 3212 2188 Tyri
3253 2117 3318 2172 in
3361 2118 3584 2190 templo

1925 2203 2183 2260 Herculis
2227 2205 2342 2276 (27)
2385 2208 2689 2276 repertum
2745 2225 2760 2258 :
2807 2204 2968 2260 unde
3021 2222 3158 2262 cum
3215 2207 3582 2274 surrexisset,

1921 2293 2118 2364 ipsam
2146 2309 2392 2366 quoque
2425 2293 2759 2366 Dercyllida
2795 2297 2852 2350 et
2898 2295 3241 2350 Mantiniam
3269 2296 3581 2368 reperisse,

1923 2397 2060 2436 cum
2107 2389 2320 2438 cetera
2362 2381 2514 2438 belle
2557 2381 2848 2438 hactenus
2893 2384 3106 2453 egisse,
3153 2389 3279 2440 tum
3307 2391 3586 2458 parentes

215 2485 348 2524 suos
379 2485 412 2524 e
439 2468 626 2540 longo
655 2469 752 2525 illo
778 2469 900 2526 sive
931 2485 1166 2534 somno,
1189 2469 1308 2526 sive
1339 2469 1574 2526 interitu
1605 2469 1822 2541 potius,
1855 2469 2098 2526 feliciter
2127 2471 2416 2528 excitasse
2443 2471 2558 2544 (28)
2589 2471 2948 2545 beatamque
2973 2477 3154 2528 modo
3185 2473 3246 2528 in
3275 2474 3586 2530 omnibus-

215 2559 398 2613 vitam
429 2557 666 2614 ducere.

285 2653 466 2699 Ταῦτα
521 2646 710 2720 Κὺμϐα
752 2651 946 2708 Δεινίας
989 2644 1422 2721 διεμυθολόγησε,
1449 2653 1538 2701 καὶ
1567 2667 1816 2722 κυπαριτ-

221 2741 358 2797 τίνας
449 2733 670 2798 δέλτους
741 2742 1058 2808 προενεγκών
1135 2737 1399 2811 ἐγγράψαι
1475 2741 1663 2798 ταύτας
1731 2742 1816 2790 τὸν

221 2825 496 2884 Ἀθηναῖον
557 2822 892 2898 Ἐρασινίδην
967 2829 1014 2863 ²⁰
1091 2833 1428 2899 συνεπόμενον
1499 2836 1568 2898 τῷ
1632 2827 1818 2900 Κύμϐᾳ

221 2911 298 2984 (ἦν
349 2919 454 2988 γὰρ
509 2920 756 2986 τεχνίτης
821 2915 1010 2986 λόγων)
1060 2915 1470 2988 παρεκελεύσατο
1559 2913 1818 2980 ’Υπέὸειξε

221 3000 276 3055 ἴε
317 3007 492 3064 αὐτοῖς
549 3009 638 3056 καὶ
698 3009 790 3062 τὴν
841 3002 1156 3078 Δερκυλλίδα

675 3089 890 3156 δέλτους

1207 3027 1220 3038 ·
1269 3005 1400 3062 αὕτη
1459 3008 1556 3079 γὰρ
1589 3012 1678 3056 καὶ
1725 3009 1816 3068 τὰς

219 3098 586 3165 κυπαριττίνας
675 3098 858 3146 δέλτου
869 3115 890 3156 ς
992 3099 1192 3166 ἤνεγκε.

225 3183 400 3254 Κύμεᾳ
449 3179 590 3254 δίχα
629 3192 797 3236 ταῦτα
835 3186 900 3236 τὰ
946 3180 1465 3256 διαμυθολογηθέντα
1502 3184 1814 3258 αναγράψα-

1274 3095 1566 3166 Προσέταξέ
1635 3114 1688 3147 τε
1743 3103 1816 3165 τῷ

229 3273 362 3330 σθαι,
411 3279 500 3324 καὶ
558 3274 776 3346 θατέραν
819 3277 908 3344 μὲν
961 3281 1062 3326 τῶν
1102 3271 1294 3326 δέλτων
1334 3273 1490 3326 αὐτον
1530 3277 1690 3346 ἔχειν,
1723 3279 1816 3332 τὴν

231 3359 390 3434 ἑτέραν
429 3358 508 3424 δὲ,
567 3361 684 3414 καθ’
725 3362 780 3414 ὃν
829 3361 1062 3433 ἀποϐιῳη
1113 3367 1312 3436 καιρὸν,
1365 3367 1456 3420 τὴν
1502 3359 1818 3434 Δερκυλλίδα

235 3446 440 3504 πλησίον
467 3457 558 3502 τοῦ
587 3451 750 3522 τάφου
782 3449 1012 3521 κιϐωτίῳ
1039 3451 1366 3524 ἐμϐαλοῦσαν
1399 3454 1720 3506 καταθεῖναι.

299 3535 354 3588 Ὀ
381 3547 500 3608 γοῦν
531 3541 570 3574 ¹¹
603 3543 858 3610 Διογένης,
903 3542 928 3592 ὁ
957 3546 1048 3593 καὶ
1096 3540 1388 3608 Ἀντώνιος,
1443 3549 1610 3594 ταῦτα
1651 3544 1820 3594 πάντα

245 3631 422 3676 Δεινίαν
477 3631 770 3700 εἰσαγαγὼν
849 3633 979 3704 πρὸς
1067 3630 1281 3702 Κύμϐαν
1363 3633 1816 3705 τερατευσάμενον,

249 3713 370 3784 δξιωῖ
406 3719 588 3788 Ἱράῗει
639 3723 912 3790 Φαυστίνῳ
943 3721 1024 3772 ὅτι
1071 3739 1124 3772 τε
1165 3721 1436 3771 συντάττει
1481 3721 1526 3754 ¹²
1559 3723 1676 3792 περὶ
1721 3727 1819 3770 τῶν

255 3801 364 3876 ὑπὲρ
411 3807 606 3864 Θούλην
639 3807 898 3872 ἀπίστων,
951 3813 1038 3860 καὶ
1099 3810 1178 3860 ὅτι
1225 3817 1288 3881 τῇ
1339 3805 1532 3880 ἀδελφῇ
1569 3805 1824 3880 Ἰσιδώρᾳ

253 3891 518 3963 γιλομαθώς
554 3895 754 3970 ἑκούσῃ
813 3900 880 3950 τὰ
927 3893 1175 3970 δράματα
1223 3905 1534 3972 προσφωνεῖ.
1587 3901 1734 3968 Λέγει
1764 3893 1822 3950 δι

255 3977 408 4032 ἑαυτὸν
453 3985 526 4036 ὄτι
573 3991 798 4049 ποιητής
851 3989 963 4038 ἑστι
1001 3983 1284 4058 κωμῳδίας
1339 3986 1582 4052 παλαιᾶς,
1624 3991 1712 4038 καὶ
1744 3989 1823 4038 ὅτι

255 4066 396 4122 εἰκαὶ
439 4075 632 4128 ἄπιστα
675 4080 766 4128 καὶ
803 4071 976 4146 ψευδῆ
1025 4075 1262 4142 πλάττοι,
1321 4074 1426 4126 ἀλλ’
1481 4071 1568 4128 οὖν
1621 4079 1734 4147 ἔχει
1777 4077 1821 4111 ⁸³

255 4165 466 4228 περὶτῶν
517 4163 769 4216 πλείστων
825 4163 967 4234 αὐτῷ
1006 4164 1460 4236 μυθολογηθέντων
1508 4167 1552 4201 1⁸
1603 4164 1824 4240 ἀρχαιο-

253 4249 392 4316 τέρων
433 4257 732 4326 μαρτυρίας,
784 4251 838 4316 ἕξ
909 4253 976 4304 ὧν
1027 4257 1120 4304 σὺν
1181 4255 1399 4325 καμάτῳ
1455 4261 1620 4306 ταῦτα
1666 4275 1822 4306 συνα-

253 4335 278 4384 ε

1409 4433 1420 4444 ο

249 4417 366 4492 δρας
417 4431 462 4480 οἶ
505 4433 568 4482 τα
611 4437 826 4482 τοιαῦτα
875 4435 1326 4503 προαπεγήναντο,
1395 4433 1460 4492 ὡς
1529 4437 1599 4502 μὴ
1654 4429 1824 4484 δοκεῖν

247 4523 512 4590 μαρτυρίας
555 4523 800 4592 χηρεύειν
847 4523 912 4572 τα
949 4519 1178 4577 ἄπιστα,
1246 4519 1554 4578 Ἐπιστολὴν
1605 4525 1695 4594 μὲν
1737 4519 1824 4574 οὖν

251 4605 358 4652 κατ’
403 4605 564 4680 ἀρχὰς
607 4617 700 4662 τοῦ
773 4607 980 4682 βιϐλίου
1045 4611 1230 4684 γράφει
1283 4615 1408 4685 πρὸς
1459 4616 1552 4670 τὴν
1601 4608 1826 4684 ἁδελεοήν

253 4689 530 4768 Vandalicas,
561 4695 634 4751 δι’
659 4700 718 4758 ἧς
747 4699 790 4752 εἰ
821 4700 866 4734 ⁸⁵
899 4703 989 4752 καὶ
1013 4703 1107 4757 τὴν
1133 4706 1502 4774 προσφώνησιν
1549 4699 1678 4772 αὐτῇ
1729 4709 1826 4752 τῶν

255 4791 656 4860 συγγραμμάτων
714 4785 982 4840 δείκνυται
1027 4793 1392 4862 πεποιημένος,
1439 4789 1546 4842 ἀλλ’
1594 4786 1683 4842 οὖν
1723 4789 1828 4842 εἰσ-

1999 2648 2132 2704 Haec
2164 2648 2396 2720 Cymbre
2427 2649 2626 2706 Dinias
2657 2649 2928 2704 fabulose
2953 2650 3170 2715 retulit,
3213 2651 3583 2724 prolatisque

1927 2739 2288 2810 cupressinis
2341 2739 2580 2805 tabulis,
2627 2739 2950 2794 inscribere
3007 2755 3106 2794 eas
3169 2739 3334 2810 jubet
3383 2739 3582 2796 Erasi-

1927 2827 2132 2883 nidem
2171 2829 2612 2896 Atheniensem,
2645 2827 2886 2900 Cymbaa
2918 2829 3218 2893 comitem,
3255 2828 3582 2884 litterarum

1927 2933 2046 2972 non
2067 2917 3052 2989 imperitum.(lstenditetiamipsis
3081 2917 3410 2989 Dercyllida
3427 2918 3582 2986 (haec

1881 3005 1894 3020 ‘
1927 3007 2084 3064 enim
2117 3006 2498 3078 cupressinas
2544 3005 2668 3060 illas
2694 3005 2930 3061 tabulas
2962 3006 3176 3078 attulit)
3217 3007 3582 3080 Cymbaeque

1924 3097 2230 3166 negotium
2277 3095 2458 3160 dedit,
2502 3100 2564 3150 ut
2610 3095 2833 3166 duplici
2878 3095 3150 3167 exemplo
3177 3095 3260 3152 eis
3291 3097 3580 3152 hactenus

1927 3193 2170 3242 narrata
2199 3185 2660 3242 inscriberentur
2681 3202 2694 3240 :
2713 3191 2770 3241 et
2797 3185 3044 3240 alteram
3067 3186 3310 3257 quidem
3335 3185 3584 3242 tabella-

1926 3291 2059 3330 rum
2091 3275 2184 3330 ille
2227 3291 2412 3346 penes
2445 3291 2510 3330 se
2541 3275 2790 3330 haberet
2821 3293 2834 3334 :
2869 3273 3120 3330 alteram
3167 3291 3310 3330 vero
3350 3275 3588 3348 Dercyl-

1927 3363 2048 3420 lida
2069 3381 2208 3420 cum
2231 3381 2260 3420 e
2287 3365 2412 3420 vita
2433 3363 2801 3434 decessisset,
2829 3381 2938 3420 suo
2969 3365 3026 3420 in
3063 3365 3294 3420 tumulo
3325 3364 3586 3437 capsula:

1927 3454 2272 3525 impositam
2297 3454 2746 3510 collocaturam.

2001 3541 2294 3612 Diogenes
2340 3544 2536 3612 igitur,
2585 3543 2866 3615 idemque
2919 3544 3228 3610 Antonius,
3261 3544 3364 3615 qui
3407 3544 3590 3602 hasce

1929 3631 2442 3705 omnesprodigiis
2455 3631 2676 3686 similes
2691 3631 2928 3686 fabulas
2947 3633 3177 3688 Diniam
3199 3633 3592 3703 facitCymbaa

1929 3727 2298 3788 narrantem,
2331 3721 2610 3775 Faustino
2643 3724 2844 3776 tamen
2885 3721 3084 3776 scribit
3115 3737 3127 3774 :
3165 3723 3248 3776 De
3275 3720 3592 3776 incredibi-

1935 3811 2086 3866 libus
2123 3825 2205 3873 se,
2237 3825 2371 3882 qua:
2397 3809 2550 3864 ultra
2588 3809 2815 3864 Thulen
2847 3815 3054 3872 essent,
3089 3809 3364 3872 scribere,
3397 3814 3450 3863 et
3490 3807 3594 3864 lsi-

1932 3897 2093 3954 dorre
2135 3898 2343 3962 sorori,
2387 3897 2593 3952 litteris
2637 3913 2774 3952 cum
2807 3895 3018 3968 primis
3043 3897 3588 3968 deditre,limcipsa

1932 3987 2230 4042 dedicare.
2279 3985 2496 4041 Veteris
2547 3989 2831 4056 prreterea
2875 3986 3186 4041 comoediae
3235 3990 3478 4057 poetam
3529 4003 3592 4040 se

1933 4076 2234 4148 profitetur
2267 4093 2279 4130 :
2309 4091 2378 4131 ac
2403 4073 2724 4140 licetfalsa,
2749 4090 2939 4146 eaque
2957 4073 3592 4140 incredibiliaﬁnxerit,

1933 4165 2156 4222 habere
2183 4170 2382 4220 tamen
2406 4163 2478 4220 de
2510 4163 2602 4218 his
2633 4163 2778 4234 ipsis
2807 4161 3023 4218 fabulis
3046 4168 3219 4218 testes
3241 4163 3416 4232 longe
3443 4164 3596 4218 anti-

1934 4255 2198 4328 quiores,
2223 4270 2254 4310 e
2273 4269 2532 4326 quorum
2556 4253 2790 4324 scriptis
2815 4269 3056 4308 summo
3083 4253 3214 4308 haec
3233 4251 3436 4308 labore
3457 4269 3593 4308 con-

279 4343 454 4404 seia-ns
481 4361 493 4372 ·
521 4345 798 4416 προτάττει
843 4337 902 4394 δι
939 4347 1032 4393 καὶ
1078 4341 1304 4394 ἑκάστου
1337 4340 1546 4414 βιϐλίου
1587 4347 1706 4406 τοὺς
1738 4345 1819 4394 ἄν-

1937 4344 2155 4401 tulerit.
2190 4343 2447 4414 Singulis
2482 4342 2700 4398 deinde
2739 4341 2904 4398 libris
2931 4346 3206 4397 auctores
3239 4341 3466 4404 laudat,
3491 4343 3594 4414 qui

1936 4433 2144 4490 eadem
2185 4437 2363 4488 antea
2403 4433 2464 4488 iu
2495 4432 2716 4488 litteras
2757 4430 3044 4496 miserint,
3079 4447 3154 4486 ne
3201 4435 3346 4487 teste
3379 4432 3598 4488 scilicet

1937 4522 2155 4578 idoneo
2199 4538 2400 4578 carere
2447 4521 2626 4576 etiam
2677 4519 3044 4576 incredibilia
3082 4521 3182 4577 illa
3233 4521 3594 4576 viderentur.

1937 4614 2075 4682 Ipso
2131 4611 2308 4680 igitur
2363 4609 2562 4682 operis
2613 4607 2780 4666 initio
2823 4607 3135 4680 epistolam
3185 4607 3260 4664 ad
3311 4608 3597 4664 Isidoram

1937 4715 2206 4756 sororem
2236 4699 2454 4766 scribit,
2483 4715 2602 4770 qua
2643 4697 2776 4754 licet
2811 4697 2926 4754 hoc
2961 4700 3003 4768 1
3023 4699 3173 4768 ιιό
3203 4697 3283 4754 illi
3319 4697 3596 4754 volumen

1938 4791 2293 4863 inscriptum
2325 4805 2450 4846 esse
2490 4787 2790 4854 ostendat,
2835 4787 3152 4858 Balagrum
3195 4787 3378 4844 nihilo
3405 4789 3597 4843 secius

1615 4931 1844 4986 VARUS
1887 4932 2284 4988 LECTlONES.

313 5061 360 5094 ³⁸
431 5059 765 5136 Ἐρασινίδην
797 5061 1040 5121 ἆθηναίον
1073 5071 1132 5118 Δ.
1211 5065 1254 5102 ¹¹
1283 5064 1434 5140 γοῦν]
1467 5067 1568 5140 γὰρ
1601 5071 1646 5120 Α
1681 5083 1694 5134 ;
1729 5064 1935 5122 malim
1962 5061 2014 5118 δ’
2045 5061 2132 5119 οὖν
2211 5067 2254 5102 ⁸³
2291 5067 2560 5118 συντάττω
2599 5065 2666 5120 Α.
2743 5065 2788 5102 ¹³
2817 5067 2936 5138 ἔχοι
2966 5085 3019 5130 ς.

239 5147 578 5208 addendum
611 5156 750 5210 ante
781 5169 1116 5236 pronomen
1137 5162 1262 5212 τῶν.
1349 5156 1396 5191 ¹⁸
1427 5159 1471 5208 εἰ
1499 5171 1620 5212 om.
1653 5161 1714 5210 Α.

3102 5063 3148 5100 ¹⁸
3169 5060 3504 5136 μυθολ.αὗτῷ
3533 5082 3586 5126 ς’.

1807 5279 2031 5337 ΝΟΤᾹΞ.

305 5403 418 5472 (26)
451 5403 710 5478 Habitari
737 5404 796 5460 in
833 5403 996 5478 luna,
1019 5421 1276 5478 eamque
1296 5421 1430 5478 esse
1455 5409 1668 5464 terram
1689 5405 1836 5462 mul-

239 5473 428 5551 tarum
453 5477 690 5551 urbium
711 5483 766 5551 et
785 5477 1076 5551 montium
1095 5473 1392 5534 diiitolim
1419 5479 1831 5551 Xenophanes,

241 5547 498 5622 utretert
524 5547 676 5622 _Cic.,
719 5549 908 5606 Acad.
951 5549 1183 5616 Οιιᾶξειη
1213 5555 1422 5622 quaest.
1457 5551 1506 5622 4.

309 5617 578 5698 ('27)_Vide
619 5621 870 5686 Arrian.,
909 5615 1088 5692 ωτι,
1115 5615 1308 5692 ϐινεὲη
1343 5615 1578 5698 Gyrald.
1605 5621 1678 5676 de
1717 5621 1832 5678 hoc

243 5679 492 5745 Hercule.

2025 5407 2140 5480 (28)
2173 5405 2378 5480 Herbis
2421 5405 2600 5480 etiam
2647 5403 2924 5461 homines
2959 5403 3040 5462 ad
3077 5404 3599 5480 vitamrevocatos

1943 5477 2434 5552 {abulaturkl’lim
2467 5477 2734 5552 lib.__xxv,
2772 5493 2908 5552 cap.
2947 5481 3002 5542 2,
3034 5477 3384 5552 etApollod.
3409 5479 3506 5536 lib.
3541 5497 3598 5534 iu

1941 5549 2214 5606 Biblioth.
2244 5548 2530 5605 Glaucum
2561 5549 2767 5605 Minois
2793 5548 2980 5605 tilium
2999 5549 3082 5606 sic
3103 5548 3347 5624 quoque
3363 5553 3495 5608 vitae
3513 5567 3598 5608 re-

1942 5623 2212 5678 stitutum
2243 5621 2434 5677 refert.
