  <div class='ocr_page' id='page_1' title='image "/cluster/home/n/w/nwhite01/storage/ocr_20150623/103/hvd.32044054112495/253.png"; bbox 0 0 4136 6216; ppageno 0'>
   <div class='ocr_carea' id='block_1_1' title="bbox 591 310 3885 389">
    <p class='ocr_par' dir='ltr' id='par_1_1' title="bbox 591 310 3885 389">
     <span class='ocr_line' id='line_1_1' title="bbox 591 310 3885 389; baseline -0.001 0"><span class='ocrx_word' id='word_1_1' title='bbox 591 310 697 389; x_wconf 67' lang='grc'><strong>475</strong></span> <span class='ocrx_word' id='word_1_2' title='bbox 1840 327 2073 384; x_wconf 78' lang='lat' dir='ltr'><strong>pacm</strong></span> <span class='ocrx_word' id='word_1_3' title='bbox 2113 325 2575 383; x_wconf 70' lang='lat' dir='ltr'><strong>PATRIARCH/E</strong></span> <span class='ocrx_word' id='word_1_4' title='bbox 2615 323 2720 380; x_wconf 66' lang='grc' dir='ltr'>ριν.</span> <span class='ocrx_word' id='word_1_5' title='bbox 3804 332 3885 387; x_wconf 74' lang='grc' dir='ltr'><strong>ιιι</strong></span> 
     </span>
    </p>
   </div>
   <div class='ocr_carea' id='block_1_2' title="bbox 594 450 2227 533">
    <p class='ocr_par' dir='ltr' id='par_1_2' title="bbox 594 451 2226 533">
     <span class='ocr_line' id='line_1_2' title="bbox 594 451 2226 533; baseline -0.006 -17"><span class='ocrx_word' id='word_1_6' title='bbox 594 454 921 533; x_wconf 86' lang='lat' dir='ltr'><strong>quemdam</strong></span> <span class='ocrx_word' id='word_1_7' title='bbox 962 457 1043 514; x_wconf 87' lang='lat' dir='ltr'><strong>ibi</strong></span> <span class='ocrx_word' id='word_1_8' title='bbox 1070 454 1239 513; x_wconf 84' lang='lat' dir='ltr'><strong>uxori</strong></span> <span class='ocrx_word' id='word_1_9' title='bbox 1271 471 1417 522; x_wconf 68' lang='lat' dir='ltr'><strong>sum,</strong></span> <span class='ocrx_word' id='word_1_10' title='bbox 1452 455 1633 512; x_wconf 62' lang='lat' dir='ltr'><strong>Philas</strong></span> <span class='ocrx_word' id='word_1_11' title='bbox 1662 453 1925 518; x_wconf 84' lang='lat' dir='ltr'><strong>nomine,</strong></span> <span class='ocrx_word' id='word_1_12' title='bbox 1958 451 2226 524; x_wconf 86' lang='lat' dir='ltr'><strong>Antipatr</strong></span> 
     </span>
    </p>
   </div>
   <div class='ocr_carea' id='block_1_3' title="bbox 2254 450 3887 533">
    <p class='ocr_par' dir='ltr' id='par_1_3' title="bbox 2278 450 3887 529">
     <span class='ocr_line' id='line_1_3' title="bbox 2278 450 3887 529; baseline 0.002 -24"><span class='ocrx_word' id='word_1_13' title='bbox 2278 451 2321 505; x_wconf 89' lang='lat' dir='ltr'><strong>A</strong></span> <span class='ocrx_word' id='word_1_14' title='bbox 2358 452 2474 523; x_wconf 88' lang='grc' dir='ltr'>άγει</span> <span class='ocrx_word' id='word_1_15' title='bbox 2504 450 2765 526; x_wconf 86' lang='grc' dir='ltr'>Βάλαγρον</span> <span class='ocrx_word' id='word_1_16' title='bbox 2822 451 2946 523; x_wconf 77' lang='grc'>[364</span> <span class='ocrx_word' id='word_1_17' title='bbox 3003 451 3107 524; x_wconf 78' lang='grc' dir='ltr'><strong>Β.]</strong></span> <span class='ocrx_word' id='word_1_18' title='bbox 3156 455 3279 529; x_wconf 83' lang='grc' dir='ltr'>πρὸς</span> <span class='ocrx_word' id='word_1_19' title='bbox 3334 458 3426 514; x_wconf 69' lang='grc' dir='ltr'>τὴν</span> <span class='ocrx_word' id='word_1_20' title='bbox 3474 455 3657 509; x_wconf 75' lang='grc' dir='ltr'><strong>οἰκείαν</strong></span> <span class='ocrx_word' id='word_1_21' title='bbox 3683 465 3887 529; x_wconf 74' lang='grc' dir='ltr'>γυναῖκα,</span> 
     </span>
    </p>
   </div>
   <div class='ocr_carea' id='block_1_4' title="bbox 592 539 2225 617">
    <p class='ocr_par' dir='ltr' id='par_1_4' title="bbox 592 539 2225 617">
     <span class='ocr_line' id='line_1_4' title="bbox 592 539 2225 617; baseline -0.006 -13"><span class='ocrx_word' id='word_1_22' title='bbox 592 548 750 613; x_wconf 66' lang='lat' dir='ltr'><strong>ﬁliae,</strong></span> <span class='ocrx_word' id='word_1_23' title='bbox 806 548 1155 604; x_wconf 82' lang='lat' dir='ltr'><strong>scribentem</strong></span> <span class='ocrx_word' id='word_1_24' title='bbox 1222 550 1686 617; x_wconf 87' lang='lat' dir='ltr'><strong>narrantemque</strong></span> <span class='ocrx_word' id='word_1_25' title='bbox 1744 543 1900 608; x_wconf 85' lang='lat' dir='ltr'><strong>facit,</strong></span> <span class='ocrx_word' id='word_1_26' title='bbox 1975 558 2110 597; x_wconf 92' lang='lat' dir='ltr'><strong>cum</strong></span> <span class='ocrx_word' id='word_1_27' title='bbox 2174 539 2225 596; x_wconf 88' lang='lat' dir='ltr'><strong>al</strong></span> 
     </span>
    </p>
   </div>
   <div class='ocr_carea' id='block_1_5' title="bbox 2257 539 3890 617">
    <p class='ocr_par' dir='ltr' id='par_1_5' title="bbox 2357 541 3890 617">
     <span class='ocr_line' id='line_1_5' title="bbox 2357 541 3890 617; baseline 0.005 -26"><span class='ocrx_word' id='word_1_28' title='bbox 2357 541 2510 594; x_wconf 75' lang='grc' dir='ltr'>Φίλαν</span> <span class='ocrx_word' id='word_1_29' title='bbox 2564 543 2808 613; x_wconf 73' lang='grc' dir='ltr'>τοῦνομα,</span> <span class='ocrx_word' id='word_1_30' title='bbox 2853 543 3117 616; x_wconf 75' lang='grc' dir='ltr'>γράφοντα</span> <span class='ocrx_word' id='word_1_31' title='bbox 3174 545 3420 617; x_wconf 88' lang='grc' dir='ltr'>(θυγάτηρ</span> <span class='ocrx_word' id='word_1_32' title='bbox 3478 543 3533 598; x_wconf 73' lang='grc' dir='ltr'><strong>δὲ</strong></span> <span class='ocrx_word' id='word_1_33' title='bbox 3579 543 3635 603; x_wconf 74' lang='grc' dir='ltr'>ἦν</span> <span class='ocrx_word' id='word_1_34' title='bbox 3685 545 3890 601; x_wconf 81' lang='grc' dir='ltr'>Ἀντιπά-</span> 
     </span>
    </p>
   </div>
   <div class='ocr_carea' id='block_1_6' title="bbox 594 631 2227 708">
    <p class='ocr_par' dir='ltr' id='par_1_6' title="bbox 594 635 2221 705">
     <span class='ocr_line' id='line_1_6' title="bbox 594 635 2221 705; baseline -0.006 -12"><span class='ocrx_word' id='word_1_35' title='bbox 594 638 924 693; x_wconf 85' lang='lat' dir='ltr'><strong>Alexandro</strong></span> <span class='ocrx_word' id='word_1_36' title='bbox 970 636 1361 692; x_wconf 86' lang='lat' dir='ltr'><strong>Macedonum</strong></span> <span class='ocrx_word' id='word_1_37' title='bbox 1401 650 1539 704; x_wconf 87' lang='lat' dir='ltr'><strong>rege</strong></span> <span class='ocrx_word' id='word_1_38' title='bbox 1584 635 1772 705; x_wconf 87' lang='lat' dir='ltr'><strong>Tyrus</strong></span> <span class='ocrx_word' id='word_1_39' title='bbox 1808 636 2141 703; x_wconf 81' lang='lat' dir='ltr'><strong>caperetur,</strong></span> <span class='ocrx_word' id='word_1_40' title='bbox 2192 646 2221 685; x_wconf 93' lang='lat' dir='ltr'><strong>e</strong></span> 
     </span>
    </p>
   </div>
   <div class='ocr_carea' id='block_1_7' title="bbox 2260 631 3893 708">
    <p class='ocr_par' dir='ltr' id='par_1_7' title="bbox 2354 631 3893 708">
     <span class='ocr_line' id='line_1_7' title="bbox 2354 631 3893 708; baseline 0.004 -27"><span class='ocrx_word' id='word_1_41' title='bbox 2354 649 2477 704; x_wconf 89' lang='grc' dir='ltr'>τρου</span> <span class='ocrx_word' id='word_1_42' title='bbox 2518 631 2674 701; x_wconf 73' lang='grc' dir='ltr'>αὕτη)</span> <span class='ocrx_word' id='word_1_43' title='bbox 2715 632 2794 682; x_wconf 86' lang='grc' dir='ltr'>ὅτι</span> <span class='ocrx_word' id='word_1_44' title='bbox 2848 639 2936 691; x_wconf 78' lang='grc' dir='ltr'>τῆς</span> <span class='ocrx_word' id='word_1_45' title='bbox 2984 635 3153 704; x_wconf 78' lang='grc' dir='ltr'>Τύρου</span> <span class='ocrx_word' id='word_1_46' title='bbox 3205 635 3300 685; x_wconf 80' lang='grc' dir='ltr'><strong>ὑπό</strong></span> <span class='ocrx_word' id='word_1_47' title='bbox 3330 631 3662 706; x_wconf 78' lang='grc' dir='ltr'>Ἀλεξάνδρου</span> <span class='ocrx_word' id='word_1_48' title='bbox 3701 643 3780 687; x_wconf 74' lang='grc' dir='ltr'>τοῦ</span> <span class='ocrx_word' id='word_1_49' title='bbox 3816 634 3893 708; x_wconf 78' lang='grc' dir='ltr'><strong>βα-</strong></span> 
     </span>
    </p>
   </div>
   <div class='ocr_carea' id='block_1_8' title="bbox 592 716 2225 797">
    <p class='ocr_par' dir='ltr' id='par_1_8' title="bbox 592 720 2225 797">
     <span class='ocr_line' id='line_1_8' title="bbox 592 720 2225 797; baseline -0.005 -16"><span class='ocrx_word' id='word_1_50' title='bbox 592 727 746 795; x_wconf 87' lang='lat' dir='ltr'><strong>ignis</strong></span> <span class='ocrx_word' id='word_1_51' title='bbox 774 726 1029 797; x_wconf 88' lang='lat' dir='ltr'><strong>plurima</strong></span> <span class='ocrx_word' id='word_1_52' title='bbox 1061 724 1417 789; x_wconf 85' lang='lat' dir='ltr'><strong>devastaret,</strong></span> <span class='ocrx_word' id='word_1_53' title='bbox 1464 723 1693 777; x_wconf 86' lang='lat' dir='ltr'><strong>venisse</strong></span> <span class='ocrx_word' id='word_1_54' title='bbox 1724 721 1801 777; x_wconf 90' lang='lat' dir='ltr'><strong>ad</strong></span> <span class='ocrx_word' id='word_1_55' title='bbox 1842 720 2225 775; x_wconf 83' lang='lat' dir='ltr'><strong>Alexandruu</strong></span> 
     </span>
    </p>
   </div>
   <div class='ocr_carea' id='block_1_9' title="bbox 2257 716 3890 797">
    <p class='ocr_par' dir='ltr' id='par_1_9' title="bbox 2357 716 3890 797">
     <span class='ocr_line' id='line_1_9' title="bbox 2357 716 3890 797; baseline 0.004 -28"><span class='ocrx_word' id='word_1_56' title='bbox 2357 719 2539 780; x_wconf 85' lang='grc' dir='ltr'>σιλέως</span> <span class='ocrx_word' id='word_1_57' title='bbox 2590 716 2895 774; x_wconf 78' lang='grc' dir='ltr'><strong>Μακεδόνων</strong></span> <span class='ocrx_word' id='word_1_58' title='bbox 2949 721 3020 781; x_wconf 88' lang='grc' dir='ltr'><strong>εἰς</strong></span> <span class='ocrx_word' id='word_1_59' title='bbox 3072 720 3261 774; x_wconf 80' lang='grc' dir='ltr'>ἅλωσιν</span> <span class='ocrx_word' id='word_1_60' title='bbox 3318 722 3561 785; x_wconf 76' lang='grc' dir='ltr'><strong>ἐλθούσης</strong></span> <span class='ocrx_word' id='word_1_61' title='bbox 3593 728 3674 775; x_wconf 87' lang='grc' dir='ltr'>καὶ</span> <span class='ocrx_word' id='word_1_62' title='bbox 3702 730 3813 797; x_wconf 85' lang='grc' dir='ltr'>πυρὶ</span> <span class='ocrx_word' id='word_1_63' title='bbox 3840 728 3890 775; x_wconf 83' lang='grc' dir='ltr'>τὰ</span> 
     </span>
    </p>
   </div>
   <div class='ocr_carea' id='block_1_10' title="bbox 594 806 2227 888">
    <p class='ocr_par' dir='ltr' id='par_1_10' title="bbox 594 808 2223 888">
     <span class='ocr_line' id='line_1_10' title="bbox 594 808 2223 888; baseline -0.004 -19"><span class='ocrx_word' id='word_1_64' title='bbox 594 815 861 880; x_wconf 83' lang='lat' dir='ltr'><strong>militem,</strong></span> <span class='ocrx_word' id='word_1_65' title='bbox 899 815 1000 888; x_wconf 91' lang='lat' dir='ltr'><strong>qui</strong></span> <span class='ocrx_word' id='word_1_66' title='bbox 1050 830 1111 870; x_wconf 91' lang='lat' dir='ltr'><strong>se</strong></span> <span class='ocrx_word' id='word_1_67' title='bbox 1152 813 1531 885; x_wconf 86' lang='lat' dir='ltr'><strong>peregrinum</strong></span> <span class='ocrx_word' id='word_1_68' title='bbox 1564 811 1731 884; x_wconf 87' lang='lat' dir='ltr'><strong>quid,</strong></span> <span class='ocrx_word' id='word_1_69' title='bbox 1766 816 2095 883; x_wconf 81' lang='lat' dir='ltr'><strong>praeterque</strong></span> <span class='ocrx_word' id='word_1_70' title='bbox 2127 808 2223 879; x_wconf 88' lang='lat' dir='ltr'><strong>opi</strong></span> 
     </span>
    </p>
   </div>
   <div class='ocr_carea' id='block_1_11' title="bbox 2262 806 3895 888">
    <p class='ocr_par' dir='ltr' id='par_1_11' title="bbox 2354 806 3895 881">
     <span class='ocr_line' id='line_1_11' title="bbox 2354 806 3895 881; baseline 0.003 -21"><span class='ocrx_word' id='word_1_71' title='bbox 2354 808 2573 861; x_wconf 84' lang='grc' dir='ltr'>πλεῖστα</span> <span class='ocrx_word' id='word_1_72' title='bbox 2630 806 3021 871; x_wconf 77' lang='grc' dir='ltr'>δάπανηθείσης</span> <span class='ocrx_word' id='word_1_73' title='bbox 3068 818 3391 881; x_wconf 79' lang='grc' dir='ltr'><strong>στρατιώτης</strong></span> <span class='ocrx_word' id='word_1_74' title='bbox 3430 814 3545 871; x_wconf 79' lang='grc' dir='ltr'>ἧκεν</span> <span class='ocrx_word' id='word_1_75' title='bbox 3583 813 3652 874; x_wconf 80' lang='grc' dir='ltr'>ὡς</span> <span class='ocrx_word' id='word_1_76' title='bbox 3684 814 3724 847; x_wconf 79' lang='grc'>¹⁶</span> <span class='ocrx_word' id='word_1_77' title='bbox 3750 811 3895 875; x_wconf 81' lang='grc' dir='ltr'>Ἀλέξ-</span> 
     </span>
    </p>
   </div>
   <div class='ocr_carea' id='block_1_12' title="bbox 592 895 2225 973">
    <p class='ocr_par' dir='ltr' id='par_1_12' title="bbox 592 898 2225 970">
     <span class='ocr_line' id='line_1_12' title="bbox 592 898 2225 970; baseline -0.004 -11"><span class='ocrx_word' id='word_1_78' title='bbox 592 904 831 961; x_wconf 88' lang='lat' dir='ltr'><strong>nionem</strong></span> <span class='ocrx_word' id='word_1_79' title='bbox 864 903 1257 960; x_wconf 89' lang='lat' dir='ltr'><strong>indicandum</strong></span> <span class='ocrx_word' id='word_1_80' title='bbox 1270 902 1492 958; x_wconf 88' lang='lat' dir='ltr'><strong>habere</strong></span> <span class='ocrx_word' id='word_1_81' title='bbox 1506 901 1741 957; x_wconf 88' lang='lat' dir='ltr'><strong>diceret.</strong></span> <span class='ocrx_word' id='word_1_82' title='bbox 1767 900 1907 954; x_wconf 87' lang='lat' dir='ltr'><strong>Esse</strong></span> <span class='ocrx_word' id='word_1_83' title='bbox 1925 900 2085 954; x_wconf 90' lang='lat' dir='ltr'><strong>enim</strong></span> <span class='ocrx_word' id='word_1_84' title='bbox 2100 898 2225 970; x_wconf 80' lang='lat' dir='ltr'><strong>quic</strong></span> 
     </span>
    </p>
   </div>
   <div class='ocr_carea' id='block_1_13' title="bbox 2259 895 3892 973">
    <p class='ocr_par' dir='ltr' id='par_1_13' title="bbox 2355 895 3892 973">
     <span class='ocr_line' id='line_1_13' title="bbox 2355 895 3892 973; baseline 0.001 -23"><span class='ocrx_word' id='word_1_85' title='bbox 2355 895 2563 970; x_wconf 83' lang='grc' dir='ltr'>ανδρον,</span> <span class='ocrx_word' id='word_1_86' title='bbox 2644 898 2778 961; x_wconf 83' lang='grc' dir='ltr'>ξένον</span> <span class='ocrx_word' id='word_1_87' title='bbox 2851 918 2900 951; x_wconf 89' lang='grc' dir='ltr'><strong>τι</strong></span> <span class='ocrx_word' id='word_1_88' title='bbox 2974 904 3063 951; x_wconf 86' lang='grc' dir='ltr'>καὶ</span> <span class='ocrx_word' id='word_1_89' title='bbox 3135 898 3429 973; x_wconf 80' lang='grc' dir='ltr'>παραδοξον</span> <span class='ocrx_word' id='word_1_90' title='bbox 3491 901 3639 971; x_wconf 87' lang='grc' dir='ltr'>λέγων</span> <span class='ocrx_word' id='word_1_91' title='bbox 3697 906 3892 973; x_wconf 75' lang='grc' dir='ltr'><strong>μηνύειν,</strong></span> 
     </span>
    </p>
   </div>
   <div class='ocr_carea' id='block_1_14' title="bbox 593 984 2226 1065">
    <p class='ocr_par' dir='ltr' id='par_1_14' title="bbox 593 988 2226 1065">
     <span class='ocr_line' id='line_1_14' title="bbox 593 988 2226 1065; baseline -0.006 -15"><span class='ocrx_word' id='word_1_92' title='bbox 593 999 757 1050; x_wconf 82' lang='lat' dir='ltr'><strong>extra</strong></span> <span class='ocrx_word' id='word_1_93' title='bbox 800 993 1093 1065; x_wconf 89' lang='lat' dir='ltr'><strong>oppidum</strong></span> <span class='ocrx_word' id='word_1_94' title='bbox 1154 996 1426 1063; x_wconf 90' lang='lat' dir='ltr'><strong>spectatu</strong></span> <span class='ocrx_word' id='word_1_95' title='bbox 1478 991 1747 1061; x_wconf 90' lang='lat' dir='ltr'><strong>dignum.</strong></span> <span class='ocrx_word' id='word_1_96' title='bbox 1775 988 1995 1060; x_wconf 82' lang='lat' dir='ltr'><strong>Regem</strong></span> <span class='ocrx_word' id='word_1_97' title='bbox 2044 989 2226 1059; x_wconf 63' lang='lat' dir='ltr'><strong>itaqu:</strong></span> 
     </span>
    </p>
   </div>
   <div class='ocr_carea' id='block_1_15' title="bbox 2264 984 3897 1065">
    <p class='ocr_par' dir='ltr' id='par_1_15' title="bbox 2355 984 3897 1062">
     <span class='ocr_line' id='line_1_15' title="bbox 2355 984 3897 1062; baseline 0.002 -24"><span class='ocrx_word' id='word_1_98' title='bbox 2355 985 2484 1039; x_wconf 86' lang='grc' dir='ltr'>εἶναι</span> <span class='ocrx_word' id='word_1_99' title='bbox 2524 984 2583 1040; x_wconf 71' lang='grc' dir='ltr'><strong>δὲ</strong></span> <span class='ocrx_word' id='word_1_100' title='bbox 2634 992 2691 1039; x_wconf 86' lang='grc' dir='ltr'>τὸ</span> <span class='ocrx_word' id='word_1_101' title='bbox 2739 991 2905 1059; x_wconf 88' lang='grc' dir='ltr'>θέαμα</span> <span class='ocrx_word' id='word_1_102' title='bbox 2931 997 3019 1049; x_wconf 84' lang='grc' dir='ltr'>τῆς</span> <span class='ocrx_word' id='word_1_103' title='bbox 3073 990 3265 1050; x_wconf 84' lang='grc' dir='ltr'>πόλεως</span> <span class='ocrx_word' id='word_1_104' title='bbox 3321 990 3431 1052; x_wconf 85' lang='grc' dir='ltr'>ἔξω.</span> <span class='ocrx_word' id='word_1_105' title='bbox 3478 990 3533 1041; x_wconf 80' lang='grc' dir='ltr'>Ὀ</span> <span class='ocrx_word' id='word_1_106' title='bbox 3584 986 3639 1042; x_wconf 74' lang='grc' dir='ltr'><strong>δὲ</strong></span> <span class='ocrx_word' id='word_1_107' title='bbox 3693 989 3897 1062; x_wconf 79' lang='grc' dir='ltr'>βασιλεὺς</span> 
     </span>
    </p>
   </div>
   <div class='ocr_carea' id='block_1_16' title="bbox 593 1075 2226 1153">
    <p class='ocr_par' dir='ltr' id='par_1_16' title="bbox 593 1075 2226 1153">
     <span class='ocr_line' id='line_1_16' title="bbox 593 1075 2226 1153; baseline -0.006 -15"><span class='ocrx_word' id='word_1_108' title='bbox 593 1082 920 1153; x_wconf 79' lang='lat' dir='ltr'><strong>assumptis</strong></span> <span class='ocrx_word' id='word_1_109' title='bbox 951 1097 1072 1137; x_wconf 88' lang='lat' dir='ltr'><strong>una</strong></span> <span class='ocrx_word' id='word_1_110' title='bbox 1099 1097 1298 1136; x_wconf 90' lang='lat' dir='ltr'><strong>secum</strong></span> <span class='ocrx_word' id='word_1_111' title='bbox 1343 1079 1759 1151; x_wconf 71' lang='lat' dir='ltr'><strong>Hephaestione</strong></span> <span class='ocrx_word' id='word_1_112' title='bbox 1779 1084 1831 1133; x_wconf 92' lang='lat' dir='ltr'><strong>et</strong></span> <span class='ocrx_word' id='word_1_113' title='bbox 1856 1075 2226 1132; x_wconf 65' lang='lat' dir='ltr'><strong>Parmenioni</strong></span> 
     </span>
    </p>
   </div>
   <div class='ocr_carea' id='block_1_17' title="bbox 2262 1075 3895 1153">
    <p class='ocr_par' dir='ltr' id='par_1_17' title="bbox 2352 1075 3895 1152">
     <span class='ocr_line' id='line_1_17' title="bbox 2352 1075 3895 1152; baseline -0.001 -21"><span class='ocrx_word' id='word_1_114' title='bbox 2352 1075 2707 1148; x_wconf 75' lang='grc' dir='ltr'>Ἡφαιστίωνα</span> <span class='ocrx_word' id='word_1_115' title='bbox 2799 1082 2887 1129; x_wconf 76' lang='grc' dir='ltr'>καὶ</span> <span class='ocrx_word' id='word_1_116' title='bbox 2957 1083 3295 1151; x_wconf 87' lang='grc' dir='ltr'>Παρμενίωνα</span> <span class='ocrx_word' id='word_1_117' title='bbox 3373 1078 3767 1152; x_wconf 78' lang='grc' dir='ltr'>συμπαραλαϐὼν</span> <span class='ocrx_word' id='word_1_118' title='bbox 3838 1080 3895 1130; x_wconf 75' lang='lat' dir='ltr'><strong>ci-</strong></span> 
     </span>
    </p>
   </div>
   <div class='ocr_carea' id='block_1_18' title="bbox 594 1165 2227 1241">
    <p class='ocr_par' dir='ltr' id='par_1_18' title="bbox 594 1165 2225 1238">
     <span class='ocr_line' id='line_1_18' title="bbox 594 1165 2225 1238; baseline -0.004 -12"><span class='ocrx_word' id='word_1_119' title='bbox 594 1171 789 1235; x_wconf 87' lang='lat' dir='ltr'><strong>sociis,</strong></span> <span class='ocrx_word' id='word_1_120' title='bbox 813 1171 1058 1227; x_wconf 90' lang='lat' dir='ltr'><strong>militem</strong></span> <span class='ocrx_word' id='word_1_121' title='bbox 1078 1176 1344 1227; x_wconf 90' lang='lat' dir='ltr'><strong>secutum</strong></span> <span class='ocrx_word' id='word_1_122' title='bbox 1367 1170 1441 1225; x_wconf 89' lang='lat' dir='ltr'><strong>ad</strong></span> <span class='ocrx_word' id='word_1_123' title='bbox 1472 1168 1730 1223; x_wconf 85' lang='lat' dir='ltr'><strong>tumulos</strong></span> <span class='ocrx_word' id='word_1_124' title='bbox 1749 1184 1779 1223; x_wconf 90' lang='lat' dir='ltr'><strong>e</strong></span> <span class='ocrx_word' id='word_1_125' title='bbox 1802 1165 1999 1238; x_wconf 85' lang='lat' dir='ltr'><strong>lapide</strong></span> <span class='ocrx_word' id='word_1_126' title='bbox 2023 1166 2225 1220; x_wconf 84' lang='lat' dir='ltr'><strong>subter</strong></span> 
     </span>
    </p>
   </div>
   <div class='ocr_carea' id='block_1_19' title="bbox 2263 1165 3896 1241">
    <p class='ocr_par' dir='ltr' id='par_1_19' title="bbox 2356 1167 3896 1241">
     <span class='ocr_line' id='line_1_19' title="bbox 2356 1167 3896 1241; baseline 0 -24"><span class='ocrx_word' id='word_1_127' title='bbox 2356 1185 2509 1218; x_wconf 82' lang='grc' dir='ltr'>ποντο</span> <span class='ocrx_word' id='word_1_128' title='bbox 2559 1175 2629 1237; x_wconf 80' lang='grc' dir='ltr'>τῷ</span> <span class='ocrx_word' id='word_1_129' title='bbox 2682 1172 2998 1241; x_wconf 73' lang='grc' dir='ltr'>στρατιώτῃ,</span> <span class='ocrx_word' id='word_1_130' title='bbox 3031 1172 3119 1219; x_wconf 79' lang='grc' dir='ltr'>καὶ</span> <span class='ocrx_word' id='word_1_131' title='bbox 3150 1167 3637 1240; x_wconf 80' lang='grc' dir='ltr'>καταλαμϐάνουσιν</span> <span class='ocrx_word' id='word_1_132' title='bbox 3673 1168 3896 1237; x_wconf 73' lang='grc' dir='ltr'><strong>ὑπογείους</strong></span> 
     </span>
    </p>
   </div>
   <div class='ocr_carea' id='block_1_20' title="bbox 591 1254 2224 1332">
    <p class='ocr_par' dir='ltr' id='par_1_20' title="bbox 591 1254 2223 1332">
     <span class='ocr_line' id='line_1_20' title="bbox 591 1254 2223 1332; baseline -0.004 -16"><span class='ocrx_word' id='word_1_133' title='bbox 591 1276 805 1316; x_wconf 89' lang='lat' dir='ltr'><strong>raneos</strong></span> <span class='ocrx_word' id='word_1_134' title='bbox 823 1260 1115 1332; x_wconf 83' lang='lat' dir='ltr'><strong>quosdam</strong></span> <span class='ocrx_word' id='word_1_135' title='bbox 1139 1260 1498 1330; x_wconf 89' lang='lat' dir='ltr'><strong>pervenisse,</strong></span> <span class='ocrx_word' id='word_1_136' title='bbox 1526 1273 1777 1329; x_wconf 85' lang='lat' dir='ltr'><strong>quorum</strong></span> <span class='ocrx_word' id='word_1_137' title='bbox 1800 1256 1953 1311; x_wconf 89' lang='lat' dir='ltr'><strong>alius</strong></span> <span class='ocrx_word' id='word_1_138' title='bbox 1978 1254 2061 1309; x_wconf 87' lang='lat' dir='ltr'><strong>sic</strong></span> <span class='ocrx_word' id='word_1_139' title='bbox 2094 1270 2223 1309; x_wconf 90' lang='lat' dir='ltr'><strong>esse</strong></span> 
     </span>
    </p>
   </div>
   <div class='ocr_carea' id='block_1_21' title="bbox 2265 1254 3898 1332">
    <p class='ocr_par' dir='ltr' id='par_1_21' title="bbox 2354 1254 3898 1331">
     <span class='ocr_line' id='line_1_21' title="bbox 2354 1254 3898 1331; baseline -0.001 -25"><span class='ocrx_word' id='word_1_140' title='bbox 2354 1254 2582 1315; x_wconf 74' lang='grc' dir='ltr'><strong>λιθίνους</strong></span> <span class='ocrx_word' id='word_1_141' title='bbox 2611 1257 2654 1292; x_wconf 73' lang='grc'><strong>³⁷</strong></span> <span class='ocrx_word' id='word_1_142' title='bbox 2713 1259 2917 1329; x_wconf 77' lang='grc' dir='ltr'>σοροὺς,</span> <span class='ocrx_word' id='word_1_143' title='bbox 2957 1255 3023 1306; x_wconf 84' lang='grc' dir='ltr'>ὧν</span> <span class='ocrx_word' id='word_1_144' title='bbox 3072 1258 3102 1313; x_wconf 84' lang='grc' dir='ltr'><strong>ἠ</strong></span> <span class='ocrx_word' id='word_1_145' title='bbox 3151 1260 3240 1329; x_wconf 69' lang='grc' dir='ltr'>μὲν</span> <span class='ocrx_word' id='word_1_146' title='bbox 3282 1256 3620 1331; x_wconf 82' lang='grc' dir='ltr'>ἐπεγέγραπτο</span> <span class='ocrx_word' id='word_1_147' title='bbox 3653 1278 3673 1305; x_wconf 75' lang='grc' dir='ltr'><strong>ιι</strong></span> <span class='ocrx_word' id='word_1_148' title='bbox 3714 1254 3898 1306; x_wconf 63' lang='grc' dir='ltr'>Δυσᾶλα</span> 
     </span>
    </p>
   </div>
   <div class='ocr_carea' id='block_1_22' title="bbox 592 1342 2225 1421">
    <p class='ocr_par' dir='ltr' id='par_1_22' title="bbox 592 1344 2210 1421">
     <span class='ocr_line' id='line_1_22' title="bbox 592 1344 2210 1421; baseline -0.006 -16"><span class='ocrx_word' id='word_1_149' title='bbox 592 1349 943 1421; x_wconf 89' lang='lat' dir='ltr'><strong>inscriptus:</strong></span> <span class='ocrx_word' id='word_1_150' title='bbox 970 1349 1201 1419; x_wconf 81' lang='lat' dir='ltr'><strong>Lysilla</strong></span> <span class='ocrx_word' id='word_1_151' title='bbox 1227 1348 1370 1404; x_wconf 68' lang='lat' dir='ltr'><strong>vixit</strong></span> <span class='ocrx_word' id='word_1_152' title='bbox 1389 1362 1578 1403; x_wconf 84' lang='lat' dir='ltr'><strong>annos</strong></span> <span class='ocrx_word' id='word_1_153' title='bbox 1596 1363 1773 1401; x_wconf 88' lang='lat' dir='ltr'><strong>xxxv.</strong></span> <span class='ocrx_word' id='word_1_154' title='bbox 1796 1345 1951 1399; x_wconf 83' lang='lat' dir='ltr'><strong>Alter</strong></span> <span class='ocrx_word' id='word_1_155' title='bbox 1970 1360 2108 1398; x_wconf 83' lang='lat' dir='ltr'><strong>vero</strong></span> <span class='ocrx_word' id='word_1_156' title='bbox 2128 1344 2210 1397; x_wconf 90' lang='lat' dir='ltr'><strong>sic</strong></span> 
     </span>
    </p>
   </div>
   <div class='ocr_carea' id='block_1_23' title="bbox 2264 1342 3897 1421">
    <p class='ocr_par' dir='ltr' id='par_1_23' title="bbox 2358 1342 3897 1418">
     <span class='ocr_line' id='line_1_23' title="bbox 2358 1342 3897 1418; baseline -0.002 -22"><span class='ocrx_word' id='word_1_157' title='bbox 2358 1344 2479 1396; x_wconf 82' lang='grc' dir='ltr'>ἐϐίω</span> <span class='ocrx_word' id='word_1_158' title='bbox 2536 1347 2621 1402; x_wconf 83' lang='grc' dir='ltr'>ἔτη</span> <span class='ocrx_word' id='word_1_159' title='bbox 2686 1350 2829 1398; x_wconf 90' lang='grc' dir='ltr'>πέντε</span> <span class='ocrx_word' id='word_1_160' title='bbox 2878 1350 2966 1397; x_wconf 86' lang='grc' dir='ltr'>καὶ</span> <span class='ocrx_word' id='word_1_161' title='bbox 3018 1351 3301 1418; x_wconf 78' lang='grc' dir='ltr'>τριήκοντα</span> <span class='ocrx_word' id='word_1_162' title='bbox 3327 1347 3394 1409; x_wconf 72' lang='grc' dir='ltr'>η,</span> <span class='ocrx_word' id='word_1_163' title='bbox 3426 1367 3451 1397; x_wconf 81' lang='grc'>))</span> <span class='ocrx_word' id='word_1_164' title='bbox 3483 1348 3511 1403; x_wconf 79' lang='grc' dir='ltr'>ἡ</span> <span class='ocrx_word' id='word_1_165' title='bbox 3568 1342 3623 1397; x_wconf 69' lang='grc' dir='ltr'>δι</span> <span class='ocrx_word' id='word_1_166' title='bbox 3657 1347 3897 1397; x_wconf 84' lang='grc' dir='ltr'>«Μνάσων</span> 
     </span>
    </p>
   </div>
   <div class='ocr_carea' id='block_1_24' title="bbox 591 1432 2224 1506">
    <p class='ocr_par' dir='ltr' id='par_1_24' title="bbox 591 1437 2221 1506">
     <span class='ocr_line' id='line_1_24' title="bbox 591 1437 2221 1506; baseline -0.005 -11"><span class='ocrx_word' id='word_1_167' title='bbox 591 1440 847 1496; x_wconf 82' lang='lat' dir='ltr'><strong>Mnason</strong></span> <span class='ocrx_word' id='word_1_168' title='bbox 876 1438 1189 1495; x_wconf 64' lang='lat' dir='ltr'><strong>Mantinia?</strong></span> <span class='ocrx_word' id='word_1_169' title='bbox 1211 1439 1370 1506; x_wconf 80' lang='lat' dir='ltr'><strong>ﬁlius</strong></span> <span class='ocrx_word' id='word_1_170' title='bbox 1402 1437 1550 1492; x_wconf 67' lang='lat' dir='ltr'><strong>vixit</strong></span> <span class='ocrx_word' id='word_1_171' title='bbox 1578 1452 1763 1491; x_wconf 86' lang='lat' dir='ltr'><strong>annos</strong></span> <span class='ocrx_word' id='word_1_172' title='bbox 1804 1451 1933 1489; x_wconf 77' lang='lat' dir='ltr'><strong>LXVI</strong></span> <span class='ocrx_word' id='word_1_173' title='bbox 1958 1439 2090 1502; x_wconf 80' lang='lat'><strong>(‘29),</strong></span> <span class='ocrx_word' id='word_1_174' title='bbox 2123 1449 2221 1502; x_wconf 86' lang='lat' dir='ltr'><strong>pos</strong></span> 
     </span>
    </p>
   </div>
   <div class='ocr_carea' id='block_1_25' title="bbox 2265 1432 3898 1506">
    <p class='ocr_par' dir='ltr' id='par_1_25' title="bbox 2358 1432 3898 1506">
     <span class='ocr_line' id='line_1_25' title="bbox 2358 1432 3898 1506; baseline 0.001 -20"><span class='ocrx_word' id='word_1_175' title='bbox 2358 1439 2637 1486; x_wconf 85' lang='grc' dir='ltr'>Μαντινίου</span> <span class='ocrx_word' id='word_1_176' title='bbox 2669 1432 2790 1486; x_wconf 77' lang='grc' dir='ltr'>ἐϐίω</span> <span class='ocrx_word' id='word_1_177' title='bbox 2817 1437 2901 1491; x_wconf 84' lang='grc' dir='ltr'>ἔτη</span> <span class='ocrx_word' id='word_1_178' title='bbox 2939 1433 2989 1499; x_wconf 80' lang='grc' dir='ltr'>ς’</span> <span class='ocrx_word' id='word_1_179' title='bbox 3019 1440 3107 1487; x_wconf 86' lang='grc' dir='ltr'>καὶ</span> <span class='ocrx_word' id='word_1_180' title='bbox 3139 1435 3179 1497; x_wconf 84' lang='grc' dir='ltr'><strong>ξ’</strong></span> <span class='ocrx_word' id='word_1_181' title='bbox 3214 1436 3314 1487; x_wconf 83' lang='grc' dir='ltr'>ἀπὸ</span> <span class='ocrx_word' id='word_1_182' title='bbox 3342 1435 3446 1497; x_wconf 79' lang='grc' dir='ltr'>ένὸς</span> <span class='ocrx_word' id='word_1_183' title='bbox 3471 1432 3624 1499; x_wconf 86' lang='grc' dir='ltr'>καὶο’,</span> <span class='ocrx_word' id='word_1_184' title='bbox 3655 1456 3677 1482; x_wconf 78' lang='lat' dir='ltr'><strong>n</strong></span> <span class='ocrx_word' id='word_1_185' title='bbox 3703 1432 3898 1506; x_wconf 35' lang='lat'><strong>[1893.1</strong></span> 
     </span>
    </p>
   </div>
   <div class='ocr_carea' id='block_1_26' title="bbox 592 1520 2225 1594">
    <p class='ocr_par' dir='ltr' id='par_1_26' title="bbox 592 1523 2221 1589">
     <span class='ocr_line' id='line_1_26' title="bbox 592 1523 2221 1589; baseline -0.004 -8"><span class='ocrx_word' id='word_1_186' title='bbox 592 1544 739 1583; x_wconf 77' lang='lat' dir='ltr'><strong>LXXI.</strong></span> <span class='ocrx_word' id='word_1_187' title='bbox 768 1527 928 1583; x_wconf 87' lang='lat' dir='ltr'><strong>Alius</strong></span> <span class='ocrx_word' id='word_1_188' title='bbox 960 1544 1100 1583; x_wconf 88' lang='lat' dir='ltr'><strong>vero</strong></span> <span class='ocrx_word' id='word_1_189' title='bbox 1136 1525 1335 1582; x_wconf 88' lang='lat' dir='ltr'><strong>titulus</strong></span> <span class='ocrx_word' id='word_1_190' title='bbox 1389 1532 1547 1581; x_wconf 88' lang='lat' dir='ltr'><strong>erat:</strong></span> <span class='ocrx_word' id='word_1_191' title='bbox 1585 1526 1852 1580; x_wconf 80' lang='lat' dir='ltr'><strong>Aristion</strong></span> <span class='ocrx_word' id='word_1_192' title='bbox 1883 1523 2159 1578; x_wconf 74' lang='lat' dir='ltr'><strong>Philoclis</strong></span> <span class='ocrx_word' id='word_1_193' title='bbox 2182 1524 2221 1589; x_wconf 76' lang='lat' dir='ltr'><em>ﬁ</em></span> 
     </span>
    </p>
   </div>
   <div class='ocr_carea' id='block_1_27' title="bbox 2266 1520 3899 1594">
    <p class='ocr_par' dir='ltr' id='par_1_27' title="bbox 2358 1520 3899 1594">
     <span class='ocr_line' id='line_1_27' title="bbox 2358 1520 3899 1594; baseline -0.002 -19"><span class='ocrx_word' id='word_1_194' title='bbox 2358 1526 2385 1581; x_wconf 74' lang='grc' dir='ltr'><strong>η</strong></span> <span class='ocrx_word' id='word_1_195' title='bbox 2420 1520 2477 1575; x_wconf 74' lang='grc' dir='ltr'><strong>δὲ</strong></span> <span class='ocrx_word' id='word_1_196' title='bbox 2503 1544 2527 1574; x_wconf 85' lang='grc' dir='ltr'>ι(</span> <span class='ocrx_word' id='word_1_197' title='bbox 2564 1528 2843 1594; x_wconf 81' lang='grc' dir='ltr'>Ἀριστίων</span> <span class='ocrx_word' id='word_1_198' title='bbox 2871 1522 3173 1585; x_wconf 68' lang='grc' dir='ltr'>Φιλοκλέους</span> <span class='ocrx_word' id='word_1_199' title='bbox 3213 1524 3336 1575; x_wconf 88' lang='grc' dir='ltr'>ἐϐίω</span> <span class='ocrx_word' id='word_1_200' title='bbox 3367 1528 3449 1581; x_wconf 79' lang='grc' dir='ltr'>ἔτη</span> <span class='ocrx_word' id='word_1_201' title='bbox 3490 1523 3529 1583; x_wconf 76' lang='grc' dir='ltr'><strong>ζ’</strong></span> <span class='ocrx_word' id='word_1_202' title='bbox 3558 1528 3642 1574; x_wconf 73' lang='grc' dir='ltr'>καὶ</span> <span class='ocrx_word' id='word_1_203' title='bbox 3671 1524 3721 1593; x_wconf 87' lang='grc' dir='ltr'>μ’</span> <span class='ocrx_word' id='word_1_204' title='bbox 3748 1521 3831 1573; x_wconf 83' lang='grc' dir='ltr'><strong>ἀπὸ</strong></span> <span class='ocrx_word' id='word_1_205' title='bbox 3860 1520 3899 1592; x_wconf 80' lang='grc' dir='ltr'><strong>β’</strong></span> 
     </span>
    </p>
   </div>
   <div class='ocr_carea' id='block_1_28' title="bbox 596 1608 2229 1686">
    <p class='ocr_par' dir='ltr' id='par_1_28' title="bbox 596 1612 2229 1686">
     <span class='ocr_line' id='line_1_28' title="bbox 596 1612 2229 1686; baseline -0.004 -15"><span class='ocrx_word' id='word_1_206' title='bbox 596 1616 708 1671; x_wconf 78' lang='lat' dir='ltr'><strong>(ius</strong></span> <span class='ocrx_word' id='word_1_207' title='bbox 736 1616 878 1671; x_wconf 66' lang='lat' dir='ltr'><strong>vixit</strong></span> <span class='ocrx_word' id='word_1_208' title='bbox 905 1631 1091 1672; x_wconf 85' lang='lat' dir='ltr'><strong>annos</strong></span> <span class='ocrx_word' id='word_1_209' title='bbox 1123 1631 1291 1680; x_wconf 66' lang='lat' dir='ltr'><strong>xcvu,</strong></span> <span class='ocrx_word' id='word_1_210' title='bbox 1314 1623 1440 1683; x_wconf 80' lang='lat' dir='ltr'><strong>post</strong></span> <span class='ocrx_word' id='word_1_211' title='bbox 1460 1630 1531 1668; x_wconf 73' lang='grc' dir='ltr'><strong>ιιι</strong></span> <span class='ocrx_word' id='word_1_212' title='bbox 1558 1616 1691 1686; x_wconf 84' lang='lat'><strong>(29).</strong></span> <span class='ocrx_word' id='word_1_213' title='bbox 1726 1613 1887 1668; x_wconf 89' lang='lat' dir='ltr'><strong>Alius</strong></span> <span class='ocrx_word' id='word_1_214' title='bbox 1906 1628 2140 1667; x_wconf 85' lang='lat' dir='ltr'><strong>rursum</strong></span> <span class='ocrx_word' id='word_1_215' title='bbox 2164 1612 2229 1666; x_wconf 68' lang='grc' dir='ltr'><strong>εἰ(</strong></span> 
     </span>
    </p>
   </div>
   <div class='ocr_carea' id='block_1_29' title="bbox 2265 1608 3898 1686">
    <p class='ocr_par' dir='ltr' id='par_1_29' title="bbox 2358 1608 3898 1681">
     <span class='ocr_line' id='line_1_29' title="bbox 2358 1608 3898 1681; baseline -0.002 -16"><span class='ocrx_word' id='word_1_216' title='bbox 2358 1619 2445 1665; x_wconf 82' lang='grc' dir='ltr'>καὶ</span> <span class='ocrx_word' id='word_1_217' title='bbox 2474 1613 2535 1677; x_wconf 87' lang='grc' dir='ltr'><strong>ν’,</strong></span> <span class='ocrx_word' id='word_1_218' title='bbox 2568 1633 2593 1663; x_wconf 87' lang='grc'>))</span> <span class='ocrx_word' id='word_1_219' title='bbox 2626 1614 2749 1671; x_wconf 64' lang='grc' dir='ltr'>ἄλλη</span> <span class='ocrx_word' id='word_1_220' title='bbox 2798 1610 2855 1665; x_wconf 75' lang='grc' dir='ltr'><strong>δὲ</strong></span> <span class='ocrx_word' id='word_1_221' title='bbox 2890 1634 2913 1664; x_wconf 74' lang='grc' dir='ltr'><strong>α</strong></span> <span class='ocrx_word' id='word_1_222' title='bbox 2947 1620 3232 1673; x_wconf 85' lang='grc' dir='ltr'>Μαντινίας</span> <span class='ocrx_word' id='word_1_223' title='bbox 3283 1616 3558 1674; x_wconf 78' lang='grc' dir='ltr'>Μνάσωνος</span> <span class='ocrx_word' id='word_1_224' title='bbox 3605 1614 3683 1669; x_wconf 80' lang='grc' dir='ltr'>ἔτη</span> <span class='ocrx_word' id='word_1_225' title='bbox 3728 1610 3830 1664; x_wconf 77' lang='grc' dir='ltr'>ἐϐίω</span> <span class='ocrx_word' id='word_1_226' title='bbox 3857 1608 3898 1681; x_wconf 84' lang='grc' dir='ltr'><strong>β’</strong></span> 
     </span>
    </p>
   </div>
   <div class='ocr_carea' id='block_1_30' title="bbox 592 1698 2225 1777">
    <p class='ocr_par' dir='ltr' id='par_1_30' title="bbox 592 1703 2225 1777">
     <span class='ocr_line' id='line_1_30' title="bbox 592 1703 2225 1777; baseline -0.004 -20"><span class='ocrx_word' id='word_1_227' title='bbox 592 1704 907 1776; x_wconf 87' lang='lat' dir='ltr'><strong>inscriptus</strong></span> <span class='ocrx_word' id='word_1_228' title='bbox 932 1704 1084 1777; x_wconf 87' lang='lat' dir='ltr'><strong>lapis</strong></span> <span class='ocrx_word' id='word_1_229' title='bbox 1116 1723 1127 1761; x_wconf 88' lang='lat'>:</span> <span class='ocrx_word' id='word_1_230' title='bbox 1162 1705 1483 1759; x_wconf 85' lang='lat' dir='ltr'><strong>Manlinias</strong></span> <span class='ocrx_word' id='word_1_231' title='bbox 1528 1703 1829 1759; x_wconf 79' lang='lat' dir='ltr'><strong>Mnasonis</strong></span> <span class='ocrx_word' id='word_1_232' title='bbox 1876 1703 2035 1770; x_wconf 83' lang='lat' dir='ltr'><strong>ﬁlius</strong></span> <span class='ocrx_word' id='word_1_233' title='bbox 2065 1716 2225 1755; x_wconf 85' lang='lat' dir='ltr'><strong>anno.</strong></span> 
     </span>
    </p>
   </div>
   <div class='ocr_carea' id='block_1_31' title="bbox 2269 1698 3902 1777">
    <p class='ocr_par' dir='ltr' id='par_1_31' title="bbox 2358 1698 3902 1775">
     <span class='ocr_line' id='line_1_31' title="bbox 2358 1698 3902 1775; baseline -0.003 -21"><span class='ocrx_word' id='word_1_234' title='bbox 2358 1709 2446 1754; x_wconf 89' lang='grc' dir='ltr'>καὶ</span> <span class='ocrx_word' id='word_1_235' title='bbox 2467 1702 2519 1773; x_wconf 81' lang='grc' dir='ltr'>μ’</span> <span class='ocrx_word' id='word_1_236' title='bbox 2549 1708 2637 1753; x_wconf 88' lang='grc' dir='ltr'>καὶ</span> <span class='ocrx_word' id='word_1_237' title='bbox 2667 1705 2856 1761; x_wconf 76' lang='grc' dir='ltr'>νύκτας</span> <span class='ocrx_word' id='word_1_238' title='bbox 2904 1702 2945 1764; x_wconf 83' lang='grc' dir='ltr'><strong>ξ’</strong></span> <span class='ocrx_word' id='word_1_239' title='bbox 2999 1706 3087 1755; x_wconf 85' lang='grc' dir='ltr'>καὶ</span> <span class='ocrx_word' id='word_1_240' title='bbox 3114 1703 3172 1773; x_wconf 63' lang='grc' dir='ltr'><strong>ψ’</strong></span> <span class='ocrx_word' id='word_1_241' title='bbox 3201 1725 3213 1736; x_wconf 66' lang='grc' dir='ltr'>θ</span> <span class='ocrx_word' id='word_1_242' title='bbox 3252 1725 3280 1755; x_wconf 92' lang='grc'><strong>››</strong></span> <span class='ocrx_word' id='word_1_243' title='bbox 3339 1703 3480 1775; x_wconf 79' lang='grc' dir='ltr'>ἑτέρα</span> <span class='ocrx_word' id='word_1_244' title='bbox 3533 1699 3588 1754; x_wconf 69' lang='grc' dir='ltr'><strong>δὲ</strong></span> <span class='ocrx_word' id='word_1_245' title='bbox 3615 1720 3640 1751; x_wconf 88' lang='grc' dir='ltr'>(ι</span> <span class='ocrx_word' id='word_1_246' title='bbox 3669 1698 3902 1774; x_wconf 80' lang='grc' dir='ltr'>Λερκυλλὶς</span> 
     </span>
    </p>
   </div>
   <div class='ocr_carea' id='block_1_32' title="bbox 592 1787 2225 1866">
    <p class='ocr_par' dir='ltr' id='par_1_32' title="bbox 592 1790 2224 1866">
     <span class='ocr_line' id='line_1_32' title="bbox 592 1790 2224 1866; baseline -0.003 -16"><span class='ocrx_word' id='word_1_247' title='bbox 592 1793 745 1850; x_wconf 68' lang='lat' dir='ltr'><strong>vixit</strong></span> <span class='ocrx_word' id='word_1_248' title='bbox 764 1810 895 1861; x_wconf 82' lang='lat' dir='ltr'><strong>xui,</strong></span> <span class='ocrx_word' id='word_1_249' title='bbox 918 1801 1231 1866; x_wconf 81' lang='lat' dir='ltr'><strong>noctesque</strong></span> <span class='ocrx_word' id='word_1_250' title='bbox 1253 1811 1320 1849; x_wconf 77' lang='grc' dir='ltr'><strong>ωε</strong></span> <span class='ocrx_word' id='word_1_251' title='bbox 1345 1801 1400 1850; x_wconf 87' lang='lat' dir='ltr'><strong>et</strong></span> <span class='ocrx_word' id='word_1_252' title='bbox 1438 1811 1579 1850; x_wconf 85' lang='lat' dir='ltr'>IDCC.</span> <span class='ocrx_word' id='word_1_253' title='bbox 1622 1794 1767 1848; x_wconf 91' lang='lat' dir='ltr'><strong>Item</strong></span> <span class='ocrx_word' id='word_1_254' title='bbox 1792 1791 1945 1847; x_wconf 89' lang='lat' dir='ltr'><strong>alius</strong></span> <span class='ocrx_word' id='word_1_255' title='bbox 1976 1808 1987 1847; x_wconf 90' lang='lat'>:</span> <span class='ocrx_word' id='word_1_256' title='bbox 2012 1790 2224 1861; x_wconf 78' lang='lat' dir='ltr'><strong>Dercyl</strong></span> 
     </span>
    </p>
   </div>
   <div class='ocr_carea' id='block_1_33' title="bbox 2268 1787 3901 1866">
    <p class='ocr_par' dir='ltr' id='par_1_33' title="bbox 2280 1787 3901 1863">
     <span class='ocr_line' id='line_1_33' title="bbox 2280 1787 3901 1863; baseline -0.005 -17"><span class='ocrx_word' id='word_1_257' title='bbox 2280 1806 2327 1863; x_wconf 84' lang='grc' dir='ltr'>Β</span> <span class='ocrx_word' id='word_1_258' title='bbox 2360 1795 2641 1854; x_wconf 76' lang='grc' dir='ltr'>Μνάσωνος</span> <span class='ocrx_word' id='word_1_259' title='bbox 2692 1790 2811 1843; x_wconf 91' lang='grc' dir='ltr'>ἐϐίω</span> <span class='ocrx_word' id='word_1_260' title='bbox 2843 1794 2889 1828; x_wconf 77' lang='grc'>¹⁹</span> <span class='ocrx_word' id='word_1_261' title='bbox 2917 1794 3002 1849; x_wconf 79' lang='grc' dir='ltr'>ἔτη</span> <span class='ocrx_word' id='word_1_262' title='bbox 3040 1791 3083 1844; x_wconf 88' lang='grc' dir='ltr'>θ’</span> <span class='ocrx_word' id='word_1_263' title='bbox 3113 1796 3201 1844; x_wconf 87' lang='grc' dir='ltr'><strong>καὶ</strong></span> <span class='ocrx_word' id='word_1_264' title='bbox 3225 1790 3270 1843; x_wconf 84' lang='grc' dir='ltr'>λ’</span> <span class='ocrx_word' id='word_1_265' title='bbox 3302 1799 3389 1844; x_wconf 79' lang='grc' dir='ltr'>καὶ</span> <span class='ocrx_word' id='word_1_266' title='bbox 3418 1795 3598 1853; x_wconf 88' lang='grc' dir='ltr'>νύκτας</span> <span class='ocrx_word' id='word_1_267' title='bbox 3688 1794 3766 1840; x_wconf 86' lang='grc' dir='ltr'>καὶ</span> <span class='ocrx_word' id='word_1_268' title='bbox 3787 1787 3852 1858; x_wconf 74' lang='grc' dir='ltr'>ψ’,</span> <span class='ocrx_word' id='word_1_269' title='bbox 3881 1808 3901 1838; x_wconf 80' lang='grc' dir='ltr'><strong>ιι</strong></span> 
     </span>
    </p>
   </div>
   <div class='ocr_carea' id='block_1_34' title="bbox 599 1873 2232 1955">
    <p class='ocr_par' dir='ltr' id='par_1_34' title="bbox 599 1884 2232 1952">
     <span class='ocr_line' id='line_1_34' title="bbox 599 1884 2232 1952; baseline -0.003 -13"><span class='ocrx_word' id='word_1_270' title='bbox 599 1884 667 1939; x_wconf 85' lang='lat' dir='ltr'><strong>lis</strong></span> <span class='ocrx_word' id='word_1_271' title='bbox 683 1884 978 1939; x_wconf 80' lang='lat' dir='ltr'><strong>Mnasonis</strong></span> <span class='ocrx_word' id='word_1_272' title='bbox 992 1884 1123 1952; x_wconf 81' lang='lat' dir='ltr'><strong>ﬁlia</strong></span> <span class='ocrx_word' id='word_1_273' title='bbox 1149 1901 1327 1939; x_wconf 85' lang='lat' dir='ltr'><strong>annos</strong></span> <span class='ocrx_word' id='word_1_274' title='bbox 1350 1884 1503 1941; x_wconf 72' lang='lat' dir='ltr'><strong>vixit</strong></span> <span class='ocrx_word' id='word_1_275' title='bbox 1534 1899 1710 1937; x_wconf 81' lang='lat' dir='ltr'><strong>xxxix</strong></span> <span class='ocrx_word' id='word_1_276' title='bbox 1734 1886 2043 1952; x_wconf 81' lang='lat' dir='ltr'><strong>noctesque</strong></span> <span class='ocrx_word' id='word_1_277' title='bbox 2068 1897 2161 1936; x_wconf 68' lang='grc' dir='ltr'>ιι.</span> <span class='ocrx_word' id='word_1_278' title='bbox 2192 1895 2232 1935; x_wconf 73' lang='grc' dir='ltr'>ει</span> 
     </span>
    </p>
   </div>
   <div class='ocr_carea' id='block_1_35' title="bbox 2272 1873 3905 1955">
    <p class='ocr_par' dir='ltr' id='par_1_35' title="bbox 2358 1873 3905 1955">
     <span class='ocr_line' id='line_1_35' title="bbox 2358 1873 3905 1955; baseline -0.005 -21"><span class='ocrx_word' id='word_1_279' title='bbox 2358 1884 2385 1939; x_wconf 85' lang='grc' dir='ltr'>ἡ</span> <span class='ocrx_word' id='word_1_280' title='bbox 2414 1879 2472 1934; x_wconf 64' lang='grc' dir='ltr'>δι</span> <span class='ocrx_word' id='word_1_281' title='bbox 2502 1883 2621 1939; x_wconf 82' lang='grc' dir='ltr'>ἕκτη</span> <span class='ocrx_word' id='word_1_282' title='bbox 2675 1884 2827 1954; x_wconf 82' lang='grc' dir='ltr'>σορὸς</span> <span class='ocrx_word' id='word_1_283' title='bbox 2858 1900 2887 1931; x_wconf 90' lang='grc'><strong>‹‹</strong></span> <span class='ocrx_word' id='word_1_284' title='bbox 2920 1886 3116 1943; x_wconf 76' lang='grc' dir='ltr'>Δεινίας</span> <span class='ocrx_word' id='word_1_285' title='bbox 3166 1882 3361 1955; x_wconf 76' lang='grc' dir='ltr'>Ἀρκὰς</span> <span class='ocrx_word' id='word_1_286' title='bbox 3409 1880 3525 1933; x_wconf 79' lang='grc' dir='ltr'>ἐϐίω</span> <span class='ocrx_word' id='word_1_287' title='bbox 3579 1882 3660 1937; x_wconf 78' lang='grc' dir='ltr'>ἔτη</span> <span class='ocrx_word' id='word_1_288' title='bbox 3695 1877 3724 1930; x_wconf 85' lang='grc' dir='ltr'>ε’</span> <span class='ocrx_word' id='word_1_289' title='bbox 3761 1881 3836 1928; x_wconf 79' lang='grc' dir='ltr'>καὶ</span> <span class='ocrx_word' id='word_1_290' title='bbox 3866 1873 3905 1926; x_wconf 83' lang='grc' dir='ltr'>κ’</span> 
     </span>
    </p>
   </div>
   <div class='ocr_carea' id='block_1_36' title="bbox 593 1967 2226 2045">
    <p class='ocr_par' dir='ltr' id='par_1_36' title="bbox 593 1969 2225 2043">
     <span class='ocr_line' id='line_1_36' title="bbox 593 1969 2225 2043; baseline -0.004 -15"><span class='ocrx_word' id='word_1_291' title='bbox 593 1988 729 2028; x_wconf 80' lang='lat' dir='ltr'><strong>IDCC.</strong></span> <span class='ocrx_word' id='word_1_292' title='bbox 766 1974 977 2029; x_wconf 86' lang='lat' dir='ltr'><strong>Sextus</strong></span> <span class='ocrx_word' id='word_1_293' title='bbox 1019 1989 1147 2028; x_wconf 86' lang='lat' dir='ltr'><strong>vero</strong></span> <span class='ocrx_word' id='word_1_294' title='bbox 1179 1972 1443 2028; x_wconf 89' lang='lat' dir='ltr'><strong>tumulus</strong></span> <span class='ocrx_word' id='word_1_295' title='bbox 1489 1973 1603 2027; x_wconf 91' lang='lat' dir='ltr'><strong>hoc</strong></span> <span class='ocrx_word' id='word_1_296' title='bbox 1634 1971 2069 2043; x_wconf 77' lang='lat' dir='ltr'><strong>epigrammate</strong></span> <span class='ocrx_word' id='word_1_297' title='bbox 2106 1986 2117 2023; x_wconf 87' lang='lat'><strong>:</strong></span> <span class='ocrx_word' id='word_1_298' title='bbox 2154 1969 2225 2023; x_wconf 85' lang='lat' dir='ltr'><strong>Di</strong></span> 
     </span>
    </p>
   </div>
   <div class='ocr_carea' id='block_1_37' title="bbox 2269 1967 3902 2045">
    <p class='ocr_par' dir='ltr' id='par_1_37' title="bbox 2356 1967 3902 2045">
     <span class='ocr_line' id='line_1_37' title="bbox 2356 1967 3902 2045; baseline -0.005 -23"><span class='ocrx_word' id='word_1_299' title='bbox 2356 1978 2445 2023; x_wconf 86' lang='grc' dir='ltr'>καὶ</span> <span class='ocrx_word' id='word_1_300' title='bbox 2473 1970 2546 2045; x_wconf 82' lang='grc' dir='ltr'><strong>ρ’.</strong></span> <span class='ocrx_word' id='word_1_301' title='bbox 2583 1991 2609 2022; x_wconf 87' lang='grc'><strong>))</strong></span> <span class='ocrx_word' id='word_1_302' title='bbox 2642 1974 2858 2031; x_wconf 75' lang='grc' dir='ltr'>Τούτοις</span> <span class='ocrx_word' id='word_1_303' title='bbox 2882 1967 3253 2043; x_wconf 78' lang='grc' dir='ltr'>διαποροῦντες</span> <span class='ocrx_word' id='word_1_304' title='bbox 3281 1970 3412 2029; x_wconf 81' lang='grc' dir='ltr'>πλὴν</span> <span class='ocrx_word' id='word_1_305' title='bbox 3442 1978 3530 2030; x_wconf 86' lang='grc' dir='ltr'>τῆς</span> <span class='ocrx_word' id='word_1_306' title='bbox 3554 1974 3744 2042; x_wconf 83' lang='grc' dir='ltr'>πρώτης</span> <span class='ocrx_word' id='word_1_307' title='bbox 3774 1969 3902 2037; x_wconf 80' lang='grc' dir='ltr'>σοροῦ</span> 
     </span>
    </p>
   </div>
   <div class='ocr_carea' id='block_1_38' title="bbox 595 2057 2228 2133">
    <p class='ocr_par' dir='ltr' id='par_1_38' title="bbox 595 2057 2228 2117">
     <span class='ocr_line' id='line_1_38' title="bbox 595 2057 2228 2117; baseline -0.003 -1"><span class='ocrx_word' id='word_1_308' title='bbox 595 2062 725 2117; x_wconf 83' lang='lat' dir='ltr'><strong>nias</strong></span> <span class='ocrx_word' id='word_1_309' title='bbox 778 2063 958 2117; x_wconf 83' lang='lat' dir='ltr'><strong>Arcas</strong></span> <span class='ocrx_word' id='word_1_310' title='bbox 1010 2062 1161 2117; x_wconf 69' lang='lat' dir='ltr'><strong>vixit</strong></span> <span class='ocrx_word' id='word_1_311' title='bbox 1211 2078 1394 2117; x_wconf 87' lang='lat' dir='ltr'><strong>annos</strong></span> <span class='ocrx_word' id='word_1_312' title='bbox 1424 2079 1451 2113; x_wconf 89' lang='lat' dir='ltr'><strong>c</strong></span> <span class='ocrx_word' id='word_1_313' title='bbox 1498 2068 1549 2117; x_wconf 81' lang='lat' dir='ltr'><strong>et</strong></span> <span class='ocrx_word' id='word_1_314' title='bbox 1582 2076 1719 2115; x_wconf 83' lang='lat' dir='ltr'><strong>xxv.</strong></span> <span class='ocrx_word' id='word_1_315' title='bbox 1765 2060 1871 2117; x_wconf 87' lang='lat' dir='ltr'><strong>His</strong></span> <span class='ocrx_word' id='word_1_316' title='bbox 1902 2059 2067 2113; x_wconf 89' lang='lat' dir='ltr'><strong>lectis</strong></span> <span class='ocrx_word' id='word_1_317' title='bbox 2101 2057 2228 2112; x_wconf 76' lang='lat' dir='ltr'><strong>dua</strong></span> 
     </span>
    </p>
   </div>
   <div class='ocr_carea' id='block_1_39' title="bbox 2271 2057 3904 2133">
    <p class='ocr_par' dir='ltr' id='par_1_39' title="bbox 2354 2057 3904 2133">
     <span class='ocr_line' id='line_1_39' title="bbox 2354 2057 3904 2133; baseline -0.006 -20"><span class='ocrx_word' id='word_1_318' title='bbox 2354 2064 2536 2133; x_wconf 73' lang='grc' dir='ltr'>(σαῳὲς</span> <span class='ocrx_word' id='word_1_319' title='bbox 2588 2063 2687 2133; x_wconf 81' lang='grc' dir='ltr'><strong>γὰρ</strong></span> <span class='ocrx_word' id='word_1_320' title='bbox 2748 2063 2803 2111; x_wconf 85' lang='grc' dir='ltr'>τὸ</span> <span class='ocrx_word' id='word_1_321' title='bbox 2858 2062 3053 2121; x_wconf 80' lang='grc' dir='ltr'>ἐκείνης</span> <span class='ocrx_word' id='word_1_322' title='bbox 3119 2059 3429 2133; x_wconf 84' lang='grc' dir='ltr'>ἐπίγραμμα</span> <span class='ocrx_word' id='word_1_323' title='bbox 3466 2061 3534 2129; x_wconf 71' lang='grc' dir='ltr'><strong>³ο)</strong></span> <span class='ocrx_word' id='word_1_324' title='bbox 3574 2057 3904 2128; x_wconf 70' lang='grc' dir='ltr'>ἐντυγχάνουσι</span> 
     </span>
    </p>
   </div>
   <div class='ocr_carea' id='block_1_40' title="bbox 594 2146 2227 2223">
    <p class='ocr_par' dir='ltr' id='par_1_40' title="bbox 594 2146 2227 2222">
     <span class='ocr_line' id='line_1_40' title="bbox 594 2146 2227 2222; baseline -0.004 -17"><span class='ocrx_word' id='word_1_325' title='bbox 594 2150 777 2205; x_wconf 84' lang='lat' dir='ltr'><strong>animi</strong></span> <span class='ocrx_word' id='word_1_326' title='bbox 794 2151 1057 2222; x_wconf 83' lang='lat' dir='ltr'><strong>pendent</strong></span> <span class='ocrx_word' id='word_1_327' title='bbox 1081 2153 1497 2222; x_wconf 62' lang='lat' dir='ltr'><strong>(praeterquam</strong></span> <span class='ocrx_word' id='word_1_328' title='bbox 1521 2150 1578 2203; x_wconf 87' lang='lat' dir='ltr'><strong>in</strong></span> <span class='ocrx_word' id='word_1_329' title='bbox 1603 2148 1798 2220; x_wconf 91' lang='lat' dir='ltr'><strong>primo</strong></span> <span class='ocrx_word' id='word_1_330' title='bbox 1820 2146 2227 2217; x_wconf 73' lang='lat' dir='ltr'><strong>tumulo,cuju:</strong></span> 
     </span>
    </p>
   </div>
   <div class='ocr_carea' id='block_1_41' title="bbox 2273 2146 3906 2223">
    <p class='ocr_par' dir='ltr' id='par_1_41' title="bbox 2356 2147 3906 2223">
     <span class='ocr_line' id='line_1_41' title="bbox 2356 2147 3906 2223; baseline -0.003 -21"><span class='ocrx_word' id='word_1_331' title='bbox 2356 2154 2499 2222; x_wconf 81' lang='grc' dir='ltr'>παρὰ</span> <span class='ocrx_word' id='word_1_332' title='bbox 2552 2154 2717 2221; x_wconf 83' lang='grc' dir='ltr'>τοίχῳ</span> <span class='ocrx_word' id='word_1_333' title='bbox 2781 2151 2823 2184; x_wconf 84' lang='grc'><strong>²¹</strong></span> <span class='ocrx_word' id='word_1_334' title='bbox 2868 2147 3090 2219; x_wconf 87' lang='grc' dir='ltr'>κιϐωτίῳ</span> <span class='ocrx_word' id='word_1_335' title='bbox 3156 2157 3331 2223; x_wconf 83' lang='grc' dir='ltr'><strong>μικρῷ</strong></span> <span class='ocrx_word' id='word_1_336' title='bbox 3380 2154 3688 2221; x_wconf 80' lang='grc' dir='ltr'>κυπαρίττου</span> <span class='ocrx_word' id='word_1_337' title='bbox 3734 2161 3906 2198; x_wconf 78' lang='grc' dir='ltr'>πεποιη-</span> 
     </span>
    </p>
   </div>
   <div class='ocr_carea' id='block_1_42' title="bbox 596 2233 2229 2311">
    <p class='ocr_par' dir='ltr' id='par_1_42' title="bbox 596 2236 2229 2311">
     <span class='ocr_line' id='line_1_42' title="bbox 596 2236 2229 2311; baseline -0.002 -17"><span class='ocrx_word' id='word_1_338' title='bbox 596 2238 809 2294; x_wconf 89' lang='lat' dir='ltr'><strong>clarior</strong></span> <span class='ocrx_word' id='word_1_339' title='bbox 829 2243 955 2293; x_wconf 90' lang='lat' dir='ltr'><strong>erat</strong></span> <span class='ocrx_word' id='word_1_340' title='bbox 976 2239 1219 2309; x_wconf 87' lang='lat' dir='ltr'><strong>titulus),</strong></span> <span class='ocrx_word' id='word_1_341' title='bbox 1243 2240 1317 2293; x_wconf 90' lang='lat' dir='ltr'><strong>ad</strong></span> <span class='ocrx_word' id='word_1_342' title='bbox 1337 2238 1625 2311; x_wconf 86' lang='lat' dir='ltr'><strong>parietem</strong></span> <span class='ocrx_word' id='word_1_343' title='bbox 1646 2236 1979 2293; x_wconf 89' lang='lat' dir='ltr'><strong>inciderunt</strong></span> <span class='ocrx_word' id='word_1_344' title='bbox 1996 2238 2055 2291; x_wconf 91' lang='lat' dir='ltr'><strong>in</strong></span> <span class='ocrx_word' id='word_1_345' title='bbox 2076 2252 2229 2291; x_wconf 86' lang='lat' dir='ltr'><strong>arcu-</strong></span> 
     </span>
    </p>
   </div>
   <div class='ocr_carea' id='block_1_43' title="bbox 2275 2233 3908 2311">
    <p class='ocr_par' dir='ltr' id='par_1_43' title="bbox 2356 2233 3908 2311">
     <span class='ocr_line' id='line_1_43' title="bbox 2356 2233 3908 2311; baseline -0.006 -20"><span class='ocrx_word' id='word_1_346' title='bbox 2356 2243 2508 2311; x_wconf 83' lang='grc' dir='ltr'>μένῳ,</span> <span class='ocrx_word' id='word_1_347' title='bbox 2605 2237 2942 2311; x_wconf 74' lang='grc' dir='ltr'>ἐνεγέγραπτο</span> <span class='ocrx_word' id='word_1_348' title='bbox 2984 2258 2998 2271; x_wconf 73' lang='grc' dir='ltr'>σ</span> <span class='ocrx_word' id='word_1_349' title='bbox 3027 2258 3050 2288; x_wconf 80' lang='grc' dir='ltr'><strong>ει</strong></span> <span class='ocrx_word' id='word_1_350' title='bbox 3084 2237 3105 2256; x_wconf 77' lang='lat'><strong>&#39;</strong></span> <span class='ocrx_word' id='word_1_351' title='bbox 3132 2245 3179 2290; x_wconf 87' lang='grc' dir='ltr'>Ω</span> <span class='ocrx_word' id='word_1_352' title='bbox 3200 2237 3327 2305; x_wconf 78' lang='grc' dir='ltr'>ξένε,</span> <span class='ocrx_word' id='word_1_353' title='bbox 3362 2240 3502 2298; x_wconf 86' lang='grc' dir='ltr'>ὅστις</span> <span class='ocrx_word' id='word_1_354' title='bbox 3531 2234 3590 2302; x_wconf 82' lang='grc' dir='ltr'>εἶ,</span> <span class='ocrx_word' id='word_1_355' title='bbox 3622 2233 3816 2297; x_wconf 78' lang='grc' dir='ltr'>ἄνοιξον,</span> <span class='ocrx_word' id='word_1_356' title='bbox 3845 2233 3908 2282; x_wconf 80' lang='grc' dir='ltr'>ἳνα</span> 
     </span>
    </p>
   </div>
   <div class='ocr_carea' id='block_1_44' title="bbox 594 2326 2227 2401">
    <p class='ocr_par' dir='ltr' id='par_1_44' title="bbox 594 2326 2227 2399">
     <span class='ocr_line' id='line_1_44' title="bbox 594 2326 2227 2399; baseline -0.002 -16"><span class='ocrx_word' id='word_1_357' title='bbox 594 2326 717 2383; x_wconf 86' lang='lat' dir='ltr'><strong>lam</strong></span> <span class='ocrx_word' id='word_1_358' title='bbox 736 2342 767 2382; x_wconf 87' lang='lat' dir='ltr'><strong>e</strong></span> <span class='ocrx_word' id='word_1_359' title='bbox 782 2343 1071 2399; x_wconf 88' lang='lat' dir='ltr'><strong>cupresso</strong></span> <span class='ocrx_word' id='word_1_360' title='bbox 1096 2327 1468 2397; x_wconf 85' lang='lat' dir='ltr'><strong>fabricatam,</strong></span> <span class='ocrx_word' id='word_1_361' title='bbox 1485 2328 1579 2383; x_wconf 91' lang='lat' dir='ltr'><strong>cui</strong></span> <span class='ocrx_word' id='word_1_362' title='bbox 1596 2327 1683 2382; x_wconf 91' lang='lat' dir='ltr'><strong>sic</strong></span> <span class='ocrx_word' id='word_1_363' title='bbox 1702 2326 2075 2397; x_wconf 87' lang='lat' dir='ltr'><strong>inscriptum:</strong></span> <span class='ocrx_word' id='word_1_364' title='bbox 2102 2327 2227 2381; x_wconf 78' lang='lat' dir='ltr'><strong>Hos</strong></span> 
     </span>
    </p>
   </div>
   <div class='ocr_carea' id='block_1_45' title="bbox 1353 2326 2986 2401">
    <p class='ocr_par' dir='ltr' id='par_1_45' title="bbox 1353 2326 2986 2401">
     <span class='ocr_line' id='line_1_45' title="bbox 1353 2326 2986 2401; baseline -0.002 -19"><span class='ocrx_word' id='word_1_365' title='bbox 1353 2327 1683 2397; x_wconf 88' lang='lat' dir='ltr'><strong>am,cuisic</strong></span> <span class='ocrx_word' id='word_1_366' title='bbox 1702 2326 2075 2397; x_wconf 87' lang='lat' dir='ltr'><strong>inscriptum:</strong></span> <span class='ocrx_word' id='word_1_367' title='bbox 2102 2327 2246 2381; x_wconf 81' lang='lat' dir='ltr'><strong>HOS-</strong></span> <span class='ocrx_word' id='word_1_368' title='bbox 2358 2330 2530 2401; x_wconf 72' lang='grc' dir='ltr'>μάθῃς</span> <span class='ocrx_word' id='word_1_369' title='bbox 2558 2328 2591 2379; x_wconf 87' lang='grc' dir='ltr'>οἷ</span> <span class='ocrx_word' id='word_1_370' title='bbox 2632 2329 2986 2399; x_wconf 74' lang='grc' dir='ltr'>θαυμάζεις.»</span> 
     </span>
    </p>
   </div>
   <div class='ocr_carea' id='block_1_46' title="bbox 590 2417 2137 2489">
    <p class='ocr_par' dir='ltr' id='par_1_46' title="bbox 590 2417 2137 2489">
     <span class='ocr_line' id='line_1_46' title="bbox 590 2417 2137 2489; baseline -0.003 -16"><span class='ocrx_word' id='word_1_371' title='bbox 590 2431 695 2487; x_wconf 82' lang='lat' dir='ltr'><strong>pes</strong></span> <span class='ocrx_word' id='word_1_372' title='bbox 724 2417 988 2489; x_wconf 79' lang='lat' dir='ltr'><strong>quisquis</strong></span> <span class='ocrx_word' id='word_1_373' title='bbox 1014 2433 1087 2483; x_wconf 81' lang='lat' dir='ltr'><strong>es,</strong></span> <span class='ocrx_word' id='word_1_374' title='bbox 1122 2418 1287 2488; x_wconf 83' lang='lat' dir='ltr'><strong>aperi</strong></span> <span class='ocrx_word' id='word_1_375' title='bbox 1311 2425 1372 2472; x_wconf 85' lang='lat' dir='ltr'><strong>ul</strong></span> <span class='ocrx_word' id='word_1_376' title='bbox 1398 2417 1589 2473; x_wconf 86' lang='lat' dir='ltr'><strong>discas</strong></span> <span class='ocrx_word' id='word_1_377' title='bbox 1620 2432 1748 2489; x_wconf 74' lang='lat' dir='ltr'><strong>qua!</strong></span> <span class='ocrx_word' id='word_1_378' title='bbox 1797 2417 2137 2473; x_wconf 85' lang='lat' dir='ltr'><strong>admiraris.</strong></span> 
     </span>
    </p>
   </div>
   <div class='ocr_carea' id='block_1_47' title="bbox 662 2499 2295 2580">
    <p class='ocr_par' dir='ltr' id='par_1_47' title="bbox 662 2504 2249 2577">
     <span class='ocr_line' id='line_1_47' title="bbox 662 2504 2249 2577; baseline 0 -18"><span class='ocrx_word' id='word_1_379' title='bbox 662 2506 878 2577; x_wconf 86' lang='lat' dir='ltr'><strong>Aperto</strong></span> <span class='ocrx_word' id='word_1_380' title='bbox 900 2506 1077 2576; x_wconf 87' lang='lat' dir='ltr'><strong>igitur</strong></span> <span class='ocrx_word' id='word_1_381' title='bbox 1106 2507 1178 2562; x_wconf 93' lang='lat' dir='ltr'><strong>ab</strong></span> <span class='ocrx_word' id='word_1_382' title='bbox 1206 2506 1522 2562; x_wconf 86' lang='lat' dir='ltr'><strong>Alexandri</strong></span> <span class='ocrx_word' id='word_1_383' title='bbox 1546 2506 1724 2561; x_wconf 90' lang='lat' dir='ltr'><strong>sociis</strong></span> <span class='ocrx_word' id='word_1_384' title='bbox 1751 2504 2049 2571; x_wconf 89' lang='lat' dir='ltr'><strong>scriniolo,</strong></span> <span class='ocrx_word' id='word_1_385' title='bbox 2074 2520 2249 2577; x_wconf 86' lang='lat' dir='ltr'><strong>cypa-</strong></span> 
     </span>
    </p>
   </div>
   <div class='ocr_carea' id='block_1_48' title="bbox 2273 2499 3906 2580">
    <p class='ocr_par' dir='ltr' id='par_1_48' title="bbox 2432 2499 3906 2580">
     <span class='ocr_line' id='line_1_48' title="bbox 2432 2499 3906 2580; baseline -0.007 -22"><span class='ocrx_word' id='word_1_386' title='bbox 2432 2506 2744 2569; x_wconf 82' lang='grc' dir='ltr'>Ἀνοίξαντες</span> <span class='ocrx_word' id='word_1_387' title='bbox 2801 2502 2887 2558; x_wconf 77' lang='grc' dir='ltr'>οὖν</span> <span class='ocrx_word' id='word_1_388' title='bbox 2928 2508 2975 2557; x_wconf 82' lang='grc' dir='ltr'>οἱ</span> <span class='ocrx_word' id='word_1_389' title='bbox 3026 2511 3143 2580; x_wconf 80' lang='grc' dir='ltr'>περὶ</span> <span class='ocrx_word' id='word_1_390' title='bbox 3194 2502 3538 2579; x_wconf 73' lang='grc' dir='ltr'>Ἀλέξανδρον</span> <span class='ocrx_word' id='word_1_391' title='bbox 3580 2506 3635 2555; x_wconf 84' lang='grc' dir='ltr'>τὸ</span> <span class='ocrx_word' id='word_1_392' title='bbox 3687 2499 3906 2558; x_wconf 83' lang='grc' dir='ltr'>κιϐώτιον,</span> 
     </span>
    </p>
   </div>
   <div class='ocr_carea' id='block_1_49' title="bbox 591 2586 2224 2669">
    <p class='ocr_par' dir='ltr' id='par_1_49' title="bbox 591 2595 2224 2669">
     <span class='ocr_line' id='line_1_49' title="bbox 591 2595 2224 2669; baseline -0.001 -19"><span class='ocrx_word' id='word_1_393' title='bbox 591 2595 1164 2651; x_wconf 89' lang='lat' dir='ltr'><strong>rissinasinveniunt</strong></span> <span class='ocrx_word' id='word_1_394' title='bbox 1195 2595 1461 2661; x_wconf 88' lang='lat' dir='ltr'><strong>tabellas,</strong></span> <span class='ocrx_word' id='word_1_395' title='bbox 1495 2602 1668 2669; x_wconf 79' lang='lat' dir='ltr'><strong>quas,</strong></span> <span class='ocrx_word' id='word_1_396' title='bbox 1713 2601 1777 2651; x_wconf 88' lang='lat' dir='ltr'><strong>ut</strong></span> <span class='ocrx_word' id='word_1_397' title='bbox 1817 2600 2087 2667; x_wconf 85' lang='lat' dir='ltr'><strong>apparet,</strong></span> <span class='ocrx_word' id='word_1_398' title='bbox 2119 2595 2224 2648; x_wconf 90' lang='lat' dir='ltr'><strong>Der</strong></span> 
     </span>
    </p>
   </div>
   <div class='ocr_carea' id='block_1_50' title="bbox 2276 2586 3909 2669">
    <p class='ocr_par' dir='ltr' id='par_1_50' title="bbox 2360 2586 3909 2667">
     <span class='ocr_line' id='line_1_50' title="bbox 2360 2586 3909 2667; baseline -0.005 -22"><span class='ocrx_word' id='word_1_399' title='bbox 2360 2595 2666 2667; x_wconf 82' lang='grc' dir='ltr'>εὑρίσκουσι</span> <span class='ocrx_word' id='word_1_400' title='bbox 2704 2599 2796 2657; x_wconf 81' lang='grc' dir='ltr'><strong>τὰς</strong></span> <span class='ocrx_word' id='word_1_401' title='bbox 2858 2600 3229 2667; x_wconf 84' lang='grc' dir='ltr'>κυπαριττίνας</span> <span class='ocrx_word' id='word_1_402' title='bbox 3278 2592 3517 2657; x_wconf 74' lang='grc' dir='ltr'>δελτους,</span> <span class='ocrx_word' id='word_1_403' title='bbox 3568 2592 3625 2653; x_wconf 73' lang='grc' dir='ltr'>ἇς</span> <span class='ocrx_word' id='word_1_404' title='bbox 3666 2591 3751 2659; x_wconf 82' lang='grc' dir='ltr'><strong>(ὡς</strong></span> <span class='ocrx_word' id='word_1_405' title='bbox 3784 2586 3909 2653; x_wconf 81' lang='grc' dir='ltr'>ἔοικε)</span> 
     </span>
    </p>
   </div>
   <div class='ocr_carea' id='block_1_51' title="bbox 594 2682 2227 2758">
    <p class='ocr_par' dir='ltr' id='par_1_51' title="bbox 594 2682 2227 2754">
     <span class='ocr_line' id='line_1_51' title="bbox 594 2682 2227 2754; baseline -0.001 -15"><span class='ocrx_word' id='word_1_406' title='bbox 594 2682 755 2754; x_wconf 79' lang='lat' dir='ltr'><strong>cyllis</strong></span> <span class='ocrx_word' id='word_1_407' title='bbox 777 2682 858 2740; x_wconf 91' lang='lat' dir='ltr'><strong>ibi</strong></span> <span class='ocrx_word' id='word_1_408' title='bbox 880 2684 1064 2739; x_wconf 66' lang='lat' dir='ltr'><strong>Dinias</strong></span> <span class='ocrx_word' id='word_1_409' title='bbox 1089 2685 1374 2741; x_wconf 88' lang='lat' dir='ltr'><strong>mandato</strong></span> <span class='ocrx_word' id='word_1_410' title='bbox 1405 2683 1741 2740; x_wconf 87' lang='lat' dir='ltr'><strong>collocarat.</strong></span> <span class='ocrx_word' id='word_1_411' title='bbox 1774 2684 1907 2739; x_wconf 66' lang='lat' dir='ltr'><strong>Haec</strong></span> <span class='ocrx_word' id='word_1_412' title='bbox 1930 2682 2048 2738; x_wconf 83' lang='lat' dir='ltr'><strong>fere</strong></span> <span class='ocrx_word' id='word_1_413' title='bbox 2080 2697 2227 2737; x_wconf 87' lang='lat' dir='ltr'><strong>uxor</strong></span> 
     </span>
    </p>
   </div>
   <div class='ocr_carea' id='block_1_52' title="bbox 2278 2682 3911 2758">
    <p class='ocr_par' dir='ltr' id='par_1_52' title="bbox 2360 2682 3911 2758">
     <span class='ocr_line' id='line_1_52' title="bbox 2360 2682 3911 2758; baseline -0.007 -23"><span class='ocrx_word' id='word_1_414' title='bbox 2360 2687 2610 2742; x_wconf 77' lang='grc' dir='ltr'>κατέθηκε</span> <span class='ocrx_word' id='word_1_415' title='bbox 2664 2684 2933 2758; x_wconf 84' lang='grc' dir='ltr'>Δερκυλλὶς</span> <span class='ocrx_word' id='word_1_416' title='bbox 2990 2685 3125 2736; x_wconf 86' lang='grc' dir='ltr'>κατὰ</span> <span class='ocrx_word' id='word_1_417' title='bbox 3152 2684 3238 2744; x_wconf 79' lang='grc' dir='ltr'><strong>τὰς</strong></span> <span class='ocrx_word' id='word_1_418' title='bbox 3268 2682 3479 2746; x_wconf 80' lang='grc' dir='ltr'>ἐντολὰς</span> <span class='ocrx_word' id='word_1_419' title='bbox 3524 2685 3727 2735; x_wconf 85' lang='grc' dir='ltr'>Δεινίου,</span> <span class='ocrx_word' id='word_1_420' title='bbox 3769 2683 3911 2729; x_wconf 83' lang='grc' dir='ltr'>Ταῦτα</span> 
     </span>
    </p>
   </div>
   <div class='ocr_carea' id='block_1_53' title="bbox 593 2766 2226 2847">
    <p class='ocr_par' dir='ltr' id='par_1_53' title="bbox 593 2771 2226 2845">
     <span class='ocr_line' id='line_1_53' title="bbox 593 2771 2226 2845; baseline -0.001 -19"><span class='ocrx_word' id='word_1_421' title='bbox 593 2772 949 2828; x_wconf 88' lang='lat' dir='ltr'><strong>scribentem</strong></span> <span class='ocrx_word' id='word_1_422' title='bbox 968 2772 1285 2843; x_wconf 88' lang='lat' dir='ltr'><strong>Balagrum</strong></span> <span class='ocrx_word' id='word_1_423' title='bbox 1303 2773 1401 2829; x_wconf 88' lang='lat' dir='ltr'><strong>ind</strong></span> <span class='ocrx_word' id='word_1_424' title='bbox 1414 2772 1833 2845; x_wconf 89' lang='lat' dir='ltr'><strong>ucit,quodque</strong></span> <span class='ocrx_word' id='word_1_425' title='bbox 1846 2771 2226 2844; x_wconf 84' lang='lat' dir='ltr'><strong>cyparissina:</strong></span> 
     </span>
    </p>
   </div>
   <div class='ocr_carea' id='block_1_54' title="bbox 2279 2766 3912 2847">
    <p class='ocr_par' dir='ltr' id='par_1_54' title="bbox 2361 2766 3912 2847">
     <span class='ocr_line' id='line_1_54' title="bbox 2361 2766 3912 2847; baseline -0.007 -22"><span class='ocrx_word' id='word_1_426' title='bbox 2361 2773 2626 2847; x_wconf 86' lang='grc' dir='ltr'>Βάλαγρον</span> <span class='ocrx_word' id='word_1_427' title='bbox 2668 2774 2866 2845; x_wconf 83' lang='grc' dir='ltr'>εἰσάγει</span> <span class='ocrx_word' id='word_1_428' title='bbox 2908 2781 2969 2845; x_wconf 77' lang='grc' dir='ltr'>τῇ</span> <span class='ocrx_word' id='word_1_429' title='bbox 3018 2778 3225 2844; x_wconf 82' lang='grc' dir='ltr'>γυναικὶ</span> <span class='ocrx_word' id='word_1_430' title='bbox 3283 2775 3573 2846; x_wconf 72' lang='grc' dir='ltr'>γράφοντα,</span> <span class='ocrx_word' id='word_1_431' title='bbox 3620 2773 3704 2822; x_wconf 76' lang='grc' dir='ltr'>καὶ</span> <span class='ocrx_word' id='word_1_432' title='bbox 3746 2766 3912 2824; x_wconf 61' lang='lat' dir='ltr'><strong>ama;</strong></span> 
     </span>
    </p>
   </div>
   <div class='ocr_carea' id='block_1_55' title="bbox 592 2855 2225 2937">
    <p class='ocr_par' dir='ltr' id='par_1_55' title="bbox 592 2860 2225 2933">
     <span class='ocr_line' id='line_1_55' title="bbox 592 2860 2225 2933; baseline -0.001 -17"><span class='ocrx_word' id='word_1_433' title='bbox 592 2862 738 2916; x_wconf 90' lang='lat' dir='ltr'><strong>istas</strong></span> <span class='ocrx_word' id='word_1_434' title='bbox 769 2861 1000 2917; x_wconf 85' lang='lat' dir='ltr'><strong>tabulas</strong></span> <span class='ocrx_word' id='word_1_435' title='bbox 1022 2863 1445 2927; x_wconf 87' lang='lat' dir='ltr'><strong>transcribens,</strong></span> <span class='ocrx_word' id='word_1_436' title='bbox 1480 2863 1674 2917; x_wconf 90' lang='lat' dir='ltr'><strong>eidem</strong></span> <span class='ocrx_word' id='word_1_437' title='bbox 1716 2862 1942 2933; x_wconf 84' lang='lat' dir='ltr'><strong>conjugi</strong></span> <span class='ocrx_word' id='word_1_438' title='bbox 1976 2860 2225 2916; x_wconf 89' lang='lat' dir='ltr'><strong>transmi</strong></span> 
     </span>
    </p>
   </div>
   <div class='ocr_carea' id='block_1_56' title="bbox 2278 2855 3911 2937">
    <p class='ocr_par' dir='ltr' id='par_1_56' title="bbox 2360 2855 3911 2937">
     <span class='ocr_line' id='line_1_56' title="bbox 2360 2855 3911 2937; baseline -0.006 -22"><span class='ocrx_word' id='word_1_439' title='bbox 2360 2869 2761 2937; x_wconf 88' lang='grc' dir='ltr'>κυπαριττίνους</span> <span class='ocrx_word' id='word_1_440' title='bbox 2820 2859 3030 2924; x_wconf 75' lang='grc' dir='ltr'>δελτους</span> <span class='ocrx_word' id='word_1_441' title='bbox 3115 2862 3579 2935; x_wconf 57' lang='grc' dir='ltr'>μετα-γραψάμενος</span> <span class='ocrx_word' id='word_1_442' title='bbox 3646 2855 3911 2926; x_wconf 65' lang='grc' dir='ltr'>διαπέμψειι</span> 
     </span>
    </p>
   </div>
   <div class='ocr_carea' id='block_1_57' title="bbox 595 2943 2228 3025">
    <p class='ocr_par' dir='ltr' id='par_1_57' title="bbox 595 2950 2228 3023">
     <span class='ocr_line' id='line_1_57' title="bbox 595 2950 2228 3023; baseline -0.001 -18"><span class='ocrx_word' id='word_1_443' title='bbox 595 2952 751 3005; x_wconf 83' lang='lat' dir='ltr'><strong>serit.</strong></span> <span class='ocrx_word' id='word_1_444' title='bbox 794 2950 882 3005; x_wconf 93' lang='lat' dir='ltr'><strong>Ab</strong></span> <span class='ocrx_word' id='word_1_445' title='bbox 912 2951 1025 3005; x_wconf 88' lang='lat' dir='ltr'><strong>hac</strong></span> <span class='ocrx_word' id='word_1_446' title='bbox 1056 2951 1369 3007; x_wconf 86' lang='lat' dir='ltr'><strong>occasione</strong></span> <span class='ocrx_word' id='word_1_447' title='bbox 1400 2952 1583 3006; x_wconf 80' lang='lat' dir='ltr'><strong>fertur</strong></span> <span class='ocrx_word' id='word_1_448' title='bbox 1614 2951 1893 3023; x_wconf 82' lang='lat' dir='ltr'><strong>deinceps</strong></span> <span class='ocrx_word' id='word_1_449' title='bbox 1947 2951 2132 3006; x_wconf 86' lang='lat' dir='ltr'><strong>oratio</strong></span> <span class='ocrx_word' id='word_1_450' title='bbox 2173 2966 2228 3004; x_wconf 81' lang='lat' dir='ltr'><strong>ac</strong></span> 
     </span>
    </p>
   </div>
   <div class='ocr_carea' id='block_1_58' title="bbox 2280 2943 3913 3025">
    <p class='ocr_par' dir='ltr' id='par_1_58' title="bbox 2359 2943 3913 3025">
     <span class='ocr_line' id='line_1_58' title="bbox 2359 2943 3913 3025; baseline -0.002 -21"><span class='ocrx_word' id='word_1_451' title='bbox 2359 2960 2420 3025; x_wconf 75' lang='grc' dir='ltr'>τῇ</span> <span class='ocrx_word' id='word_1_452' title='bbox 2454 2957 2687 3023; x_wconf 85' lang='grc' dir='ltr'>γυναικί.</span> <span class='ocrx_word' id='word_1_453' title='bbox 2731 2957 2829 3006; x_wconf 78' lang='grc' dir='ltr'><strong>Καὶ</strong></span> <span class='ocrx_word' id='word_1_454' title='bbox 2880 2951 3057 3003; x_wconf 86' lang='grc' dir='ltr'>λοιπὸν</span> <span class='ocrx_word' id='word_1_455' title='bbox 3096 2951 3356 3004; x_wconf 82' lang='grc' dir='ltr'>εἰσϐάλλει</span> <span class='ocrx_word' id='word_1_456' title='bbox 3399 2954 3445 2987; x_wconf 79' lang='grc'><em>³³</em></span> <span class='ocrx_word' id='word_1_457' title='bbox 3486 2951 3697 3003; x_wconf 81' lang='grc' dir='ltr'>ἐντεῦθεν</span> <span class='ocrx_word' id='word_1_458' title='bbox 3737 2947 3758 2998; x_wconf 88' lang='grc' dir='ltr'><strong><em>ὀ</em></strong></span> <span class='ocrx_word' id='word_1_459' title='bbox 3791 2943 3913 3013; x_wconf 79' lang='grc' dir='ltr'>λόγος</span> 
     </span>
    </p>
   </div>
   <div class='ocr_carea' id='block_1_59' title="bbox 598 3037 2231 3115">
    <p class='ocr_par' dir='ltr' id='par_1_59' title="bbox 598 3038 2231 3113">
     <span class='ocr_line' id='line_1_59' title="bbox 598 3038 2231 3113; baseline 0 -20"><span class='ocrx_word' id='word_1_460' title='bbox 598 3040 1081 3111; x_wconf 90' lang='lat' dir='ltr'><strong>cupressinarum</strong></span> <span class='ocrx_word' id='word_1_461' title='bbox 1135 3040 1466 3106; x_wconf 90' lang='lat' dir='ltr'><strong>lectionem,</strong></span> <span class='ocrx_word' id='word_1_462' title='bbox 1529 3040 2034 3113; x_wconf 89' lang='lat' dir='ltr'><strong>scriptionemque</strong></span> <span class='ocrx_word' id='word_1_463' title='bbox 2082 3038 2231 3095; x_wconf 33' lang='lat' dir='ltr'><strong>tabu&#39;</strong></span> 
     </span>
    </p>
   </div>
   <div class='ocr_carea' id='block_1_60' title="bbox 2281 3037 3914 3115">
    <p class='ocr_par' dir='ltr' id='par_1_60' title="bbox 2360 3037 3914 3115">
     <span class='ocr_line' id='line_1_60' title="bbox 2360 3037 3914 3115; baseline -0.005 -22"><span class='ocrx_word' id='word_1_464' title='bbox 2360 3042 2430 3104; x_wconf 87' lang='grc' dir='ltr'>εἰς</span> <span class='ocrx_word' id='word_1_465' title='bbox 2458 3048 2550 3099; x_wconf 74' lang='grc' dir='ltr'>τὴν</span> <span class='ocrx_word' id='word_1_466' title='bbox 2594 3050 2691 3093; x_wconf 85' lang='grc' dir='ltr'>τῶν</span> <span class='ocrx_word' id='word_1_467' title='bbox 2750 3046 3126 3115; x_wconf 84' lang='grc' dir='ltr'>κυπαριττίνων</span> <span class='ocrx_word' id='word_1_468' title='bbox 3181 3037 3379 3093; x_wconf 79' lang='grc' dir='ltr'>δέλτων</span> <span class='ocrx_word' id='word_1_469' title='bbox 3411 3039 3686 3112; x_wconf 77' lang='grc' dir='ltr'>ἀνάγνωσιν</span> <span class='ocrx_word' id='word_1_470' title='bbox 3706 3039 3783 3087; x_wconf 85' lang='grc' dir='ltr'>καὶ</span> <span class='ocrx_word' id='word_1_471' title='bbox 3812 3047 3914 3102; x_wconf 77' lang='grc' dir='ltr'>γρα-</span> 
     </span>
    </p>
   </div>
   <div class='ocr_carea' id='block_1_61' title="bbox 594 3126 2245 3201">
    <p class='ocr_par' dir='ltr' id='par_1_61' title="bbox 594 3126 2245 3201">
     <span class='ocr_line' id='line_1_61' title="bbox 594 3126 2245 3201; baseline 0.001 -19"><span class='ocrx_word' id='word_1_472' title='bbox 594 3126 811 3194; x_wconf 88' lang='lat' dir='ltr'><strong>larum,</strong></span> <span class='ocrx_word' id='word_1_473' title='bbox 842 3133 899 3183; x_wconf 87' lang='lat' dir='ltr'><strong>et</strong></span> <span class='ocrx_word' id='word_1_474' title='bbox 925 3128 1127 3183; x_wconf 89' lang='lat' dir='ltr'><strong>Dinias</strong></span> <span class='ocrx_word' id='word_1_475' title='bbox 1157 3145 1394 3201; x_wconf 89' lang='lat' dir='ltr'><strong>quoque</strong></span> <span class='ocrx_word' id='word_1_476' title='bbox 1440 3129 1599 3184; x_wconf 84' lang='lat' dir='ltr'><strong>adest</strong></span> <span class='ocrx_word' id='word_1_477' title='bbox 1631 3145 1903 3193; x_wconf 86' lang='lat' dir='ltr'><strong>narrans,</strong></span> <span class='ocrx_word' id='word_1_478' title='bbox 1938 3144 2072 3199; x_wconf 69' lang='lat' dir='ltr'><strong>quae</strong></span> <span class='ocrx_word' id='word_1_479' title='bbox 2100 3144 2245 3199; x_wconf 72' lang='lat' dir='ltr'><strong>prae-</strong></span> 
     </span>
    </p>
   </div>
   <div class='ocr_carea' id='block_1_62' title="bbox 594 3180 2227 3292">
    <p class='ocr_par' dir='ltr' id='par_1_62' title="bbox 594 3180 2227 3287">
     <span class='ocr_line' id='line_1_62' title="bbox 595 3180 2211 3201; baseline 0 -18"><span class='ocrx_word' id='word_1_480' title='bbox 595 3180 670 3183; x_wconf 47' lang='lat' dir='ltr'><strong>m-</strong></span> <span class='ocrx_word' id='word_1_481' title='bbox 700 3180 811 3194; x_wconf 33' lang='lat'><strong>.,_,</strong></span> <span class='ocrx_word' id='word_1_482' title='bbox 849 3180 897 3183; x_wconf 75' lang='lat'><strong>-_</strong></span> <span class='ocrx_word' id='word_1_483' title='bbox 926 3180 947 3181; x_wconf 30' lang='grc' dir='ltr'><strong>ί</strong></span> <span class='ocrx_word' id='word_1_484' title='bbox 1163 3180 1257 3201; x_wconf 29' lang='grc' dir='ltr'><em>τί</em></span> <span class='ocrx_word' id='word_1_485' title='bbox 1284 3180 1389 3201; x_wconf 52' lang='grc' dir='ltr'>Ἰη</span> <span class='ocrx_word' id='word_1_486' title='bbox 1442 3180 1471 3183; x_wconf 34' lang='grc' dir='ltr'><strong>ᾔ</strong></span> <span class='ocrx_word' id='word_1_487' title='bbox 1631 3180 1847 3184; x_wconf 48' lang='grc' dir='ltr'><strong>ηπ--</strong></span> <span class='ocrx_word' id='word_1_488' title='bbox 1891 3180 1903 3193; x_wconf 84' lang='grc'><strong>,</strong></span> <span class='ocrx_word' id='word_1_489' title='bbox 1946 3180 2067 3199; x_wconf 51' lang='grc' dir='ltr'><strong>τ---</strong></span> 
     </span>
     <span class='ocr_line' id='line_1_63' title="bbox 594 3215 2227 3287; baseline 0 -18"><span class='ocrx_word' id='word_1_490' title='bbox 594 3215 856 3269; x_wconf 86' lang='lat' dir='ltr'><strong>diximus</strong></span> <span class='ocrx_word' id='word_1_491' title='bbox 890 3217 1154 3287; x_wconf 69' lang='lat' dir='ltr'><strong>Cymbm.</strong></span> <span class='ocrx_word' id='word_1_492' title='bbox 1190 3218 1277 3272; x_wconf 86' lang='lat' dir='ltr'><strong>Ad</strong></span> <span class='ocrx_word' id='word_1_493' title='bbox 1301 3218 1457 3272; x_wconf 85' lang='lat' dir='ltr'><strong>hunc</strong></span> <span class='ocrx_word' id='word_1_494' title='bbox 1488 3232 1630 3286; x_wconf 85' lang='lat' dir='ltr'><strong>ergo</strong></span> <span class='ocrx_word' id='word_1_495' title='bbox 1656 3218 1925 3281; x_wconf 88' lang='lat' dir='ltr'><strong>modum,</strong></span> <span class='ocrx_word' id='word_1_496' title='bbox 1956 3233 2023 3273; x_wconf 88' lang='lat' dir='ltr'><strong>ac</strong></span> <span class='ocrx_word' id='word_1_497' title='bbox 2051 3216 2125 3273; x_wconf 91' lang='lat' dir='ltr'><strong>de</strong></span> <span class='ocrx_word' id='word_1_498' title='bbox 2156 3217 2227 3273; x_wconf 67' lang='lat' dir='ltr'><strong>hi:</strong></span> 
     </span>
    </p>
   </div>
   <div class='ocr_carea' id='block_1_63' title="bbox 2279 3180 3912 3292">
    <p class='ocr_par' dir='ltr' id='par_1_63' title="bbox 2279 3180 3912 3292">
     <span class='ocr_line' id='line_1_64' title="bbox 2366 3180 3895 3204; baseline 0.001 -5"><span class='ocrx_word' id='word_1_499' title='bbox 2366 3180 2477 3202; x_wconf 50' lang='lat'><strong>1&quot;&quot;</strong></span> <span class='ocrx_word' id='word_1_500' title='bbox 2522 3180 2605 3183; x_wconf 30' lang='lat'><strong>7”&quot;</strong></span> <span class='ocrx_word' id='word_1_501' title='bbox 2668 3180 2885 3204; x_wconf 22' lang='lat' dir='ltr'><strong>vrfri&#39;r</strong></span> <span class='ocrx_word' id='word_1_502' title='bbox 2938 3180 3017 3182; x_wconf 30' lang='lat'><strong>~77</strong></span> <span class='ocrx_word' id='word_1_503' title='bbox 3058 3180 3134 3191; x_wconf 30' lang='lat' dir='ltr'><strong>‘H&#39;</strong></span> <span class='ocrx_word' id='word_1_504' title='bbox 3191 3180 3277 3201; x_wconf 64' lang='grc' dir='ltr'><strong>⁷-ά</strong></span> <span class='ocrx_word' id='word_1_505' title='bbox 3324 3180 3381 3201; x_wconf 21' lang='lat' dir='ltr'><strong>iis,</strong></span> <span class='ocrx_word' id='word_1_506' title='bbox 3449 3180 3557 3200; x_wconf 29' lang='lat'><strong>‘7&#39;,</strong></span> <span class='ocrx_word' id='word_1_507' title='bbox 3631 3180 3639 3198; x_wconf 69' lang='grc' dir='ltr'>ί</span> <span class='ocrx_word' id='word_1_508' title='bbox 3749 3180 3758 3183; x_wconf 76' lang='grc'><em>’</em></span> <span class='ocrx_word' id='word_1_509' title='bbox 3888 3180 3895 3190; x_wconf 92' lang='grc'><strong>¹</strong></span> 
     </span>
     <span class='ocr_line' id='line_1_65' title="bbox 2279 3180 3912 3292; baseline -0.001 -21"><span class='ocrx_word' id='word_1_510' title='bbox 2279 3180 2318 3234; x_wconf 82' lang='lat' dir='ltr'>C</span> <span class='ocrx_word' id='word_1_511' title='bbox 2356 3225 2685 3292; x_wconf 85' lang='grc' dir='ltr'>προείρηται.</span> <span class='ocrx_word' id='word_1_512' title='bbox 2748 3220 2898 3271; x_wconf 74' lang='grc' dir='ltr'>Οὕτω</span> <span class='ocrx_word' id='word_1_513' title='bbox 2946 3223 3035 3291; x_wconf 67' lang='grc' dir='ltr'>μὲν</span> <span class='ocrx_word' id='word_1_514' title='bbox 3111 3216 3198 3271; x_wconf 78' lang='grc' dir='ltr'>οὖν</span> <span class='ocrx_word' id='word_1_515' title='bbox 3249 3225 3345 3271; x_wconf 80' lang='grc' dir='ltr'>καὶ</span> <span class='ocrx_word' id='word_1_516' title='bbox 3403 3216 3485 3272; x_wconf 75' lang='grc' dir='ltr'>ἐπὶ</span> <span class='ocrx_word' id='word_1_517' title='bbox 3537 3213 3786 3291; x_wconf 74' lang='grc' dir='ltr'>τούτοιςὴ</span> <span class='ocrx_word' id='word_1_518' title='bbox 3835 3217 3912 3261; x_wconf 70' lang='grc' dir='ltr'><strong>τῶν</strong></span> 
     </span>
    </p>
   </div>
   <div class='ocr_carea' id='block_1_64' title="bbox 595 3298 2228 3381">
    <p class='ocr_par' dir='ltr' id='par_1_64' title="bbox 595 3303 2228 3376">
     <span class='ocr_line' id='line_1_66' title="bbox 595 3303 2228 3376; baseline 0.002 -20"><span class='ocrx_word' id='word_1_519' title='bbox 595 3303 715 3357; x_wconf 84' lang='lat' dir='ltr'><strong>fere</strong></span> <span class='ocrx_word' id='word_1_520' title='bbox 745 3303 918 3358; x_wconf 91' lang='lat' dir='ltr'><strong>rebus</strong></span> <span class='ocrx_word' id='word_1_521' title='bbox 958 3305 1237 3360; x_wconf 88' lang='lat' dir='ltr'><strong>dramatis</strong></span> <span class='ocrx_word' id='word_1_522' title='bbox 1266 3312 1352 3359; x_wconf 88' lang='lat' dir='ltr'><strong>est</strong></span> <span class='ocrx_word' id='word_1_523' title='bbox 1383 3306 1540 3361; x_wconf 82' lang='lat' dir='ltr'><strong>iictio</strong></span> <span class='ocrx_word' id='word_1_524' title='bbox 1574 3306 1648 3361; x_wconf 91' lang='lat' dir='ltr'><strong>ab</strong></span> <span class='ocrx_word' id='word_1_525' title='bbox 1688 3307 1940 3362; x_wconf 90' lang='lat' dir='ltr'><strong>Antonio</strong></span> <span class='ocrx_word' id='word_1_526' title='bbox 1992 3307 2228 3376; x_wconf 66' lang='lat' dir='ltr'><strong>Diogeni</strong></span> 
     </span>
    </p>
   </div>
   <div class='ocr_carea' id='block_1_65' title="bbox 2278 3298 3911 3381">
    <p class='ocr_par' dir='ltr' id='par_1_65' title="bbox 2360 3298 3911 3381">
     <span class='ocr_line' id='line_1_67' title="bbox 2360 3298 3911 3381; baseline -0.004 -20"><span class='ocrx_word' id='word_1_527' title='bbox 2360 3305 2640 3381; x_wconf 79' lang='grc' dir='ltr'>δραμάτων</span> <span class='ocrx_word' id='word_1_528' title='bbox 2698 3308 2885 3368; x_wconf 87' lang='grc' dir='ltr'>πλάσις</span> <span class='ocrx_word' id='word_1_529' title='bbox 2957 3317 3028 3379; x_wconf 81' lang='grc' dir='ltr'>τῷ</span> <span class='ocrx_word' id='word_1_530' title='bbox 3090 3308 3355 3380; x_wconf 80' lang='grc' dir='ltr'>Ἀντωνίῳ</span> <span class='ocrx_word' id='word_1_531' title='bbox 3433 3311 3643 3379; x_wconf 81' lang='grc' dir='ltr'>Διογένει</span> <span class='ocrx_word' id='word_1_532' title='bbox 3710 3298 3911 3372; x_wconf 75' lang='grc' dir='ltr'>ἐσχημά-</span> 
     </span>
    </p>
   </div>
   <div class='ocr_carea' id='block_1_66' title="bbox 595 3393 2228 3462">
    <p class='ocr_par' dir='ltr' id='par_1_66' title="bbox 595 3393 946 3462">
     <span class='ocr_line' id='line_1_68' title="bbox 595 3393 946 3462; baseline 0 -16"><span class='ocrx_word' id='word_1_533' title='bbox 595 3393 946 3462; x_wconf 84' lang='lat' dir='ltr'><strong>composita.</strong></span> 
     </span>
    </p>
   </div>
   <div class='ocr_carea' id='block_1_67' title="bbox 920 3393 2553 3462">
    <p class='ocr_par' dir='ltr' id='par_1_67' title="bbox 920 3418 2553 3450">
     <span class='ocr_line' id='line_1_69' title="bbox 920 3418 2553 3450; baseline 0 -2"><span class='ocrx_word' id='word_1_534' title='bbox 920 3435 946 3448; x_wconf 68' lang='grc' dir='ltr'>ι.</span> <span class='ocrx_word' id='word_1_535' title='bbox 2358 3418 2553 3450; x_wconf 86' lang='grc' dir='ltr'>τισται.</span> 
     </span>
    </p>
   </div>
   <div class='ocr_carea' id='block_1_68' title="bbox 666 3480 2299 3561">
    <p class='ocr_par' dir='ltr' id='par_1_68' title="bbox 666 3480 2246 3557">
     <span class='ocr_line' id='line_1_70' title="bbox 666 3480 2246 3557; baseline 0.004 -24"><span class='ocrx_word' id='word_1_536' title='bbox 666 3480 909 3536; x_wconf 82' lang='lat' dir='ltr'><strong>Videtur</strong></span> <span class='ocrx_word' id='word_1_537' title='bbox 938 3489 1135 3537; x_wconf 88' lang='lat' dir='ltr'><strong>autem</strong></span> <span class='ocrx_word' id='word_1_538' title='bbox 1185 3482 1310 3553; x_wconf 88' lang='lat' dir='ltr'><strong>ipse</strong></span> <span class='ocrx_word' id='word_1_539' title='bbox 1360 3488 1624 3556; x_wconf 87' lang='lat' dir='ltr'><strong>tempore</strong></span> <span class='ocrx_word' id='word_1_540' title='bbox 1667 3484 1827 3556; x_wconf 90' lang='lat' dir='ltr'><strong>prior</strong></span> <span class='ocrx_word' id='word_1_541' title='bbox 1864 3499 1995 3538; x_wconf 90' lang='lat' dir='ltr'><strong>esse</strong></span> <span class='ocrx_word' id='word_1_542' title='bbox 2036 3485 2103 3552; x_wconf 79' lang='lat' dir='ltr'><strong>iis</strong></span> <span class='ocrx_word' id='word_1_543' title='bbox 2142 3486 2246 3557; x_wconf 91' lang='lat' dir='ltr'><strong>qui</strong></span> 
     </span>
    </p>
   </div>
   <div class='ocr_carea' id='block_1_69' title="bbox 2277 3480 3910 3561">
    <p class='ocr_par' dir='ltr' id='par_1_69' title="bbox 2428 3483 3910 3561">
     <span class='ocr_line' id='line_1_71' title="bbox 2428 3483 3910 3561; baseline 0 -22"><span class='ocrx_word' id='word_1_544' title='bbox 2428 3487 2584 3539; x_wconf 83' lang='grc' dir='ltr'>Ἔστι</span> <span class='ocrx_word' id='word_1_545' title='bbox 2614 3483 2685 3550; x_wconf 75' lang='grc' dir='ltr'><strong>δ’,</strong></span> <span class='ocrx_word' id='word_1_546' title='bbox 2732 3490 2801 3548; x_wconf 82' lang='grc' dir='ltr'>ὡς</span> <span class='ocrx_word' id='word_1_547' title='bbox 2844 3488 3021 3552; x_wconf 79' lang='grc' dir='ltr'>ἔοικεν,</span> <span class='ocrx_word' id='word_1_548' title='bbox 3074 3486 3223 3548; x_wconf 79' lang='grc' dir='ltr'>οὗτος</span> <span class='ocrx_word' id='word_1_549' title='bbox 3253 3491 3434 3559; x_wconf 84' lang='grc' dir='ltr'>χρόνῳ</span> <span class='ocrx_word' id='word_1_550' title='bbox 3462 3483 3783 3561; x_wconf 77' lang='grc' dir='ltr'>πρεσϐύτερος</span> <span class='ocrx_word' id='word_1_551' title='bbox 3833 3484 3910 3527; x_wconf 71' lang='grc' dir='ltr'><strong>τῶν</strong></span> 
     </span>
    </p>
   </div>
   <div class='ocr_carea' id='block_1_70' title="bbox 594 3569 2227 3642">
    <p class='ocr_par' dir='ltr' id='par_1_70' title="bbox 594 3569 2219 3642">
     <span class='ocr_line' id='line_1_72' title="bbox 594 3569 2219 3642; baseline 0.001 -17"><span class='ocrx_word' id='word_1_552' title='bbox 594 3569 733 3625; x_wconf 84' lang='lat' dir='ltr'><strong>talia</strong></span> <span class='ocrx_word' id='word_1_553' title='bbox 772 3569 1031 3625; x_wconf 88' lang='lat' dir='ltr'><strong>studiose</strong></span> <span class='ocrx_word' id='word_1_554' title='bbox 1078 3571 1491 3626; x_wconf 80' lang='lat' dir='ltr'><strong>confinxerunt</strong></span> <span class='ocrx_word' id='word_1_555' title='bbox 1522 3574 1653 3642; x_wconf 87' lang='lat'><strong>(30),</strong></span> <span class='ocrx_word' id='word_1_556' title='bbox 1704 3578 1766 3626; x_wconf 89' lang='lat' dir='ltr'><strong>ut</strong></span> <span class='ocrx_word' id='word_1_557' title='bbox 1812 3572 2092 3634; x_wconf 87' lang='lat' dir='ltr'><strong>Luciano,</strong></span> <span class='ocrx_word' id='word_1_558' title='bbox 2138 3573 2219 3628; x_wconf 88' lang='lat' dir='ltr'><strong>Lu</strong></span> 
     </span>
    </p>
   </div>
   <div class='ocr_carea' id='block_1_71' title="bbox 2276 3569 3909 3642">
    <p class='ocr_par' dir='ltr' id='par_1_71' title="bbox 2358 3571 3909 3639">
     <span class='ocr_line' id='line_1_73' title="bbox 2358 3571 3909 3639; baseline -0.008 -11"><span class='ocrx_word' id='word_1_559' title='bbox 2358 3578 2421 3628; x_wconf 80' lang='grc' dir='ltr'>τὰ</span> <span class='ocrx_word' id='word_1_560' title='bbox 2473 3584 2689 3627; x_wconf 83' lang='grc' dir='ltr'>τοιαῦτα</span> <span class='ocrx_word' id='word_1_561' title='bbox 2738 3572 3143 3627; x_wconf 75' lang='grc' dir='ltr'>ἐσπουδακότων</span> <span class='ocrx_word' id='word_1_562' title='bbox 3197 3571 3519 3639; x_wconf 85' lang='grc' dir='ltr'>διαπλάσαι,</span> <span class='ocrx_word' id='word_1_563' title='bbox 3573 3575 3670 3626; x_wconf 82' lang='grc' dir='ltr'>οἷον</span> <span class='ocrx_word' id='word_1_564' title='bbox 3723 3576 3909 3624; x_wconf 77' lang='grc' dir='ltr'>Λουκια-</span> 
     </span>
    </p>
   </div>
   <div class='ocr_carea' id='block_1_72' title="bbox 595 3656 2228 3736">
    <p class='ocr_par' dir='ltr' id='par_1_72' title="bbox 595 3658 2224 3730">
     <span class='ocr_line' id='line_1_74' title="bbox 595 3658 2224 3730; baseline 0.002 -17"><span class='ocrx_word' id='word_1_565' title='bbox 595 3658 685 3713; x_wconf 89' lang='lat' dir='ltr'><strong>cio</strong></span> <span class='ocrx_word' id='word_1_566' title='bbox 714 3659 852 3727; x_wconf 85' lang='grc'>(31),</span> <span class='ocrx_word' id='word_1_567' title='bbox 904 3658 1233 3714; x_wconf 85' lang='lat' dir='ltr'><strong>Jamhlicho</strong></span> <span class='ocrx_word' id='word_1_568' title='bbox 1261 3660 1396 3729; x_wconf 78' lang='lat'><strong>(32),</strong></span> <span class='ocrx_word' id='word_1_569' title='bbox 1450 3660 1670 3715; x_wconf 88' lang='lat' dir='ltr'><strong>Achille</strong></span> <span class='ocrx_word' id='word_1_570' title='bbox 1699 3662 1861 3716; x_wconf 90' lang='lat' dir='ltr'><strong>Tatio</strong></span> <span class='ocrx_word' id='word_1_571' title='bbox 1894 3661 2026 3730; x_wconf 92' lang='lat'><strong>(33),</strong></span> <span class='ocrx_word' id='word_1_572' title='bbox 2062 3662 2224 3717; x_wconf 83' lang='lat' dir='ltr'><strong>Helio</strong></span> 
     </span>
    </p>
   </div>
   <div class='ocr_carea' id='block_1_73' title="bbox 2278 3656 3911 3736">
    <p class='ocr_par' dir='ltr' id='par_1_73' title="bbox 2356 3656 3911 3736">
     <span class='ocr_line' id='line_1_75' title="bbox 2356 3656 3911 3736; baseline -0.008 -20"><span class='ocrx_word' id='word_1_573' title='bbox 2356 3673 2465 3731; x_wconf 85' lang='grc' dir='ltr'>νοῦ,</span> <span class='ocrx_word' id='word_1_574' title='bbox 2512 3670 2761 3729; x_wconf 84' lang='grc' dir='ltr'>Λουκίου,</span> <span class='ocrx_word' id='word_1_575' title='bbox 2815 3664 3145 3736; x_wconf 84' lang='grc' dir='ltr'>Ἰαμϐλίχου,</span> <span class='ocrx_word' id='word_1_576' title='bbox 3194 3664 3481 3735; x_wconf 73' lang='grc' dir='ltr'>Ἀχιλλέως</span> <span class='ocrx_word' id='word_1_577' title='bbox 3526 3667 3727 3725; x_wconf 82' lang='grc' dir='ltr'>Τατίου,</span> <span class='ocrx_word' id='word_1_578' title='bbox 3772 3656 3911 3710; x_wconf 84' lang='grc' dir='ltr'>Ἠλιο-</span> 
     </span>
    </p>
   </div>
   <div class='ocr_carea' id='block_1_74' title="bbox 595 3745 2228 3829">
    <p class='ocr_par' dir='ltr' id='par_1_74' title="bbox 595 3746 2228 3821">
     <span class='ocr_line' id='line_1_76' title="bbox 595 3746 2228 3821; baseline 0.001 -20"><span class='ocrx_word' id='word_1_579' title='bbox 595 3746 744 3801; x_wconf 89' lang='lat' dir='ltr'><strong>doro</strong></span> <span class='ocrx_word' id='word_1_580' title='bbox 794 3748 927 3819; x_wconf 77' lang='grc'>(34),</span> <span class='ocrx_word' id='word_1_581' title='bbox 957 3752 1137 3820; x_wconf 91' lang='lat' dir='ltr'><strong>atque</strong></span> <span class='ocrx_word' id='word_1_582' title='bbox 1192 3749 1665 3821; x_wconf 75' lang='lat' dir='ltr'><strong>Damascio(35).</strong></span> <span class='ocrx_word' id='word_1_583' title='bbox 1696 3749 1842 3805; x_wconf 85' lang='lat' dir='ltr'><strong>Nam</strong></span> <span class='ocrx_word' id='word_1_584' title='bbox 1891 3757 1946 3805; x_wconf 92' lang='lat' dir='ltr'><strong>et</strong></span> <span class='ocrx_word' id='word_1_585' title='bbox 1974 3751 2228 3807; x_wconf 86' lang='lat' dir='ltr'><strong>Verarun</strong></span> 
     </span>
    </p>
   </div>
   <div class='ocr_carea' id='block_1_75' title="bbox 2278 3745 3911 3829">
    <p class='ocr_par' dir='ltr' id='par_1_75' title="bbox 2360 3745 3911 3829">
     <span class='ocr_line' id='line_1_77' title="bbox 2360 3745 3911 3829; baseline -0.008 -22"><span class='ocrx_word' id='word_1_586' title='bbox 2360 3751 2531 3829; x_wconf 69' lang='grc' dir='ltr'>δώρου</span> <span class='ocrx_word' id='word_1_587' title='bbox 2564 3773 2617 3806; x_wconf 89' lang='grc' dir='ltr'><strong>τε</strong></span> <span class='ocrx_word' id='word_1_588' title='bbox 2650 3759 2739 3805; x_wconf 81' lang='grc' dir='ltr'>καὶ</span> <span class='ocrx_word' id='word_1_589' title='bbox 2789 3758 3091 3825; x_wconf 71' lang='grc' dir='ltr'>Δαμασκίω</span> <span class='ocrx_word' id='word_1_590' title='bbox 3122 3770 3133 3783; x_wconf 75' lang='grc'><em>⁸</em></span> <span class='ocrx_word' id='word_1_591' title='bbox 3169 3758 3255 3805; x_wconf 78' lang='grc' dir='ltr'>καὶ</span> <span class='ocrx_word' id='word_1_592' title='bbox 3302 3756 3407 3825; x_wconf 80' lang='grc' dir='ltr'><strong>γὰρ</strong></span> <span class='ocrx_word' id='word_1_593' title='bbox 3457 3760 3549 3805; x_wconf 77' lang='grc' dir='ltr'>τοῦ</span> <span class='ocrx_word' id='word_1_594' title='bbox 3604 3754 3711 3825; x_wconf 84' lang='grc' dir='ltr'>περὶ</span> <span class='ocrx_word' id='word_1_595' title='bbox 3748 3745 3911 3802; x_wconf 79' lang='grc' dir='ltr'>ἀληθῶν</span> 
     </span>
    </p>
   </div>
   <div class='ocr_carea' id='block_1_76' title="bbox 594 3836 2227 3915">
    <p class='ocr_par' dir='ltr' id='par_1_76' title="bbox 594 3836 2222 3908">
     <span class='ocr_line' id='line_1_78' title="bbox 594 3836 2222 3908; baseline 0.004 -18"><span class='ocrx_word' id='word_1_596' title='bbox 594 3836 827 3892; x_wconf 89' lang='lat' dir='ltr'><strong>Luciani</strong></span> <span class='ocrx_word' id='word_1_597' title='bbox 840 3838 1257 3894; x_wconf 77' lang='lat' dir='ltr'><strong>narrationum</strong></span> <span class='ocrx_word' id='word_1_598' title='bbox 1273 3845 1330 3895; x_wconf 81' lang='lat' dir='ltr'><strong>et</strong></span> <span class='ocrx_word' id='word_1_599' title='bbox 1344 3839 1931 3908; x_wconf 78' lang='lat' dir='ltr'><strong>transformalionum</strong></span> <span class='ocrx_word' id='word_1_600' title='bbox 1952 3841 2107 3895; x_wconf 86' lang='lat' dir='ltr'><strong>Lucii</strong></span> <span class='ocrx_word' id='word_1_601' title='bbox 2124 3841 2222 3897; x_wconf 83' lang='lat' dir='ltr'><strong>fon</strong></span> 
     </span>
    </p>
   </div>
   <div class='ocr_carea' id='block_1_77' title="bbox 2280 3836 3913 3915">
    <p class='ocr_par' dir='ltr' id='par_1_77' title="bbox 2361 3841 3913 3915">
     <span class='ocr_line' id='line_1_79' title="bbox 2361 3841 3913 3915; baseline -0.009 -20"><span class='ocrx_word' id='word_1_602' title='bbox 2361 3841 2703 3915; x_wconf 74' lang='grc' dir='ltr'>διηγημάτων</span> <span class='ocrx_word' id='word_1_603' title='bbox 2758 3848 3049 3895; x_wconf 77' lang='grc' dir='ltr'>Λουκιανοῦ</span> <span class='ocrx_word' id='word_1_604' title='bbox 3101 3846 3308 3894; x_wconf 76' lang='grc' dir='ltr'>καὶτοῦ</span> <span class='ocrx_word' id='word_1_605' title='bbox 3359 3847 3479 3915; x_wconf 81' lang='grc' dir='ltr'>περὶ</span> <span class='ocrx_word' id='word_1_606' title='bbox 3520 3842 3913 3914; x_wconf 65' lang='grc' dir='ltr'>μεταμορφώσεων</span> 
     </span>
    </p>
   </div>
   <div class='ocr_carea' id='block_1_78' title="bbox 594 3925 2227 4005">
    <p class='ocr_par' dir='ltr' id='par_1_78' title="bbox 594 3925 2227 3999">
     <span class='ocr_line' id='line_1_80' title="bbox 594 3925 2227 3999; baseline 0.003 -20"><span class='ocrx_word' id='word_1_607' title='bbox 594 3930 711 3979; x_wconf 91' lang='lat' dir='ltr'><strong>tem</strong></span> <span class='ocrx_word' id='word_1_608' title='bbox 760 3925 920 3980; x_wconf 90' lang='lat' dir='ltr'><strong>hunc</strong></span> <span class='ocrx_word' id='word_1_609' title='bbox 952 3932 1008 3980; x_wconf 88' lang='lat' dir='ltr'><strong>et</strong></span> <span class='ocrx_word' id='word_1_610' title='bbox 1037 3926 1301 3982; x_wconf 90' lang='lat' dir='ltr'><strong>radicem</strong></span> <span class='ocrx_word' id='word_1_611' title='bbox 1334 3927 1573 3983; x_wconf 87' lang='lat' dir='ltr'><strong>dixeris.</strong></span> <span class='ocrx_word' id='word_1_612' title='bbox 1604 3927 1755 3995; x_wconf 91' lang='lat' dir='ltr'><strong>Quin</strong></span> <span class='ocrx_word' id='word_1_613' title='bbox 1788 3934 1844 3984; x_wconf 88' lang='lat' dir='ltr'><strong>et</strong></span> <span class='ocrx_word' id='word_1_614' title='bbox 1874 3945 2079 3984; x_wconf 91' lang='lat' dir='ltr'><strong>eorum</strong></span> <span class='ocrx_word' id='word_1_615' title='bbox 2113 3944 2227 3999; x_wconf 88' lang='lat' dir='ltr'><strong>qua</strong></span> 
     </span>
    </p>
   </div>
   <div class='ocr_carea' id='block_1_79' title="bbox 2279 3925 3912 4005">
    <p class='ocr_par' dir='ltr' id='par_1_79' title="bbox 2358 3926 3912 4005">
     <span class='ocr_line' id='line_1_81' title="bbox 2358 3926 3912 4005; baseline -0.005 -20"><span class='ocrx_word' id='word_1_616' title='bbox 2358 3938 2587 3986; x_wconf 89' lang='grc' dir='ltr'>Λουκίου</span> <span class='ocrx_word' id='word_1_617' title='bbox 2619 3936 2762 4003; x_wconf 86' lang='grc' dir='ltr'><strong>πηγὴ</strong></span> <span class='ocrx_word' id='word_1_618' title='bbox 2799 3937 2889 3984; x_wconf 86' lang='grc' dir='ltr'><strong>καὶ</strong></span> <span class='ocrx_word' id='word_1_619' title='bbox 2916 3932 3041 4005; x_wconf 80' lang='grc' dir='ltr'>ῥίζα</span> <span class='ocrx_word' id='word_1_620' title='bbox 3088 3933 3246 3983; x_wconf 81' lang='grc' dir='ltr'>ἔοικεν</span> <span class='ocrx_word' id='word_1_621' title='bbox 3302 3928 3435 3983; x_wconf 84' lang='grc' dir='ltr'>εἶναι</span> <span class='ocrx_word' id='word_1_622' title='bbox 3490 3938 3658 3983; x_wconf 81' lang='grc' dir='ltr'>τοῦτο.</span> <span class='ocrx_word' id='word_1_623' title='bbox 3708 3926 3774 3977; x_wconf 70' lang='grc' dir='ltr'><strong>Οὐ</strong></span> <span class='ocrx_word' id='word_1_624' title='bbox 3793 3926 3912 3996; x_wconf 75' lang='grc' dir='ltr'>μόνον</span> 
     </span>
    </p>
   </div>
   <div class='ocr_carea' id='block_1_80' title="bbox 594 4014 2227 4093">
    <p class='ocr_par' dir='ltr' id='par_1_80' title="bbox 594 4014 2224 4089">
     <span class='ocr_line' id='line_1_82' title="bbox 594 4014 2224 4089; baseline 0.004 -20"><span class='ocrx_word' id='word_1_625' title='bbox 594 4014 667 4069; x_wconf 92' lang='lat' dir='ltr'><strong>de</strong></span> <span class='ocrx_word' id='word_1_626' title='bbox 691 4014 971 4070; x_wconf 90' lang='lat' dir='ltr'><strong>Sinonide</strong></span> <span class='ocrx_word' id='word_1_627' title='bbox 993 4032 1060 4070; x_wconf 88' lang='lat' dir='ltr'><strong>ac</strong></span> <span class='ocrx_word' id='word_1_628' title='bbox 1078 4015 1345 4086; x_wconf 80' lang='lat' dir='ltr'><strong>Rodane,</strong></span> <span class='ocrx_word' id='word_1_629' title='bbox 1364 4016 1437 4072; x_wconf 92' lang='lat' dir='ltr'><strong>de</strong></span> <span class='ocrx_word' id='word_1_630' title='bbox 1457 4017 1745 4088; x_wconf 80' lang='lat' dir='ltr'><strong>Leucippo</strong></span> <span class='ocrx_word' id='word_1_631' title='bbox 1767 4034 1836 4073; x_wconf 92' lang='lat' dir='ltr'><strong>ac</strong></span> <span class='ocrx_word' id='word_1_632' title='bbox 1860 4018 2224 4089; x_wconf 87' lang='lat' dir='ltr'><strong>Clitophonte</strong></span> 
     </span>
    </p>
   </div>
   <div class='ocr_carea' id='block_1_81' title="bbox 2277 4014 3910 4093">
    <p class='ocr_par' dir='ltr' id='par_1_81' title="bbox 2361 4015 3910 4093">
     <span class='ocr_line' id='line_1_83' title="bbox 2361 4015 3910 4093; baseline -0.005 -20"><span class='ocrx_word' id='word_1_633' title='bbox 2361 4020 2417 4074; x_wconf 74' lang='grc' dir='ltr'>δε</span> <span class='ocrx_word' id='word_1_634' title='bbox 2460 4021 2585 4073; x_wconf 78' lang='grc' dir='ltr'>ἀλλὰ</span> <span class='ocrx_word' id='word_1_635' title='bbox 2628 4026 2717 4073; x_wconf 87' lang='grc' dir='ltr'>καὶ</span> <span class='ocrx_word' id='word_1_636' title='bbox 2770 4030 2867 4072; x_wconf 80' lang='grc' dir='ltr'>τῶν</span> <span class='ocrx_word' id='word_1_637' title='bbox 2912 4025 3027 4093; x_wconf 81' lang='grc' dir='ltr'>περὶ</span> <span class='ocrx_word' id='word_1_638' title='bbox 3078 4016 3332 4072; x_wconf 80' lang='grc' dir='ltr'>Σινωνίδα</span> <span class='ocrx_word' id='word_1_639' title='bbox 3382 4025 3473 4072; x_wconf 89' lang='grc' dir='ltr'>καὶ</span> <span class='ocrx_word' id='word_1_640' title='bbox 3506 4015 3767 4076; x_wconf 75' lang='grc' dir='ltr'>Ῥοδάνην,</span> <span class='ocrx_word' id='word_1_641' title='bbox 3814 4019 3910 4063; x_wconf 72' lang='grc' dir='ltr'>Λευ·</span> 
     </span>
    </p>
   </div>
   <div class='ocr_carea' id='block_1_82' title="bbox 591 4102 2224 4182">
    <p class='ocr_par' dir='ltr' id='par_1_82' title="bbox 591 4102 2224 4178">
     <span class='ocr_line' id='line_1_84' title="bbox 591 4102 2224 4178; baseline 0.002 -21"><span class='ocrx_word' id='word_1_642' title='bbox 591 4102 665 4157; x_wconf 93' lang='lat' dir='ltr'><strong>de</strong></span> <span class='ocrx_word' id='word_1_643' title='bbox 690 4102 991 4159; x_wconf 89' lang='lat' dir='ltr'><strong>Chariclea</strong></span> <span class='ocrx_word' id='word_1_644' title='bbox 1013 4121 1081 4159; x_wconf 89' lang='lat' dir='ltr'><strong>ac</strong></span> <span class='ocrx_word' id='word_1_645' title='bbox 1099 4104 1633 4178; x_wconf 84' lang='lat' dir='ltr'><strong>Theagene,deque</strong></span> <span class='ocrx_word' id='word_1_646' title='bbox 1658 4106 1806 4162; x_wconf 82' lang='lat' dir='ltr'><strong>ﬁctis</strong></span> <span class='ocrx_word' id='word_1_647' title='bbox 1822 4122 2027 4162; x_wconf 88' lang='lat' dir='ltr'><strong>eorum</strong></span> <span class='ocrx_word' id='word_1_648' title='bbox 2048 4107 2224 4163; x_wconf 90' lang='lat' dir='ltr'><strong>rebus</strong></span> 
     </span>
    </p>
   </div>
   <div class='ocr_carea' id='block_1_83' title="bbox 2275 4102 3908 4182">
    <p class='ocr_par' dir='ltr' id='par_1_83' title="bbox 2358 4102 3908 4182">
     <span class='ocr_line' id='line_1_85' title="bbox 2358 4102 3908 4182; baseline -0.006 -19"><span class='ocrx_word' id='word_1_649' title='bbox 2358 4115 2556 4168; x_wconf 83' lang='grc' dir='ltr'>κίππην</span> <span class='ocrx_word' id='word_1_650' title='bbox 2626 4129 2680 4163; x_wconf 89' lang='grc' dir='ltr'><strong>τε</strong></span> <span class='ocrx_word' id='word_1_651' title='bbox 2741 4113 2831 4161; x_wconf 82' lang='grc' dir='ltr'><strong>καὶ</strong></span> <span class='ocrx_word' id='word_1_652' title='bbox 2896 4110 3273 4182; x_wconf 68' lang='grc' dir='ltr'>Κλειτοφῶντα,</span> <span class='ocrx_word' id='word_1_653' title='bbox 3359 4114 3453 4161; x_wconf 77' lang='grc' dir='ltr'><strong>καὶ</strong></span> <span class='ocrx_word' id='word_1_654' title='bbox 3505 4106 3795 4181; x_wconf 81' lang='grc' dir='ltr'>Χαρίκλειαν</span> <span class='ocrx_word' id='word_1_655' title='bbox 3843 4102 3908 4149; x_wconf 78' lang='grc' dir='ltr'>καὶ</span> 
     </span>
    </p>
   </div>
   <div class='ocr_carea' id='block_1_84' title="bbox 590 4192 2223 4270">
    <p class='ocr_par' dir='ltr' id='par_1_84' title="bbox 590 4192 2213 4267">
     <span class='ocr_line' id='line_1_86' title="bbox 590 4192 2213 4267; baseline 0.002 -19"><span class='ocrx_word' id='word_1_656' title='bbox 590 4192 1227 4258; x_wconf 89' lang='lat' dir='ltr'><strong>erroribus,amoribus</strong></span> <span class='ocrx_word' id='word_1_657' title='bbox 1250 4210 1492 4265; x_wconf 81' lang='lat' dir='ltr'><strong>quoque</strong></span> <span class='ocrx_word' id='word_1_658' title='bbox 1511 4200 1567 4250; x_wconf 87' lang='lat' dir='ltr'><strong>et</strong></span> <span class='ocrx_word' id='word_1_659' title='bbox 1584 4202 1755 4266; x_wconf 87' lang='lat' dir='ltr'><strong>raptu</strong></span> <span class='ocrx_word' id='word_1_660' title='bbox 1777 4200 1955 4267; x_wconf 88' lang='lat' dir='ltr'><strong>atque</strong></span> <span class='ocrx_word' id='word_1_661' title='bbox 1974 4197 2213 4267; x_wconf 87' lang='lat' dir='ltr'><strong>periculi</strong></span> 
     </span>
    </p>
   </div>
   <div class='ocr_carea' id='block_1_85' title="bbox 2283 4192 3916 4270">
    <p class='ocr_par' dir='ltr' id='par_1_85' title="bbox 2361 4194 3916 4270">
     <span class='ocr_line' id='line_1_87' title="bbox 2361 4194 3916 4270; baseline -0.006 -19"><span class='ocrx_word' id='word_1_662' title='bbox 2361 4202 2640 4269; x_wconf 72' lang='grc' dir='ltr'>Θεαγένην,</span> <span class='ocrx_word' id='word_1_663' title='bbox 2691 4207 2790 4250; x_wconf 87' lang='grc' dir='ltr'>τῶν</span> <span class='ocrx_word' id='word_1_664' title='bbox 2839 4218 2892 4251; x_wconf 84' lang='grc' dir='ltr'><strong>τε</strong></span> <span class='ocrx_word' id='word_1_665' title='bbox 2944 4203 3060 4270; x_wconf 81' lang='grc' dir='ltr'>περὶ</span> <span class='ocrx_word' id='word_1_666' title='bbox 3118 4198 3302 4258; x_wconf 74' lang='grc' dir='ltr'>αὐτοὺς</span> <span class='ocrx_word' id='word_1_667' title='bbox 3354 4199 3671 4270; x_wconf 75' lang='grc' dir='ltr'>πλασμάτων</span> <span class='ocrx_word' id='word_1_668' title='bbox 3723 4197 3799 4245; x_wconf 83' lang='grc' dir='ltr'>καὶ</span> <span class='ocrx_word' id='word_1_669' title='bbox 3842 4194 3916 4243; x_wconf 81' lang='grc' dir='ltr'>τῆς</span> 
     </span>
    </p>
   </div>
   <div class='ocr_carea' id='block_1_86' title="bbox 592 4276 2225 4362">
    <p class='ocr_par' dir='ltr' id='par_1_86' title="bbox 592 4282 2225 4355">
     <span class='ocr_line' id='line_1_88' title="bbox 592 4282 2225 4355; baseline 0.002 -18"><span class='ocrx_word' id='word_1_670' title='bbox 592 4282 922 4353; x_wconf 88' lang='lat' dir='ltr'><strong>composita</strong></span> <span class='ocrx_word' id='word_1_671' title='bbox 950 4288 1107 4351; x_wconf 87' lang='lat' dir='ltr'><strong>sunt,</strong></span> <span class='ocrx_word' id='word_1_672' title='bbox 1133 4284 1438 4355; x_wconf 88' lang='lat' dir='ltr'><strong>Dercyllis,</strong></span> <span class='ocrx_word' id='word_1_673' title='bbox 1465 4285 1750 4355; x_wconf 86' lang='lat' dir='ltr'><strong>Ccryllus,</strong></span> <span class='ocrx_word' id='word_1_674' title='bbox 1781 4286 2156 4341; x_wconf 81' lang='lat' dir='ltr'><strong>Thruscanus</strong></span> <span class='ocrx_word' id='word_1_675' title='bbox 2180 4305 2225 4343; x_wconf 53' lang='lat' dir='ltr'><strong>ai</strong></span> 
     </span>
    </p>
   </div>
   <div class='ocr_carea' id='block_1_87' title="bbox 2277 4276 3910 4362">
    <p class='ocr_par' dir='ltr' id='par_1_87' title="bbox 2360 4276 3910 4362">
     <span class='ocr_line' id='line_1_89' title="bbox 2360 4276 3910 4362; baseline -0.006 -22"><span class='ocrx_word' id='word_1_676' title='bbox 2360 4289 2556 4350; x_wconf 88' lang='grc' dir='ltr'>πλάνης</span> <span class='ocrx_word' id='word_1_677' title='bbox 2630 4287 2827 4362; x_wconf 77' lang='grc' dir='ltr'>ἐρώτων</span> <span class='ocrx_word' id='word_1_678' title='bbox 2886 4306 2940 4339; x_wconf 87' lang='grc' dir='ltr'><strong>τε</strong></span> <span class='ocrx_word' id='word_1_679' title='bbox 3009 4292 3098 4339; x_wconf 82' lang='grc' dir='ltr'>καὶ</span> <span class='ocrx_word' id='word_1_680' title='bbox 3171 4288 3415 4360; x_wconf 83' lang='grc' dir='ltr'>ἁρπαγῆς</span> <span class='ocrx_word' id='word_1_681' title='bbox 3469 4292 3558 4339; x_wconf 81' lang='grc' dir='ltr'>καὶ</span> <span class='ocrx_word' id='word_1_682' title='bbox 3628 4276 3910 4339; x_wconf 67' lang='grc' dir='ltr'>κινδύνων,ἦ</span> 
     </span>
    </p>
   </div>
   <div class='ocr_carea' id='block_1_88' title="bbox 594 4369 2227 4452">
    <p class='ocr_par' dir='ltr' id='par_1_88' title="bbox 594 4370 2225 4446">
     <span class='ocr_line' id='line_1_90' title="bbox 594 4370 2225 4446; baseline 0.005 -23"><span class='ocrx_word' id='word_1_683' title='bbox 594 4370 794 4424; x_wconf 89' lang='lat' dir='ltr'><strong>Dinias</strong></span> <span class='ocrx_word' id='word_1_684' title='bbox 814 4373 1147 4443; x_wconf 86' lang='lat' dir='ltr'><strong>exemplum</strong></span> <span class='ocrx_word' id='word_1_685' title='bbox 1170 4373 1496 4445; x_wconf 65' lang='lat' dir='ltr'><strong>praebuisse</strong></span> <span class='ocrx_word' id='word_1_686' title='bbox 1517 4376 1724 4428; x_wconf 86' lang='lat' dir='ltr'><strong>merito</strong></span> <span class='ocrx_word' id='word_1_687' title='bbox 1758 4376 1982 4430; x_wconf 89' lang='lat' dir='ltr'><strong>censeri</strong></span> <span class='ocrx_word' id='word_1_688' title='bbox 2001 4382 2225 4446; x_wconf 87' lang='lat' dir='ltr'><strong>queant</strong></span> 
     </span>
    </p>
   </div>
   <div class='ocr_carea' id='block_1_89' title="bbox 2284 4369 3917 4452">
    <p class='ocr_par' dir='ltr' id='par_1_89' title="bbox 2362 4369 3917 4452">
     <span class='ocr_line' id='line_1_91' title="bbox 2362 4369 3917 4452; baseline -0.006 -22"><span class='ocrx_word' id='word_1_689' title='bbox 2362 4377 2643 4452; x_wconf 81' lang='grc' dir='ltr'>Λερκυλλὶς</span> <span class='ocrx_word' id='word_1_690' title='bbox 2674 4382 2757 4428; x_wconf 77' lang='grc' dir='ltr'>καὶ</span> <span class='ocrx_word' id='word_1_691' title='bbox 2808 4375 3071 4449; x_wconf 72' lang='grc' dir='ltr'>Κήρυλλος</span> <span class='ocrx_word' id='word_1_692' title='bbox 3128 4381 3215 4427; x_wconf 82' lang='grc' dir='ltr'>καὶ</span> <span class='ocrx_word' id='word_1_693' title='bbox 3262 4378 3603 4447; x_wconf 83' lang='grc' dir='ltr'>Θρουσκανὸς</span> <span class='ocrx_word' id='word_1_694' title='bbox 3659 4377 3737 4423; x_wconf 80' lang='grc' dir='ltr'>καὶ</span> <span class='ocrx_word' id='word_1_695' title='bbox 3762 4369 3917 4422; x_wconf 66' lang='grc' dir='ltr'>Δεινίας</span> 
     </span>
    </p>
   </div>
   <div class='ocr_carea' id='block_1_90' title="bbox 593 4449 2226 4538">
    <p class='ocr_par' dir='ltr' id='par_1_90' title="bbox 593 4457 2226 4532">
     <span class='ocr_line' id='line_1_92' title="bbox 593 4457 2226 4532; baseline 0.005 -20"><span class='ocrx_word' id='word_1_696' title='bbox 593 4457 719 4524; x_wconf 89' lang='lat' dir='ltr'><strong>Qua</strong></span> <span class='ocrx_word' id='word_1_697' title='bbox 741 4474 873 4513; x_wconf 80' lang='lat' dir='ltr'><strong>vero</strong></span> <span class='ocrx_word' id='word_1_698' title='bbox 908 4464 1250 4532; x_wconf 87' lang='lat' dir='ltr'><strong>tempestate</strong></span> <span class='ocrx_word' id='word_1_699' title='bbox 1288 4462 1862 4532; x_wconf 79' lang='lat' dir='ltr'><strong>112afabularum</strong></span> <span class='ocrx_word' id='word_1_700' title='bbox 1895 4463 1988 4517; x_wconf 85' lang='lat' dir='ltr'><strong>hic</strong></span> <span class='ocrx_word' id='word_1_701' title='bbox 2020 4471 2226 4520; x_wconf 81' lang='lat' dir='ltr'><strong>auctor</strong></span> 
     </span>
    </p>
   </div>
   <div class='ocr_carea' id='block_1_91' title="bbox 2284 4449 3917 4538">
    <p class='ocr_par' dir='ltr' id='par_1_91' title="bbox 2285 4449 3917 4538">
     <span class='ocr_line' id='line_1_93' title="bbox 2285 4449 3917 4538; baseline 0.003 -21"><span class='ocrx_word' id='word_1_702' title='bbox 2285 4530 2318 4538; x_wconf 38' lang='lat' dir='ltr'><strong>ﬁ</strong></span> <span class='ocrx_word' id='word_1_703' title='bbox 2362 4468 2562 4518; x_wconf 75' lang='grc' dir='ltr'>ἐοίκασι</span> <span class='ocrx_word' id='word_1_704' title='bbox 2613 4462 2952 4538; x_wconf 82' lang='grc' dir='ltr'>παράδειγμα</span> <span class='ocrx_word' id='word_1_705' title='bbox 2997 4469 3276 4536; x_wconf 86' lang='grc' dir='ltr'>γεγονέναι,</span> <span class='ocrx_word' id='word_1_706' title='bbox 3337 4469 3437 4517; x_wconf 90' lang='grc' dir='ltr'>Τὸν</span> <span class='ocrx_word' id='word_1_707' title='bbox 3496 4469 3681 4537; x_wconf 84' lang='grc' dir='ltr'>χρόνον</span> <span class='ocrx_word' id='word_1_708' title='bbox 3711 4456 3778 4521; x_wconf 59' lang='lat' dir='ltr'><strong>rit.</strong></span> <span class='ocrx_word' id='word_1_709' title='bbox 3824 4449 3917 4504; x_wconf 56' lang='grc' dir='ltr'><strong>καθ’</strong></span> 
     </span>
    </p>
   </div>
   <div class='ocr_carea' id='block_1_92' title="bbox 591 4530 2224 4627">
    <p class='ocr_par' dir='ltr' id='par_1_92' title="bbox 591 4530 2224 4616">
     <span class='ocr_line' id='line_1_94' title="bbox 591 4530 2224 4616; baseline 0.004 -16"><span class='ocrx_word' id='word_1_710' title='bbox 591 4545 884 4616; x_wconf 80' lang='lat' dir='ltr'><strong>Diogenes</strong></span> <span class='ocrx_word' id='word_1_711' title='bbox 920 4530 1338 4603; x_wconf 41' lang='lat' dir='ltr'><strong>ille—Antonius</strong></span> <span class='ocrx_word' id='word_1_712' title='bbox 1374 4530 1624 4616; x_wconf 19' lang='lat' dir='ltr'><strong>ivixerit,</strong></span> <span class='ocrx_word' id='word_1_713' title='bbox 1668 4566 1789 4605; x_wconf 89' lang='lat' dir='ltr'><strong>non</strong></span> <span class='ocrx_word' id='word_1_714' title='bbox 1838 4551 2034 4607; x_wconf 88' lang='lat' dir='ltr'><strong>habeo</strong></span> <span class='ocrx_word' id='word_1_715' title='bbox 2091 4560 2224 4609; x_wconf 73' lang='lat' dir='ltr'><strong>CBNt</strong></span> 
     </span>
    </p>
   </div>
   <div class='ocr_carea' id='block_1_93' title="bbox 2285 4530 3918 4627">
    <p class='ocr_par' dir='ltr' id='par_1_93' title="bbox 2285 4530 3918 4627">
     <span class='ocr_line' id='line_1_95' title="bbox 2285 4530 3918 4627; baseline -0.006 -20"><span class='ocrx_word' id='word_1_716' title='bbox 2285 4530 2325 4582; x_wconf 69' lang='grc' dir='ltr'>θ</span> <span class='ocrx_word' id='word_1_717' title='bbox 2363 4556 2414 4607; x_wconf 85' lang='grc' dir='ltr'>ὃν</span> <span class='ocrx_word' id='word_1_718' title='bbox 2468 4557 2700 4627; x_wconf 74' lang='grc' dir='ltr'>ἢκμασεν</span> <span class='ocrx_word' id='word_1_719' title='bbox 2768 4555 2792 4605; x_wconf 85' lang='grc' dir='ltr'><strong><em>ὁ</em></strong></span> <span class='ocrx_word' id='word_1_720' title='bbox 2844 4564 2943 4606; x_wconf 81' lang='grc' dir='ltr'>τῶν</span> <span class='ocrx_word' id='word_1_721' title='bbox 3018 4554 3335 4612; x_wconf 79' lang='grc' dir='ltr'>τηλικούτων</span> <span class='ocrx_word' id='word_1_722' title='bbox 3407 4552 3720 4624; x_wconf 76' lang='grc' dir='ltr'>πλασμάτων</span> <span class='ocrx_word' id='word_1_723' title='bbox 3777 4545 3918 4609; x_wconf 74' lang='grc' dir='ltr'>πατὴρ</span> 
     </span>
    </p>
   </div>
   <div class='ocr_carea' id='block_1_94' title="bbox 591 4631 2224 4715">
    <p class='ocr_par' dir='ltr' id='par_1_94' title="bbox 591 4636 2224 4709">
     <span class='ocr_line' id='line_1_96' title="bbox 591 4636 2224 4709; baseline 0.005 -20"><span class='ocrx_word' id='word_1_724' title='bbox 591 4636 911 4691; x_wconf 80' lang='lat' dir='ltr'><strong>afﬁrmare.</strong></span> <span class='ocrx_word' id='word_1_725' title='bbox 931 4636 1077 4692; x_wconf 84' lang='lat' dir='ltr'><strong>illud</strong></span> <span class='ocrx_word' id='word_1_726' title='bbox 1109 4643 1338 4694; x_wconf 88' lang='lat' dir='ltr'><strong>tantum</strong></span> <span class='ocrx_word' id='word_1_727' title='bbox 1366 4638 1656 4709; x_wconf 85' lang='lat' dir='ltr'><strong>conjicere</strong></span> <span class='ocrx_word' id='word_1_728' title='bbox 1680 4638 1873 4705; x_wconf 89' lang='lat' dir='ltr'><strong>liceat,</strong></span> <span class='ocrx_word' id='word_1_729' title='bbox 1899 4656 2018 4695; x_wconf 89' lang='lat' dir='ltr'><strong>non</strong></span> <span class='ocrx_word' id='word_1_730' title='bbox 2040 4642 2117 4697; x_wconf 91' lang='lat' dir='ltr'><strong>ita</strong></span> <span class='ocrx_word' id='word_1_731' title='bbox 2146 4642 2224 4697; x_wconf 77' lang='lat' dir='ltr'><strong>dil</strong></span> 
     </span>
    </p>
   </div>
   <div class='ocr_carea' id='block_1_95' title="bbox 2287 4631 3920 4715">
    <p class='ocr_par' dir='ltr' id='par_1_95' title="bbox 2365 4631 3920 4715">
     <span class='ocr_line' id='line_1_97' title="bbox 2365 4631 3920 4715; baseline -0.005 -18"><span class='ocrx_word' id='word_1_732' title='bbox 2365 4649 2601 4715; x_wconf 81' lang='grc' dir='ltr'>Διογένης</span> <span class='ocrx_word' id='word_1_733' title='bbox 2641 4645 2687 4679; x_wconf 73' lang='grc'><strong>³³</strong></span> <span class='ocrx_word' id='word_1_734' title='bbox 2743 4645 2768 4694; x_wconf 89' lang='grc' dir='ltr'><strong>ὀ</strong></span> <span class='ocrx_word' id='word_1_735' title='bbox 2817 4644 3111 4709; x_wconf 77' lang='grc' dir='ltr'>Ἀντώνιος,</span> <span class='ocrx_word' id='word_1_736' title='bbox 3168 4642 3310 4695; x_wconf 77' lang='grc' dir='ltr'>οΰπω</span> <span class='ocrx_word' id='word_1_737' title='bbox 3361 4663 3413 4695; x_wconf 88' lang='grc' dir='ltr'><strong>τι</strong></span> <span class='ocrx_word' id='word_1_738' title='bbox 3468 4645 3624 4714; x_wconf 74' lang='grc' dir='ltr'>σαφὲς</span> <span class='ocrx_word' id='word_1_739' title='bbox 3672 4642 3835 4708; x_wconf 71' lang='grc' dir='ltr'>ἐχομω</span> <span class='ocrx_word' id='word_1_740' title='bbox 3856 4631 3920 4682; x_wconf 66' lang='grc' dir='ltr'><strong>λέ·</strong></span> 
     </span>
    </p>
   </div>
   <div class='ocr_carea' id='block_1_96' title="bbox 591 4718 2224 4805">
    <p class='ocr_par' dir='ltr' id='par_1_96' title="bbox 591 4726 2224 4799">
     <span class='ocr_line' id='line_1_98' title="bbox 591 4726 2224 4799; baseline 0.004 -20"><span class='ocrx_word' id='word_1_741' title='bbox 591 4730 726 4795; x_wconf 90' lang='lat' dir='ltr'><strong>post</strong></span> <span class='ocrx_word' id='word_1_742' title='bbox 753 4726 1070 4782; x_wconf 86' lang='lat' dir='ltr'><strong>Alexandri</strong></span> <span class='ocrx_word' id='word_1_743' title='bbox 1119 4728 1309 4797; x_wconf 82' lang='lat' dir='ltr'><strong>Magni</strong></span> <span class='ocrx_word' id='word_1_744' title='bbox 1356 4732 1629 4799; x_wconf 87' lang='lat' dir='ltr'><strong>tempora</strong></span> <span class='ocrx_word' id='word_1_745' title='bbox 1660 4728 1950 4784; x_wconf 88' lang='lat' dir='ltr'><strong>ﬂoruisse.</strong></span> <span class='ocrx_word' id='word_1_746' title='bbox 1985 4729 2224 4786; x_wconf 87' lang='lat' dir='ltr'><strong>Memini</strong></span> 
     </span>
    </p>
   </div>
   <div class='ocr_carea' id='block_1_97' title="bbox 2288 4718 3921 4805">
    <p class='ocr_par' dir='ltr' id='par_1_97' title="bbox 2362 4718 3921 4805">
     <span class='ocr_line' id='line_1_99' title="bbox 2362 4718 3921 4805; baseline -0.004 -20"><span class='ocrx_word' id='word_1_747' title='bbox 2362 4753 2490 4805; x_wconf 84' lang='grc' dir='ltr'>γειν,</span> <span class='ocrx_word' id='word_1_748' title='bbox 2542 4732 2671 4791; x_wconf 79' lang='grc' dir='ltr'>πλὴν</span> <span class='ocrx_word' id='word_1_749' title='bbox 2725 4735 2867 4785; x_wconf 77' lang='grc' dir='ltr'>ἔστιν</span> <span class='ocrx_word' id='word_1_750' title='bbox 2921 4732 3360 4804; x_wconf 75' lang='grc' dir='ltr'>ὑπολογίσασθαι,</span> <span class='ocrx_word' id='word_1_751' title='bbox 3410 4734 3479 4794; x_wconf 84' lang='grc' dir='ltr'>ὡς</span> <span class='ocrx_word' id='word_1_752' title='bbox 3536 4730 3593 4783; x_wconf 69' lang='grc' dir='ltr'>οὗ</span> <span class='ocrx_word' id='word_1_753' title='bbox 3635 4728 3740 4780; x_wconf 88' lang='grc' dir='ltr'>λίαν</span> <span class='ocrx_word' id='word_1_754' title='bbox 3779 4718 3921 4795; x_wconf 71' lang='grc' dir='ltr'><strong>πόῥρω</strong></span> 
     </span>
    </p>
   </div>
   <div class='ocr_carea' id='block_1_98' title="bbox 593 4811 2226 4895">
    <p class='ocr_par' dir='ltr' id='par_1_98' title="bbox 593 4814 2226 4891">
     <span class='ocr_line' id='line_1_100' title="bbox 593 4814 2226 4891; baseline 0.004 -22"><span class='ocrx_word' id='word_1_755' title='bbox 593 4814 730 4869; x_wconf 92' lang='lat' dir='ltr'><strong>item</strong></span> <span class='ocrx_word' id='word_1_756' title='bbox 761 4815 1117 4887; x_wconf 87' lang='lat' dir='ltr'><strong>Autiphanis</strong></span> <span class='ocrx_word' id='word_1_757' title='bbox 1146 4817 1459 4890; x_wconf 88' lang='lat' dir='ltr'><strong>cujusdam</strong></span> <span class='ocrx_word' id='word_1_758' title='bbox 1492 4831 1551 4871; x_wconf 88' lang='lat' dir='ltr'><strong>se</strong></span> <span class='ocrx_word' id='word_1_759' title='bbox 1588 4816 1959 4889; x_wconf 88' lang='lat' dir='ltr'><strong>antiquioris,</strong></span> <span class='ocrx_word' id='word_1_760' title='bbox 1985 4836 2165 4891; x_wconf 90' lang='lat' dir='ltr'><strong>quem</strong></span> <span class='ocrx_word' id='word_1_761' title='bbox 2190 4822 2226 4876; x_wconf 79' lang='grc' dir='ltr'>ί(</span> 
     </span>
    </p>
   </div>
   <div class='ocr_carea' id='block_1_99' title="bbox 2287 4811 3920 4895">
    <p class='ocr_par' dir='ltr' id='par_1_99' title="bbox 2365 4811 3920 4895">
     <span class='ocr_line' id='line_1_101' title="bbox 2365 4811 3920 4895; baseline -0.015 -15"><span class='ocrx_word' id='word_1_762' title='bbox 2365 4831 2463 4875; x_wconf 76' lang='grc' dir='ltr'>τῶν</span> <span class='ocrx_word' id='word_1_763' title='bbox 2507 4827 2711 4893; x_wconf 87' lang='grc' dir='ltr'>χρόνων</span> <span class='ocrx_word' id='word_1_764' title='bbox 2759 4828 2849 4874; x_wconf 83' lang='grc' dir='ltr'>τοῦ</span> <span class='ocrx_word' id='word_1_765' title='bbox 2909 4821 3169 4895; x_wconf 80' lang='grc' dir='ltr'>βασιλέως</span> <span class='ocrx_word' id='word_1_766' title='bbox 3227 4818 3595 4893; x_wconf 80' lang='grc' dir='ltr'>Ἀλεξάνδρου.</span> <span class='ocrx_word' id='word_1_767' title='bbox 3644 4811 3920 4885; x_wconf 75' lang='grc' dir='ltr'>Μνημονεύει</span> 
     </span>
    </p>
   </div>
   <div class='ocr_carea' id='block_1_100' title="bbox 2361 3120 3908 3204">
    <p class='ocr_par' dir='ltr' id='par_1_100' title="bbox 2361 3120 3908 3204">
     <span class='ocr_line' id='line_1_102' title="bbox 2361 3120 3908 3204; baseline -0.008 -23"><span class='ocrx_word' id='word_1_768' title='bbox 2361 3136 2477 3202; x_wconf 75' lang='grc' dir='ltr'>φὴν,</span> <span class='ocrx_word' id='word_1_769' title='bbox 2520 3136 2607 3183; x_wconf 82' lang='grc' dir='ltr'>καὶ</span> <span class='ocrx_word' id='word_1_770' title='bbox 2663 3131 2887 3204; x_wconf 83' lang='grc' dir='ltr'>πάρεστι</span> <span class='ocrx_word' id='word_1_771' title='bbox 2938 3134 3135 3191; x_wconf 86' lang='grc' dir='ltr'>Δεινίας</span> <span class='ocrx_word' id='word_1_772' title='bbox 3189 3130 3383 3201; x_wconf 78' lang='grc' dir='ltr'>Κύμϐᾳ</span> <span class='ocrx_word' id='word_1_773' title='bbox 3442 3127 3761 3200; x_wconf 73' lang='grc' dir='ltr'>διηγούμενος</span> <span class='ocrx_word' id='word_1_774' title='bbox 3805 3120 3908 3190; x_wconf 81' lang='grc' dir='ltr'>οἷπερ</span> 
     </span>
    </p>
   </div>
   <div class='ocr_carea' id='block_1_101' title="bbox 1991 4968 2666 5026">
    <p class='ocr_par' dir='ltr' id='par_1_101' title="bbox 1991 4968 2666 5026">
     <span class='ocr_line' id='line_1_103' title="bbox 1991 4968 2666 5026; baseline 0.003 -4"><span class='ocrx_word' id='word_1_775' title='bbox 1991 4968 2227 5026; x_wconf 71' lang='grc' dir='ltr'><strong>νᾹΗΙᾸΞ</strong></span> <span class='ocrx_word' id='word_1_776' title='bbox 2269 4970 2666 5026; x_wconf 82' lang='lat' dir='ltr'><strong>LECTIONES.</strong></span> 
     </span>
    </p>
   </div>
   <div class='ocr_carea' id='block_1_102' title="bbox 663 5092 3923 5180">
    <p class='ocr_par' dir='ltr' id='par_1_102' title="bbox 663 5092 3923 5180">
     <span class='ocr_line' id='line_1_104' title="bbox 663 5092 3923 5180; baseline -0.007 -16"><span class='ocrx_word' id='word_1_777' title='bbox 663 5102 709 5137; x_wconf 78' lang='grc'><strong>¹⁶</strong></span> <span class='ocrx_word' id='word_1_778' title='bbox 748 5100 842 5173; x_wconf 70' lang='grc' dir='ltr'><strong>ὡς]</strong></span> <span class='ocrx_word' id='word_1_779' title='bbox 891 5101 1019 5172; x_wconf 85' lang='grc' dir='ltr'>πρὸς</span> <span class='ocrx_word' id='word_1_780' title='bbox 1066 5102 1131 5153; x_wconf 77' lang='grc' dir='ltr'><strong>Α·</strong></span> <span class='ocrx_word' id='word_1_781' title='bbox 1211 5101 1253 5135; x_wconf 77' lang='grc'>¹⁷</span> <span class='ocrx_word' id='word_1_782' title='bbox 1310 5100 1559 5173; x_wconf 82' lang='grc' dir='ltr'>λιθίνους]</span> <span class='ocrx_word' id='word_1_783' title='bbox 1618 5099 1827 5173; x_wconf 87' lang='lat' dir='ltr'><strong>quidni</strong></span> <span class='ocrx_word' id='word_1_784' title='bbox 1886 5099 2137 5165; x_wconf 75' lang='grc' dir='ltr'>λιθίναςῖ</span> <span class='ocrx_word' id='word_1_785' title='bbox 2187 5108 2244 5159; x_wconf 87' lang='lat' dir='ltr'><strong>et</strong></span> <span class='ocrx_word' id='word_1_786' title='bbox 2294 5104 2433 5159; x_wconf 89' lang='lat' dir='ltr'><strong>intr.</strong></span> <span class='ocrx_word' id='word_1_787' title='bbox 2493 5109 2883 5180; x_wconf 87' lang='grc' dir='ltr'>κυπαριττίνας.</span> <span class='ocrx_word' id='word_1_788' title='bbox 2964 5106 3009 5139; x_wconf 78' lang='grc'><strong>¹⁸</strong></span> <span class='ocrx_word' id='word_1_789' title='bbox 3072 5107 3351 5180; x_wconf 87' lang='grc' dir='ltr'>τριάκοντα</span> <span class='ocrx_word' id='word_1_790' title='bbox 3399 5128 3455 5170; x_wconf 88' lang='grc' dir='ltr'>ς·,</span> <span class='ocrx_word' id='word_1_791' title='bbox 3537 5107 3583 5141; x_wconf 83' lang='grc'><strong>¹⁹</strong></span> <span class='ocrx_word' id='word_1_792' title='bbox 3637 5101 3747 5155; x_wconf 86' lang='grc' dir='ltr'>ἐϐίω</span> <span class='ocrx_word' id='word_1_793' title='bbox 3801 5092 3923 5149; x_wconf 75' lang='grc' dir='ltr'>Μνά-</span> 
     </span>
    </p>
   </div>
   <div class='ocr_carea' id='block_1_103' title="bbox 595 5187 3380 5267">
    <p class='ocr_par' dir='ltr' id='par_1_103' title="bbox 595 5187 3380 5267">
     <span class='ocr_line' id='line_1_105' title="bbox 595 5187 3380 5267; baseline 0.003 -26"><span class='ocrx_word' id='word_1_794' title='bbox 595 5209 752 5253; x_wconf 90' lang='grc' dir='ltr'>σωνος</span> <span class='ocrx_word' id='word_1_795' title='bbox 786 5213 839 5255; x_wconf 77' lang='grc' dir='ltr'>ς.</span> <span class='ocrx_word' id='word_1_796' title='bbox 917 5193 963 5227; x_wconf 81' lang='grc'><strong>¹⁰</strong></span> <span class='ocrx_word' id='word_1_797' title='bbox 986 5189 1180 5251; x_wconf 80' lang='grc' dir='ltr'>ἐκείνης</span> <span class='ocrx_word' id='word_1_798' title='bbox 1203 5187 1262 5248; x_wconf 75' lang='grc' dir='ltr'>ἦν</span> <span class='ocrx_word' id='word_1_799' title='bbox 1292 5189 1463 5265; x_wconf 85' lang='grc' dir='ltr'>ἐπίγρ.</span> <span class='ocrx_word' id='word_1_800' title='bbox 1511 5213 1566 5257; x_wconf 81' lang='grc' dir='ltr'><strong>ς’.</strong></span> <span class='ocrx_word' id='word_1_801' title='bbox 1642 5192 1687 5226; x_wconf 82' lang='grc'><strong>²¹</strong></span> <span class='ocrx_word' id='word_1_802' title='bbox 1718 5198 1900 5262; x_wconf 81' lang='grc' dir='ltr'>τοῖχον</span> <span class='ocrx_word' id='word_1_803' title='bbox 1931 5214 1989 5257; x_wconf 76' lang='grc' dir='ltr'>ς.</span> <span class='ocrx_word' id='word_1_804' title='bbox 2065 5196 2112 5228; x_wconf 80' lang='grc'>²²</span> <span class='ocrx_word' id='word_1_805' title='bbox 2146 5193 2384 5265; x_wconf 84' lang='grc' dir='ltr'>ἐμϐάλλει</span> <span class='ocrx_word' id='word_1_806' title='bbox 2416 5216 2471 5258; x_wconf 79' lang='grc' dir='ltr'><strong>ς’.</strong></span> <span class='ocrx_word' id='word_1_807' title='bbox 2549 5198 2594 5229; x_wconf 80' lang='grc'>³³</span> <span class='ocrx_word' id='word_1_808' title='bbox 2628 5195 2652 5245; x_wconf 85' lang='grc' dir='ltr'><em>ὁ</em></span> <span class='ocrx_word' id='word_1_809' title='bbox 2684 5200 2821 5250; x_wconf 89' lang='lat' dir='ltr'><strong>ante</strong></span> <span class='ocrx_word' id='word_1_810' title='bbox 2849 5198 3085 5265; x_wconf 76' lang='grc' dir='ltr'>Διογένης</span> <span class='ocrx_word' id='word_1_811' title='bbox 3116 5195 3285 5267; x_wconf 81' lang='lat' dir='ltr'><strong>ponit</strong></span> <span class='ocrx_word' id='word_1_812' title='bbox 3314 5198 3380 5250; x_wconf 79' lang='grc' dir='ltr'>Α.</span> 
     </span>
    </p>
   </div>
   <div class='ocr_carea' id='block_1_104' title="bbox 660 5435 2874 5518">
    <p class='ocr_par' dir='ltr' id='par_1_104' title="bbox 660 5435 2874 5518">
     <span class='ocr_line' id='line_1_106' title="bbox 660 5435 2874 5518; baseline 0.003 -29"><span class='ocrx_word' id='word_1_813' title='bbox 660 5435 771 5518; x_wconf 29' lang='lat'><strong>(29.)</strong></span> <span class='ocrx_word' id='word_1_814' title='bbox 801 5437 1121 5518; x_wconf 59' lang='lat' dir='ltr'><strong>iacuerunt</strong></span> <span class='ocrx_word' id='word_1_815' title='bbox 1136 5438 1302 5518; x_wconf 65' lang='lat' dir='ltr'><strong>enim</strong></span> <span class='ocrx_word' id='word_1_816' title='bbox 1326 5441 1685 5518; x_wconf 70' lang='lat' dir='ltr'><strong>mortuitoto</strong></span> <span class='ocrx_word' id='word_1_817' title='bbox 1716 5455 1785 5496; x_wconf 93' lang='lat' dir='ltr'><strong>eo</strong></span> <span class='ocrx_word' id='word_1_818' title='bbox 1816 5446 2083 5518; x_wconf 77' lang='lat' dir='ltr'><strong>tempore</strong></span> <span class='ocrx_word' id='word_1_819' title='bbox 2125 5457 2247 5514; x_wconf 92' lang='lat' dir='ltr'><strong>quo</strong></span> <span class='ocrx_word' id='word_1_820' title='bbox 2429 5441 2541 5518; x_wconf 73' lang='grc'>(31)</span> <span class='ocrx_word' id='word_1_821' title='bbox 2567 5439 2709 5518; x_wconf 62' lang='lat' dir='ltr'><strong>god.</strong></span> <span class='ocrx_word' id='word_1_822' title='bbox 2748 5444 2874 5518; x_wconf 71' lang='lat'><strong>323.</strong></span> 
     </span>
    </p>
   </div>
   <div class='ocr_carea' id='block_1_105' title="bbox 587 5509 2843 5585">
    <p class='ocr_par' dir='ltr' id='par_1_105' title="bbox 587 5509 2843 5585">
     <span class='ocr_line' id='line_1_107' title="bbox 587 5509 2843 5585; baseline 0.003 -25"><span class='ocrx_word' id='word_1_823' title='bbox 587 5509 896 5585; x_wconf 72' lang='lat' dir='ltr'><strong>Mantinias</strong></span> <span class='ocrx_word' id='word_1_824' title='bbox 935 5515 1111 5581; x_wconf 87' lang='lat' dir='ltr'><strong>atque</strong></span> <span class='ocrx_word' id='word_1_825' title='bbox 1136 5510 1417 5585; x_wconf 80' lang='lat' dir='ltr'><strong>Dercyllis</strong></span> <span class='ocrx_word' id='word_1_826' title='bbox 1451 5513 1507 5569; x_wconf 87' lang='lat' dir='ltr'><strong>in</strong></span> <span class='ocrx_word' id='word_1_827' title='bbox 1544 5513 1767 5570; x_wconf 82' lang='lat' dir='ltr'><strong>Thulen</strong></span> <span class='ocrx_word' id='word_1_828' title='bbox 1792 5509 1979 5585; x_wconf 81' lang='lat' dir='ltr'><strong>usque</strong></span> <span class='ocrx_word' id='word_1_829' title='bbox 2011 5509 2249 5569; x_wconf 59' lang='lat' dir='ltr'><strong>aber&#39;ra-</strong></span> <span class='ocrx_word' id='word_1_830' title='bbox 2429 5509 2545 5581; x_wconf 88' lang='grc'>(32)</span> <span class='ocrx_word' id='word_1_831' title='bbox 2579 5512 2720 5585; x_wconf 73' lang='lat' dir='ltr'><strong>Cod.</strong></span> <span class='ocrx_word' id='word_1_832' title='bbox 2756 5516 2843 5568; x_wconf 69' lang='grc'>94.</span> 
     </span>
    </p>
   </div>
   <div class='ocr_carea' id='block_1_106' title="bbox 586 5578 2839 5654">
    <p class='ocr_par' dir='ltr' id='par_1_106' title="bbox 586 5578 2839 5654">
     <span class='ocr_line' id='line_1_108' title="bbox 586 5578 2839 5654; baseline 0.001 -21"><span class='ocrx_word' id='word_1_833' title='bbox 586 5582 752 5654; x_wconf 63' lang='lat' dir='ltr'><strong>runt,</strong></span> <span class='ocrx_word' id='word_1_834' title='bbox 777 5578 967 5635; x_wconf 89' lang='lat' dir='ltr'><strong>donec</strong></span> <span class='ocrx_word' id='word_1_835' title='bbox 1000 5578 1133 5650; x_wconf 78' lang='lat' dir='ltr'><strong>post</strong></span> <span class='ocrx_word' id='word_1_836' title='bbox 1162 5582 1239 5635; x_wconf 91' lang='lat' dir='ltr'><strong>ad</strong></span> <span class='ocrx_word' id='word_1_837' title='bbox 1268 5578 1485 5640; x_wconf 77' lang='lat' dir='ltr'><strong>horum</strong></span> <span class='ocrx_word' id='word_1_838' title='bbox 1511 5585 1767 5641; x_wconf 90' lang='lat' dir='ltr'><strong>reditum</strong></span> <span class='ocrx_word' id='word_1_839' title='bbox 1791 5578 2142 5646; x_wconf 62' lang='lat' dir='ltr'><strong>rev&#39;ixeraut.</strong></span> <span class='ocrx_word' id='word_1_840' title='bbox 2182 5591 2247 5641; x_wconf 87' lang='lat' dir='ltr'><strong>ut</strong></span> <span class='ocrx_word' id='word_1_841' title='bbox 2431 5578 2543 5654; x_wconf 86' lang='lat'><strong>(33)</strong></span> <span class='ocrx_word' id='word_1_842' title='bbox 2575 5583 2720 5639; x_wconf 88' lang='lat' dir='ltr'><strong>Cod.</strong></span> <span class='ocrx_word' id='word_1_843' title='bbox 2752 5588 2839 5640; x_wconf 89' lang='grc'><strong>82.</strong></span> 
     </span>
    </p>
   </div>
   <div class='ocr_carea' id='block_1_107' title="bbox 590 5586 2840 5726">
    <p class='ocr_par' dir='ltr' id='par_1_107' title="bbox 590 5586 2840 5726">
     <span class='ocr_line' id='line_1_109' title="bbox 590 5586 2839 5654; baseline 0.001 -21"><span class='ocrx_word' id='word_1_844' title='bbox 590 5586 743 5643; x_wconf 88' lang='lat' dir='ltr'><strong>runt,</strong></span> <span class='ocrx_word' id='word_1_845' title='bbox 777 5586 967 5635; x_wconf 87' lang='lat' dir='ltr'><strong>donec</strong></span> <span class='ocrx_word' id='word_1_846' title='bbox 1000 5586 1133 5650; x_wconf 79' lang='lat' dir='ltr'><strong>post</strong></span> <span class='ocrx_word' id='word_1_847' title='bbox 1162 5586 1239 5635; x_wconf 91' lang='lat' dir='ltr'><strong>ad</strong></span> <span class='ocrx_word' id='word_1_848' title='bbox 1268 5586 1485 5640; x_wconf 89' lang='lat' dir='ltr'><strong>horum</strong></span> <span class='ocrx_word' id='word_1_849' title='bbox 1511 5586 1767 5641; x_wconf 90' lang='lat' dir='ltr'><strong>reditum</strong></span> <span class='ocrx_word' id='word_1_850' title='bbox 1791 5586 2142 5646; x_wconf 86' lang='lat' dir='ltr'><strong>revixeraut.</strong></span> <span class='ocrx_word' id='word_1_851' title='bbox 2182 5591 2247 5641; x_wconf 87' lang='lat' dir='ltr'><strong>ut</strong></span> <span class='ocrx_word' id='word_1_852' title='bbox 2455 5586 2543 5654; x_wconf 88' lang='lat'><strong>33)</strong></span> <span class='ocrx_word' id='word_1_853' title='bbox 2575 5586 2720 5639; x_wconf 88' lang='lat' dir='ltr'><strong>Cod.</strong></span> <span class='ocrx_word' id='word_1_854' title='bbox 2752 5588 2839 5640; x_wconf 89' lang='grc'><strong>82.</strong></span> 
     </span>
     <span class='ocr_line' id='line_1_110' title="bbox 590 5586 2840 5726; baseline 0.002 -21"><span class='ocrx_word' id='word_1_855' title='bbox 590 5649 894 5726; x_wconf 63' lang='lat' dir='ltr'><strong>fabulatur</strong></span> <span class='ocrx_word' id='word_1_856' title='bbox 925 5666 1130 5726; x_wconf 82' lang='lat' dir='ltr'><strong>supra.</strong></span> <span class='ocrx_word' id='word_1_857' title='bbox 2429 5586 2539 5726; x_wconf 73' lang='grc'>(34)</span> <span class='ocrx_word' id='word_1_858' title='bbox 2569 5656 2714 5711; x_wconf 91' lang='lat' dir='ltr'><strong>Cod.</strong></span> <span class='ocrx_word' id='word_1_859' title='bbox 2748 5657 2840 5711; x_wconf 86' lang='lat'><strong>&#39;73.</strong></span> 
     </span>
    </p>
   </div>
   <div class='ocr_carea' id='block_1_108' title="bbox 665 5720 2875 5801">
    <p class='ocr_par' dir='ltr' id='par_1_108' title="bbox 665 5720 2875 5801">
     <span class='ocr_line' id='line_1_111' title="bbox 665 5720 2875 5801; baseline 0.002 -26"><span class='ocrx_word' id='word_1_860' title='bbox 665 5721 775 5795; x_wconf 88' lang='lat'><strong>(30)</strong></span> <span class='ocrx_word' id='word_1_861' title='bbox 796 5720 876 5778; x_wconf 87' lang='lat' dir='ltr'><strong>De</strong></span> <span class='ocrx_word' id='word_1_862' title='bbox 896 5720 1118 5794; x_wconf 79' lang='lat' dir='ltr'><strong>quibus</strong></span> <span class='ocrx_word' id='word_1_863' title='bbox 1137 5739 1339 5795; x_wconf 87' lang='lat' dir='ltr'><strong>supra.</strong></span> <span class='ocrx_word' id='word_1_864' title='bbox 2429 5720 2541 5801; x_wconf 81' lang='lat'><strong>(35)</strong></span> <span class='ocrx_word' id='word_1_865' title='bbox 2574 5726 2718 5783; x_wconf 92' lang='lat' dir='ltr'><strong>Cod.</strong></span> <span class='ocrx_word' id='word_1_866' title='bbox 2756 5730 2875 5783; x_wconf 81' lang='grc'><strong>130.</strong></span> 
     </span>
    </p>
   </div>
  </div>
