4136 6216
213 339 313 395 H7

1386 331 1876 390 BlBLiOTHECA.
1906 363 1975 372 —
2001 330 2162 387 COD.
2188 330 2448 388 CLXV“.

3487 325 3590 384 478

215 462 265 517 δ’
297 463 445 524 οὗτος
478 459 830 537 ἀρχαιοτέρου
872 463 1008 522 τινός
1045 460 1403 533 Ἀντιφάνους,
1447 461 1500 512 ὃν
1540 479 1668 531 φησι
1705 461 1808 531 περ

1935 473 2124 528 genus
2187 455 2554 529 prodigiosis
2583 454 3029 512 narrationibus
3088 453 3394 511 simillima
3451 468 3592 510 con-

215 556 433 606 τοιαῦτά
493 571 609 604 τινα
659 549 1117 623 τερατολογὴματα
1155 549 1620 622 κατεσχολακέναι.
1670 547 1826 601 Ἔστι

213 641 270 696 δὲ
303 643 350 696 ἓν
409 643 584 702 αὐτοῖς
637 646 726 693 καὶ
779 640 1032 713 μάλιστα,
1085 643 1153 702 ὡς
1207 639 1254 692 ἒν
1317 639 1648 700 τηλικούτοις
1698 638 1825 689 πλά-

215 739 384 808 σμασί
412 753 466 785 τε
504 738 594 784 καὶ
624 733 946 804 μυθεύμασι,
982 727 1076 782 δύο
1106 733 1224 782 τινὰ
1269 732 1499 804 θηρᾶσαι
1543 735 1826 801 χρησιμω-

211 843 364 887 τατα,
424 821 472 874 ἓν
527 825 616 893 μὶν
668 823 749 873 ὅτι
789 824 875 872 τόν
927 816 1261 877 ἀδικήσαντά
1315 838 1385 883 τι,
1437 817 1530 869 κᾶν
1577 819 1824 890 μυριάκις

216 912 450 985 ἑκουγείν
495 909 648 982 δόξῃ,
694 909 892 981 εἰσάγει
941 911 1143 970 πάντως
1195 905 1349 966 δίκην
1385 904 1691 972 δεδωκέναι,
1732 911 1820 959 καὶ

219 1000 449 1074 δεύτερον
496 1003 578 1053 ὅτι
632 999 846 1060 πολλοὺς
922 998 1204 1064 ἀναιτίους,
1256 997 1408 1069 ἐγγύς
1468 997 1690 1068 μεγάλου
1736 1016 1819 1068 γε·

213 1096 425 1162 γονότας
453 1087 720 1157 κινδύνου,
775 1089 898 1163 παρ’
939 1083 1153 1149 ἕλπίδας
1203 1087 1251 1122 ³⁸
1294 1083 1530 1140 δείκνυσι
1571 1085 1819 1147 πολλάκις

209 1177 588 1240 διασωθέντας.

929 1265 1084 1319 ΡΞΖ’.

204 1359 448 1411 Ἰωάννου
489 1356 753 1410 Στωϐαίου
788 1355 1054 1428 Ἐκλογαὶ,
1119 1355 1564 1428 Ἀποφθεγμάτων
1604 1353 1811 1408 ’Υποθι-

770 1437 928 1480 τικῶν
950 1425 1146 1500 βιϐλία
1185 1425 1249 1480 δ’.

271 1517 406 1591 [365
435 1517 526 1590 8.]
556 1518 885 1589 Ἀνεγνωσθη
920 1517 1156 1571 Ἰωάννου
1184 1515 1432 1569 Στοϐαίου
1463 1515 1714 1587 Ἐκλογών
1741 1517 1809 1579 ³⁵,

205 1610 650 1680 Δπορϐεγμάτων,
701 1607 1022 1671 ’Υποθηκῶν,
1103 1605 1288 1678 βιϐλία
1344 1611 1580 1679 τέσσαρα
1622 1605 1669 1657 ἓν
1699 1607 1810 1657 τεύο

201 1716 330 1767 χεσι
367 1693 525 1752 δυσί.
569 1703 870 1769 Προσφωνεί
909 1694 968 1749 δί
990 1704 1175 1760 ταῦτα,
1211 1693 1284 1747 δι’
1311 1696 1364 1747 ὃν
1398 1700 1486 1747 καὶ
1522 1699 1615 1752 τὴν
1648 1696 1809 1747 συνά-

1935 547 2245 620 scripsisse
2294 548 2394 602 ait.
2441 549 2520 602 Ex
2567 545 2710 618 ipsis
2756 561 2898 601 vero
2946 545 3343 617 potissimum,
3377 549 3440 601 ut
3470 551 3528 602 et
3559 560 3590 602 θ

1934 639 2160 693 caeteris
2209 637 2387 708 hujus
2433 637 2637 692 farinae
2686 635 2836 690 fictis
2883 634 3326 690 narrationibus
3374 634 3589 706 duplex

1933 728 2151 800 parari.
2178 743 2370 800 eaque
2398 742 2517 782 non
2549 725 2785 781 modica
2822 725 3040 780 utilitas
3079 731 3290 795 potest.
3323 724 3589 780 Primum

1932 818 2198 890 quidem,
2218 817 2382 888 quod
2399 817 2557 880 hinc,
2580 816 2687 871 etsi
2707 815 2810 887 qui
2831 815 3047 886 injuste
3067 815 3381 887 quidpiam
3400 813 3590 871 admi-

1932 911 2154 972 serunt,
2202 905 2459 978 effugere
2487 905 2706 973 saepius
2734 905 3069 969 videantur,
3097 903 3340 959 tandem
3388 909 3587 960 tamen

1930 996 2172 1051 meritas
2192 995 2334 1052 dare
2359 1012 2588 1067 poenas,
2615 995 2835 1050 discas.
2865 996 3139 1050 Insontes
3189 993 3408 1049 deinde
3437 995 3588 1050 mul-

1932 1091 2040 1152 los,
2075 1086 2414 1154 ingentibus
2443 1086 2668 1141 vicinos
2695 1083 2993 1156 periculis,
3028 1088 3240 1155 praeter
3266 1099 3431 1156 spem
3460 1101 3589 1140 om-

1927 1190 2064 1230 nem
2093 1191 2500 1247 smpenumero
2533 1175 2772 1230 servari.

2630 1265 2876 1322 CLXVII.

1923 1356 2173 1410 Joannis
2213 1354 2430 1410 Stobtei
2464 1355 2842 1423 Ectogamm,
2893 1354 3498 1424 Apophthegmatum,
3532 1362 3587 1412 et

2280 1445 2415 1499 vitae
2453 1444 2919 1512 Praeceptionum
2963 1443 3198 1500 librilv.

1998 1515 2270 1580 Legimus
2299 1516 2545 1570 Joannis
2580 1515 2798 1571 Stobaei
2829 1517 3210 1583 Eclogarum,
3247 1517 3586 1585 Apophthe—

1919 1612 2202 1675 gmalum,
2223 1613 2279 1661 et
2297 1605 2757 1674 Praeceptinnum
2783 1605 2911 1660 vitae
2931 1603 3114 1659 libros
3127 1611 3400 1676 quatuor,
3417 1606 3588 1662 volu-

1922 1693 2182 1748 minibus
2213 1694 2467 1748 duobus.
2505 1695 2737 1750 Dedicat
2760 1711 2880 1760 eas,
2910 1695 3081 1762 cujus
3111 1696 3372 1750 maxime
3397 1696 3586 1762 gratia

204 1790 408 1856 θροισιν
460 1785 809 1857 φιλοπονῆσαι
865 1786 1020 1857 λέγει,
1071 1790 1329 1856 Σεπτιμίῳ
1377 1787 1424 1820 ³⁸
1455 1781 1574 1854 ἰδίῳ
1605 1785 1720 1853 υἱῷ.
1750 1784 1806 1836 Ἠ

1921 1783 2194 1839 collectos
2242 1782 2520 1851 affirmat,
2556 1786 2830 1842 Sestimio
2886 1786 3000 1856 (36)
3043 1785 3166 1841 ﬁlio
3217 1801 3344 1841 suo.
3394 1785 3583 1841 Colle-

201 1873 256 1928 δὶ
293 1877 576 1946 συνάγωγη
636 1875 775 1944 αύτῷ
815 1877 867 1926 ἔκ
919 1894 972 1927 τε
1018 1883 1246 1933 ποιητῶν
1299 1878 1389 1925 καὶ
1436 1873 1667 1946 ῥητόρων
1721 1877 1807 1924 καὶ

197 1974 292 2017 τῶν
313 1984 457 2016 κατα
508 1967 604 2025 τὰς
629 1963 896 2026 πολιτείας
953 1963 1084 2038 [190
1143 1963 1229 2034 H.]
1277 1963 1524 2036 λαμπρῶς
1561 1959 1808 2034 βεϐιωκό-

199 2074 294 2106 των
339 2053 562 2125 ἐγένετο,
604 2056 672 2105 ὡν
719 2054 807 2125 (ὡς
858 2059 947 2106 καὶ
1005 2054 1158 2115 αύτός
1209 2053 1360 2126 φησι)
1419 2059 1519 2104 τῶν
1576 2054 1665 2122 μὶν
1717 2052 1808 2111 τὰς

201 2143 408 2214 ἐκλογὰς
440 2145 484 2178 ³⁷
548 2152 646 2195 τῶν
692 2139 752 2196 δὲ
803 2151 870 2195 τά
923 2141 1296 2214 ἀποφθέγματα
1344 2145 1435 2194 καί
1483 2161 1633 2193 τινων
1685 2141 1808 2192 ύπο·

205 2235 363 2294 ﬁxa;
407 2231 819 2303 συλλεξάμενος,
893 2231 975 2284 ἐπὶ
1029 2241 1100 2302 τῷ
1147 2233 1406 2306 ῥυθμίσαι
1460 2236 1550 2282 καὶ
1600 2228 1808 2302 βελτιῶ-

204 2341 284 2373 σαι
317 2329 397 2392 τῷ
428 2317 586 2373 παιδί
630 2325 723 2380 τήν
778 2325 954 2390 φύσιν,
1003 2321 1354 2395 ἀμαυρότερον
1411 2324 1647 2392 ἔχουσαν
1677 2322 1807 2394 πρὸς

202 2415 286 2468 τήν
315 2419 425 2462 τῶν
458 2409 878 2482 ἀναγνωσμάτων
909 2415 1117 2483 μνήμην
1156 2413 1224 2476 ³⁸,
1260 2409 1519 2463 στείλειεν.

263 2500 427 2553 ἐστι
452 2495 513 2552 δε
545 2499 686 2570 αύτῷ
713 2503 772 2551 τό
803 2502 892 2571 μὶν
949 2499 997 2551 α’
1047 2499 1249 2572 βιϐλίον
1317 2503 1557 2572 φυσικόν,
1609 2506 1700 2550 τοῦ
1749 2494 1808 2550 δε

204 2587 246 2659 β’
279 2593 340 2641 τό
366 2592 460 2661 μέν
499 2607 549 2640 τι
597 2589 714 2640 κατ’
747 2587 921 2661 ἀρχὰς
948 2593 1102 2661 μέρος
1141 2589 1366 2660 λογικόν,
1414 2592 1470 2640 τὸ
1518 2590 1565 2622 ⁸⁸
1617 2584 1676 2640 δε
1703 2586 1808 2638 λοι-

203 2682 286 2730 πόν
315 2683 414 2730 καὶ
445 2677 690 2730 πλεῖστον
717 2680 765 2713 ³ο
809 2678 990 2736 ἠθικόν
1023 2699 1035 2711 ο
1083 2682 1172 2729 καὶ
1207 2681 1264 2728 τό
1313 2676 1362 2747 γ’
1413 2673 1471 2729 δε
1518 2681 1608 2728 καὶ
1649 2679 1705 2728 τὸ
1738 2673 1804 2740 δ’,

201 2766 326 2825 πλὴν
369 2767 674 2837 ὄλιγίστων,
721 2767 882 2825 ἠθικὰ
956 2771 1044 2818 καὶ
1091 2766 1354 2821 πολιτικά,
1417 2771 1517 2819 Καὶ
1573 2769 1674 2838 γὰρ
1748 2767 1806 2816 τὸ

202 2860 280 2927 μὲν
322 2858 372 2908 α’
438 2860 555 2927 ἔχει
622 2859 713 2927 μεν
771 2856 1022 2928 κεφάλαια
1060 2857 1134 2920 Ξ’,
1182 2856 1256 2917 οἷς
1303 2861 1390 2907 καὶ
1438 2859 1529 2916 τὰς
1588 2863 1686 2907 τῶν
1712 2873 1808 2906 πα-

199 2945 349 2997 λαιῶν
414 2946 636 3020 ἁρμόζει
689 2950 913 3017 χρήσεις
972 2950 1060 2998 καὶ
1099 2951 1288 3016 χρείας
1336 2963 1349 2978 ·
1402 2951 1568 2996 ταῦτα
1595 2941 1654 2996 δέ
1704 2943 1808 2995 εἰσι

199 3038 320 3104 μετὰ
348 3039 416 3086 τό
476 3039 597 3105 περὶ
657 3041 789 3087 Θεοῦ
847 3031 1131 3099 διαλαϐεῖν,
1208 3035 1287 3086 ὅτι
1337 3036 1664 3105 Δημιουργός
1706 3039 1806 3083 τῶν

199 3128 347 3175 ὄντων
378 3129 471 3175 καὶ
502 3120 672 3176 διέπει
717 3127 774 3176 τό
805 3123 918 3176 ὅλον
961 3132 1032 3195 τῷ
1081 3132 1176 3186 τῆς
1206 3127 1444 3196 προνοίας
1494 3121 1646 3193 λόγῳ,
1685 3117 1808 3173 δεύ-

198 3232 332 3285 τερον
392 3217 514 3280 περὶ
570 3220 672 3264 τῶν
727 3217 1040 3284 νομιζόντων
1092 3218 1163 3284 μὴ
1214 3209 1342 3265 εἶναι
1410 3217 1654 3285 πρόνοιαν
1714 3215 1803 3262 καὶ

197 3303 451 3370 ἑπομένοις
509 3306 677 3374 ταύτῃ
713 3305 852 3363 θείας
910 3302 992 3355 ἐπὶ
1025 3311 1085 3375 τῇ
1152 3311 1245 3354 τοῦ
1302 3306 1492 3362 παντὸς
1540 3297 1805 3358 διοικήσει

199 3389 473 3465 δυνάμεις,
507 3389 618 3444 εἶτα
665 3396 784 3464 περὶ
823 3387 979 3452 δίκης
1034 3395 1178 3465 παρὰ
1233 3400 1324 3443 τοῦ
1374 3396 1500 3444 Θεοῦ
1552 3394 1806 3462 τεταγμέ-

193 3502 280 3543 ης
336 3482 645 3535 ἕποπτεύειν
714 3483 779 3534 τὰ
838 3486 1084 3552 γινόμενα
1152 3483 1250 3533 ὑπὸ
1331 3489 1430 3533 τῶν
1501 3479 1802 3554 ἀνθρώπων,

195 3577 426 3645 τιμωρὸν
455 3569 618 3624 οὖσαν
649 3579 747 3622 τῶν
799 3571 1214 3642 ἁμαρτανόντων,
1257 3575 1347 3622 καὶ
1402 3576 1520 3644 περὶ
1573 3569 1804 3640 ἀνάγκης

197 3663 351 3726 θείοις,
387 3662 511 3713 καθ’
545 3661 604 3718 ἣν
660 3659 1026 3736 ἀπαραιτήτως
1082 3663 1148 3713 τὰ
1193 3663 1329 3713 κατὰ
1386 3665 1480 3719 τὴν
1536 3668 1628 3712 τοῦ
1673 3671 1805 3717 Θεοῦ

195 3754 392 3818 γίνεται
430 3749 687 3822 βούλησιν
721 3754 903 3824 ’,περί
969 3769 1022 3802 τε
1070 3753 1373 3824 εἱμαρμένης
1427 3755 1516 3802 καὶ
1568 3758 1663 3810 τῆς
1705 3756 1803 3800 τῶν

196 3846 480 3911 γινομένων
540 3839 776 3900 εὐταξίας
816 3861 828 3872 ο
861 3843 978 3912 περί
1048 3859 1101 3891 τε
1161 3842 1333 3910 τύχης
1371 3840 1400 3898 ἢ
1457 3840 1801 3906 ταυτομάτου,

105 3975 108 3977 λ
197 3935 280 3979 καὶ
308 3932 394 3981 ὅτι
441 3927 716 3998 ἀλόγιστος
764 3931 794 3987 ἠ
842 3931 973 4001 φορὰ
1001 3937 1092 3990 τῆς
1121 3931 1308 3999 τύχης·
1342 3933 1460 4000 περὶ
1513 3947 1566 3980 τε
1586 3929 1630 3964 ³¹
1674 3931 1805 3999 χρό-

197 4035 277 4068 νον
301 4018 497 4078 οὐσίας
553 4022 644 4069 καὶ
690 4025 878 4089 μερῶν,
932 4021 1020 4068 καὶ
1072 4021 1245 4069 πόσων
1299 4021 1374 4076 εἴη
1452 4019 1654 4078 αἴτιος·
1710 4019 1801 4066 καὶ

196 4113 303 4178 περὶ
336 4102 671 4179 Ἀφροδίτης
703 4106 950 4179 οὐρανίας
995 4111 1086 4157 καὶ
1138 4109 1322 4179 ἔρωτος
1369 4108 1506 4158 θείου
1537 4127 1548 4139 ι
1586 4103 1802 4158 δέκατον

193 4199 304 4266 περὶ
353 4195 549 4269 ἀρχῶν
590 4199 680 4248 καὶ
732 4200 1008 4267 στοιχείων
1058 4200 1146 4247 καὶ
1215 4203 1304 4247 τοῦ
1381 4201 1593 4256 παντός.
1678 4191 1804 4246 Εἶτα

189 4290 297 4354 περὶ
336 4285 495 4344 ὕλης,
548 4289 664 4357 περὶ
720 4281 883 4348 ἰδέας,
937 4289 1052 4359 περὶ
1109 4285 1309 4349 αἰτίων,
1371 4291 1487 4358 περὶ
1552 4282 1800 4337 σωδάτων

188 4377 267 4422 καί
321 4378 458 4446 περὶ
506 4382 602 4434 τῆς
633 4375 680 4408 ³³
733 4375 928 4425 τούτων
965 4381 1129 4445 τομῆς
1175 4378 1264 4425 καὶ
1328 4379 1444 4447 περὶ
1493 4372 1798 4445 ἐλαχίστου,

185 4469 292 4531 περὶ
355 4465 684 4533 σχημάτων,
729 4467 847 4534 περὶ
911 4465 1229 4535 χρωμάτων,
1285 4469 1402 4535 περὶ
1465 4464 1653 4535 μίξεως
1709 4469 1801 4517 καὶ

1919 1873 2000 1940 git
2014 1877 2214 1928 autem
2228 1873 2576 1944 (utipsemet
2593 1876 2839 1946 indicat)
2858 1893 2886 1930 e
2905 1875 3346 1947 [philosophis,]
3364 1874 3579 1946 poetis,

1918 1960 2274 2026 oratoribus,
2307 1967 2485 2034 atque
2511 1979 2582 2020 ex
2614 1965 2687 2020 iis
2722 1964 2822 2034 qui
2853 1964 2911 2018 in
2938 1965 3103 2019 omni
3143 1963 3454 2035 republica
3491 1975 3587 2015 re-

1917 2047 2032 2104 bus
2064 2050 2241 2119 gestis
2274 2049 2623 2114 claruerunt,
2660 2052 2874 2123 partim
2906 2053 3166 2122 eclogas,
3198 2050 3415 2122 partim
3441 2064 3586 2120 apo-

1921 2137 2329 2210 phthegmata,
2355 2139 2568 2211 partim
2596 2141 2857 2213 denique
2879 2140 3256 2198 instituenda;
3280 2141 3414 2195 vitae
3435 2153 3587 2211 prie.

1872 2239 1878 2245 '
1917 2233 2109 2300 cepta,
2141 2243 2275 2301 quas
2302 2230 2491 2285 instar
2521 2229 2816 2286 columna
2843 2231 3093 2303 alicujus
3120 2231 3344 2300 erigere
3375 2227 3582 2294 voluit,

1917 2332 2036 2389 quo
2073 2318 2150 2374 ad
2181 2318 2338 2374 hanc
2367 2335 2566 2374 rerum
2597 2319 2886 2376 lectarum
2928 2322 3111 2378 stelen
3143 2320 3397 2376 dubium
3431 2332 3576 2373 non-

1916 2405 2058 2460 nihil
2072 2406 2174 2461 ﬁlii
2193 2407 2500 2477 ingenium
2515 2410 3268 2482 componeret,meliusque
3282 2408 3574 2465 redderet.

1988 2495 2216 2550 Primus
2267 2501 2470 2552 autem
2528 2497 2676 2553 liber
2724 2503 2877 2554 totus
2934 2505 3020 2554 est
3079 2497 3578 2570 physicuszalter

1917 2583 2135 2639 deinde
2157 2585 2269 2654 (37)
2297 2585 2499 2656 aliqua
2525 2588 2616 2642 sui
2649 2593 2813 2659 parte
2839 2589 2916 2644 ad
2940 2603 3284 2644 sermonem
3313 2586 3390 2641 ab
3412 2583 3577 2640 initio

1917 2673 2440 2744 pertinetzczetera
2488 2692 2648 2742 vero,
2694 2681 2750 2733 et
2786 2678 2964 2746 longe
3015 2679 3299 2739 maxima,
3353 2673 3577 2729 ethicus

1917 2766 2024 2818 est.
2090 2763 2315 2818 Tertius
2377 2763 2636 2836 denique
2698 2771 2756 2821 et
2814 2771 3086 2837 quartus,
3146 2780 3339 2836 pauca
3377 2763 3424 2817 si
3475 2760 3576 2815 de-

1918 2868 2071 2917 mas,
2129 2854 2323 2908 ethica
2378 2869 2615 2910 rursum
2674 2862 2729 2912 et
2789 2855 3032 2926 politica
3085 2854 3390 2910 continent
3438 2851 3572 2921 (38).

1916 2942 2147 2997 Primus
2199 2942 2396 3014 itaque
2445 2944 2593 3000 liber
2645 2945 2840 3017 capita
2897 2945 3312 3016 complectitur
3361 2959 3454 3007 XL,
3496 2938 3576 2995 ad

1914 3046 2050 3102 quae
2089 3036 2352 3088 veterum
2389 3035 2710 3091 sententias
2743 3035 2858 3107 (39)
2890 3033 3269 3106 celebriaque
3299 3032 3461 3087 dicta
3489 3043 3577 3084 re-

1915 3121 2092 3190 degit.
2145 3123 2291 3178 Sunt
2335 3128 2533 3178 autem
2578 3124 3075 3196 ista:Postquam
3107 3124 3180 3178 de
3213 3122 3332 3178 Deo
3381 3120 3575 3176 disse-

1912 3211 2029 3265 ruit
2077 3211 2208 3280 (40),
2259 3217 2605 3270 cunctorum
2641 3229 2779 3270 eum
2825 3214 3111 3286 Opificem
3142 3227 3294 3278 esse,
3340 3215 3396 3266 et
3441 3224 3576 3281 pro-

1911 3299 2168 3357 videntia
2199 3317 2310 3357 sua
2339 3302 2673 3372 gubernare
2704 3304 3069 3359 universum.
3105 3301 3446 3359 Secundum
3478 3314 3578 3354 ca-

1911 3391 2109 3461 putde
2127 3391 2196 3446 iis
2217 3392 2357 3461 agit,
2381 3393 2483 3464 qui
2507 3393 2938 3463 providentiam
2963 3392 3192 3457 tollunt.
3219 3390 3574 3459 divinasque

1915 3479 2226 3538 facultates
2254 3497 2376 3545 eas,
2405 3497 2540 3554 quas
2566 3481 2728 3538 illam
2759 3483 2950 3554 ipsam
2982 3482 3056 3537 ad
3093 3481 3437 3536 universum
3467 3476 3578 3532 ad-

1915 3571 2377 3628 ministrandum
2409 3578 2880 3644 consequuntur.
2914 3577 2965 3628 3.
2999 3570 3219 3626 Deinde
3249 3571 3323 3624 de
3354 3566 3577 3624 consti-

1913 3666 2038 3717 tuta
2071 3677 2107 3717 a
2139 3663 2257 3716 Deo
2283 3661 2510 3732 justitia
2541 3661 2620 3717 ad
2647 3662 2958 3717 hominum
2988 3662 3146 3716 facta
3172 3655 3572 3728 inspicienda,

1913 3756 1967 3806 et
1999 3755 2246 3821 peccata
2274 3749 2600 3821 punienda.
2633 3751 2684 3804 1.
2715 3751 2794 3804 De
2825 3749 3030 3804 divina
3057 3747 3426 3811 necessitate,
3452 3759 3576 3815 qua

1913 3839 2248 3894 necessario
2270 3843 2484 3893 cuncta
2508 3853 2644 3909 quas
2661 3854 2728 3893 ex
2751 3839 2847 3892 Dei
2875 3836 3180 3892 voluntate
3211 3840 3370 3900 sunt,
3404 3832 3572 3887 ﬁunt.

1915 3933 1965 3984 5.
2002 3931 2078 3982 De
2111 3927 2249 3990 fato,
2284 3931 2340 3980 et
2369 3931 2507 3997 apto
2537 3941 2746 3982 eorum
2781 3942 2918 3999 quas
2950 3926 3107 3980 ﬁunt
3140 3924 3364 3980 ordine.
3403 3923 3455 3976 6.
3496 3923 3574 3976 De

1911 4017 2150 4073 fortuna
2189 4016 2310 4070 sive
2349 4031 2516 4070 casu.
2556 4015 2609 4070 7.
2651 4019 2893 4071 Temere
2932 4015 3050 4070 huc
3092 4013 3231 4068 illuc
3269 4012 3571 4067 fortunam

1913 4105 2067 4162 ferri.
2099 4107 2151 4160 8.
2192 4108 2266 4160 De
2305 4105 2589 4176 temporis
2629 4109 2845 4161 natura
2884 4119 2953 4160 ac
2994 4102 3288 4174 partibus,
3330 4105 3386 4156 et
3423 4103 3570 4172 quot

1909 4199 2398 4267 quantarumque
2416 4208 2611 4249 rerum
2625 4209 2804 4250 causa
2819 4193 2889 4249 sit
2909 4193 3045 4264 (41).
3067 4195 3120 4246 9.
3140 4194 3216 4246 De
3232 4204 3444 4246 venere
3457 4203 3574 4245 caa-

1909 4284 2038 4340 lesti
2055 4287 2113 4340 et
2128 4283 2330 4338 divino
2353 4297 2576 4338 amore.
2603 4286 2684 4338 10.
2710 4285 2788 4337 De
2808 4281 3130 4353 principiis,
3158 4285 3213 4335 et
3235 4278 3572 4348 elementis,

1911 4379 2090 4446 atque
2113 4372 2408 4429 universo.
2442 4376 2524 4426 11.
2553 4373 2695 4428 Hinc
2723 4374 2765 4442 ι
2785 4371 2934 4442 ιἎὸ
2961 4371 3041 4426 De
3065 4369 3334 4426 materia.
3366 4370 3454 4425 12.
3495 4369 3574 4422 De

1908 4465 2063 4522 idea.
2105 4467 2184 4519 13.
2225 4464 2302 4517 De
2332 4461 2552 4517 causis.
2587 4465 2670 4518 14.
2712 4462 2790 4516 De
2820 4460 3194 4532 corporibus,
3239 4473 3570 4528 eorumque

189 4555 443 4621 κράσεως,
474 4558 593 4624 περὶ
641 4559 788 4604 κενοῦ
819 4553 864 4586 ³³
923 4558 1011 4604 καὶ
1077 4557 1236 4604 τόπου
1291 4558 1380 4605 καὶ
1435 4559 1638 4628 χώρας,
1682 4559 1798 4628 περὶ

1920 4553 2192 4616 sectione,
2237 4558 2293 4607 et
2321 4550 2395 4606 de
2428 4550 2694 4606 minimo.
2737 4555 2820 4607 15.
2856 4553 2933 4606 De
2973 4549 3200 4620 ﬁguris.
3238 4551 3322 4603 t6.
3355 4548 3434 4602 De
3475 4561 3571 4602 co-

1540 4678 1783 4733 VARUE
1820 4677 2238 4734 LECTIONES.

255 4784 304 4816 ³⁸
333 4779 534 4834 ("Anicia
565 4804 619 4846 ς’.
697 4785 746 4818 ³⁵
776 4782 982 4855 ἐκλογαὶ
1042 4805 1094 4848 ς.
1173 4785 1222 4819 ³⁸
1277 4789 1532 4856 Σεστιμίῳ
1588 4807 1640 4848 ς’.

189 4853 273 4908 λιι-ι
305 4877 364 4918 ς.
448 4857 498 4889 υ
529 4859 587 4906 τὸ
609 4860 748 4910 ante
778 4859 869 4927 μέν
890 4853 1010 4912 cm.
1075 4871 1163 4928 pr.
1199 4858 1262 4910 A.

190 4933 302 4977 τίοι
329 4928 401 4980 Α.

190 4944 302 4977 τεοε
329 4944 401 4980 Α.

1721 4787 1766 4820 ²⁷
1822 4784 2050 4856 ἐκλογὰς]
2111 4789 2186 4836 ἶσ.
2235 4791 2442 4857 γνώμας
2511 4782 2903 4857 δίθρῒιξὶῌιμες.Δ
2943 4784 2990 4818 ³⁸

1342 4857 1390 4892 ³ο
1453 4857 1693 4908 πλεῖστον
1756 4858 1850 4913 A:

3057 4788 3252 4851 μνήνην
3313 4783 3357 4836 Α
3392 4798 3416 4851 τί
3443 4785 3574 4838 στή-

3025 4850 3070 4890 ”
3123 4859 3242 4927 περὶ
3301 4850 3420 4924 τῆς]
3477 4860 3573 4912 τῆς

2505 4858 2548 4892 ³¹
2577 4874 2631 4908 τε
2687 4854 2830 4911 add.
2880 4855 2945 4908 A.

1924 4857 2187 4910 πολιτικόν
2218 4862 2307 4909 καὶ
2372 4877 2425 4920 ς’.

1767 5032 2003 5091 NOT/E.

249 5158 367 5228 (36)
403 5156 622 5214 Suidas
638 5158 903 5230 (Ἐπίμιον
925 5158 1117 5228 vocat)
1139 5163 1282 5230 puto
1305 5158 1540 5230 legend.
1570 5158 1790 5215 utrobi-

181 5243 294 5298 que
323 5230 604 5301 Ἐπτίμιον
633 5230 738 5302 qui
770 5229 828 5285 et
846 5231 982 5302 ipse
1029 5229 1288 5302 quatuor
1329 5229 1543 5302 Stobtei
1601 5231 1788 5286 libros

182 5300 495 5365 numerat,
516 5300 776 5374 quorum
802 5300 900 5357 vix
919 5306 1032 5357 tres
1049 5300 1230 5357 hodie
1251 5301 1462 5372 integri
1486 5301 1790 5357 circumfe-

183 5377 413 5428 runtur.

251 5445 363 5516 (37)
398 5444 513 5516 Ser
542 5443 739 5515 prima
769 5443 985 5514 capita.
1022 5459 1156 5516 quas
1184 5448 1247 5516 et,
1270 5443 1718 5502 interciderunt.

248 5513 366 5588 (38)
404 5513 560 5588 Quin
587 5521 643 5570 et
674 5513 1061 5588 mconOmica‘
1076 5515 1382 5588 quaedam.

248 5587 367 5656 (39)
401 5585 596 5658 Habes
612 5587 938 5658 _eaomnia,
961 5592 1064 5658 aut
1087 5585 1239 5658 pene
1265 5586 1492 5658 omnia,
1516 5585 1717 5658 Grmce
1738 5592 1792 5643 et

185 5655 379 5729 Latine
407 5655 580 5729 aGul.
603 5656 855 5714 Cantero
884 5655 1119 5729 pridem
1150 5657 1327 5723 edita,
1362 5657 1465 5713 sed
1493 5657 1662 5714 aliter
1693 5659 1794 5714 ali-

185 5727 318 5782 cubi
335 5726 639 5795 distincta.
660 5734 716 5787 et
731 5726 1114 5803 nonu'squam
1133 5730 1496 5802 perturbata,
1519 5735 1621 5788 aut
1634 5731 1792 5787 varie

1899 5158 2024 5230 sine
2065 5156 2246 5213 titulis
2285 5157 2579 5230 dispersa,
2627 5159 3023 5230 praeterquam
3065 5154 3230 5229 quod
3265 5152 3466 5209 multis
3507 5153 3569 5208 in

1900 5229 2046 5287 locis
2074 5234 2354 5301 corrupta
2387 5229 2503 5301 sint
2527 5244 2597 5285 ac
2638 5229 2866 5301 mutila.

1974 5302 2090 5372 (40)
2144 5296 2313 5366 Quod
2351 5300 2447 5355 hic
2479 5299 2782 5356 intercedit
2808 5298 3129 5372 inCanteri
3160 5296 3438 5372 editione.
3501 5297 3574 5354 De

1900 5370 2160 5428 numeris
2184 5378 2385 5440 caput,
2414 5387 2444 5427 e
2470 5371 2908 5440 Prolegomenis
2931 5371 3044 5426 huc
3069 5371 3225 5426 male
3253 5370 3570 5440 trajectum

1901 5445 2062 5499 docet
2083 5434 2266 5498 Photf
2286 5434 2424 5512 7mg.
2455 5458 2570 5513 seq.
2602 5434 2667 5497 et—
2683 5448 2888 5497 nostra
2914 5439 3265 5511 fragmenta
3291 5434 3567 5494 ἀνέκδοτα.

1905 5517 2148 5571 Constat
2178 5515 2332 5569 idem
2362 5529 2436 5570 ex
2465 5512 2587 5568 cod.
2621 5530 2723 5569 ms.
2759 5513 3145 5569 Bibliotheca?
3171 5512 3560 5582 Augustanm.

1975 5586 2087 5656 (41)
2123 5585 2386 5640 Emenda
2429 5586 2567 5640 hinc
2599 5585 2653 5638 in
2700 5586 2932 5640 Canteri
2984 5583 3121 5640 edit.
3156 5588 3245 5636 καὶ
3280 5588 3459 5636 πόσων
3487 5587 3565 5642 εἴη

1905 5677 2095 5722 αιτιος.
