4136 6216
575 278 681 334 479

578 498 658 551 De
688 511 901 564 vacuo,
930 495 1082 557 loco,
1110 497 1166 548 et
1195 494 1406 564 spatio.
1442 495 1525 548 19.
1562 496 1640 549 De
1667 498 1854 549 motu.
1877 498 1965 548 20.
1992 495 2069 549 De
2090 498 2223 549 ortu

577 591 754 656 atque
776 584 1029 640 interitu.
1056 587 1112 637 2t
1129 626 1141 637 .
1164 585 1240 638 De
1263 582 1491 638 mundo
1516 599 1529 649 ;
1554 587 1627 648 et,
1653 584 2039 639 Animatusne
2062 584 2136 640 sit
2157 600 2225 639 ac

578 674 953 730 Providentia
970 678 1225 742 regatur,
1248 678 1426 745 atque
1441 673 1543 729 ubi
1560 674 1964 747 principatum
1980 673 2220 743 habeat,

577 768 633 819 et
681 762 839 817 unde
886 762 1199 818 nutriatur.
1241 766 1328 817 22.
1360 764 1439 818 De
1483 764 1708 819 munde
1755 764 2085 830 ordine;et
2137 768 2223 820 An

580 868 765 907 unum
811 853 882 906 sit
922 851 1284 907 universum.
1318 853 1403 906 23.
1455 853 1532 908 De
1564 853 1695 908 coeli
1725 858 1934 910 natura
1960 870 2029 909 ac
2078 853 2226 909 divi-

578 942 763 996 sione.
799 941 885 995 24.
921 943 997 995 De
1030 939 1292 996 siderum
1326 946 1559 1008 natura,
1604 942 2011 1012 ﬁgura,motu,
2047 943 2225 1013 signi-

578 1030 876 1085 ﬁcatione.
927 1031 1013 1083 25.
1064 1032 1143 1085 De
1192 1031 1327 1085 solis
1380 1036 1613 1097 natura,
1667 1031 2099 1102 magnitudine,
2158 1033 2224 1088 ﬁ-

578 1135 744 1189 gura,
800 1120 1307 1185 conversionibus,
1366 1120 1618 1187 defectu,
1676 1122 1863 1191 signis
1924 1126 1978 1178 et
2033 1127 2220 1177 motu.

575 1214 661 1265 26.
716 1213 790 1265 De
823 1209 976 1264 lunae
1012 1214 1245 1275 natura,
1292 1210 1721 1280 magnitudine,
1772 1212 1966 1283 ﬁgura
1996 1218 2050 1269 et
2098 1212 2223 1268 illu-

578 1301 881 1363 stratione,
932 1299 1125 1371 deque
1156 1300 1377 1371 eclipsi,
1424 1300 1695 1370 ejusdem
1728 1302 2034 1359 intervallo
2086 1304 2220 1373 (42),

577 1405 647 1443 ac
680 1388 882 1457 signis.
914 1391 998 1443 27.
1032 1388 1111 1443 De
1144 1388 1328 1444 lactea
1359 1388 1474 1445 via.
1502 1393 1589 1445 28.
1624 1390 1704 1445 De
1735 1392 2004 1457 cometis,
2041 1397 2226 1449 trans-

578 1476 911 1531 volantibus
952 1476 1154 1540 stellis,
1190 1492 1259 1531 ac
1312 1477 1624 1532 similibus.
1661 1480 1745 1532 29.
1796 1482 1871 1534 De
1925 1481 2219 1547 tonitruis,

575 1565 923 1635 fulguribus,
952 1564 1320 1629 fulminibus,
1344 1564 1529 1636 igneis
1551 1567 1905 1632 turbinibus,
1934 1575 1989 1625 et
2014 1570 2222 1641 typho~

577 1655 752 1709 uibus
798 1655 929 1725 (43).
977 1654 1067 1708 30.
1103 1656 1179 1709 De
1226 1654 1389 1719 iride,
1448 1654 1522 1709 de
1565 1672 1809 1725 corona,
1860 1658 2108 1729 parelio,
2156 1676 2224 1714 ac

1799 275 2035 333 PHOTII
2074 274 2221 331 ΡΑΤᾸ

2331 272 2555 329 .BCHE
2594 274 2700 331 ΟΡ.
3760 278 3842 333 480

574 405 823 462 loribus.
880 406 967 462 17.
1025 407 1102 459 De
1152 403 1424 459 mistione
1476 408 1532 458 et
1584 408 2078 475 temperamento.
2135 402 2220 457 18.

2332 406 2611 463 κινήσεως.
2680 402 2925 454 Εἱκοστὸν
2979 396 3037 452 δὲ
3095 404 3207 472 περὶ
3271 401 3500 470 γενέσεως
3542 404 3621 451 καὶ
3672 404 3846 473 φθορᾶς,

2332 497 2449 564 περὶ
2492 495 2712 565 κόσμου,
2768 494 2856 542 καὶ
2905 490 2949 542 εἰ
2987 489 3225 561 ἔμψυχος
3253 492 3336 539 καὶ
3383 493 3581 560 προνοίᾳ
3610 485 3854 562 διοικούμε-

2332 602 2431 647 νος,
2486 586 2575 634 καὶ
2624 590 2723 633 ποῦ
2773 584 2886 651 ἔχει
2932 583 2988 632 τὸ
3034 581 3352 650 ἡγεμονικὸν,
3406 583 3486 630 xui
3536 581 3670 630 πόθεν
3718 584 3856 651 τρέφει

2332 689 2457 725 ται’
2509 676 2625 745 περὶ
2679 670 2871 733 τάξεως
2918 677 3009 722 τοῦ
3046 672 3285 740 κόσμου·
3339 668 3379 720 εἰ
3416 667 3459 719 ἓν
3514 670 3564 719 τὸ
3620 673 3855 740 πᾶννπερὶ

2334 771 2429 823 τῆς
2482 762 2704 835 οὐρανοῦ
2757 761 2941 821 οὐσίας
2996 766 3087 812 καὶ
3136 756 3474 831 διαιρέσεως·
3544 762 3647 829 περὶ
3703 756 3856 819 οὐσίας

2334 854 2535 926 ἄστρων
2566 858 2655 905 xui
2700 853 2992 922 σχημάτων
3040 853 3287 909 κινήσεώς
3332 867 3381 900 τε
3430 850 3513 897 καὶ
3556 845 3857 917 ἐπισημασίας

2333 948 2448 1018 περὶ
2504 943 2688 1005 οὐσίας
2732 942 2879 999 ἡλίου
2934 944 3023 991 καὶ
3082 940 3323 1011 μεγέθους
3404 940 3657 1008 σχήματός
3708 940 3855 987 τεκαὶ

2331 1042 2533 1105 τροπῶν
2570 1037 2660 1084 xui
2716 1030 2983 1101 ἐκλείψεως
3029 1034 3118 1081 καὶ
3191 1032 3409 1099 σημείων
3475 1030 3558 1077 καὶ
3630 1030 3856 1083 κινήσεως·

2332 1127 2448 1195 περὶ
2490 1122 2700 1181 σελήνης
2762 1120 2942 1180 οὐσίας
2988 1120 3239 1191 μεγέθους
3292 1121 3377 1167 καὶ
3429 1120 3684 1186 σχήματος
3733 1132 3860 1184 φωτι-

2336 1220 2479 1283 σμῶν
2520 1231 2592 1276 τε,
2648 1215 2736 1262 καὶ
2780 1214 2896 1283 περὶ
2940 1207 3207 1278 ἐκλείψεως
3252 1210 3339 1257 καὶ
3386 1203 3636 1276 ἐμφάσεως
3687 1203 3747 1267 ³⁴,
3790 1205 3863 1251 καὶ

2332 1306 2450 1375 περὶ
2497 1301 2882 1371 ἀποστημάτων
2950 1302 3039 1348 καὶ
3101 1300 3364 1368 σημείων·
3423 1298 3531 1364 περὶ
3604 1290 3861 1362 γάλακτος·

2332 1396 2449 1463 περὶ
2502 1398 2741 1460 κομητῶν
2826 1392 2915 1439 καὶ
2969 1384 3282 1439 διαττὸντων
3338 1388 3423 1434 καὶ
3484 1390 3573 1433 τῶν
3622 1382 3863 1431 τοιούτων⁸

2334 1484 2450 1553 περὶ
2512 1477 2760 1552 βροντῶν,
2843 1479 3141 1548 ἀστραπῶν,
3217 1481 3484 1545 κεραννῶν,
3578 1472 3864 1542 πρηστήρων,

2333 1576 2593 1642 τυφώνων.
2634 1571 2956 1639 Τριακοστὸν
3012 1562 3071 1617 δὲ
3129 1568 3245 1636 περὶ
3290 1558 3475 1637 ἔριδος,
3508 1564 3614 1632 περὶ
3664 1559 3754 1609 ἅλω
3797 1561 3868 1607 καὶ

2334 1658 2585 1733 παρηλίου
2620 1664 2708 1709 καὶ
2748 1654 2976 1732 ῥάϐδων,
3038 1659 3125 1707 καὶ
3161 1651 3229 1712 δὴ
3276 1658 3365 1705 καὶ
3424 1655 3535 1725 περὶ
3589 1656 3747 1720 νεφῶν,
3780 1645 3869 1715 ὀμί-

574 1743 779 1813 virgis.
812 1743 899 1798 3t.
937 1745 1079 1799 Item
1109 1744 1182 1798 de
1212 1744 1496 1809 nubibus,
1529 1745 1767 1810 nebula,
1801 1749 2037 1818 pluviis,
2070 1764 2220 1814 rore,

2334 1749 2491 1819 χλης,
2516 1749 2687 1811 ὑετῶν,
2718 1744 2935 1820 δρόσον,
2966 1750 3163 1815 χιόνος,
3197 1744 3429 1814 πάχνης,
3485 1738 3707 1812 χαλάζης
3734 1754 3746 1769 ⁶
3774 1739 3868 1830 περξ

577 1834 732 1897 nive,
781 1833 1018 1904 pruina,
1068 1837 1123 1888 et
1152 1833 1463 1903 grandine.
1512 1834 1598 1889 32.
1636 1836 1713 1889 De
1746 1837 1957 1891 ventis.
1991 1839 2085 1894 33.
2145 1841 2224 1895 De

579 1930 766 1977 terra:
793 1923 941 1977 sitne
973 1938 1114 1986 una,
1145 1928 1201 1977 et
1231 1923 1419 1977 ﬁnita.
1467 1926 1551 1977 34.
1588 1925 1835 1988 Quantae
1866 1928 2224 1995 magnitudi-

579 2012 673 2065 nis
724 2017 876 2067 terra
902 2014 990 2075 sit,
1020 2011 1214 2083 deque
1241 2012 1370 2081 ejus
1418 2012 1553 2067 situ.
1579 2013 1667 2067 35.
1700 2014 1776 2068 De
1803 2015 1998 2083 ﬁgura
2044 2017 2227 2087 ipsius

580 2104 767 2155 terrm.
797 2104 882 2155 36.
920 2100 1137 2153 Fixane
1170 2104 1322 2154 terra
1367 2100 1442 2154 sit
1487 2104 1664 2172 atque
1697 2100 1966 2168 immota,
1998 2120 2075 2159 an
2105 2121 2226 2160 mo-

580 2188 735 2243 bilis.
785 2190 872 2243 37.
928 2190 1003 2241 De
1054 2195 1218 2242 terrae
1257 2192 1442 2243 motu.
1493 2190 1580 2243 38.
1634 2192 1709 2245 De
1742 2194 2227 2265 mari;quonam

581 2284 756 2349 pacto
786 2284 963 2333 {estus
989 2277 1115 2347 ejus
1144 2276 1324 2331 modo
1351 2278 1603 2342 recedat,
1637 2281 1817 2336 modo
1844 2283 2107 2338 accedat.
2138 2286 2225 2340 39.

583 2371 659 2423 De
704 2367 896 2439 aquis.
929 2368 1017 2421 40.
1066 2369 1143 2422 De
1172 2368 1468 2422 universo.
1503 2370 1588 2423 41.
1634 2371 1710 2424 De
1737 2376 1966 2433 natura,
2004 2374 2227 2428 causis-

577 2473 695 2529 que
747 2474 818 2512 ex
871 2474 941 2512 ea
970 2456 1131 2511 ortis.
1164 2460 1253 2511 42.
1291 2459 1366 2511 De
1398 2458 1792 2516 animantium
1824 2464 2223 2531 generatione,

578 2547 923 2619 cieterisque
946 2547 1078 2619 (44).
1106 2550 1195 2604 43.
1229 2548 1381 2611 Quot
1404 2548 1521 2602 sint
1550 2550 1945 2607 animantium
1970 2568 2221 2623 genera:

580 2642 652 2699 et,
683 2641 767 2691 An
814 2639 1019 2693 omnia
1064 2641 1283 2696 ratione
1332 2657 1627 2713 sensuque
1676 2641 1978 2713 praedita?
2010 2642 2095 2697 44.
2146 2643 2226 2698 De

578 2741 792 2780 somno
823 2732 875 2781 et
910 2733 1116 2784 morte.
1145 2731 1234 2784 45.
1271 2733 1345 2786 De
1379 2731 1665 2802 stirpibus
1692 2734 1837 2801 (45).
1870 2735 1955 2786 46.
1994 2732 2073 2787 De
2104 2733 2228 2787 ani-

579 2816 870 2869 mantium
910 2819 1291 2885 nutrimento,
1335 2820 1669 2891 edendique
1702 2820 1987 2891 appetitu.
2022 2823 2107 2875 47.
2149 2824 2226 2877 De

578 2914 791 2959 natura
834 2904 1114 2961 hominis.
1142 2912 1227 2963 48.
1269 2913 1342 2963 De
1372 2916 1585 2964 mente.
1620 2911 1705 2966 49.
1740 2913 1815 2964 De
1849 2909 2055 2965 anima
2085 2912 2224 2982 (46).

580 2996 664 3047 50.
700 2993 777 3047 De
804 2995 1100 3060 sensibus,
1132 3003 1186 3051 et
1211 3014 1493 3052 sensuum
1522 2998 1766 3067 objectis
1792 3016 1802 3052 :
1824 3004 1897 3063 et,
1932 3004 2018 3054 An
2046 3001 2225 3054 etiam

576 3096 729 3136 verm
778 3082 895 3137 sint
922 3085 1264 3142 sensiones?
1293 3088 1382 3140 51.
1435 3089 1586 3152 Quot
1612 3087 1727 3142 sint
1752 3103 1983 3153 sensus,
2031 3089 2228 3159 cujus-

575 3185 692 3239 que
718 3175 944 3224 naturae
972 3173 1205 3240 singuli,
1241 3180 1418 3246 atque
1440 3174 1742 3231 efﬁcaciae.
1778 3181 1864 3230 52.
1895 3178 1972 3231 De
1998 3177 2147 3244 visu,
2174 3183 2229 3233 et

575 3258 885 3328 speciebus
932 3260 1285 3316 visibilibus.
1332 3264 1417 3317 53.
1463 3266 1538 3318 De
1570 3264 1797 3319 auditu.
1838 3269 1923 3321 54.
1955 3268 2031 3320 De
2085 3267 2227 3321 odo-

570 3352 725 3401 ratu.
759 3348 843 3401 55.
879 3350 954 3401 De
983 3356 1243 3419 gustatu.
1274 3357 1360 3407 56.
1398 3354 1473 3407 De
1501 3358 1680 3408 tactu.
1711 3356 1802 3409 57.
1836 3357 1913 3409 De
1941 3371 2081 3410 voce
2109 3372 2122 3421 ;
2149 3364 2222 3421 et,

568 3437 653 3489 An
688 3438 950 3508 corporis
980 3454 1211 3511 expers,
1248 3457 1316 3497 ac
1347 3442 1489 3513 quid
1534 3442 1606 3498 sit
1633 3443 1695 3498 in
1731 3460 1801 3499 ea
1830 3445 2220 3517 praecipuum.

569 3524 655 3579 58.
699 3527 775 3580 De
806 3526 1252 3598 imaginatione,
1287 3546 1354 3585 ac
1381 3529 1748 3601 dijudicandi
1780 3532 2074 3590 facultate.
2110 3538 2221 3590 No-

566 3630 711 3669 num
740 3631 874 3670 vero
904 3623 957 3672 et
981 3617 1585 3689 quinquagesimum:
1617 3624 1691 3676 De
1720 3622 2022 3693 opinione.
2050 3625 2220 3680 Sexa-

566 3703 857 3773 gesimum
883 3705 1176 3778 denique:
1201 3708 1279 3763 De
1311 3710 1698 3780 respiratione
1728 3716 1905 3783 atque
1934 3712 2110 3784 [ejus]
2138 3714 2220 3768 af-

566 3792 941 3848 fectionibus.
972 3798 1031 3850 Et
1057 3795 1179 3850 haec
1205 3798 1449 3868 quidem
1472 3799 1603 3854 libri
1632 3800 1804 3871 primi
1834 3802 2033 3872 capita
2059 3808 2214 3867 sunt,

567 3883 825 3953 taliaque
858 3885 1177 3951 continent,
1211 3886 1282 3941 ad
1311 3892 1580 3944 naturam
1612 3890 1895 3945 nimirum
1924 3891 2218 3961 pertinen-

566 3972 664 4036 tia,
684 3973 853 4043 pauci
872 3973 1165 4029 duntaxat
1186 3975 1350 4030 inilio
1368 3978 1646 4048 exceptis,
1664 3995 1798 4051 quae
1818 3979 1893 4034 ad
1912 3980 2217 4052 metaphy-

564 4061 685 4116 sica
707 4062 1008 4134 quispiam
1030 4065 1244 4119 rectius
1267 4066 1545 4124 retulerit.
1569 4068 1677 4123 Per
1697 4068 1822 4124 huic
1839 4084 1978 4138 ergo
1996 4070 2212 4141 capita,

566 4155 625 4205 ut
650 4150 925 4215 diximus,
954 4160 1216 4208 veterum
1243 4156 1587 4220 sententias,
1613 4158 1734 4213 sive
1758 4159 2211 4229 consentientes,

562 4239 683 4293 sive
708 4247 1115 4311 repugnantes
1142 4242 1427 4312 legendas
1462 4246 1733 4301 Stobaeus
1766 4250 2065 4318 apposuit.
2098 4251 2215 4303 Hoc

560 4326 689 4395 ipso
710 4332 904 4382 tamen
931 4330 1099 4393 libro,
1120 4337 1439 4403 antequam
1456 4350 1697 4405 ea,quae
1722 4336 1901 4392 modo
1923 4338 2210 4401 recensui,

2337 1837 2561 1907 ἀνέμων·
2648 1841 2763 1907 περὶ
2816 1843 2936 1905 γῆς,
2992 1835 3034 1886 εἰ
3099 1838 3195 1906 μία
3240 1836 3331 1884 καὶ
3377 1830 3751 1903 πεπερασμένη·
3801 1842 3871 1873 και

2342 1931 2481 2000 [περὶ
2509 1927 2581 1999 ³⁵]
2628 1930 2778 1978 ποίου
2838 1926 3106 1996 μεγέθους,
3172 1928 3264 1973 καὶ
3335 1925 3450 1993 περὶ
3498 1920 3669 1977 θέσεως
3727 1912 3869 1975 αὐτῆς,

2335 2022 2423 2068 καὶ
2471 2021 2587 2090 περὶ
2621 2021 2894 2087 σχήματος
2919 2021 3017 2084 γῆς
3050 2015 3115 2047 ³⁸⁸
3151 2017 3241 2064 xui
3300 2015 3490 2083 πότερα
3533 2010 3658 2081 μένει
3689 2006 3715 2062 ἠ
3752 2011 3807 2073 γῆ
3849 2021 3871 2057 η

2335 2114 2552 2158 κινεῖται
2587 2126 2598 2138 ·
2642 2109 2758 2179 περί
2820 2124 2873 2156 τε
2914 2111 3138 2174 σεισμῶν
3189 2102 3232 2136 ³⁷
3287 2108 3401 2172 γῆς·
3456 2100 3676 2167 καὶπερὶ
3727 2091 3877 2145 θαλατ-

2336 2216 2450 2257 της,
2496 2203 2603 2256 πῶς
2637 2196 2875 2265 ἄμπωτις
2930 2198 3016 2245 xui
3086 2192 3399 2265 πλημμῡραι
3456 2192 3672 2259 γίνονται
3726 2202 3741 2217 ⁸
3786 2182 3879 2250 περὶ

2335 2282 2559 2349 ὑδάτων,
2606 2290 2720 2354 περὶ
2776 2290 2866 2334 τοῦ
2920 2285 3129 2343 παντὸς,
3170 2286 3287 2353 περὶ
3320 2283 3511 2352 φύσεως
3539 2279 3622 2326 xui
3656 2281 3742 2324 τῶν
3769 2288 3877 2339 συμ-

2337 2374 2610 2427 ϐαινόντων
2664 2373 2715 2435 ἐξ
2755 2373 2915 2433 αὐτῆς
2967 2372 3164 2436 αἰτίων,
3214 2374 3335 2442 περὶ
3383 2378 3477 2429 τῆς
3519 2373 3612 2417 τῶν
3644 2367 3767 2425 ζώων
3810 2376 3882 2428 γε·

2335 2468 2532 2528 νέσεως,
2562 2468 2651 2515 καὶ
2705 2466 2767 2514 τὰ
2815 2462 2932 2524 ἑξῆς
2956 2484 2967 2495 ·
3007 2460 3133 2533 [368
3193 2459 3286 2533 8.]
3323 2464 3460 2511 πόσα
3497 2460 3611 2526 γένη
3641 2454 3783 2513 ζώων,
3811 2451 3882 2498 καὶ

2337 2554 2379 2606 εἰ
2408 2556 2576 2605 πάντα
2616 2552 2803 2623 λογικὰ
2858 2556 2946 2603 xui
3013 2551 3243 2607 αἰσθητά
3277 2571 3288 2581 ·
3329 2551 3446 2620 περὶ
3501 2546 3651 2597 ὕπνον
3712 2543 3789 2590 καὶ
3811 2538 3881 2587 θα-

2334 2646 2489 2696 vitam;
2540 2664 2554 2677 ·
2622 2647 2736 2715 περὶ
2786 2651 2975 2713 φυτῶν,
3026 2645 3142 2711 περὶ
3201 2646 3397 2713 τροφῆς
3448 2640 3534 2687 καὶ
3580 2632 3764 2706 ὀρέξεως
3807 2644 3884 2677 των

2340 2737 2501 2797 ζώων,
2536 2738 2653 2806 περὶ
2708 2734 2901 2802 φύσεως
2960 2730 3257 2803 ἀνθρώπων,
3334 2731 3450 2801 περὶ
3506 2724 3613 2795 [191
3668 2718 3744 2789 Η.]
3794 2720 3887 2817 νοῦ,

2336 2821 2682 2893 περίψυκῆἶν
2729 2825 2845 2892 περὶ
2908 2820 3199 2879 αἰσθήσεως
3251 2823 3347 2869 καὶ
3406 2816 3678 2871 αἰσθητῶν,
3727 2811 3803 2859 καὶ
3854 2823 3889 2905 ει

2339 2911 2539 2971 ἀληθεῖς
2566 2913 2619 2961 ui
2668 2910 2937 2969 αἰσθήσεις
2974 2931 2985 2942 -
3020 2914 3182 2960 πόσαι
3231 2907 3367 2959 εἰσὶν
3414 2907 3467 2957 αἱ
3497 2904 3767 2959 αἰσθήσεις,
3816 2904 3888 2944 και

2340 3007 2486 3060 ποίας
2543 3002 2718 3059 οὗσίκς
2777 3005 2865 3051 καὶ
2932 2998 3179 3069 ἐνεργείας
3238 2996 3437 3053 ἑκάστη
3476 3017 3486 3027 ο
3540 2996 3649 3065 περὶ
3702 3002 3891 3061 ορασεως

2338 3095 2427 3142 καὶ
2474 3098 2829 3162 κατοπτρικῶν
2932 3088 3217 3160 ἐμφάσεων,
3339 3090 3453 3158 περὶ
3550 3081 3713 3141 ἀκοῆς,
3798 3090 3893 3143 περί

2339 3180 2661 3253 ὀσφρήσεως,
2721 3183 2837 3250 περὶ
2884 3180 3128 3248 γεύσεως,
3182 3181 3301 3248 περὶ
3348 3176 3483 3247 ἁφῆς
3516 3193 3529 3206 ⁸
3579 3174 3687 3243 περὶ
3740 3179 3893 3237 Nm"

2336 3273 2424 3320 xui
2464 3270 2508 3320 εἰ
2554 3266 2832 3336 ἀσώματος
2877 3270 2904 3324 ἡ
2941 3271 3102 3338 φωνή,
3149 3270 3238 3317 xui
3290 3272 3345 3317 τί
3399 3264 3561 3321 αὐτῆς
3588 3263 3643 3310 τὸ
3695 3259 3894 3325 ἡγεμονι-

2335 3362 2422 3409 κόν
2454 3380 2466 3390 ·
2492 3362 2604 3431 περὶ
2665 3361 2948 3428 φαντασίας
2978 3362 3068 3407 καὶ
3120 3360 3397 3429 κριτηρίου
3447 3374 3459 3386 σ
3492 3350 3566 3402 νϐ’
3606 3352 3713 3419 περὶ
3744 3340 3896 3403 ὃοςηςν

2333 3452 2421 3498 καὶ
2453 3446 2494 3509 ξ’
2523 3452 2639 3518 περὶ
2679 3445 2937 3507 ἀναπνοῆς
2986 3451 3074 3496 καὶ
3128 3446 3331 3500 παθῶν,
3396 3448 3496 3496 Καὶ
3543 3442 3605 3491 τὰ
3653 3438 3734 3507 μὶν
3772 3446 3895 3535 τοῖα

2334 3535 2542 3608 βιϐλίον
2574 3536 2825 3607 κεφάλαια
2875 3543 3105 3586 τοσαῦτα
3161 3540 3247 3585 xui
3306 3538 3425 3606 περὶ
3474 3533 3895 3621 τούτωνηιαιιῖη-

2330 3625 2494 3677 λονότι
2540 3628 2756 3697 φυσικὰ,
2812 3625 2940 3682 πλὴν
2988 3623 3126 3675 ἐνίων
3185 3632 3281 3674 τῶν
3340 3622 3389 3674 ἐν
3441 3621 3606 3692 ἀρχῇ,
3658 3615 3688 3666 ἀ
3735 3622 3892 3684 μαλλον

3772 3705 3777 3713 .
3845 3698 3853 3712 .

2329 3718 2389 3766 ἄν
2420 3735 2494 3775 τις
2513 3715 2579 3775 εἰς
2601 3718 2664 3766 τὰ
2695 3718 2741 3749 ³⁸
2773 3716 2902 3785 μετὰ
2934 3716 2997 3764 τα
3029 3716 3226 3785 φυσικὰ
3258 3713 3461 3774 ἁνάξοι.
3496 3711 3702 3765 Τούτοις
3738 3698 3806 3767 δί,
3835 3716 3890 3756 ως

2328 3807 2533 3876 ἔφημεν,
2590 3807 2684 3864 τὰς
2744 3813 2841 3855 τῶν
2899 3803 3129 3853 παλαιῶν
3189 3798 3374 3865 δοξας,
3451 3804 3551 3851 εἴτε
3624 3806 3891 3863 συμνωνους

2327 3898 2489 3954 οὔσας
2520 3897 2616 3945 εἶτε
2643 3899 2730 3944 καὶ
2754 3896 2799 3927 ³9
2851 3890 3164 3963 διαφώνους,
3214 3892 3604 3965 παρατίθησιν.
3646 3885 3719 3935 Ἐν
3749 3893 3893 3951 μεντοι

2326 3986 2583 4053 τούτῳτῷ
2632 3981 2838 4054 βιϐλίῳ,
2886 3986 2987 4055 πρὸ
3027 3989 3119 4032 τοῦ
3144 3988 3250 4041 τοῖς
3300 3980 3594 4053 εἰρημένοις
3640 3969 3897 4043 κεφαλαίοις

2326 4070 2600 4135 ἐπιϐαλεῖν,
2636 4077 2751 4145 περὶ
2784 4068 2879 4123 δύο
2907 4071 3190 4141 κεφαλαίων
3222 4066 3594 4140 διαλαμϐάνει,
3650 4064 3711 4113 ὧν
3744 4078 3792 4110 το
3822 4072 3896 4126 μιν

2327 4164 2531 4220 ἔπαινὸς
2579 4160 2692 4213 ἐστι
2770 4160 3089 4232 φιλοσοφίας,
3159 4164 3247 4210 xui
3337 4159 3489 4217 οὗτος
3544 4154 3598 4207 ἐκ
3674 4148 3899 4232 διαγορωγ

2324 4250 2463 4319 αντῴ
2519 4255 2977 4322 συνηρανισμένος,
3033 4252 3087 4300 τὸ
3146 4245 3203 4300 ὃς
3250 4254 3368 4320 περὶ
3414 4256 3513 4299 τῶν
3564 4242 3673 4295 κατ’
3702 4240 3840 4292 αυτὴν
3864 4231 3899 4266 ⁶⁰

3580 4336 3694 4406 περὶ
3736 4339 3902 4398 γεωμε-

2328 4348 2714 4397 συνεστηκυιῶν
2763 4341 3026 4411 αἱρέσεων.
3124 4338 3203 4389 Ἐν
3394 4342 3489 4388 καὶ

561 4416 938 4484 aggrediatur
959 4420 1175 4490 capita,
1209 4423 1250 4490 ι
1271 4422 1422 4493 13a
1448 4422 1519 4477 de
1542 4424 1671 4478 aliis
1694 4425 1931 4480 duobus
1956 4426 2204 4483 disserit.

2331 4432 2471 4501 τρίας
2502 4434 2589 4480 καὶ
2646 4436 2908 4499 μουσικῆς
2954 4434 3042 4479 xui
3100 4426 3454 4501 ἀριθμητικῆς
3507 4420 3665 4485 δόξας
3713 4427 3902 4469 παλ-σίίαῖ

562 4504 822 4570 Quorum
853 4508 1107 4577 primum
1134 4510 1813 4582 philosophimlaudatio
1841 4520 2093 4585 est,etea
2110 4516 2210 4587 qui

2327 4521 2729 4591 συναναγράγει.

560 4592 697 4649 dem
720 4612 788 4651 ex
805 4597 985 4651 variis
1001 4604 1284 4667 congesta
1304 4600 1708 4672 scriptoribus.
1738 4602 2002 4659 Alterum
2018 4622 2155 4660 vero
2178 4606 2249 4660 de
2278 4608 2469 4672 sectis,
2496 4624 2628 4680 quae
2654 4608 2707 4661 in
2732 4623 2801 4662 ea
2823 4608 3261 4678 conspirarunt.
3284 4604 3392 4661 Ubi
3418 4603 3644 4677 pariter
3670 4601 3903 4653 veterum

560 4684 850 4755 opniones
881 4686 953 4742 de
985 4689 1329 4758 geometria,
1362 4691 1591 4747 musica
1621 4694 1675 4747 et
1704 4686 2076 4749 arithmetica
2107 4693 2407 4751 describit.

1946 4864 2176 4921 VAerE
2216 4867 2614 4924 LECTIONES.

637 5013 683 5047 ⁸³
710 5019 890 5065 καινοῦ
920 5017 983 5065 Α.
1062 5013 1110 5086 δέ
1136 5018 1225 5065 xui
1270 5012 1538 5086 ἐμφάσεως
1568 5015 1708 5071 add.
1742 5018 1807 5071 Α.

566 5084 608 5118 ⁸⁷
646 5093 867 5157 σεισμοῦ
898 5106 933 5149 ς-
976 5102 988 5141 ;
1021 5084 1303 5147 θαλάσσης
1322 5108 1375 5151 ς.

1887 5019 1932 5053 ³³
1983 5024 2099 5092 περὶ
2155 5024 2289 5076 ante
2346 5025 2499 5073 ποίου
2558 5020 2848 5092 expungit
2913 5020 2979 5073 A.

1455 5087 1501 5121 ⁸³
1534 5091 1597 5139 τὰ
1627 5094 1764 5159 post
1794 5092 1921 5161 μετὰ
1950 5087 2071 5148 om".
2098 5106 2187 5164 pr.
2216 5098 2281 5147 A.

3058 5022 3103 5053 ³⁸
3166 5028 3263 5090 γῆς
3314 5021 3355 5073 Α
3384 5037 3397 5074 :
3433 5020 3600 5080 αὐτῆς
3630 5024 3718 5076 τῆς
3745 5019 3836 5084 γῆς
3864 5023 3909 5070 ς’

2360 5094 2405 5126 ³9
2440 5098 2527 5144 καὶ
2558 5108 2679 5147 om.
2716 5096 2781 5144 A.
2860 5092 2907 5125 ⁸ο
2942 5093 3075 5143 κατὰ
3104 5096 3298 5149 ταύτην
3331 5113 3390 5156 ς,

2130 5245 2350 5301 NOTAE.

643 5382 753 5453 (42)
786 5382 962 5458 Addit
985 5382 1155 5458 ﬁant.
1202 5381 1350 5439 liber
1378 5384 1612 5442 Faciem
1639 5402 1651 5441 :
1678 5385 1751 5442 de
1778 5402 1898 5458 qua
1928 5386 2221 5442 Plutarchi

570 5454 624 5509 in
653 5452 957 5523 opusculis
984 5452 1238 5508 libellus.

642 5525 759 5596 (43)
806 5530 921 5597 περὶ
954 5531 1289 5599 πρηστήρων.
1346 5526 1481 5583 Vide
1512 5528 1657 5585 Plin.
1702 5527 1805 5585 lib.
1856 5544 1913 5593 ιι,
1966 5544 2101 5601 cap.
2155 5530 2221 5584 48

570 5601 776 5741 Θιῖῗὸ
817 5666 1164 5738 Cujusmodi
1198 5667 1317 5734 illa,
1359 5684 1495 5740 qua:
1534 5671 1696 5742 apud
1728 5670 1854 5727 Gul.
1907 5673 2217 5729 Canterum

2332 5387 2845 5461 inscribuntur,_De
2868 5386 3060 5443 causis
3073 5386 3493 5461 similitudinis
3504 5382 3925 5461 parcumquetc

2405 5458 2517 5530 (45)
2552 5462 2669 5514 Huc
2703 5459 2890 5513 refero
2922 5460 3151 5515 Canteri
3176 5459 3316 5514 illud
3352 5474 3363 5513 :
3402 5456 3709 5523 Quomodo
3729 5456 3926 5520 stirpes

2331 5531 2588 5604 alantur
2616 5538 2667 5587 et
2694 5532 3007 5604 aniqzalia.
3039 5600 3048 5604 Α
3466 5601 3484 5604 Α
3567 5599 3583 5604 _
3792 5594 3803 5604 ,
3872 5590 3901 5604 ,.

2402 5601 2518 5673 (46)
2542 5605 2617 5657 De
2647 5617 2768 5674 qua
2798 5600 3114 5658 duodecim
3149 5605 3434 5659 tractasse
3458 5599 3767 5655 Stobaaum
3788 5592 3930 5650 indi-

2329 5678 2424 5730 cat
2451 5675 2613 5730 Cant.
2643 5673 2852 5730 codex.
