4136 6216
227 273 322 336 481

295 409 366 459 Τὸ
389 403 446 458 δὲ
548 401 750 476 βιϐλίον
779 401 1180 477 συμπ).τ;ροῦται
1203 407 1292 476 μὲν
1317 403 1614 476 κεφαλαίοις
1638 404 1716 487 ς’
1739 407 1824 456 καὶ
1857 405 1903 458 Α

229 495 314 550 Μ’·
351 493 700 567 διαλαμϐάνει
725 489 784 545 δι
809 502 1011 566 πρῶτον
1040 497 1130 566 μὲν
1161 498 1277 568 περὶ
1309 502 1406 545 τῶν
1433 497 1496 545 τα
1530 495 1638 546 θεῖα
1669 493 1832 568 ἑρμη-

227 595 496 644 νευοντων,
529 589 620 635 καὶ
669 585 738 644 ὡς
776 585 852 641 εἴη
901 583 1178 656 ἀνθρώποις
1234 582 1602 642 ἁκατάληπτος
1651 583 1682 640 ἡ
1734 591 1832 634 τῶν

229 683 426 732 νοητῶν
473 675 612 724 κατά
658 676 750 730 τὴν
799 672 981 724 οὐσίαν
1015 671 1253 740 ἀλήθεια,
1287 669 1396 724 εἶτα
1425 677 1543 746 περὶ
1577 669 1836 723 διαλεκτι-

229 774 348 834 κῆς,
381 767 472 814 καὶ
517 767 634 834 περὶ
687 761 991 836 ῥητορικῆς,
1021 767 1111 814 καὶ
1163 767 1284 834 περὶ
1339 761 1494 832 λόγου
1540 765 1630 813 καὶ
1667 780 1836 834 γραμ-

233 855 431 925 μάτων,
483 857 601 926 περὶ
659 859 960 915 ποιητικῆς,
1015 855 1131 925 περὶ
1179 859 1521 926 χαρακτῆρος
1573 857 1672 902 τῶν
1731 869 1835 901 πα-

233 942 392 994 λαιῶν
445 942 514 1010 “,
579 945 698 1013 περὶ
747 948 838 993 τοῦ
893 941 1078 998 ἠθικοῦ
1137 939 1311 1002 εἴδους
1365 947 1457 1000 τῆς
1506 939 1831 1012 φιλοσοφίας,

243 1037 360 1106 περὶ
409 1041 504 1081 τῶν
553 1029 632 1102 ἐφ’
682 1031 828 1102 ἡμῖν,
861 1032 940 1082 ὅτι
983 1027 1155 1092 οὐδεὶς
1204 1029 1330 1082 ἑκὼν
1374 1032 1617 1102 πονηρὸς,
1660 1031 1834 1080 ὁποῖον

233 1127 346 1194 χρὴ
402 1120 528 1171 εἶναι
577 1122 663 1170 τὸν
695 1118 990 1192 φιλόσοφον,
1027 1121 1104 1171 ὅτι
1131 1123 1240 1193 χρὴ
1288 1117 1452 1176 σέϐειν
1479 1122 1536 1170 τὸ
1571 1120 1721 1186 θεῖον,
1756 1119 1835 1170 ὅτι

231 1215 340 1268 τοῖς
389 1207 624 1261 εὐσεϐέσι
653 1211 744 1260 καὶ
792 1203 1024 1269 δικαίοις
1083 1207 1270 1280 βοηθεῖ
1313 1211 1370 1261 τὸ
1413 1215 1684 1282 κρεῖττον·
1717 1212 1836 1282 περὶ

230 1307 524 1369 μαντικῆς·
567 1299 649 1350 ὅτι
705 1302 816 1370 χρὴ
873 1301 992 1370 περὶ
1045 1297 1232 1350 πολλοῦ
1284 1300 1548 1350 ποιεῖσθαι
1594 1299 1688 1358 τὰς
1735 1305 1834 1348 τῶν

235 1396 410 1458 σοφῶν
462 1391 766 1452 συνουσίας,
819 1385 1063 1439 ἐκκλίνειν
1113 1383 1171 1440 δὲ
1211 1389 1257 1422 ⁸³
1306 1391 1423 1447 τοὺς
1473 1385 1694 1458 φαύλους
1742 1389 1832 1438 καὶ

231 1473 606 1538 ἀπαιδεύτους·
635 1481 752 1552 περὶ
807 1483 897 1529 τοῦ
938 1472 1109 1529 δοκεῖν
1161 1480 1250 1527 καὶ
1299 1483 1388 1528 τοῦ
1444 1472 1592 1541 εἶναι,
1619 1481 1709 1527 καὶ
1759 1476 1835 1528 ὅτι

229 1565 292 1618 0'3
356 1575 432 1637 τῷ
483 1567 622 1639 λόγῳ
672 1569 784 1640 χρὴ
846 1571 1036 1641 κρίνειν
1091 1569 1177 1618 τὸν
1229 1566 1516 1640 ἄνθρωπον,
1589 1564 1715 1617 ἀλλὰ
1762 1571 1834 1634 τῷ

225 1661 444 1730 τροπῳ·
475 1661 558 1710 ὅτι
605 1659 654 1709 οἱ
701 1655 876 1718 ἄλλοις
915 1655 1326 1718 ἐπιϐουλεύοντες
1383 1655 1596 1717 ἑαυτοὺς
1645 1654 1831 1707 λανθοί-
1869 1663 1912 1717 Β

227 1765 386 1798 νονσι
437 1745 912 1808 καταϐλάπτοντες·
967 1749 1082 1818 περὶ
1129 1741 1398 1808 εὐδοξίας·
1456 1750 1572 1818 περὶ
1630 1749 1838 1817 φήμης·

229 1837 314 1887 ὅτι
363 1839 558 1909 μέτρον
623 1837 878 1911 ἄριστον·
935 1836 1016 1887 ὅτι
1080 1831 1517 1908 δυσκατόρθωτον
1568 1836 1598 1893 ἡ
1657 1833 1837 1909 ἁρετὴ,

231 1925 706 1998 εὐμεταχείριστον
759 1921 820 1978 δί
851 1926 880 1983 ἠ
909 1929 1069 1976 κακία
1093 1946 1104 1958 ·
1139 1925 1216 1977 ὃτι
1244 1924 1303 1977 οὗ
1335 1927 1444 1996 χρὴ
1486 1923 1635 1996 ὶόγον
1679 1930 1840 1976 ποιεῖ-

233 2017 364 2067 σθαι
405 2023 504 2077 τῆς
543 2017 588 2050 ⁴³
621 2023 720 2066 τῶν
773 2013 1029 2067 ἀσυνέτων
1079 2011 1438 2086 δοκιμασίας·
1470 2012 1550 2065 ὃτι
1588 2017 1682 2073 τὴν
1713 2015 1840 2066 ὑπό·

231 2123 436 2178 κρισιν,
483 2109 594 2165 τοῖς
655 2108 1003 2176 κεχρημένοις
1046 2101 1293 2162 ἑπιϐλαϐῆ
1347 2099 1507 2155 οὖσαν
1566 2107 1653 2154 καὶ
1713 2105 1838 2176 πρὸς

231 2194 320 2254 οὖς
379 2197 606 2263 γίνεται,
639 2200 736 2254 τῆς
787 2191 974 2264 ψυχῆς
1005 2191 1270 2248 ἐκϐλητίον
1303 2211 1316 2224 ·
1350 2191 1430 2242 ὃτι
1483 2190 1541 2242 οὗ
1588 2195 1697 2263 χρὴ
1748 2209 1840 2242 πο-

232 2282 852 2355 λνπραγμονείν,φθὸνου
913 2283 1005 2351 γὰρ
1051 2285 1140 2332 καὶ
1185 2277 1493 2340 διαϐολικῆς
1545 2282 1706 2332 αἴτιον
1757 2283 1836 2351 γί·

235 2391 377 2424 νεται
425 2375 484 2423 τὸ
541 2377 774 2422 τοιοῦτον
799 2391 812 2402 ·
847 2371 925 2422 ὅτι
972 2368 1020 2422 ἐν
1060 2370 1138 2431 οἷς
1166 2368 1453 2441 πλημμελεῖ
1485 2387 1562 2428 τις
1593 2371 1648 2420 τὸ
1689 2387 1842 2440 μετα-

233 2461 508 2534 μελείσθαι
551 2459 827 2512 κάλλιστον
852 2481 863 2492 ·
899 2463 1012 2534 περὶ
1058 2455 1343 2534 λοιδορίας,
1375 2459 1439 2518 ὡς
1469 2457 1564 2510 οὐκ
1608 2456 1801 2529 ἀγαθόν
1823 2475 1840 2492 ·

231 2552 310 2602 ὅτι
361 2549 417 2602 ἓν
461 2559 536 2620 τῷ
571 2545 932 2624 λοιδορεῖσθαι
975 2553 1084 2624 χρὴ
1134 2555 1344 2600 σκοπεῖν
1389 2552 1460 2620 μὴ
1513 2555 1617 2608 τοῖς
1663 2547 1840 2609 αὐτοῖς

1423 2637 1620 2710 ἀνάγκη
1633 2659 1654 2700 ς
1746 2645 1807 2697 τῆ
1820 2657 1841 2699 ς

233 2733 368 2782 κατὰ
399 2733 488 2781 τὸν
539 2727 689 2802 βίον·
721 2729 802 2782 ὃτι
854 2729 1102 2798 εὐκαίρως
1148 2723 1230 2782 δεῖ
1277 2731 1696 2802 πρᾶττεινοπερὶ
1748 2733 1840 2779 τοῦ

234 2646 701 2714 περίτι-πεπτώκαμεν
779 2638 1144 2711 ἐλαττώμασι·
1215 2643 1326 2713 περὶ

233 2817 562 2891 βούλεσθαι·
595 2821 678 2872 ὅτι
723 2819 782 2871 οὗ
833 2816 918 2871 δεῖ
971 2821 1038 2880 ὡς
1088 2820 1270 2890 ἔτυχεν
1327 2815 1735 2870 ἀναϐάλλεσθαι·
1766 2819 1844 2869 ὅτι

1375 271 1862 335 BIBLIOTHECA.
1903 308 1973 318 —
2011 275 2171 334 COD.
2213 279 2472 336 CLXVII.

3495 281 3604 338 482

2015 403 2168 460 Alter
2194 404 2496 462 deinliber
2525 421 2655 462 XLVI
2677 405 3011 463 absolvitur
3038 407 3602 480 capitibusl47).Pri-

1949 508 2120 548 mum
2134 493 2381 566 quidem
2409 495 2481 550 de
2506 511 2815 551 sacrorum
2843 496 3359 568 interpretibus,et
3379 498 3544 570 quod
3564 513 3601 555 a

1951 582 2302 638 mortalibus
2329 583 2722 655 spiritualium
2751 601 2892 640 vera
2923 589 3139 640 natura
3169 585 3600 657 comprehendi

1951 676 2227 743 nequeat.
2271 676 2325 727 2.
2361 671 2502 728 Hinc
2534 673 2608 728 de
2662 677 2784 729 arte
2834 673 3262 729 disserendi.3.
3315 677 3392 729 De
3447 674 3600 730 bene

1952 757 2192 816 dicendi
2220 759 2516 816 facultate.
2571 765 2624 816 4.
2659 765 2737 818 De
2789 763 3085 827 Oratione,
3129 780 3200 819 ac
3233 763 3436 818 litteris
3463 762 3598 834 (48).

1952 849 2005 903 5.
2043 851 2120 904 De
2145 855 2268 906 arte
2293 851 2544 922 poetica.
2581 851 2637 905 6.
2693 851 2773 906 De
2830 852 3192 919 charactere,
3256 868 3360 908 seu
3408 850 3602 908 forma

1953 939 2257 995 orationis.
2281 939 2335 993 7.
2362 941 2439 995 De
2467 955 2706 995 morum
2743 940 3116 1013 philosophia
3137 942 3246 1013 (49)
3299 945 3352 997 8.
3397 943 3474 997 De
3527 940 3602 996 iis

1952 1043 2088 1100 quae
2121 1027 2180 1082 in
2207 1033 2410 1084 nostra
2438 1033 2577 1084 sunt
2605 1035 2913 1100 potestate.
2949 1035 2999 1085 9.
3032 1030 3340 1086 Neminem
3389 1034 3600 1100 sponte

1953 1131 2082 1172 esse
2120 1116 2486 1188 improbum.
2509 1121 2598 1175 10.
2623 1119 2869 1183 Qualem
2895 1119 3098 1176 deceat
3148 1135 3276 1175 esse
3337 1119 3603 1192 philoso-

1953 1205 2158 1278 phum.
2191 1207 2280 1262 11.
2315 1207 2598 1263 Pietatem
2645 1221 2787 1276 erga
2845 1211 3031 1264 Deum
3083 1208 3400 1265 colendam
3449 1225 3600 1266 esse.

1959 1301 2039 1351 12.
2064 1295 2176 1352 Piis
2202 1313 2270 1352 ac
2293 1295 2470 1368 justis
2499 1299 2729 1353 Numen
2760 1297 2982 1354 auxilio
3011 1313 3160 1353 esse.
3183 1298 3264 1352 13.
3295 1299 3374 1353 De
3400 1297 3603 1354 vatici-

1952 1386 2071 1441 nio.
2105 1385 2188 1440 14.
2219 1385 2566 1458 Sapientum
2597 1387 3092 1443 consuetudinem
3120 1386 3324 1457 magni
3355 1402 3487 1443 esse
3517 1387 3602 1445 fa-

1953 1473 2229 1530 ciendam
2259 1491 2270 1529 :
2291 1474 2607 1546 fugiendos
2630 1492 2787 1542 vero,
2803 1493 2872 1533 ac
2886 1475 3274 1532 declinandos
3291 1475 3602 1547 improbos

1953 1568 2131 1636 atque
2151 1563 2483 1636 imperitos.
2510 1567 2593 1621 15.
2611 1565 2692 1621 De
2713 1581 2784 1622 eo
2808 1567 2974 1638 quod
2999 1565 3230 1622 videtur
3259 1569 3511 1634 tantum,
3543 1568 3603 1621 et

1952 1652 2027 1708 de
2054 1669 2124 1709 eo
2154 1653 2320 1725 quod
2345 1669 2476 1710 vere
2501 1659 2611 1711 est.
2635 1655 2722 1710 16.
2754 1656 2885 1712 Non
2923 1672 2954 1712 e
3003 1655 3218 1721 verbis,
3279 1654 3385 1710 sed
3423 1655 3602 1710 mori-

1948 1741 2065 1798 bus
2085 1741 2158 1798 de
2175 1743 2420 1799 homine
2451 1759 2581 1800 esse
2602 1743 3024 1816 judicandum.
3063 1747 3147 1800 17.
3179 1747 3292 1800 Eos
3323 1743 3428 1816 qui
3467 1743 3599 1800 aliis

1949 1830 2322 1898 insidientur,
2360 1833 2587 1904 seipsos
2645 1835 2842 1904 potius
2889 1833 3300 1906 imprudentes
3356 1833 3600 1890 laedere.

1949 1921 2036 1977 18.
2071 1922 2150 1976 De
2178 1921 2438 1977 nominis
2463 1921 2675 1991 gloria.
2695 1922 2780 1977 19.
2799 1921 3074 1980 Defama.
3104 1923 3192 1978 20.
3219 1921 3454 1980 Modum
3473 1937 3603 1978 esse

1948 2010 2264 2082 optimum.
2299 2013 2389 2066 2t.
2415 2011 2699 2066 Virtutem
2724 2027 2881 2082 aegre
2911 2011 3104 2084 parari
3139 2029 3151 2064 :
3193 2011 3403 2068 vitium
3459 2026 3604 2068 con-

1947 2103 2038 2155 tra
2067 2097 2239 2156 facile
2267 2097 2758 2172 acquiri.22.Non
2771 2107 3043 2172 oportere
3067 2100 3382 2157 stultorum
3391 2099 3601 2172 judicii

1947 2188 2240 2245 rationem
2282 2189 2523 2246 habere.
2567 2193 2658 2247 23.
2707 2188 3030 2246 Fictionem
3073 2192 3199 2246 sive
3243 2189 3596 2262 hypocrisin,

1949 2292 2084 2350 quae
2115 2293 2237 2333 non
2262 2278 2332 2333 iis
2362 2283 2591 2335 tantum
2621 2279 2782 2352 apud
2801 2295 2954 2352 quos
2977 2283 3302 2346 exercetur,
3325 2279 3429 2334 sed
3457 2278 3602 2350 ipsis

1947 2381 2188 2439 quoque
2203 2366 2564 2436 ﬁngentibus
2577 2373 2770 2437 nocet,
2794 2385 2865 2424 ex
2879 2369 3084 2424 animo
3099 2385 3224 2425 esse
3239 2367 3598 2439 pellendum.

1948 2458 2040 2513 24.
2082 2455 2492 2512 Curiositatem
2555 2473 2684 2514 esse
2747 2457 3060 2514 vitandam
3123 2457 3274 2530 (50):
3331 2455 3601 2529 praebere

1949 2544 2110 2601 enim
2136 2545 2624 2615 ansaminvidiaa,
2657 2551 2835 2620 atque
2852 2546 3305 2617 calumnia3(5t).
3329 2550 3419 2600 25.
3448 2543 3604 2616 Optio

1950 2649 2118 2691 mum
2150 2651 2279 2691 esse
2317 2635 2686 2707 resipiscere,
2721 2636 2782 2691 in
2820 2635 3045 2708 quibus
3083 2637 3208 2706 ipse
3257 2633 3596 2704 deliqueris.

1950 2729 2040 2782 26.
2073 2724 2420 2783 Convicium
2450 2725 2695 2780 minime
2722 2741 2850 2781 esse
2877 2723 3124 2781 bonum.
3169 2724 3256 2778 27.
3302 2724 3368 2780 In
3400 2720 3600 2777 convi—

1951 2813 2166 2870 ciando
2177 2812 2701 2878 considerandum,
2721 2829 2795 2868 ne
2807 2813 2866 2870 in
2880 2813 3091 2869 eadem
3107 2811 3219 2884 ipsi
3231 2810 3600 2883 quandoque

237 2913 288 2960 τὸ
343 2905 710 2979 δυστυχῆσαι
765 2907 1012 2970 πολλάκις
1055 2906 1296 2980 ἐπωφελὶς
1353 2911 1570 2978 γίνεται,
1604 2912 1691 2958 καὶ
1738 2909 1842 2980 μά-

1953 2909 2148 2960 errata
2177 2903 2685 2960 inciderimus.28.
2705 2903 2786 2958 De
2809 2903 2935 2958 vitae
2961 2901 3332 2957 necessitate.
3361 2901 3449 2954 29.
3481 2901 3598 2971 0p-

233 2997 396 3050 λιστα
425 3006 540 3060 τοῖς
579 2999 777 3071 ἄφροσι
797 3019 809 3030 ·
839 3003 956 3073 περὶ
999 2997 1211 3068 ἀγωγῆς
1259 3001 1348 3048 καὶ
1375 2997 1422 3033 ⁴⁴
1457 2993 1704 3057 παιδείας
1723 3017 1735 3029 ·
1765 2997 1845 3048 ὅτι

235 3087 522 3140 κάλλιστον
555 3089 582 3145 ἡ
615 3087 760 3158 φιλία
789 3095 886 3139 τῶν
935 3085 1140 3158 ἀγαθῶν
1165 3108 1176 3119 ·
1216 3084 1344 3158 [369
1374 3089 1418 3142 Η
1499 3087 1579 3138 ὅτι
1605 3087 1634 3144 ἡ
1667 3087 1844 3158 ὁμοιό-

237 3197 328 3240 της
361 3186 468 3228 τῶν
497 3182 700 3250 τρόπων
747 3181 840 3235 τὴν
873 3178 918 3212 ⁵⁵
949 3175 1120 3248 φιλίαν
1154 3175 1538 3248 ἀπεργάζεται·
1575 3175 1698 3247 [192
1747 3174 1842 3248 IL]

233 3267 310 3318 ὅτι
353 3270 470 3338 χρὴ
517 3265 566 3316 ἐν
607 3273 722 3326 ταῖς
766 3262 1088 3336 δυστυχίαις
1113 3269 1200 3316 καὶ
1228 3271 1336 3326 τοῖς
1365 3260 1628 3324 κινδύνοις
1655 3267 1726 3336 μὴ
1759 3282 1842 3316 πε-

231 3363 424 3430 ριορᾷ-ι
453 3359 572 3415 τοὺς
604 3355 810 3426 90w;-
846 3357 924 3406 ὃτι
955 3354 1012 3406 οὐ
1037 3359 1144 3426 χρὴ
1180 3349 1477 3406 συναδικεῖν
1503 3359 1608 3412 τοῖς
1639 3353 1804 3424 φίλοις
1828 3371 1842 3386 ·

231 3453 344 3518 περὶ
397 3451 634 3516 γνησίων
675 3447 720 3478 ⁵⁸
747 3449 835 3496 καὶ
885 3442 1136 3495 ἀϐεϐαίων
1168 3442 1349 3516 φίλων·
1379 3443 1455 3494 ὁτι
1485 3462 1594 3514 χρη
1629 3446 1844 3514 ταχείας

231 3537 510 3586 ποιεῖσθαι
559 3537 650 3594 τὰς
681 3537 811 3607 πρὸς
857 3536 978 3593 τοὺς
1019 3532 1196 3604 φίλους
1241 3529 1550 3602 διαλλαγὰς,
1580 3534 1646 3583 τὰ
1676 3531 1840 3605 ἁμαρ-

231 3631 454 3694 τήματα
483 3623 658 3674 αὐτῶν
693 3624 816 3697 ῥᾷον
849 3627 1096 3695 φέροντας
1127 3624 1257 3694 μετὰ
1303 3629 1390 3681 τῆς
1431 3619 1726 3692 ἀμνηστίας
1754 3621 1800 3655 ⁴⁷
1827 3639 1842 3655 ⁸

231 3715 309 3764 ὅτι
351 3714 408 3766 ἐν
453 3719 568 3772 ταῖς
618 3711 873 3783 ἆτνχ²αις
909 3715 1026 3772 τοὺς
1065 3715 1316 3782 γνησίους
1355 3718 1454 3762 τῶν
1485 3709 1640 3782 φίλων
1673 3705 1845 3780 διαγι-

231 3809 544 3874 νώσκομεν·
605 3801 786 3874 φιλικὰ
845 3800 1284 3875 παραγγέλματα·
1338 3803 1454 3874 περὶ
1511 3800 1704 3871 ἔχθρας
1755 3803 1844 3850 καὶ

233 3900 322 3942 τοῦ
355 3894 543 3944 ὁποῖον
584 3911 700 3942 τινα
739 3895 848 3962 χρὴ
889 3887 1015 3942 εἶναι
1039 3890 1086 3925 ⁴⁸
1117 3891 1241 3961 πρὸς
1279 3891 1398 3948 τοὺς
1429 3887 1658 3962 ἐχθρούς
1682 3907 1694 3920 ·
1728 3891 1844 3961 περὶ

237 3989 326 4032 τού
371 3991 488 4040 πῶς
537 3983 678 4032 ἔστιν
734 3979 820 4030 ἀπ’
866 3979 1068 4052 ἐχθρῶν
1098 3977 1456 4050 ὠφεληθῆναι·
1487 3982 1604 4049 περὶ
1647 3983 1736 4028 τοῦ
1768 3975 1846 4027 εὖ·

237 4077 498 4140 ε.⁵7ετεῖν’
529 4071 610 4121 ὅτι
657 4069 850 4140 μείζων
881 4071 910 4125 ἡ
957 4070 1117 4141 χάρις
1158 4069 1205 4119 ἐν
1245 4075 1410 4141 καιρῷ
1447 4061 1693 4118 δοθεῖσα·
1723 4069 1842 4138 περὶ

1953 2998 2203 3065 portune
2219 2991 2675 3062 resagidebere.
2717 2992 2804 3046 30.
2825 2993 2901 3048 De
2941 2989 3246 3048 voluntate
3281 3005 3432 3045 :non
3470 3005 3599 3044 esse

1953 3099 2088 3140 eam
2155 3088 2374 3139 temere
2463 3081 2874 3138 differendam.
2948 3085 3036 3137 31.
3092 3079 3370 3135 Adversis
3417 3077 3600 3148 afﬂigi

1955 3188 2186 3229 summe
2233 3186 2647 3244 saepenumero
2687 3169 2920 3226 utilitati
2967 3185 3138 3226 esse:
3169 3168 3427 3224 maxime
3460 3182 3600 3222 vero

1951 3261 2454 3336 imprudentibus.
2489 3261 2584 3318 32.
2633 3263 2713 3316 De
2761 3259 3114 3316 educatione
3151 3263 3328 3331 atque
3371 3257 3605 3312 institu-

1953 3353 2126 3410 tione.
2149 3353 2238 3408 33.
2259 3350 2561 3422 Optimum
2587 3350 2888 3406 bonorum
2907 3350 3180 3405 omnium
3225 3363 3352 3402 esse
3403 3345 3608 3402 amici-

1955 3441 2118 3499 tiam.
2152 3442 2240 3497 34.
2285 3439 2518 3496 Morum
2549 3437 2994 3494 similitudinem
3042 3437 3364 3493 amicitiam
3413 3429 3606 3492 conci-

1951 3531 2113 3588 liare.
2133 3531 2223 3586 35.
2245 3534 2309 3586 In
2325 3529 2592 3587 adversis
2609 3529 2732 3584 suis
2766 3533 2942 3599 atque
2986 3525 3260 3599 periculis
3313 3541 3434 3580 non
3476 3539 3608 3580 esse

1951 3621 2341 3692 negligendos
2365 3619 2612 3676 amicos.
2633 3619 2720 3674 36.
2743 3617 2868 3676 Non
2885 3634 3012 3674 esse
3034 3617 3258 3672 amicos
3282 3615 3604 3687 juvandos,

1954 3727 2086 3766 cum
2117 3709 2264 3783 quid
2293 3708 2506 3780 injuste
2529 3707 2868 3764 faciendum
2894 3705 3244 3777 suscipiunt.
3273 3705 3360 3756 37.
3386 3707 3461 3758 De
3477 3703 3608 3757 fidis

1953 3805 2132 3872 atque
2161 3797 2362 3854 inﬁdis
2383 3796 2610 3852 amicis.
2648 3795 2738 3850 38.
2781 3795 2903 3850 Cito
2941 3809 3075 3849 esse
3123 3809 3260 3847 cum
3299 3790 3507 3846 amicis
3547 3790 3606 3845 in

1954 3888 2212 3960 gratiam
2241 3885 2634 3949 redeundum,
2658 3899 2989 3956 eorumque
3009 3881 3151 3938 vitia
3181 3879 3444 3943 ferenda,
3466 3893 3604 3934 cum

1953 3983 2280 4034 erratorum
2300 3974 2617 4030 oblivione.
2640 3977 2727 4030 39.
2749 3973 2812 4026 In
2831 3971 3094 4028 adversis
3127 3969 3278 4025 [idos
3305 3966 3604 4038 explorari

1956 4065 2630 4134 amicos.40.Pra:cepta
2658 4060 2948 4117 amicitia.
2993 4059 3082 4116 41.
3137 4061 3215 4114 De
3259 4055 3601 4122 inimicitiis,

237 4165 326 4208 τοῦ
363 4157 749 4232 ἀντευεργετεῖν
769 4179 782 4190 ·
813 4159 892 4208 ὅτι
935 4160 1055 4218 τοὺς
1080 4161 1330 4230 πονηροὺς
1360 4155 1417 4208 0'3
1448 4159 1558 4228 χρὴ
1588 4151 1640 4206 εὖ
1679 4161 1842 4206 ποιεῖν

1955 4159 2029 4218 et,
2061 4156 2104 4224 ι
2123 4153 2267 4225 13b
2288 4167 2407 4226 quo
2435 4167 2495 4207 se
2516 4151 2650 4224 quis
2675 4149 2858 4206 modo
2881 4165 3020 4204 cum
3063 4148 3230 4204 hoste
3277 4149 3462 4216 gerat.
3511 4147 3602 4198 42.

237 4245 358 4300 οὐδὲ
395 4247 524 4322 παρ’
557 4247 726 4298 αὐτῶν
753 4245 1152 4320 εὐεργετείσθαι,
1185 4249 1274 4297 καὶ
1313 4248 1369 4296 τὸ
1410 4245 1696 4297 τελευταῖον
1727 4249 1842 4318 περὶ

233 4335 408 4412 ἄχαρι
425 4343 570 4398 στῖας
603 4339 672 4386 δ’.
703 4337 790 4388 Ἐν
817 4337 892 4398 οἷς
923 4340 1008 4387 καὶ
1040 4337 1104 4387 τὰ
1133 4343 1222 4387 τοῦ
1337 4335 1607 4408 κεφάλαια.

1955 4245 2085 4311 Qua
2109 4243 2338 4300 ratione
2382 4257 2452 4297 ex
2495 4239 2747 4296 inimicis
2799 4239 2913 4312 (52)
2959 4237 3094 4309 capi
3133 4235 3320 4308 possit
3365 4233 3602 4290 utilitas.

1953 4336 2040 4388 43.
2065 4333 2145 4388 De
2179 4329 2604 4388 benemerendi
2650 4327 2869 4386 studio.
2913 4329 3000 4383 44.
3049 4325 3240 4396 Majus
3279 4339 3407 4378 esse
3431 4323 3604 4378 bene-

229 4423 445 4482 ﬁcium
475 4425 644 4498 quod
673 4426 732 4481 in
767 4431 1028 4497 tempore
1069 4423 1383 4480 confertur.
1417 4428 1506 4480 43.
1541 4425 1620 4479 De
1650 4421 2106 4480 remunerandis
2138 4420 2460 4478 beneﬁciis.
2487 4422 2576 4477 46.
2603 4419 2728 4476 Non
2772 4433 2901 4475 esse
2963 4415 3220 4488 benigne
3257 4411 3603 4469 faciendum

1583 4603 1826 4658 νΑΗΙλΕ
1866 4601 2268 4658 LECTIONES.

305 4791 352 4824 ⁶¹
387 4795 494 4840 τῶν
527 4785 758 4838 παλαιῶν
789 4783 930 4840 add.
972 4791 1034 4839 Α.
1111 4783 1158 4819 ⁸³
1201 4779 1260 4836 δὲ
1289 4799 1410 4840 οω.
1449 4785 1520 4842 Ac

1597 4783 1642 4820 "
1681 4783 1848 4855 Ti:ch
1876 4799 1890 4838 :
1921 4785 2040 4855 περὶ
2082 4789 2176 4842 τῆς
2216 4801 2272 4855 ςε

2349 4781 2398 4816 ⁴⁴
2427 4779 2538 4853 καὶ]
2570 4781 2690 4853 περί
2717 4777 2790 4853 Α.
2870 4777 2922 4853 ξ⁵
2951 4777 3040 4833 τὴν
3071 4771 3214 4853 add.
3249 4779 3308 4828 Δ.
3331 4771 3434 4853 ’.⁸⁸
3483 4774 3604 4843 περὶ

229 4865 298 4930 μή
331 4881 424 4932 γυ.
455 4861 526 4916 Α.
602 4859 646 4894 ιτ
677 4855 994 4930 ityn-manias
1019 4877 1074 4922 ς.
1151 4857 1200 4892 ⁸⁸
1231 4855 1360 4910 εἰναι
1395 4860 1506 4929 χρὴ
1537 4874 1592 4922 ς’,
1670 4855 1716 4890 ⁸⁸
1748 4845 2098 4928 εὐχαριστίας
2127 4874 2182 4918 ς’.
2215 4851 2296 4907 cf.
2337 4845 2823 4909 Gaisford.'Stob.
2859 4849 2913 4912 4,
2942 4845 3204 4920 append.
3234 4859 3296 4917 p.
3329 4847 3398 4900 30
3419 4857 3480 4900 u.

1818 5033 2044 5091 ΝΟΤᾸΞ.
2123 5055 2128 5062 ·

301 5219 424 5290 (47)
463 5217 544 5272 De
593 5215 812 5288 quibus
855 5213 954 5272 vix
984 5214 1098 5271 tria
1151 5211 1844 5290 hinc,rprimum,ise_pti-

231 5283 414 5344 mum'
459 5295 514 5344 et
541 5283 864 5344 octavum:
907 5283 1485 5358 utcunquerintegra
1512 5283 1837 5358 posteriOre

229 5361 608 5432 Eglogarum
657 5359 814 5432 libro
858 5373 894 5412 a
933 5356 1307 5432 Cant._edito_
1328 5357 1538 5432 legas:
1571 5356 1836 5432 quinque

225 5426 542 5488 inter-vnum
567 5431 783 5486 mediis
815 5429 1130 5499 capitibus,
1159 5427 1372 5500 partim
1403 5426 1670 5500 turbatis,
1707 5442 1833 5500 par-

227 5505 336 5559 tim
359 5503 488 5558 alio
511 5503 766 5572 rejectis.
785 5497 1034 5572 Reliqua
1055 5497 1233 5572 por—ro
1255 5501 1320 5556 38
1343 5497 1834 5572 hujus.libri_alte-

225 5577 350 5630 rius
381 5567 610 5645 capita,
633 5588 858 5644 magno
879 5567 1026 5628 sane
1049 5567 1276 5628 damno
1291 5567 1540 5642 publico
1562 5567 1826 5640 periisse,

225 5645 320 5702 vel
345 5646 502 5702 sola:
521 5643 938 5702 inscriptiones
973 5643 1067 5700 ωε
1105 5645 1416 5700 testantur.

223 5661 320 5702 τοι
345 5661 502 5702 εοιω
521 5661 938 5704 ιῑιεοι-ιοῑιουθε
973 5661 1067 5700 me
1105 5661 1416 5700 testantur.

297 5661 320 5700 ι
345 5661 502 5702 sane
521 5661 938 5719 inscriptiones
973 5661 1067 5700 me
1105 5661 1416 5700 testantur.

297 5719 420 5790 (48)
443 5717 566 5775 Huc
589 5718 772 5792 plane
791 5715 1079 5788 pertinent
1095 5730 1232 5788 qua:
1261 5729 1437 5770 serm.
1458 5716 1546 5782 80,
1568 5716 1629 5770 81
1653 5713 1710 5768 et
1733 5715 1820 5776 82,

1951 5209 2016 5266 in
2038 5207 2296 5281 gConradi
2321 5207 2459 5265 edit.
2487 5205 2781 5281 hodieque
2811 5202 3108 5281 leguntur.
3221 5271 3234 5281 _
3267 5270 3300 5281 η
3345 5270 3355 5280 ι

2025 5280 2138 5352 (49)
2172 5277 2274 5334 Cui
2315 5296 2554 5336 rursum
2584 5269 2784 5358 capita
2819 5269 3088 5402 quinque
3145 5270 3386 5342 subjicit
3435 5269 3600 5326 Cant.

2025 5351 2155 5402 dex.
2179 5367 2440 5402 auorum
2465 5357 2666 5402 tamen
2685 5349 2990 5402 ultimum]
3017 5345 3118 5401 lud
3135 5349 3240 5402 est.
3265 5343 3424 5402 auod
3444 5345 3600 5400 octa-

1949 5343 2155 5415 codei,
2179 5367 2440 5423 quorum
2465 5343 2960 5423 tamen'ultinium
2976 5343 3118 5402 illud
3135 5349 3240 5412 est,
3265 5343 3424 5416 quod
3444 5345 3604 5400 octa-

1943 5439 2090 5480 vum
2123 5422 2219 5478 hic
2247 5423 2448 5479 locum
2475 5422 2722 5478 obtinet.

2167 5494 2310 5552 Vide
2333 5492 2710 5551 Plutarchum
2727 5489 2926 5546 libello
2945 5489 3027 5545 De
3048 5486 3412 5544 curiositate.

2161 5567 2308 5638 Lege
2329 5562 2764 5623 Lucianilibell.
2795 5563 2930 5618 Non
2961 5575 3076 5618 esse
3114 5558 3432 5616 calumniae
3473 5573 3603 5615 cre-

2011 5495 2128 5636 liti

1936 5637 2214 5695 dendum.

2007 5705 2120 5782 (51)
2147 5709 2226 5766 De
2255 5725 2376 5785 quo
2406 5713 2464 5770 et
2491 5703 2784 5766 Plutarchi
2811 5703 3064 5764 libellus.
