4136 6216
588 240 691 302 483

1824 238 2059 296 PHOTII
2095 238 2561 301 PATBIARCH/E
2603 238 2710 298 CP.

3855 244 3957 303 484

584 369 901 441 improbis.
934 384 1129 443 neque
1152 368 1230 425 ab
1252 367 1320 424 iis
1346 364 1707 423 beneﬁcium
1734 364 1922 421 ullum
1947 366 2383 439 accipiendum.
2412 368 2675 439 Denique
2705 366 2779 423 de
2800 368 3161 438 gratitudine
3190 368 3325 441 (53).
3351 369 3544 440 Atque
3565 367 3695 424 haec
3719 385 3961 429 summa

586 460 856 529 capitum
890 458 1137 515 secundi
1166 458 1325 514 libri.

659 550 884 605 Tertius
907 549 1121 605 dehinc
1148 549 1340 618 capita
1363 546 1760 602 continetxnu
1804 544 1935 616 (54).
1980 546 2245 602 Primum
2286 562 2331 613 Α

583 637 657 692 de
677 637 1183 693 virtute.Alterum
1204 637 1275 691 de
1298 635 1458 691 vitio.
1499 638 1551 687 3.
1579 637 1653 689 De
1696 633 2029 705 prudentia.
2070 639 2123 691 4.
2170 636 2248 690 De

580 726 1063 797 imprudentia.5.
1078 730 1151 780 De
1169 725 1581 795 temperantia.
1597 725 1651 777 6.
1672 724 1746 777 De
1762 722 2243 794 intemperantia

578 815 631 868 7.
670 818 745 870 De
772 814 1133 870 fortitudine.
1166 814 1218 869 8.
1254 817 1330 869 De
1367 813 1699 869 timiditate.
1737 816 1789 868 9.
1858 815 1935 868 De
1983 813 2241 881 justitia.

581 905 664 959 10.
705 906 781 959 De
808 904 1069 960 habendi
1100 904 1425 975 cupiditate
1457 908 1636 973 atque
1686 901 1993 972 injustitia.
2042 903 2127 957 11.
2164 906 2242 959 De

579 993 842 1049 veritate.
861 998 947 1049 12.
970 996 1044 1048 De
1066 992 1397 1047 mendacio.
1419 992 1505 1045 13.
1544 991 1621 1046 De
1640 990 1925 1061 loquendi
1953 991 2237 1047 libertate.

583 1082 662 1135 14.
703 1084 779 1137 De
814 1084 1235 1138 assentatione.
1270 1083 1354 1138 15.
1397 1082 1473 1134 De
1525 1078 1958 1151 prodigalitate.
2024 1082 2108 1137 16.
2163 1083 2238 1135 De

572 1171 951 1242 parcimonia
993 1170 1125 1243 [seu
1162 1168 1516 1241 tenacitate].
1580 1170 1666 1223 17.
1724 1171 1800 1223 De
1850 1169 2235 1226 continentia.

580 1261 660 1315 18.
680 1261 758 1315 De
778 1260 1222 1316 incontinentia.
1255 1260 1340 1314 19.
1370 1262 1445 1313 De
1465 1258 1749 1330 patientia
1777 1255 1907 1330 [seu
1936 1262 2233 1313 malorum

576 1348 928 1418 tolerantia].
959 1348 1045 1403 20.
1084 1349 1163 1403 De
1190 1349 1520 1403 iracundia.
1556 1350 1641 1400 21.
1693 1349 1767 1401 De
1814 1346 2233 1417 cognoscendo

571 1438 862 1508 seipsum.
928 1441 1015 1492 22.
1086 1440 1161 1493 De
1216 1438 1399 1491 fastu.
1453 1437 1539 1490 23.
1584 1436 1661 1490 De
1689 1451 1850 1490 caeco
1887 1435 1977 1490 sui
2003 1452 2226 1490 amore.

568 1527 657 1581 24.
692 1528 768 1582 De
800 1527 1188 1583 conscientia.
1353 1529 1427 1581 Ue
1457 1526 1769 1581 memoria.
1801 1525 1890 1578 26.
1942 1525 2017 1579 De
2076 1525 2231 1581 obli-

568 1616 760 1671 vione.
787 1618 874 1671 27.
912 1616 1426 1685 Dejurejurando.
1462 1616 1545 1669 '28.
1580 1617 1656 1669 De
1690 1613 1965 1684 perjurio.
2016 1614 2103 1668 29.
2152 1616 2226 1669 De

565 1703 785 1758 laboris
821 1704 1038 1759 studio.
1093 1709 1180 1759 30.
1236 1704 1315 1758 De
1368 1702 1627 1773 ignavia.
1689 1703 1773 1758 31.
1842 1704 1919 1756 De
1974 1702 2221 1773 pudore.

568 1792 655 1847 32.
686 1793 761 1847 De
811 1793 1203 1865 impudentia.
1256 1793 1345 1847 33.
1379 1793 1457 1847 De
1488 1790 1740 1846 silentio.
1777 1791 1866 1846 34.
1898 1793 1973 1847 De
2003 1795 2224 1863 tempe-

2432 548 2511 599 Ἐν
2568 544 2626 600 δὲ
2684 556 2755 619 τῷ
2811 547 2855 620 γ’
2912 553 3213 621 περιέχεται
3260 548 3512 621 κεφάλαια
3562 549 3684 614 MB',
3757 558 3959 624 πρῶτον

2358 642 2473 709 περὶ
2534 635 2738 710 ἀρετῆς.
2769 635 2879 690 εἶτα
2930 643 3047 709 περὶ
3092 642 3297 702 κακίας,
3326 642 3443 711 περὶ
3488 644 3806 710 φρονήσεως,
3845 646 3957 713 περὶ

2358 723 2671 796 ἀφροσύνης,
2734 732 2849 801 περὶ
2918 730 3277 799 σωφροσύνης,
3328 732 3442 799 περὶ
3498 726 3801 791 ἀκολασίας,
3843 736 3955 800 περὶ

2356 811 2593 886 ἀνδρίας,
2622 820 2737 889 περὶ
2796 812 3009 881 δειλίας,
3039 821 3154 888 περὶ
3213 813 3570 883 δικαιοσύνης,
3603 822 3721 887 περὶ
3780 817 3955 870 πλεον-

2353 903 2491 965 εξίας
2529 909 2617 957 καὶ
2671 901 2904 970 ἀδικίας,
2934 911 3049 979 περὶ
3104 904 3365 971 ἀληθείας,
3399 910 3514 977 περὶ
3548 902 3801 977 ψεύδους,
3839 914 3954 981 περὶ

2351 992 2669 1066 παρρησίας,
2723 1000 2842 1066 περὶ
2898 995 3187 1060 κολακείας,
3247 1000 3363 1068 περὶ
3420 994 3651 1056 ἀσωτίας
3708 998 3777 1060 ⁵ο,
3837 1002 3956 1071 περὶ

2350 1079 2647 1152 φειδωλίας,
2708 1088 2823 1157 περὶ
2892 1083 3213 1157 ἐγκρατείας,
3274 1089 3389 1158 περὶ
3472 1083 3749 1153 ἀκρασίας,
3838 1091 3955 1156 περὶ

2348 1167 2693 1237 ἀνεξικακίας,
2744 1176 2856 1243 περὶ
2926 1171 3105 1243 ὀργῆς,
3164 1177 3279 1245 περὶ
3354 1179 3443 1222 τοὺ
3496 1174 3657 1242 γνῶθι
3732 1177 3952 1237 σαυτὸν,

2345 1264 2461 1332 περὶ
2517 1258 2824 1333 ὑπεροψίας,
2867 1265 2985 1335 περὶ
3042 1260 3334 1332 φιλαυτίας.
3388 1266 3506 1333 περὶ
3560 1268 3651 1312 τοὺ
3715 1258 3958 1314 συνειδό-

2344 1366 2453 1409 τος,
2508 1354 2626 1422 περί
2674 1353 2901 1420 μνήμης,
2961 1356 3077 1425 περὶ
3152 1350 3332 1415 λήθης,
3403 1354 3519 1423 περὶ
3592 1353 3771 1424 ὅρκου,
3840 1358 3958 1425 περὶ

2342 1434 2630 1509 ἐπιορκίας,
2687 1443 2805 1510 περὶ
2859 1438 3173 1509 φιλοπονίας,
3239 1445 3354 1513 περὶ
3412 1438 3616 1514 ἀργίας,
3678 1445 3799 1512 περὶ
3876 1443 3957 1493 αὶ·

2342 1522 2484 1589 δούς,
2520 1531 2637 1600 περὶ
2686 1523 2975 1590 ἀναιδείας,
3009 1533 3124 1599 περὶ
3176 1536 3348 1599 σιγῆς,
3379 1534 3496 1602 περὶ
3545 1535 3636 1580 τοῦ
3692 1529 3957 1602 εὐκαίρως

2337 1612 2522 1683 λέγειν,
2578 1621 2694 1689 περὶ
2779 1616 3163 1689 βραχυλογίας,
3239 1622 3355 1688 περὶ
3426 1614 3771 1689 ἀδολεσχίας,
3833 1626 3957 1692 περὶ

2328 1708 2919 1781 χρηστότητοςνπερί
3008 1708 3218 1779 φθόνου,
3279 1712 3394 1781 περὶ
3474 1708 3751 1781 πατρίδος,
3830 1714 3953 1783 περὶ

2336 1792 2495 1856 ξένης,
2530 1798 2646 1866 περὶ
2674 1792 2998 1869 ἀπορρήτων,
3027 1800 3113 1847 καὶ
3142 1793 3239 1867 μβ¹
3268 1801 3385 1870 περὶ
3420 1792 3687 1856 διαϐολῆς,

2808 1712 2919 1781 περὶ
3008 1708 3218 1779 φθόνου,
3279 1712 3394 1781 περὶ
3474 1703 3751 1781 πατρίδος,

566 1882 719 1938 stiva
744 1884 1027 1938 oratione.
1059 1886 1145 1937 35.
1187 1886 1261 1937 De
1288 1880 1525 1937 dicendi
1568 1881 1867 1935 brevitate.
1902 1884 1988 1936 36.
2016 1883 2094 1934 De
2126 1880 2466 1950 garrulitate
2495 1885 2627 1953 (55).
2683 1885 2776 1939 37.
2828 1885 2904 1938 De
2963 1884 3342 1955 benignitate.
3400 1885 3487 1939 38.
3548 1888 3623 1939 De
3695 1886 3947 1942 invidia.

566 1974 652 2025 39.
691 1973 767 2026 De
788 1973 998 2041 patria.
1030 1972 1119 2025 40.
1155 1974 1227 2027 Ue
1263 1971 1573 2040 peregrina
1597 1975 1767 2025 terra.
1796 1970 1881 2024 41.
1908 1969 1984 2023 De
2019 1970 2275 2033 arcanis,
2308 1976 2364 2025 et
2395 1974 2482 2025 42.
2511 1972 2589 2026 De
2612 1972 2933 2028 calumnia.

637 2059 1250 2131 Quartideniquelibri
1284 2058 1481 2130 capita
1511 2058 1636 2112 haec
1665 2062 1822 2113 sunt.
1853 2056 2117 2113 Primum
2145 2057 2218 2114 de
2254 2060 2295 2112 B

564 2148 871 2218 republica
894 2148 1028 2218 (5(5),
1054 2148 1304 2205 alterum
1337 2147 1410 2202 de
1436 2148 1669 2219 legibus
1695 2152 1749 2202 et
1774 2147 2218 2203 consuetudini-

563 2234 699 2292 bus.
758 2240 809 2291 3.
850 2236 923 2291 De
952 2236 1275 2307 plebe(57).
1308 2238 1360 2290 4.
1388 2238 1460 2290 Ue
1492 2234 1829 2307 potentibus
1864 2236 1923 2289 in
1958 2234 2214 2290 civitate.

562 2322 615 2375 5.
653 2323 731 2378 De
763 2324 1141 2396 principatu;
1172 2331 1225 2379 et
1273 2324 1518 2388 Qualem
1566 2338 1692 2377 esse
1745 2324 2077 2396 principem
2149 2340 2217 2380 ac

561 2413 974 2482 magistratum
998 2414 1223 2471 deceat.
1244 2414 1296 2467 6.
1333 2413 1638 2486 Optimum
1670 2428 1799 2467 esse
1830 2415 2005 2468 unius
2034 2414 2218 2484 impe-

554 2500 730 2556 rium.
766 2502 816 2554 7.
855 2502 1031 2571 Regni
1066 2502 1522 2558 administrandi
1557 2502 2011 2574 praeceptiones.
2045 2505 2095 2557 8.
2128 2501 2216 2555 Vi-

561 2590 853 2660 tuperatio
870 2591 1217 2661 tyrannidis.
1242 2596 1293 2646 9.
1315 2593 1389 2647 De
1407 2591 1586 2646 bello.
1613 2592 1689 2646 10.
1712 2593 1789 2645 De
1808 2590 2212 2664 audacia(58).

560 2680 644 2734 11.
670 2680 1083 2751 Dejuventute
1126 2682 1260 2752 (59).
1304 2680 1384 2734 12.
1422 2683 1497 2735 De
1527 2680 1665 2735 belli
1710 2679 2209 2751 imperatoribus;

557 2769 717 2835 et,De
735 2769 801 2824 iis
818 2785 951 2838 quae
972 2768 1192 2824 militia:
1214 2769 1345 2824 usui
1363 2785 1489 2824 esse
1511 2769 2058 2842 possintpraecepta
2078 2772 2207 2839 (60).

561 2857 642 2912 13.
685 2858 761 2912 De
808 2874 974 2929 pace.
1010 2862 1090 2913 14.
1116 2860 1195 2913 De
1226 2857 1623 2927 agricultura'.
1690 2859 1775 2912 15.
1812 2860 1888 2913 De
1929 2858 2211 2930 tranquil-

554 2945 731 3002 litate.
768 2948 848 3001 16.
888 2950 962 3002 De
1016 2947 1398 3017 navigatione
1450 2950 1527 3017 (et
1568 2949 1925 3018 naufragio).
1986 2948 2072 3001 17.
2132 2948 2207 3004 De

552 3036 828 3093 artibus'.
867 3040 943 3091 18.
982 3039 1057 3091 De
1084 3036 1343 3092 dominis
1376 3044 1431 3092 et
1460 3039 1643 3092 servis
1676 3078 1689 3091 .
1728 3039 1813 3090 19.
1852 3040 1926 3091 De
1987 3037 2206 3092 Venere

552 3124 781 3195 vulgari
801 3124 954 3197 (quae:
977 3124 1373 3194 generationis
1400 3125 1679 3182 humanae
1714 3126 1824 3197 (61)
1848 3141 2091 3181 causam
2124 3126 2206 3180 fo-

551 3215 685 3282 vet).
719 3217 806 3269 20.
842 3217 915 3267 De
966 3229 1168 3268 amore
1198 3214 1571 3285 voluptatum
1606 3214 1871 3286 corporis
1921 3216 2053 3285 (62).
2118 3217 2199 3269 21.

550 3300 631 3356 De
662 3302 1244 3371 pulchritudine.'22.
1280 3303 1358 3357 De
1414 3304 1651 3374 nuptiis,
1704 3310 1759 3358 et
1812 3304 1939 3374 ejus
1994 3304 2201 3375 capitis

2400 2063 2476 2115 Τά
2517 2057 2575 2112 δε
2619 2070 2709 2113 τοῦ
2744 2059 2793 2113 δ’
2824 2060 3032 2131 βιϐλίου
3080 2062 3187 2114 ἐστὶ
3228 2070 3414 2134 ταῦτα,
3464 2072 3659 2138 πρῶτον
3694 2068 3812 2137 περὶ
3852 2086 3945 2117 πο-

2328 2147 2541 2212 λιτείας,
2592 2147 2829 2225 δεύτερον
2872 2157 2988 2224 περὶ
3036 2156 3200 2223 νόμων
3259 2156 3347 2204 καὶ
3395 2151 3539 2215 ἐθῶν,
3574 2157 3687 2226 περὶ
3735 2149 3940 2223 δῆμον,

2328 2243 2444 2310 περὶ
2496 2246 2592 2290 τῶν
2642 2238 2687 2289 ἐν
2735 2246 2847 2300 ταῖς
2880 2240 3059 2292 πόλεσι
3093 2236 3325 2292 δυνατῶν
3356 2243 3424 2305 ⁸¹,
3457 2245 3573 2314 περὶ
3615 2240 3809 2313 ἀρχῆς,
3847 2249 3941 2295 καὶ

2326 2326 2443 2399 περὶ
2476 2336 2564 2379 του
2598 2330 2774 2380 ὁποῖον
2814 2335 2923 2403 χρη
2960 2326 3087 2380 εἶναι
3135 2332 3221 2380 τὸν
3253 2332 3507 2404 οῐρχοντα,
3542 2331 3622 2381 ὅτι
3658 2330 3937 2382 κάλλιστον

2320 2417 2354 2475 ,ἡ
2412 2422 2699 2491 μοναρχία,
2734 2419 2997 2476 ὑποθῆκαι
3052 2422 3164 2489 περὶ
3208 2416 3499 2491 βασιλείας,
3528 2418 3695 2489 ψογος
3748 2439 3939 2491 τυραν-

2324 2502 2485 2571 νίδος,
2536 2510 2651 2580 περὶ
2710 2508 2959 2580 πολέμου,
3014 2512 3130 2578 περὶ
3185 2507 3399 2580 τόλμης,
3478 2513 3592 2578 περὶ
3674 2515 3931 2573 νεότητος,

2324 2599 2438 2665 περὶ
2479 2604 2801 2669 στρατηγῶν,
2839 2602 2927 2647 καὶ
2972 2601 3089 2667 περὶ
3139 2604 3237 2646 τῶν
3295 2599 3426 2647 κατά
3464 2595 3681 2668 πόλεμον
3734 2607 3934 2669 χρειῶν

2322 2685 2604 2749 ὑποθῆκαι,
2658 2690 2775 2757 περὶ
2822 2685 3048 2757 εἰρήνης,
3112 2690 3226 2759 περὶ
3284 2690 3560 2759 γεωργίας,
3624 2691 3741 2759 περὶ
3795 2688 3937 2743 ἠσυ-

2319 2778 2469 2844 χίας,
2524 2778 2640 2847 περὶ
2692 2773 2976 2837 ναυτιλίας,
3030 2778 3147 2845 περὶ
3205 2782 3423 2845 τεχνῶν,
3478 2780 3591 2848 περὶ
3651 2770 3932 2827 δεσποτῶν

2320 2867 2407 2913 καὶ
2470 2859 2687 2925 δουλων,
2738 2870 2855 2936 περὶ
2906 2860 3220 2934 Ἀφροδίτης
3270 2860 3547 2934 πανδήμου
3597 2868 3687 2914 καὶ
3717 2865 3767 2896 ⁵²
3812 2871 3932 2938 περὶ

2318 2953 2501 3021 ἔρωτος
2554 2960 2651 3003 τῶν
2707 2954 2843 3003 κατὰ
2893 2956 2948 3003 τὸ
3014 2960 3165 3022 σῶμα
3230 2947 3451 3015 ἡδονῶν,
3507 2957 3623 3023 περὶ
3678 2952 3927 3019 κάλλους,

2316 3045 2431 3112 περὶ
2474 3042 2661 3111 γάμου,
2706 3044 2793 3091 καὶ
2840 3043 2903 3091 τα
2952 3039 3067 3101 ἑξῆς
3118 3047 3210 3090 κοῦ
3260 3039 3536 3111 κεφαλαίου
3576 3044 3787 3091 τουτου.
3826 3048 3927 3095 Fa-

2314 3133 2443 3200 μικά
2494 3128 2925 3202 παραγγέλματα,
2950 3133 3039 3179 καὶ
3098 3134 3216 3201 περὶ
3268 3125 3495 3197 παίδων,
3528 3135 3616 3181 καὶ
3675 3132 3743 3181 τὰ
3802 3131 3925 3193 ἑξῆς

2312 3226 2400 3269 τοὺ
2440 3217 2714 3289 κεφαλαίου
2771 3220 2982 3273 τούτου,
3038 3223 3134 3269 Καὶ
3186 3220 3265 3269 ὅτι
3313 3223 3421 3293 χρὴ
3455 3220 3573 3277 τοὺς
3618 3226 3789 3287 γονεῖς
3828 3226 3925 3278 τῆς

2310 3308 2649 3371 καθηκούσης
2706 3316 2858 3379 τιμῆς
2916 3306 3297 3368 καταξιοῦσθαι
3354 3309 3496 3381 παρά
3552 3315 3649 3358 τῶν
3704 3312 3922 3359 τέκνων·

551 3394 908 3459 castera(63).
945 3394 1029 3445 23.
1060 3391 1454 3447 Connubialia
1488 3397 1800 3463 praecepta.
1830 3393 1916 3447 2-1.
1948 3392 2026 3446 De
2069 3392 2195 3447 libe-

2325 3397 2519 3458 irroiou;
2576 3400 2685 3469 χρὴ
2747 3392 2875 3447 εἶναι
2920 3399 3041 3455 τοὺς
3072 3400 3301 3470 πατέρας
3330 3398 3541 3469 περὶτὰ
3584 3400 3758 3451 τέκνα.
3796 3396 3922 3448 Ὀτι

548 3478 652 3546 ris,
683 3485 738 3534 et
767 3480 894 3549 ejus
920 3481 1151 3550 generis
1180 3481 1409 3553 reliqua
1443 3483 1577 3551 (63).
1610 3484 1697 3535 25.
1750 3481 1959 3537 Debito
1991 3498 2199 3553 paren-

548 3573 634 3625 tes
660 3568 888 3625 honorc
924 3569 1182 3626 aliberis
1242 3586 1370 3626 esse
1424 3570 1769 3626 alliciendos
1816 3570 1914 3643 [et,
1970 3572 2058 3624 An
2102 3587 2201 3642 per

545 3658 751 3714 omnia
773 3659 855 3716 eis
889 3660 1130 3716 obedire
1183 3659 1540 3732 conveniat].
1598 3664 1683 3715 26.
1730 3660 1940 3724 Quales
1994 3659 2201 3716 deceat

543 3762 671 3804 esse
694 3754 967 3819 parentes
1000 3765 1142 3820 erga
1171 3749 1389 3804 liberos
1418 3751 1549 3820 (64),
1580 3748 1663 3823 [et
1710 3749 1876 3823 quod
1927 3750 2199 3821 utrinque

542 3838 801 3893 naturali
836 3838 1104 3910 quadam
1158 3838 1507 3895 necessitate
1565 3844 1772 3895 mutuo
1812 3838 2193 3912 afﬁciantur].

541 3928 627 3983 27.
668 3930 1016 3983 Fraternum
1047 3944 1339 3995 amorem,
1368 3934 1422 3984 et
1459 3929 1643 3983 animi
1696 3928 1996 3995 affectum,
2058 3944 2199 3999 erga

542 4023 830 4086 cognatos
864 4033 993 4072 esse
1020 4018 1511 4074 honestissimum
1555 4018 1852 4090 [quodque
1896 4018 1956 4073 hi
1998 4034 2199 4075 neces-

543 4105 677 4162 sarii
706 4105 840 4161 sint.
868 4104 887 4177 ]
918 4109 1005 4161 28.
1044 4107 1120 4160 De
1163 4106 1244 4161 rei
1300 4105 1607 4162 familiaris
1667 4108 1901 4162 tuendae
1947 4106 2195 4163 ratione.

538 4194 629 4249 59.
659 4197 735 4249 De
772 4195 1076 4251 nobilitate
1108 4194 1361 4268 [nobiles
1389 4194 1518 4249 illos
1551 4212 1698 4260 esse,
1732 4196 1834 4268 qui
1865 4212 1937 4251 ex
1963 4196 2195 4253 virtutis

543 4284 892 4354 praescripto
920 4285 1139 4347 vivant,
1178 4285 1409 4341 tametsi
1431 4300 1539 4339 nec
1564 4284 1740 4340 bonis
1764 4284 2033 4341 moribus
2054 4302 2197 4358 prte-

540 4370 681 4425 ditis
744 4371 1090 4442 parentibus
1123 4374 1233 4430 orti
1260 4371 1398 4444 sint]
1452 4380 1508 4428 et
1532 4372 1761 4445 reliqua
1793 4374 2061 4445 ejusdem
2099 4390 2195 4431 ar-

2309 3484 2585 3536 κάλλιστον
2628 3486 2656 3542 ἠ
2710 3481 3022 3556 φιλαδελφία
3068 3490 3157 3535 καὶ
3216 3487 3244 3541 ἡ
3306 3490 3423 3557 περὶ
3481 3490 3598 3545 τοὺς
3656 3494 3923 3557 συγγενεῖς

2304 3570 2567 3641 διάθεσις.
2629 3574 2985 3646 Οἰκονομικὸς.
3043 3578 3167 3648 Περὶ
3221 3574 3489 3645 εὐγενείας,
3536 3579 3625 3625 καὶ
3680 3576 3747 3624 τά
3800 3575 3921 3637 ἑξῆς

2307 3669 2399 3713 τοῦ
2446 3662 2723 3736 κεφαλαίου
2782 3666 2989 3715 τούτου·
3048 3667 3159 3734 περὶ
3210 3658 3530 3733 δυσγενείας.
3576 3668 3699 3734 Περὶ
3759 3664 3922 3715 πλού-

2307 3770 2418 3817 του,
2450 3756 2539 3802 καὶ
2567 3755 2631 3803 τα
2679 3750 2796 3814 ἑξῆς
2849 3760 2939 3803 τοῦ
2973 3751 3251 3824 κεφαλαίου
3282 3755 3468 3802 τούτου
3496 3772 3506 3785 ·
3545 3757 3659 3824 περὶ
3692 3758 3872 3814 πενίας
3904 3774 3917 3788 ο

2309 3843 2584 3913 σύγκρισις
2637 3846 2807 3900 πενίας
2855 3846 2943 3892 καὶ
2984 3840 3229 3892 πλούτου.
3263 3839 3438 3891 Ὀτιὸ
3487 3838 3600 3912 βίος
3652 3841 3774 3911 [193
3821 3842 3916 3915 H.]

2309 3926 2521 4001 βραχὺς
2570 3933 2658 3979 καὶ
2708 3925 2994 4001 φροντίδων
3040 3927 3347 4000 ἀνάμεστος.
3378 3927 3502 4000 [372
3546 3927 3639 4000 3.]
3672 3935 3796 4000 Περὶ
3827 3928 3915 3980 λὺ-

2306 4038 2424 4084 πης,
2464 4018 2542 4069 ὅτι
2588 4017 2701 4069 λίαν
2745 4019 3019 4091 μοχθηροί.
3084 4023 3205 4093 Περὶ
3249 4022 3406 4069 νόσου
3461 4022 3547 4068 καὶ
3608 4018 3797 4079 ἰάσεως
3838 4022 3908 4084 ⁵³,

2307 4112 2423 4179 περὶ
2480 4108 2671 4178 ὑγιείας
2726 4112 2815 4158 καὶ
2866 4104 3119 4178 διαμονῆς
3164 4106 3349 4175 αὐτῆς,
3382 4112 3496 4178 περὶ
3540 4106 3746 4179 ἰατρῶν.
3785 4114 3910 4180 Περὶ

2308 4192 2657 4267 εὐδαιμονίας,
2687 4200 2805 4268 περὶ
2838 4192 3249 4268 κακοδαιμονίας
3280 4217 3291 4227 ·
3323 4198 3402 4247 ὅτι
3435 4194 3675 4257 ἀϐέϐαιος
3728 4198 3755 4253 ἡ
3810 4208 3910 4248 των

2308 4284 2586 4359 ἀνθρώπων
2620 4284 2903 4359 εὐπραξία·
2956 4288 3066 4357 περὶ
3114 4292 3212 4335 τῶν
3261 4285 3383 4358 παρ’
3429 4283 3575 4345 ἀξίαν
3616 4284 3909 4355 εὐτυχούν-

2308 4394 2445 4426 των·
2501 4379 2617 4447 περὶ
2672 4382 2769 4425 τῶν
2814 4373 2937 4448 παρ’
2995 4372 3143 4435 ἀξίαν
3194 4371 3644 4445 δυστυχούντων·
3696 4377 3779 4425 ὅτι
3830 4371 3911 4428 δεῖ

1893 4490 2126 4545 VARI/13
2167 4490 2569 4546 LECTIONES.

610 4616 659 4649 5°
687 4612 941 4676 ἀσωτείας
974 4636 1030 4679 ς’.
1111 4617 1155 4651 ⁵¹
1196 4612 1431 4667 δυνατῶν
1462 4615 1551 4670 AC
1584 4630 1599 4671 :
1631 4610 1902 4667 δυναστῶν
1926 4634 1980 4679 ς.

2059 4617 2106 4650 δ’
2145 4621 2235 4669 καὶ
2264 4614 2405 4673 add.
2437 4620 2498 4670 Α.

2578 4616 2623 4650 ⁵³
2665 4616 2847 4669 ἰάσεων
2872 4637 2927 4679 ς’.

2109 4722 2340 4779 ΝΟΤΙΕ.

610 4855 723 4927 (53)
752 4857 933 4913 Unica
959 4858 1017 4912 in
1048 4856 1305 4914 monade
1332 4873 1367 4913 a
1398 4856 1699 4929 superiore
1732 4856 1985 4930 (calculo
2007 4856 2189 4930 aber-
2225 4869 2271 4924 Α
2304 4858 2365 4913 in
2394 4856 3253 4930 laudemacvituperationem
3275 4856 3626 4930 reperimus.

537 4932 825 4984 ravimus.
862 4930 1049 4993 Quem
1082 4930 1249 5001 facile
1284 4928 1543 4984 errorem
1594 4928 1865 5001 corriget,
1915 4928 2019 5001 qui
2048 4930 2191 4984 olim

535 5002 695 5056 hunc
730 5001 949 5056 librum
979 5000 1152 5055 nobis
1175 5002 1477 5070 integrum
1508 5002 1566 5055 in
1596 5000 1791 5055 lucem
1822 5000 2010 5055 dabit.

607 5074 719 5143 (51)
747 5074 887 5137 Quae
921 5072 1165 5127 totidem
1195 5078 1249 5127 et
1278 5072 1493 5126 iisdem
1533 5071 2021 5142 inscriptionibus
2044 5070 2191 5143 (Ser-

534 5142 769 5199 manum
798 5145 1069 5215 nomine,
1097 5160 1218 5198 una
1250 5160 1384 5215 cum
1417 5148 1630 5215 quarto
1661 5143 1810 5199 libro
1841 5144 1999 5199 edita
2030 5142 2189 5199 fuere

534 5217 776 5283 saapius,
810 5218 1001 5271 Graece
1030 5214 1303 5283 Venetiis,
1329 5214 1677 5269 Graéco-Lat.
1719 5215 1916 5283 Tiguri
1942 5230 2062 5270 non
2105 5229 2191 5270 se-

535 5285 653 5360 mel
692 5302 759 5342 ac
807 5287 1065 5360 denique
1130 5285 1495 5360 Francofurti
1548 5301 1686 5342 cum
1746 5288 1880 5341 Ant.
1938 5286 2185 5355 Melissa,

533 5356 781 5427 aliisque
803 5356 1200 5428 gnoniologis.

739 5430 816 5512 lle
851 5446 975 5512 qua
1008 5429 1296 5512 Plutarch.
1334 5430 1533 5512 etiam.

602 5502 718 5575 (56)
747 5500 924 5575 ῌοᾷὶε
943 5502 1001 5556 in
1034 5502 1266 5575 Stobeeo
1293 5501 1537 5575 vulgato
1562 5515 1760 5557 sermo
1790 5503 1878 5556 est
1897 5500 1987 5557 43.

604 5574 718 5639 (57)
746 5572 851 5634 Qui
878 5587 1075 5627 sermo
1102 5574 1161 5627 in
1192 5573 1373 5628 libris
1394 5572 1563 5629 editis
1592 5587 1715 5629 non
1759 5575 1972 5629 exstat.

604 5642 715 5715 (58)
746 5641 865 5697 Hoc
895 5644 1065 5713 signo
1092 5644 1456 5713 notavimus,
1477 5660 1609 5718 quas
1634 5646 1696 5701 in
1715 5644 1886 5701 editis
1904 5642 2188 5702 distincta

2376 4928 2486 4999 (59)
2523 4929 2585 5009 in
2631 4928 2993 4983 Stobazo‘est
3034 4928 3150 4995 hic,
3204 4929 3290 4983 De
3328 4928 3551 4983 Militia
3578 4937 3634 4985 et
3680 4930 3905 4985 viribus

2302 5015 2591 5067 corporis.

2373 5073 2487 5141 (60)
2518 5070 2814 5139 Evulgatis
2845 5070 3007 5124 libris
3039 5070 3151 5125 hoc
3182 5070 3477 5126 additum.

2371 5147 2486 5213 (61)
2517 5146 2575 5197 In
2591 5142 2758 5197 editis
2779 5141 2989 5210 legitur
3010 5142 3363 5212 praecedenti
3382 5142 3569 5212 capite
3599 5147 3657 5196 et
3681 5144 3906 5199 subau-

2300 5212 2479 5277 ditur,
2538 5214 2905 5283 Vituperatio
2960 5214 3214 5277 Veneris,
3268 5220 3322 5269 et
3374 5214 3533 5284 quod
3580 5216 3784 5271 malus
3832 5216 3905 5270 sit

2299 5298 2488 5351 amor,
2522 5300 2593 5340 ac
2622 5284 2940 5340 multorum
2970 5286 3268 5341 malorum
3296 5292 3526 5341 auctor.

2372 5358 2486 5428 (62)
2519 5358 2599 5411 De
2628 5357 2850 5428 quibus
2884 5372 2985 5411 sex
3018 5356 3244 5412 habent
3275 5356 3468 5428 capita
3501 5356 3631 5411 libri
3667 5357 3834 5413 editi.

2395 5429 2483 5511 6.3)
2516 5427 2662 5511 Quae
2688 5428 2823 5484 libri
2875 5428 3014 5483 editi
3049 5444 3149 5499 per
3194 5427 3306 5483 tria
3342 5427 3657 5484 distributa
3706 5430 3910 5502 capita

2298 5500 2601 5556 exhibent.
3786 5500 3801 5502 ⁷

2300 5642 2331 5643 η
2369 5572 2481 5643 (61)
2512 5571 2651 5628 Tres
2695 5570 2791 5627 hic
2824 5570 3066 5643 insertos
3108 5586 3407 5627 sermones
3438 5573 3530 5639 80,
3568 5572 3661 5638 81,
3712 5576 3803 5639 8'2,
3846 5573 3909 5628 in

2298 5642 2468 5699 libris
2498 5643 2739 5700 aliunde
2765 5642 3100 5714 irrepsisse,
3126 5643 3253 5713 jam
3306 5658 3440 5715 sup.
3473 5643 3904 5704 indicavimus.
