4136 6216
3720 96 3729 103 ο

570 242 674 302 483
1806 239 2041 297 PHOTII
2077 243 2200 298 PAT

2307 241 2545 301 iRCH/E
2586 240 2693 299 (ΞΡ.
3839 244 3944 304 484

567 370 883 442 improbis,
916 384 1113 444 neque
1136 368 1213 426 ab
1236 368 1303 424 iis
1329 366 1690 424 beneﬁcium
1716 366 1905 422 ullum
1930 368 2365 440 accipiendum.
2395 368 2657 441 Denique
2688 368 2761 424 de
2783 369 3144 439 gratitudine
3172 370 3307 442 (53).
3332 370 3526 441 Atque
3548 368 3677 425 haec
3703 386 3945 430 summa

569 462 839 530 capitum
872 459 1121 516 secundi
1148 458 1309 515 libri.

641 552 866 606 Tertius
889 550 1104 605 dehinc
1131 550 1323 619 capita
1346 547 1607 603 continet
1627 563 1742 602 χιιι
1788 546 1918 617 (54).
1963 548 2228 603 Primum
2268 564 2313 614 Α

566 638 639 693 de
658 638 1165 694 virtute.Alterum
1187 638 1258 692 de
1281 636 1441 693 vitio.
1482 639 1534 688 3.
1560 638 1635 690 De
1678 634 2012 706 prudentia.
2054 640 2106 692 4.
2153 638 2230 691 De.

564 726 1045 797 imprudentia.5.
1061 732 1133 780 De
1152 726 1564 796 temperantia.
1580 726 1633 778 6.
1655 724 2225 795 Deintemperantia-

560 816 614 868 7.
651 819 727 870 De
754 814 1116 870 fortitudine.
1149 815 1201 869 8.
1238 818 1312 869 De
1350 814 1682 870 timiditate.
1720 818 1771 869 9.
1840 816 1917 869 De
1965 814 2224 883 justitia-

564 905 647 959 10.
689 907 764 959 De
792 904 1051 961 habendi
1083 904 1408 976 cupiditate
1440 909 1619 974 atque
1668 902 1975 973 iujustitia.
2026 905 2110 958 11.
2146 906 2225 959 De

562 994 825 1049 veritate.
844 998 929 1050 12.
953 997 1027 1049 De
1049 993 1380 1049 mendacio.
1402 992 1487 1046 13.
1526 991 1604 1046 De
1622 991 1907 1062 loquendi
1935 992 2219 1048 libertate.

566 1083 645 1136 14.
686 1085 762 1137 De
796 1085 1219 1139 assentatione.
1250 1084 1337 1139 15.
1378 1082 1455 1135 De
1507 1080 1940 1152 prodigalitate.
2006 1082 2091 1138 16.
2146 1084 2220 1137 De

556 1172 933 1243 parcimonia
976 1171 1109 1243 [seu
1145 1169 1499 1243 tenacitate].
1564 1171 1648 1224 17.
1706 1172 1782 1224 De
1832 1170 2218 1227 continentia.

562 1262 643 1315 18.
663 1261 1205 1317 Deincontinentia.
1238 1260 1323 1315 19.
1353 1262 1429 1314 Ue
1448 1260 1732 1331 patientia
1760 1257 1889 1331 [seu
1918 1263 2216 1315 malorum

556 1349 910 1419 tolerantia].
942 1350 1028 1404 20.
1066 1350 1145 1403 De
1174 1350 1502 1404 iracundia.
1538 1352 1624 1401 2t.
1676 1350 1749 1402 De
1796 1348 2215 1418 cognoscendo

554 1439 845 1509 seipsum.
910 1442 997 1493 22.
1068 1441 1144 1493 De
1200 1438 1381 1493 fastu.
1436 1438 1522 1491 23.
1568 1437 1644 1491 De
1672 1452 1832 1492 caeco
1870 1436 1960 1491 sui
1986 1453 2209 1491 amore.

550 1528 639 1582 24.
674 1528 751 1583 De
782 1528 1170 1583 conscientia.
1208 1528 1294 1582 25.
1336 1530 1409 1582 De
1439 1526 1751 1582 memoria.
1786 1526 1873 1579 26.
1923 1526 1999 1580 De
2058 1526 2213 1583 obli-

552 1616 743 1672 vione.
770 1619 856 1672 27.
893 1616 1409 1686 Dejurejurando.
1444 1617 1527 1670 28.
1563 1618 1639 1670 De
1674 1614 1947 1685 perjurio.
1998 1615 2085 1669 29.
2135 1618 2209 1670 De

548 1704 767 1759 laboris
804 1704 1021 1760 studio.
1076 1710 1162 1759 30.
1219 1704 1298 1759 De
1350 1703 1609 1774 ignavia.
1672 1704 1755 1759 31.
1825 1705 1901 1757 De
1956 1703 2200 1774 pudore.

2312 1710 2706 1776 χρηστότητος,
2748 1764 2751 1767 ς

550 1793 637 1848 32.
670 1794 743 1848 De
793 1794 1186 1866 impudentia.
1238 1794 1327 1848 33.
1361 1795 1440 1848 De
1470 1792 1723 1847 silentio.
1759 1792 1849 1847 34.
1881 1794 1956 1848 De
1984 1796 2200 1864 tempe-

2318 1793 2478 1858 ξένης,
2512 1799 2628 1867 περὶ
2656 1794 2980 1869 ἀπορρήτων,
3010 1801 3095 1848 καὶ
3124 1794 3220 1868 μβ’
3251 1802 3367 1872 περί
3402 1793 3668 1857 διαϐολῆς,

548 1883 701 1939 stiva
726 1885 1010 1939 oratione.
1042 1887 1127 1937 35.
1169 1886 1243 1938 De
1270 1882 1508 1937 dicendi
1550 1883 1849 1936 brevitate.
1884 1884 1971 1937 36.
2000 1884 2077 1935 Ue
2108 1882 2449 1951 garrulitate
2478 1886 2609 1954 (55).
2666 1886 2757 1940 37.
2810 1887 2886 1939 De
2945 1885 3325 1956 benignitate.
3382 1886 3469 1941 38.
3531 1889 3605 1941 De
3675 1887 3917 1943 invidia.

547 1975 635 2027 39.
674 1974 749 2027 De
770 1974 981 2042 patria.
1013 1973 1102 2026 40.
1137 1975 1210 2027 De
1246 1972 1555 2041 peregrina
1580 1976 1750 2025 terra.
1778 1970 1864 2025 41.
1891 1970 1967 2024 De
2002 1972 2258 2035 arcanis,
2291 1977 2347 2027 et
2378 1975 2464 2026 42.
2494 1974 2571 2027 De
2595 1974 2915 2029 calumnia.

619 2059 1232 2131 Quartideniqnelibri
1267 2059 1463 2131 capita
1494 2059 1618 2113 haec
1647 2064 1804 2114 sunt.
1837 2058 2099 2114 Primum
2127 2058 2200 2115 de

2382 2064 2458 2116 Τά
2500 2058 2557 2114 δε
2601 2072 2691 2114 τοῦ
2726 2060 2775 2114 δ’
2807 2062 3014 2133 βιϐλίου
3062 2063 3169 2116 ἐστὶ
3210 2072 3395 2135 ταῦτα,
3445 2073 3641 2140 πρῶτον
3674 2070 3787 2139 περὶ
3824 2086 3919 2117 πο-

546 2149 853 2219 republica
876 2150 1010 2220 (56),
1037 2148 1287 2205 alterum
1319 2148 1393 2203 de
1419 2148 1651 2219 legibus
1677 2152 1732 2203 et
1756 2148 2200 2204 consuetudini-

2310 2148 2524 2214 λιτείας,
2574 2148 2811 2226 δεύτερον
2854 2159 2970 2225 περὶ
3018 2158 3182 2225 νόμων
3241 2158 3329 2205 καὶ
3377 2153 3521 2216 ἐθῶν,
3554 2158 3667 2228 περὶ
3714 2150 3913 2225 δήμου,

544 2235 683 2293 bus.
740 2241 791 2293 3.
832 2237 905 2292 De
934 2237 1257 2307 plebe(57).
1290 2239 1342 2290 4.
1370 2239 1442 2291 Ue
1475 2236 1812 2307 potentibus
1846 2237 1905 2290 in
1940 2236 2197 2291 civitate.

544 2323 597 2377 5.
635 2324 713 2379 De
746 2325 1123 2397 principatu;
1154 2332 1208 2380 et
1255 2325 1500 2389 Qualem
1548 2340 1674 2378 esse
1728 2324 2059 2397 principem
2131 2341 2200 2381 ac

544 2414 956 2483 magistratum
980 2414 1205 2471 deceat.
1226 2415 1278 2467 6.
1316 2414 1619 2487 Optimum
1652 2429 1782 2468 esse
1813 2416 1987 2468 unius
2015 2415 2200 2485 impe-

537 2501 713 2557 rium.
748 2502 798 2555 7.
837 2503 1013 2572 Regni
1048 2503 1505 2559 administrandi
1540 2504 1993 2575 prteceptiones.
2026 2506 2077 2558 8.
2108 2502 2198 2557 Vi-

543 2591 835 2661 tuperatio
851 2592 1199 2662 tyrannidis.
1225 2596 1276 2647 9.
1296 2594 1371 2648 De
1390 2592 1568 2647 bello.
1596 2593 1672 2647 l0.
1695 2593 1771 2646 De
1790 2592 2195 2665 audacia(58).

542 2680 626 2734 11.
651 2680 1065 2751 Dejuventute
1108 2682 1242 2754 (59).
1282 2682 1367 2735 12.
1404 2684 1480 2736 lle
1510 2681 1648 2736 belli
1692 2680 2191 2752 imperatoribus;

540 2769 700 2836 et,De
717 2770 783 2824 iis
800 2786 933 2839 qua:
954 2770 1175 2825 militia:
1196 2770 1328 2825 usui
1345 2785 1471 2825 esse
1494 2770 1725 2840 possint
1741 2777 2040 2843 praecepta
2060 2774 2189 2841 (60).

544 2858 624 2912 t3.
668 2859 743 2913 De
790 2874 956 2929 pace.
992 2863 1072 2914 14.
1099 2860 1177 2914 De
1208 2858 1606 2928 agricultura'.
1672 2859 1757 2913 15.
1794 2861 1869 2913 De
1912 2859 2193 2930 tranquil-

536 2946 713 3003 litate.
750 2948 830 3002 l6.
868 2950 945 3002 De
998 2948 1380 3017 navigatione
1432 2950 1508 3017 (et
1549 2950 1907 3019 naufragio).
1968 2949 2053 3003 17.
2113 2950 2190 3005 De

534 3036 810 3092 artibus'.
849 3040 925 3091 t8.
964 3039 1038 3091 lle
1066 3037 1325 3092 dominis
1358 3045 1413 3092 et
1442 3039 1625 3093 servis
1658 3080 1671 3092 .
1710 3040 1795 3092 19.
1833 3041 1907 3092 De
1968 3038 2189 3094 Venere

534 3124 762 3195 vulgari
784 3126 935 3197 (quas
959 3125 1355 3194 generationis
1381 3126 1661 3182 humanas
1696 3128 1806 3198 (61)
1830 3142 2073 3182 causam
2106 3128 2187 3181 fo-

532 3216 667 3283 vet).
701 3218 787 3269 20.
823 3218 897 3267 De
947 3230 1151 3269 amore
1181 3215 1554 3287 voluptatum
1588 3214 1853 3288 corporis
1903 3218 2034 3287 (62).
2099 3218 2181 3270 21.

532 3301 613 3357 De
644 3302 1226 3371 pulchritudine.'22.
1262 3304 1340 3358 De
1396 3304 1634 3375 nuptiis,
1686 3311 1741 3359 et
1793 3305 1921 3376 ejus
1976 3305 2183 3375 capitis

533 3395 889 3459 cretei-M63).
926 3393 1012 3446 23.
1042 3391 1436 3448 Connubialia
1471 3399 1782 3465 praecepta.
1812 3394 1897 3448 24.
1929 3393 2008 3448 De
2050 3394 2176 3448 libe-

2307 3399 2501 3459 inoioug
2559 3401 2667 3471 χρὴ
2729 3394 2857 3448 εἶναι
2902 3401 3023 3457 τοὺς
3053 3402 3283 3471 πατέρας
3311 3401 3428 3471 περὶ
3459 3400 3523 3448 τὰ
3566 3401 3739 3452 τέκνα,
3776 3396 3901 3447 Ὀτι

2414 548 2494 600 Ἐν
2550 544 2609 601 δε
2666 557 2737 620 τῷ
2793 548 2837 620 γ’
2894 554 3195 622 περιέχεται
3242 549 3494 621 κεφάλαια
3544 550 3666 615 ΜΒ’,
3739 559 3940 626 πρῶτον

2341 642 2456 711 περὶ
2517 636 2721 711 ἀρετῆς,
2752 637 2861 691 εἶτα
2912 644 3029 711 περὶ
3076 644 3279 704 κακίας,
3308 644 3425 712 περὶ
3470 644 3787 712 φρονήσεως,
3823 648 3935 714 περὶ

2341 724 2654 797 ἀφροσύνης,
2716 733 2831 801 περὶ
2900 732 3259 800 σωφροσύνης,
3310 733 3424 800 περὶ
3480 728 3781 793 ἀκολασίας,
3822 737 3933 802 περὶ

2339 812 2575 887 ἀνδρίας,
2604 822 2719 889 περὶ
2778 813 2991 883 δειλίας,
3021 822 3136 889 περὶ
3194 814 3552 885 δικαιοσύνης,
3584 824 3703 889 περὶ
3761 819 3931 872 πλεον-

2336 904 2474 966 εξίας
2512 910 2601 957 καὶ
2654 902 2886 972 ἀδικίας,
2916 913 3031 980 περὶ
3086 906 3347 971 ἀληθείας,
3380 912 3496 979 περὶ
3530 904 3779 978 ψεύδους,
3815 916 3929 983 περὶ

2334 994 2651 1067 παρρησίας,
2705 1002 2824 1067 περὶ
2879 997 3169 1061 κολακείας,
3230 1002 3345 1069 περὶ
3402 995 3633 1057 ἀσωτίας
3689 998 3757 1061 ⁵ο,
3812 1004 3929 1072 περὶ

2333 1080 2629 1153 φειδωλίας,
2690 1090 2805 1158 περὶ
2874 1084 3195 1159 ἐγκρατείας,
3254 1090 3370 1159 περὶ
3453 1084 3729 1154 ἀκρασίας,
3813 1093 3928 1157 περὶ

2331 1168 2676 1237 ἀνεξικακίας,
2726 1176 2837 1243 περὶ
2908 1172 3087 1245 ὀργῆς,
3144 1178 3261 1246 περὶ
3335 1180 3425 1223 τού
3478 1175 3639 1243 γνῶθι
3712 1179 3924 1239 σαυτὸν,

2328 1264 2444 1333 περὶ
2499 1260 2805 1334 ὑπεροψίας,
2850 1266 2967 1336 περὶ
3024 1261 3315 1333 φιλαυτίας.
3370 1267 3487 1335 περὶ
3542 1270 3632 1313 τού
3695 1259 3930 1316 συνειδό-

2326 1367 2436 1411 τος,
2490 1355 2609 1424 περὶ
2657 1355 2883 1421 μνήμης,
2943 1357 3060 1425 περὶ
3135 1352 3313 1416 λήθης,
3385 1357 3501 1425 περὶ
3574 1354 3751 1426 ὅρκου,
3814 1360 3928 1426 περὶ

2325 1436 2613 1511 ἐπιορκίας,
2670 1445 2786 1512 περὶ
2841 1440 3155 1510 φιλοπονίας,
3220 1446 3335 1513 περὶ
3394 1439 3598 1515 ἀργίας,
3660 1446 3777 1514 περὶ
3850 1444 3927 1495 αἰ-

2325 1523 2467 1591 δοῦς,
2503 1533 2619 1601 περὶ
2668 1525 2957 1591 ἀναιδείας,
2990 1534 3106 1601 περὶ
3158 1537 3330 1600 σιγῆς,
3361 1535 3477 1603 περὶ
3526 1536 3617 1581 τοῦ
3673 1530 3926 1603 εὐκαίρως

2320 1613 2505 1685 λέγειν,
2560 1623 2676 1690 περὶ
2760 1617 3146 1690 βραχυλογίας,
3222 1624 3337 1690 περὶ
3408 1615 3750 1690 ἀδολεσχίας,
3810 1627 3928 1693 περὶ

2790 1713 2903 1782 περὶ
2990 1710 3199 1780 φθόνου,
3260 1713 3376 1781 περὶ
3456 1704 3731 1783 πατρίδος,
3806 1716 3923 1783 περὶ

2310 2244 2427 2311 περὶ
2479 2247 2574 2290 τῶν
2624 2240 2670 2291 ἐν
2718 2249 2829 2302 ταῖς
2861 2242 3041 2293 πόλεσι
3075 2238 3308 2293 δυνατῶν
3339 2245 3407 2307 δί,
3440 2247 3555 2315 περὶ
3598 2242 3785 2315 ἀρχῆς,
3821 2250 3915 2296 καὶ

2309 2327 2425 2400 περὶ
2458 2338 2547 2380 τού
2581 2332 2756 2381 ὁποῖον
2796 2337 2904 2405 χρὴ
2942 2328 3070 2382 εἶναι
3117 2334 3203 2381 τὸν
3235 2334 3490 2405 οῐρχοντα,
3525 2334 3605 2383 ὅτι
3639 2331 3911 2383 κάλλιστον

2302 2418 2336 2475 ,ἦ
2394 2424 2681 2493 μοναρχία,
2717 2420 2980 2477 ὑποθῆκαι
3035 2424 3146 2490 περὶ
3190 2418 3481 2493 βασιλείας,
3511 2419 3675 2491 ψόγος
3728 2440 3913 2492 τυραν-

2307 2504 2468 2573 νίδος,
2519 2511 2633 2581 περί
2693 2509 2941 2581 πολέμου,
2997 2513 3113 2578 περὶ
3167 2508 3381 2582 τόλμης,
3460 2514 3574 2581 περὶ
3654 2516 3905 2575 νεότητος,

2306 2600 2420 2667 περὶ
2462 2606 2784 2670 στρατηγῶν,
2821 2602 2909 2648 καὶ
2954 2602 3071 2669 περὶ
3121 2606 3219 2648 τῶν
3277 2601 3408 2649 κατά
3447 2597 3661 2669 πόλεμον
3712 2608 3909 2670 χρειῶν

2305 2687 2587 2750 ὑποθῆκαι,
2640 2691 2758 2758 περὶ
2805 2686 3030 2759 εἰρήνης,
3094 2690 3208 2761 περὶ
3266 2691 3543 2760 γεωργίας,
3606 2692 3721 2760 περὶ
3771 2689 3911 2744 ἠσυ-

2301 2780 2451 2845 χίας,
2507 2779 2622 2848 περὶ
2674 2774 2958 2839 ναυτιλίας,
3012 2779 3130 2847 περὶ
3189 2784 3405 2847 τεχνῶν,
3460 2781 3573 2849 περὶ
3632 2772 3908 2827 δεσποτῶν

2302 2868 2389 2914 καὶ
2452 2860 2669 2927 δούλων,
2720 2869 2837 2937 περὶ
2889 2862 3202 2935 Ἀφροδίτης
3252 2862 3529 2936 πανδήμου
3578 2866 3745 2915 xui“2
3786 2872 3907 2939 περὶ

2300 2954 2483 3022 ἔρωτος
2537 2961 2633 3005 τῶν
2690 2956 2825 3005 κατὰ
2876 2956 2930 3004 τὸ
2997 2961 3147 3024 σῶμα
3213 2949 3433 3017 ἡδονῶν,
3490 2958 3605 3025 περὶ
3659 2953 3902 3021 κάλλους,

2298 3047 2413 3113 περὶ
2456 3044 2643 3113 γάμου,
2688 3046 2776 3093 καὶ
2822 3044 2886 3093 τὰ
2936 3040 3049 3102 ἑξῆς
3100 3049 3192 3092 κοῦ
3242 3041 3519 3112 κεφαλαίου
3560 3045 3765 3092 τούτου.
3804 3048 3903 3095 Γα-

2296 3134 2425 3201 μικα
2476 3129 2907 3204 παραγγελματα,
2933 3135 3021 3181 καὶ
3080 3136 3198 3203 περὶ
3251 3127 3478 3198 παίδων,
3510 3136 3598 3182 καὶ
3658 3134 3723 3182 τὰ
3780 3132 3902 3194 ἑξῆς

2294 3228 2382 3270 του
2422 3218 2696 3290 κεφαλαίου
2754 3222 2964 3275 τούτου,
3020 3225 3117 3271 Καὶ
3169 3222 3248 3271 ὃτι
3295 3225 3403 3294 χρὴ
3438 3222 3555 3278 τοὺς
3601 3228 3769 3290 γονεῖς
3806 3228 3901 3278 τῆς

2294 3310 2631 3370 καθηκούσης
2688 3317 2840 3381 τιμῆς
2898 3307 3279 3369 καταξιούσθαι
3335 3310 3478 3383 παρά
3534 3316 3630 3359 τῶν
3685 3313 3899 3359 τέκνωνδ

530 3479 634 3546 ris,
665 3486 719 3536 et
749 3480 875 3551 ejus
902 3482 1133 3551 generis
1162 3481 1391 3554 reliqua
1425 3484 1560 3553 (63).
1732 3482 1941 3538 Debito
1972 3499 2181 3554 paren-

531 3574 616 3626 tes
642 3568 870 3626 honore
906 3569 1165 3627 aliberis
1224 3587 1352 3627 esse
1406 3572 1751 3627 afﬁciendos
1798 3571 1896 3644 [et,
1952 3572 2039 3626 An
2082 3588 2183 3644 per

527 3659 732 3715 omnia
754 3660 836 3717 eis
871 3660 1112 3717 obedire
1165 3660 1523 3733 conveniat].
1580 3666 1665 3716 26.
1711 3661 1922 3725 Quales
1975 3660 2183 3717 deceat

525 3762 653 3805 esse
675 3754 949 3820 parentes
982 3766 1123 3820 erga
1154 3749 1371 3805 liberos
1400 3754 1531 3822 (64),
1562 3749 1645 3824 [et
1692 3750 1856 3824 quod
1908 3751 2180 3822 utrinque

524 3838 782 3893 naturali
817 3838 1087 3910 quadam
1140 3839 1490 3895 necessitate
1548 3845 1753 3896 mutuo
1794 3838 2175 3912 afficiantur].

523 3928 609 3982 27.
649 3930 998 3984 Fraternum
1029 3944 1321 3996 amorem,
1350 3936 1404 3985 et
1441 3930 1626 3984 animi
1678 3928 1977 3995 affectum,
2040 3945 2181 4000 erga

524 4023 811 4087 cognatos
845 4033 975 4073 esse
1004 4018 1492 4074 honestissimum
1537 4019 1833 4091 [quodque
1877 4018 1937 4074 hi
1979 4034 2180 4079 neces-

524 4105 659 4162 sarii
687 4106 821 4161 sint.
849 4104 869 4177 ]
901 4110 988 4161 28.
1026 4108 1102 4161 De
1145 4106 1227 4161 rei
1281 4106 1589 4162 familiaris
1649 4108 1883 4163 tuendae
1929 4106 2176 4163 ratione.

520 4194 610 4249 59.
640 4196 715 4249 De
754 4195 1058 4252 nobilitate
1090 4194 1343 4269 [nobiles
1370 4195 1499 4250 illos
1533 4212 1680 4261 esse,
1713 4197 1815 4268 qui
1847 4212 1918 4252 ex
1945 4196 2177 4253 virtutis

523 4284 874 4355 praescripto
901 4286 1121 4349 vivant,
1160 4285 1391 4341 tametsi
1413 4300 1521 4340 nec
1546 4285 1721 4341 bonis
1746 4285 2015 4341 moribus
2036 4302 2179 4359 prse-

521 4370 662 4425 ditis
726 4371 1071 4443 parentibus
1105 4374 1216 4430 orti
1242 4372 1379 4445 sint]
1434 4380 1489 4429 et
1513 4373 1741 4446 reliqua
1774 4374 2043 4446 ejusdem
2081 4391 2178 4431 ar-

2291 3486 2567 3537 κάλλιστον
2610 3487 2638 3543 ἠ
2693 3482 3004 3557 φιλαδελφία
3051 3491 3139 3537 καὶ
3200 3488 3226 3543 ἡ
3288 3492 3404 3559 περὶ
3463 3491 3581 3547 τοὺς
3638 3494 3902 3557 συγγενεῖς

2286 3572 2549 3643 διάθεσις.
2610 3576 2967 3647 Οἰκονομικὸς.
3025 3580 3149 3649 Περὶ
3203 3575 3471 3646 εὐγενείας.
3518 3580 3607 3627 καὶ
3661 3578 3727 3626 τὰ
3779 3575 3899 3638 ἑξῆς

2289 3671 2381 3715 τοῦ
2428 3663 2704 3737 κεφαλαίου
2764 3668 2971 3717 τούτοιν
3030 3668 3142 3736 περὶ
3193 3660 3512 3735 δυσγενείας.
3558 3670 3681 3736 Περὶ
3740 3664 3902 3716 πλού-

2288 3772 2400 3817 του,
2432 3758 2521 3803 καὶ
2548 3756 2612 3805 τὰ
2661 3751 2778 3815 ἑξῆς
2831 3761 2921 3803 τού
2955 3753 3233 3825 κεφαλαίου
3264 3756 3450 3804 τούτου
3478 3774 3489 3785 ·
3527 3758 3641 3825 περὶ
3673 3759 3851 3815 πενίας
3882 3775 3897 3788 ο

2291 3844 2566 3914 σύγκρισις
2618 3847 2789 3901 πενίας
2837 3847 2925 3893 καὶ
2966 3842 3212 3894 πλούτου.
3246 3840 3365 3893 Ὀτι
3396 3844 3420 3893 ὁ
3469 3840 3582 3914 βίος
3634 3843 3754 3913 [193
3800 3843 3896 3915 3.]

2289 3928 2503 4001 βραχύς
2551 3935 2639 3980 καὶ
2690 3927 2976 4003 φροντίδων
3022 3929 3329 4002 ἀνάμεστος.
3359 3928 3484 4002 [372
3528 3928 3621 4001 3.]
3654 3936 3776 4001 Περὶ
3806 3929 3894 3980 λύ-

2288 4039 2405 4084 πης,
2445 4020 2524 4069 ὅτι
2570 4018 2683 4071 λίαν
2727 4020 3001 4092 μοχθηρά.
3067 4025 3188 4094 Περὶ
3231 4023 3388 4069 νόσου
3442 4023 3528 4069 καὶ
3589 4020 3777 4079 ἰάσεως
3818 4022 3889 4085 ⁸³,

2288 4113 2404 4180 περὶ
2461 4109 2653 4179 ὑγιείας
2708 4114 2797 4159 xui
2848 4105 3101 4179 διαμονῆς
3146 4108 3331 4175 αὐτῆς,
3363 4114 3479 4180 περὶ
3521 4108 3725 4179 ἰατρῶν.
3764 4114 3891 4181 Περὶ

2288 4193 2639 4269 εὐδαιμονίας,
2668 4201 2787 4269 περὶ
2819 4193 3231 4269 κακοδαιμονίας
3262 4218 3272 4229 ·
3305 4198 3384 4247 ὅτι
3417 4195 3655 4257 ἀϐέϐαιος
3708 4199 3736 4253 η
3789 4208 3892 4248 των

2290 4285 2568 4360 ἀνθρώπων
2601 4285 2885 4361 εὐπραξίαι
2937 4289 3047 4358 περὶ
3095 4293 3194 4337 τῶν
3242 4285 3365 4360 παρ’
3411 4284 3557 4347 ἀξίαν
3598 4286 3892 4356 εὐτυχούν-

2289 4395 2426 4426 των·
2484 4380 2599 4448 περὶ
2653 4384 2750 4426 τῶν
2796 4374 2919 4450 παρ’
2976 4374 3125 4437 ἀξίαν
3176 4372 3625 4446 δυστυχούντων·
3676 4377 3757 4426 ὁτι
3811 4372 3895 4428 δεῖ

1874 4491 2107 4545 νΑΒιΑε
2148 4491 2550 4547 LECTIONES.

592 4616 640 4649 ⁵ο
669 4612 923 4676 ἀσωτείας
956 4636 1012 4679 ς’.
1092 4618 1135 4651 ⁵¹
1177 4612 1413 4667 δυνατῶν
1444 4616 1533 4671 AC
1565 4631 1580 4672 :
1612 4611 1884 4668 δυναστῶν
1907 4636 1961 4681 ς’.

2040 4618 2088 4651 ⁸²
2126 4622 2217 4669 καὶ
2246 4616 2386 4674 add.
2419 4622 2479 4671 Α.

2559 4618 2604 4651 ⁵³
2646 4617 2828 4670 ίάσεων
2854 4638 2908 4681 ς’.

2090 4722 2321 4780 ΝΟΤιΕ.

591 4855 704 4928 (53)
732 4856 915 4931 Unica
940 4857 999 4912 in
1030 4856 1286 4931 monade
1314 4873 1349 4913 a
1380 4856 1680 4929 superiore
1713 4857 1966 4931 calculo
1987 4857 2171 4931 [aber-
2206 4871 2252 4924 Α
2285 4859 2346 4913 in
2370 4856 3234 4931 laudem,acgvituperationem
3256 4856 3606 4931 reperimus.

518 4932 806 5010 ravim‘us.
843 4929 1235 5010 Quem_facile
1266 4945 1523 5010 errorem
1574 4930 1847 5010 corriget,
1889 4929 2000 5010 qui
2030 4930 2172 4985 olim

517 5002 676 5056 hunc
709 5000 930 5055 librum
960 5000 1134 5055 nobis
1156 5001 1458 5069 integrum
1491 5003 1548 5055 in
1578 5001 1773 5055 lucem
1804 5000 1991 5055 dabit.

588 5074 700 5143 (51)
728 5074 868 5137 Quae
903 5072 1148 5127 totidem
1177 5078 1231 5127 et
1260 5072 1474 5127 iisdem
1514 5072 2002 5143 inscriptionibus
2040 5070 2173 5127 Ser-

514 5160 751 5199 monum
778 5145 1052 5216 nomine]
1079 5160 1199 5199 una
1231 5160 1366 5216 cum
1398 5148 1611 5216 quarto
1643 5144 1792 5199 libro
1823 5145 1980 5199 edita
2012 5144 2170 5200 fuere

515 5218 757 5284 saepius,
790 5218 983 5272 Graece
1011 5214 1284 5284 Venetiis,
1310 5214 1659 5270 Gnaeo-Lat.
1701 5216 1897 5284 Tiguri
1924 5230 2045 5271 non
2086 5230 2172 5271 se-

515 5285 633 5359 mel
672 5302 739 5342 ac
788 5287 1047 5359 denique
1112 5285 1475 5343 Francofurti
1529 5302 1667 5343 cum
1728 5289 1862 5341 Ant.
1920 5287 2166 5355 Melissa,

514 5357 762 5427 aliisque
784 5357 1182 5428 gnoniologis.

586 5430 697 5512 tsi?)
720 5430 796 5512 9.8
832 5446 956 5512 sua
990 5429 1277 5512 ιῗέμιξινοιιι
1315 5430 1514 5512 etiam-

582 5502 698 5567 (56)
729 5500 983 5575 tiodiein
1016 5502 1247 5575 δίοδον)
1274 5501 1519 5575 vulgato
1543 5516 1741 5558 sermo
1771 5505 1859 5558 est
1878 5502 1968 5558 43.

584 5575 699 5641 (57)
727 5572 832 5635 Qui
859 5587 1056 5627 sermo
1083 5574 1143 5628 in
1174 5573 1353 5628 libris
1375 5572 1545 5629 éditis
1573 5589 1695 5630 non
1740 5577 1954 5630 exstat.

584 5642 695 5716 (58)
726 5642 846 5698 Hoc
877 5644 1047 5714 signo
1073 5644 1437 5714 notavimus,
1458 5661 1591 5719 quas
1616 5646 1677 5702 in
1697 5646 1868 5702 editis
1885 5644 2168 5704 distincta

2358 4929 2468 5000 (59)
2504 4929 2566 5010 l_n
2611 4928 2975 4985 Stobaeo‘est
3015 4928 3131 4996 hic,
3186 4930 3271 4984 De
3309 4928 3533 4985 Militia
3560 4936 3613 4985 et
3658 4930 3890 4985 viribus

2283 5016 2572 5068 corporis.

2355 5073 2469 5143 (60)
2500 5070 2795 5141 Evulgatis
2826 5070 2987 5143 libris
3019 5070 3132 5126 hoc
3162 5070 3459 5127 additum.

2302 5204 2305 5207 _
2353 5148 2467 5213 (61)
2499 5147 2557 5197 In
2572 5143 2739 5198 editis
2760 5142 2970 5211 legitur
2991 5143 3550 5213 praecedenticapite
3580 5147 3637 5197 et
3660 5144 3890 5199 subau-

2282 5213 2461 5278 ditur,
2520 5215 2885 5283 Vituperatio
2940 5215 3196 5279 Veneris,
3250 5221 3304 5270 et
3355 5215 3515 5285 quod
3562 5216 3761 5272 malm
3814 5217 3893 5271 sit

2281 5300 2470 5352 amur,
2504 5301 2575 5341 ac
2604 5285 2920 5341 multorum
2952 5287 3247 5341 malorum
3278 5293 3507 5343 auctor.

2353 5360 2467 5428 (62)
2500 5359 2580 5412 De
2609 5357 2832 5429 quibus
2865 5372 2966 5429 sex
2999 5357 3225 5413 habent
3256 5358 3450 5429 capita
3483 5358 3612 5413 libri
3647 5357 3816 5413 editi.

2376 5429 2464 5512 6.3)
2498 5428 2641 5512 Quae
2670 5428 2804 5485 libri
2856 5428 2996 5484 editi
3030 5444 3131 5500 per
3176 5428 3287 5484 tria
3323 5428 3636 5485 distributa
3684 5431 3897 5501 capita

2279 5501 2582 5557 exhibent.

2280 5642 2289 5643 ί
2350 5572 2462 5643 (61)
2494 5572 2633 5628 Tres
2676 5571 2772 5628 hic
2804 5571 3048 5627 insertos
3089 5586 3388 5628 sermones
3419 5574 3511 5639 80,
3548 5573 3639 5638 81,
3689 5576 3783 5638 8'2,
3830 5574 3898 5629 in

2278 5642 2449 5700 libris
2478 5643 2720 5701 aliunde
2746 5643 3081 5715 irrepsisse,
3108 5644 3234 5714 jam
3287 5659 3421 5716 sup.
3454 5644 3891 5705 indicavimus.
