4136 6216
465 294 571 352 491

1663 287 1929 347 PHO'I‘II
1978 285 2498 345 PATBIARCHXE
2541 286 2659 345 ΕΡ.

3742 293 3858 351 492

463 426 588 484 haec
618 427 820 483 eadem
868 423 1117 495 collegit.
1153 427 1428 478 Caeterum
1465 422 1600 478 utile
1631 421 1739 478 hoc
1771 438 1936 493 opus,
1969 436 2093 475 eum

2222 415 2492 491 βασιλέων
2524 419 2614 473 καὶ
2649 423 2986 494 στρατηγῶν,
3016 420 3212 481 ταύτας
3243 421 3587 496 συνήθροισε,
3629 429 3866 479 τοσαῦτα

462 517 558 582 iis,
591 519 687 588 qui
741 516 947 571 horum
990 514 1203 585 scripta
1244 529 1532 585 operaque
1583 512 1848 585 legerunt
1877 512 2008 583 (77),
2043 515 2108 565 ut

463 622 664 663 eorum
697 621 799 677 per
829 605 947 661 hac
974 603 1240 658 memoria
1272 607 1594 667 renovetur,
1626 607 1751 656 tum
1785 601 1856 656 iis
1889 601 1946 655 in
1982 600 2104 668 pri-

465 698 599 763 mis,
632 698 732 768 qui
779 712 892 751 non
946 695 1231 767 legerunt,
1265 694 1417 764 quod
1465 693 1700 748 assiduo
1752 707 1880 747 sese
1920 691 1980 745 in
2014 689 2106 744 his

463 787 802 852 exercendo,
837 786 994 840 brevi
1022 784 1338 840 admodum
1371 787 1630 854 tempore
1653 780 1892 852 pulchra
1924 779 2106 835 multa

463 888 515 936 et
547 879 723 949 varia,
748 877 1083 932 summatim
1111 875 1546 947 comprehensa,
1573 877 1764 928 mente
1795 873 2106 927 recondere

463 985 596 1024 cum
632 968 821 1022 fructu
846 969 1083 1038 queant.
1116 961 1459 1020 Communis
1480 967 1673 1017 autem
1700 961 1965 1032 utrisque
1983 960 2105 1015 haec

460 1057 686 1113 utilitas
744 1055 999 1120 accedet,
1051 1055 1201 1126 quod
1237 1069 1363 1125 quas
1410 1051 1844 1123 investigabunt
1891 1049 2106 1120 absque

459 1149 679 1216 labore,
711 1151 768 1203 et
795 1147 973 1216 brevi,
998 1150 1060 1201 ut
1091 1152 1351 1217 apparet,
1376 1143 1665 1200 inventuri
1692 1142 1830 1206 sint,
1857 1143 1960 1214 qui
1981 1157 2042 1196 se
2073 1157 2107 1196 a

461 1235 747 1308 capitibus
778 1235 871 1290 his
905 1235 973 1290 ad
1010 1233 1289 1289 fusiorem
1317 1231 1823 1302 pertractationem
1851 1228 2104 1284 conferre

458 1324 672 1380 volent.
708 1323 828 1376 Imo
860 1326 917 1377 et
947 1319 1250 1392 quibusvis
1280 1319 1492 1384 dicere,
1525 1322 1586 1373 et
1624 1317 1879 1372 scribere
1908 1315 2102 1372 volen-

462 1413 617 1468 tibus
648 1411 890 1484 perutile
921 1410 1029 1466 hoc
1057 1426 1203 1481 opus
1236 1409 1496 1464 futurum
1528 1407 1602 1463 sit
1629 1408 1768 1478 (78).

1134 1497 1423 1554 CLXVIII.

575 1592 738 1648 Beati
768 1588 974 1645 Basilii
1005 1589 1268 1644 Seleuciae
1296 1587 1534 1659 episcopi
1563 1585 1860 1642 Orationes
1891 1601 1983 1640 xv.

529 1757 708 1806 Lectae
740 1755 877 1806 sunt
931 1750 1117 1806 sancti
1154 1749 1350 1804 Basilii
1381 1748 1633 1819 episcOpi
1665 1747 1941 1803 Seleuciae
1973 1749 2108 1804 Ora-

458 1845 631 1898 tiones
663 1841 998 1914 quindecim
1029 1841 1168 1911 (79).
1203 1840 1393 1894 Prima
1421 1839 1477 1892 in
1512 1837 1652 1892 illud
1683 1854 1697 1893 :
1733 1859 1760 1886 «
1794 1837 1855 1892 In
1890 1837 2104 1909 princi-

456 1931 553 2000 pio
616 1931 750 1987 fecit
791 1935 941 1984 Deus
1001 1929 1208 1984 ccelum
1263 1933 1320 1982 et
1366 1933 1655 1982 terram.»
1699 1927 1831 1982 Post
1863 1927 2010 1981 hanc
2042 1927 2103 1982 in

456 2020 691 2091 Joseph,
721 2019 780 2073 in
813 2019 1121 2076 Adamum.
1149 2017 1206 2070 in
1259 2015 1397 2070 Cain
1442 2020 1499 2069 et
1532 2013 1694 2081 Abel,
1729 2014 1785 2068 in
1837 2014 2101 2069 Abraha-

454 2123 642 2175 mum,
691 2108 750 2160 in
809 2106 1068 2177 Moysen,
1119 2105 1298 2159 Eliam
1344 2104 1536 2158 ἸΙϐα
1580 2107 1636 2158 et
1681 2103 1913 2158 Jonam.
1957 2103 2096 2158 Item

452 2211 608 2252 nona
640 2197 698 2250 in
733 2193 1168 2251 Centurionem.
1203 2192 1443 2248 Decima
1487 2192 1545 2246 in
1578 2191 1723 2246 illud
1762 2207 1827 2244 τι
1861 2191 2101 2258 Naviga-

453 2286 597 2341 bant
633 2282 906 2355 discipuli
967 2299 1099 2337 cum
1151 2282 1287 2337 Jesu
1321 2281 1388 2348 εί,
1424 2303 1452 2331 ››
1489 2286 1545 2337 et
1575 2297 1702 2352 quas
1753 2286 2096 2352 sequuntur.

451 2372 667 2429 Deinde
695 2371 754 2427 in
785 2369 930 2426 illud
968 2388 981 2425 :
1029 2392 1057 2421 «
1087 2369 1292 2426 Venite
1324 2370 1396 2425 ad
1421 2386 1532 2438 me,
1566 2385 1771 2424 omnes
1804 2369 1902 2439 qui
1934 2368 2099 2425 labo-

451 2461 588 2517 ratis
617 2464 674 2516 et
699 2459 921 2516 onerati
956 2460 1119 2529 estis,
1154 2463 1209 2513 et
1247 2474 1351 2530 ego
1403 2458 1656 2514 reﬁciam
1690 2474 1794 2513 vos
1823 2459 1887 2528 ²²,
1925 2478 1950 2509 ι)
1985 2463 2092 2514 etc.

450 2553 597 2607 Tum
653 2550 710 2605 in
772 2548 1147 2604 Publicanum
1208 2553 1266 2603 et
1315 2548 1695 2604 Pharismum.
1735 2548 1993 2619 Itemque
2033 2547 2092 2604 in

447 2640 624 2696 illud:
648 2661 677 2690 «
709 2638 815 2695 Dic
835 2643 897 2693 ut
916 2638 1160 2695 sedeant
1181 2638 1238 2692 hi
1259 2638 1373 2692 duo
1397 2637 1499 2692 filii
1524 2638 1656 2703 mei,
1681 2653 1836 2692 unus
1858 2638 1930 2692 ad
1953 2638 2092 2692 dex-

445 2737 650 2793 teram,
710 2733 766 2783 et
821 2727 970 2782 alter
1025 2727 1095 2782 ad
1142 2726 1534 2782 sinistram”.
1572 2747 1600 2774 »
1659 2726 1724 2780 Et
1778 2726 1837 2781 in
1890 2725 2088 2783 illud:

446 2841 475 2871 ι(
507 2817 686 2882 Quem
717 2816 923 2872 dicunt
954 2817 1216 2871 homines
1247 2832 1374 2872 esse
1404 2815 1611 2870 Filium
1646 2814 1903 2872 hominis
1931 2816 1976 2850 "
2001 2815 2029 2870 ‘P
2058 2838 2087 2866 »

446 2907 681 2964 Decima
710 2905 912 2976 quinta
961 2905 1018 2959 in
1058 2905 1203 2960 illud
1239 2921 1254 2960 :
1291 2927 1318 2955 α
1345 2907 1428 2960 Tu
1471 2921 1529 2960 es
1561 2905 1662 2976 qui
1691 2910 1972 2961 venturus
2002 2921 2085 2971 es,

442 3013 514 3052 an
548 2996 728 3051 alium
761 2999 1170 3065 exspectamus
1202 2993 1248 3027 ’⁵
1277 2993 1304 3048 ?
1338 3015 1366 3042 υ

513 3175 573 3228 In
607 3174 818 3246 quibus
850 3173 1082 3245 quidem
1115 3175 1243 3243 ejus
1265 3171 1618 3228 orationibus
1640 3171 1747 3226 hoc
1778 3171 2080 3228 observare
2115 3164 2156 3228 C

437 3263 591 3332 licet,
621 3280 895 3334 magnum
921 3279 1051 3317 eum
1073 3277 1218 3327 esse,
1251 3263 1298 3316 si
1323 3263 1450 3331 quis
1489 3278 1745 3332 unquam
1767 3262 1918 3316 alius
1951 3262 2077 3331 fuit,

437 3353 697 3423 ﬁgurata
729 3359 902 3420 atque
924 3350 1172 3405 incitatae
1193 3351 1496 3416 orationis,
1528 3349 1868 3422 pariumque
1899 3351 2077 3406 artiti-

437 3457 580 3497 cem.
621 3442 1104 3513 Perspicuitatem
1163 3441 1546 3496 nihilominus
1613 3457 1679 3495 ac
1735 3442 2075 3495 suavitatem

436 3533 664 3588 retinet.
699 3531 912 3586 Verum
945 3531 1080 3602 quia
1110 3530 1328 3587 nimius
1359 3531 1414 3585 in
1454 3530 1633 3603 tropis
1663 3535 1720 3585 et
1758 3530 2076 3586 schematis

434 3621 714 3688 incitatis,
747 3621 1075 3676 satietatem
1138 3622 1306 3690 parit,
1369 3622 1488 3676 sive
1536 3621 1744 3690 potius,
1779 3620 1915 3691 quia
1953 3624 2073 3675 tam

433 3711 708 3766 assiduus
732 3711 788 3765 in
808 3710 900 3765 his
923 3715 1012 3765 est
1043 3726 1108 3764 ac
1133 3717 1306 3775 totus,
1333 3710 1475 3764 nihil
1501 3718 1563 3764 ut
1581 3709 1734 3764 aliud
1755 3710 1877 3765 sine
1901 3711 2072 3765 modo

426 3807 719 3870 occurrat,
753 3800 1005 3858 auditori
1027 3801 1397 3857 Iastidiumet
1427 3799 1618 3857 calum
1646 3801 1844 3856 niandi
1869 3817 2069 3856 ansam

424 3894 664 3964 praebet,
719 3897 896 3962 atque
942 3891 1010 3946 ad
1045 3890 1346 3960 scriptoris
1378 3891 1558 3959 ipsius
1587 3891 2069 3961 vituperationem

420 3983 646 4049 incitat,
670 3981 840 4053 quasi
872 3996 1058 4052 neque
1091 3985 1356 4036 naturam
1391 3987 1512 4035 arte
1546 3980 1852 4047 moderari,
1885 3997 2070 4051 neque

421 4070 638 4144 regula,
700 4071 854 4142 quod
914 4069 1312 4125 inordinatum
1362 4075 1504 4138 erat,
1582 4070 1841 4141 digerere
1888 4069 2069 4141 possit

2213 508 2304 561 καὶ
2335 505 2394 561 ἐκ
2423 507 2722 579 τοσούτων,
2747 509 3032 581 Χρήσιμον
3067 506 3122 563 δὲ
3150 509 3212 563 τὸ
3247 504 3464 584 βιϐλίον
3499 516 3616 573 τοῖς
3661 513 3756 584 μὲν
3779 513 3870 568 ἆν-

2217 595 2510 670 εγνωκόσιν
2541 597 2564 631 9
2585 595 2717 651 αἱ)τά
2747 596 2812 651 τὰ
2872 599 3220 673 συντάγματα
3259 602 3366 652 τῶν
3410 597 3617 674 ἀνδρῶν
3654 604 3698 640 ¹⁰
3729 603 3868 678 πρὸς

2215 683 2541 757 ἀνάμνησιν,
2570 691 2687 748 τοῖς
2721 683 2766 740 δ’
2809 687 2912 740 οὐκ
2951 685 3205 762 εἰληφόσι
3243 693 3428 762 πεῖραν
3481 689 3724 760 ἐκείνων,
3779 693 3862 748 ὅτι

2216 770 2304 827 διὰ
2326 779 2584 848 συνεχοῦς
2609 772 2783 828 αὐτῶν
2816 772 3051 847 μελέτης
3081 777 3184 830 οὐκ
3205 775 3255 830 ἐν
3288 775 3485 849 πολλῷ
3508 779 3700 857 χρόνῳ
3721 780 3862 836 πολ·

2216 862 2326 918 λῶν
2355 862 2444 917 καὶ
2475 863 2658 918 καλῶν
2679 864 2765 917 καὶ
2790 863 3062 919 ποικίλων
3095 867 3409 938 νοημάτων,
3433 866 3483 920 εἲ
3509 868 3600 922 καὶ
3633 870 3676 907 ¹¹
3700 891 3862 946 κεφα-

2216 949 2455 1022 λαιώδη,
2496 955 2723 1025 μνήμην
2753 954 3155 1027 καρπώσονται.
3212 955 3407 1010 Κοινὸν
3459 953 3506 1010 δ’
3538 959 3584 994 ¹²
3614 957 3862 1036 ἀμφοτὲ-

2216 1063 2332 1116 ροις
2362 1044 2397 1110 ἡ
2433 1047 2538 1096 τῶν
2572 1039 2945 1117 ζητουμένων,
3005 1044 3079 1105 ὡς
3130 1043 3295 1112 εἰκὸς,
3338 1043 3721 1122 ἀταλαίπωρος
3767 1050 3857 1104 καὶ

2216 1131 2484 1203 σύντομος
2524 1131 2751 1205 εὕρεσις,
2813 1131 3026 1188 ἐπειδάν
3083 1155 3166 1196 τις
3213 1135 3319 1190 ἀπὸ
3376 1140 3483 1191 τῶν
3544 1138 3857 1217 κεφαλαίων

2215 1223 2289 1282 εἰς
2322 1222 2456 1277 αὐτᾶ
2505 1222 2570 1276 τὰ
2609 1221 2792 1293 πλάτη
2845 1220 3174 1298 ἀναδραμεῖν
3228 1223 3506 1281 ἐθελὲσειε.
3564 1229 3667 1284 Καὶ
3725 1231 3864 1304 πρὸς

2214 1311 2357 1366 ἄλλα
2399 1310 2454 1366 δὲ
2484 1318 2600 1374 τοῖς
2663 1313 2976 1388 ῥητορεύειν
3031 1314 3120 1368 καὶ
3178 1316 3400 1391 γράφειν
3461 1317 3856 1389 σπουδάζουσιν

2214 1401 2314 1456 οὐκ
2343 1399 2620 1477 ἄχρηστον
2654 1403 2715 1456 τὸ
2750 1398 2982 1477 βιϐλίον.

2952 1495 3107 1550 ΡΞΗ“

2763 1581 3050 1639 Βασιλείου

2899 1653 3065 1729 λόγοι
3100 1657 3177 1712 ιε’.

2284 1742 2716 1817 Ἀνεγνώσθησαν
2783 1748 2878 1798 τοὺ
2949 1746 3219 1819 μακαρίου
3287 1746 3575 1804 Βασιλείου
3634 1749 3852 1807 ὲπισκόυ

2211 1854 2316 1886 που
2351 1832 2672 1896 Σελευκείας
2701 1831 2858 1908 λόγοι
2893 1834 2967 1902 ιε’,
3021 1839 3239 1908 πρῶτος
3289 1838 3383 1910 μὲν
3429 1837 3508 1899 εἷς
3555 1840 3639 1893 τό·
3701 1865 3729 1892 ‹‹
3762 1841 3855 1898 Ἐν

2211 1924 2359 1996 ἀρχῇ
2419 1921 2672 1992 ἐποίησεν
2706 1923 2733 1976 ὁ
2783 1924 2912 1984 Θεὸς
2969 1924 3058 1978 τὸν
3110 1923 3332 1998 οὐρανὸν
3383 1928 3472 1981 καὶ
3513 1928 3613 1996 τήν
3661 1935 3785 2005 γῆν·
3822 1955 3853 1983 ιο

2211 2012 2322 2065 εἶτα
2363 2011 2438 2072 είς
2469 2012 2558 2065 τὸν
2590 2012 2813 2090 Ἰωσὴφ,
2856 2012 2931 2073 εἷς
2968 2013 3061 2067 τὸν
3090 2009 3286 2086 Ἀδὰμ,
3329 2015 3404 2077 είς
3451 2017 3544 2071 τὸν
3589 2018 3716 2072 Κάΐν
3756 2021 3851 2074 καὶ

2209 2095 2400 2170 Ἀϐελ,
2434 2099 2510 2163 εἷς
2555 2100 2645 2155 τὸν
2697 2096 2963 2174 Ἀϐραὰμ,
3014 2101 3092 2163 είς
3145 2105 3240 2158 τὸν
3301 2105 3566 2174 Μωυσῆν,
3627 2106 3702 2169 εἷς
3756 2109 3848 2164 τὸν

2209 2187 2418 2255 Ἠλίαν,
2470 2190 2546 2250 εἷς
2597 2190 2690 2244 τὸν
2748 2193 2951 2247 Ἰωνᾶν·
2999 2189 3215 2254 ἕννατος
3258 2194 3333 2256 είς
3381 2196 3471 2249 τὸν
3529 2196 3849 2272 ἑκατοντάρ-

2207 2297 2336 2351 χην,
2397 2275 2616 2340 δέκατος
2661 2279 2738 2340 εἰς
2783 2279 2867 2336 τό.
2919 2304 2946 2331 ‹‹
2984 2280 3283 2336 Συνὲπλεον
3326 2286 3368 2322 ¹³
3398 2284 3449 2338 οἱ
3485 2286 3718 2356 μαθηταὶ
3764 2293 3848 2360 τῷ

2207 2368 2386 2436 Ἰησοῆ
2441 2390 2468 2417 n
2517 2366 2605 2421 καὶ
2653 2366 2800 2436 ἐξῆς’
2859 2368 2985 2442 [377
3038 2371 3102 2424 R.
3155 2371 3256 2427 196
3305 2373 3392 2446 Η.]
3458 2374 3570 2430 εἶτα
3629 2373 3707 2439 εἷς
3760 2378 3846 2444 τὸ,

2207 2479 2233 2506 ‹‹
2269 2459 2426 2509 Δεῦτε
2461 2459 2504 2491 ¹⁶
2535 2455 2672 2529 πρός
2715 2477 2802 2528 με,
2844 2455 3037 2518 πάντες
3080 2459 3130 2512 οἱ
3161 2465 3460 2522 κοπιῶντες
3511 2463 3596 2517 καὶ
3643 2485 3844 2542 πεφορ-

2203 2543 2447 2616 τισμένοι
2493 2567 2519 2594 ››
2565 2545 2653 2598 καὶ
2695 2543 2836 2613 ἑξῆς
2897 2546 3124 2601 κᾶπειτα
3182 2549 3260 2610 εἰς
3306 2549 3396 2604 τὸν
3441 2551 3704 2621 Τελώνην
3754 2555 3844 2609 καὶ

2199 2635 2291 2688 τὸν
2325 2639 2639 2706 Φαρισαῖον,
2689 2635 2779 2687 καὶ
2829 2634 2906 2696 εἷς
2939 2637 3022 2692 τὸ.
3075 2661 3104 2688 ‹‹
3137 2636 3269 2693 Eine
3303 2641 3344 2675 ¹⁶
3367 2639 3456 2694 ’ίνα
3505 2642 3556 2695 οἱ
3589 2639 3684 2696 δύο
3736 2665 3844 2715 μου

2200 2724 2314 2778 υἱοὶ
2380 2722 2688 2793 καθίσωσιν,
2750 2725 2826 2785 εἷς
2887 2723 2947 2777 ἐκ
3003 2722 3186 2795 δεξιῶν
3246 2747 3337 2781 σου
3400 2731 3441 2764 ¹⁶
3497 2729 3585 2784 καὶ
3653 2733 3730 2794 εἷς
3789 2732 3842 2804 ἐξ

2212 1584 2322 1640 Τοῦ
2399 1581 2666 1657 μακαρίου
2763 1581 3050 1657 Βασιλείου
3147 1584 3461 1648 Σελευκείας
3552 1586 3854 1645 ἐπισκόπου

2199 2813 2516 2886 εὐωνύμων,
2555 2837 2580 2862 ››
2613 2813 2702 2868 καὶ
2735 2813 2812 2875 εἷς
2843 2815 2927 2870 τό.
2972 2840 2999 2867 ι(
3033 2816 3158 2870 Τίνα
3201 2818 3242 2852 ¹⁷
3275 2839 3341 2890 με
3372 2817 3617 2894 Λέγουσιν
3664 2823 3714 2876 οἱ
3748 2821 3844 2876 ἆν-

2197 2906 2406 2979 θρωποι
2466 2904 2602 2958 εἶναι
2657 2904 2748 2957 τὸν
2807 2904 2929 2958 Υἰὸν
2989 2909 3086 2960 τοῦ
3144 2907 3464 2982 ἀνθρώπους
3514 2934 3541 2961 ››
3600 2909 3843 2967 ἐκκαιδέ-

2195 3014 2359 3057 κατος
2400 2994 2447 3028 ¹⁸
2479 2991 2533 3047 δὲ
2565 2992 2642 3053 εἷς
2689 2993 2766 3050 τό.
2831 3019 2856 3044 ιι
2891 2994 2966 3048 Σὺ
3017 2996 3068 3049 εἴ
3111 2996 3137 3050 ὁ
3179 2996 3498 3071 ἐρχόμενος,
3560 3001 3596 3069 ἢ
3649 2998 3838 3075 ἕτερον

2194 3080 2585 3157 προσδοκῶμεν
2612 3101 2626 3151 ;
2662 3107 2688 3134 ››

2264 3177 2355 3228 Ἐν
2385 3175 2598 3236 τούτοις
2630 3171 2719 3229 οὖν
2751 3175 2914 3230 αὐτοῦ
2944 3181 3060 3238 τοῖς
3097 3174 3288 3250 λόγοις
3319 3179 3380 3232 τὸ
3434 3178 3529 3252 μὲν
3579 3183 3842 3254 τροπικὸν

2191 3264 2280 3317 καὶ
2312 3264 2507 3340 γοργὸν
2535 3263 2623 3318 καὶ
2663 3264 2890 3337 πάρισον
2929 3268 2994 3331 ¹⁹,
3026 3264 3174 3339 εἷ’περ
3207 3267 3338 3321 ποτε
3366 3289 3471 3322 τινι
3511 3268 3603 3323 καὶ
3652 3269 3836 3343 ἄλλῳ,

2187 3347 2328 3407 ἔστιν
2367 3351 2498 3408 ἰδεῖν
2552 3353 2700 3426 αὐτῷ
2751 3352 3282 3430 δημιουργούμενον,
3332 3357 3421 3411 καὶ
3469 3359 3530 3412 τὸ
3572 3360 3735 3439 σαιρές
3777 3360 3834 3417 δὲ

2185 3443 2275 3496 καὶ
2308 3439 2411 3511 ἡδὺ
2440 3439 2712 3517 διατρὲχει
2746 3444 2808 3479 ²⁰’
2842 3443 2905 3499 τὸ
2937 3441 2993 3498 δὲ
3035 3445 3156 3500 λίαν
3207 3447 3505 3519 προσκορὲς
3551 3455 3652 3518 τῆς
3697 3470 3832 3523 τρο·-

2185 3539 2294 3600 πῆς
2325 3533 2408 3586 καὶ
2445 3537 2552 3587 τῶν
2583 3532 2849 3609 γοργείων
2889 3536 2957 3571 ³¹⁸
3011 3535 3337 3606 σχημάτων,
3392 3534 3604 3607 μᾶλλον
3656 3535 3714 3592 δὲ
3761 3541 3824 3594 τὸ

2185 3621 2406 3697 συνεχὲς
2435 3621 2524 3675 καὶ
2555 3619 2787 3694 ἄκρατον
2819 3622 2909 3676 καὶ
2947 3619 3310 3678 ἀδιάπαυστον
3353 3623 3429 3688 εἷς
3479 3623 3674 3695 ἀηδίαν
3732 3630 3822 3682 καὶ

2185 3705 2452 3777 διαϐολὴν
2508 3710 2597 3763 τὸν
2653 3710 2924 3783 ἀκροατὴν
2982 3708 3250 3787 διεγείρει,
3312 3713 3400 3767 καὶ
3459 3715 3624 3789 ψόγον
3685 3722 3827 3771 κινεῖ

2181 3802 2276 3852 τοῦ
2306 3798 2653 3874 συγγραφέως
2699 3800 2799 3852 οὐκ
2843 3797 3088 3874 ἔχοντος,
3151 3802 3223 3862 ὡς
3283 3800 3446 3867 ἔοικε,
3496 3804 3664 3877 τέχνῃ
3720 3808 3820 3874 τὴν

2181 3887 2336 3964 φύσιν
2393 3887 2648 3962 ῥυθμίααι
2716 3888 2803 3942 καὶ
2878 3887 3059 3943 κανόνι
3109 3890 3170 3944 τὸ
3228 3888 3456 3944 ἄτακτον
3554 3890 3826 3962 διατάξαι.

2180 3975 2500 4045 Πλεονάζων
2531 3973 2575 4030 δ’
2610 3976 2762 4048 ὅμως
2795 3982 2911 4039 ταῖς
2953 3983 3202 4050 τροπαῖς,
3253 3977 3343 4033 καὶ
3383 3978 3512 4034 αὐτὸ
3561 3988 3660 4049 τῆς
3706 4003 3830 4055 τρο·

2179 4064 2440 4140 πολογίας
2487 4064 2744 4139 πηγάζων
2786 4067 2848 4120 τὸ
2891 4063 3055 4137 εἶδος,
3094 4063 3218 4122 οὕτε
3249 4068 3326 4131 εἷς
3369 4067 3732 4145 ψυχολογίαν,
3785 4073 3828 4127 εἰ

488 4180 531 4215 ἰ
569 4180 705 4233 Luc.
740 4195 862 4246 vm,
894 4178 985 4233 23.
1019 4177 1064 4212 ²²
1097 4177 1302 4244 Matth,
1337 4194 1413 4246 xi,
1444 4178 1532 4232 28.
1566 4177 1612 4212 ³³
1638 4178 1843 4234 Matth.
1876 4194 1968 4244 xx,
1999 4178 2088 4232 21.

2205 4177 2393 4232 Matth.
2428 4193 2542 4243 xvr,
2579 4176 2664 4230 i3.
2698 4176 2742 4209 ³⁵
2773 4177 2974 4238 Matth.
3011 4193 3087 4243 x1,
3121 4177 3177 4232 3.

1777 4286 2018 4342 VARI/IS
2052 4285 2458 4341 LECTIONES.

485 4375 508 4409 θ
565 4373 1031 4447 ἀναγινώσκουσιν
1095 4397 1140 4438 ς.

412 4463 532 4521 om,
668 4446 761 4521 _’_‘3
791 4446 1109 4521 συνέπλεον]

415 4521 456 4555 ¹⁶
486 4517 624 4591 εἰπὲ]
668 4518 873 4575 Matth.
908 4539 1002 4583 xx,
1036 4517 1124 4576 2f.

411 4597 481 4648 Δ.
513 4588 836 4662 οὖΪΜοιίὶι.
879 4608 956 4663 Χι,
992 4595 1043 4646 3.

1155 4454 1287 4504 Luc.
1321 4465 1438 4511 vm,
1473 4447 1682 4515 23,"m2
1713 4447 1779 4501 τὰ
1808 4448 1929 4518 ἑξῆς
1977 4467 2022 4508 ς.

1261 4520 1304 4556 ¹⁸
1335 4538 1430 4572 σου
1462 4520 1596 4585 add,
1629 4523 1696 4574 A.

1124 4593 1171 4626 η
1200 4591 1290 4644 καὶ
1319 4595 1382 4644 τὸ
1415 4590 1643 4664 πάρισον
1669 4609 1716 4650 ς.

1249 4377 1290 4411 ¹⁰
1337 4375 1404 4430 τὰ
1447 4377 1850 4463 συγγράμματα
1895 4379 2003 4430 τῶν
2046 4373 2251 4446 ἀνδρῶν
2297 4375 2385 4428 καὶ
2445 4373 2789 4450 συντάγματα
2821 4395 2866 4435 ς.

1249 4465 1265 4481 η
1321 4465 1416 4481 ...η
1473 4450 1540 4481 cn
1595 4469 1678 4481 υ...
1713 4447 1777 4481 ...ε
1808 4448 1929 4481 an-
1978 4467 2001 4481 ρ
2121 4449 2164 4481 14
2205 4444 2377 4481 λεκη]
2429 4448 2608 4481 annua
2681 4465 2733 4481 ν.
2807 4449 2866 4481 οςι

2121 4451 2164 4485 ¹⁴
2205 4451 2353 4500 δεῦτε

1826 4449 1929 4518 ;ξῆς
1977 4467 2022 4508 ς.
2121 4449 2164 4485 ¹⁴
2205 4449 2378 4520 δεῦτε]
2429 4449 2634 4502 Matth.
2679 4465 2756 4511 x1,
2807 4449 2894 4501 28.
2947 4467 2960 4500 τ

1826 4519 2048 4591 ¹⁷Ατίνα],
2078 4520 2281 4576 Matth.
2312 4537 2423 4584 xvx,
2461 4521 2545 4573 13.
2581 4517 2715 4572 εἶναι
2748 4535 2864 4575 om.
2895 4525 2960 4574 Α.

1795 4591 1842 4624 ²⁰
1873 4587 2144 4665 διατρέφει
2186 4611 2231 4650 ς.
2309 4592 2350 4626 ²¹
2385 4591 2621 4663 γοργίων
2649 4599 2714 4646 Α.

2963 4377 3002 4412 ¹¹
3036 4395 3079 4430 ει
3123 4375 3214 4430 καὶ
3262 4381 3356 4434 A:
3405 4377 3481 4439 εἰς
3535 4399 3580 4439 ς.
3682 4381 3723 4416 ⁸³
3770 4376 3820 4433 δ’

2429 4448 2634 4520 Matth.
2679 4465 2756 4511 x1,
2807 4449 2894 4501 28.
2947 4449 3082 4520 πρός
3135 4469 3202 4520 με
3248 4457 3306 4504 et
3349 4451 3544 4520 5,_'tov
3593 4468 3708 4506 om.
3755 4455 3818 4508 Α.

3093 4517 3145 4555 η’
3168 4517 3638 4583 πεντεκαιδέκατος
3671 4541 3820 4579 corr.

1996 4697 2228 4754 NOT/E.

621 4786 844 4860 sequor
863 4787 925 4860 τὸ
955 4786 1306 4860 ἀνεγνωκόσι.

618 4931 636 4984 l
657 4857 2055 4984 ξόῗθθαυξηοοᾶθᾟὲιόῖἰοξιίὲλιὲίὸῗίόίῖἒσὲιδίιὲῗξ

408 4931 534 4985 nari
565 4929 592 4984 ‘I
618 4931 636 5001 )
665 4929 790 4986 fore
829 4929 890 4986 ut
933 4947 1037 5000 ope
1071 4929 1363 4986 Pbotianse
1395 4929 1771 5001 Bibliotheca,
1805 4946 1929 4998 quae
1961 4930 2054 4984 la—

407 5006 548 5067 tent,
583 5012 862 5056 eruantur
895 5019 1007 5056 non
1041 5019 1244 5073 pauca,
1277 5008 1333 5056 et
1371 5000 2052 5073 quemadmodumnunc

407 5073 709 5127 exivcrunt
725 5071 1848 5142 Adrianus,_Gelasius,'I‘heopbylactus,
1865 5072 2051 5129 Simo-

406 5149 579 5210 eatta,
605 5161 670 5199 ac
703 5148 963 5217 quaedam
999 5146 1173 5200 etiam
1208 5143 1437 5199 Diodori
1472 5143 1675 5210 Siculi,
1708 5143 1787 5199 sic
1824 5161 2050 5216 quoque

403 5230 539 5288 spes
605 5216 957 5288 est,Stobzei
1010 5216 1250 5288 Eelogas
1291 5231 1516 5278 omnes,
1555 5218 1743 5288 capite
1790 5220 2046 5282 truncas,

404 5285 542 5338 alibi
574 5286 829 5349 vitiosas,
865 5285 1443 5352 turbatasfmutilas,
1478 5287 1666 5356 primo
1709 5289 1953 5341 maxime
1995 5300 2046 5343 et

401 5358 672 5430 secundo
719 5357 889 5430 libro,
947 5359 1278 5430 philosophi
1338 5358 1588 5430 alicujus
1637 5373 1811 5427 Opera
1869 5363 2046 5430 atque

400 5428 770 5501 philologiin
820 5432 1109 5501 integrum
1163 5428 1492 5485 restitutum
1522 5429 1614 5496 iri,
1652 5434 1714 5483 ut;
1763 5440 1894 5500 apto
1923 5428 2044 5501 Δί]ιο

396 5496 725 5573 colligentis
756 5496 972 5556 ordine'
999 5508 1248 5568 servato,
1280 5503 1498 5573 majore
1540 5517 1671 5556 cum
1715 5496 2041 5573 reipublicae

394 5572 700 5627 commodo
749 5578 1086 5646 appareant.
1123 5574 1188 5630 Et
1235 5572 1554 5646 tibi,’quod
1601 5572 1866 5646 omnium
1920 5574 2036 5646 pri-

392 5659 577 5709 mum,
609 5644 992 5698 ceconomiam
1027 5644 1332 5711 librorum,
1365 5643 1430 5700 ac
1460 5643 1814 5714 singulorum
1844 5643 2037 5716 cujus-

2084 4792 2129 4856 D
2164 4803 2277 4857 que
2304 4785 2559 4855 capitum
2586 4785 2823 4852 seriem,
2855 4791 2911 4842 et
2935 4793 3338 4853 argumentum
3373 4789 3621 4844 Photius
3643 4805 3817 4845 accu-

2169 4865 2289 4913 rate
2327 4858 2587 4932 designet
2621 4873 2633 4911 :
2669 4859 2801 4932 dein
2833 4861 3179 4932 Augustanze
3231 4860 3588 4917 bibliothecas
3617 4862 3810 4932 (cuius

2171 4932 2342 4983 multa
2370 4929 2494 4999 jam
2528 4935 2759 4983 exstant
2782 4930 2840 4984 in
2875 4946 2993 4984 rem
3021 4929 3362 4986 litterariam
3398 4929 3701 5000 beneﬁcia)
3723 4929 3811 4988 eo-

2167 5003 2272 5056 dex
2307 5004 2532 5056 calamo
2581 5006 2870 5073 exaratus,
2906 5009 2966 5056 ut
3009 5006 3064 5056 et
3115 5007 3328 5058 nostrae
3373 5020 3557 5073 neque
3599 5020 3809 5073 pauca,

2163 5072 3195 5146 nequercontemnenda,fragmenta,
3229 5091 3358 5146 quas
3418 5072 3485 5130 ex
3517 5072 3652 5128 Ant.
3687 5078 3806 5131 Au-

2160 5145 2374 5218 gustini
2410 5142 2561 5218 C.
2613 5142 2760 5218 libro
2807 5142 3478 5218 descripsimusfmagna
3527 5162 3678 5218 sane
3731 5147 3805 5202 ad

2157 5216 2236 5283 id,
2296 5215 2449 5284 quod
2498 5215 2884 5284 suggerimus,
2919 5216 3164 5271 ail‘erent
3217 5215 3581 5284 adiumenta.
3638 5217 3804 5273 Nunc

2157 5289 2438 5360 quoniam
2475 5286 2534 5360 in
2569 5287 2758 5360 medio
2790 5289 2976 5360 palma
3000 5293 3114 5360 est,
3143 5289 3253 5344 huc
3283 5289 3489 5344 Grazcae
3521 5305 3586 5343 ac
3611 5289 3802 5360 politas

2155 5359 2534 5430 philosophias
2565 5358 2860 5430 studiosos
2892 5359 3095 5414 invito.

2223 5432 2336 5501 (79)
2375 5427 2560 5501 Longe
2608 5427 2801 5500 plures
2857 5435 3087 5486 exstant
3133 5430 3306 5487 hodie
3335 5431 3532 5488 Grece
3564 5431 3626 5488 in
3657 5433 3797 5490 Ger-

2153 5503 2348 5575 mania
2387 5503 2674 5575 evulgata,
2725 5517 2872 5575 quas
2928 5517 3113 5575 nuper
3143 5503 3375 5561 Latinas
3421 5504 3553 5560 fecit
3597 5512 3800 5562 noster

2150 5573 2427 5629 Claudius
2463 5573 2844 5646 Dausqueius.
