4136 6216
230 371 347 432 493

1186 365 1700 430 BIBLIOTHECA
1746 400 1820 414 -
1864 368 2036 430 COD.
2084 371 2394 447 CLXVIII,
2442 375 2696 437 CLXIX.

3527 384 3641 446 494

239 505 316 576 μὴ
360 500 436 562 ὡς
475 504 522 537 ’³
572 499 895 576 ἐλάχιστον,
952 496 1252 574 ἐκφέρεται,
1310 495 1434 554 οὕτε
1487 499 1718 577 ἀσαφείᾳ
1764 520 1890 556 σκο-

2012 505 2123 559 Etsi
2174 511 2364 562 autem
2415 509 2597 580 tropis
2642 509 2749 564 hoc
2800 509 2970 565 modo
3019 510 3300 580 abundet,
3332 513 3644 586 ipsumque

239 595 377 660 τίζει
427 593 491 646 τὸ
541 590 746 663 νόημα,
788 588 938 644 ἀλλὰ
983 591 1053 660 τῇ
1095 587 1406 664 βραχύτητι
1463 590 1509 625 ³³
1541 595 1653 644 τῶν
1691 589 1886 645 κώλων

231 681 320 735 καὶ
367 685 478 736 τῶν
538 674 808 750 περιόδων
859 679 950 732 καὶ
991 683 1059 753 τῇ
1099 676 1326 755 ἐμφάσει
1383 684 1492 733 τῶν
1536 677 1731 748 λέξεων
1787 686 1889 748 τῆς

232 768 607 846 τροπολογίας
646 772 1009 843 περιαιρεῖται
1060 767 1123 822 τὸ
1165 766 1501 838 δύσληπτον.
1554 767 1712 825 Ἀλλ’
1765 767 1885 836 οὖν,

239 859 374 936 ὅπερ
407 854 563 936 ἔφην,
599 860 627 913 6
658 860 824 933 κόρος
863 859 964 928 τήν
996 856 1158 935 χάριν
1192 852 1483 930 ἀμϐλύνει,
1510 857 1601 912 καὶ
1629 857 1692 912 τὸ
1718 857 1882 932 ἄκρα-

233 974 324 1007 τον
363 959 464 1022 τῆς
495 958 708 1028 τροπῆς
741 951 870 1014 τοὺς
902 949 1103 1024 νόμους
1139 957 1239 1020 τῆς
1265 949 1466 1026 τέχνης
1500 949 1599 1005 οὐκ
1648 950 1707 1020 ἐᾷ
1753 948 1887 1024 παῤ-

237 1044 617 1116 ηρσιάσασθαι.

2001 595 2142 650 adeo
2174 597 2594 668 tropologicum
2629 597 2860 653 dicendi
2891 615 3078 667 genus
3119 601 3295 658 fontis
3326 603 3385 658 in
3427 621 3643 661 morem

2007 683 2286 750 etl‘undat,
2311 702 2609 756 nunquam
2643 695 2832 741 tamen
2869 688 2994 742 ideo
3027 688 3110 744 vel
3135 690 3192 744 in
3227 691 3502 761 frigidum
3535 711 3648 749 ser-

1998 789 2251 836 monem,
2270 773 2381 828 nisi
2408 791 2700 844 perrarom
2725 774 3038 846 delabitur,
3063 778 3151 833 vel
3175 779 3524 838 obscuritate
3546 783 3649 839 ali-

1997 878 2112 933 qua
2144 878 2382 917 sensum
2407 864 2716 918 obumbrat
2741 881 2755 921 :
2776 866 2876 920 sed
2910 865 3121 936 siquid
3153 868 3226 923 ob
3248 872 3639 944 tropologiam

1997 950 2239 1021 intelligi
2286 951 2480 1007 minus
2518 955 2822 1009 commode
2859 959 3104 1026 poterat,
3146 956 3200 1011 id
3243 974 3375 1015 cum
3420 961 3642 1018 accele-

1995 1045 2121 1096 rata
2145 1042 2404 1096 membra
2427 1046 2602 1113 atque
2623 1043 2865 1113 periodi,
2881 1049 3004 1100 tum
3028 1045 3350 1103 dictionum
3374 1048 3637 1120 ipsarum

229 1135 630 1208 signiﬁcantia
661 1134 828 1190 facile
859 1133 1027 1189 tollit.
1063 1133 1366 1201 Caeterum,
1403 1138 1605 1206 utjam
1651 1134 1790 1202 dixi,
1834 1133 2072 1190 satietas
2103 1131 2352 1203 gratiam
2385 1148 2621 1188 omnem
2669 1133 2921 1204 hebetat,
2968 1140 3022 1191 et
3055 1153 3331 1208 purorum
3366 1139 3467 1195 illa
3514 1146 3635 1198 tro-

227 1241 436 1296 porum
474 1223 783 1280 afﬂuentia
813 1223 1045 1279 artificii
1080 1222 1304 1292 legibus
1336 1223 1557 1279 nullam
1592 1225 1824 1280 dicendi
1855 1224 2182 1280 libertatem
2215 1222 2500 1278 concedit.

297 1316 490 1370 Ἐοικε
524 1311 581 1368 δὲ
643 1315 802 1375 οὗτος
859 1309 1073 1384 μᾶλλον
1125 1312 1259 1367 εἶναι
1291 1311 1325 1381 ἢ
1356 1314 1384 1368 ὁ
1416 1313 1736 1388 Καισαρείας
1791 1315 1886 1386 μέ·

224 1424 324 1478 γας
377 1401 690 1470 Βασίλειος,
760 1403 788 1456 ὁ
845 1407 928 1475 τῷ
981 1403 1429 1477 τρισμακαρίστῳ
1497 1403 1718 1477 Ἰωάννῃ
1811 1408 1889 1475 τῷ

228 1493 624 1565 Χρυσοπόμῳ
658 1491 819 1569 φίλος
849 1492 1087 1568 γεγονὼς
1123 1492 1212 1547 καὶ
1263 1493 1603 1570 ὁμωρόφιος,
1638 1494 1774 1567 πρὸς
1828 1494 1886 1547 ’ὀν

223 1586 316 1636 καὶ
353 1584 383 1637 ὁ
415 1581 548 1656 περὶ
609 1582 657 1618 ²⁴
713 1580 1011 1656 ἱερωσύνης
1070 1580 1238 1655 λόγος
1290 1581 1654 1637 συντέτακται·
1704 1580 1891 1637 πολλὰ

221 1673 326 1746 γάρ
381 1669 521 1749 ἴχνη
571 1675 682 1725 τῶν
732 1668 941 1726 ἐκείνου
991 1670 1083 1725 καὶ
1132 1670 1316 1746 λόγων
1355 1672 1402 1708 ⁸⁵
1430 1672 1520 1726 καὶ
1569 1672 1888 1745 νοημάτων,

221 1761 316 1814 iui
377 1760 629 1832 μάλιστα
677 1764 788 1815 τῶν
847 1759 983 1815 κατὰ
1037 1761 1136 1828 τήν
1190 1761 1335 1824 θείαν
1387 1763 1629 1835 Γραφὴν,
1674 1759 1725 1815 ἐν
1775 1767 1890 1823 τοῖς

2071 1312 2172 1367 Hic
2203 1316 2399 1368 autem
2426 1312 2615 1384 potius
2642 1314 2910 1381 Basilius,
2932 1333 3108 1386 quam
3128 1318 3374 1390 Magnus
3406 1318 3502 1376 ille
3523 1323 3644 1378 Cae-

1999 1417 2172 1456 sarem
2191 1401 2500 1472 episcopus
2516 1402 2628 1474 (79)
2641 1403 2885 1466 ,videtur
2903 1403 3221 1462 beatissimi
3243 1407 3645 1480 Chrysostomi

1999 1490 2227 1546 amicus
2260 1489 2377 1559 ille,
2401 1497 2456 1544 et
2484 1490 2922 1547 contubernalis
2956 1494 3242 1562 fuisse,ad
3276 1513 3449 1567 quem
3473 1501 3646 1555 etiam

1999 1578 2213 1634 librum
2250 1579 2329 1634 De
2352 1579 2675 1635 sacerdotio
2707 1581 2991 1652 scriptum
3016 1584 3257 1640 miserit.
3287 1586 3468 1643 Multa
3489 1588 3646 1644 enim

1999 1671 2058 1726 in
2093 1670 2267 1741 hujus
2300 1669 2495 1725 Basilii
2529 1670 2890 1727 orationibus
2920 1674 3164 1747 vestigia
3207 1681 3489 1748 apparent
3518 1694 3648 1734 ora-

2003 1759 2224 1815 tionum
2258 1777 2322 1815 ac
2369 1776 2652 1815 sensuum
2703 1761 2862 1816 illius
2895 1764 3034 1833 (80),
3069 1780 3269 1819 eorum
3302 1768 3645 1836 praesertim,

217 1853 320 1903 τοῦ
368 1847 673 1904 Βασιλείου
723 1846 918 1923 λόγοις
967 1846 1323 1924 ἐπιφαίνεται,
1376 1849 1452 1910 ὡς
1511 1850 1570 1902 ἂν
1628 1850 1732 1904 ἀπὸ
1790 1856 1890 1918 τῆς

2012 1849 2218 1922 quibus
2260 1865 2485 1904 sacram
2521 1850 2788 1921 explanat
2836 1851 3239 1924 Scripturam;
3292 1859 3357 1910 ut
3404 1861 3650 1927 uterque

225 1938 399 2006 αὐτῆς
434 1940 628 2013 πηγῆς
658 1939 768 1991 τῶν
825 1936 1165 2010 μαθημάτων
1226 1936 1576 2010 ἀρυσαμὲνων
1629 1937 1676 1972 ²⁶
1725 1937 1890 2014 ἄμφω

228 2029 299 2084 τὰ
328 2027 649 2105 πρόσφορα.
708 2027 807 2080 Καὶ
855 2030 956 2091 τῆς
1007 2030 1216 2102 τροπῆς
1279 2025 1336 2082 δὲ
1391 2030 1425 2096 ἡ
1485 2030 1603 2083 κατ’
1658 2025 1887 2104 ἔμφασιν

227 2121 321 2174 καὶ
372 2117 658 2174 οἶκείωσιν
712 2115 1086 2192 μεταχείρισις
1142 2123 1243 2185 τῆς
1302 2118 1552 2174 Ἰωάννου
1609 2117 1891 2178 συνουσίας

225 2209 320 2264 καὶ
363 2205 830 2281 συναναγνώσεως
891 2203 990 2259 οῦκ
1046 2202 1338 2280 ἐλάχιστον
1399 2205 1632 2280 ὑπάρχει
1689 2207 1893 2279 τεκμή-

229 2318 370 2375 ριον·
405 2297 687 2370 κέχρηται
736 2295 840 2371 γὰρ
885 2294 1056 2370 ταύτῃ
1106 2295 1195 2349 καὶ
1228 2296 1256 2350 6
1287 2297 1433 2356 θεῖος
1473 2294 1676 2356 ἐκεῖνος
1730 2296 1889 2368 ἀνὴρ,

233 2387 284 2442 εἰ
313 2387 402 2441 καὶ
433 2384 752 2459 κεκραμένῃ
799 2384 888 2438 καὶ
935 2383 1056 2440 λίαν
1119 2383 1437 2460 ἐπικαίρως,
1499 2386 1586 2439 καὶ
1643 2383 1709 2458 τῇ
1763 2384 1890 2461 ἀφε-

229 2477 356 2547 λείᾳ
388 2480 482 2530 τον
534 2475 736 2530 ἐκεῖθεν
784 2470 948 2550 ὅγκον
995 2473 1192 2551 μιγνύς
1230 2477 1272 2510 ³⁷
1325 2494 1383 2530 τε
1433 2474 1524 2529 καὶ
1572 2471 1888 2529 διαλεαίνων

225 2567 473 2643 εὐφυῶς,
517 2564 609 2618 καὶ
640 2562 733 2620 τὸν
762 2562 894 2619 δλον
921 2561 1089 2638 λόγον
1120 2561 1412 2618 πολιτικοῦ
1471 2563 1643 2636 λόγου
1694 2562 1893 2618 εἰκόνο-

224 2655 571 2727 ποιοῦμενος
604 2655 671 2709 ³³.

300 2747 462 2802 Ἔστι
517 2740 578 2798 δὲ
629 2741 916 2804 Βασίλειος
964 2743 1124 2804 οὗτος
1187 2743 1215 2797 6
1245 2743 1336 2797 καὶ
1389 2738 1607 2818 μέτροις
1658 2740 1889 2804 ἐντείνας

219 2835 296 2888 τὰ
349 2841 454 2902 τῆς
513 2831 986 2908 πρωτομάρτυρος
1031 2831 1240 2901 Θέκλης
1289 2829 1422 2906 ἔργα
1462 2832 1551 2886 καὶ
1610 2829 1748 2885 ἆθλα
1799 2832 1888 2886 καὶ

218 2924 551 2996 νικητήρια·
617 2921 708 2976 καὶ
766 2918 913 2976 ἄλλα
980 2919 1037 2975 δὲ
1095 2919 1258 2976 αὐτοῦ
1334 2922 1732 2998 συγγράμματα
1799 2921 1888 2994 φε-

225 3032 429 3085 ρονται
461 3013 530 3066 ’⁸.

977 3104 1149 3160 ΡΞΘ’.

219 3195 339 3264 Τοῦ
410 3189 464 3246 ἐν
534 3191 722 3263 ἁγίοις
774 3188 1069 3264 ΔΚυρίλλου
1107 3263 1113 3264 γ
1145 3192 1294 3247 Κατᾶ
1330 3259 1343 3264 _
1383 3195 1491 3264 τῶν
1562 3191 1888 3264 ,Νεστορίου

304 3241 642 3353 δυσιρημιάζν
725 3241 923 3353 τόμοὲ
969 3263 1026 3318 ε’.
1104 3259 1423 3318 Ἐπιστολαὶ
1488 3262 1578 3316 καὶ
1647 3241 1888 3338 Σχόλιον

303 3333 433 3408 περῖ
464 3333 571 3403 τῆς
601 3333 1065 3408 ἐνανθρωπτςσεως
1097 3338 1193 3388 τοῦ
1223 3338 1571 3408 Μονογενοῦς.

307 3421 758 3497 Ἀνεγνώσθησαν
803 3422 901 3477 τοῦ
950 3422 1002 3478 ἰν
1054 3422 1229 3498 ἁγίοις
1275 3421 1554 3497 Κυρίλλου
1602 3421 1735 3478 κατὰ
1781 3427 1888 3477 τῶν

225 3514 550 3588 Νεστορίου
611 3509 935 3588 δυσφημιῶν
992 3512 1157 3584 τόμοι
1207 3513 1267 3582 ε’,
1315 3511 1389 3566 ὧν
1441 3513 1468 3567 6
1521 3514 1614 3586 μὶν
1676 3516 1891 3587 πρῶτος

220 3605 523 3677 ἄνα-τρέπει
556 3605 660 3666 τῆς
692 3599 991 3670 Nec-copiae
1027 3599 1382 3679 βλασφημίας
1430 3600 1698 3680 κεφάλαια
1745 3600 1892 3673 δέκα,

225 3696 262 3748 ὁ
300 3690 358 3748 δὲ
392 3690 653 3765 δεύτερος
703 3688 973 3768 κεφάλαια
1029 3687 1114 3758 ιδ’,
1147 3691 1175 3744 ὁ
1207 3687 1263 3744 δὲ
1314 3692 1494 3761 τρίτος
1544 3692 1608 3759 ς’,
1661 3691 1688 3744 ὁ
1723 3688 1778 3746 δὲ
1805 3691 1894 3746 τέ-

223 3802 432 3858 ταρτος
484 3787 550 3850 ζ’,
593 3780 622 3834 6
667 3776 724 3834 δὲ
771 3780 1019 3851 πέμπτος
1072 3779 1162 3834 καὶ
1212 3779 1374 3842 αὐτὸς
1431 3781 1492 3850 ζ’.
1528 3782 1680 3837 Ἐστι
1733 3777 1790 3835 δὲ
1832 3783 1894 3836 τὸ

226 3880 329 3942 τῆς
363 3868 666 3944 ἑρμηνείας
697 3868 852 3939 αὐτῷ
883 3863 1029 3929 εἶδος
1058 3868 1193 3923 κατᾶ
1220 3869 1318 3936 τήν
1371 3867 1678 3939 ἰδιάζουσαν
1731 3868 1897 3924 αὐτοῦ

230 3966 342 4016 τῶν
377 3960 564 4036 λόγων
609 3954 758 4011 ἰδέαν
790 3955 1317 4034 ἒκμεμορφωμένον,
1368 3958 1546 4034 βραχὺ
1579 3955 1637 4012 δέ
1683 3979 1733 4012 τι
1765 3960 1898 4031 πρὸς

234 4051 302 4104 τὸ
328 4047 718 4122 ταπεινότερον
753 4045 1178 4121 ὑπενηνεγμένον
1208 4047 1272 4102 ³ο.

479 4228 577 4299 8.]
607 4224 1032 4299 Ἐμπεριείχετο
1065 4221 1122 4280 δὲ
1148 4229 1218 4299 τῇ
1255 4219 1435 4299 βίϐλῳ
1488 4227 1576 4278 καὶ
1629 4225 1766 4300 πρὸς
1817 4225 1905 4279 αῦ-

239 4316 334 4371 τόν
408 4314 708 4388 Νεστόριον
764 4311 1052 4383 ἐπιστολὴ,
1111 4311 1466 4388 ἐπιχειροῦσα
1532 4309 1688 4379 δῆθεν
1745 4312 1903 4367 αὐτὸν

242 4405 597 4477 μεταπείθειν
660 4402 753 4457 καὶ
812 4399 1050 4476 φιλικῶς
1127 4399 1494 4475 διορθοῦσθαι.
1575 4400 1753 4459 Ἀλλὰ
1809 4402 1899 4456 καὶ

1999 1939 2110 1997 sibi
2164 1938 2328 1993 utilia
2377 1955 2447 1994 ex
2490 1939 2690 1995 eodem
2743 1939 2901 1997 fonte
2955 1942 3222 1999 hausisse
3262 1944 3546 2001 videatur.
3581 1946 3651 2001 Et

1998 2045 2132 2085 vero
2165 2028 2484 2100 ﬁgurarum
2517 2026 2614 2083 ille
2644 2044 2779 2084 cum
2815 2029 3207 2101 signiﬁcantia
3239 2037 3363 2088 tum
3396 2034 3647 2090 familia-

1999 2120 2080 2174 ris
2120 2135 2284 2186 usus,
2328 2133 2710 2190 permagnum
2753 2123 2841 2174 est
2888 2118 3203 2184 singularis
3243 2138 3378 2177 cum
3428 2125 3650 2180 Joanne

1998 2206 2463 2271 consuetudinis,
2513 2206 2908 2278 lectorumque
2959 2207 3238 2264 librorum
3287 2211 3416 2280 ejus
3465 2225 3644 2283 argu-

2001 2301 2286 2353 mentum.
2313 2296 2508 2352 Utitur
2528 2296 2680 2351 enim
2707 2297 2915 2352 iisdem
2939 2301 2996 2353 et
3021 2298 3255 2354 divinus
3279 2299 3374 2355 ille
3394 2299 3650 2367 vir,licet

2001 2388 2296 2443 moderate
2327 2394 2382 2441 et
2411 2394 2756 2458 opportune,
2785 2392 2956 2457 atque
2991 2386 3094 2457 ita,
3131 2393 3192 2444 ut
3230 2401 3287 2444 et
3331 2394 3646 2458 tumorem,
3745 2431 3748 2434 .

2000 2477 2102 2548 qui
2150 2492 2218 2532 ex
2256 2473 2373 2530 illis
2423 2475 2702 2541 nascitur,
2736 2475 3114 2544 simplicitate
3158 2481 3445 2549 temperet
3481 2479 3651 2549 inge-

1999 2564 2277 2635 nioseque
2328 2563 2574 2631 molliat,
2607 2567 2665 2618 et
2720 2563 3037 2620 orationem
3093 2581 3259 2619 suam
3315 2566 3644 2622 universam

1999 2653 2153 2710 civili
2185 2653 2444 2709 sermoni
2477 2653 2836 2724 persimilem
2874 2653 3104 2709 efﬁciat.

2070 2744 2260 2798 ιιθὺ
2291 2743 2454 2798 Idem
2495 2759 2624 2799 vero
2665 2743 2756 2797 hic
2788 2743 3042 2799 Basilius
3085 2743 3185 2799 ille
3213 2748 3322 2812 est,
3375 2746 3473 2817 qui
3524 2747 3648 2819 pri-

2000 2847 2110 2888 maa
2143 2830 2413 2904 martyris
2445 2830 2672 2888 Thecla:
2695 2832 2969 2904 praeclare
2999 2837 3161 2903 gesta
3189 2833 3323 2904 (81),
3363 2843 3420 2890 et
3448 2841 3640 2892 certa-

2001 2921 2178 2988 mina,
2213 2927 2383 2990 atque
2435 2920 2705 2976 victorias
2757 2921 2962 2976 metris
3010 2922 3431 2994 persequitur:
3475 2926 3647 2996 cujus

1999 3011 2138 3067 item
2170 3009 2283 3066 alia
2315 3010 2537 3082 scripta
2567 3010 2804 3083 [praeter
2825 3010 2959 3082 ista]
2993 3010 3500 3069 circumferuntur.

2703 3100 2935 3156 CLXIX.

2002 3192 2165 3247 Beati
2203 3188 2411 3260 Cyrilli
2457 3189 2666 3245 Contra
2705 3189 2942 3244 Nestorii
2990 3189 3355 3260 blasphemias
3411 3191 3549 3248 libri
3594 3210 3646 3249 ν.

2075 3263 2328 3346 Epistolas
2359 3263 2556 3329 variat,
2597 3266 2648 3317 et
2675 3261 2937 3317 Scholion
2983 3261 3052 3318 de
3083 3263 3470 3321 incarnatione
3523 3265 3655 3322 Uni-

2066 3344 2266 3404 genui.

2070 3424 2221 3478 Lecti
2249 3427 2387 3477 sunt
2429 3421 2618 3478 sancti
2649 3421 2845 3494 Cyrilli
2893 3422 3162 3478 Aduersus
3213 3423 3450 3480 Nestorii
3495 3427 3642 3483 blas-

2001 3511 2248 3583 phemia:
2277 3511 2404 3567 libri
2439 3510 2719 3583 quinque,
2753 3529 3000 3582 quorum
3039 3512 3262 3581 primus
3294 3514 3525 3585 quidem
3560 3532 3654 3571 ca-

2002 3601 2357 3657 lumniarum
2407 3601 2656 3656 Nestorii
2709 3601 2899 3669 capita
2946 3603 3144 3657 decem
3208 3601 3436 3657 refellit.
3491 3603 3653 3658 Alter

2004 3689 2215 3746 deinde
2255 3689 2716 3761 quatuordecim.
2769 3690 3004 3744 Tertius
3054 3707 3187 3746 vero
3239 3706 3358 3746 sex.
3407 3691 3654 3753 Quartus

2005 3779 2259 3849 denique
2299 3793 2364 3833 ac
2414 3778 2651 3849 quintus
2700 3777 2918 3848 singuli
2970 3783 3208 3848 septem.
3252 3778 3650 3834 Elocutionem

2006 3872 2197 3923 autem
2229 3866 2418 3936 ipsam
2456 3866 2545 3920 hic
2577 3867 2644 3921 ad
2678 3865 3030 3937 peculiarem
3057 3866 3222 3920 illum
3257 3882 3651 3935 suum,quem

2007 3957 2065 4011 in
2098 3955 2465 4011 orationibus
2513 3953 2794 4025 sequitur,
2826 3954 3059 4008 dicendi
3109 3955 3351 4009 modum
3400 3953 3479 4009 ita
3510 3971 3650 4010 con-

2009 4044 2300 4110 formavit,
2334 4042 2635 4114 paululum
2688 4047 2748 4096 ut
2802 4043 2987 4114 magis
3037 4043 3106 4099 ad
3158 4041 3378 4099 humile
3430 4043 3662 4099 dicendi

2010 4150 2195 4206 genus
2214 4134 2436 4188 tendat.

2085 4225 2221 4279 Erat
2248 4222 2308 4278 in
2339 4221 2542 4278 eodem
2564 4219 2862 4276 volumine
2881 4223 2950 4276 ad
2980 4221 3169 4292 ipsum
3194 4237 3426 4294 quoque
3445 4221 3658 4278 Nesto-

2015 4314 2168 4370 rium
2193 4311 2463 4384 epistola,
2487 4327 2600 4384 qua
2631 4311 2688 4366 in
2722 4311 2877 4366 viam
2907 4310 3076 4366 illum
3100 4312 3464 4374 reducere,et
3483 4310 3671 4369 amice

2009 4403 2298 4472 corrigere
2337 4401 2563 4457 nititur.
2604 4400 2752 4464 Quin
2793 4404 2852 4455 et.
2889 4401 3138 4456 Nestorii
3172 4401 3238 4456 ad
3267 4401 3547 4474 Cyrillum
3582 4417 3669 4457 re-

238 4492 556 4564 Νεστορίου
600 4493 740 4566 πρὸς
793 4490 1072 4565 Κόριλλον
1121 4493 1250 4565 [197
1301 4492 1392 4564 Η.]
1444 4491 1798 4569 ἀντίγραφον,
1836 4493 1890 4546 τᾶ

2012 4491 2272 4564 sponsio,
2297 4507 2416 4562 qua
2440 4489 2635 4562 capita
2657 4488 2790 4559 illa,
2813 4506 2942 4561 quae
2973 4507 3074 4545 sua
3117 4489 3211 4545 hic
3233 4490 3480 4562 epistola
3509 4505 3671 4545 com-

241 4583 294 4638 ἐν
446 4580 721 4657 ἐπιστολῇ
771 4580 1042 4656 κεφάλαια
1081 4580 1422 4661 ἐμφερόμενα
1470 4566 1797 4654 ποιούμενον
1851 4580 1902 4637 ἐν
1935 4566 1979 4632 D

2015 4581 2217 4654 plexus
2249 4580 2459 4648 fuerat,
2491 4579 2836 4634 damnanda
2871 4595 3001 4635 esse
3048 4584 3267 4636 censet.
3299 4578 3495 4635 Altera
3523 4579 3667 4634 item

1603 4699 1844 4756 VARle
1897 4697 2308 4755 LECTIONES.

314 4812 364 4847 ³³
399 4809 476 4871 ὡς
509 4817 557 4865 Δ
583 4809 708 4884 ςμείς
741 4828 786 4870 ς.
832 4879 842 4884 _
888 4807 936 4846 ³³
963 4807 1269 4884 τραχότητι
1303 4828 1350 4870 ς.

247 4885 400 4966 μένω
435 4902 483 4943 ς.
577 4882 624 4966 ξτ
685 4879 876 4966 μιγνύς
918 4879 1254 4966 τε.’ΛκάίΑέ;
1307 4879 1583 4954 μιγνόεται
1633 4879 1677 4942 ςξ

245 4951 711 5029 ᾇπενηνιγμὲνον,
746 4951 819 5010 ἑῖ.
853 4970 910 5026 p.
947 4953 1050 5009 119
1077 4969 1109 5008 a
1137 4953 1228 5008 28.

1457 4808 1503 4882 _“
1534 4809 1563 4863 6
1595 4808 1718 4882 περί
1770 4812 1855 4882 ᾼι
1905 4806 2029 4882 περί
2071 4812 2173 4875 τῆς
2223 4826 2268 4882 ς’

1757 4881 1804 4916 ³⁸
1854 4874 2182 4951 ποιούμενος
2231 4874 2398 4953 λόγου
2463 4874 2643 4930 εἰκόνα
2692 4895 2740 4939 ς.

2374 4805 2423 4840 ³⁵
2468 4803 2560 4859 καὶ
2608 4809 2741 4861 ante
2790 4802 2968 4863 λόγων
3007 4805 3142 4861 add.
3195 4806 3261 4863 A.

3367 4803 3414 4878 ιε
3456 4801 3669 4878 ﬁrm-

2838 4876 2886 4911 ”
2932 4876 3152 4954 φέρεται
3203 4896 3252 4939 ς.

3354 4874 3404 4910 ³ο
3462 4874 3666 4932 malim

1849 5061 2078 5120 NOTZE.

321 5163 445 5236 (7⁸2))Δ
460 5162 638 5236 Quod
672 5163 900 5236 putavit
921 5162 1130 5236 Georg.
1159 5161 1443 5236 Alexand.
1468 5162 1598 5236 eod.
1617 5163 1688 5218 96
1707 5178 1774 5218 ex
1804 5163 1908 5219 So-

253 5233 398 5290 σοι.
431 5233 538 5290 lib.
562 5251 642 5298 vi,
667 5233 794 5305 cap.
815 5235 870 5301 3,
902 5240 962 5290 et
985 5233 1108 5291 alii:
1142 5235 1288 5305 Cum
1318 5233 1521 5305 Photio
1553 5239 1748 5289 tamen
1782 5251 1919 5290 sen-

253 5307 328 5361 tit
360 5307 579 5361 Snidas
609 5303 836 5362 calamo
868 5306 1136 5362 exaraius
1166 5303 1540 5360 Bibliotheca:
1581 5315 1788 5360 nostris
1820 5322 1916 5361 so-

259 5379 391 5433 ciet.
418 5380 707 5448 Antuerp.
735 5376 946 5448 Verum
995 5379 1060 5433 D.
1103 5376 1315 5439 Baron,
1348 5376 1504 5431 eard.
1540 5381 1581 5432 t.
1619 5377 1688 5432 IV
1716 5377 1916 5434 Annal.

263 5450 403 5506 Eccl.
438 5449 514 5504 ad
544 5447 685 5504 ann.
721 5447 935 5504 Christi
974 5449 1081 5504 382
1122 5448 1358 5503 tertium
1410 5449 1721 5518 quemdam
1757 5449 1920 5504 Basi-

267 5521 407 5575 lium
437 5521 669 5592 quaerit.
702 5518 849 5576 Vide
879 5537 1007 5592 qua:
1040 5520 1262 5592 notavit
1282 5527 1478 5573 noster
1506 5520 1918 5592 Claud.Daus-

274 5590 478 5663 queins
512 5592 584 5647 ad
623 5591 777 5648 beati
817 5590 1039 5650 Basiltii
1069 5590 1291 5648 Selene.
1324 5605 1470 5660 quas
1501 5592 1672 5648 vertit
1701 5591 1922 5650 Oratio-

281 5669 884 5806 ῃῗέοόηὸίιῗωοδηω
909 5734 1230 5794 etiamnum
1257 5732 1428 5791 hodie
1448 5732 1750 5792 Orationes
1767 5751 1921 5807 qua-

2027 5160 2160 5218 dam
2197 5159 2531 5230 promiscue
2566 5158 2819 5232 utrique
2864 5156 3229 5229 tribuuntur,
3261 5158 3326 5213 ut
3353 5155 3425 5212 39
3453 5171 3521 5212 ac
3549 5157 3672 5214 tres

2028 5248 2190 5301 seqq.
2221 5233 2280 5286 in
2314 5231 2476 5286 libris
2514 5230 2707 5285 editis.

2101 5297 2214 5385 ('81)
2245 5302 2346 5385 Est
2374 5301 2855 5385 in.Bibliothecis
2892 5300 3015 5358 haec
3062 5301 3191 5358 Vita
3233 5300 3427 5385 Crines
3457 5297 3672 5385 Basilio

2029 5373 2332 5444 inscripta,
2354 5373 2467 5444 sed
2496 5373 2685 5444 soluta
2714 5373 2973 5429 oratione
3018 5390 3129 5429 non
3165 5378 3349 5429 metro
3383 5388 3396 5428 :
3430 5374 3674 5444 edetque

2029 5447 2088 5502 in
2122 5442 2310 5500 lucem
2344 5443 2489 5500 Pctr.
2525 5443 2803 5500 Paulinus
2843 5444 2910 5502 V.
2956 5445 3037 5501 Cl.
3081 5447 3257 5502 Porro
3288 5445 3351 5500 Β.
3393 5442 3671 5500 Theclam

2030 5516 2312 5588 templum
2346 5515 2624 5588 habuisse
2654 5517 2878 5588 celebre
2925 5518 3239 5572 admodum
3288 5515 3560 5572 Seleucia:
3590 5522 3673 5570 te-

2031 5587 2217 5644 statur
2243 5589 2444 5658 beatus
2488 5587 2722 5658 Gregor.
2757 5587 2892 5644 Naz.
2927 5588 2985 5645 in
3022 5588 3208 5645 Carm.
3247 5589 3312 5644 de
3344 5590 3457 5644 vita
3484 5602 3586 5642 sua
3617 5589 3674 5641 et

2030 5659 2342 5733 Nicephor.
2377 5657 2479 5714 lib.
2511 5657 2624 5728 xw,
2656 5674 2787 5732 cap.
2819 5662 2874 5716 8.
