4136 6216
571 327 687 385 495

1773 331 2036 390 PllU'l‘lI
2085 330 2610 390 l’ATRlARCH/E
2656 329 2770 390 CP.

3819 333 3912 394 £96

571 459 765 532 Cyrilli
831 459 1077 533 epistola
1137 461 1240 533 [ibi
1304 461 1622 534 legebatur]
1691 478 1759 518 ex
1815 462 2194 518 Alexandrini

2328 459 2594 522 εὐθύναις.
2627 461 2724 515 Καὶ
2757 457 2824 529 δὴ
2865 458 3022 534 ὲτὲρα
3067 457 3329 527 ἐπιστολὴ
3382 457 3679 533 Κυρίλλου,
3727 460 3789 522 ὡς
3831 460 3918 517 ἀπὸ

569 551 787 622 synodo
814 551 882 605 ad
915 550 1246 606 Nestorium
1273 551 1611 622 missa,quzn
1635 552 1932 608 duodecim
1961 569 2092 607 eum
2119 569 2214 608 ca-

568 641 759 710 pitum
792 654 1016 695 errores
1047 639 1316 710 abjurare
1337 641 1602 710 jubebat.
1635 641 1832 698 Tertia
1880 657 2112 714 quoque
2143 642 2213 697 ad

567 728 860 784 .Valerium
891 730 1229 801 episcopum
1261 731 1542 786 adverus
1586 731 1939 797 Nestorium,
1971 732 2214 803 ejusque

569 819 859 890 dogmata.
907 819 1052 874 Item
1102 820 1174 874 ad
1227 821 1500 877 Acacium
1551 821 1823 876 Melitinzs
1874 822 2210 892 episcopum

571 908 903 977 dogmatica
945 908 1210 979 epistola,
1266 909 1353 964 vel
1411 909 1680 981 apologis
1730 911 1919 980 potius
1973 909 2211 964 unionis

570 1003 748 1068 atque
778 998 1101 1053 concordia:
1148 1015 1279 1053 cum
1325 998 1553 1054 Joanne
1600 999 1920 1054 Antiochiaa
1968 1001 2212 1070 patriar-

569 1086 676 1141 cha
723 1102 736 1140 :
786 1085 1025 1157 aliaeque
1075 1087 1246 1142 varias
1291 1087 1551 1157 ejusdem
1606 1087 1936 1158 argumenti
1984 1087 2207 1154 litteris,

570 1193 820 1249 quarum
855 1176 1002 1231 binae
1027 1177 1276 1233 divinam
1309 1193 1540 1248 quoque
1568 1177 1808 1245 Nicaeum
1840 1177 2049 1249 synodi
2079 1178 2211 1234 doc-

565 1267 782 1322 trinam
831 1265 1162 1338 explanant.
1215 1270 1282 1323 In
1340 1266 1555 1338 quibus
1613 1266 1851 1339 quidem
1911 1266 2208 1336 omnibus,

566 1355 972 1412 contentiusne
1005 1360 1156 1427 agat,
1189 1373 1264 1411 an
1309 1355 1634 1425 remissius,
1670 1356 1961 1429 propriam
1993 1357 2210 1428 ubique

566 1444 796 1500 dicendi
827 1446 1076 1500 formam
1108 1449 1288 1501 tenet.

637 1531 769 1588 Erat
799 1537 855 1590 et
893 1533 988 1589 hic
1022 1533 1268 1606 epistola
1298 1535 1368 1590 ad
1401 1535 1673 1591 Acacium
1705 1535 2044 1608 episcopum
2069 1537 2212 1609 Scy-

564 1623 1014 1693 thopolitanum,
1063 1628 1137 1680 De
1177 1625 1480 1681 emissario
1511 1625 1628 1698 (82)
1659 1643 1854 1698 capro.
1887 1625 2043 1682 Alter
2073 1628 2207 1682 item

566 1713 712 1768 liber
741 1713 824 1768 sic
853 1713 1174 1786 inscriptus
1201 1732 1213 1770 :
1247 1716 1502 1770 Scholion
1533 1715 1601 1770 de
1635 1718 1914 1788 Unigeniti
1940 1720 2208 1772 incarna-

2324 551 2423 612 τῆς
2454 545 2505 602 ἐν
2553 545 2936 624 Ἀλεξανδρείᾳ
2996 543 3220 602 συνόδου
3278 546 3416 620 πρὸς
3471 547 3751 621 Νεστόριον
3803 548 3917 603 ἀπο-

2323 637 2601 706 σταλεῖσα,
2661 639 2784 706 ἥτις
2844 635 3225 708 ἀναθεματίσαι
3284 635 3443 690 αὐτὸν
3497 635 3648 705 ἠξίου
3701 636 3922 708 ἀναθεμα-

2321 727 2553 799 τισμοὺς
2587 728 2659 802 ιβ’
2702 724 3033 805 κεφαλαίων.
3085 727 3204 780 Ἔτι
3264 722 3321 780 δὲ
3375 725 3464 780 καὶ
3526 723 3672 800 ἑτέρα
3719 727 3758 762 ³¹
3807 727 3921 800 πρὸς

2323 817 2622 891 Οὐαλέριον
2655 814 2946 872 ἐπίσκοπον
2997 815 3133 870 κατὰ
3191 815 3487 888 Νεστορίου
3524 816 3734 870 καὶτῶν
3781 816 3917 872 αὐτοῦ

2325 903 2638 983 δογμάτων
2687 907 2775 961 καὶ
2824 906 2960 980 πρὸς
3006 905 3264 962 Ἀκάκιον
3313 903 3603 960 ἐπίσκοπον
3648 903 3921 976 Μελιτηνῆς

2323 993 2656 1070 δογματική,
2721 994 2930 1068 μᾶλλον
2993 992 3050 1049 δὲ
3117 994 3422 1070 ἀπολογίαν
3481 992 3792 1072 περιέχουσα
3839 1001 3921 1064 τῆς

2322 1088 2457 1161 πρὸς
2510 1089 2765 1155 Ἰωάννην
2825 1087 2916 1141 τὸν
2978 1086 3322 1161 Ἀντιοχείας
3375 1084 3615 1146 ἐνώσεως
3671 1085 3752 1140 καὶ
3805 1086 3925 1158 ὁμο-

2319 1177 2488 1239 νοίας.
2548 1177 2644 1231 Καὶ
2701 1173 2878 1250 ἕτεραι
2929 1173 3181 1251 διάφοροι
3223 1173 3346 1249 περὶ
3395 1180 3496 1242 τῆς
3549 1172 3709 1242 αὐτῆς
3763 1173 3922 1228 ὑποθέ-

2319 1289 2474 1339 σεως,
2503 1270 2576 1321 ὧν
2603 1266 2656 1322 ἐν
2704 1264 2822 1321 δυσί
2861 1266 2952 1320 καὶ
2997 1265 3060 1320 τὸ
3118 1265 3170 1319 ἐν
3221 1263 3422 1335 Νικαίᾳ
3467 1261 3794 1338 διερμηνεύει
3830 1264 3924 1316 θεό-

2321 1375 2484 1431 σοιίμον
2519 1354 2765 1427 μάθημα.
2807 1354 2892 1410 Ἐν
2927 1354 3012 1414 οἷς
3045 1354 3208 1407 ἅπασι
3236 1357 3344 1406 τῶν
3378 1350 3592 1406 οἰκείων
3643 1351 3810 1428 λόγων
3848 1350 3924 1405 τὸν

2319 1451 2643 1519 χαρακτῆρα
2677 1443 2950 1499 ἐπιτείνων
2983 1443 3016 1511 ἢ
3050 1442 3211 1504 ἀνιείς
3245 1441 3398 1515 ὅμως
3433 1438 3790 1520 διαφυλάττει.

2392 1533 2828 1608 Συμπεριείχετο
2885 1529 2941 1587 δὲ
2989 1533 3080 1586 καὶ
3139 1533 3173 1600 ἡ
3233 1532 3369 1606 πρὸς
3426 1531 3674 1588 Ἀκοὶκιον
3735 1528 3927 1584 ἐπίσκο-

2317 1643 2420 1677 πον
2456 1622 2853 1683 Σκυθοπόλεως
2903 1619 3027 1696 περὶ
3083 1624 3180 1675 τοῦ
3237 1620 3653 1692 ἀποπομπαίου.
3720 1619 3809 1673 Καὶ
3857 1615 3928 1673 ἔτι

2317 1709 2501 1787 ἕτερος
2534 1711 2720 1786 λόγος,
2753 1709 3207 1788 ἐπιγραφόμενος·
3262 1733 3289 1759 ‹‹
3341 1707 3561 1784 Σχόλια
3605 1711 3649 1745 ³³
3695 1707 3927 1782 περὶτῆς

566 1806 729 1870 tione,
755 1821 868 1875 quo
896 1804 1012 1859 hac
1032 1807 1147 1860 t‘ere
1167 1811 1572 1876 exponuntur:
1607 1806 1752 1870 Quid
1785 1813 1874 1862 est
1903 1806 2194 1862 Christus?

2319 1800 2773 1871 ὲνανθρωπήσεως
2824 1805 2922 1854 τοῦ
2976 1801 3335 1874 Μονογενοῦς,
3366 1819 3394 1848 ››
3444 1795 3495 1851 ἐν
3547 1797 3592 1868 ᾧ
3629 1793 3921 1872 διασαιξοῦν-

566 1894 690 1958 Qua
721 1895 946 1948 ratione
968 1894 1383 1966 intelligendus
1411 1894 1750 1950 Emmanuel
1776 1895 1804 1949 ‘I
1834 1895 1982 1960 Quid
2012 1896 2208 1953 estJe-

563 1997 668 2036 sus
708 1981 1020 2036 Christus?
1063 1982 1242 2036 Juxta
1273 1983 1409 2053 quid
1444 1983 1541 2036 Dei
1573 1982 1828 2038 Verbum
1863 1985 2084 2040 dictum
2117 1991 2208 2041 est

562 2068 776 2123 homo?
806 2070 972 2122 Juxta
1005 2069 1139 2140 quid
1174 2074 1517 2124 evacuatum
1551 2087 1681 2125 esse
1705 2071 1802 2126 Dei
1837 2071 2089 2128 Verbum
2124 2075 2210 2129 di-

562 2155 753 2210 citur?
773 2158 1072 2221 Quomodo
1107 2157 1242 2213 item
1270 2157 1536 2213 Christus
1560 2176 1716 2215 unus
1743 2160 1874 2216 est?
1907 2163 2206 2227 Quomodo

560 2244 737 2300 etiam
763 2262 916 2300 unus
943 2251 1032 2301 est
1053 2246 1440 2302 Emmanuel?
1469 2247 1787 2310 Quamnam
1807 2250 2058 2307 dicimus
2078 2267 2208 2308 esse

560 2334 1014 2389 exinanitionem
1050 2335 1206 2405 (83)?
1255 2338 1399 2392 Item
1449 2339 1518 2392 de
1567 2337 1751 2409 ignito
1800 2340 2053 2396 carbone
2084 2341 2206 2396 viso

551 2422 631 2477 ab
680 2421 910 2488 Isaia",
958 2424 1191 2495 aliaque
1247 2429 1544 2497 praeterea,
1595 2425 1687 2482 his
1729 2431 1926 2483 tamen
1984 2428 2206 2499 afﬁnis,

559 2512 749 2582 capita
775 2512 998 2568 decem.
1032 2514 1416 2585 Permagnam
1448 2531 1583 2572 vero
1625 2515 1953 2587 legentibus
1985 2518 2207 2575 utilita-

560 2607 668 2656 tem
697 2599 846 2657 liber
874 2601 969 2657 hic
992 2603 1196 2661 atl'erre
1225 2608 1433 2675 potest.

1287 2694 1498 2750 CLXX.

554 2833 560 2841 ,
645 2781 923 2854 Anonymi
951 2782 1400 2858 Testimoniorum
1438 2783 1514 2858 de
1556 2783 1772 2858 Christo
1814 2800 1844 2842 ε
1872 2788 2118 2858 gentium

1171 2854 1393 2926 scriptis
1428 2853 1565 2911 libri
1593 2873 1688 2912 xv.

624 3019 815 3073 117a
846 3017 978 3088 Legi
1030 3035 1175 3090 opus
1210 3017 1520 3074 multorum
1573 3035 1869 3088 versuum,
1911 3021 1998 3077 vel
2032 3021 2204 3079 libro-

554 3123 683 3161 rum
710 3112 904 3178 potius
929 3107 1136 3179 (libros
1155 3107 1306 3162 enim
1335 3108 1667 3178 quindecim
1695 3112 1947 3182 quinque
1967 3112 2206 3169 volumi-

2315 1915 2402 1948 ται
2441 1894 2488 1929 ³⁸
2524 1897 2711 1948 ταῦτα·
2765 1892 2826 1948 Τί
2876 1891 2985 1946 ἐστι
3033 1889 3265 1965 Χριστός
3309 1906 3322 1958 ;
3373 1888 3492 1943 τίνα
3549 1909 3605 1942 τε
3654 1890 3699 1925 ³⁴
3750 1887 3924 1963 τρόπον

2315 1988 2579 2056 προσήκει
2608 1983 2841 2037 νοεῖσθαι
2882 1981 2943 2034 τὸ
2995 1977 3388 2052 Ἐμμανουήλς
3423 1978 3524 2034 Καὶ
3573 1976 3622 2032 τί
3671 1975 3797 2030 ἐστιν
3835 1976 3927 2043 Ἰη-

2316 2076 2442 2134 σοῦς
2472 2073 2518 2108 ³⁵
2564 2073 2591 2126 ὁ
2641 2071 2910 2145 Χριστόςς
2957 2069 3045 2122 καὶ
3099 2067 3234 2122 κατᾶ
3288 2067 3340 2121 τί
3402 2065 3618 2140 ε’ἰρηται
3679 2063 3931 2138 ἅνθρωπος

2317 2163 2344 2217 6
2377 2166 2473 2216 τοῦ
2505 2165 2637 2216 Θεοῦ
2689 2160 2862 2236 Λόγος
2890 2179 2904 2227 ;
2941 2161 3073 2215 Εἶτα
3121 2159 3258 2212 κατᾶ
3287 2157 3340 2212 τί
3370 2158 3694 2211 κεκενῶσθαι
3741 2153 3927 2228 λέγεται

2315 2253 2342 2305 6
2377 2256 2473 2308 τοῦ
2505 2255 2638 2306 Θεοῦ
2671 2250 2876 2324 Αόγος;
2911 2248 3008 2303 Καὶ
3055 2251 3170 2309 πῶς
3226 2249 3303 2308 εἷς
3334 2247 3362 2300 6
3392 2246 3650 2320 Χριστὸς,
3703 2243 3783 2299 καὶ
3825 2248 3928 2302 πῶς

2315 2345 2391 2402 εἷς
2424 2343 2450 2395 6
2491 2337 2891 2412 Ἐμμανουήλ;
2937 2335 3038 2394 Καὶ
3087 2335 3203 2390 τίνα
3252 2334 3486 2410 λὲγομεν
3545 2336 3678 2389 εἶναι
3710 2333 3797 2398 τὴν
3821 2328 3932 2385 ἓνω·

2313 2453 2393 2486 σιν
2445 2433 2538 2497 “;
2596 2430 2686 2484 καὶ
2731 2428 2854 2503 περὶ
2897 2431 2992 2482 τοῦ
3062 2426 3328 2501 ἃιθρακος
3381 2425 3441 2479 ’ὸν
3502 2422 3642 2479 εἶδεν
3715 2423 3933 2486 Ἣσαὶας,

2306 2523 2401 2580 ,καὶ
2445 2518 2600 2594 ἕτερα
2647 2515 3008 2592 παραπλήσια
3049 2514 3266 2578 τούτοις
3299 2521 3326 2567 ι’
3371 2512 3666 2591 κεφάλαια.
3708 2507 3844 2565 Πολὺ
3887 2503 3934 2560 δὲ

2312 2607 2374 2663 τὸ
2412 2607 2692 2681 χρήσιμον
2727 2603 2882 2664 οὗτος
2915 2603 2942 2655 ὁ
2972 2601 3142 2676 λόγος
3170 2597 3311 2674 ἔχει.

3073 2690 3198 2748 PO'.

2313 2786 2706 2865 ,Ανετξίγρᾳφξν
2785 2775 3000 2857 βιϐλίον
3057 2778 3144 2865 εἰν
3184 2779 3258 2865 ut?)
3324 2778 3562 2863 χρήσεις
3637 2768 3933 2865 Ἑλληνικαὶ

2384 2857 2474 2912 καὶ
2514 2850 2798 2930 ⁷βοὶῥῦοιροὶ
2857 2859 2958 2921 τῆς
3016 2855 3124 2906 τῶν
3184 2850 3528 2923 Χριστιανῶν
3594 2850 3836 2912 πίστεως,
3891 2850 3933 2896 ἐν

2385 2928 2574 3004 λόγοις
2608 2928 2685 2983 ιε’.

2385 3003 2725 3094 Ἀνεγνώσθη
2761 3010 2978 3090 βιϐλίον
3033 3011 3394 3085 πολόστιχον,
3447 3005 3753 3082 μᾶλλονδὲ
3778 3003 3938 3061 πολὺ·

2312 3103 2530 3173 ϐιὸλον,
2563 3105 2614 3160 ἐν
2650 3103 2835 3179 λόγοις
2875 3104 2969 3176 μὲν
3024 3103 3102 3169 ιε’,
3151 3100 3368 3174 τεύχεσι
3402 3096 3459 3153 δὲ
3495 3106 3554 3167 ε’,
3603 3097 3656 3153 ἐν
3690 3097 3771 3158 οἷς
3817 3111 3938 3167 μαρ-

540 3195 728 3264 hibus
758 3195 1199 3266 continebat),in
1233 3195 1442 3264 quibus
1474 3197 1829 3266 testimonia,
1851 3179 2190 3271 locaquein-

2313 3198 2495 3272 τυρίαι
2555 3193 2711 3263 δῆθεν
2771 3192 2859 3247 καὶ
2910 3192 3138 3269 χρήσεις
3196 3185 3534 3259 ὁλοκλήρων
3597 3187 3795 3261 λόγων,
3849 3179 3943 3253 οὐχ

545 3288 844 3354 tegrorum
875 3284 1052 3338 etiam
1081 3283 1388 3350 librorum,
1424 3301 1536 3340 nou
1572 3288 1742 3341 modo
1774 3288 1973 3344 Graeca
2004 3306 2201 3348 verum

551 3373 728 3427 etiam
806 3373 1058 3439 Persica,
1117 3373 1419 3442 Thracios,
1479 3375 1766 3446 Egyptia,
1826 3375 2199 3451 Babylonica,

538 3461 882 3532 .Chaldaica,
916 3462 1057 3534 quin
1082 3473 1134 3518 et
1166 3462 1387 3533 Italica,
1419 3465 1583 3521 exiis
1615 3466 1713 3537 qui
1746 3471 1896 3538 apud
1933 3471 2200 3542 singulas

557 3550 767 3606 harum
821 3552 1080 3621 gentium
1132 3552 1391 3608 doctrina
1432 3554 1573 3610 clari
1625 3555 2021 3612 haberentur:
2073 3576 2196 3629 quis

555 3641 788 3711 quidem
823 3640 916 3696 hic
956 3642 1204 3710 scriptor
1251 3648 1486 3711 sanctae,
1519 3643 1737 3700 ccclesti
1777 3655 1949 3717 atque
1989 3646 2194 3705 divinas

552 3729 1015 3786 Christianorum
1060 3730 1324 3802 religioni
1357 3750 1470 3788 non
1515 3733 1746 3789 inutilia
1795 3751 1921 3791 esse
1951 3745 2194 3794 conatur

547 3822 872 3877 ostendere.
906 3821 1249 3890 Cujusrnodi
1297 3822 1483 3886 afTert,
1515 3824 1586 3878 de
1628 3826 1754 3894 ipsa
1784 3841 2018 3896 quoque
2048 3843 2190 3883 san-

546 3912 810 3966 ctissima
839 3919 892 3966 et
923 3911 1405 3967 consubstantiali
1429 3912 1705 3968 Trinitate
1728 3931 1742 3981 ;
1767 3917 2062 3986 quomodo
2091 3918 2184 3972 ni-

542 3999 759 4054 mirum
811 4015 910 4070 per
955 4001 1190 4055 eosdem
1241 3999 1371 4056 illos
1402 4002 1746 4072 praedicetur
1787 4009 1962 4076 atque
1994 4021 2183 4061 enun-

539 4087 732 4144 tietur.
769 4091 908 4145 llem
942 4090 1012 4144 de
1061 4088 1233 4144 Verbi
1264 4089 1324 4144 in
1369 4107 1542 4145 carne
1576 4092 1844 4158 adventu,
1879 4095 2181 4165 signisque

535 4176 765 4246 divinis,
799 4183 856 4233 et
903 4178 972 4234 de
1025 4195 1214 4242 cruce,
1263 4179 1619 4236 cruciatibus
1645 4198 1708 4236 ac
1755 4183 2076 4253 sepultura,
2110 4186 2179 4241 de

532 4268 974 4336 resurrectione,
1007 4274 1181 4338 atque
1232 4271 1593 4334 ascensione,
1623 4276 1681 4325 et
1723 4272 1792 4325 de
1822 4272 2177 4329 sanctissimi

531 4353 788 4423 Spiritus
832 4355 1030 4425 ignitis
1072 4355 1294 4429 linguis
1338 4357 1397 4411 in
1431 4357 1751 4429 discipulos
1781 4358 2175 4431 inexplicabili

512 4443 704 4498 .modo
734 4445 1177 4514 snperveniente
1228 4446 1412 4517 gratia
1464 4461 1568 4501 nec
1619 4463 1733 4502 non
1767 4448 1837 4503 de
1870 4452 2169 4507 tremendo

2317 3285 2642 3354 Ἐλληνικαὶ
2697 3283 2878 3356 μόναι,
2931 3279 3078 3335 ἀλλὰ
3124 3279 3214 3334 καὶ
3285 3279 3547 3353 Περσικαὶ
3597 3281 3688 3331 καὶ
3740 3272 3939 3343 Θρᾴκιοι

2308 3376 2403 3431 καὶ
2453 3374 2748 3450 Αἰγύπτιοι
2787 3371 2876 3426 καὶ
2933 3365 3357 3426 Βαϐυλωνιακαῖ
3411 3369 3453 3402 ³⁷
3518 3366 3610 3421 καὶ
3652 3356 3937 3422 Χαλδαῖκαὶ

2307 3465 2397 3520 καὶ
2431 3463 2496 3534 δὴ
2529 3463 2619 3518 καὶ
2666 3459 2869 3517 Ἰταλοὶ
2918 3459 2976 3513 ἐκ
3019 3463 3126 3513 τῶν
3170 3458 3297 3528 παρ’
3348 3454 3605 3518 ἑκάστοις
3658 3450 3938 3508 δοκούντων

2304 3552 2505 3630 λογίων
2565 3549 3032 3625 κατεστρώθησαν,
3087 3545 3147 3609 ἃς
3207 3546 3234 3599 ὁ
3287 3546 3638 3620 συγγραφεὺς
3695 3556 3940 3612 συμφερο-

2304 3628 2466 3717 μένας
2507 3645 2756 3714 πειρᾶται
2791 3636 3050 3692 Bern-35w
3080 3640 3150 3710 τῇ
3198 3639 3307 3690 τῶν
3358 3635 3705 3706 Χριστιανῶν
3750 3628 3936 3703 ἄχραν-

2295 3754 2374 3804 τῳ
2438 3732 2526 3785 καὶ
2597 3731 2855 3807 ὑπερφυεῖ
2907 3726 2996 3780 καὶ
3052 3724 3300 3797 θειοτάτῃ
3367 3724 3665 3797 θρησκεία,
3725 3715 3841 3790 περί
3888 3733 3938 3766 τε

2296 3823 2460 3890 αὐτῆς
2490 3827 2589 3889 τῆς
2617 3816 2937 3893 ὑπερουσίου
2968 3815 3059 3869 καὶ
3109 3812 3404 3886 ὁμοουσίου
3448 3810 3717 3889 Τριάόος,
3759 3807 3826 3868 ὡς
3854 3801 3933 3858 καὶ

2295 3913 2381 3967 ὑπ’
2414 3910 2629 3965 ἐκείνων
2688 3913 3006 3982 κηρυττεται
3054 3903 3142 3958 καὶ
3191 3901 3658 3978 καταγγέλλεται,
3717 3897 3833 3970 περί
3881 3913 3930 3947 τε

2288 4011 2388 4072 τῆς
2431 4003 2482 4058 ἐν
2531 4001 2687 4074 σαρκὶ
2727 4002 2822 4053 τοῦ
2871 3997 3053 4072 Λόγου
3106 3994 3426 4068 παρουσίας,
3483 3999 3598 4049 τῶν
3655 4013 3714 4047 τε
3757 3991 3931 4055 0503?,-

2291 4098 2458 4164 μειῶν
2487 4091 2576 4146 καὶ
2606 4094 2702 4144 τοῦ
2735 4090 2968 4159 σταυροῦ
2997 4086 3086 4140 καὶ
3117 4089 3212 4140 τοῦ
3242 4084 3452 4146 πάθους
3508 4082 3602 4138 καί
3648 4088 3746 4149 τῆς
3774 4081 3929 4152 ταφῆς

2285 4182 2512 4250 καὶτῆς
2551 4179 2890 4240 ἀναστάσεως
2919 4178 3017 4244 τῆς
3070 4195 3126 4230 τε
3174 4171 3508 4245 ἀναλήψεως
3566 4172 3661 4228 καὶ
3708 4175 3805 4238 τῆς
3846 4165 3929 4218 τοῦ

2282 4272 2552 4346 παναγίου
2603 4269 2914 4340 Πνεύματος
2970 4264 3220 4339 πυρίναις
3269 4261 3562 4338 γλώσσαις
3607 4261 3932 4346 ἐπιχορηγης

2282 4360 2466 4430 θείσης
2497 4363 2613 4418 τοῖς
2649 4359 2917 4429 μαθηταῖς
2955 4354 3086 4427 ὑπὲρ
3127 4350 3292 4426 λόγον
3325 4353 3591 4425 χάριτος,
3624 4350 3718 4404 καὶ
3756 4345 3819 4415 δὴ
3848 4341 3927 4397 καὶ

2276 4457 2376 4518 τῆς
2408 4443 2643 4525 φοϐερᾶς
2675 4447 2910 4518 Χριστοῦ
2957 4447 3053 4498 τοῦ
3092 4445 3224 4496 Θεοῦ
3269 4443 3432 4512 ἡμῶν
3492 4438 3752 4512 δευτέρας
3800 4452 3928 4507 παρ-

527 4531 742 4588 Christi
790 4533 1009 4589 Domini
1059 4534 1240 4590 nostri
1291 4535 1546 4590 secundo
1585 4537 1861 4606 adventu,
1905 4545 2164 4596 mortuo-

2306 4538 2464 4599 ιυτίας
2512 4537 2602 4590 καὶ
2641 4542 2740 4603 τῆς
2788 4535 3109 4606 τῶννεκρῶν
3158 4525 3519 4591 ἀναϐιώσεως
3571 4528 3665 4582 καὶ
3713 4524 3924 4599 κρίσεως

2352 4629 2363 4636 .
2411 4627 2422 4636 .
2542 4621 2605 4636 ιι..
2684 4625 2707 4636 ..
2777 4622 2798 4636 οι
3053 4620 3066 4636 ν
3145 4619 3200 4636 nr
3301 4616 3325 4635 ts
3485 4619 3530 4636 ρ.
3715 4615 3785 4636 ην
3839 4610 3899 4636 ΑΙ

526 4636 777 4692 rumque
808 4623 1238 4678 resurrectione
1269 4640 1335 4679 ac
1360 4623 1605 4694 judicio,
1624 4629 1680 4680 et
1707 4628 2169 4685 remuneratione

522 4725 722 4766 eorum
772 4727 898 4784 quae
948 4713 1004 4768 in
1049 4713 1166 4767 vita
1213 4714 1463 4786 quisque
1512 4715 1778 4786 gesserit.
1811 4716 1894 4770 Ad
1947 4717 2065 4773 hare
2095 4719 2166 4774 de

510 4799 774 4857 universi
809 4801 1044 4868 fabrica;
1068 4802 1138 4858 de
1161 4803 1537 4873 providentia,
1563 4804 1634 4859 de
1657 4804 1945 4875 paradiso,
1977 4808 2163 4880 deque

515 4891 829 4947 similibus.
864 4891 1012 4956 Quin
1064 4898 1122 4946 et
1161 4894 1229 4948 de
1272 4893 1482 4949 virtute
1513 4893 1976 4951 Christianorum
2026 4913 2161 4969 pro-

513 4981 640 5052 pria
669 4985 725 5038 et
751 4981 800 5037 si
835 4983 974 5053 quid
1006 4981 1145 5038 huic
1175 4981 1490 5039 ﬁnitimum
1521 4991 1627 5039 est.
1661 4983 1738 5040 De
1760 4982 1853 5041 his
1883 4985 2157 5044 omnibus

581 5087 628 5123 ²⁶
658 5089 766 5145 lsa.
801 5105 873 5159 τι,
906 5090 960 5142 6.

2411 4627 2422 4638 .
2585 4632 2605 4642 ..
2684 4625 2707 4638 ν
2777 4622 2798 4637 οι
3191 4619 3200 4635 ι
3301 4616 3325 4635 εκ
3485 4619 3496 4637 ρ
3773 4615 3785 4634 ν
3887 4610 3899 4628 '

2278 4629 2366 4682 καὶ
2400 4621 2640 4698 αμοιϐῃς
2673 4646 2748 4678 ων
2781 4641 2999 4682 εκαστος
3050 4620 3100 4674 ἐν
3145 4621 3249 4693 βιῳ
3298 4622 3663 4693 οιεπρσξατο.
3715 4617 3791 4673 Ou
3835 4631 3927 4682 μο-

2280 4738 2368 4771 νον
2400 4714 2454 4770 δε
2485 4711 2632 4769 ἀλλὰ
2661 4713 2752 4768 καὶ
2801 4713 2924 4786 περί
2964 4713 3006 4747 ³⁸
3036 4717 3133 4778 τῆς
3164 4713 3259 4763 τοῦ
3309 4709 3520 4772 παντὸς
3567 4700 3922 4778 δημιουργίας

2273 4806 2362 4860 καὶ
2394 4805 2673 4879 προνοίας,
2705 4799 3034 4876 παραδείσου
3066 4821 3123 4855 τε
3153 4799 3242 4854 καὶ
3293 4803 3403 4854 τῶν
3457 4797 3782 4871 συστοίχων
3809 4788 3925 4845 τοὺ·

2270 4915 2406 4960 τοις,
2460 4893 2550 4947 καὶ
2583 4890 2648 4962 δὴ
2695 4891 2784 4946 καὶ
2821 4896 2947 4963 mp"
2977 4891 3178 4964 ἀρετῆς
3226 4895 3326 4956 τῆς
3375 4888 3534 4960 παρὰ
3585 4882 3925 4959 Χριστιανοὶ(

2269 4985 2634 5057 ἀσκουμὲνης,
2690 4980 2779 5036 καὶ
2829 4979 2882 5035 εἷ’
2922 4978 3124 5049 ταύτης
3173 4976 3598 5052 παραπλήσιον,
3643 4971 3769 5049 περὶ
3805 4966 3922 5024 10°5-

1862 5181 2097 5240 VARIIE
2145 5183 2547 5240 LECTIONES.

571 5285 610 5320 ³¹
640 5282 823 5358 ἕτεραι
857 5284 1261 5358 apographum
1292 5286 1593 5358 Stephani.

499 5354 546 5390 ³⁸
574 5357 656 5431 τε]
692 5353 832 5431 δέλς.
865 5353 1001 5431 τόΔᾸ
1031 5373 1047 5431 :_
1078 5353 1171 5431 τόν
1205 5377 1253 5418 ς.
1328 5353 1433 5412 ³⁵’ὁ
1463 5360 1594 5416 add.
1631 5375 1718 5431 pr.
1753 5353 1821 5415 Av.

493 5427 584 5480 καί
627 5425 671 5485 ξ.
749 5426 794 5461 ³⁸
826 5425 948 5499 περί
984 5429 1116 5484 add.
1154 5436 1220 5484 A.

1687 5286 1732 5322 ³³
1763 5283 1967 5360 σχόλια
1995 5295 2064 5356 Α,
2099 5286 2266 5364 σχολ.
2372 5290 2432 5355 C,
2466 5288 2859 5362 superscripto
2891 5284 2926 5342 λ
2953 5304 2964 5342 :
3007 5283 3239 5365 σχόλιον
3269 5305 3314 5348 ς.

1687 5376 1718 5414 f.
1753 5365 1821 5415 A.
1947 5359 1992 5395 ³⁸
2018 5357 2207 5415 ἕνωσιν
2238 5365 2320 5418 A:
2373 5360 2596 5416 κένωσιν
2628 5362 2669 5418 C
2699 5381 2747 5422 ς.
2770 5356 3018 5431 Ἡσαΐας]
3051 5377 3176 5432 cap.
3208 5359 3304 5429 VI,
3333 5358 3383 5412 6.

3407 5284 3463 5321 ³³
3496 5282 3850 5340 διασαφεῖται
3880 5297 3925 5338 ς.

2372 5290 2432 5355 C,
2466 5288 2859 5362 superscripto
2891 5284 2926 5342 λ
2953 5304 2964 5342 :
3007 5282 3239 5364 σγόλιον
3269 5305 3314 5348 ς.
3407 5284 3463 5321 ³³
3496 5282 3850 5356 διασαφεὶται
3880 5297 3925 5338 ς.

2373 5360 2596 5413 κένωσιν
2628 5362 2669 5413 C
2699 5381 2747 5413 ς.
2770 5356 3018 5413 Ἡσαΐαςί
3051 5353 3176 5413 (ἔξω.
3208 5359 3304 5413 VI.
3333 5358 3383 5412 6.
3523 5357 3575 5393 ³⁷
3614 5350 3925 5413 Βαϐυλωνι-

2082 5523 2312 5581 NOTAE.

562 5624 675 5705 (ἓξ)
709 5623 890 5705 Cujus
922 5625 1158 5705 emissio
1185 5636 1355 5700 atque
1385 5628 1746 5688 caeremoniae
1778 5630 1954 5687 Levit.
1981 5647 2075 5689 xv1
2108 5631 2465 5705 praescripta.

561 5695 672 5769 (83)
705 5695 794 5753 Al.
833 5695 1138 5754 Unionem.
