4136 6216
343 279 426 335 ιοτ
1364 276 1896 336 BIBLIOTHECA.
1946 312 2002 320 —
2063 275 2237 336 COD.
2286 278 2515 340 CLXX.

3513 282 3632 342 498

340 432 414 466 των
434 408 629 462 ἁπάντων
654 409 694 444 ³⁹
720 404 948 476 Ἕλλησί
979 427 1038 462 τε
1067 407 1154 461 καὶ
1202 405 1529 483 Αἰγυπτίοις
1578 407 1667 461 καὶ
1721 406 1864 465 Χαλ-

1985 411 2231 478 Graecos,
2295 412 2610 484 Egyptios,
2657 412 2976 480 Chaldaeos,
3028 419 3085 470 et
3134 431 3282 486 quos
3333 414 3630 471 nominavi

340 496 460 557 δαῖοις
504 497 575 551 καὶ
624 502 727 556 τοῖς
764 493 1186 568 προειρημένοις
1233 496 1356 570 [381
1412 499 1505 570 R']
1567 495 1880 575 πεφιλοσο-

335 587 550 663 οῆσθιίτι
585 584 661 640 καὶ
715 583 1142 663 διακεκηρῦχθαι
1192 584 1242 639 ἐν
1296 582 1460 646 ἰδίοις
1517 585 1699 640 αὐτῶν
1758 605 1881 639 πει-

338 680 448 747 95:1:
494 672 715 728 δεικνύναι
774 676 1218 749 συγγράμμασιν.
1295 674 1372 730 Ού
1436 673 1598 746 μόνον
1659 672 1715 728 δὲ
1771 674 1877 729 ἀπὸ

331 768 406 817 τῶν
435 762 688 838 εἰρημένων
719 766 765 800 ⁴⁰
802 764 1003 839 ἀγείρει
1051 766 1139 818 καὶ
1190 764 1470 832 συντίθησι
1518 765 1616 825 τὰς
1673 785 1876 839 μαρτυ-

332 855 427 925 ρίας,
453 853 568 908 ἀλλά
601 857 682 909 καὶ
711 856 815 910 ἀπὸ
846 860 958 910 τῶν
991 860 1354 930 χειμεοτικῶν
1384 856 1428 893 ⁴¹
1463 856 1717 928 Ζωσίμου
1769 854 1875 910 λό-

331 939 635 1016 γωνίθηϐαῖος
665 942 709 999 δ’
747 946 813 1014 ἦν
866 945 1026 1008 οὗτος
1077 945 1480 1015 Ηανοπολίτης)
1529 945 1631 999 ούκ
1662 949 1704 982 ⁴²
1735 944 1874 1024 ἐφεί-

331 1033 493 1086 σατοτᾶ
532 1035 648 1106 [198
703 1035 796 1106 Η.]
857 1033 991 1088 αὐτά
1047 1035 1475 1103 κατασκευάζειν’
1536 1032 1586 1088 ἐν
1645 1036 1732 1096 οἷς
1786 1034 1874 1088 καὶ

325 1115 549 1191 Ἑϐραϊκῶν
600 1119 789 1192 λέξεων
850 1125 896 1158 ⁸³
953 1121 1217 1178 ἐκτίθεται
1275 1122 1568 1196 σημασίας,
1623 1123 1712 1178 καὶ
1769 1127 1876 1176 τῶν

314 1212 555 1268 ἀποστόλων
596 1213 816 1277 ἕκαστος
879 1209 1003 1269 ἔνθα
1049 1236 1107 1270 τε
1137 1217 1182 1251 “
1220 1215 1282 1270 τὸ
1334 1218 1603 1289 σωτήριον
1651 1215 1873 1288 ἐκήρυξε

315 1303 496 1372 μάθημα,
550 1305 629 1358 καί
679 1305 730 1359 ἐν
794 1307 839 1377 ᾧ
897 1303 1052 1376 τόπῳ
1108 1309 1216 1359 τῶν
1275 1305 1632 1377 ἀνθρωπίνων
1689 1303 1870 1358 πόνων

310 1389 588 1449 ἀνεπαύσατο.
618 1395 736 1450 Ἐπί
788 1393 936 1449 τέλει
983 1391 1040 1448 δὲ
1084 1399 1192 1449 τῶν
1242 1393 1420 1468 λόγων
1477 1394 1566 1448 καὶ
1615 1394 1871 1469 παραίνε-

308 1477 496 1535 metu
522 1485 874 1551 κατατίθεται,
918 1482 1334 1558 γνωμολογίαις
1384 1504 1443 1538 τε
1485 1487 1594 1538 τῶν
1639 1481 1742 1555 ἔξω
1782 1483 1870 1538 καὶ

307 1572 528 1645 Γρκρικοῖς
581 1572 796 1647 λογίοις
851 1573 1049 1639 ταύτην
1118 1572 1453 1651 συνυφαίνων
1519 1573 1610 1626 καὶ
1689 1570 1868 1627 διαπι-

305 1658 540 1730 ποῦμενος·
587 1659 636 1716 ἐν
766 1662 1004 1736 μάλιστα
1050 1663 1112 1717 τὸ
1171 1660 1462 1736 φιλάρετον
1521 1667 1617 1716 τοῦ
1674 1659 1867 1735 ἀνδρὸς

303 1749 427 1802 καίτό
455 1751 518 1804 εἰς
545 1747 811 1807 εύσὲϐειαν
844 1747 1178 1822 ἀδιάϐλητον
1212 1747 1352 1806 ἔστιν
1383 1750 1698 1825 ἐπιγνῶναι.

347 1836 390 1890 ’Π
415 1834 460 1891 δὲ
481 1843 573 1892 τῶν
620 1838 808 1915 λόγων
848 1840 1010 1894 αὐτοῦ
1059 1841 1102 1875 ⁴⁵
1152 1838 1263 1894 ἰδέα
1322 1838 1420 1894 οὐκ
1464 1840 1730 1917 ἀφέστηκε
1772 1845 1869 1896 τοῦ

298 1922 400 1994 μηδὲ
428 1924 524 1982 ἰδέα
550 1930 702 1984 εἶναι·
740 1931 776 1999 ἢ
808 1951 866 1984 τε
895 1930 995 2004 γάρ
1029 1931 1268 1999 συνθήκη
1317 1929 1369 1984 ὲν
1415 1930 1655 1990 πολλοῖς
1701 1931 1871 1993 οὕτως

295 2013 598 2087 ἆπημεληται,
653 2021 746 2074 καὶ
782 2021 817 2088 ἡ
871 2018 1014 2092 λέξις
1074 2017 1161 2075 ἐπὶ
1209 2025 1493 2087 τοσοῦτον,
1549 2020 1686 2075 ὥστε
1731 2019 1871 2094 μηδὲ

294 2107 368 2157 τῶν
508 2107 723 2182 τριόδου
787 2107 1049 2184 ῥημάτων
1099 2107 1268 2164 ἐνίοτε
1327 2107 1622 2188 φείδεσθαι.
1684 2111 1777 2164 Καὶ
1839 2111 1866 2164 ὁ

295 2198 385 2255 νῡῦς
411 2193 455 2250 δὲ
480 2203 576 2252 τῶν
608 2198 975 2277 γραφομένων
1007 2197 1152 2270 αύτῴ
1183 2195 1455 2260 πολλάκις
1505 2195 1655 2253 οὐδὲν
1708 2198 1866 2272 ἆμειο

289 2286 604 2341 νων.Καίτόν
652 2289 756 2361 μὲν
793 2291 892 2341 τοῦ
931 2284 1123 2361 ἀνδρὸς
1172 2287 1338 2342 πόνον
1387 2286 1478 2342 καὶ
1525 2287 1618 2342 τὸν
1665 2289 1866 2344 σκοπὸν

287 2370 353 2425 οὐκ
376 2373 420 2426 ἄν
444 2397 515 2436 τις
541 2375 907 2454 εὖγνωμονῶν
937 2377 1328 2454 ἐπιμέμφοιτο,
1361 2376 1540 2432 οὐκέτι
1573 2375 1620 2432 δ’
1659 2377 1866 2450 ὁμοίως

282 2461 342 2513 καί
378 2464 424 2518 τὸ
467 2462 630 2541 ἔργον.
697 2465 780 2524 Οὐ
835 2465 975 2542 ῥητὰ
1020 2468 1122 2542 γάρ
1171 2466 1338 2540 μόνον
1390 2466 1440 2522 ἐν
1491 2465 1728 2528 πολλοῖς
1778 2468 1864 2522 καὶ

280 2548 490 2615 πολλάκις
516 2554 836 2629 ἀνάρμοστα
878 2560 994 2616 τοῖς
1042 2551 1330 2629 ἡμετέροις
1384 2557 1551 2618 θείοις
1600 2553 1861 2630 δόγμασιν

281 2634 536 2711 ἱξαρμόζειν
576 2639 913 2713 ἐκϐιάζεται,
963 2643 1111 2700 ἀλλὰ
1167 2646 1257 2699 καὶ
1318 2648 1520 2717 μύθους
1579 2646 1667 2699 καὶ
1729 2644 1865 2699 ὀνεί-

274 2745 372 2798 ρους
393 2733 500 2794 τοὺς
534 2737 660 2804 παρ’
720 2731 898 2787 αὐτῶν
948 2732 1160 2788 ἐκείνων
1218 2734 1324 2789 τῶν
1379 2735 1640 2788 τεκόντων
1687 2733 1864 2807 γελω-

275 2815 424 2884 μὲνους
451 2821 528 2890 ἂν,
558 2822 669 2899 εἷ’γε
727 2829 1026 2900 σωφρονεῖν
1072 2817 1330 2897 ἔμελλον.
1362 2823 1424 2879 Ὀ
1468 2820 1524 2877 δὲ
1567 2819 1691 2877 οὐδὲ
1739 2823 1863 2877 τού-

269 2923 361 2968 τθυς
401 2907 559 2987 λέγειν
603 2917 955 2988 παραιτεῖται
996 2916 1064 2986 τῇ
1123 2911 1364 2986 ἡμετέρᾳ
1421 2912 1678 2988 θεοσοφίᾳ
1727 2933 1863 2986 συμο

271 2994 488 3072 signant,
518 3001 662 3057 ἀλλά
713 3001 807 3056 καί
839 3002 1059 3057 σπεύδει
1101 3002 1200 3070 τήν
1247 3001 1299 3056 ἐν
1359 3007 1474 3064 τοῖς
1526 3002 1717 3074 μύθοις
1773 3001 1864 3055 καὶ

270 3079 446 3154 ὀνείροις
472 3087 776 3145 ἀλλόκοτον
806 3087 1012 3144 ἔννοιαν
1061 3088 1138 3150 είς
1186 3089 1281 3150 τὰς
1328 3087 1550 3158 ἀληθεῖς
1602 3087 1688 3142 καὶ
1738 3088 1858 3142 θεο-

265 3181 438 3239 πρεπεῖς
492 3179 576 3232 καὶ
635 3179 1104 3256 ἀπαραγράπτους
1181 3179 1270 3232 καὶ
1351 3177 1590 3248 καθαρὰς
1650 3175 1857 3240 ἐννοίας

265 3265 337 3314 τοῦ
371 3266 497 3322 θείου
543 3265 827 3344 δόγματος
873 3267 1234 3323 ἀνατίθεσθαι·
1293 3265 1344 3338 ἐξ
1393 3267 1470 3321 ὧν
1520 3264 1712 3337 κέρδος
1772 3269 1866 3339 μὲν

264 3350 353 3407 οὐδ’
377 3357 536 3413 ὁτιοῦν
561 3366 630 3434 τῇ
693 3354 960 3431 εὐσεϐείᾳ,
1007 3358 1262 3438 ἆφορμᾶς
1297 3355 1354 3412 δὲ
1385 3353 1564 3426 λαϐῆς
1605 3359 1721 3412 κατ’
1771 3357 1868 3412 αύ-

263 3445 340 3507 fit
364 3451 463 3506 τοῖς
488 3447 789 3524 φλαιτίοις
834 3448 936 3502 ούκ
975 3445 1035 3501 ἄν
1081 3447 1297 3522 ἀλόγως
1346 3444 1476 3520 δόξῃ
1526 3445 1864 3519 πορίζεσθαι,

263 3527 449 3604 εῗγεκαξ
493 3539 556 3592 τὰ
604 3533 787 3610 μηδὶν
839 3540 1208 3610 προσήκοντα,
1268 3535 1415 3591 ἀλλὰ
1460 3535 1546 3590 καὶ
1593 3535 1666 3597 ὡς
1705 3541 1866 3590 π)κεῖ-

264 3638 359 3673 στον
386 3623 811 3704 ἆπεμφαίνοντα,
846 3625 1260 3704 ἐπιχειροῦντάς
1309 3646 1458 3687 τινας
1507 3629 1614 3681 τῶν
1661 3623 1861 3696 ἡμετέ-

265 3725 351 3777 ρων
392 3708 552 3785 ἕξουσι
613 3712 878 3769 δεικνύειν
939 3713 1014 3775 εἷς
1068 3714 1318 3768 σύστασιν
1377 3721 1477 3782 τῆς
1533 3709 1864 3786 ἀπροσδεοῦς

265 3801 333 3850 καὶ
362 3803 513 3873 μόνης
541 3807 788 3876 καθαρᾶς
842 3804 931 3858 καὶ
982 3804 1222 3873 ἀληθοῦς
1271 3802 1523 3877 λατρείας
1572 3805 1758 3876 ἡμῶν,
1803 3802 1867 3857 τὰ

263 3881 441 3945 ἰκείνων
504 3890 936 3967 ἐκϐιαζομένους
992 3893 1079 3948 καὶ
1124 3891 1530 3968 ἐπιχειροῦντας
1588 3891 1664 3954 εἰς
1724 3912 1864 3964 συμ-

263 3979 423 4049 ξωνῖαν
453 3981 618 4057 ἄγειν,
652 3985 688 4038 ’ἁ
719 3981 888 4038 πλέον
930 3983 1064 4056 πρὸς
1110 3982 1176 4037 τὰ
1222 3980 1462 4056 ἡμέτερα
1491 3977 1527 4049 ἤ
1558 3981 1620 4035 τὸ
1671 3981 1863 4043 σκότος

257 4067 363 4138 πρὸς
385 4073 440 4125 τὸ
474 4079 586 4143 φῶς
637 4071 938 4142 διέστηκεν·
1006 4069 1172 4126 ὑπέδυ
1232 4067 1288 4125 δὲ
1339 4071 1430 4125 τὸν
1486 4067 1857 4147 πολύμοχθον

254 4160 457 4215 vitavi)
494 4160 784 4234 ἄνθρωπος
834 4159 1019 4230 πόνον,
1073 4159 1148 4222 ὡς
1197 4159 1358 4222 αὐτὸς
1405 4157 1676 4219 πολλάκις
1732 4156 1856 4228 ἐδή-

253 4239 420 4318 λωσεν,
468 4248 557 4305 ’ἕνα
618 4248 798 4323 δείξας
846 4251 907 4305 τὸ
966 4251 1301 4325 Χριστιανῶν
1359 4247 1540 4326 δόγμα
1603 4247 1654 4302 ἐν
1704 4253 1864 4302 πᾶσιν

252 4329 396 4390 ἔθνεσι
424 4337 904 4413 προκαταγγελθὲν
933 4338 1077 4412 παρὰ
1109 4343 1217 4392 τῶν
1261 4337 1311 4391 ἐν
1364 4338 1607 4399 ἑκάστοις
1657 4335 1866 4412 λογίων

250 4425 322 4475 καὶ
371 4429 902 4504 προκηρύττόμενον,
984 4428 1439 4502 ἀναπολογήτους
1493 4425 1680 4502 ἐλέγξῃ
1737 4425 1866 4486 τοὺς

1991 506 2226 556 caeteros
2293 502 2754 574 pbilosophatos,
2806 503 3127 574 eademque
3193 503 3315 559 suis
3369 504 3632 574 ipsorum

1988 590 2221 663 scriptis
2250 591 2602 664 divulgasse,
2635 594 2943 649 ostendere
2987 593 3210 649 nititur.
3268 592 3466 665 Neque
3499 610 3631 649 vero

1990 681 2193 736 horum
2243 683 2646 737 tantummodo
2699 682 3030 737 testimonia
3080 689 3354 752 congesta
3405 681 3626 750 laudat,

1987 776 2162 840 atque
2194 771 2451 836 advocat,
2486 773 2588 826 sed
2636 776 2690 826 et
2721 788 2751 826 e
2800 771 3026 842 frigidis
3058 772 3166 842 (84)
3216 771 3430 826 Zosimi
3463 770 3628 826 libris

1988 860 2182 931 petita.
2218 860 2532 914 Thebanus
2566 859 2671 914 fuit.
2705 861 2793 915 hic
2823 860 3178 932 PanOpolita,
3205 859 3304 931 qui
3338 875 3521 930 neque
3543 877 3629 914 ar-

1985 952 2276 1020 gumentis
2307 952 2504 1004 eadem
2540 949 2780 1021 probare
2812 949 3084 1021 neglexit,
3109 949 3167 1003 in
3196 949 3414 1020 quibus
3445 954 3500 1005 et
3521 949 3627 1005 He-

1985 1038 2312 1094 braicarum
2331 1054 2535 1093 vocum
2561 1037 3018 1109 signiﬁcationes
3047 1038 3303 1109 exponit,
3328 1041 3384 1092 et
3406 1038 3626 1110 singuli

1987 1128 2225 1182 ubinam
2252 1127 2507 1183 locorum
2524 1125 2770 1198 apostoli
2794 1128 3114 1182 salutarem
3132 1125 3450 1181 doctrinam
3478 1143 3625 1198 prae-

1984 1218 2252 1284 dicarint,
2287 1233 2518 1289 quaque
2549 1220 2766 1271 ratione
2799 1215 3074 1272 humanis
3105 1215 3260 1271 curis
3292 1231 3357 1270 ac
3407 1215 3627 1272 labori-

1983 1307 2092 1362 bus
2123 1305 2243 1361 sint
2273 1307 2550 1361 defuncti.
2586 1307 2772 1360 Donec
2804 1306 2872 1360 ad
2908 1306 3082 1360 ﬁnem
3123 1304 3358 1360 tandem
3411 1305 3622 1361 horum

1982 1395 2290 1461 librorum,
2315 1411 2478 1450 suam
2504 1410 2731 1466 quoque
2752 1396 2918 1449 all‘ert
2941 1394 3424 1464 admonitionem,
3449 1411 3622 1465 quam

1981 1485 2241 1554 gentium
2293 1484 2617 1551 sententiis,
2669 1501 2734 1539 ac
2801 1484 3112 1556 Scriptura.-
3163 1483 3306 1540 locis
3373 1485 3623 1540 contexit

1978 1579 2156 1645 atque
2188 1574 2524 1628 confirmat:
2558 1573 2618 1627 in
2646 1589 2757 1643 qua
2783 1573 3158 1644 potissimum
3183 1573 3440 1629 hominis
3464 1573 3623 1628 illius

1978 1680 2108 1718 cum
2134 1663 2364 1718 virtutis
2388 1663 2672 1730 studium,
2690 1669 2814 1718 tum
2838 1663 3301 1720 nulliobnoxiam
3325 1662 3620 1719 calumniae

1901 1784 1947 1849 Β
1981 1753 2245 1825 pietatem
2278 1752 2411 1809 licet
2443 1769 2774 1823 agnoscere.

2049 1844 2128 1898 Ad
2164 1843 2445 1899 orationis
2478 1859 2608 1898 vero
2659 1843 2784 1912 ejus
2835 1843 3013 1898 ideam
3061 1845 3215 1915 quod
3267 1843 3500 1909 attinet,
3552 1859 3619 1899 ea

1979 1931 2136 1987 nulla
2167 1949 2294 1988 esse
2327 1949 2492 2003 posse
2522 1933 2773 1988 videtur.
2809 1932 2951 1989 Nam
2985 1938 3043 1988 et
3072 1933 3414 2004 compositio
3447 1934 3528 1987 ita
3559 1933 3618 1988 in

1981 2022 2272 2094 plerisque
2304 2023 2562 2093 neglecta
2593 2031 2699 2091 est,
2752 2022 3007 2092 ipsaeque
3037 2023 3180 2078 adeo
3221 2022 3526 2088 dictiones,
3560 2027 3621 2076 ut

1981 2129 2084 2168 nec
2117 2131 2150 2168 a
2181 2113 2504 2168 trivialibus
2537 2113 2828 2167 interdum
2861 2112 3049 2167 verbis
3081 2113 3405 2167 abstineat:
3440 2118 3496 2167 et
3526 2128 3620 2167 eo-

1979 2218 2103 2257 rum
2133 2203 2268 2257 item
2296 2219 2417 2272 quae
2449 2203 2654 2258 scribit
2675 2201 2967 2258 sententia
2985 2200 3167 2256 nihilo
3189 2201 3278 2256 his
3303 2201 3620 2271 aliquando

1979 2292 2179 2347 melior
2207 2293 2417 2346 evadit.
2452 2294 2636 2356 Quare
2693 2291 2801 2346 etsi
2859 2290 3112 2348 laborem
3147 2291 3275 2359 viri,
3315 2292 3504 2346 11πὸ
3556 2306 3622 2348 ac

1976 2398 2216 2453 scopum
2249 2381 2517 2436 cordatus
2549 2397 2718 2436 nemo
2752 2381 2958 2436 merito
2990 2380 3400 2450 reprehendat,
3427 2381 3618 2450 ipsum

1972 2475 2164 2526 tamen
2191 2486 2337 2539 opus
2370 2486 2484 2525 non
2518 2468 2755 2541 perinde
2785 2484 2848 2523 se
2872 2469 3066 2524 habet.
3089 2467 3212 2524 Non
3242 2470 3434 2523 solum
3458 2469 3614 2522 enim

1973 2559 2347 2614 dissentanea
2377 2573 2528 2628 saepe
2559 2559 2617 2612 in
2652 2555 2856 2611 multis
2888 2557 3041 2612 dicta
3073 2556 3282 2611 divina:
3315 2559 3524 2610 nostra:
3547 2556 3614 2608 ﬁ-

1971 2648 2063 2702 dei
2096 2646 2535 2702 accommodare
2586 2645 2833 2713 nititur;
2866 2661 3066 2700 verum
3096 2644 3268 2698 etiam
3293 2643 3524 2698 fabulas
3547 2659 3613 2698 ac

1971 2735 2218 2802 somnia,
2251 2751 2376 2805 quae
2408 2732 2494 2788 vel
2527 2734 2599 2788 ab
2631 2734 2915 2804 ipsismet,
2939 2732 3034 2802 qui
3069 2730 3612 2803 prodideruntscri-

1972 2823 2258 2896 ptoribus,
2290 2823 2338 2878 si
2363 2823 2503 2894 quid
2527 2827 2819 2893 saperent,
2848 2820 3199 2876 irrideantur
3224 2836 3237 2874 :
3265 2836 3392 2892 quae
3418 2825 3613 2874 tamen

1969 2913 2068 2968 ille
2099 2913 2439 2969 Christiana
2472 2917 2682 2968 nostra:
2734 2911 2866 2966 lidei
2911 2910 3232 2967 conducere
3263 2909 3406 2964 adeo
3453 2909 3613 2964 afﬁr-

1971 3019 2130 3060 mare
2161 3020 2277 3059 non
2301 3007 2549 3073 veretur,
2572 3006 2631 3058 ut
2661 3001 2920 3057 studiose
2942 3016 3176 3072 quoque
3206 2998 3533 3055 fabularum
3557 3004 3618 3056 et

1974 3095 2338 3149 somniorum
2367 3091 2624 3148 alienum
2655 3107 2896 3146 sensum
2928 3089 2987 3145 in
3019 3105 3202 3158 veros,
3228 3089 3375 3162 pios,
3410 3104 3617 3159 puros-

1979 3197 2093 3252 que
2123 3197 2186 3236 ac
2216 3181 2476 3238 sinceros
2507 3179 2688 3235 divini
2732 3178 3025 3251 dogmatis
3056 3194 3268 3235 sensus
3316 3179 3618 3233 traducat:

1978 3271 2136 3326 unde
2165 3275 2230 3326 ut
2257 3269 2718 3326 emolumentum
2759 3269 2994 3325 omnino
3025 3267 3250 3324 nullum
3299 3285 3448 3326 verm
3495 3268 3622 3324 reli-

1978 3359 2134 3430 gioni
2152 3361 2442 3427 attulisse,
2473 3360 2552 3415 ita
2571 3358 2924 3416 criminandi
2947 3359 3314 3415 occasionem
3339 3357 3622 3414 cavillan-

1980 3450 2130 3505 libus
2161 3450 2500 3520 prmbuisse,
2533 3465 2650 3506 non
2697 3448 2910 3520 injuria
2958 3447 3246 3505 videatur.
3302 3448 3620 3504 Ostendere

1978 3538 2267 3609 siquidem
2302 3539 2574 3607 deinceps
2605 3548 2804 3608 gentes
2835 3541 3108 3609 poterunt
3137 3554 3168 3593 e
3199 3538 3413 3592 nostris
3436 3553 3622 3608 quos-

1978 3628 2135 3693 dam,
2170 3629 2268 3698 qui
2301 3627 2371 3681 ad
2413 3626 2944 3682 commendandam
2987 3625 3324 3692 religionem
3361 3629 3617 3679 nostram

1978 3717 2127 3788 (quae
2149 3717 2272 3771 sola
2298 3731 2438 3786 pura
2464 3721 2554 3770 est
2583 3731 2650 3769 ac
2682 3730 2836 3782 vera,
2861 3729 3050 3786 neque
3081 3713 3200 3768 ulla
3252 3717 3527 3783 prseterea
3558 3727 3618 3766 re

1977 3825 2121 3879 opus
2155 3807 2345 3877 habet)
2377 3806 2667 3877 ejusmodi
2697 3807 3031 3874 adhibeant,
3056 3822 3180 3878 quin
3212 3804 3356 3860 nihil
3388 3804 3462 3860 ad
3493 3819 3614 3860 rem

1977 3896 2327 3969 pertineant,
2359 3897 2501 3967 quin
2535 3897 2848 3951 maximam
2881 3897 3077 3967 potius
3121 3902 3342 3967 partem
3379 3910 3616 3964 prorsus

1976 3987 2163 4042 aliena
2183 3990 2322 4049 sint,
2349 3985 2482 4056 quia
2506 4003 2598 4040 res
2622 3985 2854 4040 illorum
2907 3983 3216 4040 conciliare
3245 4000 3378 4039 cum
3407 3983 3616 4038 nostris

1975 4081 2278 4138 conentur,
2312 4092 2344 4131 a
2376 4075 2586 4147 quibus
2619 4081 2812 4130 tamen
2842 4073 3247 4144 nihilominus,
3273 4090 3443 4145 quam
3479 4071 3618 4127 alu-

1975 4167 2133 4222 mine
2163 4165 2436 4229 tenebrw,
2470 4165 2778 4235 disjunctaa
2811 4163 2950 4218 sint.
2991 4163 3179 4218 Subiit
3228 4179 3356 4218 vero
3407 4161 3502 4216 ille
3534 4161 3620 4216 in-

1975 4259 2201 4325 gentem
2224 4252 2381 4308 hunc
2410 4252 2684 4320 laborem,
2710 4251 2859 4322 quod
2886 4249 3616 4322 ipseidentidemtestalur,

1978 4346 2040 4396 ut
2069 4348 2326 4406 ostenso,
2367 4339 2833 4394 Christianorum
2882 4337 3210 4393 doctrinam
3245 4337 3302 4390 in
3352 4337 3622 4392 omnibus

1974 4431 2251 4502 gentibus
2275 4428 2722 4501 praenuntiatam
2749 4427 3015 4495 fuisse,et
3041 4429 3112 4482 ab
3127 4426 3622 4496 eloquentissimis

247 4509 290 4580 ἐξ
332 4514 486 4581 ἐθνῶν
533 4519 654 4575 ὅσοι
704 4520 779 4590 μὴ
837 4521 915 4591 τῷ
972 4515 1101 4591 θείῳ
1157 4515 1474 4591 προσῆλθον
1533 4516 1864 4591 κηρύγματι.

1981 4521 2316 4593 quibusque
2337 4518 2396 4574 in
2416 4516 2668 4590 singulis
2686 4518 3019 4573 nationibus
3043 4514 3438 4586 praedicatum,
3464 4515 3620 4571 inex-

247 4603 326 4656 Kai
356 4607 382 4660 ό
413 4610 503 4680 μὶν
544 4608 755 4672 σκοπὸς
802 4606 1103 4675 ἐπαινετὸς,
1151 4606 1251 4663 οὐκ
1295 4605 1403 4673 ἔδει
1454 4604 1510 4662 δὲ
1559 4603 1630 4661 δι’
1678 4607 1750 4660 ὧν
1799 4607 1866 4675 ἦν

247 4691 422 4768 ἄπορόν
448 4717 505 4753 τε
533 4697 627 4754 καὶ
659 4697 945 4768 ἀπίθανον,
983 4695 1128 4752 ἀλλὰ
1177 4693 1247 4751 δι’
1281 4696 1352 4750 ὧν
1391 4695 1648 4772 ἐνεχώρει
1700 4696 1790 4750 καὶ
1830 4698 1864 4765 ἡ

243 4779 402 4848 πίστις
433 4789 736 4860 συνείπετο,
766 4791 960 4842 τοῦτον
997 4787 1360 4862 περαίνεσθαι.

1979 4609 2272 4666 cusabiles
2302 4625 2401 4665 eos
2426 4623 2627 4665 omnes
2657 4607 2809 4662 inter
2839 4614 3042 4678 gentes
3071 4621 3199 4662 esse
3230 4605 3617 4670 convinceret,

1979 4700 2078 4772 qui
2108 4699 2316 4755 divinae
2349 4714 2464 4754 non
2495 4697 2615 4753 sint
2644 4697 2870 4752 assensi
2902 4696 3202 4753 doctrina.
3247 4693 3352 4761 Qui
3383 4695 3617 4766 quidem

1978 4804 2193 4860 scopus
2223 4787 2551 4844 laudandus
2581 4801 2721 4842 sane
2750 4790 2858 4854 est,
2881 4787 2982 4842 etsi
3016 4803 3130 4842 non
3164 4785 3464 4856 Oportebat
3485 4800 3617 4840 eum

239 4885 329 4943 per
354 4877 528 4935 dubia
555 4884 613 4936 et
643 4877 1014 4935 incredibilia
1042 4877 1272 4946 confici,
1304 4876 1404 4934 sed
1437 4892 1538 4950 per
1567 4893 1635 4933 ea
1675 4881 1903 4934 tantum
1934 4892 2180 4949 quorum
2227 4885 2282 4933 et
2331 4875 2572 4932 facultas
2625 4875 2917 4946 ejusmodi
2957 4879 3132 4946 esset,
3174 4878 3230 4931 et
3269 4891 3398 4946 quae
3441 4873 3616 4929 ﬁdem

235 4959 557 5028 invenirent.

293 5053 364 5109 Τὸ
394 5056 577 5128 μέντοι
609 5053 785 5131 ὄνομα
813 5053 913 5112 τοῖ’)
943 5055 1338 5131 συντεταχότος
1375 5057 1442 5112 τὰ
1469 5055 1644 5135 τεύχη
1685 5055 1855 5131 μέχρι

230 5141 308 5192 νῦν
338 5141 430 5198 οὐκ
459 5139 695 5220 ἔσχομεν
734 5143 954 5202 εἰδέναι·
998 5144 1060 5200 ού
1111 5144 1216 5221 γὰρ
1264 5143 1540 5223 ένεφέρετο
1593 5149 1712 5206 τοῖς
1765 5145 1856 5219 βι-

2035 5058 2179 5129 Ejus
2210 5060 2408 5114 autem
2440 5058 2542 5129 qui
2579 5057 2704 5112 hac
2743 5054 3042 5112 volumina
3091 5054 3350 5127 collegit,
3402 5069 3614 5110 nomen

1967 5161 2313 5219 cognoscere
2333 5147 2403 5203 ad
2428 5146 2579 5202 hanc
2609 5147 2762 5202 diem
2789 5162 2903 5202 non
2926 5145 3087 5218 potui
3115 5146 3244 5217 (nec
3269 5145 3428 5202 enim
3451 5143 3609 5214 libri,

1557 5271 1801 5327 VARl/E
1842 5271 2256 5328 LECTIONES.

290 5367 330 5403 ³⁸
368 5369 580 5447 πάντων
621 5392 671 5436 ς.
706 5445 721 5447 _
749 5370 811 5447 ⁸ο-
842 5369 1257 5447 προειρημένων
1310 5390 1360 5434 ς.
1439 5370 1482 5409 ⁴¹
1531 5375 1882 5446 χυμευτικῶν
1938 5387 2090 5430 corr.
2162 5374 2226 5428 A.

235 5436 275 5469 ⁸⁴
302 5457 354 5493 τι
380 5445 512 5502 add.
541 5447 604 5501 Δ.
677 5445 725 5480 ⁴⁸
755 5436 902 5517 αύτῷ
933 5463 982 5507 ς.

2305 5370 2351 5406 ⁴²
2393 5368 2492 5424 οὐκ
2518 5373 2559 5426 Α
2596 5387 2607 5425 :
2642 5370 2700 5431 ’ὸς
2751 5369 2850 5425 οὐκ
2881 5390 2929 5434 ς.
2967 5374 2984 5384 “
3007 5371 3055 5407 ⁴³
3085 5369 3283 5442 λέξεων
3315 5374 3361 5429 Α
3397 5388 3410 5428 :
3445 5372 3623 5450 λόγων

1799 5542 2036 5599 NOTAE.

298 5649 398 5725 (84)
429 5653 509 5710 De
539 5653 703 5726 cujus
734 5653 980 5712 historia
1015 5651 1181 5709 Phot.
1215 5623 1346 5726 sup.
1382 5651 1509 5707 cod.
1544 5652 1632 5706 88.
