4136 6216
414 324 531 388 499

1612 318 1873 381 PHOTII
1922 315 2444 378 PATRIARCHE
2486 318 2603 380 ΟΡ.

3695 317 3814 378 500

412 475 562 531 quos
590 458 864 526 vidimus,
898 458 953 512 id
988 456 1423 528 praeferebant);
1459 453 1603 510 illud
1639 456 1891 517 tantum,
1914 455 2058 506 Con-

2186 443 2374 515 ἲλίοις,
2407 450 2504 503 ὅσα
2535 446 2771 523 εἴδομεν,
2815 447 2962 518 πλήν
3013 469 3072 523 γε
3120 446 3186 517 δὴ
3238 449 3323 502 δτι
3373 448 3822 504 Κωνσταντινού-

412 546 792 619 stantinopoli
823 563 884 602 se
908 562 1040 601 cum
1071 561 1245 600 uxore
1268 561 1335 601 ac
1356 544 1557 601 liberis
1585 559 1652 598 ex
1676 559 1743 599 ea
1774 541 2063 609 susceptis

416 638 704 704 habitare,
766 643 941 707 atque
1017 639 1149 706 post
1228 633 1473 690 Heraclii
1522 639 1786 704 tempora
1850 629 2061 685 vixisse

419 728 695 784 ostendit.

1130 813 1356 871 CLXXI.

415 905 692 961 Eustratii
720 905 932 975 Magnae
980 906 1165 960 eccles.
1217 904 1420 972 presb.,
1468 904 1543 975 De
1580 902 2063 975 uita/unctorum

483 979 691 1032 animis
736 970 998 1031 trdctatus
1039 992 1123 1032 ιιι.
1176 970 1244 1017 -ὲ
1313 970 2061 1046 Chrysippiﬂierosolymo-

482 1066 609 1104 rum
635 1050 815 1120 presb.
845 1049 1083 1103 Historia
1114 1048 1181 1103 de
1204 1044 1507 1102 Gamalicle
1536 1050 1587 1101 ει
1616 1044 1926 1100 Nicodemo.

488 1210 761 1282 Legimus
796 1210 1006 1265 librum
1037 1210 1317 1265 Eustratii
1351 1209 1571 1280 Magnae
1613 1206 1869 1263 ecclesias
1931 1222 2060 1277 pre-

416 1300 653 1371 sbyteri,
674 1300 773 1370 qui
797 1300 1053 1355 oratione
1077 1299 1309 1371 quidem
1335 1315 1473 1354 usus
1497 1296 1837 1353 estminime
1860 1294 2063 1350 lauda-

419 1388 544 1453 bili,
579 1391 681 1443 sed
716 1388 1083 1459 argumentis
1116 1405 1228 1443 non
1264 1387 1581 1442 admodum
1631 1384 1979 1457 culpandis:
2013 1391 2066 1439 et

418 1477 595 1532 dictio
627 1478 755 1549 ipsa
789 1478 1093 1548 perspicua
1123 1483 1225 1533 est.
1252 1478 1387 1532 Tria
1412 1476 1777 1548 potissimum
1811 1472 1892 1528 illi
1928 1490 2061 1544 pro-

420 1568 628 1639 posita.
663 1566 900 1622 Primun
935 1569 1196 1637 quidem,
1229 1566 1529 1621 beatorum
1564 1564 1810 1631 animas,
1843 1579 1973 1617 mox
2002 1566 2067 1616 ut

422 1671 659 1727 corpore
690 1656 888 1711 solutae
922 1657 1061 1723 sint,
1094 1657 1355 1727 operari:
1410 1671 1515 1712 nec
1564 1654 1861 1709 beatorum
1913 1653 2062 1707 dun-

419 1752 601 1813 taxat,
635 1748 734 1800 sed
769 1751 826 1801 et
863 1745 1124 1814 omnino,
1159 1749 1331 1817 prout
1378 1744 1627 1816 quisque
1677 1743 1920 1798 meritus
1966 1741 2064 1807 sit,

2169 536 2333 592 πολιν
2366 534 2517 610 ᾤκει,
2552 538 2765 615 γυναικί
2795 559 2852 593 τε
2880 538 3038 611 νόμῳ
3069 539 3251 613 γάμου
3283 536 3511 609 συνῴκει
3556 538 3645 591 καὶ
3699 543 3823 599 τοῖς

2168 627 2219 699 ἐξ
2252 628 2425 691 αὐτῆς
2458 629 2626 683 αὐτοῦ
2658 627 2834 696 παισὶ,
2866 629 2951 683 καὶ
2997 629 3079 683 ὅτι
3134 626 3268 700 μετᾶ
3314 627 3437 688 τεὺς
3486 624 3818 702 Ἡρακλείου

2168 718 2404 796 χρόνους
2432 718 2523 773 τὸν
2557 718 2673 792 βίον
2707 716 2951 788 διήνυσεν
2976 717 3040 774 ⁸⁸.

2168 894 2503 970 Εὐστρατίου
2626 890 2993 970 πρεσϐυτέρου
3121 893 3396 970 Μεγάλης*
3450 892 3815 970 ΑἘκκλησίας

2240 964 2369 1044 ρερὶ
2461 971 2624 1041 τριῶν
2670 964 2678 970 ’
2730 964 2909 1044 τινων
2984 964 3297 1044 κεφαλαίων
3342 964 3655 1044 νδιηάληψις·
3711 998 3817 1044 7—:

2237 1034 2552 1113 Χρύσιππος
2602 1034 3069 1113 Απρεσδύτερρ(
3165 1034 3569 1111 Ἱεροσολύμων
3676 1037 3815 1113 Περὶ

2240 1113 2336 1163 τοῦ
2370 1109 2661 1183 Γαμαλιὴλ
2702 1106 2791 1164 καὶ
2824 1106 3171 1182 Νικοδήμου.

2240 1200 2366 1269 [384
2400 1199 2492 1268 R.]
2542 1199 2879 1271 Ἀνεγνώσθη
2930 1193 3148 1253 ϐιϐλίον
3200 1195 3530 1272 Εὐστρατίου
3578 1194 3813 1273 πρεσϐυ-

2166 1287 2325 1365 τέρου
2365 1297 2464 1358 τῆς
2514 1288 2763 1364 μεγάλης
2817 1289 3170 1361 Ἐκκλησίας,
3219 1291 3407 1369 φράσει
3460 1291 3551 1362 μὲν
3604 1290 3822 1365 συγκεί-

2174 1399 2334 1451 μενον
2368 1378 2467 1433 ούκ
2516 1379 2787 1453 ἐπαινετῇ,
2837 1378 3135 1455 λογισμοῖς
3188 1377 3244 1434 δὲ
3294 1379 3353 1434 ού
3400 1378 3521 1434 λίαν
3569 1383 3816 1453 ψεκτοῖςο

2170 1468 2346 1543 σαφὴς
2378 1464 2425 1521 δ’
2474 1470 2500 1522 ὁ
2552 1467 2738 1544 λόγος.
2797 1470 2860 1524 Ἠ
2917 1467 2973 1523 δὲ
3028 1470 3289 1542 πρόθεσις
3344 1473 3424 1540 τῷ
3481 1466 3629 1538 ἀνδρὶ
3688 1470 3822 1543 τρία

2168 1560 2340 1610 ταῦτα
2372 1564 2654 1627 συστῆσαι,
2684 1557 2738 1612 ἓν
2775 1559 2868 1631 μὲν
2903 1559 2985 1613 ὅτι
3020 1560 3153 1630 μετὰ
3192 1560 3289 1628 τήν
3340 1558 3660 1633 ἀπαλλαγὴν
3716 1562 3821 1613 τοῦ

2172 1646 2425 1717 σώματος
2466 1646 2659 1701 αὐτίκα
2708 1645 3018 1721 ἐνεργοῦσιν
3073 1648 3124 1701 αἱ
3171 1651 3278 1701 τῶν
3330 1648 3457 1720 [199
3504 1649 3590 1719 ιι]
3641 1648 3819 1721 ἁγίων

2170 1736 2369 1813 ψυχαὶ,
2399 1736 2461 1791 ού
2492 1737 2655 1809 μόνον
2690 1734 2745 1791 δί
2774 1742 2881 1792 τῶν
2916 1738 3103 1812 άγίων,
3138 1736 3283 1793 άλλά
3313 1738 3402 1792 καῖ
3438 1736 3646 1805 ἁπλῶς,
3677 1740 3823 1792 κατᾶ

424 1836 685 1890 omnium
710 1834 1042 1889 hominum.
1066 1834 1305 1888 Animas
1330 1833 1481 1900 illas,
1512 1848 1637 1903 quae
1665 1830 1866 1885 multis
1886 1845 2063 1898 saepe-

2186 1826 2267 1892 τὴν
2298 1825 2500 1879 οἰκείαν
2534 1825 2728 1897 ἑκάστη
2783 1827 3018 1899 ἀξίωσιν,
3071 1832 3213 1881 πᾶσα
3265 1826 3576 1899 ἀνθρωπίνη
3631 1828 3816 1899 ψυχή.

424 1940 669 1979 numero
702 1941 850 1991 sese,
882 1924 1169 1992 variisque
1202 1924 1392 1978 modis
1441 1920 1882 1992 conspiciendas
1924 1919 2065 1973 oﬁ‘e-

426 2018 580 2079 runt,
607 2014 663 2067 in
690 2030 794 2067 sua
828 2028 1119 2083 quamque
1139 2019 1342 2066 natura
1369 2027 1668 2081 apparere,
1695 2024 2065 2080 nequaquam

428 2118 559 2156 vero
591 2102 844 2155 divinam
870 2102 1134 2155 virtutem
1168 2100 1224 2154 in
1252 2102 1463 2155 formas
1486 2105 1816 2153 sanctarum
1843 2099 2069 2151 anima-

434 2206 562 2243 rum
601 2191 924 2243 traductam
958 2188 1149 2243 ll8a
1193 2190 1558 2260 operationes
1605 2188 1733 2241 illas
1773 2185 2064 2239 exhibere.

427 2279 576 2342 Quid
609 2281 763 2333 enim
800 2281 1014 2350 lingere
1046 2280 1254 2334 attinet
1285 2294 1385 2334 seu
1420 2279 1658 2344 formas,
1691 2293 1791 2332 seu
1828 2277 2068 2347 ﬁguras,

424 2382 557 2422 cum
593 2367 921 2438 promptius
953 2385 1020 2423 ea
1053 2367 1277 2439 possint
1300 2368 1377 2438 [a]
1411 2368 1628 2422 sanctis
1672 2365 1788 2420 illis
1832 2364 2065 2431 animis,

422 2472 553 2527 quas
574 2458 799 2512 numini
820 2458 943 2511 visa
966 2462 1126 2523 sunt,
1153 2458 1389 2527 perﬁci?
1410 2457 1571 2520 Quod
1595 2456 1829 2527 quidem
1850 2462 2071 2509 utrum-

418 2561 531 2616 que
561 2552 737 2616 caput
765 2562 894 2600 cum
932 2546 1153 2601 Veteris
1184 2562 1249 2601 ac
1300 2546 1441 2601 Novi
1492 2545 1852 2601 Testamenti
1904 2545 2065 2609 locis,

427 2639 555 2689 tum
588 2651 720 2690 vero
752 2634 1113 2691 diversorum
1167 2636 1403 2690 Patrum
1455 2634 1806 2690 testimoniis
1854 2633 2068 2688 conﬁr-

430 2738 591 2776 mare
625 2722 846 2777 nititur.
879 2722 1137 2777 Tertium
1173 2723 1424 2793 denique
1454 2728 1627 2793 caput
1671 2722 1778 2777 hoc
1810 2722 2072 2777 studiose

429 2810 821 2882 persequitur,
856 2811 1045 2867 oblata
1069 2829 1171 2882 pro
1196 2811 1265 2867 iis
1294 2813 1431 2883 (85),
1464 2814 1564 2883 qui
1595 2812 1652 2866 in
1678 2811 1790 2866 ﬁde
1812 2811 2075 2865 obierant

428 2916 462 2955 a
493 2900 894 2955 sacerdotibus
926 2902 1425 2972 sacriﬁcia,alque
1457 2901 1717 2970 donaria,
1752 2902 1836 2955 vel
1874 2915 2073 2970 preces

430 2989 711 3060 alioquin,
763 2991 1361 3062 supplicationesque,
1394 3000 1445 3046 et
1493 2991 1914 3062 eleemosynas,
1970 3006 2072 3060 pro

426 3077 636 3133 iisdem
665 3080 845 3133 factas
888 3080 958 3133 ad
996 3080 1251 3134 ﬁdelium
1286 3079 1561 3143 salutem,
1616 3095 1683 3133 ac
1730 3078 2072 3133 delictorum

2178 1914 2273 1966 Καὶ
2306 1912 2388 1967 ὅτι
2450 1913 2861 1991 ἐπιφαινόμεναι
2921 1914 3155 1977 πολλοῖς
3212 1913 3483 1975 πολλάκις
3534 1915 3622 1969 καὶ
3677 1915 3821 1969 κατᾶ

2176 1998 2468 2081 διαφόρους
2499 2004 2736 2078 τρόπους
2765 2005 2811 2039 ⁸⁷
2843 2006 2896 2059 αἱ
2928 2006 3101 2080 ψυχαὶ
3133 2004 3289 2059 αὐταὶ
3322 2005 3437 2060 κατ’
3470 2000 3607 2058 ἰδίαν
3641 2003 3822 2079 ὓπαρ-

2178 2093 2255 2162 ειν
2289 2091 2679 2169 ἐπιφαίνονται,
2728 2092 2857 2148 ἀλλ’
2904 2094 3033 2172 οὐχὶ
3076 2092 3299 2166 δύναμίς
3345 2114 3427 2155 τις
3486 2094 3535 2130 ⁸⁸
3576 2094 3690 2147 Θεία
3737 2094 3821 2155 εἷς

2179 2182 2384 2243 τύπους
2416 2182 2874 2256 σχηματιζομένη
2915 2188 3022 2237 τῶν
3078 2183 3246 2258 ἁγίων
3292 2186 3483 2258 ψυχῶν
3531 2182 3625 2243 τάς
3676 2183 3827 2255 ἐνερ-

2178 2270 2326 2346 γείας
2358 2270 2705 2325 ἐπιδείκνυσι’
2736 2271 2787 2327 τί
2843 2273 2947 2346 γὰρ
2997 2272 3335 2346 ὑποκρίσεως
3392 2270 3475 2326 δεῖ
3528 2272 3618 2325 καὶ
3672 2292 3821 2347 σχη-

2183 2362 2369 2434 μάτων
2445 2361 2535 2415 καὶ
2603 2360 2812 2429 τύπων,
2888 2361 3006 2417 ἐνὸν
3074 2362 3420 2436 ἑτοιμότερον
3513 2358 3585 2415 δι’
3640 2360 3823 2416 αὐτῶν

2178 2448 2396 2504 ἐκείνων
2427 2456 2533 2505 τῶν
2590 2450 2759 2525 ἁγίων
2809 2454 3000 2527 ψνχῶν
3044 2453 3110 2506 τά
3163 2448 3465 2528 δεδογμένα
3506 2455 3585 2523 τῷ
3637 2451 3831 2525 κρείτ-

2177 2562 2296 2596 τονι
2328 2540 2690 2597 ἐπιτελεῖσθαι
2741 2543 2826 2609 ‘9;
2876 2548 3131 2617 Πειρᾶται
3182 2540 3238 2597 δὲ
3279 2544 3532 2618 ἑκάτερον
3584 2547 3689 2597 τῶν
3741 2543 3837 2597 εἰ-

2182 2632 2436 2706 ρημένων
2466 2630 2879 2700 κατασκευάζειν
2925 2630 2984 2686 ἔκ
3020 2652 3077 2687 τε
3126 2634 3381 2710 χρήσεων
3423 2638 3524 2701 τῆς
3580 2630 3835 2696 Παλαιᾶς

2182 2725 2401 2795 Γραφῆς
2432 2720 2652 2789 καὶτῆς
2699 2722 2860 2789 Νὲας,
2894 2722 2981 2775 καὶ
3028 2718 3095 2789 δὴ
3127 2722 3216 2776 καὶ
3264 2722 3585 2797 μαρτυρίαις
3632 2718 3837 2793 διαφό-

2182 2828 2290 2881 ρων
2324 2810 2600 2884 Πατὲρων.
2656 2808 2853 2883 Τρίτον
2916 2808 2972 2864 δὶ
3023 2811 3173 2882 αὐτῷ
3225 2810 3521 2890 κεφάλαιον
3590 2808 3840 2865 σπουδά-

2184 2903 2351 2968 ζεται,
2385 2897 2467 2952 ὅτι
2509 2900 2727 2959 πάντως
2760 2900 2811 2953 αἱ
2845 2899 2977 2973 ὑπὲρ
3006 2904 3112 2954 τῶν
3142 2898 3192 2954 ἐν
3225 2900 3401 2956 πίστει
3446 2900 3836 2955 τελευτώντων

2183 2993 2299 3042 τοῖς
2332 2988 2559 3061 ἱερεῦσιν
2607 2986 3025 3062 ἐπιτελούμεναι
3052 2991 3100 3025 ⁵ο
3130 2990 3309 3045 θυσίαι
3360 2989 3447 3045 καί
3499 2990 3837 3065 προσφοραῖ,

2184 3074 2438 3145 ἢόἱλλως
2490 3074 2701 3147 δεήσεις
2747 3078 2835 3132 καὶ
2884 3079 3082 3134 ἱκεσίαι
3139 3078 3229 3134 καὶ
3287 3078 3640 3153 ἐλεημοσύναι
3693 3078 3836 3154 ὑπὲρ

430 3166 828 3221 remissionem
862 3169 932 3221 iis
964 3168 1151 3221 valere
1182 3170 1443 3233 omnino,
1469 3184 1569 3237 pro
1603 3168 1809 3237 quibus
1843 3167 1961 3221 haec
1985 3167 2066 3222 of-

2186 3164 2359 3219 αύτῶν
2402 3168 2546 3241 παρὰ
2594 3168 2639 3203 ⁵¹
2683 3172 2791 3222 τῶν
2850 3173 3082 3237 πιστῶν,
3154 3167 3461 3245 ἐλευθερίαν
3517 3169 3606 3223 καὶ
3664 3189 3838 3223 πται-

430 3254 708 3307 ferantur.
745 3256 805 3308 In
842 3255 930 3308 his
976 3262 1172 3309 autem
1226 3257 1396 3310 tertia
1427 3256 1631 3310 oﬂ'erre
1674 3272 1839 3310 sacra
1888 3258 2078 3325 refert,

431 3344 529 3413 qui
556 3342 867 3397 Dominicis
887 3360 951 3396 ac
974 3346 1253 3397 triduanm
1278 3345 1715 3399 resurrectionis
1736 3345 2077 3416 mysterium

434 3432 490 3485 in
526 3434 877 3502 precationis
900 3434 1227 3489 subsidium
1248 3444 1421 3506 atque
1442 3435 1721 3489 auxilium
1747 3440 2077 3493 assumant.

429 3520 823 3575 Novemdialia
855 3524 1325 3593 similiter,quod
1362 3535 1488 3595 post
1518 3532 1784 3579 octavum
1820 3542 1850 3579 a
1884 3540 2075 3579 resur-

432 3610 854 3665 rectionediem
871 3612 1027 3666 visus
1054 3612 1263 3667 iterum
1297 3621 1383 3667 est
1406 3630 1439 3667 a
1460 3612 1767 3684 discipulis
1788 3614 2075 3669 Christus.

435 3698 717 3756 Praeterea
766 3702 1180 3773 quadraginta,
1213 3704 1365 3772 quod
1416 3708 1547 3773 post
1598 3703 1722 3757 dies
1770 3702 2009 3759 totidem
2044 3720 2077 3758 a

439 3787 746 3860 discipulis
778 3796 1143 3861 postremum
1167 3792 1343 3861 visus,
1368 3790 1427 3847 in
1460 3791 1635 3848 ccelos
1658 3808 1793 3849 cum
1821 3792 2080 3849 humana

434 3883 636 3935 nostra
668 3882 870 3935 natura
902 3880 1187 3937 ascendit.

506 4240 712 4311 Reperi
746 4256 978 4312 quoque
1009 4240 1067 4296 in
1100 4240 1303 4295 eodem
1328 4240 1427 4295 illo
1450 4241 1665 4309 codice,
1702 4242 1859 4297 Pauli
1883 4242 2081 4315 inlege

440 4330 786 4399 magistrum
820 4328 1216 4396 Gamalielem,
1252 4334 1308 4383 et
1340 4329 1680 4396 credidisse,
1715 4335 1771 4385 et
1819 4332 2078 4403 baptiza-

432 4420 557 4471 tum
579 4417 1169 4473 fuisse.Nicodemum
1202 4418 1339 4473 item
1365 4424 1717 4474 nocturnum
1743 4422 2082 4494 (quondam)

434 4505 719 4576 amicum,
772 4508 1047 4564 diurnum
1100 4510 1273 4565 etiam
1324 4509 1643 4577 redditum,
1695 4514 2084 4583 martyrioque

439 4601 807 4665 coronatum,
841 4613 1010 4669 quem
1035 4603 1091 4653 et
1122 4597 1460 4653 Gamalielis
1491 4599 1814 4669 patruelem
1855 4600 1975 4657 haec
2003 4610 2085 4657 le-

440 4689 627 4739 statur
648 4686 907 4742 historia.
929 4688 1295 4759 Baptizatum
1310 4704 1440 4743 vero
1458 4692 1770 4759 utrumque
1788 4707 1817 4742 a
1832 4688 2072 4761 Joanne,

438 4774 492 4825 et
529 4773 717 4837 Petro,
753 4789 867 4826 una
900 4790 1028 4829 cum
1063 4772 1393 4828 Gamalielis
1426 4773 1564 4840 ﬁlio,
1620 4774 1712 4828 cui
1746 4775 1930 4830 Abibo
1971 4794 2077 4832 no-

441 4878 594 4917 men.
634 4863 871 4918 Beatum
908 4867 1084 4938 Igitur
1131 4863 1513 4920 Nicodamum
1565 4881 1597 4921 a
1646 4864 1889 4935 Judaeis,
1940 4883 2071 4923 cum

2187 3255 2407 3327 σμάτων
2453 3254 2637 3333 ἄφεσιν
2691 3259 3153 3333 καταπράττονται
3214 3264 3331 3320 τοῖς
3390 3259 3522 3333 ὑπὲρ
3578 3256 3649 3312 ὧν
3708 3257 3836 3313 ἔπι-

2185 3342 2423 3399 τελεῖται
2467 3350 2653 3401 ταῦτα·
2699 3346 2750 3401 ἐν
2800 3348 2882 3409 οἷς
2931 3348 3021 3401 καὶ
3068 3350 3135 3403 τά
3181 3347 3339 3423 τρίτα
3408 3349 3500 3421 μὲν
3562 3346 3841 3403 ἐπιτελεῖ-

2188 3433 2309 3487 σθαί
2341 3456 2496 3511 φησι,
2556 3431 2937 3509 λαμϐάνοντας
2989 3437 3050 3492 τὸ
3111 3440 3412 3511 μυστήριον
3466 3443 3569 3506 τῆς
3627 3444 3839 3491 Δεσπο-

2184 3525 2343 3591 τικῆς
2398 3524 2487 3578 καὶ
2538 3525 2844 3601 τριημέρου
2898 3524 3157 3601 ὲγὲρσεως
3236 3526 3314 3589 είς
3392 3526 3669 3602 συνεργίαν
3739 3527 3837 3581 καὶ

2186 3608 2537 3683 ὲπιϐοήθειαν
2593 3622 2692 3684 τῆς
2750 3616 2972 3678 ἱκεσίας·
3034 3616 3104 3671 τά
3188 3614 3244 3671 δὶ
3328 3611 3517 3671 ἕννατα
3582 3616 3849 3680 ὡσαύτως

2186 3703 2331 3777 (μεθ’
2369 3704 2569 3777 ἡμέρας
2602 3705 2646 3740 ⁶²
2676 3704 2778 3781 γάρ
2820 3706 2870 3777 η’
2897 3712 2997 3775 τῆς
3031 3704 3289 3781 ἑγέρσεως
3340 3701 3498 3784 ὤφθη
3550 3706 3595 3741 ⁸³
3623 3706 3685 3760 τὸ
3719 3702 3850 3759 δεύ-

2186 3812 2339 3867 τερον
2382 3798 2499 3855 τοῖς
2548 3796 2816 3865 μαθηταῖς
2874 3795 2901 3849 ὁ
2961 3795 3279 3867 Δεσπότης)·
3338 3796 3404 3850 τὰ
3463 3792 3520 3850 δὲ
3574 3815 3849 3869 τεσσαρα-

2186 3884 2351 3938 κοστά
2387 3884 2435 3919 ⁵⁴
2468 3885 2701 3957 ὁμοίως,
2754 3885 2836 3940 ὅτι
2877 3886 3011 3958 μετᾶ
3064 3889 3328 3948 τοσαύτας
3380 3887 3594 3963 ἡμέρας
3637 3886 3701 3941 τὸ
3743 3907 3844 3941 τε·

2187 3971 2437 4028 λευταῖον
2475 3978 2589 4035 τοῖς
2639 3976 2907 4047 μαθηταῖς
2957 3975 3170 4051 ὁραθείς
3231 3976 3369 4049 μετᾶ
3417 3979 3514 4030 τοῦ
3564 3976 3843 4049 ἡμετέρου

2192 4062 2515 4139 φυράματος
2547 4062 2849 4140 ἀνελήφθη.

2260 4245 2437 4314 Ευρον
2468 4239 2525 4296 δὲ
2555 4240 2605 4295 ἐν
2652 4239 2793 4314 τῷδε
2839 4247 2917 4314 τῷ
2971 4239 3174 4319 βιϐλίῳ
3205 4245 3294 4298 καὶ
3339 4243 3431 4298 τὸν
3472 4246 3569 4298 τοῦ
3616 4242 3844 4298 Παύλου

2188 4332 2321 4385 κατὰ
2380 4328 2468 4384 τὸν
2529 4331 2698 4404 νόμον
2767 4328 3091 4387 διδάσκαλον
3149 4332 3442 4404 Γαμαλιὴλ
3483 4332 3573 4386 καὶ
3617 4334 3847 4386 πιστεύ-

2193 4439 2353 4474 σαντα
2393 4418 2483 4473 καῖ
2519 4420 2900 4492 βαπτισθέντα,
2950 4420 3039 4475 καὶ
3091 4418 3411 4493 Νικόδημον
3459 4422 3550 4475 τὸν
3602 4440 3852 4493 νυκτερι-

2194 4511 2285 4563 νὸν
2320 4507 2481 4585 φίλον
2521 4510 2610 4563 καὶ
2660 4510 2922 4584 ἡμερινὸν
2970 4511 3232 4585 γεγονότα
3279 4511 3372 4564 καλι
3425 4510 3706 4584 μαρτυρίῳ
3752 4530 3846 4564 τε-

2197 4598 2509 4667 λειωθὲντα,
2543 4599 2599 4653 ’ὀν
2640 4601 2729 4653 καὶ
2778 4600 2993 4673 ἀνεψιὸν
3041 4599 3284 4675 γενέσθαι
3331 4604 3430 4655 τοῦ
3477 4599 3773 4673 Γαμαλιήλ
3808 4602 3847 4670 ἡ

2188 4689 2406 4761 ἱστορία
2492 4686 2752 4743 διδάσκει·
2843 4688 3204 4763 βαπτίσασθαι
3286 4687 3341 4744 δὲ
3405 4689 3657 4763 ἓκάτερον
3734 4688 3849 4743 ὑπὸ

2189 4778 2433 4833 Ἰωάννου
2479 4777 2569 4831 καὶ
2620 4776 2843 4852 Πέτρου,
2896 4777 2958 4832 ού
3012 4778 3177 4850 μόνον
3214 4775 3269 4832 δὲ
3308 4775 3457 4831 ἀλλᾶ
3486 4777 3695 4832 καὶτὸν
3732 4781 3848 4831 Γα-

2190 4865 2404 4940 μαλιήλ
2445 4862 2615 4921 παῖδα
2662 4860 2891 4929 ’Ἂϐιϐος
2926 4861 3101 4940 ὄνομα
3148 4865 3341 4941 αὐτῷ).
3385 4868 3491 4924 Τὸν
3548 4869 3676 4942 γοῦν
3729 4886 3851 4938 μα-

1780 5010 2023 5067 VARl/E
2074 5011 2487 5070 LECTIONES.

510 5128 556 5164 ⁵⁸
616 5125 828 5197 διήνυεν
887 5147 937 5189 ς.

446 5197 777 5271 μελούμεναι
818 5217 904 5271 pr.
966 5206 1034 5255 Δ.
1083 5199 1166 5271 ’ω
1201 5198 1345 5271 παρά
1390 5203 1435 5253 Α

1017 5129 1060 5163 ⁴⁷
1113 5127 1307 5202 malim
1332 5198 1340 5202 _
1367 5125 1590 5187 τόπους.
1763 5148 1868 5195 τις,
1902 5136 1958 5186 et
1988 5131 2164 5202 paulo
2196 5136 2330 5202 post
2360 5125 2428 5202 δι’
2461 5126 2635 5182 αὐτῶν
2670 5128 2805 5202 add.
2980 5126 3026 5161 ‘9
3072 5125 3452 5202 trctApsls'tcﬁa‘t‘
3611 5126 3677 5202 77”
3719 5124 3852 5202 ἐπι-

1498 5216 1525 5278 _:_
1555 5198 1776 5278 mpi__c;.
1854 5192 1899 5236 δ’
1944 5192 2060 5278 μεθ’
2087 5192 2298 5276 ἡμέρας
2344 5201 2447 5278 γάρ
2477 5204 2520 5256 Α
2566 5217 2578 5255 :
2610 5200 2959 5274 καθ’ὴμὲρας
3000 5218 3049 5262 ς.
3126 5192 3381 5276 δέῶφθη]
3415 5192 3571 5275 ὤφθη
3604 5199 3852 5270 Χριστός

439 5268 505 5326 Α.
539 5272 602 5325 τὸ
630 5268 883 5345 δεύτεροτ
916 5278 1048 5343 post
1079 5268 1347 5341 δεσπότης
1374 5273 1534 5343 ponit
1563 5268 1635 5334 ς.’
1690 5271 1738 5308 ⁵⁸
1768 5268 2163 5348 τεσσαράκοντα
2203 5268 2253 5338 ξ.

2018 5430 2249 5487 ΝΟΤᾹΞ.

512 5552 627 5625 (85)
662 5552 981 5624 Antiquom
1018 5553 1113 5610 hic
1146 5553 1289 5609 mihi
1324 5570 1544 5612 morem
1579 5561 1734 5620 nota,
1784 5555 1903 5612 vita
1935 5556 2075 5613 fun-

436 5630 529 5701 tos
553 5625 875 5701 sacriﬁciis,
904 5626 1191 5701 precibus,
1218 5630 1392 5697 atque
1413 5626 2070 5701 elcemosynisjuvandi.

438 5699 517 5755 De
540 5712 650 5769 quo
673 5701 729 5753 et
750 5697 810 5753 S.
834 5696 1077 5755 Joannis
1100 5696 1443 5755 Damasceni
1465 5696 1853 5756 exstat'oratio
1876 5701 1935 5756 in
1963 5716 2077 5772 qua

2185 5556 2361 5613 etiam
2404 5555 2516 5612 tria
2573 5554 2691 5611 hinc
2747 5554 3114 5614 sacriﬁcandi
3170 5553 3472 5614 intervalla
3536 5554 3853 5619 observari

2186 5628 2322 5685 olim
2355 5627 2529 5685 solita
2552 5626 2796 5685 videbis.
