4136 6216
1149 61 1206 72 -υ

805 257 1182 296 Μ
1193 263 1250 272 ·““’·’
1265 261 1320 272 “·¹“
1349 257 1384 272 ’⁸
1393 257 1456 272 ³⁵*’
1469 249 1516 266 ⁵⁵-

311 331 424 390 501

1387 57 1670 90 4--9---“’“’
1853 85 1884 90 ...
1927 65 2008 90 ἰι-ιδ

1263 325 1812 388 BlBLIOTllECA.
1862 357 1934 370 —-
1979 326 2154 386 COD.
2203 325 2784 388 CLXXI-CLXXIV.

2675 42 2704 60 ._
2845 42 2936 58 -,ι,
3039 53 3086 68 ,ᾖ

3610 329 3729 389 502

313 465 500 536 κάριον
533 457 880 533 Νικόδημον,
913 457 1026 516 ἐπεὶ
1079 460 1340 515 ἐπύθοντο
1391 463 1441 516 οἱ
1475 462 1522 498 ⁵⁸
1554 457 1810 518 Ἰουδαῖοι
1867 458 1936 533 βα

2077 461 2444 534 baptizatum
2475 477 2606 518 eum
2641 461 3030 531 inaudissent,
3055 461 3241 535 plagis
3264 462 3459 520 multis
3491 480 3726 536 percus-

313 552 630 618 πτίσασθαι,
665 547 756 605 διὰ
783 553 944 605 τοῦτο
974 547 1220 626 πληγαῖς
1259 547 1502 611 πολλαῖς
1549 547 1848 618 ὑπὲὅαλον,
1881 547 1968 610 αἶς

315 640 555 717 στερρῶς
607 640 910 712 ἓναθλήσας
964 643 1080 715 μετ’
1141 639 1330 716 ὀλίγον
1373 640 1688 710 ἐτελειώθη.
1747 638 1965 708 Ταύτην

309 735 410 801 τήν
441 733 692 804 ἱστορίαν
727 736 970 806 περιεῖχε
1015 733 1111 803 μὲν
1159 730 1222 784 τὸ
1278 725 1516 805 βιϐλίον.
1568 728 1868 806 Χρυσίππῳ
1912 725 1968 782 δὲ

309 821 478 890 αὐτὴν
545 819 800 876 ἀνετίθει.
843 814 1206 893 Πρεσϐύτερος
1260 815 1332 872 δι’
1363 819 1392 873 ὁ
1438 817 1756 894 Χρύσιππος
1811 821 1967 891 Ἱερο-

311 910 596 984 σολύμων,
631 911 692 972 ’ὀς
721 911 944 986 γράφων
979 908 1253 983 ἐγκώμιον
1287 909 1360 969 εἷς
1391 909 1482 962 τὸν
1537 909 1782 981 μάρτυρα
1831 907 1966 961 Θεό-

313 997 486 1076 δωρον
517 1001 596 1061 ὡς
643 998 696 1053 ἐν
749 993 1076 1075 παρεκϐάσει
1125 1002 1428 1052 Λουκιανοῦ
1473 1017 1621 1058 τινος
1674 999 1962 1072 μέμνηται,

313 1091 400 1144 καί
447 1089 618 1144 αὐτοῦ
667 1095 770 1158 τῆς
823 1087 992 1156 αὐτῆς
1050 1085 1344 1157 ἐκκλησίας
1397 1091 1500 1140 τῶν
1560 1086 1960 1159 Ἰεροσολύμων

307 1179 762 1253 χρηματίσαντος
821 1173 1210 1253 πρεσϐυτέρου,
1290 1177 1378 1232 ὅτε
1445 1178 1472 1231 ὁ
1536 1176 1791 1246 Ἰωάννης
1865 1181 1963 1244 τῆς

305 1267 480 1322 ἐκεῖσε
543 1267 958 1343 ἀρχιερωσύνης
1025 1269 1373 1340 προεστήκει,
1434 1266 1608 1328 Οὗτος
1647 1262 1693 1318 δ’
1751 1265 1778 1318 ὁ
1823 1271 1964 1318 Λου-

303 1359 491 1418 κιανὸς
543 1356 596 1411 ὲν
631 1361 730 1430 μιᾷ
766 1361 874 1412 τῶν
927 1361 1157 1424 νυκτῶν,
1203 1357 1328 1430 περί
1385 1356 1574 1430 τρίτην
1622 1353 1784 1428 ὥραν,
1845 1355 1961 1408 καθ’

305 1445 612 1520 Sarapi-111’
663 1446 762 1501 ούκ
801 1445 949 1520 ὄναρ,
1001 1445 1214 1520 λέγεται
1262 1447 1332 1500 τα
1387 1441 1758 1518 προειρημένα
1818 1465 1959 1516 μυη-

303 1537 488 1605 θῆναι·
523 1535 816 1590 ἐπιστάντα
845 1536 950 1612 γὰρ
991 1533 1138 1606 αἱ)τῴ
1187 1535 1278 1589 τὸν
1323 1531 1618 1606 Γαμαλιήλ
1663 1536 1830 1587 ταῦτα
1861 1531 1960 1604 ἐμ-

301 1623 552 1703 φανίσαι,
583 1629 658 1687 ὡς
691 1623 776 1696 εἶή
814 1625 908 1698 μὲν
941 1623 1101 1682 αὐτὸς
1156 1621 1475 1696 Γαμαλιήλ,
1508 1622 1598 1676 καὶ
1631 1621 1704 1680 ὡς
1737 1615 1958 1674 ἐϐαπτί-

301 1735 458 1783 σατο,
486 1715 580 1768 καὶ
621 1713 710 1790 ὑφ’
757 1712 853 1784 ὧν,
904 1711 986 1783 εἶή
1049 1710 1106 1767 δὲ
1159 1714 1246 1767 καὶ
1290 1707 1522 1772 Ἀϐιϐος
1576 1712 1604 1765 ὁ
1660 1717 1806 1780 παῖς,
1866 1709 1956 1764 καὶ

299 1805 374 1864 ὡς
407 1805 556 1877 θήκῃ
595 1804 688 1875 μὲν
722 1808 820 1875 μιᾷ
849 1802 1010 1858 αὐτοὶ
1061 1801 1513 1867 ἐναποτὲοεινται,
1571 1802 1698 1872 {385
1731 1801 1820 1872 3.]
1847 1797 1955 1854 ἔστι
1991 1841 2034 1906 Β

303 1889 348 1906 ς.
467 1893 480 1906 .
517 1899 556 1906 ..
607 1892 618 1906 .
832 1893 846 1906 .
977 1897 1002 1906 ..
1316 1889 1328 1906 ρ
1607 1891 1618 1904 .
1721 1890 1733 1904 ς
1833 1888 1846 1900 .

299 1889 358 1947 δὲ
387 1893 481 1946 καί
515 1892 792 1970 Στέφανος
825 1893 853 1947 ὁ
893 1897 1112 1966 πρῶτος
1155 1889 1444 1965 μαρτύρων
1492 1891 1630 1946 κατά
1675 1890 1772 1956 τὴν
1823 1888 1952 1942 ἀνα-

295 1981 534 2051 τολικῆν
591 1982 1086 2056 τεθησαυρισμένος
1137 1983 1328 2052 θήκην
1373 1981 1435 2034 οὗ
1487 1979 1630 2050 παρὰ
1677 1977 1804 2041 τοὺς
1851 1978 1952 2032 πό-

297 2067 392 2133 δας
413 2070 468 2125 ἐν
498 2071 654 2146 ἑτέρᾳ
685 2073 826 2146 θήκῃ
861 2069 1063 2141 Νιγόδη
1078 2091 1202 2143 μος,
1252 2069 1351 2124 ὅσα
1397 2089 1456 2124 τε
1487 2067 1648 2122 πάθοι
1701 2069 1828 2140 [200
1859 2068 1950 2138 IL]

293 2161 386 2216 καὶ
419 2160 504 2240 ἔφ’
551 2165 636 2223 οἱς
682 2162 770 2216 καὶ
823 2160 926 2216 ὑπὸ
981 2161 1166 2216 ’τίνων⁸
1213 2162 1248 2230 ἡ
1293 2155 1350 2214 δὲ
1395 2158 1528 2232 μετὰ
1584 2161 1751 2212 ταὺτα
1807 2158 1946 2226 Θήκη

297 2249 470 2304 αὖτοῦ
521 2271 580 2305 τε
627 2249 716 2304 καὶ
761 2255 858 2304 τοῦ
909 2249 1102 2312 παιδός
1154 2248 1288 2305 ἐστι.
1345 2251 1528 2306 Ταῦτα
1585 2247 1801 2302 εἰπόντα
1857 2247 1947 2300 τὸν

295 2337 596 2412 Γαμαλιὴλ
651 2337 946 2412 ἐπισκῆψαι
991 2343 1070 2408 τῷ
1127 2341 1412 2408 Λουκιανῷ
1465 2339 1540 2408 μὴ
1603 2333 1828 2408 ἀμελεῖν
1869 2330 1948 2388 ἔτι

297 2431 406 2482 τῶν
439 2428 730 2502 Λειψάνων,
769 2427 910 2499 μηδὲ
939 2427 1026 2498 ἐᾷν
1073 2426 1220 2499 ἡλίῳ
1269 2428 1359 2482 καὶ
1417 2420 1652 2498 ὄμϐροις
1707 2421 1945 2500 διαφθεί-

293 2519 500 2590 ρεσθαι.
563 2517 801 2590 Σεισμόν
829 2537 888 2572 τε
917 2517 1174 2591 -γενέσθαι
1226 2513 1527 2590 σύνδρομον
1571 2519 1640 2588 τῇ
1691 2513 1942 2583 ὀπτασίᾳ,

287 2608 378 2661 καί
437 2606 656 2670 πολλὰς
699 2605 928 2664 πολλῶν
981 2609 1308 2680 νοσημάτων
1365 2606 1534 2668 ἰάσεις
1588 2603 1940 2673 ἐτιιτιελεσθῆσ⁸

287 2717 396 2764 ναι,
429 2701 532 2752 τοῦ
572 2698 1040 2772 πρωτομάρτυρος
1085 2695 1322 2771 μάλιστα
1369 2702 1468 2765 τῆς
1521 2695 1694 2765 Θήκης
1742 2694 1806 2748 τὰ
1859 2693 1940 2746 ἱεὶ-

289 2807 438 2860 ματα
463 2787 820 2862 προχεούσης
853 2789 918 2846 ⁵⁸.

947 2875 1290 2934 ΡΟΒ’-ΡΟΔ’.

285 2965 546 3022 Ἰωάννου
607 2969 706 3021 τοῦ
763 2965 1177 3042 ὶίρυιιόστᾴμουΔ
1223 2963 1482 3042 Ὀμιλίαιι
1551 2963 1628 3025 εἰς
1683 2965 1783 3032 τήν
1845 2961 1940 3018 Γέ-

701 3035 840 3092 νεσίν
881 3039 974 3109 ξα’,
1011 3035 1062 3093 ἐν
1090 3035 1308 3111 τεύχεσι
1337 3035 1530 3110 τρισίν.

353 3127 807 3203 Ἀνεγνώσθησαν
847 3131 944 3182 τοῦ
1003 3125 1398 3200 Χρυσοστόμου
1443 3122 1664 3198 ὁμιλίαι
1713 3123 1790 3186 είς
1841 3123 1939 3192 τήν

2079 566 2210 606 sum
2240 569 2254 619 ;
2284 568 2426 622 quas
2457 566 2590 606 cum
2623 551 2848 607 fortiter
2877 553 3002 622 ipse
3035 550 3360 624 tolerasset,
3384 569 3414 608 e
3446 552 3560 610 vita
3592 557 3723 625 post

2077 655 2192 696 non
2224 641 2322 695 diu
2355 642 2690 697 decessisse.
2725 641 2886 697 Hanc
2915 641 3092 698 codex
3133 642 3242 698 iste
3271 644 3606 699 continebat
3626 643 3718 700 bi-

2075 731 2336 796 storiam,
2370 747 2618 801 eamque
2649 730 2971 802 Chrysippo
3011 730 3352 801 ascribebat,
3390 732 3720 802 Hierosoly-

2075 832 2303 874 morum
2363 822 2717 890 presbytero,
2759 819 2862 890 qui
2919 819 2979 874 in
3037 818 3372 875 laudatione
3429 821 3720 878 Theodori

2073 907 2366 978 martyris,
2395 909 2564 979 quasi
2587 908 2745 963 aliud
2773 924 2973 980 agens,
3005 908 3246 964 Luciaui
3273 909 3574 978 cujusdam
3601 925 3717 966 me-

2075 995 2263 1063 minit,
2287 996 2548 1066 ejusdem
2583 1011 2747 1068 teque
2769 995 3038 1052 Ecclesiae
3070 997 3410 1068 presbyteri,
3435 1015 3552 1068 quo
3575 1004 3714 1055 tem-

2070 1099 2208 1154 pore
2235 1083 2492 1140 Joannes
2525 1086 2735 1155 praesul
2759 1099 2886 1141 eam
2911 1085 3111 1140 sedem
3143 1085 3350 1140 tenuit.
3375 1085 3478 1140 Hic
3511 1086 3714 1143 Lucia-

2071 1192 2184 1231 nus
2205 1177 2318 1248 (86)
2351 1180 2518 1232 nocte
2546 1177 2970 1248 quadam,bora
2999 1177 3116 1234 fere
3143 1179 3334 1246 tertia,
3369 1195 3710 1248 revera,non

2071 1265 2128 1320 in
2161 1267 2403 1335 somnis,
2435 1267 2653 1322 dicitur
2681 1283 2746 1322 ea
2778 1283 2906 1338 quae
2939 1265 3218 1333 diximus,
3251 1268 3544 1325 didicisse.
3581 1269 3712 1326 Haec

2069 1357 2224 1412 enim
2253 1363 2536 1412 astantem
2573 1358 2684 1429 ipsi
2715 1357 3088 1412 Gamalielcm
3139 1358 3338 1413 omnia
3377 1359 3660 1415 revelasse
3694 1377 3708 1414 :

2069 1447 2258 1502 ‘lISb
2289 1464 2487 1502 verum
2515 1449 2794 1502 nimirum
2827 1463 2956 1501 esse
2988 1463 3051 1501 se
3099 1446 3499 1514 Gamalielem,
3545 1467 3580 1504 a
3607 1467 3714 1504 su-

2069 1536 2344 1605 pradictis
2365 1537 2662 1608 apostolis,
2693 1553 2809 1590 una
2829 1553 2960 1591 cum
2985 1536 3170 1591 Abibo
3195 1535 3310 1592 tilio
3333 1537 3707 1610 baptizatum,

2067 1630 2124 1680 et
2155 1626 2210 1680 in
2245 1627 2444 1681 eadem
2477 1643 2652 1695 capsa
2679 1626 3047 1682 collocatum.
3085 1627 3226 1682 Esse
3255 1632 3312 1682 et
3342 1627 3706 1698 Stephanum

2067 1719 2548 1788 protomartyrem
2579 1716 2635 1770 in
2669 1715 2836 1771 theca
2865 1717 3146 1771 orientem
3173 1732 3363 1771 versus
3383 1717 3704 1788 conditum,

2067 1813 2237 1876 atque
2265 1807 2332 1859 ad
2363 1805 2490 1874 ejus
2525 1805 2698 1874 pedes
2729 1806 2784 1860 in
2811 1805 2990 1860 altero
3023 1805 3295 1862 scriniolo
3325 1806 3705 1862 Nicodemum

2057 1895 2274 1963 jacere,
2308 1911 2434 1966 quas
2467 1895 2602 1949 item
2637 1911 2738 1965 per
2786 1911 2950 1966 quos,
2985 1899 3043 1950 et
3094 1897 3200 1950 sub
3249 1896 3468 1967 quibus
3502 1913 3705 1966 passus

2063 1989 2236 2048 esset,
2281 1983 2604 2038 indicavit:
2656 1983 3004 2050 tbecamque
3053 1989 3183 2054 post
3212 1983 3335 2040 hec
3384 1987 3704 2056 proximam

2062 2089 2234 2127 suum
2265 2087 2330 2126 ac
2361 2071 2466 2127 ﬁlii
2497 2087 2706 2142 corpus
2737 2072 3056 2127 continere.
3083 2072 3180 2126 His
3213 2072 3385 2128 dictis
3417 2074 3704 2130 Gamaiie-

2061 2160 2172 2217 lem
2207 2161 2550 2232 praecepisse
2579 2161 2854 2226 Luciano,
2889 2178 2959 2216 ne
2989 2161 3230 2230 posthac
3263 2161 3536 2233 reliquias
3567 2163 3700 2220 illas

2061 2251 2118 2306 in
2151 2253 2293 2319 sole,
2323 2259 2378 2306 et
2409 2251 2603 2323 pluvia
2633 2251 2924 2322 corrumpi
2959 2267 3060 2321 per
3093 2251 3506 2322 negligentiam
3539 2253 3700 2308 sine-

2061 2347 2165 2396 ret.
2197 2341 2382 2396 Term
2417 2347 2639 2396 motum
2673 2343 2914 2412 insuper
2945 2341 3014 2395 ad
3050 2339 3156 2395 hoc
3188 2342 3377 2396 visum
3411 2347 3695 2408 exortum,

2059 2427 2363 2501 multaque
2393 2428 2782 2500 plurimorum
2833 2445 3046 2501 genera
3089 2429 3424 2485 morborum
3475 2429 3566 2485 bic
3596 2447 3695 2486 cu-

2057 2525 2180 2574 rata
2230 2534 2376 2587 esse,
2419 2520 2854 2591 protomartyris
2903 2517 3156 2574 maxime
3197 2517 3364 2574 theca
3409 2517 3692 2575 medelam

2054 2607 2346 2663 afferente.

2591 2881 3150 2940 CLXXII-CLXXIV.

2051 2973 2206 3027 Beati
2240 2974 2472 3028 Joannis
2520 2971 2890 3099 Chrysofamg'
2927 2971 3302 3029 Homiliarum
3349 2976 3410 3030 in
3439 2977 3694 3031 Genesim

2669 3060 2734 3099 υο
2761 3060 2956 3099 umzna
2985 3061 3071 3099 ιιι.

2669 3060 2956 3100 vatumzna
2985 3061 3071 3100 ΙΙΙ.

2121 3133 2392 3204 Legimus
2423 3132 2818 3205 Cbrysostomi
2849 3133 3115 3190 Humilia:
3145 3136 3206 3190 in
3236 3133 3483 3192 Genesim
3515 3151 3690 3192 unam

279 3220 492 3294 γένεσιν
539 3219 580 3288 ξ’
625 3217 716 3272 καὶ
767 3217 884 3292 μία,
937 3217 989 3272 ἐν
1047 3217 1270 3297 τεύχεσι
1330 3217 1526 3292 τρισίν,
1585 3217 1658 3270 ὧν
1708 3215 1771 3270 τὸ
1841 3215 1936 3286 μὲν

2057 3223 2108 3276 et
2136 3222 2460 3294 sexaginta,
2495 3221 2554 3277 in
2598 3222 2711 3278 tria
2762 3220 3108 3278 distributas
3158 3222 3502 3280 volumina:
3546 3241 3691 3296 quo-

277 3311 502 3380 πρῶτον
535 3305 762 3378 ὁμιλίας
788 3312 1064 3382 περιεῖχεν
1095 3313 1162 3376 κ’,
1191 3308 1254 3362 τὸ
1285 3303 1566 3379 δεύτεροον
1591 3303 1646 3360 δὲ
1669 3303 1848 3374 δεκαέξ
1871 3307 1936 3378 ⁸⁷,

277 3397 372 3450 καὶ
426 3397 474 3432 ⁵³
503 3397 568 3450 τὸ
613 3395 796 3470 τρίτον
845 3403 938 3452 κε’.
991 3394 1340 3475 Ἐμφαίνεται
1401 3392 1456 3450 δὲ
1503 3394 1557 3450 ἐν
1615 3399 1695 3467 τῷ
1734 3395 1938 3470 πρώτῳ

277 3485 358 3544 ὡς
383 3485 480 3540 ἀπ’
509 3485 694 3560 ἀρχῆς
743 3492 842 3555 τῆς
894 3492 1327 3560 τεσσαρακοστῆς
1375 3485 1672 3559 ἀρξάμενος
1721 3485 1936 3558 ὁμιλεῖν

281 3577 360 3648 μή
403 3595 496 3629 πω
555 3577 1083 3648 συναπαρτισθείσης
1147 3576 1318 3645 αὐτῆς
1374 3575 1506 3636 τούς
1553 3595 1612 3630 τε
1659 3580 1704 3629 κ’
1735 3571 1938 3650 λόγους

273 3663 518 3724 τούτους
552 3663 640 3718 καὶ
679 3662 886 3724 ἄλλους
915 3666 1066 3726 τινας
1096 3665 1144 3740 γ’
1173 3661 1208 3734 ἥ
1243 3661 1308 3736 δ’,
1343 3663 1542 3738 μεταξὺ
1573 3668 1680 3718 τῶν
1721 3663 1796 3726 εἷς
1836 3666 1935 3733 τὴν

269 3757 492 3809 Γένεσιν
527 3752 734 3828 λόγων,
760 3754 974 3830 χρείας,
1018 3755 1091 3816 ὡς
1137 3755 1303 3826 εἰκὸς,
1359 3755 1820 3827 παρεμπεσούσης
1855 3759 1934 3827 τῷ

271 3841 400 3914 λαῷ
433 3845 883 3917 προσωμίλησεν.
911 3847 1142 3916 ,Ἔνεστι
1199 3842 1256 3900 δὲ
1310 3842 1538 3900 συνιδεῖν
1595 3844 1668 3905 ὡς
1727 3844 1774 3898 εἰ
1818 3843 1932 3910 καὶ,

269 3933 479 4006 Λόγοι,
511 3931 630 4012 ἔχει
661 3936 760 4004 τὴν
791 3933 1102 4011 ἐπιγραφὴν
1131 3935 1194 3990 τὸ
1227 3928 1447 4008 βιϐλίον
1489 3932 1652 4005 (οὕτω
1703 3932 1805 4009 γὰρ
1856 3933 1933 3987 εὗ-

271 4041 370 4094 ρον
403 4020 458 4076 ἐν
493 4025 578 4084 οἷς
605 4023 888 4098 ἆνὲγνων),
920 4022 1066 4078 ἀλλὰ
1101 4021 1316 4097 μᾶλλον
1367 4020 1600 4078 ἐοίκασιν
1655 4021 1930 4095 ὁμιλίαις,

265 4111 340 4166 τά
367 4131 432 4165 τε
469 4110 614 4166 ὒλα
641 4113 734 4168 καὶ
773 4112 856 4168 ὅτι
888 4112 940 4168 ἐν
974 4111 1211 4176 πολλοῖς
1252 4111 1524 4174 πολλάκις
1559 4113 1632 4173 ὡς
1664 4109 1930 4187 παρόντας

451 4201 498 4238 ⁸9
527 4202 670 4276 ὁρῶν
699 4203 827 4264 τοὺς
867 4202 1164 4275 ἀκροατὰς,
1197 4201 1340 4258 οὕτω
1371 4203 1507 4276 πρὸς
1549 4201 1743 4265 αὐτοὺς
1799 4201 1931 4256 ἀπο-

263 4289 512 4344 τείνεται
559 4290 650 4344 καὶ
698 4289 872 4364 ἐρωτᾷ
911 4291 1001 4346 καὶ
1047 4291 1395 4365 ἀποκρίνεται
1437 4291 1524 4346 καὶ
1563 4291 1928 4367 ὑπισχνεῖται,

261 4378 586 4450 δυναμένου
635 4381 732 4452 μὲν
785 4382 870 4435 καὶ
915 4379 1104 4442 ἄλλως
1153 4379 1378 4455 ἔχοντος
1403 4384 1500 4435 τοῦ
1528 4378 1700 4454 λόγου
1747 4379 1836 4434 καὶ
1869 4378 1929 4434 ού

261 4469 390 4524 καθ’
443 4467 668 4542 ὁμιλίαν
723 4471 792 4524 τὰ
839 4475 1064 4526 τοιαῦτα
1119 4469 1481 4545 σχηματίζειν
1526 4469 1618 4525 καὶ
1658 4465 1928 4524 ἐνδείκνυ-

265 4561 424 4624 σθαι,
451 4558 516 4613 οὖ
568 4560 678 4632 μὴν
733 4557 880 4614 ἀλλὰ
909 4561 972 4616 τὸ
1019 4563 1260 4635 συνεχῶς
1315 4559 1404 4614 καὶ
1447 4557 1718 4632 ἐπιμόνως
1766 4563 1930 4615 τοῦτο
1963 4585 2008 4650 D

261 4651 478 4716 ποιεῖν,
519 4647 608 4701 καὶ
641 4647 774 4726 οὐχὶ
815 4647 908 4703 σὺν
940 4649 1237 4722 οἰκονομίᾳ
1281 4647 1410 4718 τινὶ,
1442 4648 1766 4722 παρίστησιν
1801 4649 1927 4720 ὁμι-

261 4737 400 4800 λίας
451 4737 652 4798 αὐτοὺς
689 4739 740 4774 ⁶⁰
781 4739 939 4795 εἶναι.
980 4736 1202 4813 Ὠμίλει
1240 4734 1298 4792 Si
1345 4741 1542 4799 ταύτας
1586 4741 1666 4808 τῷ
1703 4736 1929 4806 πλήθει,

259 4827 344 4890 ὡς
393 4821 508 4882 ἔστι
563 4829 750 4898 μαθεῖν
783 4825 834 4898 ἐξ
884 4827 1058 4882 αὐτῶν
1089 4826 1322 4896 τούτων,
1353 4823 1628 4888 πολλάκις
1665 4826 1760 4900 μὲν
1814 4827 1930 4880 καθ’

259 4913 660 4986 ὶιᾶστην,ἔσθ’
691 4915 780 4971 ὅτε
806 4913 864 4970 ὂὶ
911 4915 1002 4972 καὶ
1055 4915 1187 4992 ὑπὶρ
1245 4915 1474 4991 ἡμέραν.
1511 4913 1664 4970 Οὕτω
1727 4915 1820 4988 μὲν
1868 4913 1930 4968 τὸ

261 5008 494 5082 πρῶτον
539 5001 782 5077 βιϐλίον,
809 5003 860 5062 ἐν
893 5005 938 5078 ᾧ
987 5005 1043 5062 αἱ
1081 5005 1126 5042 ⁶¹
1165 5005 1212 5060 κ’
1243 5004 1484 5079 ὁμιλίαι.
1517 5005 1596 5062 Τὸ
1655 5001 1700 5058 δ’
1749 5001 1929 5078 ἕτερον

1627 5131 1864 5186 VARUE

2051 3325 2176 3366 rum
2209 3311 2468 3383 primum
2504 3311 2743 3383 quidem
2774 3311 2998 3382 viginti,
3031 3311 3283 3368 alterum
3324 3313 3536 3370 deinde
3565 3330 3692 3370 sex-

2048 3399 2256 3469 decim,
2281 3400 2516 3455 tertium
2540 3400 2802 3472 quinque
2821 3405 2880 3456 et
2901 3401 3106 3473 viginti
3129 3402 3484 3458 continebat.
3502 3402 3693 3471 Signi-

2047 3489 2179 3544 ficat
2205 3492 2402 3546 autem
2435 3489 2494 3545 in
2527 3489 2736 3546 horum
2771 3490 3474 3564 primo,0uadragesimaa
3496 3491 3690 3548 statim

2047 3579 2212 3635 initio
2243 3579 2578 3635 concioneri
2610 3580 2878 3652 cmpisse,
2909 3587 3087 3652 atque
3131 3591 3265 3638 ante
3298 3581 3512 3654 jejunii
3544 3585 3694 3637 tem-

2045 3685 2157 3738 pus
2187 3667 2332 3723 illud
2361 3669 2690 3736 decursum,
2715 3669 2919 3740 viginti
2949 3669 3056 3724 bos
3081 3686 3380 3726 sermones
3412 3687 3529 3724 una
3559 3687 3692 3725 cum

2043 3757 2174 3812 aliis
2215 3757 2352 3812 item
2402 3757 2588 3812 tribus
2639 3763 2976 3828 quatuorve,
3007 3758 3067 3812 in
3099 3759 3293 3814 medio
3344 3759 3690 3813 concionum

2043 3846 2100 3900 in
2134 3846 2402 3902 Genesim
2433 3845 2562 3916 (usu
2593 3845 2691 3916 ita,
2726 3855 2786 3902 ut
2827 3852 3084 3919 apparet,
3127 3847 3412 3918 veniente)
3445 3847 3691 3918 interje—

2041 3934 2169 4002 ctis,
2193 3935 2266 3990 ad
2307 3935 2586 4006 populum
2611 3935 3032 3992 declamitasse.
3065 3935 3510 3992 Animadvertas
3538 3953 3688 4008 quo-

2042 4040 2175 4096 que,
2207 4025 2314 4079 etsi
2355 4024 2696 4080 Orationum
2736 4041 2948 4079 nomen
2993 4027 3300 4096 praeferant
3331 4024 3390 4080 hi
3429 4025 3560 4080 libri
3585 4026 3690 4094 (sic

2041 4115 2194 4168 enim
2218 4114 2275 4168 in
2299 4113 2370 4168 iis
2403 4113 2589 4186 reperi
2611 4113 3066 4185 exemplaribus,
3093 4131 3225 4186 qua:
3246 4113 3404 4186 legi),
3427 4113 3688 4170 bomiliis

2041 4211 2232 4258 tamen
2263 4202 2484 4259 similes
2519 4203 2708 4273 magis
2737 4217 2887 4268 esse,
2919 4219 3054 4259 cum
3087 4203 3310 4258 caeteris
3338 4204 3534 4270 rebus,
3557 4207 3683 4258 tum

2041 4291 2195 4362 quod
2245 4307 2645 4360 saepenumero
2695 4299 2976 4362 tanquam
3011 4296 3324 4361 praesentes
3366 4291 3684 4363 respiciens

2039 4381 2358 4446 auditores,
2391 4396 2720 4437 sermonem
2754 4382 2826 4436 ad
2859 4397 2957 4438 eos
3001 4381 3310 4450 convertit,
3341 4381 3682 4454 interrogat,

2039 4469 2368 4539 reSpondet,
2405 4485 2472 4524 ac
2503 4467 3028 4541 pollicitationibus
3072 4471 3278 4526 utitur.
3313 4469 3380 4525 Et
3409 4474 3475 4526 ut
3504 4470 3687 4542 possit

2041 4559 2292 4614 maxime
2323 4557 2437 4614 alio
2469 4558 2528 4614 in
2559 4559 2794 4615 dicendi
2839 4576 3069 4632 genere,
3101 4576 3272 4631 quam
3305 4560 3682 4616 homiliarum

2040 4645 2171 4718 isto,
2218 4646 2434 4703 similia
2485 4647 2740 4704 formare
2781 4653 2958 4720 atque
2989 4647 3282 4717 exhibere,
3321 4647 3455 4720 quia
3485 4655 3684 4704 tamen

2041 4735 2186 4791 illud
2217 4736 2450 4793 assidue
2473 4741 2931 4809 constanterque
2974 4737 3100 4794 sine
3131 4736 3251 4794 ullo
3284 4737 3684 4808 dispositionis

2041 4824 2244 4881 ordine
2265 4829 2476 4896 servat,
2503 4825 2776 4882 bomilias
2803 4826 2934 4882 illas
2956 4843 3084 4884 esse
3105 4827 3246 4883 satis
3269 4843 3566 4900 superque
3581 4828 3684 4882 de-

2041 4915 2244 4970 clarat.
2278 4913 2496 4970 Habuit
2525 4919 2713 4971 autem
2734 4931 2832 4971 eas
2859 4915 2929 4970 ad
2961 4914 3265 4987 populum,
3291 4919 3354 4971 ut
3379 4931 3444 4972 ex
3471 4917 3677 4987 singu-

2041 5002 2113 5058 lis
2143 5002 2569 5076 deprehendas,
2593 5019 2746 5076 sape
2797 5003 3074 5075 quotidie,
3097 5005 3394 5062 interdum
3421 5003 3681 5063 alternis.

1924 5127 2330 5186 LECTIONES.

339 5241 394 5278 ⁵³
421 5241 500 5312 οἱ,
521 5248 577 5300 et
600 5243 755 5316 infra
787 5242 882 5316 μὶν
915 5247 1049 5302 ante
1077 5241 1163 5312 τὸ,
1195 5245 1303 5298 τῶν
1339 5235 1926 5316 αυίιο-Ἰεροσολρμωῃ
1959 5237 2154 5316 6_ante
2184 5237 2458 5316 Ἰωάννης,
2479 5237 2813 5316 ,αύτοξ-ροεῐ
2846 5242 2944 5316 μιᾷ
2975 5240 3111 5296 add.
3137 5241 3206 5316 _A.
3247 5239 3296 5274 ⁵⁸
3323 5238 3678 5316 προχεούσης

265 5319 338 5382 Α,
373 5305 766 5388 προξεχεο-ςσης
787 5305 838 5372 Ὀ
869 5331 884 5372 :
915 5305 1302 5391 προσεχόύσης
1325 5333 1376 5378 ς.
1409 5305 1688 5383 ἰοῦ-α’(ρ.
1731 5305 1796 5367 Ριξ
1824 5305 1952 5378 513,
1983 5311 2100 5382 32.)
2129 5308 2376 5380 σωτηρία
2396 5305 2495 5362 καὶ
2531 5305 2772 5384 ὦφίλέια
2815 5305 2936 5371 τοῖς
2985 5309 3319 5388 προσέχουσι
3365 5305 3679 5386 προχεῖται.

265 5387 310 5424 ΙἸ
335 5383 520 5424 εἶιναι-ἒξ
563 5395 590 5424 Δ
629 5404 644 5416 ·
677 5383 964 5424 ξυνα-ἔλουε,
995 5407 1026 5424 ρ
1121 5385 1170 5424 18
1195 5385 1282 5424 νηὶ
1318 5403 1410 5424 nm
1480 5391 1510 5424 Δ
1617 5385 1662 5420 η
1690 5382 1778 5424 νηὶ
1811 5399 1904 5424 nm
1968 5383 2025 5424 n,
2104 5381 2150 5416 ⁸ο
2184 5379 2376 5424 qi’itm'):
2416 5381 2500 5424 ΛΠ
2533 5379 2730 5424 Fuﬁ-:4.-
2763 5401 2794 5424 ε·
2892 5381 2937 5418 δί
2973 5383 3022 5424 ni
3065 5384 3150 5424 ΔΠ
3185 5401 3196 5412 υ
3230 5383 3320 5424 νηί
3353 5403 3384 5424 ε·

263 5387 310 5424 ’τ
335 5383 592 5458 δεκαὶξλ
629 5404 644 5443 :
677 5383 970 5442 ἑκκαίδεκα
994 5407 1045 5450 ς.
1095 5383 1170 5424 ’³⁸
1195 5385 1286 5441 καὶ
1318 5403 1435 5444 om.
1473 5391 1540 5442 A.

1617 5385 1662 5420 "
1690 5382 1779 5437 καὶ
1811 5399 1926 5438 om.
1968 5383 2027 5438 C.

2104 5381 2150 5416 ⁶⁰
2184 5375 2376 5441 αὐτούς
2409 5381 2500 5437 AC
2533 5375 2730 5442 ταύτας
2763 5401 2812 5444 ς.
2892 5381 2937 5418 ⁶ί
2973 5375 3038 5436 αἶ’
3059 5375 3197 5440 Ασῖ
3230 5383 3320 5436 καί
3353 5403 3404 5446 ς.

1861 5505 2093 5563 ΝΟΤίΕ.

343 5622 454 5694 (36)
483 5623 662 5696 cujus
692 5629 753 5680 et
790 5623 870 5696 de
919 5623 1274 5696 hacipsaire
1311 5619 1559 5696 epiftola
1603 5623 1796 5696 exstat
1825 5615 2133 5688 encyclica.
2177 5613 2316 5669 Vide
2351 5614 2482 5670 Sur.
2518 5621 2658 5672 tom.
2717 5616 2812 5687 IV,
2865 5623 2920 5674 rt
2967 5620 3032 5675 D.
3080 5619 3291 5678 Bai-on.
3347 5625 3489 5678 tom.
3533 5619 3581 5674 V
3608 5621 3677 5678 ad

267 5692 492 5752 unum
523 5692 742 5754 Christi
773 5695 878 5750 415
909 5703 964 5753 et
993 5692 1126 5753 Not.
1157 5692 1394 5766 Martyr.
1423 5695 1458 5748 3
1487 5692 1760 5764 Augusti.
