4136 6216
524 275 642 335 503
1730 274 1993 337 PHOTII
2039 275 2568 339 PATRIARCHE
2611 276 2727 336 GP.
3769 279 3869 340 504

521 412 604 467 Ita
634 426 694 466 se
726 409 983 482 primum
1006 408 1113 464 hoc
1136 408 1341 481 viginti
1365 409 1740 467 homiliarum
1766 412 2036 469 volumen
2061 414 2161 470 ha-
2195 474 2199 484 ε

2306 406 2523 479 ιιῦλίον,
2558 407 2688 484 ἔχον
2722 408 2786 471 ις’
2818 406 3044 481 λόγους,
3073 404 3201 467 τοὺς
3236 406 3328 479 μὶν
3364 408 3606 477 πρώτους
3641 411 3675 478 ζ’
3703 410 3770 465 ἔτι
3794 419 3876 480 τῆς

523 501 642 555 bet.
676 499 935 554 Alterum
983 499 1189 554 deinde
1218 498 1467 555 sedecim
1499 500 1795 557 orationes
1825 503 2166 575 complecti-

2310 504 2705 574 εσσαρακοστῆς
2774 495 3127 567 ἐνισταμένης
3203 492 3478 565 ὑπεδήλου
3539 498 3882 571 καθομιληθῇ-

526 594 643 655 tur,
679 606 925 659 quarum
962 591 1179 659 priores
1211 594 1434 660 septem
1489 590 1737 647 durante
1783 592 1975 647 adhuc
2014 592 2168 657 Qua-

2310 611 2386 660 αι,
2420 590 2494 650 ὡς
2529 587 2813 648 εἶναιτοὺς
2857 583 2927 639 δι’
2970 584 3107 655 ὅλης
3162 584 3309 655 αὑτῴ
3346 592 3445 653 τῆς
3493 597 3880 663 τεσσαρακοστῆς

524 678 853 746 dragesiina
903 678 1147 743 habitas,
1199 684 1463 749 apparet,
1523 684 1587 734 ut
1638 682 1815 736 totius
1847 681 2170 752 Quadrage—

526 766 689 821 simas
770 770 1026 835 tempore
1100 783 1286 839 usque
1362 768 1433 822 ad
1512 768 1899 826 hebdomadis
1957 776 2174 827 sancta:

530 854 731 911 feriam
765 858 1059 925 quartam,
1084 854 1287 925 viginti
1320 864 1540 926 septem
1566 857 1623 911 in
1656 858 1927 914 Genesim
1959 862 2174 915 oratio-

530 960 634 999 nes
666 942 938 997 habuisse
969 948 1213 998 constet.
1250 945 1445 1015 Neque
1476 960 1605 1001 vero
1655 947 1900 1001 secundi
1930 947 2175 1003 volumi-

531 1035 624 1088 nis
654 1048 952 1087 sermones
984 1031 1191 1103 reliqui
1225 1049 1455 1100 novem,
1487 1039 1545 1089 et
1586 1036 1738 1090 tertii
1771 1035 1973 1106 viginti
2005 1037 2179 1108 quin-

532 1136 665 1193 que,
696 1121 896 1175 statim
930 1128 1104 1193 atque
1143 1124 1509 1178 continenter
1558 1126 1749 1179 πιθα
1795 1132 1924 1193 post
1961 1125 2179 1182 Pascha

530 1211 739 1266 habiti.
775 1209 920 1265 Nam
973 1221 1099 1281 post
1136 1212 1437 1266 bomiliam
1492 1213 1635 1268 feria
1682 1220 1893 1284 quarta
1942 1215 2180 1285 majoris

532 1300 913 1355 hebdomadis
943 1300 1223 1365 habitam,
1257 1317 1384 1371 quas
1418 1301 1473 1355 in
1506 1302 1775 1357 Genesim
1816 1305 2064 1375 septima
2094 1310 2182 1359 est

536 1397 710 1461 atque
734 1388 1027 1457 vicesima,
1055 1391 1433 1446 concionatus
1465 1397 1548 1446 est
1578 1391 1848 1463 deinceps
1880 1395 1950 1449 de
1981 1400 2183 1449 sancta

537 1495 727 1549 cruce,
773 1479 905 1533 hinc
959 1480 1029 1533 de
1061 1479 1387 1550 proditione
1418 1479 1621 1535 Judae:
1666 1490 1837 1552 alque
1869 1482 1949 1537 ita
1980 1484 2185 1539 ordine

539 1576 706 1639 prout
739 1566 869 1623 festi
902 1567 1045 1636 dies,
1079 1568 1199 1622 sive
1229 1574 1579 1640 argumenta
1618 1571 1968 1642 inciderunt,
2001 1572 2187 1627 homi-

542 1656 631 1711 lias
656 1672 888 1727 quoque
910 1662 1114 1726 aptata:
1132 1663 1290 1713 sunt.
1307 1658 1436 1714 Jam
1460 1666 1592 1732 post
1623 1660 2061 1717 resurrectionis
2085 1661 2185 1717 bo-

2283 681 2449 755 μὲχρι
2476 683 2575 751 τῇς
2613 678 2859 752 μεγάλης
2895 675 3153 750 τετράδος
3195 682 3302 731 τῶν
3333 676 3414 740 εἰς
3441 679 3536 746 τήν
3587 684 3777 733 Γενεσιν
3804 680 3883 735 λό-

2282 791 2411 846 γους
2460 771 2557 838 κζ’.
2591 770 2657 825 O't
2708 766 2764 822 δὲ
2804 767 3101 822 ὑπόλοιποι
3143 764 3305 843 λόγοι
3346 767 3491 823 ἐννὲα
3530 774 3620 823 τοῦ
3663 771 3882 845 ἑτερου⁸1

2286 856 2508 933 βιϐλίου
2557 859 2645 912 καὶ
2692 860 2740 911 οἱ
2791 855 2978 912 λοιποί
3027 859 3102 913 κε’
3130 862 3227 912 τοῦ
3265 858 3453 932 τρίτου
3483 857 3578 912 οὐκ
3601 858 3742 920 εὐθὺς
3770 860 3885 931 ὡμι-

2284 946 2553 1017 λήθησαν,
2589 942 2714 1000 οὐδὲ
2746 946 2988 1020 συνεχῶς
3026 946 3160 1018 μετὰ
3188 946 3249 999 τὸ
3285 946 3492 1020 Πάσχα.
3522 948 3663 1003 Μετᾶ
3689 949 3781 1021 γὰρ
3804 948 3883 1015 τήν

2284 1034 2337 1091 ἐν
2380 1039 2448 1108 τῇ
2510 1033 2721 1111 μεγάλῃ
2758 1032 2972 1106 τετράδι
3021 1034 3264 1107 ὁμιλίαν,
3292 1034 3416 1103 ἥτις
3443 1036 3508 1104 ἦν
3531 1040 3632 1090 τῶν
3688 1036 3756 1097 εἷς
3806 1037 3886 1104 τήν

2284 1126 2492 1180 Γένεσιν
2524 1129 2621 1192 κζ’,
2652 1122 2935 1195 ὡμίληται
2965 1121 3111 1194 αύτῷ
3139 1123 3185 1159 ⁸³
3216 1127 3283 1195 τῇ
3318 1122 3507 1201 ἐφεξῆς
3538 1123 3611 1186 εἷς
3640 1124 3723 1179 τὸν
3757 1145 3889 1179 σταυ-

2288 1216 2531 1290 ρὸν,εἷτα
2572 1214 2648 1274 εἷς
2696 1216 2793 1282 τὴν
2840 1210 3159 1286 προδοσίαν,
3200 1214 3287 1267 καὶ
3332 1212 3524 1269 λοιπὸν
3564 1212 3739 1291 ἐφεξῆς
3781 1216 3891 1268 κατᾶ

2287 1305 2382 1363 τὰς
2444 1300 2850 1363 ἀνακυπτούσας
2916 1306 3022 1355 τῶν
3080 1303 3303 1374 ἡμερῶν
3360 1303 3679 1378 πανηγύρεις
3728 1323 3779 1357 τε
3818 1303 3890 1355 καὶ

2290 1392 2568 1454 ὑποθέσεις
2624 1388 2910 1464 ἀναλόγως
2978 1391 3033 1444 αἱ
3094 1390 3311 1462 ὁμιλίαι
3353 1390 3610 1467 ἐγίνοντο.
3644 1392 3736 1448 Καὶ
3785 1392 3893 1464 μετᾶ

2287 1482 2383 1543 τὰς
2413 1480 2537 1550 περὶ
2569 1479 2905 1543 ἀναστάσεως
2935 1478 3161 1551 ὁμιλίας
3218 1478 3501 1551 ὡμίλησεν
3536 1479 3607 1542 εἰς
3642 1481 3730 1541 τας
3774 1480 3896 1553 Πρά-

2292 1571 2396 1641 ξεις
2447 1573 2709 1643 συνεχῶς,
2752 1569 2825 1629 ὡς
2854 1568 2901 1604 ⁶⁴
2930 1568 3089 1632 αὐτὸς
3119 1566 3319 1630 ἐκεῖνος
3354 1568 3660 1647 ἀρχόμενος
3698 1571 3782 1623 τοῦ
3822 1568 3896 1637 κη’

2292 1657 2459 1733 λόγου
2498 1662 2604 1713 τῶν
2639 1648 2840 1727 εἷ’ςτὴν
2875 1658 3083 1711 Γὲνεσιν
3118 1655 3532 1730 ἐπισημαίνεται
3568 1678 3578 1690 ’
3621 1660 3697 1729 ὃν,
3726 1658 3791 1721 ὡς
3817 1655 3896 1726 δῇ·

542 1745 744 1801 milias
768 1745 827 1801 in
850 1745 1248 1818 apostolorum
1281 1750 1420 1803 Acta
1442 1752 1807 1807 continenter
1834 1752 2009 1807 verba
2028 1749 2183 1816 fecit,

2306 1750 2411 1817 λον,
2462 1749 2549 1802 καὶ
2607 1746 2733 1807 τοὺς
2776 1746 2866 1800 σὺν
2914 1746 3060 1818 αὑτῷ
3102 1746 3237 1819 μετᾶ
3284 1746 3461 1801 πολὺν
3516 1749 3705 1823 χρόνον
3757 1766 3895 1820 προσ-

541 1834 1039 1905 quemadmodum
1063 1836 1184 1906 ipse
1207 1841 1471 1894 octavam
1494 1856 1676 1911 supra
1696 1840 2184 1911 vicesimam,qu

542 1924 812 1993 sequitur
835 1924 892 1977 in
917 1924 1185 1979 Genesim
1210 1929 1530 1983 orationem
1554 1930 1887 1999 auspicatus
1908 1930 2184 1995 ostendit,

550 2028 748 2083 quam,
782 2017 846 2068 ut
870 2018 1129 2083 apparet,
1152 2029 1286 2070 cum
1326 2016 1566 2086 reliquis
1599 2018 1800 2088 [hujus
1833 2020 2184 2090 argumenti]

542 2102 718 2174 longo
753 2110 884 2173 post
915 2108 1173 2173 tempore
1210 2104 1870 2178 habuit.0uinquaginta
1892 2108 2048 2163 enim
2073 2108 2190 2163 illis

547 2192 606 2247 in
639 2198 775 2248 Acta
807 2192 1063 2248 homiliis
1095 2194 1411 2251 recitandis
1436 2213 1617 2252 unum
1654 2198 1834 2254 ferme
1856 2215 2076 2255 annum
2110 2200 2190 2254 in-

554 2283 828 2352 sumpsit,
862 2298 996 2336 cum
1029 2299 1143 2337 non
1186 2283 1439 2354 quotidie
1470 2302 1666 2356 unam,
1700 2289 1800 2343 sed
1835 2288 2039 2358 quinto
2074 2295 2195 2343 tan-

550 2376 679 2425 tum
710 2376 812 2425 aut
844 2372 1093 2442 septimo
1126 2372 1303 2441 die,ot
1331 2375 1642 2445 aliquando
1674 2377 1861 2432 rarius
1892 2376 2065 2433 etiam
2096 2392 2196 2433 eas

549 2460 806 2515 recitarit
841 2477 853 2514 :
888 2467 944 2515 et
974 2463 1237 2531 quidam,
1273 2470 1335 2519 ut
1383 2465 1634 2536 ipsemet
1677 2467 1875 2534 tradit,
1918 2484 2051 2523 cum
2086 2475 2195 2522 ter-

556 2554 700 2606 tium
724 2553 851 2621 jam
885 2570 1106 2609 annum
1141 2557 1351 2626 praesul
1384 2564 1547 2613 esset.
1577 2561 1731 2623 Quas
1756 2576 1891 2616 vero
1922 2560 1982 2614 in
2014 2559 2199 2615 Gene-

558 2643 669 2697 sim
703 2643 956 2713 scripsit,
993 2662 1107 2715 quo
1158 2646 1278 2701 sint
1324 2652 1585 2717 tempore
1625 2648 1855 2717 habitae,
1892 2665 2006 2705 non
2040 2649 2199 2720 potui

564 2750 932 2801 cognoscere.
958 2736 1213 2792 Tantum
1246 2738 1291 2792 si
1325 2738 1456 2794 illas
1488 2757 1521 2794 a
1564 2757 1625 2795 se
1658 2740 1889 2796 habitas
1933 2741 2204 2796 homilias

562 2839 834 2877 sermone
865 2821 963 2879 illo
995 2842 1170 2881 xxvm
1212 2828 1495 2896 meminit,
1530 2845 1676 2900 quas
1713 2832 1877 2885 tertio
1910 2830 2206 2900 episcopa-

561 2918 661 2967 tus
701 2930 854 2970 anno
885 2920 1249 2987 composuit:
1286 2934 1473 2989 neque
1504 2921 1573 2974 de
1605 2919 1733 2974 aliis
1765 2936 1939 2991 quam
1972 2920 2033 2975 in
2067 2924 2207 2975 Acta

565 3003 826 3073 scriptis,
862 3004 941 3058 ibi
976 3006 1327 3062 mentionem
1374 3009 1510 3063 facit
1553 3008 1725 3079 (quod
1768 3009 2035 3079 equidem
2068 3007 2204 3065 hac-

2295 1836 2602 1911 ωμίλησεν.
2637 1837 2703 1895 Δὶ
2749 1836 2850 1909 γὰρ
2906 1835 2981 1898 εἰς
3026 1836 3119 1897 τὰς
3153 1836 3377 1911 Πράξεις
3420 1836 3634 1909 ὁμιλίαι
3660 1838 3720 1891 νε’
3755 1838 3795 1871 ⁵⁵

2296 1926 2420 1995 εἶσι,
2455 1924 2651 2001 σχεδὸν
2684 1922 2741 1979 δὲ
2799 1923 2870 1979 δι’
2898 1923 3033 1979 ὅλου
3074 1925 3219 1997 αὑτῷ
3266 1930 3366 1981 τοῦ
3406 1923 3645 1981 ἐνιαυτοῦ
3697 1924 3899 2013 ὲρῥήθητ

2298 2038 2390 2072 σαν
2427 2035 2440 2049 ο
2480 2017 2541 2070 ού
2591 2016 2693 2089 γὰρ
2739 2015 2859 2068 καθ’
2888 2015 3097 2089 ἡμέραν
3159 2014 3375 2085 ταύτας,
3418 2013 3565 2071 ἀλλὰ
3602 2015 3688 2070 καὶ
3726 2015 3837 2086 ὑπὲρ
3871 2033 3890 2067 ε

2298 2107 2387 2161 καὶ
2438 2106 2570 2180 ὑπὲρ
2607 2106 2645 2173 ζ’
2680 2107 2806 2177 [388
2845 2107 2937 2175 11.]
2969 2104 3055 2158 καὶ
3102 2102 3278 2158 πλείω
3336 2103 3659 2177 καθωμίλει.
3685 2106 3774 2164 Ἀς
3823 2099 3899 2169 δῆ·

2301 2195 2397 2251 λον
2456 2194 2615 2254 αὐτὸς
2654 2198 2802 2248 ποιεῖ
2859 2194 2941 2247 ὅτι
2998 2191 3402 2268 ἀρχιερατεύων
3462 2194 3595 2249 κατὰ
3648 2193 3705 2247 τὸ
3750 2190 3897 2265 τρίτον

2304 2284 2420 2346 ἔτος
2460 2282 2734 2357 ὡμίλησε.
2776 2283 2888 2346 Τὰς
2927 2285 3045 2354 [201
3093 2285 3183 2355 [1.]
3217 2280 3263 2336 δ’
3302 2281 3381 2344 εἷς
3425 2285 3526 2353 την
3590 2282 3775 2337 Γενεσιν
3821 2279 3900 2333 οὐκ

2307 2372 2539 2449 ἔσχομεν
2571 2377 2775 2447 γνῶναι
2807 2372 2969 2426 ὁπότε
3010 2371 3297 2445 ὁμιλήσειε
3335 2373 3381 2409 ⁸⁸
3405 2392 3418 2403 ’
3452 2372 3596 2442 πλὴν
3636 2372 3677 2427 εί
3724 2369 3901 2425 ἐκείνων

2310 2463 2583 2536 μέμνηται
2624 2466 2730 2517 τῶν
2773 2460 3012 2534 ὁμιλιῶν
3043 2461 3095 2515 ὲν
3128 2465 3205 2531 τῷ
3235 2464 3319 2529 κη’
3360 2459 3521 2539 λόγῳ
3571 2459 3831 2535 ὁμιλῆσαι,
3856 2458 3905 2516 ’ἃς

2310 2550 2399 2608 διὰ⁵
2434 2557 2531 2607 τοῦ
2576 2550 2762 2625 τρίτου
2813 2548 2962 2613 ἔτους
3002 2558 3103 2619 τῆς
3152 2551 3568 2627 ἀρχιερωσύνης
3596 2550 3747 2605 αὐτοῦ
3775 2548 3908 2619 ἐξειρ-

2310 2642 2533 2720 γάσατο,
2571 2642 2715 2697 ἀλλὰ
2769 2643 2844 2713 μὴ
2902 2640 3098 2712 ἑτέρων
3138 2646 3297 2696 τινῶν
3350 2643 3501 2716 παρα
3530 2642 3575 2677 ⁶⁷
3620 2640 3795 2699 ταύτας
3821 2634 3915 2711 (οὖα

2311 2756 2398 2788 πω
2429 2733 2532 2807 γάρ
2562 2736 2724 2785 τοῦτο
2757 2728 2967 2805 ἔγνων),
3003 2727 3173 2799 δῆλον
3208 2730 3291 2785 ὅτι
3324 2730 3414 2785 καὶ
3459 2731 3651 2791 ταύτας
3696 2728 3917 2802 ἀρχιερα-

2311 2822 2481 2879 τεύων
2545 2819 2918 2887 κατεσκεύασε,
2973 2818 3071 2881 τὰς
3142 2820 3236 2893 μὲν
3291 2825 3369 2889 κζ’
3419 2820 3491 2894 τῇ
3565 2817 3918 2892 τεσσαρακοστῇ

2314 2918 2412 2969 τοῦ
2444 2910 2693 2986 δευτέρου
2727 2907 2903 2979 ἔτους,
2932 2908 3026 2971 τὰς
3077 2906 3133 2963 δὲ
3174 2909 3371 2972 λοιπὰς
3412 2908 3497 2965 λδ⁷
3528 2909 3578 2966 ἑν
3617 2913 3692 2981 τῷ
3719 2906 3922 2978 τετάρτῳ

2318 2999 2447 3059 ἔτει.

567 3097 739 3147 tenus
772 3110 884 3148 non
919 3096 1077 3164 potui
1114 3095 1585 3169 deprehendere),
1623 3098 1830 3169 praesul
1882 3099 2158 3155 nimirum
2190 3116 2326 3156 cum
2358 3100 2533 3163 esset,
2572 3094 2747 3150 etiam
2799 3094 2901 3149 has
2940 3093 3335 3161 contexuerit;
3385 3092 3597 3166 viginti
3648 3091 3855 3163 quidem
3882 3087 3927 3141 et

572 3187 794 3250 septem
828 3185 1063 3239 secundi
1097 3186 1234 3239 anni
1267 3188 1745 3257 Quadragesima,
1777 3192 2013 3244 caeteras
2045 3190 2181 3246 dein
2213 3189 2455 3260 triginta
2486 3191 2759 3257 quatuor,
2791 3201 2944 3239 anno
2976 3188 3203 3255 quarto.

644 3270 822 3323 Dictio
846 3270 937 3325 hic
960 3271 1115 3326 illius
1137 3275 1207 3327 de
1234 3291 1393 3330 more
1418 3280 1723 3347 perspicua
1750 3284 1807 3333 et
1839 3280 2209 3351 pura,sp|en-
2244 3284 2290 3346 (1

569 3356 707 3412 dida
762 3358 1003 3427 insuper
1049 3377 1115 3415 ac
1164 3362 1349 3417 ﬂuens
1402 3371 1662 3435 apparet,
1699 3366 1944 3421 multam
1978 3368 2208 3423 interim

571 3462 701 3501 cum
764 3463 1043 3503 sensuum
1121 3452 1483 3521 varietatem,
1555 3463 1672 3509 tum
1742 3456 2208 3526 gratissimorum

570 3537 969 3609 exemplorum
1002 3540 1227 3611 copiam
1252 3543 1621 3600 exhibenan
1656 3545 1879 3602 humile
1900 3552 2094 3603 tamen
2122 3549 2212 3604 hic

572 3623 802 3681 dicendi
833 3643 1019 3697 genus
1076 3630 1247 3686 dictio
1289 3632 1527 3702 pronior
1557 3638 1717 3689 tanto
1748 3640 1837 3690 est
1867 3653 1953 3705 ea,
1987 3654 2103 3707 qua
2152 3638 2213 3693 in

573 3713 830 3770 homiliis
899 3716 958 3771 in
1017 3720 1159 3773 Acta
1236 3721 1632 3791 apostolorum
1685 3725 1892 3791 utitur,
1950 3726 2209 3791 inferior,

573 3808 791 3873 quanto
825 3804 945 3861 haec
970 3822 1002 3862 a
1024 3808 1470 3867 Commentariis
1495 3811 1553 3867 in
1592 3814 1933 3884 Apostolum
1958 3832 2023 3871 ac
2051 3817 2209 3871 Psal-

571 3908 696 3948 mos
719 3902 1045 3963 superatur.
1063 3897 1205 3952 Cum
1225 3898 1377 3954 enim
1402 3900 1617 3973 ubique
1638 3902 1954 3959 orationem
1982 3920 2208 3976 puram,

570 3981 861 4037 illustrem
905 4001 967 4038 ac
1017 3984 1163 4041 bene
1209 3988 1556 4060 dispositam
1604 4007 1716 4046 non
1759 3993 1885 4048 sine
1914 3992 2209 4065 voluptate

571 4072 881 4130 artificiose
904 4080 1174 4133 contexat
1196 4095 1210 4134 :
1235 4079 1294 4135 in
1338 4080 1428 4136 his
1455 4082 1702 4139 maxime
1735 4084 1969 4156 scriptis
1987 4085 2211 4141 virtuti-

570 4161 679 4217 bus
703 4162 840 4229 illis,
866 4165 1386 4239 exemplorumque
1410 4171 1693 4241 ubertate,
1710 4177 1882 4243 atque
1904 4174 2211 4245 enthyme-

572 4255 795 4305 matum
828 4255 1017 4324 capia,
1041 4260 1097 4310 et
1129 4272 1259 4312 cum
1300 4259 1382 4313 ita
1408 4276 1554 4330 opus
1586 4266 1693 4327 est,
1719 4262 1893 4318 etiam
1928 4266 2210 4335 gravitate

568 4338 815 4393 excellit.
850 4341 1023 4407 Quin,
1056 4350 1121 4398 ut
1162 4346 1336 4401 semel
1377 4348 1588 4414 dicam,
1628 4352 1817 4405 verbis
1852 4352 1967 4407 haec
1998 4371 2210 4409 monu—

571 4435 787 4496 menta,
815 4435 1255 4505 compositione,
1284 4437 1577 4507 methodo,
1612 4441 1901 4509 sensibus,
1935 4449 1990 4497 et
2022 4447 2072 4495 id
2115 4461 2211 4511 ge-

575 4532 685 4570 nus
719 4531 1018 4588 apparatu,
1055 4527 1537 4593 praestantissime
1567 4536 1838 4583 exornata
1871 4531 2207 4586 edidit.Cae-

568 4609 761 4661 terum
786 4626 1046 4678 quasnam
1072 4612 1127 4666 in
1146 4614 1399 4685 Apostoli
1419 4616 1709 4684 Epistolas
1729 4619 2041 4674 Antiochia:
2065 4623 2203 4677 dum

571 4702 784 4764 ageret,
802 4698 1202 4768 elaboraverit,
1220 4708 1275 4760 et
1300 4706 1661 4763 accuratiore
1682 4708 1918 4777 quidem
1944 4708 2063 4777 illa,
2082 4726 2205 4783 quaa

565 4782 703 4839 item
730 4789 937 4857 prtesul
971 4793 1475 4864 conscripserit,ex
1506 4795 1621 4852 illis
1652 4796 1792 4868 ipsis
1824 4797 1987 4853 facile
2020 4782 2209 4871 potest

563 4874 849 4946 dignosci.
891 4880 1027 4945 Quae
1058 4886 1249 4938 autem
1296 4884 1365 4938 ad
1406 4884 1711 4941 historiam
1753 4888 2205 4947 Commentario-

564 4980 631 5018 ru
644 4965 769 5021 min
786 4966 1048 5025 Psalmos
1064 4973 1728 5043 pertinent,cognoscere
1743 4977 1893 5031 nond
1906 4994 2000 5032 um
2017 4977 2203 5045 licuit,

565 5054 677 5108 nisi
704 5056 837 5127 quis
865 5059 1005 5113 forte
1036 5059 1452 5132 vim,aliasque
1484 5064 1712 5119 dicendi
1744 5066 1985 5123 virtutes
2016 5068 2205 5140 suspi-

570 5144 1005 5211 ciens,ottosum
1041 5149 1142 5203 illa
1168 5152 1559 5223 potius,quam
1588 5154 1835 5224 publicis
1860 5156 2203 5213 immersum

565 5236 830 5305 negotiis,
855 5236 1184 5294 elaborasse
1205 5241 1649 5305 attirmet.0uod
1684 5245 1868 5300 sicubi
1892 5247 2206 5303 sententia-

2394 3277 2453 3330 Ἥ
2486 3271 2542 3327 δὲ
2592 3275 2785 3348 φράσις
2835 3270 2983 3343 αὑτῷ
3034 3271 3168 3344 μετὰ
3204 3278 3305 3340 τῆς
3338 3273 3610 3343 συνήθους
3676 3263 3924 3341 σαφηνείας

2322 3363 2411 3418 καὶ
2467 3361 2840 3435 καθαρότητος
2890 3360 2982 3414 καὶ
3030 3361 3093 3414 τὸ
3152 3358 3411 3435 λαμπρὸν
3461 3360 3549 3415 καὶ
3590 3356 3766 3434 εὔρουν
3793 3351 3923 3409 ἐνδεί-

2321 3473 2528 3519 κνυται,
2586 3452 2648 3505 τὸ
2713 3448 3000 3527 πολύχουν
3055 3456 3162 3505 τῶν
3222 3451 3521 3521 νοημάτων
3576 3450 3661 3505 καὶ
3696 3448 3785 3516 τὴν
3842 3447 3926 3497 τῶν

2322 3540 2779 3616 παραδειγμάτων
2871 3540 3315 3617 προσφυεστάτην
3406 3540 3659 3616 εὐπορίαν
3745 3551 3926 3590 συνυπο-

2325 3631 2607 3707 φαίνουσα.
2643 3628 2982 3686 Ἥλάττωται
3041 3627 3097 3685 δε
3153 3629 3305 3703 ὅμως
3348 3638 3453 3699 τῆς
3498 3630 3551 3685 ἐν
3582 3636 3694 3691 ταῖς
3740 3625 3924 3700 Ιίράξισι

2323 3723 2567 3797 φράσεως
2626 3718 2712 3774 ἐπὶ
2768 3720 2830 3773 τὸ
2904 3718 3282 3795 ταπεινότερον
3361 3720 3778 3793 ἆπενηνεγμὲνη,
3828 3713 3925 3768 ὅσον

2318 3816 2428 3865 τῶν
2470 3809 2545 3871 είς
2603 3809 2694 3864 τὸν
2722 3806 3068 3867 Ἀπόστολον
3115 3808 3415 3882 ἐρμηνειῶν
3467 3811 3557 3866 καὶ
3608 3808 3681 3864 ἔτι
3736 3810 3830 3861 τῶν
3868 3800 3928 3861 τίς

2318 3902 2409 3955 τὸν
2450 3898 2721 3974 Ψαλτῆρα
2769 3900 3184 3972 ὑπομνημάτων
3215 3901 3248 3968 ἡ
3283 3898 3335 3954 ἐν
3380 3906 3504 3963 ταῖς
3546 3898 3788 3975 Ηράεεσιν
3822 3893 3925 3947 ὑπο·

2320 3988 2588 4045 λείπεται.
2633 3994 2918 4063 Πανταχοῦ
2947 3989 3047 4065 γὰρ
3087 3995 3205 4051 τοῖς
3251 3987 3445 4065 λόγοις
3493 3989 3656 4045 αὐτοῦ
3699 3988 3755 4043 τὸ
3790 3983 3923 4039 καθα-

2322 4078 2414 4152 ρὸν
2497 4079 2588 4133 καὶ
2667 4076 2922 4151 λαμπρὸν
2993 4079 3083 4133 καὶ
3157 4078 3397 4153 εὐκρινὶς
3478 4078 3610 4152 μετᾶ
3663 4080 3751 4133 τοῦ
3792 4067 3923 4141 ἠδίοζ

2320 4174 2691 4243 τεχνουργῶν,
2736 4168 2951 4231 τούτοις
2996 4189 3052 4223 τε
3110 4166 3335 4222 ἐνταῦθα
3396 4169 3636 4241 μάλιστα
3685 4159 3921 4237 διαπρέπει

2320 4258 2408 4311 καὶ
2454 4261 2523 4331 τῇ
2571 4263 2679 4311 τῶν
2717 4254 3174 4333 παραδειγμάτων
3224 4258 3459 4332 εὐπορία
3499 4259 3586 4313 καὶ
3640 4260 3703 4329 τῇ
3732 4258 3825 4308 τῶν
3864 4247 3925 4302 ἓν·

2319 4350 2657 4421 θυμημάτων
2712 4350 2935 4425 ἀφθονίᾳ
2970 4350 3080 4419 καὶ,
3131 4347 3184 4403 εἷ’
3225 4369 3330 4403 που
3378 4347 3515 4417 δέοι,
3547 4349 3635 4404 καὶ
3675 4337 3924 4425 δεινότητι,

2318 4438 2407 4493 καὶ
2448 4438 2641 4500 ἁπλῶς
2691 4435 2743 4492 ἔν
2785 4460 2843 4494 τε
2892 4438 3031 4511 λέξει
3067 4439 3154 4493 καὶ
3189 4440 3431 4512 συνθήκῃ
3483 4438 3574 4494 καὶ
3623 4431 3817 4510 μεθόδῳ
3852 4424 3925 4481 κιῖ

2316 4532 2550 4601 νοήμασι
2592 4531 2682 4585 καὶ
2728 4535 2796 4603 τῇ
2848 4529 2953 4603 ὅλῃ
2995 4531 3041 4565 ⁸⁸
3070 4533 3373 4601 κατασκευῇ
3417 4528 3609 4603 ἅριττα
3656 4522 3804 4583 τάσδε
3850 4518 3927 4577 τὰς

2318 4621 2626 4697 συγγραφάς
2668 4620 3024 4689 ὑπεστήσατο.
3058 4618 3232 4675 Ἀλλὰ
3260 4619 3356 4679 τὰς
3402 4619 3501 4690 μὲν
3548 4618 3623 4679 εἰς
3680 4616 3765 4670 τὸν
3790 4606 3927 4668 ’Λπό-

2317 4710 2513 4763 στολον
2572 4707 2710 4764 ἔστιι
2770 4710 2819 4779 ἐξ
2880 4708 3057 4763 αὐτῶν
3089 4706 3303 4763 ἐκείνων
3338 4707 3657 4785 ἐπιγνῶναι,
3697 4701 3834 4761 ποῖαί
3880 4717 3927 4751 τε

2315 4796 2488 4852 αὐτῶν
2547 4798 2597 4853 ἐν
2656 4798 2968 4872 Ἀντιοχείᾳ
3038 4792 3374 4869 διατρίϐοντι
3435 4798 3833 4871 ἐξεπονήθησαν,
3884 4785 3927 4840 αἳ

2314 4884 2402 4940 καὶ
2458 4885 2670 4960 μᾶλλον
2719 4882 3135 4961 διηκρίϐωνται,
3166 4888 3257 4942 καὶ
3313 4894 3469 4943 ποῖαι
3519 4881 3923 4963 ἀρχιερατεύοντι

2314 4974 2644 5047 ἐποιήθησαν
2682 4998 2694 5013 ·
2736 4979 2832 5040 τὰς
2866 4974 2922 5031 δὲ
2954 4977 3029 5040 εὶς
3059 4979 3186 5040 τοὺς
3231 4977 3504 5051 Ψαλμοὺς
3556 4975 3707 5033 οὔπω
3751 4973 3925 5051 ἔχομεν

2314 5064 2438 5120 ὅσον
2466 5069 2511 5104 ⁸ο
2548 5068 2663 5122 καθ’
2710 5065 2953 5140 ἱστορίαν
3012 5072 3235 5144 γνῶναι,
3267 5066 3413 5137 πλὴν
3457 5066 3513 5122 εἷ’
3546 5088 3629 5130 τις
3671 5065 3763 5133 τήν
3794 5060 3927 5115 δύνα-

2316 5177 2405 5228 μιν
2448 5156 2537 5210 καὶ
2568 5157 2665 5225 τήν
2698 5155 2875 5227 ἄλλην
2907 5157 3103 5230 ἀρετὴν
3145 5160 3241 5211 τοῦ
3282 5156 3449 5231 λόγου
3483 5157 3767 5229 θαυμάζων
3823 5168 3933 5223 σχο-

2313 5246 2549 5318 λάζοντα
2596 5248 2756 5303 αὐτὸν
2789 5246 3003 5323 μᾶλλον
3043 5246 3172 5304 ἀλλ’
3198 5246 3261 5303 οὗ
3292 5248 3577 5325 πράγμασι
3626 5248 3817 5305 κοινοῖς
3860 5238 3930 5293 tvo

1911 5418 2147 5475 VARle
2199 5422 2602 5480 LECTIONES.

624 5561 671 5595 ⁶²
726 5560 909 5641 ἑτέρου
978 5570 1022 5621 Δ
1071 5583 1083 5621 :
1135 5563 1387 5641 δευτέρου
1444 5590 1492 5633 ς.

1579 5567 1816 5649 Ααὺτῷ
2040 5574 2104 5627 Α.
2183 5573 2230 5609 ⁸⁸
2282 5572 2339 5649 δν
2391 5593 2509 5632 om.
2559 5593 2645 5649 pr.
2680 5578 2747 5633 Α.
2824 5576 2939 5632 ⁸⁵ε⁹
2979 5579 3115 5635 add.
3169 5578 3230 5639 Α.
3307 5576 3352 5613 ⁸⁸
3391 5572 3679 5649 ὡμίλησεν
3733 5569 3933 5631 σοι’τσΑ

550 5630 595 5668 ⁸⁷
628 5633 771 5709 παρά
806 5630 849 5690 Ᾱ
889 5654 908 5693 ,³
940 5638 1060 5711 περί
1104 5658 1149 5699 ς.
1226 5630 1410 5713 δδὸλῃ
1447 5630 1491 5697 Α
1526 5660 1537 5698 :
1573 5642 1723 5716 ἄλλῃ
1770 5630 1817 5704 ς’.
1890 5646 1935 5679 ⁶⁹
1968 5644 2091 5697 ὅσον
2127 5662 2244 5702 om.
2271 5646 2333 5703 C.
