4136 6216
651 40 736 65 diu;
777 40 1052 62 -~.._-v—""‘-‘
1067 40 1148 47 ’τ’-
1163 40 1204 48 ν·
1231 39 1570 66 “ψ-ο-⁴⁵“⁵

635 111 1584 188 HW

1349 302 1888 366 BlBLIO'l‘HECA.
1941 338 2012 348 —
2055 305 2229 366 COD.
2277 304 2549 366 CLXXV.

3532 303 3661 366 506

244 437 612 514 στρεφόμενον
663 436 861 497 ταύτας
917 433 1049 512 φαίη
1110 433 1510 510 ἐξεργάσασθαι.
1546 435 1607 493 Εἰ
1668 433 1724 492 δέ
1781 458 1900 492 τινα

2040 456 2141 496 um
2174 439 2405 511 aliquas,
2446 437 2633 493 1191)
2674 452 2776 493 seu
2827 436 3348 509 interpretationis,
3379 455 3482 494 seu
3517 455 3652 509 pro-

242 531 357 582 τῶν
401 528 588 601 ῥητῶν
635 525 670 592 ἢ
723 524 1014 597 ἑρμηνείας
1046 524 1080 594 ἢ
1122 523 1413 598 βαθυτέρας
1451 525 1676 600 θεωρίας
1710 525 1900 599 δεόμε-

247 637 316 672 να
357 614 457 670 οὐκ
515 609 798 685 ἐπιμελῶς
837 609 1147 683 ἐπεξῆλθεν,
1180 611 1245 668 οὑ
1296 611 1378 668 δεῖ
1425 614 1715 688 θαυμάζειν
1749 637 1761 649 ·
1805 615 1903 669 ὅσα

245 703 354 778 γάρ
396 705 432 771 ἠ
501 706 605 756 τῶν
664 700 944 772 ἀκροατῶν
1003 700 1204 777 ἐχώρει
1256 699 1489 776 δύναμις
1537 704 1626 757 καὶ
1676 701 1751 765 είς
1804 704 1903 773 τήν

246 791 475 846 ἐκείνων
517 789 778 846 συνέτεινε
833 790 1106 865 σωτηρίαν
1153 792 1242 846 καὶ
1293 790 1580 867 ὠφέλειαν,
1613 789 1766 847 οὐδὲν
1819 793 1905 848 οὑ-

249 878 433 954 ὂαμοῦ
464 880 693 954 παρῆκε.
739 879 833 934 Διό
903 902 1000 954 μοι
1032 881 1122 935 καὶ
1162 879 1243 935 ἀεί
1282 881 1572 954 θαυμάζειν
1608 877 1779 936 ἔπεισι
1811 883 1900 937 τὸν

243 970 706 1044 τρισμακάριστον
768 970 1050 1044 ἄνθρωπον
1119 969 1342 1037 ἐκεῖνον,
1396 971 1480 1025 ὅτι
1537 969 1620 1024 ἀεὶ
1686 971 1775 1025 καὶ
1848 970 1901 1026 ἐν

248 1063 414 1114 πᾶσιν
443 1057 605 1112 αὑτοῦ
645 1060 762 1120 τοῖς
796 1058 843 1093 ⁷⁰
869 1057 1055 1134 λόγοις
1086 1063 1248 1115 τοῦτο
1279 1059 1479 1115 σκοπὸν
1509 1057 1769 1130 ἐποιεῖτο,
1800 1061 1900 1129 τήν

246 1146 521 1222 ὠφέλειαν
552 1151 660 1201 τῶν
697 1147 999 1222 ἀκροατῶν,
1038 1152 1148 1203 τῶν
1195 1147 1240 1202 δ’
1273 1147 1462 1204 ἄλλων
1508 1149 1542 1217 ἢ
1603 1146 1719 1204 οὐδ’
1757 1148 1903 1211 ὅλως

248 1234 568 1313 ἐφρόντιζεν
597 1235 632 1304 ἢ
665 1236 740 1297 ὡς
783 1234 1102 1311 ἐλάχιστον,
1133 1236 1278 1292 ἀλλὰ
1326 1239 1414 1292 καὶ
1465 1242 1562 1293 τοῦ
1611 1236 1760 1309 δόξαι
1815 1239 1910 1294 λα-

248 1329 368 1382 θεῖν
398 1327 560 1382 αὑτὸν
609 1322 726 1381 ἔνια
772 1332 879 1382 τῶν
919 1329 1215 1402 νοημάτων
1264 1334 1354 1384 καί
1402 1333 1497 1384 τοῦ
1529 1332 1662 1404 πρὸς
1693 1332 1760 1385 τά
1809 1332 1908 1405 βα⁹

244 1417 452 1490 θὸτερα
511 1416 588 1488 μή
648 1420 931 1492 πειρᾶσθαι
989 1417 1383 1493 παρεισδὺνειν,
1411 1420 1502 1475 καὶ
1562 1419 1614 1474 εἷ’
1647 1441 1696 1474 τι
1727 1425 1911 1475 τοιοῦ-

240 1527 366 1574 τον,
400 1505 536 1579 ὑπὲρ
586 1512 689 1575 τῆς
750 1512 859 1561 τῶν
916 1506 1278 1582 ἀκροωμένων
1310 1508 1578 1588 ὠφελείας
1630 1510 1908 1565 παντάπα-

251 1615 342 1649 σιν
370 1593 679 1670 ὠλιγώρει.

1012 1781 1182 1836 POE'.

338 1865 645 1944 Παμφίλης
694 1867 1030 1960 Συμμίκτιυγ
1079 1870 1368 1960 ἱστορικῶν
1417 1871 1826 1944 ὑπομνημάτων

947 1939 1107 2016 λόγοι
1153 1939 1226 2012 η’.

333 2029 785 2104 ’Δνεγνώσθησαν
848 2028 1146 2106 Παμφίλης
1223 2031 1557 2106 Συμμίκτων
1632 2034 1922 2108 ἱστορικῶν

254 2119 684 2192 ὑπομνημάτων
754 2117 910 2194 λόγοι
969 2121 1039 2189 η’.
1094 2119 1242 2190 Αὕτη
1311 2119 1462 2196 ἀνδρὶ
1515 2122 1609 2194 μὲν
1671 2123 1921 2194 συνῴκει,

253 2209 343 2268 ὡς
387 2208 480 2261 καῖ
548 2207 683 2277 αὑτὴ
727 2211 772 2245 τί
824 2207 930 2263 τῶν
993 2209 1401 2283 ὑπομνημάτων
1448 2215 1920 2287 προοιμιαζομένη

250 2294 682 2370 ἐπισημαίνεται
718 2319 731 2330 ο
783 2299 828 2370 ᾦ
883 2297 972 2353 καὶ
1033 2299 1100 2373 ιγ’
1139 2294 1232 2369 ἔτη
1291 2299 1350 2355 ἐκ
1393 2297 1586 2364 παιδὸς
1620 2296 1925 2374 συμϐιοῦσα

258 2382 382 2454 ἤδη
443 2393 544 2454 τῆς
622 2387 1082 2460 ὑπομνηματικῆς
1137 2387 1341 2459 ταύτης
1399 2398 1716 2469 συγγραφῆς
1775 2387 1924 2466 λέγει

261 2474 635 2548 ἀπάρξασθαι,
689 2480 817 2551 [389
857 2480 947 2551 IL]
980 2479 1292 2555 συγγράψαι
1341 2479 1398 2534 δὲ
1455 2475 1487 2533 ἆ
1533 2501 1593 2535 τε
1631 2482 1776 2552 παρὰ
1831 2484 1926 2535 τοῦ

259 2561 473 2638 ἆνδρὸς
509 2565 695 2638 μάθοι,
725 2566 794 2620 τά
852 2568 913 2640 ιγ’
943 2561 1035 2637 ἔτη
1079 2573 1322 2644 συνεχῶς
1363 2567 1512 2640 αὑτῷ
1555 2573 1805 2640 συνοῦσα,
1837 2570 1927 2624 καὶ

264 2649 410 2727 μηδ’
458 2655 667 2728 ἡμέραν
726 2652 858 2726 μηδ’
910 2653 1053 2731 ὥραν
1117 2655 1554 2730 ἀπολειπομένη,
1583 2659 1673 2714 καὶ
1723 2660 1756 2713 ἃ
1802 2659 1927 2733 παρ’

253 2741 454 2798 ἄλλου
491 2743 638 2806 τινὸς
693 2745 920 2800 ἆκοῦσαι
976 2747 1104 2820 [202
1144 2747 1236 2819 Η.]
1270 2741 1461 2819 συνέϐη
1512 2752 1620 2803 τῶν
1661 2749 1788 2823 παρ’
1829 2748 1926 2802 αὑ-

253 2833 365 2886 τὸν
426 2831 832 2907 ἀφικνουμένων
893 2833 1162 2906 (πολλοὺς
1193 2835 1242 2871 ⁷³
1273 2833 1331 2891 δὲ
1368 2841 1556 2915 φοιτᾷν
1616 2833 1788 2910 ὄνομα
1840 2838 1930 2892 καὶ

259 2919 436 2990 δόξαν
477 2916 700 2997 ἔχοντας
744 2923 836 2978 ὶπῖ
885 2921 1147 2998 παιδείᾳ),
1180 2925 1270 2980 καὶ
1303 2923 1370 2996 δὴ
1421 2929 1510 2982 καὶ
1552 2927 1652 2982 ὅσα
1694 2921 1930 3003 βιϐλίων

261 3012 417 3079 αὑτὴ
470 3010 775 3082 ἆνελὲξατο.
824 3017 1002 3069 Ταῦτα
1050 3011 1108 3069 δὲ
1157 3015 1350 3084 πάντα,
1400 3017 1498 3071 ὅσα
1537 3014 1711 3095 λόγου
1759 3019 1804 3054 ⁷³
1843 3015 1933 3073 καί

265 3102 513 3176 μνήμης
563 3100 698 3176 αὐτῇ
749 3102 870 3174 ἄξια
916 3101 1112 3175 ἐδόκει,
1147 3105 1221 3167 εἰς
1266 3105 1635 3180 ὑπομνήματα
1676 3114 1928 3184 συμμιγῆ

1950 1817 1998 1883 Β

2011 529 2299 585 fundioris
2329 525 2722 598 indagationis
2747 524 3108 597 indigebant,
3134 543 3322 599 neque
3355 532 3549 583 tamen
3568 527 3662 582 di-

2011 619 2256 692 ligenter
2275 617 2417 674 satis
2448 633 2548 673 eas
2562 614 2889 686 explanavit
2906 615 3116 671 mirum
3134 615 3191 672 id
3209 617 3450 674 minime
3471 615 3653 673 videri

2010 709 2200 765 debet.
2217 706 2750 777 Qumcunqueenim
2773 705 3038 761 auditoru
3051 721 3105 760 m
3122 708 3317 777 captui
3332 722 3657 763 accommo-

2013 798 2144 853 data
2174 802 2392 864 essent,
2427 801 2600 868 atque
2640 797 2710 851 ad
2742 811 2945 850 eorum
2977 793 3228 850 salutem
3259 799 3318 851 et
3351 795 3655 851 utilitatem

2013 887 2465 957 pertinerent,ea
2483 886 2825 954 neutiquam
2841 882 2936 938 ille
2952 883 3660 953 prmtermittebat.0uam-

2014 977 2209 1034 obrem
2261 993 2448 1048 neque
2496 975 2773 1032 admirari
2813 976 3247 1032 sanctissimum
3293 975 3482 1030 virum
3515 973 3658 1030 satis

2015 1082 2272 1137 unquam
2325 1081 2581 1136 possum,
2631 1065 2784 1135 quod
2836 1069 3108 1136 perpetuo
3137 1063 3196 1119 in
3229 1064 3502 1120 omnibus
3532 1062 3662 1120 suis

2017 1156 2246 1226 scriptis
2274 1155 2604 1210 auditorum
2640 1153 2720 1208 ita
2742 1153 3077 1222 utilitatem,
3103 1159 3385 1224 tauquam
3419 1168 3659 1223 scopum

2020 1245 2336 1316 preﬁxisse
2366 1243 2476 1299 sibi
2530 1243 2804 1308 videatur,
2834 1247 2900 1297 ut
2933 1247 3137 1298 caetera
3167 1241 3258 1298 vel
3289 1243 3529 1298 omnino
3561 1259 3666 1298 ne-

2020 1333 2280 1407 glexerit,
2308 1333 2396 1390 vel
2421 1333 2706 1390 levissime
2737 1331 3137 1404 attigerit.Sed
3170 1335 3227 1386 et
3258 1331 3402 1387 illud
3432 1332 3666 1404 penitus

2021 1441 2140 1494 prae
2201 1424 2535 1480 auditorum
2570 1421 2823 1478 utilitate
2871 1421 3242 1493 contempsit,
3287 1422 3438 1492 quod
3489 1421 3667 1477 alicui

2021 1514 2111 1570 vel
2145 1530 2350 1570 sensus
2403 1513 2632 1584 aliquos
2689 1513 3016 1584 ignorasse,
3048 1511 3130 1566 vel
3182 1512 3253 1565 ad
3287 1509 3668 1582 profundiora

2026 1605 2292 1676 quaedam
2350 1607 2648 1674 penetrare
2703 1600 3009 1672 refugisse,
3066 1599 3156 1656 vel
3208 1600 3263 1655 id
3323 1615 3509 1670 genus
3553 1599 3669 1656 alia

2026 1691 2390 1766 praeteriisse,
2422 1690 2603 1748 videri
2635 1694 2854 1762 posset.

2719 1781 2974 1837 CLXXV.

2271 1871 2576 1943 Pamphin
2596 1871 2848 1929 historiae
2867 1871 3124 1928 Miscellw
3148 1870 3286 1927 libri
3308 1887 3435 1928 vm.

2106 2055 2256 2112 Lecti
2289 2058 2430 2110 sunt
2471 2053 2782 2124 Pamphilae
2822 2053 2936 2125 (87)
2983 2053 3263 2125 Mislarum
3312 2050 3676 2125 historiarum

2033 2127 2168 2184 libri
2211 2121 2755 2183 commentarii—octo
2777 2121 2927 2197 (88).⁷
2950 2127 3104 2181 Vixit
3150 2124 3272 2181 hac
3302 2123 3424 2180 viro
3464 2121 3677 2194 nuptui

2033 2217 2167 2273 data
2197 2216 2328 2288 (89),
2363 2220 2428 2270 ut
2453 2215 2583 2288 ipsa
2613 2215 2802 2286 operis
2835 2214 3003 2270 initio
3035 2215 3309 2285 praefatur
3341 2229 3354 2268 :
3397 2228 3527 2268 cum
3560 2227 3674 2283 quo

2033 2308 2278 2378 conjuge
2299 2321 2482 2362 annos
2501 2304 2658 2375 ipsos
2681 2304 2958 2360 tredecim
2980 2321 3012 2359 a
3035 2305 3337 2376 pubertate
3359 2303 3678 2373 conjuncta

2037 2396 2167 2462 fuit,
2200 2387 2394 2450 et‘boc
2424 2410 2574 2464 opus
2605 2393 2875 2448 meditari
2898 2392 3258 2463 cmpitatque
3285 2393 3673 2447 conscribere.

2036 2483 2276 2554 Scripsit
2314 2488 2531 2549 autem,
2563 2487 2687 2537 tum
2736 2498 2864 2552 quea
2912 2497 2982 2537 ex
3022 2482 3143 2536 viro
3174 2480 3380 2535 didicit
3410 2495 3540 2534 cum
3565 2493 3682 2549 quo

2038 2571 2338 2637 tredecim,
2364 2575 2429 2626 ut
2469 2570 2743 2636 diximus,
2775 2586 2964 2626 annos
3005 2568 3485 2639 coujunctissime
3523 2567 3683 2633 vixit,

2040 2661 2200 2717 nullo
2234 2659 2468 2715 interim
2502 2659 2594 2714 die
2623 2663 2723 2714 aut
2751 2659 2888 2714 hora
2906 2659 3089 2714 otiose
3112 2661 3400 2712 transacta
3423 2673 3436 2710 :
3463 2661 3586 2711 tum
3617 2669 3686 2710 ea

2040 2767 2167 2823 qua:
2199 2750 2271 2806 ab
2303 2748 2434 2804 aliis
2465 2749 2806 2820 accepisset,
2828 2747 2929 2818 qui
2963 2745 3158 2802 mariti
3182 2748 3418 2802 domum
3444 2743 3682 2816 plurimi

2037 2843 2496 2912 frequentarent,
2531 2837 2763 2894 nomine
2819 2843 2878 2893 et
2919 2837 3196 2892 doctrinas
3242 2834 3430 2906 gloria
3459 2832 3633 2888 claris
3667 2846 3682 2887 :

2041 2933 2168 2986 tum
2184 2929 2436 2999 denique
2455 2926 2738 3000 quidquid
2758 2924 3001 2997 legendo
3019 2925 3150 2996 ipsa
3166 2919 3688 2979 observassetﬂeo

2041 3019 2260 3085 omnia,
2286 3023 2343 3074 et
2364 3031 2723 3088 quaecunque
2755 3014 3035 3072 memoria
3065 3013 3243 3086 digna
3280 3013 3405 3068 visa
3435 3014 3593 3079 sunt,
3626 3010 3687 3066 in

2041 3107 2534 3164 Commentarium
2561 3121 2662 3177 per
2683 3109 2944 3160 saturam
2969 3101 3191 3171 retulit,
3213 3106 3270 3158 et
3290 3117 3406 3157 non
3430 3115 3532 3172 per
3553 3115 3685 3171 pro-

261 3191 370 3247 καὶ
432 3191 500 3246 οὑ
566 3191 702 3266 πρὸς
784 3194 883 3257 τὰς
955 3193 1096 3257 ἰδίας
1173 3196 1450 3259 ὑποθέσεις
1525 3193 1926 3272 διακεκριμένον

2047 3197 2206 3268 prius
2229 3195 2466 3268 singula
2482 3194 2638 3251 locos
2660 3193 3090 3260 distribuit,sed
3120 3195 3182 3247 ut
3202 3190 3478 3263 quodque
3500 3189 3689 3244 visum

261 3279 507 3335 ’ἑκαστον
566 3278 786 3350 διελεῖν,
817 3280 944 3338 ἀλλ’
976 3283 1148 3345 οὕτως
1202 3283 1319 3354 εἰκῆ
1364 3285 1455 3340 καὶ
1495 3286 1571 3350 ὡς
1615 3287 1662 3322 ⁷⁴
1712 3283 1935 3342 ἕκαστον

263 3368 522 3438 ἰπῆλθεν
579 3368 906 3444 ἀναγράψαι,
939 3371 1010 3434 ὡς
1053 3372 1183 3452 οὐχὶ
1234 3371 1476 3447 χαλεπὸν
1527 3368 1752 3451 ἔχουσα,
1781 3377 1936 3452 φησὶ,

263 3460 345 3514 ’ὸ
406 3461 524 3513 κατ’
571 3457 682 3514 εῖδο
811 3461 824 3480 ’
877 3460 890 3476 “
960 3458 984 3478 ⁸
1107 3468 1128 3478 “’
1365 3485 1383 3494 ⁸
1768 3467 1780 3482 “

277 3499 298 3517 ,
605 3504 615 3512 .
691 3481 715 3521 ς
765 3481 902 3516 αυτα
957 3461 1178 3532 οιελειν,
1237 3463 1678 3540 ἐπιτερπέστερον
1736 3463 1793 3520 δε
1848 3464 1938 3521 καὶ

265 3549 642 3624 χαριέστερον
669 3549 732 3603 τὸ
760 3547 1197 3625 ἀναμεμιγμένον
1235 3549 1323 3605 καὶ
1371 3552 1471 3619 τήν
1514 3552 1796 3607 ποικιλίαν
1843 3557 1940 3608 τοῦ

273 3635 626 3712 μονοειδοῦς
683 3638 1004 3711 νομίζουσα.
1037 3640 1322 3714 Χρήσιμον
1383 3638 1438 3696 δὲ
1484 3642 1546 3696 τὸ
1608 3637 1823 3716 βιϐλίον
1864 3642 1942 3704 εἷς

273 3725 639 3798 πολυμαθίαν
678 3727 728 3762 ’³⁵
762 3748 774 3760 ·
819 3729 967 3804 εὕροι
1009 3729 1112 3804 γὰρ
1162 3730 1222 3784 ἄν
1262 3750 1344 3794 τις
1375 3729 1466 3786 καὶ
1503 3735 1612 3786 τῶν
1651 3731 1940 3806 ἱστορικῶν

278 3819 391 3873 οὒκ
431 3816 605 3894 ὀλίγα
650 3819 938 3894 ἀναγκαῖα,
971 3821 1059 3875 καὶ
1113 3817 1179 3890 δὴ
1229 3821 1318 3876 καὶ
1364 3820 1802 3899 ἂποφθεγμάτων
1851 3825 1942 3878 καὶ

281 3909 598 3984 ῥητορικῆς
636 3909 684 3945 ’⁸⁸
741 3905 1024 3983 διατριϐῆς
1069 3906 1183 3966 ἔνια
1225 3911 1314 3965 καὶ
1354 3910 1658 3990 φιλοσόφου
1715 3911 1942 3988 θεωρίας

285 4001 596 4072 ποιητικῆς
625 3995 794 4072 ἰδέας,
826 3999 915 4055 καὶ
952 3997 1079 4055 εἴτι
1109 4005 1359 4057 τοιοῦτον
1391 4001 1639 4076 ἐμπέσοι.

362 4179 641 4256 Αἰγυπτία
682 4176 738 4234 ὂὶ
792 4179 855 4234 τὸ
886 4181 1044 4255 γένος
1084 4182 1119 4250 ἡ
1155 4179 1444 4259 Παμφίλη,
1476 4181 1692 4254 ἤκμασε
1735 4178 1794 4236 δὲ
1831 4182 1946 4236 καθ’

284 4272 386 4332 οὒς
436 4270 680 4344 χρόνους
732 4270 778 4306 ⁷⁷
834 4270 1018 4344 Νέρων
1078 4270 1107 4324 ὁ
1155 4271 1445 4344 Ῥωμαίων
1485 4269 1730 4344 ἤκμαζεν
1791 4271 1948 4326 αὐτο-

277 4361 535 4432 κράτωρ.
567 4358 635 4414 Ἦ
685 4354 741 4412 δὲ
793 4356 1009 4436 φράσις,
1060 4357 1135 4421 ὡς
1174 4354 1316 4414 ἔστιν
1366 4357 1425 4415 ἐκ
1469 4365 1579 4416 τῶν
1636 4358 1946 4434 προοιμίων

280 4442 590 4503 συλλαϐεῖν
644 4448 735 4501 καὶ
784 4445 836 4502 έν
889 4450 972 4510 οἷς
1026 4446 1222 4504 ἄλλοθί
1254 4469 1360 4504 που
1392 4446 1532 4504 ἴδιόν
1560 4470 1613 4505 τι
1652 4447 1826 4526 λέγει,
1856 4447 1948 4504 καὶ

2046 3293 2152 3352 est,
2189 3289 2360 3356 utque
2391 3283 2753 3352 occurrebat,
2777 3281 3090 3352 congessit,
3121 3297 3235 3336 non
3268 3280 3420 3350 quod
3452 3275 3692 3333 difficile

2049 3373 2437 3446 futurumipsi
2469 3380 2620 3429 esset
2642 3372 2701 3428 in
2732 3388 2870 3428 suas
2895 3386 3142 3443 quaeque
3171 3368 3388 3425 classes
3408 3367 3689 3434 dividere,

2049 3463 2152 3522 sed
2181 3465 2335 3536 quod
2360 3463 2688 3534 jucundius
2709 3461 2995 3533 longeque
3015 3459 3235 3532 gratius
3257 3457 3691 3514 Miscellaneum

2051 3555 2161 3611 hoc
2185 3553 2496 3625 scriptum,
2529 3551 3009 3622 varietatemque,
3042 3565 3220 3619 quam
3251 3546 3480 3619 generis
3519 3546 3697 3601 unius

2051 3660 2199 3715 opus
2220 3643 2599 3698 existimaret.
2621 3640 2794 3696 Utilis
2811 3654 2951 3694 sane
2974 3638 3120 3693 liber
3143 3638 3235 3693 hic
3256 3635 3582 3707 omnigenaa
3601 3635 3703 3689 do-

2053 3733 2272 3789 ctrinae.
2331 3731 2610 3801 Reperias
2666 3729 2822 3784 enim
2865 3727 2925 3783 in
2964 3743 3030 3782 eo
3062 3725 3342 3781 historica
3371 3740 3482 3780 non
3516 3738 3702 3794 pauca

2055 3823 2202 3878 bene
2260 3819 2610 3884 necessaria,
2669 3817 2790 3873 imo
2847 3821 2904 3873 et
2959 3815 3102 3871 scite
3167 3814 3343 3869 dicta.
3394 3811 3701 3868 Rhetorica

2055 3911 2234 3968 etiam
2273 3925 2338 3964 ac
2388 3906 2802 3981 philosophica;
2851 3903 3365 3976 contemplationis
3407 3901 3699 3972 quaedam,

2055 4005 2114 4058 et
2160 3999 2394 4072 poetice
2425 3995 2718 4053 facultatis
2742 3996 2979 4063 formas,
3013 4002 3067 4050 et
3098 3994 3148 4050 si
3178 3991 3318 4064 quid
3359 3987 3701 4060 bujusmodi

2056 4091 2203 4146 forte
2233 4105 2296 4145 se
2325 4088 2550 4145 offerat.

2127 4177 2393 4251 Egyptia
2443 4189 2654 4249 genere
2705 4172 3011 4246 Pamphila
3058 4171 3180 4227 haec
3233 4169 3362 4238 fuit,
3397 4167 3706 4238 ﬂoruitque

2058 4287 2126 4328 ea
2158 4271 2524 4340 tempestate,
2570 4281 2704 4320 cum
2746 4264 2895 4320 Nero
2947 4262 3342 4319 Romanorum
3389 4256 3703 4330 imperium

2057 4360 2246 4417 Casar
2301 4355 2510 4413 tenuit.
2562 4354 2750 4411 Dictio
2799 4369 2932 4410 vero
2969 4353 3280 4424 (quantum
3311 4367 3380 4406 ex
3428 4347 3708 4421 prommio

2060 4449 2331 4521 colligere
2388 4446 2539 4512 licet,
2583 4460 2837 4516 cumque
2894 4442 3193 4515 proprium
3243 4441 3382 4512 quid
3435 4438 3619 4504 affert,
3653 4441 3710 4493 et

283 4537 538 4609 μάλιστα
587 4537 725 4590 κατά
773 4537 872 4606 τήν
925 4535 1188 4605 διάνοιαν,
1230 4538 1322 4592 οἵα
1359 4537 1425 4608 δὴ
1467 4539 1556 4593 καὶ
1605 4538 1654 4576 ’³⁸
1694 4539 1926 4615 γυναικὸι

2058 4538 2308 4600 maxime
2337 4537 2397 4593 in
2434 4537 2632 4604 sensu)
2654 4535 2843 4592 ηοω
2890 4538 2954 4589 ut
2984 4531 3248 4588 mulieris
3284 4531 3540 4603 pr0pria,
3567 4531 3712 4584 sim-

273 4624 515 4700 ἷκγονον
542 4625 698 4695 οὖσα,
730 4633 830 4695 τῆς
871 4623 1107 4704 ἀφελοῦς
1137 4625 1278 4681 ἐστιν
1311 4623 1477 4697 ἰδέας,
1519 4624 1645 4683 οὐδὲ
1685 4631 1754 4701 τῇ
1806 4627 1947 4697 λέξει

281 4717 428 4791 πρὸς
492 4716 594 4784 τήν
649 4712 795 4770 ἰδέαν
849 4713 1318 4791 ἆλλοτριουμένη.
1352 4717 1447 4774 ’Βν
1498 4718 1581 4780 οἷς
1633 4713 1689 4772 δὲ
1727 4715 1794 4772 τὰ
1839 4719 1948 4772 τῶν

283 4805 674 4881 ἀρχαιοτέρων
741 4804 1271 4878 ἆπομνημονεὺουσα
1329 4805 1498 4884 λέγει,
1556 4807 1954 4882 ποικιλώτερον

285 4894 434 4967 αὐτῇ
465 4894 556 4948 καὶ
586 4893 649 4948 οὑ
679 4895 800 4950 καθ’
826 4893 884 4950 ’ἐν
916 4891 1062 4961 εἶδος
1089 4893 1368 4970 σύγκειται
1398 4896 1426 4951 ὁ
1459 4895 1640 4974 λόγος.

2060 4630 2228 4703 plicis
2258 4632 2348 4685 est
2379 4628 2597 4692 forma,
2631 4641 2696 4680 ac
2727 4640 2798 4680 ne
2829 4624 3022 4679 verbis
3052 4621 3288 4694 quidem
3319 4620 3464 4693 ipsis
3491 4617 3714 4675 abidea

2062 4720 2130 4776 ﬁt
2186 4716 2442 4776 alienior.
2479 4717 2554 4771 At
2597 4713 2823 4786 quoties
2854 4716 3116 4770 veterum
3158 4711 3315 4768 dicta
3353 4723 3712 4766 commemo-

2062 4809 2248 4866 randa
2276 4805 2516 4878 colligit,
2548 4804 2706 4860 varia
2726 4803 2856 4873 ejus
2882 4802 3068 4859 oratio
3097 4805 3208 4868 est,
3242 4816 3433 4872 neque
3463 4798 3564 4855 uni
3598 4796 3714 4852 for-

2071 4913 2179 4954 maa
2213 4893 2671 4953 accommodata.

1690 5013 1936 5072 VARIE
1984 5012 2373 5071 LECTIONES

366 5114 412 5148 ⁷⁸
469 5116 587 5172 τοῖς
647 5128 766 5170 om.
825 5117 895 5169 Δ.

971 5114 1012 5149 τί
1043 5110 1179 5188 αὐτῇ
1240 5133 1286 5175 ς.
1361 5111 1409 5149 ⁷¹
1463 5109 1712 5176 πολλοὺς
1772 5109 1830 5167 δὲ
1928 5115 2076 5182 οιτᾷν
2131 5142 2199 5154 -
2255 5103 2484 5184 ἔχοντας
2517 5113 2563 5162 Λ
2596 5124 2610 5164 :
2641 5104 2871 5161 πολλῶν
2908 5100 3078 5160 ὄντων
3103 5103 3194 5158 καὶ
3226 5135 3293 5145 --
3322 5099 3562 5177 ἐχόντων
3591 5101 3632 5158 C
3667 5118 3712 5164 ςε

973 5188 1038 5241 Α.
1115 5187 1163 5224 ’³⁸
1228 5185 1328 5241 ὡς]
1384 5185 1527 5241 ποός
1587 5189 1655 5241 Α.
1731 5184 1778 5221 ⁷⁸
1820 5131 2192 5241 πολυμαθείαν
2223 5203 2271 5241 ς.
2347 5183 2392 5217 ’⁸⁸
2423 5177 2545 5241 βητ.
2578 5179 2671 5233 καὶ
2710 5175 2888 5241 διατρ.
2925 5197 2971 5238 ς.
3049 5176 3093 5212 ⁷⁷
3125 5175 3356 5241 χρόνους
3387 5174 3416 5227 ὁ
3448 5172 3631 5241 Νέρων
3664 5192 3712 5236 ς.

283 5183 342 5260 ἶ³
401 5184 502 5236 ὅσα
551 5171 753 5260 λόγουΔ
777 5186 915 5260 add.
1093 5171 1179 5260 ,τέ’
1228 5171 1328 5258 ῶς]
1384 5185 1527 5260 πρός
1587 5189 1655 5245 Α.
1698 5171 1778 5221 -π
1820 5171 2192 5259 πολυμάθείαν
2223 5171 2325 5244 ς.”
2347 5183 2392 5217 ⁶¹⁶
2423 5177 2545 5256 ρητ.
2578 5179 2671 5233 καὶ
2710 5175 2888 5250 διατρ.
2925 5197 2971 5238 ς.
3049 5176 3093 5212 ⁷⁷
3125 5171 3416 5252 χρόνους”ὁ
3448 5172 3631 5247 Νέρων
3664 5192 3714 5236 ς.

281 5257 540 5328 ἤκμασεν
576 5253 651 5318 ς(
704 5253 754 5291 ⁷⁸
780 5255 869 5311 καί
903 5257 1038 5316 add.
1071 5258 1140 5314 Δ.

1913 5373 2125 5432 NOTAE

375 5475 484 5544 (87)
530 5475 872 5548 Pamphiles
905 5474 1093 5548 hujus
1133 5474 1258 5546 (sed
1290 5491 1420 5534 eam
1464 5474 1833 5548 Epidauriam
1864 5471 1959 5548 dig

375 5493 484 5544 (δι)
530 5493 872 5548 rampnues
905 5493 941 5531 n
1015 5493 1087 5532 Ill
1133 5493 1258 5546 ιεοα
1290 5493 1420 5534 eam
1465 5493 1505 5533 li
1547 5493 1833 5534 inaurlam
1864 5493 1959 5530 αι-

294 5549 470 5621 quas)
498 5545 728 5621 scripta
757 5549 931 5606 refert
949 5493 1184 5621 gluttias,
1199 5549 1264 5621 et_
1278 5548 1466 5621 agell.
1488 5493 1698 5616 ll’bav,
1713 5563 1839 5618 cap.
1863 5543 1960 5601 171

299 5616 796 5693 augmentatum
844 5617 1184 5693 Pamphila,
1215 5616 1361 5693 29,?
1392 5618 1610 5678 laudat.
1661 5616 1966 5693 Supraque

300 5688 441 5746 cod.
476 5691 604 5758 161,
638 5688 1021 5765 ιρίιοηισνιιῆι
1049 5691 1178 5762 ejus
1214 5689 1350 5747 libri
1381 5695 1581 5750 decem
1613 5688 1960 5749 referuntur.

2137 5471 2252 5545 (88)
2283 5469 2495 5545 Suidas
2513 5467 2594 5545 _3_3
2627 5478 2920 5545 numerat.

2147 5537 2258 5613 (89)
2305 5540 2617 5598 Socratida
2654 5542 2734 5613 ut
2777 5541 3028 5613 testatur
3074 5537 3241 5596 Suid.
3274 5537 3664 5613 in_Pamphile
3698 5553 3714 5596 :

2074 5609 2198 5672 sive
2223 5609 2521 5680 Soteridae,
2555 5615 2622 5668 ut
2650 5610 2807 5667 idem
2839 5610 2899 5667 in
2932 5609 3040 5669 hac
3070 5627 3210 5671 voce
3240 5611 3497 5683 scripsit.
