4136 6216
452 338 569 396 507

1125 468 1413 527 CLXXVI.

752 561 1077 632 Theopompi
1114 563 1481 617 Historiarum
1520 562 1655 617 libri
1683 578 1801 619 Lm.

517 650 785 723 Legimus
816 650 1178 722 Theopompi
1209 651 1323 720 (90)
1357 651 1501 722 Opus
1531 651 1861 707 historicum
1910 651 2086 707 libro-

447 756 576 794 rum
631 738 802 793 trium
835 746 888 793 et
920 739 1371 811 quinquaginta.
1394 741 1493 811 qui
1542 740 1752 812 reliqui
1786 746 1922 796 sunt
1954 741 2085 813 (9t).

449 828 822 883 Intercidisse
877 844 1010 882 vero
1054 833 1306 900 sextum,
1358 830 1698 899 septimum,
1733 836 1792 886 et
1851 847 2089 897 nonum,

444 917 783 973 vicesimum
836 920 1007 989 atque
1058 917 1439 985 tricesimum,
1472 920 1647 974 etiam
1698 924 1914 975 veteres
1956 920 2089 989 qui-

447 1007 582 1063 dam
641 1008 1009 1063 aiﬁrmarunt
1044 1025 1056 1063 :
1100 1024 1289 1079 neque
1340 1025 1479 1064 sane
1510 1009 1655 1064 mihi
1687 1010 1886 1064 videre
1920 1010 2089 1065 hosce

441 1095 699 1167 contigit.
725 1096 1119 1167 MenOphanes
1143 1102 1360 1165 autem,
1393 1102 1557 1153 vetus
1581 1106 1635 1152 et
1656 1098 1799 1170 ipse,
1824 1097 2093 1153 minime-

441 1202 548 1257 que
582 1188 1048 1241 contemnendus
1080 1192 1304 1254 auctor,
1333 1187 1431 1242 ubi
1464 1188 1535 1243 de
1565 1187 1937 1260 Theopompo
1966 1187 2090 1242 dis-

451 1276 608 1341 serit,
641 1276 1050 1331 duodecimum
1103 1294 1335 1347 quoque
1388 1277 1627 1347 periisse
1658 1277 1881 1345 scribit,
1916 1292 2090 1347 quem

441 1371 638 1421 tamen
674 1381 777 1421 nos
810 1382 943 1420 cum
992 1366 1120 1421 aliis
1158 1366 1428 1438 legimus.
1461 1366 1667 1421 Narrat
1707 1368 2091 1423 duodecimus

449 1456 543 1511 hic
565 1456 712 1511 liber
728 1472 817 1511 res
832 1461 1022 1527 gestas
1046 1456 1341 1512 Pacoridis
1362 1457 1694 1528 {Egyptioru
1708 1474 1758 1511 [lt
1784 1457 1931 1528 regis
1955 1457 2091 1527 (92),

446 1553 509 1599 ιιι
549 1561 683 1600 cum
708 1545 952 1600 Barcaeis
978 1545 1161 1600 foedus
1197 1545 1413 1612 inierit,
1440 1556 1491 1600 et
1527 1564 1628 1616 pro
1678 1547 1937 1617 Evagora
1984 1551 2087 1619 Cy-

448 1635 574 1706 prio
598 1635 865 1690 advertus
890 1639 1096 1689 Persas
1123 1635 1368 1690 steterit.
1404 1637 1524 1700 Qua
1548 1636 1772 1691 ratione
1790 1636 2092 1706 inOpinato

442 1722 783 1792 Cypriorum
814 1722 1057 1793 imperio
1081 1724 1299 1794 potitus
1322 1724 1393 1777 sit
1419 1723 1721 1791 Evagoras,
1752 1723 2093 1795 Audymone

1660 337 1915 398 PHOTII
1964 339 2486 399 PATRIARCHAE
2531 338 2646 399 ΟΡ.

2126 478 2177 543 Α

3736 342 3851 400 508

2948 475 3103 536 ΡΟς’.

2440 562 2772 633 Θεοπόμπου
2814 560 2983 635 Λόγοι
3025 562 3294 633 ἱστορικοὶ
3333 564 3383 639 γ’
3424 564 3515 618 καὶ
3556 565 3619 620 ν’.

2272 649 2708 726 Ἀνεγνώσθησαν
2756 649 3087 721 Θεοπόμπου
3149 651 3321 724 Λόγοι
3370 652 3640 726 ἱστορικοί
3672 668 3687 681 ‘
3732 657 3774 705 v'
3805 648 3860 706 δὲ

2198 739 2287 793 καὶ
2317 741 2360 812 γ’
2391 738 2521 793 εἶσῖν
2580 739 2630 793 o't
2686 740 2988 811 σωζόμενοι
3046 740 3215 795 αὐτοῦ
3271 746 3379 795 τῶν
3425 742 3718 814 ἱστορικῶν
3763 738 3857 794 λό-

2198 849 2285 903 γοι
2321 847 2333 859 ·
2388 825 2815 882 διαπεπτωκεωαι
2862 825 2919 882 δὲ
2975 828 3063 882 καὶ
3119 833 3226 883 τῶν
3272 828 3518 883 παλαιῶν
3552 850 3692 889 τινες
3723 823 3856 905 ἔφη·

2200 937 2293 971 σαν
2331 920 2429 985 τήν
2476 937 2533 971 τε
2590 912 2748 986 ἕκτην
2798 917 2887 970 καὶ
2947 913 3210 989 ἑϐδόμην,
3240 918 3327 971 καὶ
3388 915 3453 988 δὴ
3513 917 3604 972 καὶ
3654 917 3701 953 7’
3755 918 3857 985 τήν

2200 1004 2392 1075 ἐνάτην
2458 1007 2546 1060 καὶ
2633 1006 2881 1075 εἰκοστὴν
2954 1006 3043 1060 καὶ
3115 1007 3214 1074 τήν
3276 1009 3625 1082 τριακοστήν,
3680 1003 3860 1060 Ἀλλά

2197 1096 2393 1157 ταύτας
2431 1097 2528 1169 μὲν
2562 1093 2681 1151 οὐδ’
2711 1097 2875 1167 ἡμεῖς
2907 1094 3141 1168 εἴδομεν,
3170 1098 3503 1173 Μηνοφάνης
3547 1094 3603 1151 δέ
3657 1118 3744 1157 τις
3791 1096 3859 1149 τὰ

2199 1186 2321 1261 περὶ
2353 1185 2674 1258 Θεόπομπον
2710 1184 2919 1255 διεξιὼν
2960 1187 3217 1261 (ἀρχαῖος
3252 1183 3310 1240 δὲ
3352 1187 3441 1241 καὶ
3469 1186 3569 1240 οὐκ
3628 1187 3864 1240 εὐκατα-

2202 1278 2471 1354 φρόνητος
2531 1276 2558 1329 6
2608 1276 2768 1348 ἀνὴρ)
2807 1274 2896 1329 καὶ
2928 1277 3023 1343 την
3086 1272 3403 1344 δωδεκάτην
3456 1271 3863 1329 συνδιαπεπτω-

2202 1362 2349 1420 κέναι
2382 1364 2527 1440 λέγει
2562 1384 2573 1397 ⁸
2614 1364 2789 1419 καίτοι
2822 1364 2987 1434 αὐτὴν
3040 1366 3200 1435 ἡμεῖς
3243 1370 3362 1426 ταῖς
3412 1363 3610 1425 ἄλλαις
3663 1385 3859 1417 συνανο

2202 1455 2455 1527 έγνωμεν.
2511 1454 2613 1509 Καὶ
2662 1454 2909 1531 περιέχει
2962 1456 2988 1509 ὁ
3040 1452 3343 1514 δωδέκατος
3406 1453 3567 1529 λόγος
3615 1454 3739 1526 περί
3798 1474 3860 1508 τε

2203 1546 2485 1617 Πικώριος
2518 1546 2568 1614 ,⁸ο
2617 1547 2713 1597 τοῦ
2766 1543 3075 1616 Αἰγυπτίων
3131 1541 3423 1617 βασιλέως,
3470 1544 3544 1606 ὡς
3601 1540 3738 1616 πρός
3797 1563 3859 1596 τε

2200 1632 2328 1696 τοὺς
2393 1633 2689 1704 Βαρκαίους
2744 1633 2787 1667 δί
2851 1632 3154 1700 ἐσπείσατο,
3214 1632 3305 1686 καὶ
3374 1632 3505 1705 ὑπὲρ
3574 1631 3862 1705 Εὐαγόρου

2201 1720 2426 1797 ἔπραττε
2471 1726 2568 1776 τοῦ
2631 1722 2890 1794 Κυπρίου,
2925 1719 3137 1775 ἐναντία
3194 1722 3447 1794 πράττων
3494 1724 3576 1791 τῷ
3625 1721 3805 1793 Πέρσῃ
3846 1739 3861 1751 ·

444 1812 624 1868 Citieo
657 1812 791 1882 (93),
825 1813 922 1883 qui
956 1829 1084 1867 eum
1117 1812 1561 1884 tenebat,capto.
1598 1815 1720 1878 Qua
1750 1819 1871 1869 arte
1911 1813 2091 1868 Graeci

2209 1812 2257 1865 ὅν
2286 1832 2343 1865 τε
2381 1809 2581 1885 τρόπον
2631 1811 2775 1883 παρὰ
2826 1807 2981 1879 δόξαν
3011 1811 3059 1845 ⁸³
3105 1808 3377 1884 Εὐαγόρας
3425 1816 3525 1878 τῆς
3594 1808 3861 1881 Κυπρίων

444 1902 943 1971 Agamemnonem
968 1901 1153 1956 secuti
1184 1903 1434 1973 Cyprum
1460 1902 1819 1971 occuparint,
1845 1902 2094 1974 Cinnyra

446 2004 579 2043 cum
614 1990 739 2044 suis
770 1990 973 2059 ejeclo,
998 2007 1243 2059 quorum
1281 1992 1493 2061 posteri
1519 1992 1723 2061 reliqui
1755 1997 1895 2046 sunt
1925 1994 2093 2045 Ama-

451 2078 656 2133 thusii.
690 2078 759 2134 Ut
792 2095 889 2134 rex
919 2095 1051 2133 cum
1086 2080 1342 2149 Evagora
1369 2079 1586 2134 bellum
1608 2096 1806 2151 gerere
1837 2081 2097 2135 animum

457 2166 769 2235 induxerit,
807 2169 1151 2239 imperatore
1205 2174 1397 2224 creato
1448 2170 1871 2240 AutOphradate
1911 2170 2097 2242 Lydia

460 2260 715 2327 satrapa,
776 2256 1075 2312 Navarcbo
1135 2274 1266 2313 vero
1324 2258 1678 2315 Hecatomno
1725 2259 1887 2329 (94):
1941 2262 1997 2313 et
2028 2259 2099 2313 de

455 2363 595 2418 pace
650 2365 825 2419 quam
883 2348 1149 2421 palmarii
1192 2351 1313 2405 vice
1371 2352 1578 2407 Graecis
1635 2352 1891 2418 donavit,
1922 2354 2098 2422 utque

452 2437 647 2493 acrius
706 2454 834 2493 cum
895 2440 1151 2509 Evagora
1209 2439 1521 2507 dimicarit,
1574 2457 1639 2496 ac
1690 2441 1763 2496 de
1809 2440 1995 2496 navali
2025 2441 2095 2495 ad

453 2524 704 2597 Cyprum
758 2543 955 2599 pugna
999 2528 1131 2599 (95).
1167 2528 1239 2583 Ut
1291 2529 1738 2585 Atheniensium
1797 2529 1997 2585 civitas
2038 2529 2098 2583 in

452 2613 664 2669 {cedere
695 2631 828 2671 cum
858 2632 989 2688 rege
1020 2617 1162 2673 inito
1186 2634 1553 2689 perseverare
1586 2619 1894 2673 studuerit.
1922 2619 2094 2674 Lace-

455 2703 728 2759 dmmonii
759 2721 912 2772 vero,
941 2706 1213 2761 secundis
1247 2706 1414 2762 rebus
1438 2707 1591 2777 elati,
1616 2712 1781 2777 pacta
1821 2712 2101 2764 conventa

456 2792 739 2863 ruperint.
772 2794 1072 2858 Quomodo
1105 2795 1240 2850 item
1267 2796 1375 2851 sub
1402 2796 1702 2851 Antalcida
1728 2796 1883 2867 pacis
1916 2797 2101 2853 foedus

452 2882 873 2952 percusserint.
930 2882 998 2938 Ut
1067 2885 1383 2940 Teribazus
1443 2885 1661 2941 bellum
1718 2886 1984 2958 gesserit,
2044 2891 2101 2941 et

451 2971 714 3044 Evagorte
793 2973 1037 3029 insidias
1111 2975 1407 3041 struxerit,
1466 2980 1645 3047 utque
1701 2978 1855 3047 apud
1909 2993 2099 3049 regem

449 3059 563 3132 (96)
592 3066 878 3133 Evagoras
909 3062 1072 3118 illum
1098 3066 1407 3133 accusarit,
1433 3082 1497 3121 ac
1519 3082 1650 3122 cum
1674 3066 1886 3123 Oronte
1907 3071 2102 3123 trans-

454 3153 653 3222 egerit.
689 3152 845 3250 Ut-a
894 3155 1188 3210 Nectenibi
1222 3155 1334 3225 (97)
1384 3166 1657 3226 occupato
1700 3157 2097 3229 Egyptiorum
2129 3183 2172 3250 ο

456 3257 654 3312 regno,
678 3243 747 3296 ad
781 3242 1249 3299 Lacedaemonios
1280 3249 1563 3313 Evagoras
1597 3246 1817 3316 legatos
1852 3247 2096 3313 miserit,

456 3346 687 3401 quaque
744 3332 970 3388 ratione
1035 3333 1305 3404 Cyprium
1366 3334 1580 3389 bellum
1631 3335 1959 3390 confecerit.
2024 3341 2102 3392 De

454 3418 828 3476 Nicocreonte
865 3420 999 3492 (98),
1025 3422 1122 3492 qui
1154 3422 1399 3477 insidias
1428 3422 1975 3494 locarat,quomodo
1999 3440 2102 3479 nec

460 3507 696 3577 opinato
758 3510 1159 3580 deprehensus
1220 3512 1294 3565 sit
1344 3512 1735 3584 eﬂ‘ugeritque.
1799 3513 2102 3576 Quomodo

455 3610 593 3650 cum
651 3597 782 3667 ejus
848 3597 971 3653 ﬁlia
1035 3598 1258 3670 virgine
1318 3598 1542 3665 relicta,
1596 3604 1653 3656 et
1708 3600 1998 3672 Evagoras
2049 3607 2105 3657 et

455 3684 627 3755 hujus
679 3687 834 3743 ﬁlius
885 3688 1231 3760 Prytagoras
1289 3690 1426 3762 (99),
1474 3689 1623 3746 clam
1655 3690 1931 3746 alterutro
1973 3706 2105 3746 con-

458 3775 785 3844 cubuerint,
818 3777 1154 3835 Thrasidmo
1204 3781 1472 3835 eunucho
1517 3780 1639 3851 (qui
1682 3796 1890 3851 genere
1938 3782 2106 3837 Eleus

461 3866 816 3936 erat)1206
863 3866 1120 3921 vicissim
1170 3867 1286 3923 illis
1342 3870 1733 3924 subserviente
1781 3869 1854 3924 ad
1902 3868 2105 3940 puellas

464 3969 722 4010 amorem
758 3970 771 4009 :
833 3960 1009 4027 utque
1059 3958 1178 4012 haec
1230 3957 1371 4029 ipsis
1398 3958 1667 4013 interitus
1706 3974 1880 4014 causa
1912 3960 2101 4027 fuerit,

463 4043 814 4116 Thrasydteo
846 4061 1045 4101 necem
1070 4045 1188 4101 illis
1208 4052 1573 4117 procurante.
1592 4048 1786 4103 Refert
1810 4048 1963 4115 dein,
1994 4064 2107 4119 qua

460 4135 683 4190 ratione
711 4136 912 4191 Acoris
944 4136 1242 4208 )Egyptius
1276 4154 1406 4192 cum
1454 4138 1666 4194 Pisidis
1710 4137 1843 4194 belli
1874 4138 2107 4194 societa-

2206 1902 2384 1976 ἀρχῆς
2453 1897 2643 1971 ἐπέϐη,
2705 1895 3019 1973 ’Λόδύμονα
3064 1900 3111 1935 ³³
3144 1901 3433 1977 κατασχὼν
3488 1900 3579 1953 τὸν
3642 1900 3856 1965 Κιτιέα,

2204 1991 2407 2059 ταύτης
2449 1990 2755 2063 ἐπάρχοντα
2787 2007 2799 2019 ⁸
2857 1990 2973 2043 τίνα
3023 2010 3079 2044 τε
3127 1990 3173 2025 ⁸⁸
3225 1989 3427 2061 τρόπον
3469 1987 3742 2055 ’Έλληνες
3794 1989 3866 2040 οἱ

2208 2080 2297 2134 σὺν
2343 2080 2710 2155 Ἀγαμέμνονι
2760 2080 2859 2147 τήν
2908 2079 3119 2151 Κύπρον
3150 2078 3440 2152 κατέσχον,
3484 2076 3852 2138 ἂπελάσαντες

2207 2172 2335 2232 τους
2396 2170 2529 2243 μετὰ
2582 2168 2867 2242 Κιννύρου,
2919 2171 2991 2223 ὧν
3054 2168 3184 2222 εἰσιν
3235 2168 3523 2228 ὑπολιπεῖς
3580 2165 3856 2238 Ἀμαθού-

2207 2280 2315 2313 σιοι
2358 2278 2369 2291 ·
2415 2260 2563 2319 ὅπως
2600 2279 2656 2312 τε
2706 2259 2733 2312 6
2777 2256 3034 2331 βασιλεὺς
3074 2258 3319 2332 Εὐαγόρᾳ
3346 2254 3654 2324 συνεπείσθη
3686 2254 3858 2308 πολε⁹

2213 2351 2403 2420 μῆσαι,
2428 2348 2724 2421 στρατηγὸν
2781 2344 3076 2416 ἐπιστήσας
3131 2342 3554 2423 Αὐτοφραδάτην
3607 2345 3695 2398 τὸν
3752 2351 3864 2397 λυ-

2211 2435 2330 2497 δίας
2389 2438 2668 2511 σατράπην
2725 2438 2789 2506 ⁸⁵,
2857 2437 3133 2510 ναύαρχον
3193 2433 3247 2489 δὲ
3300 2434 3645 2505 Ἐκατόμνων
3680 2452 3693 2465 ⁸
3764 2432 3863 2486 καὶ

2208 2527 2332 2599 περί
2372 2532 2473 2595 τῆς
2504 2526 2725 2599 εἶρήνης
2756 2525 2819 2593 ἣν
2851 2525 3014 2585 αὐτὸς
3044 2529 3162 2585 τοῖς
3200 2522 3470 2593 ’Ἑλλησιν
3500 2518 3819 2595 ἐϐράϐευσεν
3858 2541 3872 2553 ο

2210 2613 2361 2675 ὅπως
2415 2636 2473 2669 τε
2528 2614 2662 2687 πρὸς
2709 2612 2983 2688 Εὐαγόραν
3064 2612 3504 2687 ὲπικρατέστερον
3574 2609 3871 2680 ἐπολέμει,

2210 2704 2297 2758 καὶ
2357 2705 2479 2778 περί
2536 2710 2635 2772 τῆς
2686 2702 2735 2757 ἐν
2790 2702 2997 2778 Κύπρῳ
3052 2700 3361 2776 ναυμαχίας
3396 2722 3407 2733 ·

2211 2794 2373 2849 ναίων
2406 2796 2440 2862 ἡ
2467 2791 2632 2855 πόλις
2679 2798 2800 2854 ταῖς
2831 2794 2966 2866 πρὸς
3002 2792 3227 2867 βασιλέα
3278 2793 3569 2860 συνθήκαις
3610 2787 3872 2853 ἐπειρᾶτο

2212 2884 2487 2957 ἐμμένειν,
2559 2879 2980 2955 Λακεδαιμόνιοι
3059 2879 3117 2935 δὲ
3191 2880 3465 2957 ὑπέρογκα
3539 2881 3875 2955 φρονοῦντες

3100 2969 3220 3025 τίνα
3268 2990 3323 3024 τε
3381 2969 3583 3041 τρόπον
3628 2968 3726 3035 τὴν
3776 2963 3874 3021 ἐπὶ

2211 3061 2566 3121 Ἀνταλκίδου
2640 3064 2813 3116 ἔθεντο
2888 3060 3102 3135 εἰρήνην
3156 3079 3169 3092 ·
3226 3058 3315 3114 καὶ
3402 3059 3475 3119 ὡς
3565 3050 3877 3130 Τιρίϐαζος

2212 3150 2586 3225 ἆπολέμησεν,
2646 3153 2794 3212 ὅπως
2874 3170 2932 3205 τε
2994 3152 3038 3186 ⁸⁸
3114 3148 3369 3222 Εὐαγόρᾳ
3453 3140 3884 3213 ἐπεϐούλευσεν,

2214 3242 2365 3303 ὅπως
2422 3263 2479 3297 τε
2542 3242 2703 3296 αὐτὸν
2763 3241 3040 3317 Εὐαγόρας
3107 3241 3241 3313 πρὸς
3294 3236 3521 3313 βασιλέα
3585 3229 3880 3289 διαϐαλὼν

2214 3327 2474 3385 συνέϐαλε
2521 3331 2567 3366 ⁸⁷
2602 3331 2718 3404 μετ’
2751 3332 3015 3404 Ὀρόντου
3051 3350 3061 3362 ·
3100 3331 3227 3401 [392
3268 3329 3361 3400 8.]
3388 3327 3476 3381 καὶ
3538 3327 3612 3387 ὡς
3669 3328 3888 3380 Νεκτε-

2213 3417 2386 3482 νίὸιος
2445 3419 2852 3499 παρειληφότος
2939 3422 3038 3489 τὴν
3116 3417 3400 3491 Αἰγύπτου
3466 3416 3516 3450 ⁸³
3588 3412 3888 3489 βασιλείαν

2214 3510 2349 3584 πρὸς
2384 3506 2845 3582 Λακεδαιμονίους
2876 3503 3129 3582 πρέσϐεις
3172 3504 3483 3561 ἀπέστειλεν
3531 3503 3819 3577 Εὐαγόρας
3862 3521 3877 3535 ⁸

2212 3599 2332 3653 τίνα
2360 3620 2418 3653 τε
2439 3599 2639 3673 τρόπον
2672 3600 2698 3653 ὁ
2731 3598 2852 3672 περὶ
2886 3597 3104 3670 Κύπρον
3132 3595 3279 3667 αὐτῷ
3313 3593 3555 3667 πόλεμος
3587 3590 3820 3660 διελύθη
3860 3610 3874 3623 ο

2213 3688 2301 3742 καὶ
2353 3688 2474 3762 περὶ
2532 3691 2658 3761 [203
2851 3686 3257 3761 Νικοκρέοντος,
3311 3684 3384 3744 ὡς
3454 3677 3881 3747 ἐπεϐούλευσεν,

2216 3781 2287 3840 ὡς
2345 3776 2663 3852 παραδόξως
2757 3777 3035 3853 ἐφωράθη,
3095 3777 3171 3839 ὡς
3254 3770 3466 3853 ἔφυγε·
3519 3777 3607 3828 καὶ
3667 3772 3742 3833 ὡς
3802 3774 3881 3842 τῇ

2216 3868 2421 3924 ἐκείνου
2463 3866 2617 3923 παιδὶ
2675 3866 3093 3944 καταλειφθείσῃ
3149 3865 3285 3939 κόρῃ
3329 3865 3609 3938 Εὐαγόρας
3668 3882 3726 3915 τε
3781 3863 3879 3915 καὶ

2216 3958 2244 4011 6
2279 3958 2475 4012 τούτου
2533 3963 2661 4020 παῖς
2718 3958 3082 4031 ιΙνυταγόρας,
3143 3953 3495 4015 λανθάνοντες
3554 3949 3877 4021 ἀλλήλους,

3459 2701 3547 2754 καὶ
3580 2700 3654 2759 ὡς
3687 2700 3823 2768 ’Δθη
3854 2731 3885 2741 -

2211 2968 2538 3046 παρέϐαινον
2596 2973 2691 3033 τὰς
2741 2972 3006 3041 συνθήκας
3044 2988 3056 3001 ⁸

2218 4043 2621 4115 συνεκάθευδον,
2681 4043 3017 4121 Θρασυδαίου
3070 4048 3171 4099 τοῦ
3227 4042 3492 4118 εὐνούχου
3550 4043 3619 4109 ⁸³,
3668 4040 3731 4101 ὃς
3806 4041 3880 4108 ἦν

2218 4134 2438 4197 Ἠλεῖος
2486 4136 2549 4189 τὸ
2594 4134 2769 4212 γένος,
2802 4135 2984 4195 αὐτοῖς
3014 4134 3159 4206 παρά
3201 4132 3363 4207 μέρος
3425 4128 3879 4204 ὑπηρετουμένου

457 4226 575 4281 tem
610 4225 823 4293 inierit,
857 4228 1043 4298 deque
1085 4229 1346 4298 ipsorum
1380 4230 1634 4301 regione,
1668 4235 1722 4286 et
1772 4232 1839 4287 de
1883 4233 2096 4301 Aspen-

463 4310 730 4332 j2!_l\,,,
820 4316 857 4332 1-
904 4317 913 4327 υ
1222 4316 1259 4332 ΙΊ
1303 4316 1315 4329 ο
1437 4318 1514 4332 ,η
1565 4318 1661 4332 οι·-
1872 4319 1937 4332 ι.
2023 4319 2037 4332 1

2218 4230 2285 4301 τῇ
2325 4230 2459 4303 πρὸς
2516 4228 2615 4295 τήν
2678 4226 2843 4297 κόρην
2899 4224 3167 4294 ἀκολασίᾳ
3200 4242 3209 4253 ·
3244 4222 3335 4276 καὶ
3387 4221 3461 4281 ὡς
3493 4223 3653 4273 τοῦτο
3686 4216 3889 4281 αὺτοῖς

2255 4315 2274 4332 λ
2448 4315 2563 4332 sxy.
2766 4309 2774 4332 t
2963 4320 2994 4332 Α
3144 4308 3227 4332 (ελ
3343 4311 3393 4332 ,\
3463 4308 3648 4332 ξημίμν
3725 4307 3846 4332 Lm!

459 4310 684 4369 diis.De
708 4316 948 4371 medicis
968 4332 1199 4388 quoque
1219 4316 1372 4385 Cois,
1398 4323 1453 4373 et
1475 4318 1720 4385 Cnidiis,
1736 4319 1890 4391 quod
1910 4319 2103 4375 Ascle-

2217 4315 2387 4371 αἴτιον
2438 4315 2667 4390 ὀλέθρου
2712 4309 2924 4389 γέγονε,
2959 4308 3295 4385 Θρασυδαίου
3336 4311 3432 4379 τὴν
3462 4308 3684 4363 ἐκείνων
3720 4307 3883 4361 ἀναί-

1817 4489 2055 4545 VARl/E
2096 4488 2509 4546 LECTIONES.

529 4611 574 4649 ⁷⁸
626 4610 716 4663 καὶ
748 4617 906 4683 post
954 4609 1020 4680 δὴ

458 4751 669 4827 τράπην
714 4756 758 4810 Α
790 4773 801 4810 :
834 4754 855 4808 ἐ

1075 4629 1190 4685 om.
1251 4618 1321 4669 Δ.
1397 4614 1442 4649 ⁸ο
1490 4614 1795 4685 Πακῴριος]
1831 4615 2067 4685 γ’Δλκορις
2116 4617 2357 4685 Diodoro
2404 4616 2499 4671 lib.
2547 4614 2633 4683 15,
2685 4620 2743 4668 ut
2786 4613 2918 4685 item
2957 4613 3045 4667 hic
3084 4627 3232 4685 meai
3261 4614 3533 4685 νΑκωριε..
3568 4608 3878 4685 Scbottus.

888 4748 1303 4829 ατρᾶπηνϐης.
1381 4757 1427 4792 ⁸⁸
1459 4757 1704 4828 priorem
1762 4748 1819 4829 τέ
1874 4748 1992 4829 om:
2029 4761 2091 4813 A.
2163 4758 2210 4794 ³⁷
2242 4748 2668 4829 esttamen.
2704 4761 2762 4813 at
2816 4748 3125 4828 legendum
3185 4748 3445 4808 συνέλαϐε
3492 4751 3701 4808 collato
3737 4750 3884 4807 Dio-

467 4681 514 4717 δί
555 4675 851 4755 Βαρκαίόυς
921 4675 1226 4759 Bap-6039006:
1273 4701 1419 4742 corr.
1468 4691 1537 4739 Α.
1615 4675 1666 4718 ⁸³
1709 4675 1853 4755 παρὰ
1901 4675 2062 4755 δόξαν
2097 4690 2162 4743 Α.
2194 4683 2493 4761 παράδοξον
2530 4705 2577 4752 ς,
2619 4675 2697 4720 ’⁸⁸
2745 4680 3033 4755 Αὐδύμονα
3065 4703 3112 4743 ς.
3188 4680 3235 4717 ⁸⁴
3273 4701 3330 4735 τε
3358 4675 3448 4737 ΑΞ
3483 4675 3540 4733 δέ
3572 4700 3619 4739 ς.
3694 4678 3745 4713 ⁸⁵
3776 4698 3882 4761 σα-

467 4751 669 4827 τράπην
714 4756 758 4810 Α
790 4773 801 4810 :
834 4684 1133 4881 ἐξατράπην
1162 4760 1222 4812 C.
1258 4776 1303 4817 ς.
1381 4757 1427 4792 ⁸⁸
1459 4757 1704 4828 priorem
1762 4777 1819 4810 τε
1877 4774 1992 4813 om.
2029 4761 2091 4813 A.
2163 4758 2210 4794 ³⁷
2242 4753 2568 4812 σννέϐαλλεν
2602 4760 2668 4813 Α.
2704 4761 2762 4813 at
2816 4756 3125 4828 legendum
3185 4748 3445 4808 συνέλαϐε
3492 4751 3701 4808 collato
3737 4750 3882 4807 DIO-

467 4827 600 4881 doro
633 4827 827 4881 Siculo
894 4832 946 4881 5.
977 4831 1029 4881 8.
1111 4828 1158 4863 ⁸³
1178 4826 1497 4881 Αἷ”γυπτίων
1527 4848 1579 4881 c.
1660 4830 1705 4865 ⁸9
1730 4827 1997 4881 εὐνούγου
2024 4834 2067 4881 Α
2105 4847 2117 4881 :
2152 4828 2488 4881 ἧαιάόὸινος
2517 4832 2557 4881 C
2592 4850 2637 4881 ς.

458 4827 600 4883 doro
633 4827 827 4883 Siculo

894 4826 1029 4897 5,8.
1111 4826 1497 4903 ⁸⁸Αῗγυπτίων
1527 4848 1579 4897 ς,
1660 4830 1705 4865 ⁸⁸
1730 4827 1997 4903 εὐνούχου
2024 4834 2067 4885 Α
2105 4847 2117 4886 :
2152 4828 2488 4905 ἡμιάρῥινος
2517 4832 2557 4886 C
2592 4850 2637 4891 ς.

2047 4999 2276 5058 NOTAE.

534 5125 643 5199 (90)
674 5126 753 5201 De
781 5127 1148 5201 Theopompo
1166 5128 1453 5201 legendus
1475 5127 1870 5186 Halicarnass.
1897 5131 1954 5185 in
1988 5129 2109 5185 Cri-

464 5197 605 5263 ticis,
626 5197 687 5254 et
715 5197 946 5256 Suidas;

539 5269 651 5411 (91)
684 5270 897 5327 Suidas
924 5272 997 5327 72
1026 5280 1308 5330 recenset.

540 5340 629 5409 (92
684 5342 905 5411 Ἀκορις
953 5344 1198 5411 Diodor.,
1245 5344 1308 5401 lil

477 5340 649 5465 “(92)
684 5342 905 5415 Ἀκορις
953 5344 1198 5413 Diodor.,
1245 5344 1345 5402 lib.
1397 5361 1489 5413 xv,
1534 5352 1600 5401 ut
1642 5345 1776 5402 item
1840 5345 1929 5402 bic
1985 5361 2115 5401 mox

543 5429 734 5472 κωρις.

531 5430 1256 5560 (ἒὲῗιᾷϐὂήμοναθύρσιον
1305 5493 1469 5560 vocat
1501 5488 1783 5546 Diodorus
1828 5488 1973 5545 liber
2020 5502 2115 5543 xxv

469 5553 776 5634 Biblioth.1
796 5553 896 5611 ubi
949 5553 1123 5615 etiam
1158 5559 1324 5632 plura
1367 5559 1438 5617 de
1468 5562 1726 5634 Evagora
1757 5579 1771 5631 ;
1804 5569 1858 5619 et
1893 5561 1951 5617 in
1996 5560 2115 5617 Iso-

480 5634 700 5682 cratum
734 5629 999 5697 Evagora.

542 5698 654 5773 (94)
688 5698 865 5756 Cariae
892 5699 1162 5773 praefecto
1199 5703 1352 5775 apud
1397 5704 1710 5763 Diodorum
1741 5721 1902 5777 supr.
1936 5704 2033 5778 qui
2064 5705 2122 5760 et

2224 5126 2399 5205 eolyg
2428 5126 2506 5205 ibi
2528 5125 2679 5183 bello
2711 5125 3012 5205 emisisse
3040 5123 3278 5205 di‘iiiu”
3351 5194 3364 5205 .

2297 5200 2411 5271 (95)
2444 5199 2627 5271 Quam
2659 5194 2831 5254 re'fert
2863 5197 3091 5253 Diodor.
3114 5196 3216 5252 lib.
3237 5212 3321 5271 ‘xv
3350 5194 3536 5271 initio.

2290 5266 2406 5341 (96)
2437 5272 2520 5326 Ab
2551 5269 2764 5341 Oronte
2794 5268 3337 5341 accusatumrefert
3370 5266 3657 5322 Diodorus
3703 5279 3893 5335 supr.

2314 5335 2405 5411 97)
2439 5335 2799 5403 Νεκτανεϐώς.
2836 5342 3080 5397 Diodoro
3108 5340 3209 5395 lib.
3243 5356 3315 5394 xv
3343 5344 3621 5411 extremo.

2314 5406 2403 5486 98)
2437 5416 2522 5469 Ab
2553 5414 2662 5470 hoc
2692 5414 2859 5485 Cypri
2885 5418 3136 5485 tyranno
3152 5414 3437 5465 memorat
3460 5408 3652 5464 Laert.
3678 5406 3785 5462 lib.
3814 5424 3889 5464 Ix

2221 5486 2623 5557 Anaxarchum
2655 5486 3070 5557 philosophum
3106 5488 3395 5540 necatum.

2296 5556 2407 5628 (99)
2462 5548 2819 5630 Pythaéoras,
2892 5548 3155 5614 'Diodoro
3227 5569 3359 5627 sup.
3429 5548 3668 5608 lsocrati
3730 5565 3892 5609 vero

2228 5633 2584 5702 Protagoras.
