4136 6216
284 323 405 383 509

1373 315 1907 380 BIBLIOTHECA.
1955 348 2032 361 --
2077 317 2254 379 COD.
2298 317 2611 378 CLXXVI.

3576 323 3698 382 510

287 472 435 528 ρεσιν
484 447 1001 527 κατεργασαμένου·
1052 450 1165 505 εἶτα
1207 448 1329 504 τίνα
1375 451 1576 524 τρόπον
1615 451 1856 526 Ἀκωρις
1912 454 1922 504 ί

2054 452 2235 524 piadaa
2293 452 2446 509 sint:
2507 452 2844 524 quodquee
2899 452 3084 525 Syrno
3143 454 3361 525 posteri
3419 454 3696 514 Podalirii

284 540 598 618 Αἰγύπτιος
627 542 764 614 πρὸς
811 539 938 601 τοὺς
969 535 1196 604 Πισίδας
1246 538 1541 609 ἰποιήσατο
1591 539 1939 618 συμμαχίαν,

284 631 410 706 περί
463 652 526 687 τε
581 637 684 700 τῆς
745 631 934 706 χώρας
994 629 1168 685 αὐτῶν
1236 629 1325 685 καὶ
1392 634 1498 684 τῶν
1557 627 1885 687 Ἀσπενδίων
1922 649 1934 663 ·

283 720 411 796 περί
457 743 518 777 τε
572 726 679 776 τῶν
721 720 777 776 έν
832 725 929 792 Κῷ
978 719 1067 775 καὶ
1119 717 1299 792 Κνίδῳ
1330 718 1552 794 ἰατρῶν,
1585 720 1660 782 ὡς
1695 718 1937 789 ’Δσκλη-

281 809 473 867 πιᾶδαι
506 812 577 879 9°,
607 811 696 865 καὶ
729 811 804 872 ὡς
838 809 898 866 ἰκ
928 810 1136 885 Σύρνου
1167 811 1221 864 οἱ
1261 813 1469 883 πρῶτοι
1509 809 1766 887 ἀφίκοντο
1797 808 1936 863 ἀπό-

280 921 438 976 γονοι
479 897 846 976 Ποδαλειρίου
878 917 892 931 ⁹
923 900 1012 954 καὶ
1044 900 1167 974 περὶ
1196 900 1392 973 Μόψου
1434 903 1530 953 τοῦ
1567 901 1808 972 μάντεως
1847 898 1936 953 καὶ

281 995 394 1046 τῶν
443 992 756 1068 θυγατέρων
809 986 1006 1060 Ῥόδης
1071 988 1161 1044 καὶ
1202 985 1491 1059 Μηλιάδος
1548 989 1638 1043 καὶ
1707 995 1936 1064 Παμφυ-

284 1077 431 1148 λίας,
462 1077 511 1148 ἐξ
547 1080 619 1133 ὧν
661 1078 694 1133 οἵ
737 1100 793 1134 τε
835 1078 1183 1153 Μοψουεστία
1211 1076 1301 1132 καὶ
1345 1079 1380 1146 ἡ
1432 1075 1484 1131 ἐν
1544 1077 1713 1148 Λυκίᾳ
1754 1074 1936 1132 Ῥοδία

273 1167 369 1222 καί
401 1170 436 1237 ἡ
476 1166 782 1241 Παμφυλία
812 1169 972 1246 χώρα
1009 1168 1104 1230 τὰς
1143 1164 1460 1239 ἐπωνυμίας
1505 1160 1703 1221 ἔλαϐον
1739 1185 1752 1198 ⁸
1812 1165 1933 1220 τίνα

271 1278 337 1312 τε
383 1256 590 1331 τρόπον
643 1257 728 1334 ὑφ’
768 1256 1056 1328 Ἑλλήνων
1116 1259 1151 1326 ἡ
1223 1254 1522 1333 Παμφυλία
1569 1256 1878 1327 κατῳκίσθη
1915 1272 1928 1284 ·

2052 543 2223 612 primi
2237 541 2712 598 accesserint.Dei
2730 542 2924 614 Mopso
2942 541 3018 614 (i)
3037 546 3186 609 vate,
3200 545 3447 616 ejusque
3463 545 3692 602 liliabus

2049 631 2530 698 Rhode,Meliade
2552 646 2618 687 ac
2641 631 3004 702 Pamphylia.
3032 633 3110 687 Ab
3133 633 3226 688 bis
3251 633 3694 707 Mopsuestiam,

2049 727 2105 776 et
2127 721 2184 776 in
2206 721 2373 794 Lycia
2396 721 2707 791 Rhodiam,
2725 721 3248 795 Pamphyliamque
3274 723 3571 796 regionem
3596 742 3698 782 no-

2045 826 2172 866 men
2187 811 2579 882 accepisse.Ut
2593 811 2851 867 aGraacis
2871 812 3119 868 habitari
3138 813 3474 886 Pamphylia
3488 819 3694 886 empta,

2048 904 2251 954 mutuo
2267 899 2412 956 bello
2428 901 2650 956 arserit:
2665 903 3020 971 etquomodo
3037 901 3191 974 Lycii
3207 919 3332 959 cum
3347 901 3694 972 Telmissiis,

2047 987 2182 1042 belli
2207 988 2352 1044 duce
2375 989 2593 1044 Pericle
2622 1006 2820 1045 eorum
2858 1007 3010 1062 rege,
3045 991 3397 1062 pugnarint:
3431 1007 3536 1047 nec
3568 1009 3695 1047 ma-

2047 1095 2160 1133 nus
2190 1094 2489 1134 conserere
2519 1077 2817 1146 desierint,
2859 1081 3046 1135 donec
3089 1081 3247 1152 ipsos
3294 1082 3447 1136 intra
3499 1097 3694 1138 muros

2045 1166 2373 1236 compulsos
2388 1169 2456 1222 ad
2472 1168 2842 1223 concordiam
2859 1170 3334 1241 adegeruntﬂaac
3348 1170 3691 1227 duodecimo

2044 1256 2142 1311 illo
2165 1257 2335 1325 libro,
2360 1274 2530 1326 quem
2559 1259 2947 1329 Menophanes
2966 1275 3076 1314 non
3103 1260 3263 1326 vidit,
3289 1260 3688 1316 continentur.

271 1347 368 1400 καὶ
429 1347 458 1400 ὁ
496 1346 636 1421 πρὸς
686 1343 971 1415 ἀλλήλους
1020 1346 1266 1418 πόλεμος
1297 1345 1340 1380 9⁸
1379 1363 1391 1377 ·
1434 1343 1522 1400 καὶ
1568 1344 1643 1406 ὡς
1685 1343 1875 1399 Λύκιοι
1906 1343 2040 1418 πρὸς
2083 1343 2431 1417 Τελμισσεῖς,
2459 1346 2769 1420 ἡγουμένου
2809 1345 2994 1408 αὐτοῖς
3055 1350 3150 1401 τοῦ
3209 1351 3355 1424 σφῶν
3418 1344 3697 1421 βασιλέως

273 1433 638 1510 Περικλέους,
680 1433 1054 1508 ἐπολέμησαν,
1109 1437 1197 1490 καὶ
1251 1433 1354 1489 οὐκ
1418 1434 1620 1503 ἀνῆκαν
1678 1432 2048 1506 πολεμοῦντες
2093 1431 2198 1497 ἓως
2249 1433 2443 1494 αὐτοὺς
2499 1436 2776 1510 τειχήρεις
2844 1437 3164 1506 ποιήσαντες
3213 1437 3328 1490 καθ’
3383 1435 3691 1513 ὁμολογίαν

263 1527 715 1598 παρεστήσαντο.
757 1526 828 1582 Ἀ
860 1525 955 1599 μὲν
989 1523 1082 1580 οὖν
1124 1526 1151 1580 ὁ
1181 1523 1544 1600 ἠφανισμένος
1575 1525 1623 1560 9³
1648 1523 1953 1602 Μηνοφάνει
1987 1520 2294 1584 δωδέκατος
2327 1523 2495 1601 λόγος
2526 1524 2792 1600 περιέχει,
2823 1525 2988 1581 ταῦτά
3027 1525 3191 1584 ἐστιν.

346 1615 502 1671 Ἐστι
537 1611 594 1670 δὲ
625 1613 951 1689 Θεόπομπος
1009 1619 1142 1677 Χῖος
1187 1616 1282 1688 μὲν
1319 1615 1382 1670 τὸ
1431 1615 1610 1691 γένος,
1653 1615 1768 1676 υἱὸς
1819 1622 1931 1668 Δα-

268 1704 613 1781 μοπράτου,
643 1711 832 1782 φυγεῖν
883 1703 941 1760 δὲ
980 1702 1198 1780 λέγεται
1235 1711 1336 1774 τῆς
1380 1701 1640 1779 πατρίδος
1683 1705 1794 1777 ἅμα
1850 1707 1930 1774 τῷ

263 1795 464 1867 πατρὶ,
497 1793 588 1849 ἐπὶ
642 1796 986 1868 Λακωνισμῷ
1023 1798 1120 1849 τοῦ
1168 1794 1372 1870 πατρὸς
1426 1792 1672 1860 ἁλόντος,
1727 1793 1931 1847 ἀνασω·

2115 1615 2527 1687 Theopompus
2561 1616 2654 1670 hic
2677 1616 2855 1672 Chius
2886 1634 3092 1688 genere
3125 1619 3251 1686 fuit,
3276 1618 3508 1690 genitus
3534 1625 3689 1690 patre

2041 1706 2400 1760 Damostrate
2431 1705 2526 1775 (2).
2562 1705 2754 1760 Patria
2783 1723 2917 1762 vero
2950 1723 3080 1762 cum
3114 1713 3348 1779 parente
3371 1709 3686 1765 excessisse

2044 1794 2244 1861 fertur,
2278 1809 2407 1848 cum
2442 1793 2754 1850 Laconium
2788 1793 2886 1850 ille
2909 1794 3085 1851 rebus
3120 1799 3356 1852 studere
3381 1797 3684 1852 convictus

266 1883 436 1950 θτῖναι
471 1880 529 1938 δὲ
554 1886 624 1957 τῇ
673 1882 892 1958 πατρίδι
923 1882 1345 1954 τελευτήσαντος
1376 1882 1523 1954 αὐτῷ
1565 1886 1661 1936 τοῦ
1699 1881 1922 1955 πατρὸς,

2043 1882 2265 1947 fuisset,
2289 1898 2402 1954 quo
2422 1887 2648 1938 mortuo
2671 1883 2868 1953 patriae
2893 1886 3217 1940 restitutum
3245 1884 3685 1954 aiunt,Alexan-

263 1975 374 2043 τὴν
407 1970 469 2028 δὲ
505 1969 736 2028 κάθοδον
772 1971 1134 2048 Ἀλεξάνδρου
1163 1979 1262 2028 τοῦ
1295 1969 1623 2030 Μακεδόνων
1659 1971 1930 2046 βασιλέως

263 2057 343 2114 δι’
374 2058 685 2116 ἐπιστολῶν
715 2064 823 2116 τῶν
857 2062 993 2136 πρὸς
1032 2060 1164 2123 τοὺς
1197 2061 1366 2122 Χίους
1406 2057 1886 2135 καταπραξαμένου
1911 2077 1924 2088 ’

263 2150 411 2206 ἐτῶν
474 2149 532 2205 δὲ
583 2152 715 2207 εἶναι
765 2151 887 2206 τότε
937 2152 1027 2207 τὸν
1078 2152 1402 2224 Θεόπομπον
1447 2153 1482 2205 ε’
1529 2150 1619 2205 καὶ
1680 2157 1750 2223 μ’.
1784 2149 1930 2205 Μετά

267 2237 333 2295 δὲ
389 2240 484 2295 τὸν
529 2238 892 2316 Ἀλεξάνδρου
956 2242 1181 2297 θάνατον
1233 2241 1572 2316 πανταχόθεν
1638 2238 1930 2295 ἐκπεσόντα

265 2329 355 2392 εἷς
408 2329 690 2404 Αἴγυπτον
740 2329 1044 2408 ἀφικέσθαι,
1080 2329 1424 2402 Πτολεμαῖον
1476 2327 1532 2384 δὲ
1578 2330 1668 2384 τὸν
1725 2328 1926 2399 ταύτης

266 2417 508 2493 βασιλέα
560 2419 622 2474 ού
672 2419 982 2494 προσίεσθαι
1028 2420 1120 2476 τὸν
1177 2417 1363 2493 ἄνδρα,
1397 2417 1541 2475 ἀλλᾶ
1571 2419 1662 2474 καὶ
1694 2419 1767 2480 ὡς
1825 2439 1925 2473 πο-

265 2507 648 2583 λυπράγμονα
684 2508 897 2565 ἀνελεῖν
954 2507 1234 2580 ἰθελῆσαι,
1265 2509 1309 2564 εἰ
1371 2511 1446 2582 μή
1499 2529 1640 2572 τινες
1677 2513 1784 2563 τῶν
1835 2509 1926 2584 φί-

265 2595 390 2654 λων
436 2597 910 2667 παραιτησάμενοι
960 2595 1309 2654 διεσώσαντο.
1347 2604 1690 2670 Συνακμασαι
1736 2594 1793 2651 δὲ
1832 2593 1924 2650 λέ·

264 2707 359 2760 γει
406 2685 571 2751 αὐτὸς
609 2687 800 2742 ὶαυτὸν
857 2688 905 2724 9³
952 2687 1244 2760 Ἰσοκράτει
1287 2707 1344 2742 τε
1399 2691 1480 2759 τῷ
1518 2688 1793 2759 Ἀθηναίῳ
1833 2685 1924 2740 καὶ

264 2773 549 2850 Θεοδέκτῃ
590 2780 669 2848 τῷ
735 2776 1025 2850 Φασηλίτῃ
1069 2777 1159 2831 καὶ
1199 2775 1501 2850 Ναυκράτει
1544 2777 1593 2811 ⁹⁴
1639 2779 1718 2848 τῷ
1767 2777 1924 2850 Ἐρυ-

263 2865 468 2938 θραίῳ,
497 2865 589 2920 καὶ
629 2864 855 2928 τούτους
886 2867 999 2940 ἅμα
1029 2866 1176 2937 αύτῷ
1206 2865 1272 2920 τὰ
1309 2871 1551 2941 πρωτεῖα
1577 2867 1676 2934 τῆς
1718 2864 1772 2921 έν
1821 2863 1923 2919 λό-

257 2975 391 3029 γοις
423 2951 677 3016 παιδείας
707 2949 858 3030 ἔχειν
889 2955 942 3010 ἐν
989 2961 1106 3017 τοῖς
1145 2953 1437 3026 Ἕλλησιν·
1493 2951 1640 3010 ἀλλᾶ
1678 2954 1920 3028 Ἰσοκρά.

257 3064 370 3113 την
401 3044 499 3116 μὶν
542 3040 614 3098 δι’
643 3043 873 3118 ἀπορίαν
915 3044 1040 3118 βίου
1077 3045 1168 3100 καὶ
1217 3041 1515 3113 Θεοδέκτην
1570 3046 1766 3115 μισθοῦ
1819 3041 1925 3098 λό-

254 3153 401 3207 γους
462 3131 688 3210 γράφειν
752 3132 841 3187 καὶ
911 3132 1265 3211 σοφιστεύειν,
1325 3129 1740 3196 έκπαιδεύοντας
1796 3131 1922 3194 τοὺς

2039 1971 2141 2026 dro
2185 1965 2561 2027 Macedonum
2614 1987 2746 2043 rege
2795 1989 2895 2043 per
2942 1972 3248 2044 epistolam
3303 1976 3373 2030 ad
3409 1974 3686 2031 Cbienses

2039 2060 2288 2116 reditum
2322 2060 2434 2132 ipsi
2494 2061 2866 2133 impetrante,
2918 2064 3102 2119 aetatis
3148 2065 3503 2136 Theopompi
3536 2082 3686 2121 anno

2037 2149 2244 2220 quinto
2257 2158 2312 2206 et
2328 2149 3015 2221 quadragesimo.Verum
3041 2161 3268 2208 mortuo
3291 2151 3420 2208 dein
3439 2151 3684 2208 Alexan-

2037 2239 2161 2307 dro,
2219 2240 2477 2312 undique
2533 2239 2898 2297 exsulantem
2961 2241 3018 2297 in
3079 2247 3393 2314 Egyptum
3453 2242 3683 2300 venisse

2036 2336 2298 2393 narrant.
2330 2331 2528 2403 ibique
2558 2347 2750 2404 regem
2787 2333 3156 2390 Ptolemaum
3191 2351 3306 2391 non
3357 2333 3548 2391 solum
3582 2334 3680 2390 bo-

2037 2421 2255 2476 minem
2288 2438 2401 2477 non
2434 2422 2745 2492 accepisse,
2769 2423 2866 2478 sed
2899 2423 3073 2478 etiam
3099 2425 3258 2480 velut
3280 2425 3456 2480 nimis
3487 2423 3680 2480 curio-

2035 2525 2164 2564 sum
2198 2510 2398 2565 tollere
2428 2511 2498 2566 de
2529 2511 2720 2566 medio
2752 2510 3026 2580 voluisse,
3060 2513 3168 2567 nisi
3202 2513 3522 2569 amicorum
3549 2530 3677 2584 pre-

2035 2599 2200 2654 cibus
2231 2602 2495 2656 servatus
2524 2599 2755 2655 fuisset.
2789 2599 3063 2670 Equales
3115 2602 3192 2671 (3)
3241 2617 3375 2657 suos
3431 2602 3681 2673 ipsemet

2036 2687 2335 2744 nominat:
2371 2688 2684 2744 Isocratem
2719 2689 2795 2760 (4)
2825 2688 3265 2757 Atheniensem,
3289 2689 3674 2746 Theodectem

2033 2775 2408 2844 Phaselitem,
2466 2782 2523 2834 et
2579 2777 2924 2833 Naucratem
2979 2778 3364 2849 Erythreum,
3422 2795 3572 2850 quos
3621 2784 3679 2834 et

2034 2881 2232 2922 secum
2264 2865 2323 2920 in
2355 2865 2585 2921 dicendi
2621 2865 2893 2921 facultate
2935 2865 3328 2937 principatum
3367 2869 3424 2922 in
3457 2867 3677 2924 Graecia

2032 2955 2296 3012 tenuisse
2326 2955 2518 3010 refert.
2552 2955 2662 3010 Sed
2698 2955 3014 3011 Isocratem
3045 2955 3276 3027 quidem
3311 2957 3390 3012 rei
3424 2955 3673 3011 familia-

2033 3045 2115 3100 ris
2145 3044 2438 3114 angustia,
2472 3045 2553 3100 uti
2597 3047 2654 3100 et
2697 3044 3100 3114 Theodectem,
3152 3044 3336 3117 pretio
3383 3044 3675 3101 orationes

2032 3134 2476 3206 conscripsisse,
2511 3149 2576 3190 ac
2621 3132 2761 3190 ludo
2816 3139 3015 3206 aperto
3061 3135 3459 3191 adolescentes
3492 3135 3675 3190 infor-

252 3221 420 3282 νέους
480 3222 724 3276 κάκεῖθεν
775 3221 1186 3296 καρπουμένους
1240 3224 1338 3286 τὰς
1401 3222 1690 3297 ὠφελείας,
1760 3222 1918 3278 αὐτὸν

2035 3238 2250 3294 masse,
2296 3223 2548 3294 indeque
2603 3222 2829 3280 lucrum
2861 3229 3226 3296 reportasse:
3261 3241 3323 3281 se
3381 3240 3512 3280 vero
3540 3241 3675 3282 cum

254 3310 323 3366 δὲ
373 3314 466 3366 καί
508 3310 829 3387 Ναυκράτην
862 3309 1142 3385 αὐτάρκως
1191 3309 1420 3387 ἔχοντας
1472 3310 1525 3367 έν
1574 3313 1790 3375 τούτοις
1838 3313 1920 3368 ἀεὶ

251 3401 371 3469 τήν
402 3396 693 3475 διατριϐήν
735 3401 788 3457 έν
817 3405 896 3473 τῷ
924 3401 1243 3480 φιλοσοφεῖν
1275 3402 1364 3457 καὶ
1391 3401 1718 3481 φιλομαθεῖν
1749 3408 1923 3458 ποιεῖ-

254 3491 410 3544 σθαι.
449 3489 548 3544 Καὶ
590 3490 665 3553 ὠς
696 3490 800 3545 οὐκ
830 3488 890 3544 ἃν
928 3490 1012 3561 εἴη
1055 3490 1204 3563 αύτῷ
1250 3490 1564 3568 παράλογον
1606 3493 1917 3547 ἀντιποιου-

247 3577 410 3652 μένῳ
460 3583 571 3633 τῶν
603 3578 911 3653 πρωτείων,
939 3579 1038 3634 οὐκ
1070 3577 1372 3635 ἐλαττόνων
1408 3580 1502 3653 μὲν
1550 3581 1585 3650 ἢ
1619 3577 1919 3655 δισμυρίων

244 3665 404 3722 ius».
431 3667 566 3731 τοὺς
615 3665 1010 3729 ἐπιδεικτικοὺς
1056 3669 1164 3724 τῶν
1224 3667 1402 3744 λόγων
1460 3667 1915 3746 συγγραψαμένῳ,

243 3760 486 3823 πλείους
532 3757 594 3814 δὶ
635 3760 670 3829 ἢ
705 3761 762 3815 ιε’
790 3759 1078 3834 μυριάδας,
1111 3760 1163 3816 ἐν
1215 3763 1301 3824 οἷς
1347 3759 1443 3824 τάς
1480 3782 1538 3817 τε
1566 3766 1675 3817 τῶν
1706 3760 1915 3832 Ἑλλή-

245 3872 361 3904 νων
411 3850 506 3904 καὶ
551 3844 843 3924 βαρϐάρων
888 3850 1107 3925 πράξεις
1149 3851 1315 3926 μέχρι
1361 3855 1450 3906 νῦν
1492 3850 1916 3927 ἀπαγγελλομέ-

251 3960 351 4000 νας
396 3936 512 3994 ἔστι
569 3933 760 3994 λαϐεῖν
794 3959 807 3972 ⁸
849 3937 926 3995 ἔτι
967 3937 1026 3995 δὲ
1063 3940 1154 3995 καὶ
1213 3937 1350 3995 διότι
1391 3937 1565 4003 οὐδείς
1596 3939 1708 3995 ἐστι
1745 3942 1912 4003 τόπος

255 4029 449 4090 κοινὸς
497 4032 606 4082 τῶν
639 4026 925 4100 Ἑλλήνων
970 4025 1096 4083 οὐδὲ
1137 4028 1302 4091 πόλις
1347 4027 1672 4105 ἀξιόχρεως,
1705 4027 1780 4092 είς
1820 4028 1912 4093 οὖς

251 4119 419 4181 αὐτὸς
479 4118 580 4173 ούκ
635 4114 922 4192 ἐπιδημῶν
970 4115 1062 4172 καὶ
1113 4119 1210 4180 τὰς
1263 4121 1370 4172 τῶν
1414 4116 1599 4195 λόγων
1631 4113 1912 4189 ὶπιδείξεις

245 4206 590 4280 ποιούμενος
630 4207 758 4282 ούχί
791 4209 918 4281 [204
950 4208 1042 4280 Η.]
1079 4207 1222 4282 μέγα
1261 4206 1422 4268 κλέος
1469 4205 1559 4262 καὶ
1609 4206 1912 4282 ὑπόμνημα

245 4303 354 4365 τῆς
411 4295 468 4352 ἓν
524 4294 722 4371 λόγοις
774 4297 943 4352 αὐτοῦ
999 4294 1290 4352 κατέλιπεν
1365 4295 1580 4369 ἀρετῆς.
1641 4298 1770 4371 [393
1816 4299 1910 4370 R.]

247 4388 438 4444 Ταῦτα
493 4385 657 4450 αὐτὸς
702 4385 828 4459 περὶ
867 4385 1036 4442 αὐτοῦ
1084 4386 1131 4423 9⁵
1171 4383 1374 4460 λέγων,
1404 4386 1532 4448 τοὺς
1570 4386 1620 4440 ἐν
1650 4392 1768 4449 τοῖς
1809 4384 1911 4460 ἔμ-

248 4479 489 4549 προσθεν
517 4474 743 4551 χρόνοις
775 4471 1000 4549 ἔχοντας
1032 4472 1084 4530 ἐν
1116 4473 1308 4552 λόγοις
1349 4477 1412 4531 τὸ
1441 4475 1736 4552 πρωτεύειν
1765 4474 1909 4532 πολὺ

2035 3316 2339 3381 Naucrate,
2373 3313 2525 3383 quod
2559 3313 2739 3368 vitam
2774 3314 2920 3370 tueri
2951 3314 3188 3370 honeste
3233 3319 3494 3386 possent,
3529 3315 3677 3371 assi-

2027 3405 2139 3460 due
2169 3403 2228 3459 in
2262 3403 2377 3472 his,
2399 3403 2458 3459 in
2492 3403 2887 3478 philosophia,
2918 3405 3186 3476 inquam,
3219 3423 3284 3462 ac
3315 3406 3548 3464 dicendi
3579 3407 3671 3461 fa-

2027 3493 2245 3549 cultate
2273 3494 2618 3551 exercitum.
2650 3493 2845 3567 Neque
2875 3511 3008 3551 vero
3039 3501 3256 3552 temere
3286 3512 3371 3564 se,
3402 3501 3504 3552 aut
3535 3513 3674 3568 pra:-

2026 3586 2114 3639 ter
2130 3585 2414 3640 rationem
2435 3586 2656 3655 primas
2679 3586 2790 3642 sibi
2813 3585 3130 3652 vindicare,
3154 3603 3284 3642 cum
3317 3587 3672 3643 demonstra-

2025 3672 2128 3728 tivi
2158 3673 2387 3743 generis
2416 3675 2713 3730 orationes
2746 3691 2861 3730 non
2895 3676 3217 3746 pauciores,
3253 3691 3425 3744 quam
3460 3674 3668 3744 viginti

2026 3761 2277 3818 millium
2335 3778 2610 3818 versuum
2651 3763 3063 3833 conscripserit
3109 3779 3122 3819 :
3172 3765 3313 3834 quin
3363 3767 3421 3818 et
3474 3762 3668 3818 I210

2022 3865 2198 3922 supra
2217 3851 2546 3923 quindecim
2570 3867 2841 3908 versuum
2868 3852 3256 3923 myriadas,in
3281 3853 3496 3923 quibus
3518 3853 3668 3908 Gras-

2022 3956 2222 3996 corum
2253 3957 2318 3997 ac
2350 3942 2730 3997 Barbarorum
2761 3957 2854 3996 res
2885 3945 3078 4013 gestas
3101 3941 3380 3998 hactenus
3401 3946 3664 3996 narratas

2018 4029 2208 4102 legere
2239 4029 2428 4086 liceat.
2461 4031 2545 4085 Ad
2579 4030 2697 4086 haec
2727 4045 2858 4086 vero
2889 4028 3112 4085 nullam
3145 4045 3271 4086 esse
3303 4031 3385 4086 ait
3433 4031 3662 4088 Graeciae

2021 4117 2275 4190 alicujus
2305 4118 2476 4192 pretii
2499 4118 2690 4175 locum
2715 4119 3014 4187 urbemve,
3039 4135 3151 4190 quo
3178 4136 3292 4176 non
3316 4119 3440 4190 ipsc
3472 4135 3664 4191 perve-

2019 4208 2191 4276 nerit,
2225 4208 2571 4280 publiceque
2600 4224 2876 4280 perorans
2907 4225 3186 4283 magnum
3219 4210 3416 4277 decus,
3450 4226 3517 4266 ac
3546 4209 3664 4264 vir-

2017 4297 2163 4354 tutis
2193 4299 2252 4353 in
2281 4298 2530 4354 dicendo
2562 4315 2684 4355 suas
2714 4305 3165 4356 monumentum
3189 4298 3508 4372 reliquerit.
3534 4299 3664 4356 Haec

2019 4388 2090 4444 de
2110 4404 2173 4444 se
2192 4386 2338 4460 ipsis
2361 4387 2879 4460 pronuntians,eos
2901 4390 3000 4461 qui
3023 4391 3176 4462 apud
3199 4389 3478 4446 seculum
3503 4389 3663 4460 prius

2017 4479 2261 4536 dicendo
2292 4478 2645 4548 claruerunt,
2677 4479 2860 4535 aetatis
2890 4481 2966 4554 (5)
2988 4497 3108 4536 suae
3131 4481 3464 4538 oratoribus
3494 4479 3664 4552 longe

246 4561 706 4638 καταδεεστέρους
770 4561 1120 4637 ἀποφαίνεται
1187 4567 1294 4618 τῶν
1361 4564 1479 4618 καθ’
1537 4564 1725 4619 ἑαυτὸν
1782 4561 1907 4619 οὐδὲ

2034 4569 2330 4640 ωειροῐιὶι,
2349 4587 2415 4629 ac
2429 4586 2500 4626 ne
2519 4571 2578 4625 in
2599 4569 2870 4626 secundis
2887 4570 3124 4641 quidem
3149 4569 3471 4626 subsistere
3492 4585 3662 4641 posse

248 4661 348 4722 τῆς
390 4651 648 4726 δευτέρας
696 4652 896 4723 τάξεως
930 4652 1264 4727 ἀξιουμένων
1296 4655 1361 4724 ⁸⁸,
1391 4654 1478 4708 καὶ
1529 4657 1689 4710 τοῦτο
1739 4650 1908 4723 δῆλον

243 4744 370 4799 εἷναί
441 4764 578 4823 φησι
619 4744 706 4799 καὶ
754 4741 804 4813 ἐξ
853 4742 1030 4798 αὐτῶν
1085 4747 1191 4798 τῶν
1247 4745 1370 4818 παρ’
1429 4744 1704 4821 ἑκατέροις
1747 4742 1909 4800 ἐκπε-

235 4835 575 4908 πονημὲνων
622 4834 711 4889 καὶ
761 4830 1284 4908 καταλελειμμένων
1336 4831 1517 4911 λόγων
1552 4851 1566 4868 ο
1608 4832 1830 4904 πολλὴν
1861 4837 1905 4872 ⁸⁷

2016 4658 2291 4728 affirmat,
2316 4659 2656 4733 clarumque
2685 4659 2742 4715 id
2774 4675 2900 4716 esse
2921 4659 3009 4716 vel
3040 4676 3070 4716 θ
3101 4660 3336 4732 scriptis
3366 4665 3662 4715 utrorum-

2015 4763 2150 4820 que,
2183 4755 2241 4805 et
2268 4750 2633 4806 orationibus
2665 4749 2736 4805 ad
2770 4753 3035 4821 posteros
3087 4748 3470 4806 transmissis.
3525 4749 3661 4804 Cre-

2013 4837 2170 4896 visse
2197 4855 2454 4915 namque
2485 4841 2838 4898 immensum
2871 4845 3158 4912 quantum
3183 4857 3288 4898 sua
3317 4844 3481 4896 etate
3512 4840 3662 4895 hanc

1607 4979 1850 5038 VARIIE
1892 4981 2308 5040 LECTIONES.

312 5119 366 5199 ξ’-
393 5111 865 5199 Ἀσ-ιιληϊιιιίιδιιῃςἶ
932 5115 979 5150 ⁹¹
1010 5113 1140 5199 ἀλλ.
1175 5112 1396 5199 συνέστη
1438 5115 1570 5199 πέλ.
1600 5119 1734 5199 (λς.
1813 5117 2256 5199 θῇἠφανισμένρς
2288 5125 2423 5199 post.
2451 5119 2616 5199 λόγος
2649 5124 2812 5196 ponit
2843 5142 2888 5184 ς.
2964 5125 3010 5162 ⁸⁸
3034 5122 3192 5186 αὐτὸς
3223 5123 3408 5179 ἑαυτὸν
3442 5119 3589 5199 λέγει
3613 5143 3658 5185 ς.

247 5189 293 5226 ⁹⁴
317 5185 622 5265 Ναυκράτῄ
654 5207 700 5250 ς.
776 5187 823 5224 ⁹⁹
851 5187 1044 5243 ἑαυτοῦ
1078 5208 1124 5251 ς.
1206 5187 1253 5225 ⁸⁸
1280 5185 1529 5245 καὶόύδὶ
1557 5221 1625 5233 -
1661 5185 2010 5266 ἀξιουμένους
2040 5185 2108 5254 ς.’
2164 5194 2208 5229 ⁸⁷
2238 5185 2484 5268 πόλλὴν]
2515 5185 2679 5251 πάλιν
2711 5201 2778 5253 Δ.

1847 5335 2082 5396 NOTE.

308 5473 642 5557 (1)1».an
691 5477 750 5526 et
777 5427 980 5527 Strabo
1028 5468 1131 5527 lib.
1193 5483 1306 5536 xu,
1370 5471 1442 5530 ad
1496 5468 1899 5545 Colophonem

259 5541 448 5611 Ioniae,
471 5541 697 5614 aliique
727 5556 904 5614 sepe.

324 5617 407 5700 (2‘)
429 5615 896 5700 ραωωξςιναιαεπ
925 5611 1141 5700 Sgidas
1163 5614 1442 5700 no'r‘ninat.

335 5687 408 5758 (3)
441 5685 528 5743 De
559 5685 777 5757 quibus
804 5685 933 5742 vide
963 5686 1198 5758 Dionys.
1233 5686 1526 5745 Balicarn.

2089 5471 2169 5545 (4)
2198 5471 2322 5550 Q_u_o
2348 5476 2409 5550 et
2439 5478 2801 5550 prfeceptore
2840 5491 2982 5534 usus
3013 5478 3167 5535 teste
3188 5478 3370 5536 Cicer.
3419 5478 3659 5550 Dionys.

2023 5543 2546 5620 atqueflutarchi.
2584 5543 2882 5620 Legendus
2909 5553 3101 5607 autem
3132 5551 3203 5606 de
3232 5550 3325 5606 bis
3355 5543 3586 5608 Suidas:

2098 5615 2177 5693 (5)
2204 5615 2408 5693 Simile
2441 5615 3093 5693 tractat—argumentum
3127 5623 3246 5679 sive
3277 5623 3514 5690 Fabius,
3545 5623 3662 5680 sive

2024 5689 2292 5745 Tacitus:
2325 5687 2434 5745 Cur
2462 5691 2571 5748 arvi
2587 5691 2680 5747 sui
2705 5687 2952 5752 οἵαισι-εδ
2980 5693 3251 5752 veteribus
3265 5687 3584 5752 concedant.
