4136 6216
217 325 332 384 517

1313 314 1858 378 BIBLIOTHECA.
1905 347 1984 360 --
2027 315 2198 377 COD.
2241 317 2582 380 CLXXVII.

3510 320 3628 381 518

215 456 332 513 κέτι
361 453 688 529 ἁμαρτάνειν
722 473 736 488 ο
770 450 853 508 δεῖ
900 452 1004 528 γὰρ
1036 452 1196 525 ἡμῖν,
1231 450 1306 515 ὡς
1346 446 1511 520 ἔοικε,
1543 452 1633 506 καὶ
1677 451 1876 508 πλειό-

2000 453 2108 508 sive
2159 469 2275 509 non
2315 454 2572 525 amplius
2623 467 2882 526 peccare.
2913 453 3150 524 Oportet
3193 457 3347 513 enim
3399 473 3528 528 nos,
3570 463 3636 515 ut

215 569 326 601 νων
385 547 792 624 σατρτινιστικῶν
843 539 1064 614 λέξεων,
1118 539 1210 594 ’ίνα
1264 541 1364 609 τὴν
1424 542 1619 610 καινήν
1666 540 1875 611 ἐκείνην

221 631 680 706 ὑποδηλώσωμεν
726 636 833 686 τῶν
881 631 1160 704 ἁμαρτιῶν
1213 629 1400 703 ἄφεσιν
1437 648 1450 662 ·
1505 632 1636 705 ὅπερ
1697 632 1726 685 6
1779 632 1874 703 μὲν

217 726 382 798 ὀρθὸς
440 722 604 800 λόγος
663 720 1068 796 ἀναμαρτησίαν
1119 716 1286 788 οἶδεν,
1347 721 1502 782 οὗτος
1565 718 1622 776 δὲ
1689 719 1874 797 ἄφεσιν

221 818 514 888 ἁμαρτιῶν
586 809 798 866 τελείαν
852 810 943 864 καὶ
1011 809 1356 881 κυριωτάτην
1429 810 1518 864 καὶ
1603 809 1876 884 ἀναίρεσιν

217 909 382 958 καλεῖ
431 901 694 975 ἁμαρτίας
743 900 1005 968 παντελῆ.
1035 900 1132 961 Τίς
1179 897 1270 954 οὗν
1323 901 1356 967 ἡ
1409 899 1635 970 τοιαύτη
1695 901 1876 972 ἁμαρ-

219 997 354 1046 τιῶν
415 989 623 1070 ἄφεσις,
681 989 774 1044 καὶ
841 995 944 1044 ποῦ
1011 986 1294 1061 διδομένη,
1355 989 1444 1042 καὶ
1493 988 1652 1044 πόθεν
1713 989 1882 1062 ἀρξα-

223 1082 364 1154 μένη
394 1101 408 1149 ;
439 1081 674 1154 Ἤρξατο
723 1079 844 1152 μέν,
894 1078 1058 1156 φησὶν
1113 1079 1176 1147 ιδ,
1209 1077 1596 1156 ἐμφανίζεσθαι
1642 1078 1748 1133 ἀπὸ
1779 1084 1880 1145 τῆς

217 1173 360 1225 κατὰ
399 1170 492 1224 τὸν
527 1169 812 1238 Δεσπότην
852 1169 1090 1242 Χριστὸν
1125 1166 1450 1239 οἰκονομίας
1481 1168 1569 1222 καὶ
1621 1167 1672 1221 έν
1715 1167 1882 1244 ἂρῥα-

213 1254 402 1318 ϐὧνος
453 1260 588 1329 ἡμῖν
638 1254 884 1311 δίδοσθαι
938 1257 1104 1324 τάξει,
1139 1252 1351 1310 δίδοται
1407 1253 1464 1310 δὲ
1513 1255 1741 1318 τελείως
1790 1256 1881 1310 καὶ

213 1347 306 1402 ἐπ’
339 1347 530 1407 αὐτοῖς
568 1344 750 1420 ἔργοις
786 1345 830 1380 ‘7
859 1343 913 1399 ἐν
965 1348 1032 1418 τῇ
1081 1344 1214 1416 μετᾶ
1261 1346 1360 1414 τὴν
1411 1343 1696 1400 ἀνάστασιν
1745 1347 1883 1400 ἁπο-

215 1437 570 1504 καταστάσει,
605 1436 738 1508 ὑπὲρ
777 1431 978 1504 ἧς,⁹ίνα
1028 1434 1312 1509 τύχωμεν,
1346 1435 1432 1489 καὶ
1467 1437 1630 1507 ἡμεῖς
1681 1435 1770 1489 καὶ
1818 1435 1884 1490 τά

211 1527 400 1600 βρέφη
441 1526 838 1600 βαπτιζόμεθα.
871 1522 1049 1579 Ἀλλά
1089 1525 1153 1577 τά
1209 1524 1302 1596 μὲν
1354 1523 1522 1598 μέχρι
1566 1523 1758 1578 τούτου
1808 1525 1882 1586 ὡς

211 1615 418 1688 σεμνά,
471 1614 566 1670 καὶ
623 1613 912 1688 κεχηνέναι
975 1614 1140 1686 μόνον
1211 1613 1340 1688 οὐχὶ
1398 1615 1534 1686 πρὸς
1590 1615 1653 1668 τὸ
1717 1613 1883 1688 πέρας

211 1709 464 1765 ἅπαντας
533 1705 1028 1772 παρασκευάζοντα.
1091 1703 1228 1760 Εἰπὲ
1287 1701 1353 1772 δὴ
1411 1699 1606 1758 λοιπὸν
1675 1705 1778 1759 Καὶ
1835 1703 1885 1758 τί

207 1794 630 1867 τοῦτοςὈρθΞι
683 1792 782 1868 γάρ
843 1813 928 1847 σοι
985 1792 1348 1866 παρεχόμεθα
1405 1793 1473 1846 τά
1529 1792 1662 1849 ὦτα.
1695 1794 1792 1854 Τίς
1848 1795 1882 1861 ἠ

213 1887 336 1938 τῶν
375 1883 662 1957 ἁμαρτιῶν
705 1881 890 1958 ἄφεσις
931 1883 1057 1954 [207
1105 1882 1196 1953 H.]
1247 1884 1280 1950 ἡ
1333 1880 1608 1949 παντελής
1668 1881 1884 1952 ἐκείνη;

213 1971 450 2038 Οὐκέτι,
509 1972 665 2049 φησί,
730 1972 864 2044 μετὰ
919 1972 1018 2040 τήν
1084 1971 1372 2026 ἀνάστασιν
1437 1972 1888 2046 ἁμαρτησόμεθα.

213 2060 408 2119 Ἀλλὰ
461 2061 562 2136 γάρ
613 2061 688 2123 ὡς
736 2058 784 2133 ἐξ

211 2149 378 2206 διυνὲ
436 2153 554 2206 Ἵνα
610 2150 712 2224 γὰρ
759 2155 852 2204 νῦν
912 2149 1053 2204 ἐάσω
1097 2154 1276 2220 ζητεῖν
1329 2151 1480 2212 ὅπως
1539 2146 1650 2204 ἔστι
1709 2149 1888 2224 λέγειν

837 2059 972 2114 οἵων
1021 2063 1168 2133 ἡμᾶς
1213 2061 1550 2124 κατέσπασας
1577 2066 1682 2116 τῶν
1729 2059 1890 2115 ἐλπί-

211 2239 413 2318 ἆνρεσιν
471 2240 747 2313 ἁμαρτιῶν
809 2242 996 2306 τοῦτο,
1057 2237 1227 2293 ἐκεῖνο
1285 2239 1572 2308 συντόμως
1625 2237 1770 2314 ἐρῶ·
1824 2240 1889 2296 Τί

223 2331 370 2399 οὗν;
425 2329 522 2384 Διὰ
577 2328 736 2384 τοῦτὸ
797 2349 879 2382 σοι
929 2329 1162 2403 Χριστὸς
1215 2327 1494 2403 ἐσαρκώθη
1546 2329 1636 2382 καὶ
1705 2329 1892 2383 ἐσταυ-

217 2421 412 2496 ρώθς,
437 2417 528 2472 ’ἵνα
561 2419 638 2492 μὴ
681 2416 878 2472 ἐκεῖθεν
940 2418 1164 2480 ἀναστὰς
1225 2420 1588 2492 ἀμαρτήσηςς
1625 2420 1754 2490 [400
1795 2420 1886 2491 IL]

217 2511 552 2584 ἡμάρτανον
610 2504 668 2561 δὲ
725 2503 828 2580 ἄρα
863 2505 1060 2561 ἐκεῖθεν
1125 2508 1177 2560 οἱ
1236 2505 1742 2580 προκαταλύσαντες
1797 2508 1888 2561 τὸν

222 2599 382 2674 βίον,
425 2597 552 2670 πρὶν
603 2595 638 2664 ἢ
675 2596 906 2668 Χριστὸς
948 2593 1380 2668 ἐπιδημήσειεν;
1423 2596 1522 2651 “Av
1571 2592 1625 2649 δέ
1661 2597 1736 2666 μή
1794 2595 1890 2668 βα-

217 2687 576 2760 πτιςώμεθα,
607 2685 875 2759 ἁμαρτίας
921 2683 998 2740 ἔτι
1051 2683 1454 2759 διαπραξόμεθά
1503 2707 1586 2740 σοι
1637 2684 1746 2740 ἐκεῖ
1801 2686 1890 2738 καὶ

219 2781 398 2850 ἡμεῖς
429 2777 519 2828 καὶ
552 2776 616 2828 τά
647 2776 818 2850 βρέφη
848 2793 862 2842 ;
894 2775 943 2828 τί
979 2771 1034 2828 δέ
1067 2794 1080 2842 ;
1117 2775 1167 2828 οἱ
1217 2773 1435 2828 ἄπιστοι
1486 2773 1677 2836 πάντες
1731 2773 1892 2828 πάλιν

219 2869 328 2922 κάν
361 2871 444 2936 τῷ
479 2863 738 2936 μέλλοντι
771 2863 926 2918 αίῶνι
968 2863 1056 2917 καὶ
1107 2863 1370 2936 κλέψουσι
1411 2863 1498 2918 καὶ
1537 2863 1890 2938 πορνευσουσι

219 2957 316 3010 καὶ
371 2948 770 3021 δυσσεϐήσουσι
807 2953 896 3007 καὶ
948 2950 1308 3026 λῃστεύσουσι
1357 2954 1448 3007 καὶ
1487 2959 1658 3008 πᾶσαν
1717 2953 1891 3008 αύτῶν

221 3043 530 3118 μοχθηράν
589 3041 884 3114 ἐπιθυμίαν
931 3040 1363 3118 πληρώσουσιν;
1398 3043 1476 3099 Οὐ
1530 3044 1629 3117 γάρ
1681 3041 1891 3104 δικαίας

219 3155 284 3210 γε
321 3131 516 3193 αὐτοῖς
547 3136 654 3186 τῶν
689 3129 912 3186 ἐνταῦθα
954 3129 1523 3203 πεπλημμελημένων
1573 3133 1662 3185 καὶ
1719 3133 1884 3206 βαρυ-

273 3219 396 3250 Ζ---
429 3217 478 3250 ιε

217 3219 396 3280 ’τά-ξας
429 3218 634 3292 ἐξεῦρες
665 3218 760 3282 τὶς
789 3219 1080 3292 τιμωρίας.

1983 549 2246 614 apparet,
2281 544 2548 615 pluribus
2595 543 3048 614 explanantibus
3097 547 3396 603 vocabulis
3431 550 3536 620 uti,
3571 553 3638 606 ut

1983 649 2196 689 novam
2229 632 2387 688 illam
2413 637 2784 705 peccatorum
2807 633 3217 690 remissionem
3241 635 3631 694 declaremus.

1983 723 2144 786 Quod
2177 721 2334 776 enim
2368 727 2523 778 recta
2553 723 2830 794 loquendi
2875 725 3024 778 ratio
3055 725 3488 794 impeccantiam
3527 745 3634 784 no-

1985 811 2189 877 minat,
2219 810 2312 866 ille
2345 816 2720 882 peccatorum
2755 812 2978 868 veniam
3015 815 3351 884 perfectam,
3375 824 3428 870 et
3457 817 3636 872 maxi-

1987 917 2079 955 me
2110 904 2318 966 ratam,
2345 900 2759 972 integrumque
2781 901 3034 972 appellat
3061 905 3282 974 peccati
3312 905 3631 961 interitum.

1985 989 2337 1059 Ecquaenam
2367 989 2548 1059 igitur
2579 989 2701 1044 haec
2731 994 3104 1060 peccatorum
3137 993 3426 1060 remissio,
3449 999 3508 1048 et
3538 994 3636 1050 ubi

1997 1079 2166 1146 facta,
2203 1079 2473 1149 undeque
2504 1078 2784 1149 originem
2819 1080 3028 1135 duxit?
3057 1081 3234 1150 Coepit
3267 1082 3502 1153 quidem
3537 1082 3638 1140 illa

1990 1168 2360 1223 manifestare
2393 1185 2474 1235 se,
2509 1168 2614 1235 ait,
2647 1185 2714 1224 ex
2744 1185 2860 1239 quo
2905 1169 3166 1224 Christus
3199 1170 3479 1226 Dominus
3509 1187 3636 1226 car-

1987 1274 2121 1313 nem
2155 1257 2367 1326 induit,
2401 1261 2455 1314 et
2487 1257 2826 1314 arrhabonis
2855 1257 3026 1314 nobis
3057 1259 3182 1315 loco
3215 1260 3406 1318 tradi:
3439 1261 3638 1332 perfe-

1989 1350 2078 1400 cte
2127 1361 2260 1402 vero
2305 1347 2500 1414 datur,
2533 1361 2663 1401 cum
2718 1363 2821 1418 pro
2871 1347 3040 1402 bonis
3091 1348 3388 1419 operibus,
3421 1353 3546 1404 tum
3579 1349 3640 1404 in

1987 1434 2088 1490 illa
2119 1435 2570 1502 instauratione,
2603 1451 2730 1506 quas
2765 1440 2892 1506 post
2920 1436 3114 1492 carnis
3159 1437 3641 1493 resurrectionem

1989 1525 2189 1580 futura
2219 1527 2328 1587 est,
2355 1541 2470 1595 qua
2503 1529 2566 1578 ut
2598 1524 2912 1595 potiemur,
2935 1529 3050 1579 tam
3087 1541 3214 1595 nos,
3237 1541 3414 1596 quam
3441 1541 3646 1583 recens

1991 1617 2114 1672 nati
2173 1616 2426 1670 infantes
2469 1615 2854 1686 baptizamur.
2887 1615 3042 1670 Satis
3091 1617 3324 1688 quidem
3357 1616 3478 1685 illa,
3510 1634 3640 1689 qua

1992 1706 2146 1762 dicta
2177 1707 2317 1760 sunt
2347 1703 2653 1772 hactenus,
2691 1703 2986 1774 praeclara,
3017 1709 3075 1761 et
3105 1721 3228 1774 quae
3261 1709 3486 1762 tantum
3523 1723 3639 1764 non

1918 1831 1964 1894 Β
1995 1797 2222 1850 inhiare
2273 1795 2375 1849 ﬁni
2427 1811 2628 1850 omnes
2668 1796 2938 1865 jubeant.
2989 1795 3090 1852 Die
3139 1812 3273 1867 ergo
3325 1796 3640 1870 deinceps:

1995 1889 2068 1940 Et
2098 1884 2230 1956 quid
2265 1884 2372 1939 hoc
2403 1883 2520 1938 rei:
2553 1899 2722 1940 aures
2753 1884 2909 1940 enim
2959 1884 3064 1940 tibi
3113 1890 3367 1942 arrectas
3419 1887 3646 1958 praebe-

2003 1991 2151 2032 mus.
2175 1977 2479 2040 Quaenam,
2505 1973 2766 2044 inquam,
2791 1973 2913 2028 haec
2945 1978 3035 2028 est
3065 1979 3436 2044 peccatorum
3471 1976 3650 2046 perfe-

1998 2069 2090 2119 cta
2119 2061 2388 2117 remissio
2411 2061 2439 2116 ?
2472 2061 2596 2118 Non
2651 2061 2932 2132 amplius,
2967 2062 3183 2134 inquis,
3219 2067 3347 2134 post
3391 2079 3653 2120 resurre-

1996 2152 2247 2208 ctionem
2293 2150 2691 2222 peccabimus.
2726 2153 2912 2218 Quam
2961 2167 3104 2207 sane
3155 2151 3228 2206 ab
3279 2152 3502 2224 ingenti
3549 2169 3650 2223 spe

2001 2256 2112 2296 nos
2153 2237 2518 2296 deturbastil
2557 2243 2621 2294 ut
2649 2240 2805 2296 enim
2841 2257 2997 2296 nunc
3034 2257 3290 2312 querere
3335 2241 3644 2310 omittam;

1999 2345 2258 2401 quonam
2293 2329 2468 2384 modo
2499 2327 2694 2385 dicere
2721 2327 2912 2398 liceat,
2937 2334 3308 2399 peccatorum
3342 2330 3650 2387 remissio-

2001 2416 2402 2485 ιῖεῐῐιςιῡϐα
2451 2417 2598 2473 illud
2649 2422 2878 2474 tantum
2925 2419 3179 2474 breviter
3217 2419 3646 2490 rogabonuid

2008 2507 2136 2564 ais?
2164 2507 2546 2576 Proptereane
2579 2506 2848 2562 Christus
2890 2507 2995 2562 tibi
3027 2508 3201 2564 homo
3233 2509 3418 2563 factus
3449 2514 3559 2574 est,
3592 2517 3648 2565 et

1999 2596 2158 2653 cruci
2192 2597 2425 2664 afﬁxus,
2451 2612 2522 2652 ne
2551 2601 2612 2650 tu
2645 2597 2726 2650 ibi
2759 2599 2889 2666 post
2921 2596 3402 2653 resurrectionem
3435 2598 3646 2654 iterum

2002 2687 2254 2757 pecces?
2303 2685 2702 2740 Peccabantne
2751 2684 2931 2757 igitur
2977 2684 3116 2752 illic,
3169 2686 3269 2756 qui
3319 2685 3435 2739 vita
3481 2687 3645 2756 prius

2001 2774 2294 2842 abierunt,
2319 2791 2494 2845 quam
2520 2773 2578 2829 in
2601 2775 2885 2830 mundum
2916 2773 3182 2828 Christus
3212 2774 3432 2830 veniret
3452 2775 3480 2828 ‘?
3503 2773 3570 2828 Et
3591 2773 3644 2829 si

2001 2864 2149 2920 forte
2201 2879 2316 2918 non
2367 2863 2742 2935 baptizemur,
2775 2863 3151 2933 peccabimus
3180 2862 3260 2918 ibi
3291 2863 3480 2918 adhuc
3520 2863 3646 2935 [tuo

1996 2954 2246 3026 judicio]
2291 2959 2347 3008 et
2389 2971 2517 3024 nos,
2549 2958 2605 3008 et
2643 2954 2939 3008 infantes?
2967 2951 3163 3017 Quid?
3195 2953 3460 3010 Infideles
3513 2970 3644 3010 om-

1998 3059 2126 3110 nes,
2174 3058 2490 3098 rursumue
2539 3043 2732 3098 futuro
2783 3043 3014 3108 saeculo,
3060 3047 3116 3098 et
3165 3042 3537 3108 furabuntur,
3585 3047 3645 3099 et

2000 3131 2466 3198 fornicabuntur,
2491 3131 2782 3203 impieque
2813 3137 3006 3204 agent,
3029 3147 3094 3187 ac
3118 3131 3641 3200 latrocinabantur,

1915 3203 1956 3272 C
1997 3237 2348 3292 omnemque
2377 3221 2518 3277 adeo
2549 3221 2636 3277 sui
2671 3203 2943 3276 desiderii
2987 3221 3308 3292 nequitiam
3359 3221 3646 3294 adimple-

219 3311 428 3368 bunt?
461 3310 586 3367 Non
617 3311 774 3368 enim
815 3311 1008 3380 justas
1057 3313 1200 3366 satis
1249 3310 1332 3366 vel
1367 3326 1590 3380 eorum,
1623 3328 1745 3381 quae
1807 3311 1898 3367 hic
1957 3313 2395 3380 commiserunt,
2429 3311 2808 3382 quantumvis
2865 3310 3241 3382 gravissimas
3299 3327 3520 3382 poenas,
3555 3329 3646 3368 re-

217 3403 452 3472 per-ias.

297 3486 466 3544 Ἀλλ’
495 3485 546 3559 ἐξ
593 3488 666 3541 ὧν
723 3489 768 3526 1⁸
801 3508 894 3560 μοι
944 3487 1042 3542 οὐκ
1080 3487 1358 3563 ἐγκριτέον
1398 3488 1564 3542 αὐτοῦ
1621 3497 1719 3556 τήν
1779 3493 1887 3543 τῶν

227 3581 528 3652 ἁμαρτιῶν
589 3577 798 3654 ἄφεσιν,
853 3575 1218 3650 ἐνεδειξάμην.
1259 3578 1412 3652 Τάχα
1472 3576 1518 3632 δ’
1569 3576 1686 3632 οὐδ’
1729 3579 1888 3642 αὐτὸς

226 3668 378 3722 ἑκὼν
441 3665 526 3720 ἐπὶ
589 3671 750 3721 τοῦτο
808 3665 996 3736 ἦλθεν,
1029 3666 1156 3722 ἀλλ’
1183 3665 1274 3721 ’ἕνα
1325 3667 1462 3742 λύσῃ
1517 3669 1617 3736 τήν
1659 3668 1886 3742 ἀπορίαν

229 3761 350 3812 τὼν
383 3755 680 3827 λεγόντων,
713 3758 818 3815 Διά
857 3757 908 3809 τί
940 3758 1004 3810 τά
1047 3755 1217 3834 βρέρη
1259 3761 1510 3812 κοινωνεῖ
1551 3761 1656 3810 τῶν
1687 3756 1888 3834 ἀχράν-

217 3868 340 3901 των
394 3845 756 3918 μυστηρίων;
807 3843 896 3899 διά
943 3844 992 3899 τί
1039 3850 1135 3900 τοῦ
1204 3845 1577 3921 βαπτίσματος
1627 3846 1886 3915 ἀξιοῦται,

219 3936 268 3988 εἰ
343 3937 418 4006 μή
469 3936 560 3988 καὶ
629 3933 767 3988 αὐτὰ
823 3935 980 4010 γέμει
1037 3936 1342 4008 ἁμαρτιῶν,
1382 3937 1436 3989 ἒν
1587 3935 1738 4014 φύσει
1789 3941 1891 4003 τῆς

223 4023 508 4098 άμαραίας
567 4027 1062 4096 κατεσπαρμένηςς
1122 4025 1212 4078 καὶ
1291 4025 1393 4101 γὰρ
1455 4025 1528 4086 εἰς
1599 4023 1782 4096 ἄφεσιν
1847 4024 1891 4060 ¹⁹

217 4117 392 4166 ταῦτα
425 4109 640 4166 δίδοται
689 4113 994 4186 ἁμαρτιῶν.
1027 4112 1183 4169 Ἀλλ’
1222 4111 1392 4188 ἐχρῆν
1454 4113 1542 4167 καὶ
1585 4116 1684 4179 τήν
1752 4113 1889 4168 ἀπο-

221 4203 370 4274 ρίαν,
435 4201 656 4263 πολλάς
715 4197 948 4277 ἔχουσαν
1024 4200 1230 4256 λύσεων
1299 4202 1572 4278 ἀφορμὰς,
1632 4201 1887 4277 ἑτέρωθεν

221 4287 734 4358 έπελύσασθαι,καὶ
791 4291 858 4344 τά
908 4291 1146 4363 ἑπόμενα
1200 4295 1268 4364 τῇ
1319 4290 1498 4367 ἀφέσει
1559 4295 1664 4346 τῶν
1719 4293 1890 4366 ἀμαρυ

213 4385 354 4434 τιᾶνδ
403 4379 578 4433 αὑτοῦ
627 4377 800 4434 ἄτοπα
861 4377 1305 4450 ἐπισκοπὴσαντα
1349 4377 1515 4452 μηδὲν
1567 4379 1889 4454 τερατεύσα-

221 4471 350 4523 σθαι
379 4471 660 4524 τοιοῦτον.

293 4657 458 4710 Ἐστι
513 4653 612 4724 μὲν
665 4651 826 4714 οὗτος
887 4653 914 4708 6
963 4650 1242 4728 Θεόδωρος
1275 4653 1302 4708 6
1342 4653 1432 4708 καὶ
1473 4655 1590 4708 κατ’
1623 4651 1896 4726 Εύνομίου

219 4741 278 4796 ἐν
313 4745 360 4796 κ’
393 4743 490 4797 καί
541 4743 592 4812 η’
623 4741 816 4817 λόγοις
861 4741 962 4796 ούκ
989 4741 1224 4817 ἀγεννῶς
1264 4741 1691 4816 ἀγωνισάμενος,
1722 4743 1820 4811 τήν
1850 4741 1898 4776 ²⁰

217 4830 530 4888 Βασιλείου
581 4835 676 4884 τοῦ
723 4830 1027 4896 θεσπεσίου,
1090 4829 1302 4903 μᾶλλον
1351 4829 1406 4885 δὲ
1460 4834 1559 4900 τῆς
1607 4829 1894 4900 ἀληθείας,

897 4941 956 4974 τε
1013 4921 1116 4997 γὰρ
1183 4919 1328 4990 λέξις
1395 4920 1484 4974 καὶ
1541 4924 1650 4974 τῶν
1699 4920 1892 4990 λέξεων

225 5011 254 5076 ᾗ
303 5011 552 5079 συνθήκη
593 5008 680 5062 καὶ
741 5010 770 5063 6
829 5013 954 5072 νοῦς
981 5014 1090 5064 τῶν
1132 5005 1418 5082 δογμάτων
1463 5009 1551 5064 καὶ
1607 5011 1669 5065 τὸ
1720 5007 1892 5064 πολύ·

215 5115 372 5172 χον-ι
421 5105 524 5164 τῆς
574 5095 886 5170 ἀνατροπῆς
917 5097 1006 5152 καὶ
1065 5095 1246 5152 τᾶλλα
1287 5099 1401 5152 κατ’
1444 5095 1595 5152 οὒδὲν
1631 5096 1895 5153 διαλλάσ-

221 5207 330 5240 σει.
395 5187 648 5263 Ἀσαξής
693 5184 750 5242 δέ
816 5184 949 5254 ἐστι,
1009 5185 1190 5240 καίτοι
1260 5185 1400 5257 λέξει
1474 5186 1540 5240 οὐ
1609 5189 1888 5261 ξενιζούσῃ

825 4921 848 4936 η

217 4921 516 4994 κρατύνων
560 4917 716 4989 δόξαν
751 4939 764 4952 ⁶
817 4921 852 4988 ἧ

2072 3491 2156 3546 En
2185 3490 2290 3546 tibi
2322 3507 2390 3547 ex
2417 3491 2630 3561 quibus
2683 3489 2852 3545 istam
2908 3490 3098 3561 ipsius
3149 3493 3514 3562 peccatorum
3547 3507 3643 3546 re-

2000 3581 2340 3637 missionem
2395 3582 2638 3652 probare
2672 3597 2786 3635 non
2821 3581 3060 3650 possim,
3089 3583 3208 3650 jam
3252 3582 3499 3637 ostendi.
3531 3583 3642 3638 Sed

2000 3671 2244 3728 fortasse
2277 3687 2348 3726 ne
2377 3672 2502 3742 ipse
2547 3670 2784 3740 quidem
2818 3669 3014 3725 volens
3059 3669 3173 3724 huc
3218 3671 3498 3724 deductus
3531 3673 3639 3736 est,

1999 3765 2348 3830 tantumque
2374 3765 2440 3814 ut
2461 3757 2670 3813 dubios
2694 3759 2780 3812 sic
2804 3761 3187 3829 querentium
3221 3759 3406 3814 nodos
3435 3758 3640 3813 dissol-

1999 3857 2122 3904 Vat:
2158 3850 2342 3912 Quare
2373 3848 2531 3918 pueri
2563 3849 2948 3904 sanctissimis
2981 3848 3277 3920 mysteriis
3308 3848 3640 3903 communi-

2001 3937 2175 3990 cant?
2203 3935 2320 3989 Cur
2351 3934 2697 4006 baptismate
2745 3935 2906 4008 (ligni
2947 3937 3336 4004 judicantur?
3367 3934 3477 3990 nisi
3511 3935 3642 4005 quia

1999 4032 2052 4080 et
2083 4023 2192 4094 ipsi
2225 4025 2474 4094 peccatis
2520 4025 2843 4090 abundant,
2877 4025 3052 4080 insito
3085 4025 3208 4094 jam
3259 4025 3316 4079 in
3369 4028 3640 4078 naturam

2000 4117 2185 4186 ipsam
2221 4121 2452 4186 peccato
2470 4115 2498 4169 ?
2521 4116 2580 4169 ln
2603 4123 2970 4185 peccatorum
3003 4115 3160 4170 enim
3194 4114 3314 4170 haec
3345 4113 3644 4169 remissio-

2000 4220 2132 4262 nem
2163 4205 2556 4260 conferuntur.
2591 4206 2804 4260 Verum
2851 4204 3152 4276 oportebat
3179 4209 3237 4260 et
3275 4203 3433 4258 illam
3480 4201 3644 4258 dubi-

1997 4295 2302 4358 tationem,
2317 4293 2535 4350 multas
2557 4293 2774 4364 alioqui
2797 4293 3105 4350 habentem
3123 4291 3476 4349 dissolvendi
3496 4291 3643 4358 vias,

1999 4381 2112 4438 alio
2161 4383 2333 4440 modo
2382 4382 2718 4452 dissolvere,
2767 4383 3156 4454 absurdisque
3205 4381 3348 4450 illis,
3395 4398 3522 4453 qua:
3568 4381 3640 4437 ad

1925 4448 1966 4512 Ῑ)
2001 4472 2188 4544 ipsius
2207 4480 2576 4544 peccatorum
2601 4471 3003 4529 remissionem
3027 4477 3487 4544 consequuntur,
3507 4487 3645 4527 con-

1992 4561 2290 4628 sideratis,
2318 4561 2464 4617 nihil
2499 4563 2792 4632 ejusmodi
2829 4561 3158 4634 prodigiose
3189 4561 3536 4631 confingere.

2079 4651 2240 4708 Idem
2271 4650 2365 4707 hic
2395 4651 2734 4706 Theodorus
2765 4650 2862 4708 ille
2883 4656 2990 4716 est,
3015 4650 3116 4722 qui
3148 4651 3424 4706 adversus
3453 4651 3646 4705 Euno-

2009 4740 2194 4796 mium
2223 4740 2390 4796 libris
2427 4745 2554 4796 octo
2585 4746 2642 4796 et
2671 4740 2878 4811 viginti
2900 4741 3010 4811 (16)
3043 4757 3155 4796 non
3189 4739 3448 4812 segniter
3477 4739 3650 4807 depu-

2006 4831 2224 4902 gnavit,
2257 4835 2314 4887 et
2342 4830 2528 4886 sancti
2559 4829 2778 4900 Basilii,
2809 4830 2894 4886 vel
2939 4829 3248 4901 ipsiusmet
3279 4827 3469 4900 potius
3497 4827 3648 4882 veri—

2007 4919 2166 4986 tatis,
2189 4917 2541 4974 sententiam
2576 4917 2952 4974 confirmavit.
2979 4917 3202 4974 Etenim
3237 4931 3425 4989 neque
3455 4930 3649 4983 voces,

2007 5023 2196 5078 neque
2227 5023 2434 5064 vocum
2467 5007 2835 5080 compositio,
2869 5023 3058 5080 neque
3087 5008 3428 5078 dogmatum
3459 5019 3646 5069 mens,

2005 5114 2188 5168 neque
2218 5099 2374 5154 varia
2408 5097 2507 5153 illa
2537 5103 2596 5153 et
2627 5098 2756 5152 fusa
2799 5096 3088 5152 refutandi
3137 5095 3307 5162 ratio,
3335 5109 3441 5150 nec
3469 5093 3528 5148 id
3554 5108 3650 5164 ge-

2005 5203 2114 5242 nus
2145 5185 2258 5242 alia
2281 5187 2582 5258 quidpiam
2613 5185 2910 5242 differunt.
2938 5185 3052 5239 Etsi
3075 5187 3266 5239 autem
3296 5179 3648 5238 dictionibus

1613 5313 1708 5368 VA
1719 5317 1758 5368 Β
1769 5313 1857 5369 12E
1899 5311 2186 5368 LECTION
2197 5311 2271 5367 ES

307 5435 358 5470 “
389 5433 552 5506 ιςμησίν
589 5433 722 5490 add.
759 5437 824 5489 A.
903 5431 948 5467 ιτ
977 5427 1160 5506 ἔργοις
1201 5428 1291 5486 καὶ
1321 5427 1373 5485 ἐν
1403 5449 1447 5492 ς.
1527 5429 1574 5466 ιδ
1602 5427 1654 5502 ἐξ
1687 5429 1760 5485 ὧν
1787 5434 1834 5488 Α
1869 5447 1882 5488 :
1923 5429 2046 5500 ἑξῆς
2076 5449 2124 5490 ς.
2200 5427 2358 5483 “mi
2397 5427 2501 5504 γὰρ
2531 5425 2624 5482 καὶ
2653 5426 2728 5487 εἷς
2760 5446 2806 5488 ς.
2883 5428 2928 5464 ²⁰
2957 5427 3080 5502 τὴν]
3111 5425 3202 5480 καὶ
3229 5423 3326 5494 τὴν
3361 5443 3407 5490 ς.

1837 5557 2046 5614 NOT/E

309 5677 430 5746 (16)
451 5680 596 5748 ευρ.
625 5674 750 5731 cod.
783 5691 889 5730 xxv
919 5673 1202 5731 duntaxat
1231 5671 1576 5730 referuntur.
