4136 6216
233 313 342 374 521

1077 307 1625 370 BIBLlOTHECA.
1686 339 1742 351 -
1793 305 2018 367 CODD.
2065 309 2433 374 CLXXVIII.
2481 315 2798 376 CLXXIX.

3524 323 3647 382 522

232 440 628 518 Διορκουρίδης
684 440 798 496 εἶπε
853 445 954 509 τῆς
1011 437 1202 514 χρείας
1258 443 1534 515 παρεῖται,
1590 437 1739 493 ἀλλὰ
1793 437 1884 491 καὶ

2007 441 2122 512 pita
2153 441 2426 510 libantes,
2474 447 2599 502 suis
2637 461 2705 502 ea
2755 447 2991 520 scriptis
3027 451 3424 508 inseruerunt.
3459 455 3648 519 Quan-

227 536 300 589 ὧν
348 532 556 593 ἐκεῖνος
600 530 701 586 οὐκ
746 529 1015 604 ἕμνήσθη,
1061 527 1159 583 οὐκ
1197 528 1404 602 ὀλίγων
1437 530 1483 565 ³⁸
1511 531 1546 597 ἡ
1589 528 1750 604 χρεία
1797 527 1887 582 καὶ

224 626 284 680 τὸ
314 621 604 699 ὠφέλιμον
639 621 1022 694 συνηθροῖσθαι
1053 620 1143 676 π’.
1167 617 1375 678 Ἀἑτιος
1409 615 1465 672 δὲ
1499 617 1631 690 μετὰ
1658 621 1754 671 τοῦ
1790 638 1891 689 μη-

229 711 269 730 λὶ
560 715 583 725 α
803 709 816 726 ‘
1025 708 1037 724 \
1105 708 1129 727 γ
1491 704 1534 726 ,δ
1658 700 1681 724 ,θ

227 727 311 768 δεν
350 713 696 785 προσθειναι,
729 730 818 763 και
861 705 1050 764 πολλα
1090 728 1164 761 ων
1214 716 1606 781 Διοσκουριοης
1657 709 1885 780 εγραψεν

223 801 322 857 ούκ
370 797 502 854 οῖδα
558 799 668 854 ἀνθ’
711 799 840 852 ὅτου
897 794 1200 870 παρῆλθεν.
1233 795 1395 852 Ἀλλ’
1427 793 1562 850 οὐδ’·
1602 796 1630 850 ὁ
1677 795 1884 849 τούτων

224 889 399 946 δοκῶν
449 890 586 944 εἶναι
646 887 1153 960 πλατυντικώτερος
1203 888 1246 922 ²⁷
1293 881 1603 959 Ὀριὸάσιος
1654 886 1883 950 ἅπαντα,

226 982 366 1035 ὅσων
411 980 638 1052 μνήμην
685 975 816 1055 ἔσχε
863 973 1281 1050 Διοσκουρίδης,
1314 974 1364 1028 ἐν
1394 980 1512 1036 ταῖς
1546 973 1707 1034 ἰδίαις
1756 994 1888 1026 συν-

225 1077 462 1148 αγωγαῖς
514 1065 1054 1144 ἀνεγράψατο,ἀλλᾶ
1109 1068 1202 1122 καὶ
1257 1067 1357 1134 τήν
1416 1066 1608 1141 χρείαν
1656 1069 1755 1119 τοῦ
1811 1061 1884 1118 ἐί-

222 1159 350 1221 δους
383 1159 473 1214 καὶ
522 1166 621 1228 τῆς
654 1158 864 1235 φύσεως
894 1153 1105 1229 ἔτεμεν.
1142 1155 1246 1212 Καὶ
1289 1154 1538 1225 Γαληνὸς
1597 1155 1731 1227 μετὰ
1788 1156 1884 1208 τοῦ

220 1249 459 1305 πλεῖστα
484 1253 594 1303 τῶν
633 1248 880 1321 βοτανῶν
932 1245 1288 1320 παραλιπεῖν,
1324 1245 1492 1317 μόνην
1519 1244 1618 1311 τήν
1659 1240 1885 1315 δύναμιν

221 1340 347 1408 ἤτοι
406 1339 510 1406 τήν
571 1343 773 1410 χρῆσιν
811 1335 901 1389 καὶ
959 1335 1033 1388 ὧν
1089 1328 1489 1407 ἐμνημόνευσεν
1536 1330 1755 1409 ἔγραφε,
1788 1335 1885 1405 ψυ-

221 1429 366 1502 χρὰν
398 1425 576 1480 αἶτίαν
608 1429 706 1480 τοῦ
745 1423 1100 1498 παραλιπεῖν,
1132 1421 1274 1484 εἶδός
1306 1444 1364 1478 τε
1393 1421 1482 1476 καὶ
1516 1420 1672 1497 φύσιν
1710 1420 1884 1474 αὐτῶν

219 1513 594 1577 ἀποδεδωκώς
627 1533 639 1545 ·
690 1513 869 1568 καίτοι
935 1513 1059 1587 περὶ
1103 1516 1212 1567 τῶν
1257 1509 1604 1584 μεταλλικῶν
1654 1507 1885 1582 διαλαμ·

217 1601 420 1672 ϐανων,
453 1605 545 1658 καὶ
592 1603 1006 1678 περιεργότερον
1055 1603 1088 1671 ἢ
1148 1601 1285 1655 κατὰ
1352 1595 1744 1669 Διοσκουρίδην
1801 1594 1885 1651 δι-

217 1689 445 1765 ὶλαεεν,
477 1693 579 1748 οὐκ
626 1691 907 1770 ἐλαχίστῳ
963 1692 1113 1766 μὲρει
1164 1687 1293 1745 οὐδὲ
1334 1694 1433 1744 τοῦ
1489 1687 1772 1764 χρησίμου
1827 1685 1880 1740 ιν

1999 547 2174 601 quam
2217 533 2428 588 Paulus
2471 551 2586 590 non
2627 536 2817 591 solum
2859 554 3083 606 eorum,
3119 557 3246 611 quae
3288 542 3650 600 Dioscorides

1997 621 2259 688 tradidit,
2311 640 2483 678 usum
2526 625 2768 682 minime
2818 629 3040 697 omisit,
3083 631 3178 684 sed
3221 636 3277 685 et
3304 631 3650 700 multorum,

1996 727 2245 781 quorum
2277 712 2373 768 ille
2417 731 2529 768 non
2574 716 2863 782 meminit,
2895 734 3063 772 usum
3099 718 3530 790 utilitatemque
3562 738 3650 776 ac-

1995 801 2273 856 cumulat.
2320 802 2518 858 Aetius
2560 821 2693 860 vero
2735 811 3120 878 praeterquam
3152 809 3307 878 quod
3343 808 3489 863 nihil
3522 811 3649 881 ipse

1995 890 2193 959 addat,
2229 891 2414 947 multa
2446 894 2702 965 insuper,
2746 912 2872 965 qum
2917 897 3280 953 Dioscorides
3312 899 3650 970 scripserat,

1995 980 2187 1035 nescio
2237 995 2348 1050 quo
2408 983 2651 1037 consilio
2711 986 3101 1055 pratermisit.
3154 992 3226 1041 At
3285 1004 3473 1059 neque
3526 989 3652 1044 Ori-

1993 1067 2212 1134 basius,
2237 1069 2336 1138 qui
2369 1069 2461 1124 his
2492 1071 2766 1126 omnibus
2797 1073 3030 1128 uberior
3064 1090 3192 1130 esse
3223 1075 3503 1146 videatur,
3525 1094 3652 1133 orn-

1995 1155 2092 1210 nia
2135 1171 2382 1227 quorum
2436 1157 2799 1217 Dioscorides
2851 1162 3137 1229 meminit,
3190 1163 3247 1217 in
3300 1181 3408 1220 sua
3455 1166 3652 1221 retulit

1992 1243 2380 1313 collectanea;
2404 1251 2502 1303 sed
2526 1265 2700 1304 usum
2724 1267 2756 1305 a
2781 1250 2962 1306 forma
2988 1255 3316 1324 naturaque
3347 1254 3648 1324 diajuuxit.

1995 1333 2254 1390 Gatenus
2301 1333 2511 1392 Ιὲίια
2559 1338 2696 1392 item
2731 1355 2863 1394 cum
2896 1339 3203 1396 herbarum
3241 1343 3426 1397 multa
3476 1359 3649 1413 gene-

1993 1441 2058 1479 ra
2073 1427 2358 1494 omiserit,
2384 1427 2716 1483 facultatem
2751 1429 3058 1499 duntaxat,
3087 1435 3189 1485 aut
3227 1448 3401 1487 usum
3425 1448 3648 1502 earum,

1995 1529 2246 1584 quarum
2280 1515 2514 1586 quidem
2565 1518 2852 1588 meminit,
2897 1519 3230 1590 descripsit,
3267 1521 3477 1592 frigida
3507 1539 3650 1578 sane

1993 1618 2193 1668 causa,
2232 1620 2337 1659 cur
2371 1604 2578 1660 harum
2616 1610 2672 1660 et
2699 1606 2961 1676 ﬁguram,
3009 1618 3063 1662 et
3104 1614 3372 1664 naturam
3405 1617 3649 1680 practer-

1994 1691 2243 1757 miserit,
2295 1693 2486 1749 allata.
2539 1695 2658 1749 Etsi
2709 1695 2779 1750 de
2831 1696 3140 1752 metallicis
3189 1699 3478 1755 curiosius
3507 1717 3650 1756 sane

217 1785 442 1844 τούτοις
490 1783 584 1837 τὸν
632 1778 798 1854 ἄνδρα
844 1778 1447 1854 παρευδοκιμούμενος,
1481 1779 1584 1833 οὐκ
1622 1777 1710 1832 ἐπὶ
1765 1797 1886 1844 τοσ-

2007 1797 2168 1851 ;uam
2220 1781 2586 1839 Dioscorides
2629 1784 2766 1855 egit,
2811 1802 2925 1840 non
2971 1787 3214 1843 minima
3253 1805 3320 1842 ex
3361 1797 3542 1860 parte,
3597 1793 3654 1844 et

221 1879 378 1929 οὖτον
423 1870 481 1927 δὲ
539 1870 620 1950 ἐφ’
653 1869 779 1925 ὅσον
835 1871 960 1944 περὶ
1023 1874 1131 1924 τῶν
1195 1869 1433 1944 βοτανῶν
1494 1866 1647 1942 λόγῳ
1697 1867 1885 1936 ὁρᾶται

225 1959 426 2016 τούτου
485 1956 956 2028 ἀπολειπόμενος.
995 1957 1179 2022 Ὥστε,
1241 1953 1338 2008 ὅσα
1395 1974 1457 2030 γε
1519 1952 1616 2026 ἐμὲ
1672 1949 1888 2020 εἰδέναι,

227 2050 303 2112 εἷς
364 2047 666 2122 ἐπίγνωσιν
722 2043 898 2109 εἴδους
951 2066 1010 2100 τε
1065 2045 1157 2100 καὶ
1215 2044 1427 2121 φύσεως
1491 2043 1578 2097 καὶ
1637 2039 1889 2115 γενέσεως

232 2139 332 2193 οὐκ
358 2137 410 2174 ³⁸
440 2136 502 2191 ἄν
534 2157 617 2198 τις
659 2131 1090 2211 χρειωδεστὲρου
1123 2133 1159 2202 ἢ
1196 2129 1591 2207 Διοσκουρίδου
1627 2132 1818 2204 τύχοι.

289 2324 453 2378 Ἔστι
515 2317 572 2373 δὲ
605 2319 632 2373 ὁ
671 2317 828 2391 ἀνὴρ,
863 2316 937 2377 ὡς
991 2313 1082 2370 καὶ
1139 2311 1386 2385 Γαληνὸς
1439 2313 1890 2388 ἐπιμαρτύρεται,

226 2404 596 2484 Ἀναζαρϐεύς
646 2429 660 2441 ⁸
731 2404 836 2482 ἐγὼ
894 2403 951 2459 δὲ
1016 2404 1270 2480 ἐνέτυχόν
1327 2424 1466 2457 τισιν
1528 2404 1580 2457 οἳ
1635 2400 1892 2458 Πεδάνιον

224 2502 341 2573 ἅμα
381 2497 473 2553 καὶ
525 2491 862 2571 ’Δναζαρὸέα
907 2496 953 2532 ²⁹
1006 2499 1126 2556 ταῖς
1184 2491 1510 2570 ἐπιγραφαῖς
1567 2490 1887 2548 ἐπεκάλουν.

224 2588 470 2650 Πολλῶν
526 2585 585 2642 δὲ
648 2587 738 2641 καὶ
785 2586 891 2658 πρὸ
943 2581 1106 2638 αἱ)τοῦ
1139 2584 1238 2650 τήν
1271 2581 1440 2652 αὐτὴν
1473 2583 1726 2638 ὑπόθεσιν
1759 2603 1893 2656 συγ-

225 2680 616 2757 γεγραφότων,
683 2671 1063 2751 ἂκριὸέστερος
1130 2672 1382 2728 ἁπάντων
1433 2673 1478 2709 ⁰⁰
1533 2673 1622 2727 καὶ
1688 2691 1890 2746 χρειω-

230 2767 488 2842 δὲστερος
526 2765 690 2839 πείρᾳ
725 2761 1068 2840 γινώσκεται,

975 2855 1139 2908 ΡΟΘ’.

663 2942 929 3017 Ἀγαπίου
962 2939 1122 3014 λόγοι
1161 2939 1206 3015 γ’
1245 2939 1333 2992 καὶ
1375 2938 1442 2994 κ’.

297 3037 428 3111 [209
467 3030 946 3107 Η.]’Δνεγνώσθη
1002 3032 1099 3083 τοῦ
1161 3030 1395 3100 μισητοῦ
1451 3025 1540 3080 καὶ
1600 3019 1891 3084 δυσσεϐοῦς

225 3124 499 3201 Ἀγαπίου
561 3116 811 3196 βιϐλίον,
859 3114 1088 3195 λογίδια
1126 3118 1384 3191 περιέχον
1441 3117 1490 3189 γ’
1538 3114 1628 3170 καὶ
1697 3115 1763 3201 κί,
1803 3113 1891 3167 καὶ

1995 1869 2227 1940 quidem
2267 1871 2414 1937 utili,
2449 1872 2629 1927 virum
2671 1874 2838 1929 illum
2883 1892 3194 1946 superans,
3243 1894 3358 1932 non
3390 1878 3530 1933 adeo
3563 1882 3648 1934 ta-

1993 1975 2140 2026 men,
2175 1970 2456 2032 quantum
2493 1961 2803 2018 herbarum
2838 1965 2910 2018 ab
2951 1965 3050 2020 illo
3083 1983 3260 2021 causa
3289 1967 3437 2023 vinci
3471 1967 3650 2022 vicis-

1996 2048 2109 2104 sim
2135 2050 2378 2104 videtur.
2403 2051 2788 2114 Quamobrem
2824 2070 2955 2109 mea
2985 2054 3220 2126 quidem
3247 2056 3553 2122 sententia,
3579 2057 3649 2110 ad

1997 2137 2217 2210 ﬁgure,
2243 2144 2484 2207 naturas,
2518 2146 2694 2213 atque
2723 2147 2891 2198 ortus
2919 2143 3396 2216 intelligentiam,
3421 2145 3654 2201 Diosco-

1997 2229 2118 2284 ride
2151 2244 2321 2284 nemo
2354 2229 2519 2285 facile
2551 2230 2756 2286 utilior
2785 2231 3137 2288 inveniatur.

2069 2317 2326 2386 Scriptor
2382 2318 2498 2388 hic,
2557 2324 2620 2375 ut
2677 2325 2735 2376 et
2792 2321 3050 2378 Galenus
3108 2321 3224 2394 (19)
3275 2322 3648 2392 testificatur,

1995 2407 2420 2464 Anazarbensis
2468 2414 2576 2463 est.
2631 2410 2813 2466 Incidi
2873 2416 3067 2466 tamen
3112 2411 3432 2482 aliquando
3466 2412 3522 2466 in
3556 2429 3655 2467 eos

1995 2494 2196 2564 libros,
2229 2496 2329 2568 qui
2361 2497 2590 2552 Pedacii
2631 2498 2749 2569 (20)
2795 2499 2970 2554 simul
3002 2506 3059 2556 et
3088 2501 3405 2556 Anazarbei
3441 2517 3654 2555 nomen

1997 2585 2056 2640 in
2089 2584 2253 2640 titulo
2285 2587 2639 2656 preferrent.
2693 2588 2982 2644 Omnibus
3027 2595 3246 2652 autem,
3290 2590 3390 2660 qui
3424 2599 3554 2644 ante
3585 2589 3657 2643 il-

1996 2670 2120 2725 lum
2156 2670 2320 2726 multi
2353 2686 2418 2726 ea
2443 2670 2515 2726 de
2553 2688 2616 2727 re
2657 2673 3042 2742 scripserunt,
3073 2675 3451 2730 accuratione
3481 2680 3656 2746 atque

1996 2759 2247 2816 utilitate
2277 2759 2620 2817 antecellere
2648 2760 2830 2817 videri
2862 2761 2975 2835 (21)
3007 2763 3217 2818 studet.

2680 2849 2971 2907 CLXXIX.

2541 2939 2743 3009 Agapii
2772 2939 2908 2994 libri
2934 2955 3092 2996 xxnt.

2068 3027 2200 3096 Legi
2261 3026 2491 3098 Agapii,
2544 3028 2678 3084 odio
2725 3028 2886 3102 digni
2935 3034 3104 3100 atque
3151 3029 3316 3100 impii
3374 3029 3654 3097 hominis,

2003 3131 2149 3188 opus
2181 3115 2356 3170 trium
2408 3121 2466 3171 et
2511 3117 2717 3188 viginti
2762 3117 3110 3186 libellorum,
3145 3125 3201 3174 et
3230 3118 3345 3174 alia
3382 3125 3658 3191 praeterea

242 3175 289 3183 --
562 3175 590 3196 Γ
799 3175 811 3188 ,
948 3175 958 3195 ,
1199 3175 1207 3190 ,
1288 3175 1325 3191 η
1455 3175 1465 3189 ,
1751 3175 1760 3183 ,

222 3175 386 3288 ’ἑτέρά
426 3232 552 3268 τινα
598 3211 646 3246 ²¹
680 3206 954 3289 κεφάλαια
998 3204 1158 3276 δῆθεν
1282 3205 1371 3260 καὶ
1420 3207 1484 3278 ρ’,
1516 3203 1567 3258 ἐν
1601 3205 1687 3266 οἷς
1729 3199 1892 3256 ἅπασι

2009 3175 2204 3276 capita
2235 3206 2351 3259 duo
2403 3175 2605 3276 supra”
2625 3215 2882 3262 centum.
2931 3175 3154 3272 Quibus
3209 3175 3490 3264 omnibus
3521 3209 3657 3264 satis

225 3302 470 3358 δείκνυσι
524 3300 619 3372 μὲν
671 3299 859 3353 ἑαυτὸν
922 3296 1353 3369 ὑποκρινόμενον
1415 3291 1591 3366 ὄνομα
1639 3292 1702 3347 τὸ
1755 3292 1896 3358 Χρι-

225 3396 486 3460 στιανῶν,
521 3385 702 3448 οὒδεὶς
749 3385 796 3441 δ’
827 3385 975 3441 οὕτω
1024 3382 1072 3439 δ’
1113 3384 1292 3438 αὐτῶν
1351 3382 1566 3437 ἐκείνων
1616 3380 1897 3458 ἐλέγχεται

231 3477 603 3556 μισόχριστος
661 3471 754 3531 ὥν.
790 3478 1109 3550 Προσφωνεῖ
1167 3469 1224 3526 δὲ
1279 3474 1447 3524 ταῦτα
1504 3469 1742 3544 Οὐρανία
1795 3471 1898 3526 τινὶ

226 3567 482 3640 τοῦνομα
539 3563 775 3643 γυναικὶ,
833 3561 1245 3640 συμφιλόσοφον
1288 3557 1669 3631 ἀποσεμνύνων
1710 3557 1897 3630 αὐτήν.

231 3662 420 3716 Πάντα
492 3660 622 3731 γοῦν
707 3651 958 3708 τάναντία
1045 3648 1388 3725 δογματίζων
1457 3648 1545 3703 καὶ
1622 3649 1898 3722 κρατύνων

233 3752 612 3827 Χριστιανοῖς,
651 3746 778 3820 [404
829 3743 922 3815 3.]
971 3742 1152 3820 ἀρχὴν
1202 3741 1439 3815 πονηρὰν
1500 3738 1901 3794 αύθυπόστατον

236 3839 627 3907 ἆντανίστησιν
665 3834 716 3905 ἐξ
764 3830 947 3887 ἀϊδίου
985 3835 1064 3903 τῷ
1113 3835 1249 3902 Θεῷ,
1281 3831 1342 3898 ἣν
1376 3829 1505 3883 ποτὲ
1566 3829 1660 3901 μὲν
1721 3829 1900 3904 φύσιν,

241 3930 450 3984 ἄλλοτε
482 3924 528 3981 δ’
559 3924 720 3995 ὕλην,
749 3922 838 3977 καὶ
871 3919 1076 3976 ἄλλοτε
1126 3917 1183 3974 δὲ
1233 3923 1469 3973 Σατανᾶν
1504 3918 1592 3972 καὶ
1643 3915 1900 3971 διάϐολον

239 4018 336 4072 καὶ
380 4017 622 4092 ἄρχοντα
660 4017 757 4068 τοῦ
800 4013 1014 4083 κόσμου
1054 4009 1143 4063 καὶ
1194 4009 1310 4063 θεὸν
1351 4011 1446 4061 τοῦ
1478 4007 1674 4068 αἰῶνος
1705 4006 1902 4060 τούτου

235 4107 332 4160 καὶ
397 4105 618 4178 μυρίοις
677 4102 724 4138 ⁸²
780 4099 980 4159 ἄλλοις
1046 4094 1332 4151 ἀποκαλεῖ.
1395 4093 1626 4170 Ἀνᾶγκῃ
1691 4115 1749 4149 τε
1813 4094 1901 4149 καὶ

235 4194 471 4255 ἄκοντας
526 4190 655 4252 τοὺς
704 4189 1026 4264 ἀνθρώπους
1079 4185 1283 4239 πταίειν
1323 4181 1664 4251 διατείνεται,
1695 4183 1782 4236 καὶ
1840 4182 1903 4237 τὸ

234 4289 401 4355 σῶμα
429 4288 530 4349 τῆς
564 4277 783 4356 φαύλης
813 4276 1009 4351 μοίρας
1041 4275 1194 4341 εἶναι,
1224 4280 1327 4343 τῆς
1359 4273 1503 4334 θείας
1546 4269 1602 4326 δὲ
1647 4273 1748 4339 τήν
1799 4275 1905 4345 ψυ-

229 4374 372 4446 χὴν,
403 4370 498 4424 καὶ
549 4367 851 4439 ὁμοούσιον
905 4368 1022 4442 (φεῦ
1063 4369 1165 4432 τῆς
1216 4362 1404 4435 μανίας
1430 4363 1470 4433 l)
1499 4365 1576 4432 τῷ
1626 4364 1760 4432 Θεῷ.
1795 4361 1905 4428 Τὴν

228 4459 291 4516 εὶ
323 4458 570 4515 παλαιὰν
607 4456 826 4530 Γραφὴν
848 4451 1131 4526 κωμῳδεῖ,
1166 4450 1403 4509 Μωυσέα
1432 4450 1481 4485 ³³
1509 4471 1566 4504 τε
1597 4448 1782 4515 αὐτὸν,
1814 4449 1902 4504 καὶ

2011 3293 2286 3362 ostendit,
2321 3295 2468 3350 falso
2497 3311 2630 3350 eum
2666 3296 2780 3352 sibi
2809 3296 3124 3352 Christiani
3158 3315 3370 3353 nomen
3405 3299 3657 3354 vindica-

2010 3401 2090 3452 re,
2114 3402 2248 3440 cum
2281 3390 2478 3440 tantus
2513 3403 2684 3441 nemo
2707 3387 2972 3441 omnium
3005 3388 3217 3442 Christi
3247 3405 3381 3444 osor
3410 3395 3661 3459 quantus

2011 3473 2266 3542 Agapius
2295 3472 2386 3527 vel
2427 3489 2496 3528 ex
2543 3473 2630 3527 bis
2677 3473 2826 3546 ipsis
2865 3473 3100 3540 libellis,
3142 3475 3658 3545 deprehendatur:

2011 3578 2160 3632 quos
2199 3560 2424 3617 Uraniae
2464 3562 2696 3616 cuidam
2746 3562 2977 3619 femina:
3015 3569 3183 3619 secta
3215 3581 3334 3618 suae
3367 3565 3662 3636 studiique

2011 3651 2204 3719 sociae,
2257 3651 2341 3706 uti
2387 3652 2592 3722 jactat,
2653 3652 2940 3707 inscribit.
2993 3652 3136 3707 Cum
3195 3653 3375 3723 igitur
3432 3653 3660 3707 nullum

2012 3742 2226 3811 dogma
2256 3739 2588 3794 introducat
2618 3745 2791 3812 atque
2823 3741 3149 3808 confirmet,
3173 3742 3323 3810 quod
3358 3758 3470 3796 non
3495 3741 3660 3795 Chri-

2012 3829 2217 3885 stianae
2264 3829 2538 3884 doctrina;
2580 3830 2933 3896 adversetur,
2970 3831 3317 3901 principium
3367 3831 3657 3900 quoddam

2014 3918 2230 3972 malum
2266 3933 2366 3988 per
2395 3933 2453 3971 se
2485 3917 2832 3981 subsistens,
2857 3920 2928 3972 ab
2951 3923 3162 3973 esterno
3195 3935 3319 3973 esse
3340 3919 3453 3974 Deo
3476 3935 3662 3988 oppo-

2013 4007 2192 4063 situm
2251 4006 2392 4072 vult,
2453 4009 2606 4078 quod
2658 4008 2950 4062 interdum
3026 4015 3312 4074 naturam,
3369 4009 3663 4062 materiam

2014 4112 2462 4167 nonnunquam,
2541 4094 2684 4149 alias
2759 4097 2932 4150 etiam
3005 4097 3292 4162 Satanam,
3362 4095 3663 4160 diabolum,

2013 4184 2213 4239 mundi
2284 4184 2614 4255 principem,
2688 4185 2883 4240 εωσυιί
2958 4186 3124 4252 hujus
3180 4184 3359 4249 deum,
3414 4185 3662 4254 aliisque

2013 4273 2301 4330 sexcentis
2327 4271 2582 4343 appellat
2617 4274 2970 4329 nominibus.
3000 4273 3200 4328 Tradit
3229 4273 3446 4341 adhaac,
3471 4289 3670 4328 neces-

2017 4365 2171 4419 sario
2222 4368 2400 4433 atque
2449 4361 2660 4421 invitos
2719 4378 2954 4434 peccare
3007 4361 3410 4418 homineszet
3460 4379 3673 4433 corpus

2018 4451 2324 4508 deterioris
2345 4467 2476 4506 esse
2506 4452 2716 4523 partis,
2742 4450 2949 4505 divina:
2980 4467 3114 4506 vero
3144 4468 3295 4506 auras
3329 4450 3671 4524 particulam

224 4551 387 4619 τοὺς,
420 4548 737 4623 προφήτας,
778 4544 867 4598 καὶ
918 4541 983 4611 δὴ
1040 4543 1130 4597 καὶ
1173 4541 1265 4596 τὸν
1319 4537 1638 4615 πρόδρομον
1681 4541 1709 4594 ὁ
1750 4560 1892 4614 τρισ-

2019 4558 2150 4597 esse
2178 4541 2459 4607 animam,
2485 4546 2661 4610 atque
2690 4539 2746 4612 (ο
2778 4541 3071 4612 ingentem
3105 4541 3422 4595 amentiam
3452 4537 3488 4602 ll
3521 4541 3677 4610 ejus-

225 4639 433 4699 ἁθλιος
471 4633 777 4710 δυσφημῶν
815 4651 827 4664 ⁶
863 4631 1085 4687 ἀνάπτει
1114 4643 1173 4685 τε
1220 4628 1446 4692 τούτους
1477 4629 1567 4683 καὶ
1618 4629 1792 4683 πάντα
1841 4628 1906 4682 τὰ

225 4729 286 4784 ἓν
462 4722 673 4794 παλαιᾷ
705 4721 1009 4797 λελεγμένα
1061 4740 1118 4774 τε
1171 4719 1261 4774 καὶ
1301 4717 1651 4792 πεπραγμένα
1682 4716 1748 4790 (ὦ
1803 4724 1906 4786 τῆς

225 4818 542 4885 ἀθεότητος
563 4814 598 4885 !)
626 4815 696 4886 τῇ
751 4810 961 4886 χείρονι
1008 4809 1098 4863 καὶ
1148 4807 1490 4882 ἀντικειμένῃ
1540 4812 1618 4878 τῷ
1664 4810 1780 4878 Θεῷ
1813 4807 1908 4880 ἀρ-

225 4910 344 4986 χῇ.
387 4903 495 4959 Καί
528 4903 593 4957 τὸ
647 4899 702 4956 ὲν
761 4897 1075 4971 παραδείσῳ
1116 4897 1280 4976 ιρυτὸν
1338 4897 1428 4951 τὸν
1483 4896 1717 4968 Χριστὸν
1775 4895 1910 4950 εἶναι

222 4984 628 5072 τερατολογεῖ,
677 4992 738 5045 ’ὸν
798 4989 887 5044 καὶ
947 4987 1162 5064 χείλεσι
1210 4988 1304 5060 μὲν
1378 4990 1542 5058 τιμᾷν
1619 4984 1910 5061 ὁμολογεῖ,

221 5083 428 5160 ἔργοις
472 5078 531 5136 δὲ
587 5078 677 5134 καὶ
749 5075 931 5148 δόξαις
988 5073 1103 5131 οὐδ’
1159 5072 1278 5130 ἔστι
1330 5073 1520 5150 λόγοις
1569 5081 1909 5149 παραστῆσαι

2018 4632 2148 4686 dem
2181 4646 2314 4685 cum
2360 4634 2473 4684 Deo
2530 4633 2771 4684 naturae.
2822 4627 3004 4684 Vetus
3051 4631 3180 4684 dein
3234 4629 3676 4684 Testamentum

2019 4719 2244 4786 irridet,
2277 4735 2343 4774 ac
2375 4717 2611 4790 Moysen
2658 4717 2853 4788 ipsum
2903 4733 3034 4772 cum
3083 4717 3417 4789 prophetis;
3452 4717 3590 4786 quin
3625 4722 3681 4771 et

2019 4810 2254 4864 Domini
2305 4821 2729 4878 praeursorem
2781 4805 3145 4862 miserrimus
3191 4805 3288 4861 ille
3328 4807 3676 4860 subsannat.

2024 4894 2138 4950 Hos
2159 4897 2352 4948 autem
2381 4893 2564 4966 ipsos,
2597 4897 2654 4948 et
2681 4891 2906 4948 Veteris
2940 4891 3298 4948 Testamenti
3329 4891 3482 4946 dicta
3507 4893 3686 4945 t‘acta-

2022 5000 2140 5057 que
2171 4983 2369 5039 omnia
2412 4981 2469 5054 (o
2515 4982 2876 5053 impietatem
2926 4980 3283 5050 summam!)
3313 4980 3468 5035 malo
3507 4980 3586 5034 illi
3631 4983 3689 5034 et

2018 5089 2150 5129 cum
2179 5071 2297 5128 Deo
2325 5072 2613 5144 pugnanti
2649 5069 2939 5143 principio
2971 5069 3233 5125 ascribit.
3267 5069 3521 5125 Paradisi
3544 5085 3688 5140 quo-

1632 5193 1878 5250 VARIIE
1918 5191 2303 5250 LECTIONES

305 5302 367 5337 ⁸⁸
407 5295 586 5372 ρλίγη
632 5312 781 5372 corr,
798 5298 880 5372 ΔΑ.

958 5295 1027 5331 ³⁸⁸
1057 5289 1500 5366 συνηθροίσθηᾼς.
1577 5289 1624 5366 ³-⁷
1652 5289 2076 5366 πλατυκώτερος
2109 5308 2161 5366 ς,

223 5374 281 5411 ³⁸
317 5360 598 5428 [itaista-oi:
629 5367 721 5422 καὶ
761 5360 1097 5440 Ἀναὸαρζέα
1135 5360 1187 5428 ςζ
1226 5360 1234 5366 ’
1263 5366 1308 5401 ⁸⁰
1338 5361 1612 5437 ἁπάντων]
1642 5362 1734 5416 ἀπ’
1761 5362 1937 5417 αὐτῶν
1970 5360 2036 5419 Α.
2112 5361 2157 5396 ³ί
2195 5378 2312 5412 τινα
2343 5361 2480 5415 add.
2513 5364 2578 5415 A.

2494 5289 2615 5342 τῶν
2674 5287 2801 5343 cod.
2851 5286 3234 5358 suprascript.
3293 5287 3411 5352 τοῦ,
3457 5285 3585 5358 οὐκ,
3623 5292 3688 5344 Α.

2240 5286 2289 5322 98
2318 5285 2372 5322 m’.

2317 5288 2437 5360 οὐκ]
2494 5289 2615 5342 τῶν
2674 5288 2801 5343 cod.
2851 5288 3234 5358 suprascript.
3293 5288 3411 5352 τοῦ,
3457 5288 3559 5340 οὐκ
3623 5292 3688 5344 Α.

2343 5361 2480 5415 add.
2513 5364 2578 5415 A.
2660 5359 2704 5394 ⁸³
2732 5357 2955 5431 μυρίους
2995 5356 3200 5419 ἄλλους
3226 5376 3276 5421 ς.
3351 5359 3398 5394 ⁸³
3426 5353 3619 5412 Μωσέα
3637 5378 3689 5422 ς.

1865 5479 2074 5536 ΝΟΤὶΕ

321 5587 448 5666 ut!)
476 5584 606 5666 Dib.
640 5599 695 5639 Vl
721 5581 932 5666 simpl.
973 5578 1263 5666 medicam:
1296 5579 1603 5666 Prpm‘mio.

329 5642 616 5729 “(20301.0
652 5657 821 5710 modo
848 5642 907 5709 in
942 5651 1196 5722 vulgatis
1248 5652 1416 5708 hodie
1459 5650 1710 5724 legimus
1759 5642 1925 5703 ῐῐιδα-

591 5781 858 5842 ΡΑτιιοι..
909 5780 1017 5840 Gs.
1069 5777 1225 5840 CIII.

2036 5568 2552 5648 κίουᾼιρσκορίδου
2587 5565 2963 5648 ’ῌΑναζαρϐεως
3003 5571 3126 5646 περῖ
3159 5569 3297 5642 ὕλης
3328 5571 3593 5648 ἰατρικῆς.

2111 5646 2223 5717 (21)
2257 5645 2411 5702 Libri
2440 5646 2609 5718 primi
2645 5645 2942 5702 Prooemio.

3298 5771 3373 5829 17
