4136 6216
446 368 565 427 523

1648 344 1916 407 ΡΗΟΤΙΙ
1964 344 2489 407 PATRIABCH/E
2532 347 2647 405 ΟΡ.

3731 351 3847 409 σεε

448 522 561 577 que
591 503 853 559 arborem
889 498 1048 553 illam
1080 491 1374 549 Christum
1408 500 1537 542 esse
1568 484 1877 577 fabulatur,
1911 498 2084 553 quem

2200 479 2324 533 ὅσαν
2364 481 2702 557 βλασφημεῖ.
2727 483 2830 539 Καὶ
2861 482 3053 558 τριάδα
3093 481 3148 538 δὲ
3188 485 3255 521 ⁸³⁸
3293 482 3584 555 ὁμοούσιον
3643 486 3670 538 ὁ
3721 506 3859 540 κατ-

447 574 555 651 etsi
590 610 686 647 ore
730 590 962 661 quidem
1017 580 1278 638 venerari
1329 595 1386 633 se
1439 578 1621 642 tingit,
1673 574 1842 629 lactis
1890 580 2089 628 tamen

445 686 591 756 ipsis
621 689 675 736 et
706 678 1101 750 Opinionibus,
1136 675 1416 741 quantum
1442 667 1685 737 exprimi
1712 665 1903 719 verbis
1941 664 2089 718 haud

446 783 555 845 pot»
580 779 649 833 st,
678 768 1041 839 blasplemat.
1074 762 1410 815 Trinitatem
1445 758 1679 826 insuper
1710 756 2091 809 consubstan-

444 843 640 917 tialem
679 858 841 913 fateri
871 873 931 911 se
963 855 1154 907 dicere
1202 850 1379 904 audet
1426 847 1809 902 exsecrandus
1843 843 1959 907 ille,
1993 844 2089 896 sed

444 954 551 1007 hoc
582 950 759 1019 impie
789 964 853 1001 ac
888 942 1192 1006 malitiose,
1246 943 1585 1005 tantumque
1618 944 1675 988 ut
1711 934 1940 1003 pietatis
1973 932 2089 985 his-

441 1058 507 1097 ce
538 1037 835 1094 vocabulis
881 1035 1155 1103 decipiat,
1207 1026 1533 1093 simplicius
1594 1042 1659 1077 ac
1724 1020 1928 1076 I24!)
1983 1020 2090 1073 mi-

444 1147 555 1183 nus
586 1128 1008 1195 circumspecte
1038 1122 1107 1175 ad
1140 1134 1271 1173 eum
1312 1115 1669 1179 accedentes,
1705 1120 1882 1182 utque
1916 1110 2089 1180 pesti-

442 1219 593 1271 lente
618 1213 903 1285 dogmatis
936 1225 1172 1272 veneno,
1207 1224 1271 1261 ac
1302 1205 1471 1277 quasi
1501 1202 1804 1257 dulcedine
1837 1200 2090 1271 quadam

440 1314 762 1377 temperata
793 1309 969 1372 atque
1008 1299 1336 1361 commisla,
1378 1294 1558 1361 huius
1598 1292 1731 1347 illos
1762 1306 1924 1345 noxas
1953 1306 2089 1344 con-

446 1399 634 1452 festim
664 1394 1001 1463 adimpleat.
1035 1392 1127 1443 Sic
1158 1392 1214 1441 et
1245 1400 1455 1457 corpus
1487 1399 1548 1438 se
1572 1380 1783 1437 Christi
1809 1381 2091 1435 honorare

443 1504 507 1539 ac
542 1485 857 1556 praadicare
899 1482 996 1547 ait,
1031 1485 1086 1533 et
1115 1476 1410 1531 Christum
1458 1471 1611 1527 cruci
1665 1470 1926 1535 afﬁxum,
1970 1469 2089 1522 imo

444 1577 628 1645 ipsam
672 1588 929 1635 crucem,
964 1567 1347 1637 baptismum,
1381 1561 1762 1632 sepulturam,
1795 1564 1968 1629 atque
2002 1573 2081 1612 ro-

444 1664 860 1720 surrcctionem
886 1658 1033 1727 ejus,
1054 1663 1539 1722 mortuorumque
1556 1651 1696 1705 adeo
1719 1650 1981 1703 omnium
2006 1662 2089 1701 re-

443 1752 862 1809 surrectionem
896 1765 961 1803 ac
979 1745 1310 1817 judicium;
1346 1747 1402 1797 et
1433 1749 1492 1795 ut
1523 1740 1702 1794 semel
1735 1737 1946 1805 dicam,
1972 1753 2091 1791 om-

2201 572 2399 645 άρατος
2476 572 2622 649 λέγει
2692 574 2785 645 μὲν
2864 574 3186 651 ὁμολογεῖν,
3237 573 3381 630 ἀλλὰ
3429 571 3706 639 δυσσεϐῶς
3764 576 3859 631 καὶ

2201 662 2539 735 κακούργως,
2595 660 2683 715 ’ἱνα
2752 665 2913 735 μόνον
2987 662 3164 738 κλέψῃ
3223 672 3323 732 τῆς
3399 661 3671 727 εὐσεϐείας
3740 672 3861 726 τοῖς

2202 750 2556 823 ῥήμασιτοῦς
2590 750 2962 827 άπλοῦστερον
2995 754 3141 823 αὐτῷ
3190 756 3223 823 ἢ
3256 754 3619 828 ἀμαθέστερον
3684 776 3861 829 προσο

2206 840 2406 907 ιόντας,
2440 842 2529 894 καὶ
2579 843 2667 894 τὸν
2712 841 2960 916 ὀλέθριον
3018 848 3114 897 τοῦ
3168 841 3437 916 δόγματος
3501 845 3577 898 ἱὸν
3636 846 3858 907 τούτοις

2203 930 2315 983 οἷον
2375 929 2646 1002 γλυκάνας
2688 933 2777 985 xui
2826 934 3191 1005 κερασάμενος
3249 934 3443 1008 ἀθρόον
3513 942 3613 1003 τῆς
3686 935 3857 989 αὐτοῦ

2200 1020 2473 1094 πληρώσῃ
2505 1018 2710 1093 λύμης.
2746 1020 2902 1077 Οὕτω
2944 1018 3011 1090 δή
3042 1022 3130 1075 xui
3164 1027 3323 1095 σῶμα
3374 1022 3513 1098 λέγει
3558 1030 3722 1095 τιμᾷν
3761 1024 3853 1077 xui

2201 1110 2487 1183 κηρύσσειν
2537 1111 2793 1184 Χριστοῦ,
2828 1112 2915 1165 καὶ
2974 1112 3203 1187 Χριστὸν
3280 1112 3709 1187 ἐσταυρωμένον,
3761 1116 3852 1167 xui

2201 1201 2426 1273 σταυρὸν
2455 1200 2544 1252 καὶ
2604 1201 2904 1274 βάπτισμα,
2940 1203 3027 1255 καὶ
3079 1203 3253 1277 ταφὴν
3296 1204 3550 1275 Χριστοῦ,
3592 1204 3679 1256 xui
3728 1204 3854 1257 ἀνά-

2200 1308 2401 1355 στασιν,
2436 1288 2523 1340 καὶ
2555 1293 2756 1361 νεκρῶν
2798 1288 3077 1343 ἀνάστασιν
3120 1290 3207 1343 καὶ
3257 1291 3434 1365 κρίσιν
3469 1310 3481 1322 ·
3516 1293 3603 1346 xui
3656 1291 3853 1352 ἁπλῶς

2201 1374 2396 1451 σχεδὸν
2427 1377 2629 1431 ἅπαντα
2657 1378 2724 1431 τὰ
2752 1386 2850 1447 τῆς
2885 1374 3154 1440 εὐσεϐείας
3187 1380 3276 1434 xui
3310 1382 3452 1453 παρά
3502 1387 3855 1454 Χριστιανοῖς

2199 1465 2441 1537 ὀνόματα
2472 1464 2550 1519 ἐπ’
2583 1465 2782 1529 ἄλλαις
2814 1469 2847 1538 ἢ
2883 1467 3131 1531 ἐκτόπως
3164 1470 3251 1521 xui
3296 1466 3640 1542 βδελυκταῖς,
3684 1472 3718 1541 ἢ
3752 1469 3855 1525 ἀλ-

2200 1554 2451 1615 λοκότοις
2486 1556 2572 1608 καὶ
2608 1562 2844 1628 μωραῖς,
2878 1557 2913 1625 ἢ
2946 1556 3311 1633 ἀναρμόστοις
3342 1557 3431 1612 xui
3467 1559 3860 1621 ἀνακολούθοις

2197 1642 2425 1705 ἐννοίαις
2462 1646 2776 1722 μεταφέρων
2818 1648 2907 1699 καὶ
2947 1648 3259 1719 περιτιθεὶς,
3293 1647 3432 1702 οὕτω
3489 1651 3588 1715 τήν
3646 1649 3860 1705 οἰκείαν

2196 1728 2443 1787 ἀσέϐειαν
2528 1739 2776 1809 πειρᾶται
2851 1736 3154 1809 κρατύνειν.
3208 1738 3307 1792 Καὶ
3375 1735 3630 1791 τοσοῦτον
3711 1737 3864 1809 αότῷ

444 1844 541 1897 nia
572 1843 686 1896 fere
714 1838 943 1910 pietatis
992 1850 1057 1890 ac
1105 1832 1442 1887 Christianas
1494 1829 1788 1900 religionis
1816 1826 2086 1881 vocabula

2202 1822 2265 1876 τὸ
2293 1821 2447 1876 ἄθεον
2490 1824 2623 1895 μετὰ
2680 1828 2775 1877 τοῦ
2821 1821 3011 1878 δολίου
3065 1823 3455 1897 μεμελέτηται,
3498 1825 3635 1882 ὥστε
3700 1832 3862 1899 μῖσος

443 1935 509 1987 ad
569 1931 735 1996 alios,
793 1926 880 1980 vel
938 1924 1219 1980 absurdos
1285 1928 1449 1988 atque
1507 1916 1943 1982 abominandos,
2001 1915 2087 1968 vel

445 2019 664 2074 alienos
688 2034 752 2072 ac
782 2014 1015 2082 stultos,
1049 2011 1135 2067 vel
1168 2012 1395 2080 ineptos
1426 2013 1482 2061 et
1512 2007 1859 2072 incongruos
1881 2019 2089 2058 sensus

442 2112 800 2163 transterens
832 2108 1001 2173 atque
1030 2099 1364 2163 traducens,
1398 2112 1559 2150 suam
1595 2096 1671 2149 ita
1706 2094 1913 2147 nititur
1949 2109 2090 2147 con-

443 2198 679 2252 ﬁrmare
736 2192 1112 2263 impietatem.
1177 2188 1429 2242 Tantum
1488 2200 1617 2239 vero
1676 2182 1805 2237 dolo
1857 2181 2086 2235 mistam

442 2286 802 2355 impietatem
866 2280 1182 2335 meditatus
1254 2279 1360 2339 est,
1423 2278 1487 2328 ut
1544 2288 1676 2327 cum
1728 2271 2091 2326 intolerabile

448 2378 675 2445 odium,
703 2372 1042 2442 bellumque
1073 2364 1466 2439 implacabile,
1482 2368 1824 2434 cooperante
1851 2362 1929 2416 illi
1964 2364 2086 2416 dia-

450 2466 604 2530 bolo,
639 2479 772 2518 cum
808 2475 1035 2531 semper
1073 2456 1306 2527 Virgine
1352 2452 1533 2523 Maria
1562 2469 1626 2508 ac
1660 2457 1844 2506 matre
1878 2451 2088 2506 Christi

446 2555 549 2610 Dei
582 2551 766 2608 nostri
799 2553 977 2623 gerat,
1012 2547 1203 2601 Mariis
1245 2550 1439 2597 tamen
1474 2558 1684 2596 nomen
1720 2558 1816 2610 per
1847 2540 2091 2595 simula-

444 2644 663 2699 tionem
697 2653 999 2707 usurpare,
1035 2650 1279 2705 eamque
1323 2638 1568 2686 matrem
1602 2630 1809 2684 Christi
1847 2629 2093 2683 menda-

446 2733 590 2787 citer
619 2728 930 2801 appellare,
969 2742 1070 2779 nec
1101 2724 1224 2790 Dei,
1258 2738 1363 2777 nec
1396 2721 1573 2775 ullius
1594 2720 1829 2775 omnino
1854 2720 2094 2789 pudoris

446 2830 602 2876 metu
644 2823 924 2874 vereatur.
959 2814 1348 2878 Quamobrem
1377 2816 1432 2865 et
1464 2809 1853 2864 venerandam
1889 2808 2091 2862 saluti-

449 2912 739 2979 feramque
770 2905 979 2961 Christi
1027 2917 1257 2958 crucem
1311 2899 1468 2955 mille
1506 2898 1780 2954 conviciis
1812 2898 2092 2963 lacerans,

449 3005 624 3069 atque
655 2999 721 3050 ad
754 2996 985 3051 Judaaos
1020 2990 1443 3064 prOpulsandos
1477 2989 1657 3042 telum
1694 3004 1791 3058 per
1823 2987 2096 3057 blasphe-

449 3090 624 3143 miam
686 3085 1004 3156 appellans.
1057 3082 1245 3135 dicere
1294 3078 1674 3133 nihilominus
1730 3077 2097 3147 impudenter

452 3178 643 3239 audet,
695 3174 913 3227 honore
956 3172 1194 3240 dignam
1244 3184 1304 3222 se
1352 3184 1417 3220 ac
1464 3166 1834 3220 veneratione
1882 3166 2093 3221 Christi

2204 1911 2436 1991 ἄσχετον
2478 1916 2567 1967 xui
2609 1910 2856 1987 πόλεμον
2896 1914 3157 1971 ἄσπονδον
3192 1914 3380 1995 ἔχοντι
3410 1920 3548 1973 κατὰ
3590 1925 3691 1988 τῆς
3725 1919 3864 1974 Ἀει-

2197 2002 2467 2075 παρθένου
2534 2003 2741 2077 Μαρίας
2817 2004 2905 2059 καί
2988 2007 3195 2080 μητρὸς
3273 2011 3505 2077 Χριστοῦ
3562 2011 3659 2062 τοῦ
3722 2012 3861 2061 Θεοῦ

2198 2094 2357 2163 ἡμῶν
2416 2093 2509 2128 ⁸⁴ο
2573 2094 2725 2165 ὅμως
2786 2095 3192 2166 συμπλάττεται
3258 2096 3406 2167 αὐτῷ
3484 2097 3573 2150 καὶ
3642 2097 3861 2171 Μαρίας

2200 2179 2393 2252 ὄνομα,
2426 2182 2513 2235 xui
2559 2183 2764 2255 μητέρα
2823 2186 3056 2257 Χριστοῦ
3087 2183 3469 2260 τερατολογεῖν
3514 2184 3644 2238 αὐτὸ
3678 2188 3725 2221 ³⁸
3756 2184 3859 2238 οὐκ

2200 2264 2308 2323 ἔστι
2343 2266 2510 2343 φόϐος
2542 2276 2699 2341 Θεοῦ,
2732 2270 2857 2327 οὐδέ
2889 2294 2971 2331 τις
3003 2272 3147 2333 ὅλως
3178 2274 3437 2348 αἰσχύνη.
3480 2275 3571 2328 Διὸ
3615 2276 3707 2328 καὶ
3756 2276 3851 2329 τὸν

2198 2359 2379 2431 τίμιον
2435 2362 2525 2414 xui
2584 2364 2853 2435 σωτήριον
2915 2366 3010 2416 τοῦ
3056 2364 3290 2436 Χριστοῦ
3351 2364 3577 2435 σταυρὸν
3628 2365 3855 2436 μυρίαις

2200 2442 2386 2521 ὕϐρεσι
2423 2448 2670 2522 βάλλων,
2703 2452 2790 2503 xui
2825 2451 3158 2523 ἀμυντνίριον
3193 2448 3469 2507 Ἰουδαίων
3523 2449 3855 2530 δυσφημῶν,

2201 2536 2353 2608 ὅμως
2418 2539 2763 2612 ἀναισχυντεῖ
2812 2539 2981 2613 λέγων
3062 2546 3229 2611 τιμῆς
3302 2539 3483 2609 ἀξιοῦν
3543 2541 3633 2594 xui
3696 2536 3859 2596 σεϐα-

2202 2628 2497 2697 σμιὸτητος
2547 2629 2637 2681 τὸν
2688 2629 2913 2702 σταυρὸν
2962 2632 3058 2681 τοῦ
3126 2628 3363 2701 Χριστοῦ
3385 2629 3455 2694 ⁸⁸,
3488 2627 3630 2684 ἄλλα
3689 2632 3864 2705 πράγ-

2205 2736 2346 2787 ματα
2404 2716 2605 2789 ἑτέροις
2666 2717 2893 2789 ὀνὸμασι
2953 2718 3272 2792 κακούργως
3333 2716 3651 2786 ὑποδηλῶν.
3693 2719 3860 2774 Οἶὶτω

2202 2805 2290 2857 xui
2334 2809 2490 2876 σῶμα
2520 2806 2609 2858 καὶ
2662 2808 2799 2878 αἷμα
2832 2810 3067 2879 Χριστοῦ
3112 2809 3224 2879 οὐχ
3254 2809 3282 2861 ’ὀ
3308 2804 3468 2878 ’ἔσμεν
3530 2808 3581 2860 οἱ
3643 2810 3687 2843 ³⁷
3719 2810 3857 2881 Χρι-

2205 2894 2432 2961 στιανοὶ,
2476 2893 2603 2948 ἀλλ’
2634 2896 2660 2949 ὃ
2700 2898 2726 2963 ἡ
2763 2893 3049 2965 λυσσώδης
3081 2897 3249 2950 αὐτοῦ
3279 2897 3368 2950 καὶ
3406 2897 3601 2967 μανικὴ
3644 2893 3862 2951 διάνοια

2206 2983 2566 3048 ἀνεπλάσατο,
2603 2982 2921 3059 μυθολογεῖ,
2953 2985 3047 3045 τὰς
3095 2986 3187 3056 μὲν
3236 2990 3345 3039 τῶν
3407 2980 3636 3039 εὐσεϐῶν
3682 2984 3860 3054 λέξεις

2206 3072 2620 3149 συνομολογῶν,
2654 3074 2787 3127 κατά
2848 3071 2903 3128 δὲ
2953 3073 3122 3128 αὐτῶν
3165 3079 3271 3129 τῶν
3329 3076 3659 3149 πραγμάτων
3723 3074 3861 3129 ὑλα-

2204 3165 2581 3221 κτιῖ)ν,”Ηλιον
2605 3160 2660 3217 δὲ
2691 3164 2778 3216 xui
2814 3162 3048 3233 σελήνην
3080 3165 3450 3238 ἀναισχύντως
3483 3161 3729 3239 θεολογεῖ
3761 3165 3859 3218 xui

450 3266 549 3318 Dei
579 3278 808 3316 crucem
843 3262 1072 3325 ducere,
1115 3258 1245 3311 aliis
1295 3256 1572 3309 nimirum
1606 3255 2086 3325 appellationibus

2207 3252 2472 3324 ὁξεοοῦσια
2502 3253 2757 3325 κηρύττει
2798 3257 2935 3323 Θεῷ,
2970 3254 3071 3307 οὐκ
3118 3252 3373 3321 αἱσϐητὸν
3414 3252 3587 3306 αὐτῶν
3618 3253 3678 3305 τὸ
3711 3258 3857 3328 φῶς,

450 3370 540 3409 res
594 3367 857 3417 perverse
905 3347 1237 3401 enuntians.
1283 3346 1374 3398 Sic
1423 3351 1479 3397 et
1524 3361 1736 3413 corpus
1769 3354 1816 3398 et
1854 3346 2092 3411 sangui-

452 3458 577 3497 nem
614 3438 825 3495 Christi
860 3438 1170 3499 fabulatur,
1215 3450 1327 3486 non
1372 3432 1536 3499 illud,
1585 3434 1731 3500 quod
1775 3432 2090 3486 Christiani

452 3529 845 3600 agnoscimus,
903 3526 999 3579 sed
1054 3523 1206 3594 quod
1266 3523 1464 3576 rabida
1512 3521 1698 3592 ipsius
1752 3538 1817 3575 ac
1876 3524 2093 3577 furiosa

455 3638 619 3675 mens
648 3618 1151 3675 conﬁnxitzvoces
1192 3615 1412 3684 quisem
1450 3613 1672 3683 piorum
1706 3612 2088 3679 admittendo,

451 3727 541 3765 res
572 3726 705 3763 vero
740 3708 895 3779 ipsas
925 3705 1264 3759 allatrando.
1300 3702 1378 3757 De
1410 3701 1530 3757 sole
1562 3706 1838 3773 praeterea
1867 3710 1919 3755 et
1950 3702 2089 3757 luna

445 3800 572 3855 sine
633 3797 849 3871 pudore
892 3794 1069 3849 veluti
1121 3793 1190 3847 de
1238 3792 1353 3845 diis
1401 3791 1656 3855 disserit,
1706 3791 2090 3862 ejusdemque

442 3908 575 3946 cum
610 3897 723 3944 Deo
755 3903 881 3943 esse
923 3892 1143 3940 naturae
1194 3883 1465 3953 praedicat
1498 3898 1511 3935 :
1548 3898 1734 3953 neque
1765 3899 1938 3937 sensu
1974 3882 2085 3937 ho—

444 3997 569 4035 rum
602 3979 793 4033 lucem
828 3974 1064 4047 percipi,
1099 3975 1194 4028 sed
1230 3972 1353 4026 sola
1395 3976 1585 4026 mente
1617 3987 1787 4042 posse
1818 3971 2085 4043 intelligi,

443 4070 725 4125 mentitur
756 4068 930 4121 homo
963 4080 1137 4119 sensu
1171 4078 1373 4117 carens
1405 4061 1720 4115 communi.
1761 4062 1899 4116 Hinc
1928 4068 1981 4114 et
2006 4062 2089 4115 in-

439 4174 711 4228 corporea
768 4158 1079 4224 formatque
1136 4168 1201 4207 ac
1259 4150 1469 4205 coloris
1544 4150 1801 4220 expertia
1860 4150 2083 4222 hymnis

439 4249 757 4311 celebrans,
810 4244 1034 4298 cultum
1092 4241 1211 4297 illis
1261 4242 1741 4309 majestatemque
1794 4242 2083 4295 attribuit.

440 4333 867 4390 Abstinentiam
930 4347 1063 4387 vero
1106 4348 1139 4384 a
1178 4330 1450 4384 carnibus
1481 4333 1653 4398 atque
1692 4346 1721 4383 a
1754 4344 1811 4383 re
1861 4330 2081 4397 uxoris,

439 4430 722 4495 tanquam
757 4439 789 4475 a
822 4424 994 4475 rebus
1044 4418 1423 4483 detestandis,
1477 4418 1725 4471 maxime
1765 4418 1886 4488 ipse
1926 4420 2083 4475 dete-

435 4514 705 4576 standus,
756 4510 1017 4565 simulat.
1064 4508 1270 4561 Vinum
1321 4523 1550 4577 quoque
1597 4507 1754 4561 velut
1785 4508 2080 4563 ebrietatis

434 4617 669 4657 causam
704 4606 1018 4667 aversatur,
1063 4613 1173 4651 non
1227 4596 1599 4652 considerans
1626 4597 1756 4649 vino
1790 4598 1842 4648 id
1874 4597 2075 4654 vitium

434 4690 803 4755 minime,sed
832 4688 1211 4741 immoderato
1236 4686 1641 4753 iudecentique
1666 4684 1790 4737 usui
1817 4684 2075 4739 tribuen-

431 4784 593 4847 dum,
629 4786 691 4834 ut.
720 4785 776 4833 et
804 4778 1067 4833 ciborum
1119 4776 1411 4841 omnium,
1455 4777 1572 4829 imo
1616 4779 1671 4828 et
1702 4774 1886 4843 ipsius
1919 4791 2079 4844 aqua:

429 4870 783 4927 immodicus
834 4884 973 4921 usus
1025 4872 1213 4921 nocet.
1262 4865 1339 4919 De
1385 4880 1513 4918 aere
1564 4866 1695 4917 item
1738 4863 1937 4917 infelix
1980 4863 2077 4920 ille

429 4969 701 5031 tanquam
753 4960 821 5012 de
863 4957 965 5011 deo
1017 4955 1290 5026 quopiam
1347 4954 1623 5023 disputal,
1656 4961 1711 5006 ut
1745 4955 2073 5007 columnam

426 5067 556 5106 eum
600 5054 655 5104 et
688 5047 982 5103 hominem
1036 5045 1265 5115 hymnis
1306 5042 1622 5096 celebrans.
1662 5042 1853 5111 Ignem
1884 5049 2074 5098 tamen

428 5144 770 5211 aspernatur
801 5143 1153 5205 terramque,
1205 5142 1256 5187 et
1307 5131 1485 5203 pejori
1539 5131 1657 5185 haec
1711 5138 1869 5202 parte
1902 5135 2069 5188 collo-

426 5233 536 5282 cat.
560 5230 651 5281 Sic
675 5226 802 5280 aliis
826 5240 1057 5296 quoque
1085 5221 1487 5278 deliramentis
1525 5220 1813 5291 nugisque
1847 5224 2070 5293 multis,

426 5332 556 5370 cum
588 5333 619 5370 e
650 5315 981 5370 Graecorum
1034 5312 1447 5383 superstitione
1495 5310 1893 5379 emendicatis,
1945 5316 2068 5367 tum

2204 3339 2629 3411 [21011.]ἀλλά
2681 3343 2874 3409 νοητὸν
2932 3342 2958 3394 ὁ
3018 3340 3335 3410 ἀναίσθητος
3384 3340 3805 3413 τερατευόμενος
3842 3363 3855 3373 ·

2204 3426 2287 3481 διὸ
2318 3430 2406 3481 xui
2460 3428 2721 3501 ἀσώματα
2769 3429 2858 3482 xui
2907 3429 3298 3504 ἀσχημάτιστα
3326 3430 3411 3483 καὶ
3456 3430 3858 3503 ἀχρωμάτιστα

2203 3518 2336 3571 αὗτά
2374 3517 2635 3589 ἐξυμνῶν,
2669 3519 2729 3571 τὸ
2780 3513 2937 3579 σέϐας
2989 3520 3173 3583 αὐτοῖς
3204 3520 3445 3573 ἀνάπτει.
3482 3520 3751 3588 Νηστείαν
3799 3518 3860 3575 δὲ

2201 3611 2370 3663 κρεῶν
2429 3607 2517 3659 xui
2575 3607 2763 3681 γάμων
2816 3607 3035 3681 ἀποχῆν
3085 3609 3159 3667 ὡς
3195 3605 3530 3681 βδελυρῶνὸ
3565 3606 3855 3681 βδελυρώ-

2198 3716 2355 3755 τατος
2416 3696 2783 3767 ὑποκρίνεται,
2814 3698 2902 3750 xui
2954 3697 3045 3751 τὸν
3091 3698 3239 3750 οἶνον
3273 3694 3327 3750 δὲ
3379 3698 3465 3750 οἶα
3496 3694 3561 3765 δὴ
3600 3700 3857 3769 μεθυστι-

2198 3784 2290 3837 κον
2342 3784 2754 3861 ἀποστρέφεται,
2790 3784 2849 3838 οὐ
2902 3790 3136 3859 συνορῶν
3180 3787 3253 3847 ὡς
3305 3786 3419 3860 οὐχ
3465 3788 3491 3840 ὁ
3533 3787 3681 3847 οἶνός
3739 3787 3857 3841 ἐστι

2201 3874 2545 3945 μεθυστικὸς,
2594 3874 2719 3928 ἀλλ’
2778 3877 2813 3943 ὴ
2875 3872 3106 3948 ἄμετρος
3180 3875 3268 3929 καὶ
3320 3876 3465 3948 παρά
3519 3876 3580 3929 τὸ
3640 3875 3852 3948 πρέπον

2200 3970 2420 4036 χρῆσις,
2454 3962 2634 4035 ὥσπερ
2666 3963 2755 4017 καὶ
2787 3971 2992 4040 τροφῆς
3027 3965 3235 4033 ἀπάσης
3267 3966 3357 4018 xui
3389 3962 3579 4025 ὕδατος
3630 3967 3665 4033 ἡ
3700 3967 3854 4041 παρά

2196 4054 2255 4107 τὸ
2322 4052 2513 4127 μέτρον
2547 4062 2747 4131 χρῆσις
2811 4049 3094 4128 βλαϐερόν.
3124 4057 3251 4127 [405
3279 4058 3373 4129 3.]
3414 4054 3673 4129 Θεολογεῖ
3731 4052 3790 4109 δὲ
3822 4058 3851 4109 ὁ

2197 4140 2458 4212 δύστηνος
2516 4143 2602 4196 xui
2660 4144 2751 4197 τὸν
2811 4144 2960 4216 ἀέρα,
3011 4143 3159 4197 κίονα
3216 4143 3379 4198 αὐτὸν
3435 4145 3524 4198 xui
3565 4141 3852 4218 ἄνθρωπον

2195 4231 2449 4305 ἐξυμνῶν.
2492 4235 2567 4288 Τὸ
2626 4237 2731 4306 πῦρ
2792 4231 2848 4288 δὲ
2910 4236 3231 4306 μυσάττεται
3291 4236 3379 4289 xui
3438 4237 3536 4303 τὴν
3598 4242 3727 4310 γῆν,
3775 4237 3852 4297 εἰς

2191 4328 2291 4395 τὴν
2350 4326 2574 4403 χείρονα
2653 4330 2846 4400 μοῖραν
2905 4327 3203 4380 συντάττων
3264 4324 3418 4380 αὐτά.
3487 4326 3583 4380 Καὶ
3636 4326 3851 4389 ἄλλους

2194 4413 2401 4487 λήρους
2452 4414 2536 4467 xui
2600 4412 2916 4491 φληνάφους
2964 4413 3209 4475 πολλούς
3266 4414 3325 4468 ἐκ
3380 4421 3479 4483 τῆς
3511 4413 3852 4484 Ἑλληνικῆς

2192 4502 2574 4575 ἐρανισάμενος
2628 4499 3054 4574 δεισιδαιμονίας
3103 4502 3193 4556 καὶ
3252 4501 3311 4557 ἐκ
3366 4509 3464 4571 τῆς
3508 4500 3647 4563 ἰδίας
3716 4503 3851 4559 ἀνα-

2189 4590 2534 4663 πλασάμενος
2592 4591 2899 4665 τορατείας,
2934 4592 3167 4668 φορυτὸν
3230 4595 3409 4645 κακῶν
3458 4592 3547 4645 καὶ
3596 4587 3850 4655 ἀσεϐείας

2191 4678 2419 4754 ἔσχατον
2476 4682 2536 4733 τὸ
2595 4679 2794 4733 οἰκεῖον
2851 4683 3145 4753 παρίστησι
3199 4677 3393 4754 δόγμα.
3455 4684 3850 4752 Ἀποσπαράσ-

2191 4791 2294 4823 σων
2353 4767 2407 4823 δὲ
2450 4770 2588 4843 ῥητά
2628 4791 2741 4823 τινα
2780 4774 2877 4823 τοῦ
2929 4770 3073 4823 θείου
3110 4770 3158 4805 ³⁸
3189 4768 3525 4843 Εὖαγγελίου
3582 4769 3671 4823 xui
3732 4776 3847 4826 τῶν

2189 4858 2489 4913 ἐπιστολῶν
2577 4865 2672 4913 τοῦ
2746 4860 3026 4913 θεσπεσίου
3089 4858 3327 4927 Παύλου,
3396 4866 3643 4931 πειρᾶται
3690 4881 3848 4915 στρε-

2188 4946 2355 5003 ϐλοῦν
2415 4950 2548 5002 αὖτὰ
2595 4950 2683 5001 xui
2730 4950 2864 5022 πρὸς
2905 4951 3004 5017 τήν
3039 4948 3241 5003 οἲκείαν
3291 4949 3337 4983 ³9
3395 4944 3703 5003 δυσσέϐειαν
3756 4949 3851 5004 ἓλ-

2186 5061 2294 5094 κειν
2331 5058 2343 5069 ⁸
2379 5039 2463 5094 xui
2523 5045 2641 5101 ταῖς
2698 5037 3021 5111 λεγομέναις
3056 5036 3113 5093 δὲ
3173 5039 3398 5113 Πράξεσι
3456 5043 3563 5092 τῶν
3626 5036 3847 5094 δώδεκα

2183 5129 2530 5196 ἀποστόλων,
2572 5130 2661 5181 καὶ
2710 5127 2945 5196 μάλιστα
2985 5125 3240 5202 Ἀνδρέου
3298 5128 3573 5187 πεποιθὼς
3631 5130 3677 5163 ⁸ο
3738 5128 3855 5184 δεί-

2182 5238 2390 5287 κνυται,
2423 5218 2663 5271 κάκεῖθεν
2714 5213 2857 5291 ἔχων
2905 5217 2967 5271 τὸ
3020 5217 3277 5295 φρόνημα
3332 5212 3593 5291 ἠρμένον.
3630 5219 3852 5291 Κρπύ-

2180 5330 2254 5364 νει
2315 5306 2371 5363 δὲ
2426 5306 2514 5363 xui
2554 5307 2648 5369 τὰς
2697 5306 3177 5382 μετεμψυχώσεις,
3229 5307 3357 5367 τοὺς
3405 5306 3499 5378 μὶν
3550 5304 3627 5368 εἰς
3677 5305 3854 5382 ἄκρον

1792 5429 2036 5485 VARI/ﬁ
2080 5429 2457 5485 LECTIONES

491 5548 560 5583 ⁸³⁸
589 5543 647 5600 δὲ
676 5564 793 5602 om.
826 5552 889 5601 A.

972 5548 1017 5584 ³⁸
1051 5554 1169 5614 post
1204 5546 1363 5616 ἡμῶν
1399 5563 1527 5600 cum
1571 5551 1614 5601 Α
1647 5544 1840 5616 omisi,
1877 5562 1999 5614 qua
2043 5547 2212 5616 vulgo
2246 5545 2563 5616 adduntur,
2608 5544 2882 5616 συνεργεῖν
2913 5537 3060 5616 αὒτῷ
3099 5541 3189 5616 τρν
3220 5534 3501 5616 διάϐολον.
3542 5614 3546 5616 Α
3580 5540 3630 5576 ⁸⁵
3676 5540 3861 5616 αὐτοῦ

421 5641 472 5684 ς.
551 5618 597 5695 ἥδ
636 5621 729 5671 τοῦ
753 5621 911 5695 ϋθεοῦ
956 5609 1275 5695 Χριστοῦις.
1352 5616 1400 5695 δῖ
1440 5617 1489 5670 οἱ
1534 5626 1615 5695 et-
1638 5620 1724 5683 31,
1870 5609 2619 5695 ῥᾷόκΑζΪδδ-ρεσπεσίουΑ
2663 5609 2854 5677 εοείου
2887 5632 2936 5675 ς.
3017 5613 3064 5650 ⁸9
3095 5611 3317 5686 οἰκείαν]
3349 5609 3486 5666 ἰδίαν
3520 5614 3587 5670 Α.

3667 5614 3717 5649 ιο
3750 5635 3858 5670 τη,

420 5691 627 5753 ποιθὼς
658 5722 717 5731 -
750 5685 895 5766 ἔχων
928 5694 971 5745 Α
1007 5685 1017 5721 λ
1055 5688 1115 5742 οὐ
1153 5686 1317 5759 μόνον
1349 5687 1408 5743 οὐ
1443 5688 1762 5760 συντίθεται,
1796 5685 1941 5743 ἀλλὰ
1972 5686 2209 5743 κάκεῖθεν
2244 5685 2361 5761 ἔχει
2394 5706 2443 5751 ς.
