4136 6216
200 379 320 440 525

1305 378 1852 440 BIBLIOTHECA.
1913 413 1981 423 -—-
2023 379 2201 439 COD.
2248 377 2521 438 CLXXX.

3507 383 3624 443 526

199 513 405 588 ἀρετῆς
463 510 810 581 ἐληλακότας
878 509 953 573 εἷς
1004 511 1134 567 Θεὸν
1193 511 1466 581 ἀναλύων,
1505 514 1634 575 τοὺς
1696 509 1742 566 δ’
1791 513 1866 575 εἷς

1993 513 2310 586 prodigiose
2341 528 2370 568 e
2401 528 2507 568 suo
2538 511 2805 568 conﬁctis
2836 512 3087 583 cerebro,
3123 514 3409 571 malorum
3441 516 3625 573 collu-

203 599 442 678 ἔσχατον
485 603 529 640 ⁴¹
562 602 754 663 κακίας
806 600 937 674 πυρὶ
997 597 1181 662 διδοὺς
1241 601 1333 655 καί
1380 601 1579 674 σκότῳ,
1621 601 1750 664 τοὺς
1816 601 1874 657 δὲ

205 694 391 767 μέσως
445 713 562 754 πως
614 691 1116 764 πολιτευσαμένους
1160 689 1330 746 πάλιν
1363 690 1438 754 εἷς
1471 693 1700 764 σώματα
1738 713 1869 746 κατ-

203 786 382 857 άγων.
418 782 704 856 Κέχρηται
763 778 820 835 δὲ
867 783 1126 855 μάρτυσιν
1187 781 1712 854 ἁπηρυθριασμενως
1781 781 1868 835 καὶ

195 879 318 934 τοῖς
367 874 469 941 τήν
514 871 768 941 Ἕλληνα
825 871 1115 944 θρησκείαν
1165 871 1498 944 ἠγαπηκόσι,
1535 872 1773 941 μάλιστα
1814 869 1870 926 δὲ

199 962 483 1027 Πλάτωνι,
516 959 652 1033 πρὸς
685 960 934 1013 σύστασιν
988 965 1088 1028 τῆς
1141 955 1282 1013 ἰδίας
1332 957 1658 1033 θεομαχίας,
1691 958 1870 1020 θείους

202 1051 406 1112 adcr);
456 1049 545 1104 καὶ
590 1048 800 1120 ἱεροὺς,
847 1046 1029 1123 ὥσπερ
1087 1048 1176 1102 καὶ
1229 1049 1319 1102 τὸν
1361 1050 1484 1123 παρ’
1520 1050 1671 1121 αὐτῷ
1731 1055 1868 1122 Χρι-

197 1161 335 1195 στον
393 1141 482 1195 καὶ
545 1145 804 1212 Σωτῆρα,
841 1136 1157 1194 ἀποκαλῶν.
1195 1138 1292 1191 Καὶ
1353 1136 1498 1193 ἄλλα
1553 1136 1609 1192 δὲ
1651 1137 1869 1208 πολλῆς

199 1229 390 1290 ἀνοίας
447 1229 538 1284 καὶ
601 1225 770 1282 δόλου
850 1228 940 1281 καὶ
1017 1225 1311 1294 ἀθεότητος
1388 1223 1618 1299 ἔμπλεα.
1681 1229 1868 1302 Μάχε-

202 1328 334 1375 σθαι
387 1317 447 1374 δὲ
496 1318 647 1373 δοκεῖ
703 1317 842 1392 πρὸς
880 1317 978 1385 τὴν
1004 1316 1282 1389 Εὐνομίου
1322 1315 1668 1389 κακοδοξίαν,
1712 1317 1869 1380 αὐτὸς

193 1407 327 1465 οὐδ’
367 1407 508 1463 ἔστιν
543 1406 714 1462 εἷπεῖν
748 1406 872 1462 ὅσον
906 1405 1110 1460 ἐκείνου
1152 1405 1450 1480 ἀθεώτερον
1498 1406 1868 1486 βλασφημῶν.

1983 605 2155 670 viem,
2184 607 2355 670 atque
2413 603 2734 673 impietatis
2765 603 3010 673 apicem.
3048 621 3212 658 suam
3266 606 3492 660 stabilit
3530 625 3620 663 se-

1977 697 2149 748 ctam.
2205 691 2432 747 Divellit
2490 699 2547 744 et
2605 693 2760 745 dicta
2807 693 3067 763 qumdam
3125 695 3318 750 125a
3379 713 3410 749 a
3463 713 3622 752 sacro

1977 784 2310 854 Evangelio,
2355 781 2736 850 epistolisque
2773 783 2832 836 B.
2867 783 3054 849 Pauli,
3088 801 3216 852 quae
3246 795 3293 838 et
3346 787 3474 856 ipsa
3522 789 3622 840 de-

1974 877 2246 942 torquere
2281 871 2538 935 molitur,
2576 881 2746 941 alque
2776 870 2848 924 ad
2893 888 3063 925 suum
3097 873 3326 929 trahere
3377 875 3620 945 impium

1976 961 2207 1030 dogma.
2267 958 2426 1012 Actis
2474 958 2613 1012 item
2673 960 2811 1025 illis,
2846 975 2969 1031 quae
3028 961 3333 1015 duodecim
3386 969 3622 1034 aposto-

1976 1049 2164 1104 lorum
2200 1049 2310 1120 (22)
2346 1054 2647 1114 vocantur,
2667 1054 2722 1103 et
2746 1049 2990 1103 Andreae
3011 1051 3278 1119 maxime,
3295 1069 3408 1107 non
3431 1054 3622 1108 solum

1975 1139 2308 1201 assentitur,
2340 1137 2438 1192 sed
2467 1137 2641 1192 etiam
2674 1136 2810 1192 inde
2843 1139 3119 1208 superbia
3139 1140 3454 1195 extollitur.
3488 1146 3624 1197 Pro-

1977 1229 2077 1282 bat
2108 1228 2350 1298 insuper
2375 1227 2708 1281 animarum
2744 1226 3119 1298 migrationes
3150 1245 3163 1282 :
3200 1229 3343 1284 alios
3361 1232 3619 1301 quidem,

1978 1317 2078 1389 qui
2133 1317 2203 1371 ad
2255 1331 2548 1371 summum
2582 1315 2812 1370 virtutis
2856 1315 3088 1370 culmen
3139 1320 3620 1389 pervenerunt,in

1979 1411 2156 1461 Deum
2186 1403 2558 1458 resolvendo:
2593 1403 2738 1458 alios
2773 1421 2928 1471 vero,
2953 1405 3052 1475 qui
3083 1423 3378 1462 summum
3409 1407 3626 1479 impro-

194 1499 411 1558 bitatis
457 1499 798 1570 attigerunt,
830 1497 951 1568 igni
1003 1498 1282 1552 tradendo
1339 1513 1406 1552 ac
1437 1497 1732 1564 tenebris;
1784 1497 1927 1552 alios
1971 1495 2244 1565 denique,
2277 1493 2378 1564 qui
2432 1493 2618 1548 medio
2651 1495 2899 1563 quodam
2945 1497 3116 1548 modo
3147 1497 3318 1551 vitam
3357 1497 3625 1553 institue-

194 1599 366 1655 runt,
401 1587 463 1642 in
499 1604 742 1657 corpora
782 1588 991 1642 iterum
1034 1587 1376 1641 revocando.
1412 1587 1684 1642 Testibus
1739 1591 2014 1656 praeterea
2068 1586 2194 1639 sine
2237 1582 2606 1649 verecundia,
2638 1583 2812 1636 etiam
2872 1583 2945 1638 iis
2995 1584 3066 1637 ad
3117 1601 3285 1640 suam
3329 1587 3628 1644 stabilien-

193 1682 342 1734 dam
399 1678 766 1749 impietatem
831 1677 1034 1743 utitur,
1076 1675 1172 1744 qui
1220 1675 1482 1746 gentium
1519 1677 1851 1749 religionem
1900 1676 2135 1729 fuerunt
2174 1672 2448 1742 amplexi,
2499 1672 2869 1742 maximeque
2915 1673 3174 1741 Platone,
3223 1677 3453 1731 divinos
3501 1677 3632 1734 illos

201 1786 272 1824 ac
305 1783 511 1823 sacros
543 1765 779 1836 (quibus
828 1781 992 1836 aeque
1043 1765 1382 1820 nominibus
1421 1765 1714 1820 Christum
1763 1765 2119 1820 Servatorem
2166 1760 2368 1829 allicit)
2399 1759 2714 1830 appellans.
2749 1761 2872 1815 Alia
2912 1778 3144 1833 quoque
3185 1764 3350 1819 aliert
3378 1765 3630 1838 ingentis

200 1859 514 1922 amentiae,
541 1856 784 1922 fraudis,
816 1861 995 1927 atque
1033 1855 1352 1926 impietatis
1383 1855 1740 1925 plenissima.
1763 1855 1822 1910 In
1857 1853 2123 1909 Eunomii
2169 1853 2305 1907 item
2337 1867 2591 1906 errorem
2624 1851 2816 1940 invehi
2848 1853 3091 1922 videtur,
3125 1871 3257 1910 cum
3291 1857 3412 1926 ipse
3445 1874 3631 1930 quan-

197 1953 341 2005 tum
377 1949 472 2003 vix
501 1946 660 2002 credi
693 1951 906 2018 potest,
938 1947 1119 2017 impie
1150 1947 1338 2016 magis
1371 1963 1548 2018 quam
1572 1947 1669 2002 ille
1691 1945 2080 2018 blasphemet.

274 2037 441 2093 Ἐστι
492 2031 551 2088 δὲ
603 2035 701 2102 τὴν
763 2033 909 2103 λέξιν
959 2032 1047 2087 καὶ
1101 2033 1292 2107 φράσιν
1340 2032 1565 2109 ἐνιαχοῦ
1628 2035 1721 2107 μὲν
1778 2035 1878 2088 οὐκ

2059 2031 2237 2088 Dictio
2270 2032 2398 2102 ejus
2420 2035 2478 2086 et
2510 2031 2735 2100 phrasis
2767 2031 3055 2088 interdum
3091 2036 3322 2105 quidem
3359 2055 3469 2093 non
3502 2056 3634 2095 eon-

204 2123 513 2196 ἂδόκιμος,
545 2124 632 2177 καὶ
669 2121 909 2194 μάλιστα
937 2117 1191 2201 ἔκφρασίν
1254 2143 1403 2185 τινος
1452 2121 1500 2178 ε’ί
1557 2144 1662 2178 που
1708 2121 1873 2196 μελε-

192 2237 354 2287 τῳη,
386 2214 439 2268 ἐν
494 2211 550 2268 δὲ
577 2234 713 2267 τισιν
759 2211 987 2281 εὐτελής
1044 2213 1135 2267 καὶ
1185 2211 1341 2267 οὐδὲν
1389 2210 1726 2288 διενηνοχὼς
1763 2217 1870 2267 τῶν

201 2305 266 2359 ix
325 2300 577 2377 τριόδου.
609 2307 848 2376 Μετεῖχε
908 2301 965 2357 δὲ
1021 2304 1111 2358 καὶ
1159 2303 1206 2338 ⁴²
1262 2301 1579 2382 φιλοσόφων
1628 2307 1792 2357 τινῶν
1845 2304 1873 2357 ὁ

208 2391 414 2455 ἄθλιος
458 2392 824 2464 μαθημάτων,
867 2389 986 2445 οὐδ’
1035 2389 1262 2452 ἐκείνοις
1325 2394 1387 2446 τὸ
1452 2392 1735 2447 ἀνόθευτον
1783 2394 1871 2447 καὶ

204 2485 443 2558 γνήσιον
505 2479 808 2551 διασώζων,
841 2479 986 2536 ἀλλὰ
1041 2481 1214 2535 πάντα
1271 2486 1447 2536 κυκῶν
1519 2482 1608 2536 γαὶ
1660 2481 1874 2559 συμφῦ-

206 2594 350 2646 ρων.
387 2572 492 2627 Καὶ
522 2577 895 2644 κακουργῆσαι
934 2571 1027 2642 μὲν
1069 2568 1304 2640 cauet;
1359 2570 1448 2624 καὶ
1500 2571 1650 2633 εὐθὲς
1707 2574 1752 2607 ⁴³
1811 2569 1872 2625 οἱ)

199 2658 407 2734 πόῤῥω
457 2663 556 2713 τοῦ
603 2655 937 2733 δραστηρίου
967 2659 1057 2712 καὶ
1100 2655 1408 2721 δεινότατος
1440 2660 1508 2729 ⁴⁴,
1551 2659 1777 2734 ἐξευρεῖν
1816 2657 1873 2715 δὲ

198 2750 291 2803 καὶ
339 2754 680 2816 κατανοῆσαι
735 2746 1017 2808 παντελῶς
1067 2746 1269 2816 εὐήθης
1303 2747 1391 2802 καὶ
1441 2747 1680 2818 ἠλίθιος.
1724 2751 1875 2824 Χρη-

199 2838 429 2913 σιμεύει
493 2834 550 2892 δὲ
608 2838 670 2892 τὸ
734 2838 1038 2893 ἀθεώτατον
1096 2837 1260 2892 αὐτοῦ
1307 2839 1396 2892 καὶ
1461 2839 1870 2914 ἀγρηστότατον

200 2930 506 3002 σύνταγμα
573 2927 648 2987 εἷς
708 2922 941 3001 ἔλεγχον
995 2927 1159 2998 μόνον
1201 2927 1289 2981 καὶ
1323 2927 1589 3001 αἰσχύνην
1641 2933 1748 2983 τῶν
1805 2933 1873 3002 τῇ

199 3011 615 3089 δυσσεϐεστάτη
681 3016 772 3070 καὶ
833 3014 971 3086 ἀθέῳ
1022 3013 1151 3089 δόξῃ
1221 3021 1329 3071 τῶν
1406 3017 1730 3090 Μανιχαίων
1783 3018 1874 3072 καὶ

197 3107 368 3178 αὐτῷ
395 3103 591 3177 ἒκείνφ
620 3104 1156 3180 προσανακειμένων.

978 3283 1109 3340 ΡΗ’.

319 3371 586 3426 Ἰωάννου
639 3370 965 3444 Λαυρεντίου
1006 3368 1399 3448 Φιλαδελφέως
1455 3377 1551 3427 τοῦ
1591 3371 1767 3428 Λυδοῦ

810 3449 1182 3519 πραγματεῖαι
1220 3445 1289 3517 γν.

275 3533 735 3606 ’Λνεγνώσθησαν
779 3533 1041 3588 Ἰωάννου
1099 3536 1430 3606 Λαυρεντίου
1484 3531 1874 3611 Φιλαδελφέως

197 3629 304 3680 τοῦ
371 3619 555 3678 Λυδοῦ
629 3628 992 3698 πραγματεῖαι
1078 3629 1247 3698 τρεῖς,
1311 3624 1433 3693 περὶ
1519 3621 1876 3698 διοσημειῶν,

195 3714 332 3787 περὶ
400 3716 616 3786 μηνῶν,
649 3714 771 3786 περὶ
831 3712 1020 3788 ἀρχῶν
1071 3712 1395 3768 πολιτικῶν.
1461 3712 1621 3769 Ἀλλ’
1672 3717 1705 3783 ἡ
1783 3715 1878 3786 μὲν

207 3804 346 3875 περὶ
407 3799 770 3874 διοσημειῶν,
805 3802 903 3854 ὅσα
950 3823 1012 3875 γε
1059 3804 1174 3856 κατ’
1207 3800 1344 3872 ἐμὴν
1376 3802 1554 3874 κρίσιν
1613 3802 1699 3857 καὶ
1758 3809 1880 3857 πεῖ-

208 3913 345 3966 ραν,
387 3889 544 3946 οὐδὲν
572 3890 609 3959 ἢ
651 3889 734 3944 ἔπ’
766 3888 960 3965 ὀλίγον
994 3889 1279 3966 διενήνοχε
1313 3893 1499 3963 μύθων
1533 3911 1544 3923 ·
1578 3894 1612 3962 ἡ
1657 3890 1712 3948 δὲ
1758 3895 1878 3963 περὶ

214 3985 444 4054 μηνῶν,
490 3979 535 4034 εἰ
566 3981 654 4034 καὶ
689 3979 838 4033 πολὺ
879 3980 942 4034 τὸ
984 3979 1267 4054 ἄχρηστον
1300 3975 1440 4058 ἔχει,
1466 3979 1592 4036 ἀλλ’
1625 3979 1714 4036 οὖν
1747 3983 1882 4055 πρὸς

207 4073 324 4139 τήν
382 4078 484 4138 τῆς
539 4069 912 4145 ἀρχαιότητος
956 4071 1192 4143 μαθησιν
1267 4070 1489 4146 ἐπίχαρί
1531 4093 1589 4126 τε
1623 4073 1712 4127 καὶ
1763 4072 1881 4128 λίαν

205 4157 497 4238 χρειῶδες
530 4178 543 4191 ⁸
586 4161 623 4228 ἡ
665 4155 720 4214 δὲ
763 4158 887 4233 περὶ
925 4163 1232 4214 πολιτικῶν
1265 4161 1450 4235 ἀρχῶν
1495 4166 1612 4222 τοῖς
1643 4161 1764 4236 περί
1820 4163 1887 4218 τὰ

205 4253 455 4306 τοιαότα
489 4247 730 4320 μάλιστα
787 4247 1280 4328 φιλοτιμουμένοις
1313 4249 1412 4305 οὐκ
1440 4253 1560 4324 [211
1596 4253 1688 4326 H.]
1719 4249 1887 4326 ἄκομ-

207 4343 325 4414 ψον
360 4340 662 4413 παρέχεται
702 4341 748 4375 ⁸⁸
787 4340 886 4407 τὴν
920 4337 1186 4413 ἱστορίαν.

285 4429 576 4502 Κέχρηται
627 4425 675 4482 δ’
709 4429 868 4489 οὗτος
917 4428 946 4481 ὁ
997 4427 1333 4505 συγγραφεὺς
1373 4435 1606 4503 τροπαῖς
1665 4431 1891 4486 κατακόο

211 4539 364 4592 ρως,
395 4519 490 4573 καὶ
525 4515 827 4592 πολλαχοῦ
854 4517 948 4589 μὶν
985 4519 1214 4592 ψυχρῶς
1245 4515 1373 4592 ἄγαν
1405 4517 1493 4571 καὶ
1538 4515 1889 4594 παραϐόλως,

203 4606 333 4663 ἔστι
399 4604 449 4660 δ’
484 4602 610 4660 ἔνθα
669 4605 888 4668 οἰκείως
943 4607 1033 4660 καί
1076 4603 1474 4683 ἐπαφροδίτως.
1510 4607 1616 4664 Κάν
1681 4610 1728 4644 ⁴⁶
1777 4617 1892 4672 τοῖς

209 4696 428 4757 ἄλλοις
470 4693 531 4750 δὲ
562 4695 782 4764 πολλήν
814 4701 964 4751 νοσεῖ
1000 4697 1099 4763 τήν
1122 4696 1459 4769 ἀνωμαλίαν,
1494 4698 1805 4770 ὑπερόπτης
1839 4702 1890 4756 ἐν

1986 2123 2323 2187 temnenda,
2377 2121 2693 2190 praesertim
2727 2119 2772 2175 si
2838 2123 2979 2192 quid
3015 2132 3112 2178 aut
3156 2125 3500 2196 describere,
3533 2133 3637 2184 aut

1984 2210 2276 2281 explicare
2305 2210 2515 2276 satagit
2539 2228 2553 2275 ;
2577 2209 2633 2262 in
2669 2210 3026 2280 quibusdam
3055 2229 3259 2269 rursus
3281 2216 3431 2285 vilis,
3460 2218 3632 2273 nihil-

1989 2317 2105 2370 que
2135 2319 2164 2354 a
2199 2299 2531 2354 trivialibus
2564 2298 2858 2354 dill‘erens.
2881 2300 3130 2373 Attingit
3157 2307 3216 2358 et
3235 2304 3635 2378 phi1050phica

1983 2391 2249 2462 quaedam
2283 2390 2550 2461 dogmata
2584 2388 2760 2442 miser
2783 2389 2898 2455 ille,
2935 2392 2991 2445 in
3026 2393 3241 2462 quibus
3275 2401 3468 2451 tamen
3502 2414 3631 2469 ger-

1985 2496 2225 2534 manum
2260 2478 2406 2533 nihil
2437 2482 2537 2532 aut
2557 2478 2878 2548 genuinum
2914 2482 3138 2548 retinet,
3164 2485 3258 2537 sed
3277 2486 3470 2540 omnia
3490 2488 3634 2541 mis-

1983 2574 2074 2625 cet
2149 2577 2321 2638 atque
2382 2565 2706 2621 confundit.
2769 2568 2856 2622 Ad
2931 2569 3358 2638 depravandum
3418 2575 3629 2630 etenim

1983 2673 2176 2712 verum
2219 2661 2556 2725 rectumque
2589 2671 2704 2709 non
2752 2671 2954 2726 parum
2990 2657 3050 2710 in
3085 2662 3301 2730 agendo
3332 2665 3630 2731 strenuus,

1983 2747 2071 2800 vel
2104 2747 2160 2800 in
2191 2744 2434 2799 dicendo
2467 2743 2672 2810 solere,
2709 2745 2777 2798 ad
2810 2743 3221 2801 inveniendum
3257 2754 3432 2820 atque
3462 2767 3630 2807 exco-

1985 2835 2286 2906 gitandum
2305 2831 2548 2901 simplex
2562 2831 2798 2886 omnino
2812 2849 2877 2887 ac
2891 2833 3060 2888 stolid
3075 2852 3140 2890 us
3155 2837 3628 2906 deprehenditur.

1985 2924 2223 2980 Prodest
2259 2927 2452 2977 autem
2508 2921 2756 2991 impium
2791 2920 2952 2976 illius
2992 2928 3167 2994 atque
3199 2925 3628 2998 ineptissimum

1985 3029 2134 3084 opus
2180 3013 2248 3066 ad
2301 3008 2844 3079 reprehendendum
2887 3012 3192 3082 duntaxat,
3235 3015 3633 3088 pudoremque

1988 3100 2414 3166 incutiendum,
2475 3113 2605 3152 cum
2694 3097 3147 3156 Manichaeorum
3215 3102 3631 3174 impiissimam

1988 3189 2338 3258 doctrinam,
2369 3191 2488 3242 tum
2521 3187 2678 3242 hunc
2709 3187 2904 3259 ipsum
2939 3191 3319 3248 sectantibus.

2684 3277 2948 3336 CLXXX.

1985 3373 2216 3428 Joannis
2239 3368 2535 3425 Laurentii
2550 3369 3034 3441 Philadelphensis
3052 3371 3192 3444 Lydi
3211 3378 3480 3430 tractatus
3503 3386 3632 3432 tres.

2060 3551 2192 3622 Legi
2225 3551 3298 3622 JoannisLaurentiiPhiladelphensis
3331 3556 3466 3625 Lydi
3493 3559 3640 3611 trac-

1988 3644 2147 3695 tatus
2179 3646 2296 3695 tres
2330 3659 2342 3696 :
2380 3644 2450 3698 De
2483 3644 2752 3711 prodigiis
2775 3645 2876 3708 ,δάε
2896 3643 3193 3711 mensibus,
3218 3653 3275 3698 et
3304 3644 3370 3697 de
3398 3644 3642 3706 politici:

1989 3729 2428 3798 magistratibus.
2461 3734 2526 3786 At
2551 3733 2649 3788 ille
2670 3735 2742 3788 De
2773 3730 3069 3800 prodigus,
3097 3747 3224 3784 mea
3242 3730 3476 3800 quidem
3512 3748 3644 3784 scn-

1992 3823 2176 3872 teuna
2232 3824 2402 3886 atque
2453 3816 2702 3886 judicio,
2739 3834 2943 3888 parum
3003 3827 3102 3872 aut.
3160 3819 3307 3873 nihil
3347 3840 3377 3872 ει
3427 3818 3643 3873 tabulis

1992 3905 2208 3959 ditfert.
2256 3906 2418 3958 Alter
2450 3921 2579 3959 vero
2609 3907 2684 3960 De
2736 3907 3166 3971 mensibus,etsi
3200 3908 3428 3960 inutilia
3461 3911 3644 3961 multa

1994 3996 2274 4060 continet,
2311 3995 2380 4048 ad
2443 3997 2807 4066 antiquitatis
2857 4003 3044 4051 tamen
3095 4008 3313 4069 gratam
3350 4002 3643 4068 atqueju-

1995 4086 2246 4139 cundam
2308 4094 2700 4156 cognitionem
2745 4088 3123 4141 vehementer
3155 4089 3414 4153 prodesse
3441 4096 3646 4156 potest.

1997 4173 2255 4242 Denique
2288 4175 2360 4229 De
2394 4177 2808 4242 nragtstrattbus
2837 4175 3080 4247 politici:
3116 4177 3278 4245 liber,
3311 4177 3383 4230 iis
3417 4178 3648 4247 potissi-

1999 4280 2185 4332 mum,
2220 4270 2322 4336 qui
2376 4267 2668 4336 ejusmodi
2733 4267 3026 4333 ambiunt,
3085 4283 3200 4323 non
3259 4267 3648 4338 inelegantem

2000 4354 2165 4408 affert
2196 4355 2514 4410 historiam.

2072 4441 2264 4498 Utitur
2295 4451 2494 4499 autem
2527 4444 2622 4500 hic
2663 4447 2914 4518 scriptor
2946 4447 3256 4502 verborum
3298 4447 3653 4502 immutatio-

2001 4532 2173 4586 nibus
2205 4537 2271 4587 ad
2335 4535 2681 4596 satietatem.
2713 4541 2771 4590 et
2833 4535 3186 4608 plerumque
3217 4537 3427 4606 frigide
3477 4537 3655 4591 nimis

2004 4625 2179 4690 atque
2223 4624 2526 4689 audacter,
2574 4623 2683 4678 etsi
2717 4625 3011 4679 interdum
3055 4640 3282 4695 quoque
3330 4627 3560 4696 proprie
3591 4640 3658 4679 ac

2005 4719 2266 4765 venusto.
2303 4712 2492 4768 I251)
2516 4713 2578 4766 In
2611 4711 2746 4767 aliis
2797 4715 2936 4769 item
2990 4712 3380 4783 inaequalitate
3414 4714 3656 4778 laborat,

209 4788 313 4846 οἷς
348 4786 418 4839 οὗ
453 4782 561 4855 δεῖ,
583 4785 674 4840 καὶ
696 4786 1062 4860 κατεπτηχὼς
1093 4783 1261 4839 πάλιν
1295 4785 1346 4838 ἦν
1381 4786 1464 4847 οἷς
1499 4788 1575 4858 μή
1611 4785 1710 4855 δεῖ,
1730 4789 1879 4849 κόλαέ

2009 4797 2147 4853 dum
2183 4800 2508 4853 fastuosum
2551 4802 2686 4872 agit,
2723 4800 2824 4855 ubi
2876 4817 2990 4856 non
3041 4782 3268 4871 Oportet
3301 4817 3316 4868 ;
3365 4807 3421 4856 et
3459 4808 3660 4856 contra

208 4895 276 4930 τε
311 4878 424 4928 τῶν
456 4877 767 4946 περιόντων
797 4874 1366 4949 ἀπροφάσιστος,[408
1391 4877 1480 4949 8.]
1511 4877 1598 4930 καὶ
1619 4883 1727 4932 τῶν
1747 4879 1903 4934 ἀποι-

212 4963 524 5039 χομᾶνων,
556 4959 647 5016 καί
677 4962 806 5034 παρ’
843 4963 917 5016 ὧν
951 4961 1014 5016 οὐ
1040 4961 1253 5036 νομίζει
1309 4961 1465 5033 δίκην
1499 4961 1705 5041 ὕϐρεως
1735 4971 1906 5042 πράτ-

204 5054 438 5120 τεσθαι,
470 5051 550 5106 εἷς
578 5051 642 5105 τὸ
695 5052 1105 5128 φορτικώτατον
1145 5050 1274 5116 τοὺς
1307 5053 1540 5125 μώμους
1597 5055 1902 5133 καταχέων.

213 5141 339 5197 Καὶ
374 5139 520 5210 λὲξει
556 5139 656 5211 μὶν
691 5134 836 5195 ἔστιν
867 5140 928 5194 οὗ
965 5139 1233 5215 κέχρηται
1281 5138 1480 5214 λογαδι
1520 5164 1578 5197 τε
1607 5147 1692 5199 καὶ
1756 5147 1807 5210 ἐς
1844 5149 1905 5204 τὸ

213 5230 635 5302 ἦττικισμὲνον
695 5229 993 5305 ἀνηγμένη,
1043 5226 1158 5285 ἔστι
1199 5227 1246 5285 δ’
1288 5231 1426 5286 ὅπου
1480 5243 1814 5306 χαμαιπετεῖ
1848 5260 1906 5294 τε

2016 4886 2278 4956 abjectus
2321 4894 2430 4956 est,
2474 4889 2574 4943 ubi
2616 4894 2672 4944 et
2709 4889 2821 4944 hoc
2869 4889 3110 4945 minime
3159 4893 3341 4945 docet.
3382 4891 3662 4946 Adulator

2016 4978 2217 5032 adhes
2231 4978 2610 5048 superstitum
2627 4979 3131 5049 inexcusabilis,in
3157 4985 3510 5034 mortuorum
3532 4996 3662 5035 vero

2016 5071 2073 5120 et
2103 5083 2135 5120 a
2165 5066 2380 5137 quibus
2405 5069 2720 5123 vindictam
2748 5085 2863 5123 non
2884 5069 3134 5135 timeret,
3157 5069 3662 5140 reprehensiones,

2017 5154 2337 5210 immodice
2389 5156 2626 5212 effusus.
2661 5157 2921 5212 Dictione
2954 5164 3226 5227 praeterea
3274 5158 3455 5213 utitur
3483 5159 3666 5214 inter-

2017 5245 2048 5297 d
2063 5259 2153 5298 um
2169 5245 2402 5314 quidem
2435 5249 2668 5314 setecta,
2688 5252 2860 5317 atque
2881 5247 3202 5302 Atticorum
3220 5263 3379 5302 more
3393 5247 3663 5306 sublimi:

1617 5333 1852 5392 νΑιιιΑε
1913 5339 2300 5396 LECTIONES

309 5427 361 5462 ⁸¹
389 5424 631 5510 ἔσχατον
659 5434 706 5486 Α
745 5447 757 5483 :
800 5425 966 5510 ᾅκρον
998 5448 1048 5510 ς..
1129 5427 1288 5510 ⁸ξΑκαξ
1320 5429 1452 5510 add.
1486 5433 1562 5510 Α.⁸
1633 5434 1678 5468 ⁸³
1706 5433 1854 5497 εὐθές
1888 5440 1977 5494 AC
2019 5458 2033 5496 :
2085 5440 2438 5510 Rothomag.
2507 5439 2630 5493 εὐθύ
2705 5441 2754 5476 ⁴⁴
2811 5438 3113 5504 δεινότατος
3162 5460 3311 5501 corr.
3343 5448 3387 5500 Α

219 5519 417 5568 τητος
450 5497 502 5562 ξ,
581 5502 627 5536 ⁸⁸
659 5497 975 5576 περιέχεται
1009 5505 1075 5556 Α.
1152 5501 1198 5536 ⁴⁶
1227 5497 1324 5552 κᾶν
1350 5503 1394 5556 Α
1430 5519 1444 5558 :
1477 5501 1565 5556 καὶ
1597 5524 1646 5567 ς.

3443 5461 3455 5499 ἒ
3499 5440 3666 5498 δεινό-

325 5683 444 5754 (22)
476 5688 557 5743 De
589 5689 810 5760 quibus
841 5689 1071 5761 cepiose
1103 5691 1165 5744 ο.
1195 5691 1404 5744 Baron.
1436 5694 1478 5746 t.
1516 5690 1559 5760 l,
1588 5693 1660 5748 ad
1693 5627 2158 5756 annugoglfist.
2183 5699 2272 5754 44.
