  <div class='ocr_page' id='page_1' title='image "/cluster/home/n/w/nwhite01/storage/ocr_20150623/103/hvd.32044054112495/282.png"; bbox 0 0 4136 6216; ppageno 0'>
   <div class='ocr_carea' id='block_1_1' title="bbox 289 337 414 396">
    <p class='ocr_par' dir='ltr' id='par_1_1' title="bbox 289 337 414 396">
     <span class='ocr_line' id='line_1_1' title="bbox 289 337 414 396; baseline 0 0"><span class='ocrx_word' id='word_1_1' title='bbox 289 337 414 396; x_wconf 75' lang='grc'>529</span> 
     </span>
    </p>
   </div>
   <div class='ocr_carea' id='block_1_2' title="bbox 1387 325 2608 390">
    <p class='ocr_par' dir='ltr' id='par_1_2' title="bbox 1387 325 2608 390">
     <span class='ocr_line' id='line_1_2' title="bbox 1387 325 2608 390; baseline -0.003 -2"><span class='ocrx_word' id='word_1_2' title='bbox 1387 327 1922 390; x_wconf 83' lang='lat' dir='ltr'>BIBLIOTHECA.</span> <span class='ocrx_word' id='word_1_3' title='bbox 1971 359 2042 372; x_wconf 88' lang='lat'>--</span> <span class='ocrx_word' id='word_1_4' title='bbox 2089 325 2262 387; x_wconf 87' lang='lat' dir='ltr'>COD.</span> <span class='ocrx_word' id='word_1_5' title='bbox 2309 327 2608 387; x_wconf 88' lang='lat' dir='ltr'><strong>CLXXXI.</strong></span> 
     </span>
    </p>
   </div>
   <div class='ocr_carea' id='block_1_3' title="bbox 3586 329 3703 389">
    <p class='ocr_par' dir='ltr' id='par_1_3' title="bbox 3586 329 3703 389">
     <span class='ocr_line' id='line_1_3' title="bbox 3586 329 3703 389; baseline -0.009 0"><span class='ocrx_word' id='word_1_6' title='bbox 3586 329 3703 389; x_wconf 81' lang='lat'>530</span> 
     </span>
    </p>
   </div>
   <div class='ocr_carea' id='block_1_4' title="bbox 287 457 1940 542">
    <p class='ocr_par' dir='ltr' id='par_1_4' title="bbox 287 457 1940 542">
     <span class='ocr_line' id='line_1_4' title="bbox 287 457 1940 542; baseline -0.006 -19"><span class='ocrx_word' id='word_1_7' title='bbox 287 469 372 532; x_wconf 74' lang='grc' dir='ltr'>εἰς</span> <span class='ocrx_word' id='word_1_8' title='bbox 426 465 594 542; x_wconf 76' lang='grc' dir='ltr'>ἄκρον</span> <span class='ocrx_word' id='word_1_9' title='bbox 653 459 936 534; x_wconf 74' lang='grc' dir='ltr'>δυσσεϐὴς,</span> <span class='ocrx_word' id='word_1_10' title='bbox 995 464 1192 518; x_wconf 81' lang='grc' dir='ltr'>καινῶν</span> <span class='ocrx_word' id='word_1_11' title='bbox 1246 463 1292 497; x_wconf 77' lang='grc'>⁵⁵</span> <span class='ocrx_word' id='word_1_12' title='bbox 1337 457 1394 516; x_wconf 74' lang='grc' dir='ltr'>δὲ</span> <span class='ocrx_word' id='word_1_13' title='bbox 1448 459 1538 515; x_wconf 83' lang='grc' dir='ltr'>καὶ</span> <span class='ocrx_word' id='word_1_14' title='bbox 1585 463 1940 536; x_wconf 82' lang='grc' dir='ltr'>γραοπρεπῶν</span> 
     </span>
    </p>
   </div>
   <div class='ocr_carea' id='block_1_5' title="bbox 2053 457 3702 542">
    <p class='ocr_par' dir='ltr' id='par_1_5' title="bbox 2056 461 3702 535">
     <span class='ocr_line' id='line_1_5' title="bbox 2056 461 3702 535; baseline 0.005 -19"><span class='ocrx_word' id='word_1_15' title='bbox 2056 462 2281 518; x_wconf 74' lang='lat' dir='ltr'>ta&#39;netsi</span> <span class='ocrx_word' id='word_1_16' title='bbox 2329 461 2552 532; x_wconf 86' lang='lat' dir='ltr'>timide,</span> <span class='ocrx_word' id='word_1_17' title='bbox 2595 466 2864 534; x_wconf 89' lang='lat' dir='ltr'>tectaque</span> <span class='ocrx_word' id='word_1_18' title='bbox 2911 462 3338 535; x_wconf 79' lang='lat' dir='ltr'>malevolentia,</span> <span class='ocrx_word' id='word_1_19' title='bbox 3394 483 3510 524; x_wconf 90' lang='lat' dir='ltr'>non</span> <span class='ocrx_word' id='word_1_20' title='bbox 3573 485 3702 525; x_wconf 87' lang='lat' dir='ltr'>raro</span> 
     </span>
    </p>
   </div>
   <div class='ocr_carea' id='block_1_6' title="bbox 293 549 1947 630">
    <p class='ocr_par' dir='ltr' id='par_1_6' title="bbox 293 549 1947 630">
     <span class='ocr_line' id='line_1_6' title="bbox 293 549 1947 630; baseline -0.005 -18"><span class='ocrx_word' id='word_1_21' title='bbox 293 557 583 630; x_wconf 71' lang='grc' dir='ltr'>μυθαρίων</span> <span class='ocrx_word' id='word_1_22' title='bbox 614 555 774 610; x_wconf 74' lang='grc' dir='ltr'>αὐτόν</span> <span class='ocrx_word' id='word_1_23' title='bbox 807 574 865 609; x_wconf 86' lang='grc' dir='ltr'>τε</span> <span class='ocrx_word' id='word_1_24' title='bbox 893 553 982 607; x_wconf 82' lang='grc' dir='ltr'>τὸν</span> <span class='ocrx_word' id='word_1_25' title='bbox 1032 555 1155 607; x_wconf 94' lang='grc' dir='ltr'>νοῦν</span> <span class='ocrx_word' id='word_1_26' title='bbox 1202 551 1290 605; x_wconf 84' lang='grc' dir='ltr'>καὶ</span> <span class='ocrx_word' id='word_1_27' title='bbox 1329 552 1456 611; x_wconf 71' lang='grc' dir='ltr'>τοὺς</span> <span class='ocrx_word' id='word_1_28' title='bbox 1499 549 1695 627; x_wconf 83' lang='grc' dir='ltr'>λόγους</span> <span class='ocrx_word' id='word_1_29' title='bbox 1729 559 1947 618; x_wconf 78' lang='grc' dir='ltr'>πεπλη-</span> 
     </span>
    </p>
   </div>
   <div class='ocr_carea' id='block_1_7' title="bbox 289 636 1942 720">
    <p class='ocr_par' dir='ltr' id='par_1_7' title="bbox 289 636 1942 720">
     <span class='ocr_line' id='line_1_7' title="bbox 289 636 1942 720; baseline -0.006 -19"><span class='ocrx_word' id='word_1_30' title='bbox 289 645 548 720; x_wconf 70' lang='grc' dir='ltr'>ρωμένος</span> <span class='ocrx_word' id='word_1_31' title='bbox 581 664 594 676; x_wconf 78' lang='grc'><strong><em>⁸</em></strong></span> <span class='ocrx_word' id='word_1_32' title='bbox 630 642 714 698; x_wconf 77' lang='grc' dir='ltr'>διὸ</span> <span class='ocrx_word' id='word_1_33' title='bbox 771 641 862 698; x_wconf 76' lang='grc' dir='ltr'>καὶ</span> <span class='ocrx_word' id='word_1_34' title='bbox 925 647 1026 711; x_wconf 79' lang='grc' dir='ltr'>τῆς</span> <span class='ocrx_word' id='word_1_35' title='bbox 1066 641 1214 714; x_wconf 75' lang='grc' dir='ltr'>ἱερᾶς</span> <span class='ocrx_word' id='word_1_36' title='bbox 1258 642 1441 713; x_wconf 79' lang='grc' dir='ltr'>ἡμῶν,</span> <span class='ocrx_word' id='word_1_37' title='bbox 1467 638 1516 694; x_wconf 77' lang='grc' dir='ltr'>εἴ</span> <span class='ocrx_word' id='word_1_38' title='bbox 1553 638 1638 694; x_wconf 68' lang='grc' dir='ltr'><strong>καῖ</strong></span> <span class='ocrx_word' id='word_1_39' title='bbox 1683 636 1942 712; x_wconf 76' lang='grc' dir='ltr'>δειλιώσῃ</span> 
     </span>
    </p>
   </div>
   <div class='ocr_carea' id='block_1_8' title="bbox 286 727 1945 810">
    <p class='ocr_par' dir='ltr' id='par_1_8' title="bbox 286 727 1945 810">
     <span class='ocr_line' id='line_1_8' title="bbox 286 727 1945 810; baseline -0.005 -21"><span class='ocrx_word' id='word_1_40' title='bbox 286 735 386 789; x_wconf 80' lang='grc' dir='ltr'>καὶ</span> <span class='ocrx_word' id='word_1_41' title='bbox 444 732 804 810; x_wconf 69' lang='grc' dir='ltr'>λαϐραιοτέρᾳ</span> <span class='ocrx_word' id='word_1_42' title='bbox 851 730 1252 810; x_wconf 65' lang='grc' dir='ltr'>κακοφροσύνῃ,</span> <span class='ocrx_word' id='word_1_43' title='bbox 1314 729 1465 802; x_wconf 80' lang='grc' dir='ltr'>ὅμως</span> <span class='ocrx_word' id='word_1_44' title='bbox 1535 729 1631 783; x_wconf 80' lang='grc' dir='ltr'>οῦκ</span> <span class='ocrx_word' id='word_1_45' title='bbox 1698 727 1945 802; x_wconf 68' lang='grc' dir='ltr'>ὀλιγάκις</span> 
     </span>
    </p>
   </div>
   <div class='ocr_carea' id='block_1_9' title="bbox 287 817 1946 900">
    <p class='ocr_par' dir='ltr' id='par_1_9' title="bbox 287 817 1946 900">
     <span class='ocr_line' id='line_1_9' title="bbox 287 817 1946 900; baseline -0.004 -21"><span class='ocrx_word' id='word_1_46' title='bbox 287 825 538 900; x_wconf 72' lang='grc' dir='ltr'>φαίνεται</span> <span class='ocrx_word' id='word_1_47' title='bbox 594 825 640 860; x_wconf 71' lang='grc'>⁵⁸</span> <span class='ocrx_word' id='word_1_48' title='bbox 687 825 1039 877; x_wconf 78' lang='grc' dir='ltr'>καθυλακτῶν</span> <span class='ocrx_word' id='word_1_49' title='bbox 1107 817 1376 880; x_wconf 75' lang='grc' dir='ltr'>εὐσεϐείας</span> <span class='ocrx_word' id='word_1_50' title='bbox 1437 821 1564 894; x_wconf 78' lang='grc'>[409</span> <span class='ocrx_word' id='word_1_51' title='bbox 1603 819 1690 892; x_wconf 66' lang='grc'>3.]</span> <span class='ocrx_word' id='word_1_52' title='bbox 1729 819 1946 873; x_wconf 71' lang='grc' dir='ltr'>Πάντων</span> 
     </span>
    </p>
   </div>
   <div class='ocr_carea' id='block_1_10' title="bbox 287 907 1946 985">
    <p class='ocr_par' dir='ltr' id='par_1_10' title="bbox 287 907 1946 985">
     <span class='ocr_line' id='line_1_10' title="bbox 287 907 1946 985; baseline -0.004 -19"><span class='ocrx_word' id='word_1_53' title='bbox 287 909 341 966; x_wconf 77' lang='grc' dir='ltr'>δ’</span> <span class='ocrx_word' id='word_1_54' title='bbox 374 915 530 976; x_wconf 81' lang='grc' dir='ltr'>ὅσους</span> <span class='ocrx_word' id='word_1_55' title='bbox 571 909 767 985; x_wconf 77' lang='grc' dir='ltr'>ἐξαίρει</span> <span class='ocrx_word' id='word_1_56' title='bbox 811 917 928 972; x_wconf 83' lang='grc' dir='ltr'>τοῖς</span> <span class='ocrx_word' id='word_1_57' title='bbox 979 909 1186 984; x_wconf 80' lang='grc' dir='ltr'>λόγοις,</span> <span class='ocrx_word' id='word_1_58' title='bbox 1219 909 1311 963; x_wconf 78' lang='grc' dir='ltr'>καὶ</span> <span class='ocrx_word' id='word_1_59' title='bbox 1342 907 1618 982; x_wconf 77' lang='grc' dir='ltr'>κρείττους</span> <span class='ocrx_word' id='word_1_60' title='bbox 1651 909 1684 976; x_wconf 74' lang='grc' dir='ltr'><strong>ἢ</strong></span> <span class='ocrx_word' id='word_1_61' title='bbox 1707 910 1828 962; x_wconf 80' lang='grc' dir='ltr'>κατ’</span> <span class='ocrx_word' id='word_1_62' title='bbox 1855 907 1946 960; x_wconf 81' lang='grc' dir='ltr'>ἀν-</span> 
     </span>
    </p>
   </div>
   <div class='ocr_carea' id='block_1_11' title="bbox 291 996 1948 1080">
    <p class='ocr_par' dir='ltr' id='par_1_11' title="bbox 291 996 1948 1080">
     <span class='ocr_line' id='line_1_11' title="bbox 291 996 1948 1080; baseline -0.004 -24"><span class='ocrx_word' id='word_1_63' title='bbox 291 1004 526 1076; x_wconf 75' lang='grc' dir='ltr'>θρώπων</span> <span class='ocrx_word' id='word_1_64' title='bbox 591 1003 748 1080; x_wconf 70' lang='grc' dir='ltr'>φύσιν</span> <span class='ocrx_word' id='word_1_65' title='bbox 801 1001 1000 1070; x_wconf 78' lang='grc' dir='ltr'>θειᾶζει</span> <span class='ocrx_word' id='word_1_66' title='bbox 1031 999 1305 1076; x_wconf 80' lang='grc' dir='ltr'>γεγονέναι</span> <span class='ocrx_word' id='word_1_67' title='bbox 1340 1004 1458 1063; x_wconf 79' lang='grc' dir='ltr'>ταῖς</span> <span class='ocrx_word' id='word_1_68' title='bbox 1507 1020 1564 1053; x_wconf 90' lang='grc' dir='ltr'>τε</span> <span class='ocrx_word' id='word_1_69' title='bbox 1595 999 1638 1034; x_wconf 67' lang='grc'><strong>⁵⁷</strong></span> <span class='ocrx_word' id='word_1_70' title='bbox 1668 1002 1775 1052; x_wconf 83' lang='grc' dir='ltr'>τῶν</span> <span class='ocrx_word' id='word_1_71' title='bbox 1835 996 1948 1052; x_wconf 83' lang='grc' dir='ltr'>ἐπι-</span> 
     </span>
    </p>
   </div>
   <div class='ocr_carea' id='block_1_12' title="bbox 289 1086 1946 1166">
    <p class='ocr_par' dir='ltr' id='par_1_12' title="bbox 289 1086 1946 1166">
     <span class='ocr_line' id='line_1_12' title="bbox 289 1086 1946 1166; baseline -0.002 -20"><span class='ocrx_word' id='word_1_72' title='bbox 289 1097 520 1165; x_wconf 78' lang='grc' dir='ltr'>στημῶν</span> <span class='ocrx_word' id='word_1_73' title='bbox 552 1089 916 1154; x_wconf 81' lang='grc' dir='ltr'>τελεωτάταις</span> <span class='ocrx_word' id='word_1_74' title='bbox 945 1091 1221 1166; x_wconf 83' lang='grc' dir='ltr'>Θεωρίαις,</span> <span class='ocrx_word' id='word_1_75' title='bbox 1245 1090 1334 1143; x_wconf 85' lang='grc' dir='ltr'>καὶ</span> <span class='ocrx_word' id='word_1_76' title='bbox 1375 1093 1452 1161; x_wconf 76' lang='grc' dir='ltr'>τῷ</span> <span class='ocrx_word' id='word_1_77' title='bbox 1483 1089 1640 1163; x_wconf 70' lang='grc' dir='ltr'>τάχει</span> <span class='ocrx_word' id='word_1_78' title='bbox 1696 1095 1794 1157; x_wconf 74' lang='grc' dir='ltr'>τῆς</span> <span class='ocrx_word' id='word_1_79' title='bbox 1827 1086 1946 1143; x_wconf 84' lang='grc' dir='ltr'>δια-</span> 
     </span>
    </p>
   </div>
   <div class='ocr_carea' id='block_1_13' title="bbox 281 1177 1944 1254">
    <p class='ocr_par' dir='ltr' id='par_1_13' title="bbox 281 1177 1944 1254">
     <span class='ocr_line' id='line_1_13' title="bbox 281 1177 1944 1254; baseline -0.003 -19"><span class='ocrx_word' id='word_1_80' title='bbox 281 1180 694 1246; x_wconf 78' lang='grc' dir='ltr'>νοίας,το·3των</span> <span class='ocrx_word' id='word_1_81' title='bbox 744 1180 972 1234; x_wconf 70' lang='grc' dir='ltr'>ἑκάστου</span> <span class='ocrx_word' id='word_1_82' title='bbox 1003 1179 1192 1254; x_wconf 68' lang='grc' dir='ltr'>κριτὴν</span> <span class='ocrx_word' id='word_1_83' title='bbox 1251 1177 1436 1232; x_wconf 72' lang='grc' dir='ltr'>ἑαυτὸν</span> <span class='ocrx_word' id='word_1_84' title='bbox 1503 1177 1858 1232; x_wconf 81' lang='grc' dir='ltr'>ἐπικαοιστῶν</span> <span class='ocrx_word' id='word_1_85' title='bbox 1901 1181 1944 1214; x_wconf 77' lang='grc'>⁸⁸</span> 
     </span>
    </p>
   </div>
   <div class='ocr_carea' id='block_1_14' title="bbox 285 1264 1942 1343">
    <p class='ocr_par' dir='ltr' id='par_1_14' title="bbox 285 1264 1942 1343">
     <span class='ocr_line' id='line_1_14' title="bbox 285 1264 1942 1343; baseline -0.002 -20"><span class='ocrx_word' id='word_1_86' title='bbox 285 1267 396 1323; x_wconf 76' lang='grc' dir='ltr'>οὐκ</span> <span class='ocrx_word' id='word_1_87' title='bbox 435 1267 577 1323; x_wconf 79' lang='grc' dir='ltr'>ἔστιν</span> <span class='ocrx_word' id='word_1_88' title='bbox 610 1269 736 1322; x_wconf 80' lang='grc' dir='ltr'>ὅτου</span> <span class='ocrx_word' id='word_1_89' title='bbox 773 1268 848 1340; x_wconf 78' lang='grc' dir='ltr'><strong>μή</strong></span> <span class='ocrx_word' id='word_1_90' title='bbox 880 1269 1184 1340; x_wconf 73' lang='grc' dir='ltr'>καθήψατο,</span> <span class='ocrx_word' id='word_1_91' title='bbox 1219 1264 1299 1343; x_wconf 74' lang='grc' dir='ltr'>ἐφ’</span> <span class='ocrx_word' id='word_1_92' title='bbox 1331 1267 1556 1321; x_wconf 71' lang='grc' dir='ltr'>ἑκάστου</span> <span class='ocrx_word' id='word_1_93' title='bbox 1601 1271 1708 1322; x_wconf 80' lang='grc' dir='ltr'>τῶν</span> <span class='ocrx_word' id='word_1_94' title='bbox 1741 1267 1942 1340; x_wconf 82' lang='grc' dir='ltr'>Θαυμα-</span> 
     </span>
    </p>
   </div>
   <div class='ocr_carea' id='block_1_15' title="bbox 283 1353 1940 1430">
    <p class='ocr_par' dir='ltr' id='par_1_15' title="bbox 283 1353 1940 1430">
     <span class='ocr_line' id='line_1_15' title="bbox 283 1353 1940 1430; baseline -0.001 -18"><span class='ocrx_word' id='word_1_95' title='bbox 283 1357 539 1430; x_wconf 67' lang='grc' dir='ltr'>ζομένων</span> <span class='ocrx_word' id='word_1_96' title='bbox 571 1359 648 1430; x_wconf 73' lang='grc' dir='ltr'>μὴ</span> <span class='ocrx_word' id='word_1_97' title='bbox 681 1355 1012 1430; x_wconf 72' lang='grc' dir='ltr'>ἐνδεέστερον</span> <span class='ocrx_word' id='word_1_98' title='bbox 1045 1353 1216 1430; x_wconf 75' lang='grc' dir='ltr'>ἔχειν,</span> <span class='ocrx_word' id='word_1_99' title='bbox 1247 1356 1346 1411; x_wconf 86' lang='grc' dir='ltr'>τοῦ</span> <span class='ocrx_word' id='word_1_100' title='bbox 1381 1356 1474 1430; x_wconf 75' lang='grc' dir='ltr'>μὲν</span> <span class='ocrx_word' id='word_1_101' title='bbox 1522 1357 1597 1417; x_wconf 81' lang='grc' dir='ltr'>εἷς</span> <span class='ocrx_word' id='word_1_102' title='bbox 1655 1354 1940 1430; x_wconf 76' lang='grc' dir='ltr'>ἀγχίνοιαν</span> 
     </span>
    </p>
   </div>
   <div class='ocr_carea' id='block_1_16' title="bbox 275 1442 1940 1524">
    <p class='ocr_par' dir='ltr' id='par_1_16' title="bbox 275 1442 1940 1524">
     <span class='ocr_line' id='line_1_16' title="bbox 275 1442 1940 1524; baseline -0.001 -24"><span class='ocrx_word' id='word_1_103' title='bbox 275 1445 590 1522; x_wconf 67' lang='grc' dir='ltr'>ἐξηρμένου</span> <span class='ocrx_word' id='word_1_104' title='bbox 619 1447 688 1517; x_wconf 73' lang='grc'>⁵9,</span> <span class='ocrx_word' id='word_1_105' title='bbox 720 1445 803 1501; x_wconf 76' lang='grc' dir='ltr'>ὅτι</span> <span class='ocrx_word' id='word_1_106' title='bbox 841 1447 917 1518; x_wconf 76' lang='grc' dir='ltr'>μή</span> <span class='ocrx_word' id='word_1_107' title='bbox 951 1445 1124 1501; x_wconf 79' lang='grc' dir='ltr'>πάντά</span> <span class='ocrx_word' id='word_1_108' title='bbox 1155 1445 1438 1524; x_wconf 82' lang='grc' dir='ltr'>ἀγχίνους,</span> <span class='ocrx_word' id='word_1_109' title='bbox 1471 1449 1566 1500; x_wconf 86' lang='grc' dir='ltr'>τοῦ</span> <span class='ocrx_word' id='word_1_110' title='bbox 1613 1442 1658 1498; x_wconf 76' lang='grc' dir='ltr'>δ’</span> <span class='ocrx_word' id='word_1_111' title='bbox 1691 1445 1768 1506; x_wconf 87' lang='grc' dir='ltr'>εἷς</span> <span class='ocrx_word' id='word_1_112' title='bbox 1825 1444 1940 1500; x_wconf 85' lang='grc' dir='ltr'>ἐπι-</span> 
     </span>
    </p>
   </div>
   <div class='ocr_carea' id='block_1_17' title="bbox 271 1531 1943 1610">
    <p class='ocr_par' dir='ltr' id='par_1_17' title="bbox 271 1531 1943 1610">
     <span class='ocr_line' id='line_1_17' title="bbox 271 1531 1943 1610; baseline -0.003 -18"><span class='ocrx_word' id='word_1_113' title='bbox 271 1539 504 1610; x_wconf 66' lang='grc' dir='ltr'>στήμας</span> <span class='ocrx_word' id='word_1_114' title='bbox 561 1531 978 1610; x_wconf 75' lang='grc' dir='ltr'>ἇπαραόλήτου,</span> <span class='ocrx_word' id='word_1_115' title='bbox 1013 1535 1092 1590; x_wconf 80' lang='grc' dir='ltr'>ὅτι</span> <span class='ocrx_word' id='word_1_116' title='bbox 1133 1536 1208 1607; x_wconf 84' lang='grc' dir='ltr'>μή</span> <span class='ocrx_word' id='word_1_117' title='bbox 1241 1535 1414 1590; x_wconf 77' lang='grc' dir='ltr'>πάντα</span> <span class='ocrx_word' id='word_1_118' title='bbox 1471 1535 1812 1607; x_wconf 83' lang='grc' dir='ltr'>ἐπιστήμων,</span> <span class='ocrx_word' id='word_1_119' title='bbox 1853 1535 1943 1588; x_wconf 78' lang='grc' dir='ltr'>καὶ</span> 
     </span>
    </p>
   </div>
   <div class='ocr_carea' id='block_1_18' title="bbox 273 1621 1938 1699">
    <p class='ocr_par' dir='ltr' id='par_1_18' title="bbox 273 1621 1938 1699">
     <span class='ocr_line' id='line_1_18' title="bbox 273 1621 1938 1699; baseline -0.001 -20"><span class='ocrx_word' id='word_1_120' title='bbox 273 1622 356 1692; x_wconf 73' lang='grc' dir='ltr'>δή</span> <span class='ocrx_word' id='word_1_121' title='bbox 415 1624 506 1679; x_wconf 75' lang='grc' dir='ltr'>καὶ</span> <span class='ocrx_word' id='word_1_122' title='bbox 565 1630 660 1680; x_wconf 85' lang='grc' dir='ltr'>τοῦ</span> <span class='ocrx_word' id='word_1_123' title='bbox 709 1625 786 1686; x_wconf 66' lang='grc' dir='ltr'>εἷς</span> <span class='ocrx_word' id='word_1_124' title='bbox 835 1625 1028 1699; x_wconf 74' lang='grc' dir='ltr'>ἀρετὴν</span> <span class='ocrx_word' id='word_1_125' title='bbox 1063 1623 1368 1699; x_wconf 74' lang='grc' dir='ltr'>ἐγγίζοντος</span> <span class='ocrx_word' id='word_1_126' title='bbox 1403 1629 1538 1696; x_wconf 79' lang='grc' dir='ltr'>Θεῷ,</span> <span class='ocrx_word' id='word_1_127' title='bbox 1571 1623 1654 1678; x_wconf 75' lang='grc' dir='ltr'>ὅτι</span> <span class='ocrx_word' id='word_1_128' title='bbox 1711 1621 1938 1678; x_wconf 79' lang='grc' dir='ltr'>πολλῶν</span> 
     </span>
    </p>
   </div>
   <div class='ocr_carea' id='block_1_19' title="bbox 1768 1712 1944 1792">
    <p class='ocr_par' dir='ltr' id='par_1_19' title="bbox 1768 1712 1944 1792">
     <span class='ocr_line' id='line_1_19' title="bbox 1768 1712 1944 1792; baseline 0 -25"><span class='ocrx_word' id='word_1_129' title='bbox 1768 1712 1862 1792; x_wconf 75' lang='grc' dir='ltr'>φέρ</span> <span class='ocrx_word' id='word_1_130' title='bbox 1871 1734 1944 1767; x_wconf 88' lang='grc' dir='ltr'>ων</span> 
     </span>
    </p>
   </div>
   <div class='ocr_carea' id='block_1_20' title="bbox 273 1710 1673 1784">
    <p class='ocr_par' dir='ltr' id='par_1_20' title="bbox 273 1710 1673 1784">
     <span class='ocr_line' id='line_1_20' title="bbox 273 1710 1673 1784; baseline -0.002 -14"><span class='ocrx_word' id='word_1_131' title='bbox 273 1712 498 1784; x_wconf 74' lang='grc' dir='ltr'>ἐνδεής.</span> <span class='ocrx_word' id='word_1_132' title='bbox 541 1713 730 1778; x_wconf 77' lang='grc' dir='ltr'>Οὕτως</span> <span class='ocrx_word' id='word_1_133' title='bbox 797 1718 1015 1769; x_wconf 79' lang='grc' dir='ltr'>ἐκείνων</span> <span class='ocrx_word' id='word_1_134' title='bbox 1091 1710 1336 1784; x_wconf 74' lang='grc' dir='ltr'>ἕκαστον,</span> <span class='ocrx_word' id='word_1_135' title='bbox 1397 1714 1488 1776; x_wconf 77' lang='grc' dir='ltr'>οὓς</span> <span class='ocrx_word' id='word_1_136' title='bbox 1563 1712 1673 1769; x_wconf 80' lang='grc' dir='ltr'>όίνω</span> 
     </span>
    </p>
   </div>
   <div class='ocr_carea' id='block_1_21' title="bbox 273 1803 2022 1899">
    <p class='ocr_par' dir='ltr' id='par_1_21' title="bbox 273 1803 2022 1899">
     <span class='ocr_line' id='line_1_21' title="bbox 273 1803 2022 1899; baseline -0.001 -41"><span class='ocrx_word' id='word_1_137' title='bbox 273 1803 470 1877; x_wconf 70' lang='grc' dir='ltr'>ἐξῆρε,</span> <span class='ocrx_word' id='word_1_138' title='bbox 501 1805 820 1880; x_wconf 72' lang='grc' dir='ltr'>κατασῦρων</span> <span class='ocrx_word' id='word_1_139' title='bbox 867 1803 957 1859; x_wconf 86' lang='grc' dir='ltr'>καὶ</span> <span class='ocrx_word' id='word_1_140' title='bbox 998 1805 1203 1878; x_wconf 79' lang='grc' dir='ltr'>ῥίπτων</span> <span class='ocrx_word' id='word_1_141' title='bbox 1248 1803 1448 1879; x_wconf 82' lang='grc' dir='ltr'>χαμαὶ,</span> <span class='ocrx_word' id='word_1_142' title='bbox 1488 1803 1549 1858; x_wconf 90' lang='grc' dir='ltr'>τὸ</span> <span class='ocrx_word' id='word_1_143' title='bbox 1589 1803 1786 1874; x_wconf 76' lang='grc' dir='ltr'>κράτος</span> <span class='ocrx_word' id='word_1_144' title='bbox 1820 1805 1941 1856; x_wconf 75' lang='grc' dir='ltr'>ὲαυ-</span> <span class='ocrx_word' id='word_1_145' title='bbox 1979 1833 2022 1899; x_wconf 80' lang='grc' dir='ltr'><strong>Β</strong></span> 
     </span>
    </p>
   </div>
   <div class='ocr_carea' id='block_1_22' title="bbox 275 1892 1938 1966">
    <p class='ocr_par' dir='ltr' id='par_1_22' title="bbox 275 1892 1938 1966">
     <span class='ocr_line' id='line_1_22' title="bbox 275 1892 1938 1966; baseline 0.001 -20"><span class='ocrx_word' id='word_1_146' title='bbox 275 1899 369 1964; x_wconf 74' lang='grc' dir='ltr'>τῷ</span> <span class='ocrx_word' id='word_1_147' title='bbox 413 1895 552 1948; x_wconf 75' lang='grc' dir='ltr'>κατὰ</span> <span class='ocrx_word' id='word_1_148' title='bbox 607 1893 818 1949; x_wconf 69' lang='grc' dir='ltr'>πάντων</span> <span class='ocrx_word' id='word_1_149' title='bbox 867 1895 957 1948; x_wconf 84' lang='grc' dir='ltr'>καὶ</span> <span class='ocrx_word' id='word_1_150' title='bbox 1006 1892 1094 1948; x_wconf 77' lang='grc' dir='ltr'>ἐπὶ</span> <span class='ocrx_word' id='word_1_151' title='bbox 1152 1898 1282 1948; x_wconf 77' lang='grc' dir='ltr'>πᾶσι</span> <span class='ocrx_word' id='word_1_152' title='bbox 1341 1892 1657 1961; x_wconf 74' lang='grc' dir='ltr'>λεληθότως</span> <span class='ocrx_word' id='word_1_153' title='bbox 1719 1893 1938 1966; x_wconf 76' lang='grc' dir='ltr'>ἁναρτᾷ.</span> 
     </span>
    </p>
   </div>
   <div class='ocr_carea' id='block_1_23' title="bbox 275 1981 1944 2058">
    <p class='ocr_par' dir='ltr' id='par_1_23' title="bbox 275 1981 1944 2058">
     <span class='ocr_line' id='line_1_23' title="bbox 275 1981 1944 2058; baseline -0.001 -20"><span class='ocrx_word' id='word_1_154' title='bbox 275 1984 386 2038; x_wconf 79' lang='grc' dir='ltr'>Διὸ</span> <span class='ocrx_word' id='word_1_155' title='bbox 431 1983 523 2038; x_wconf 78' lang='grc' dir='ltr'>καὶ</span> <span class='ocrx_word' id='word_1_156' title='bbox 556 1981 827 2058; x_wconf 72' lang='grc' dir='ltr'>Ἰσίδωρον</span> <span class='ocrx_word' id='word_1_157' title='bbox 863 1984 970 2058; x_wconf 76' lang='grc' dir='ltr'>οὐχ</span> <span class='ocrx_word' id='word_1_158' title='bbox 1000 1986 1162 2052; x_wconf 68' lang='grc' dir='ltr'>ἦττον</span> <span class='ocrx_word' id='word_1_159' title='bbox 1197 1983 1428 2038; x_wconf 80' lang='grc' dir='ltr'>ἐπαινῶν</span> <span class='ocrx_word' id='word_1_160' title='bbox 1457 1984 1492 2052; x_wconf 69' lang='grc' dir='ltr'><strong>ἢ</strong></span> <span class='ocrx_word' id='word_1_161' title='bbox 1541 1983 1736 2056; x_wconf 79' lang='grc' dir='ltr'>ψόγοις</span> <span class='ocrx_word' id='word_1_162' title='bbox 1786 2003 1944 2058; x_wconf 85' lang='grc' dir='ltr'>περι-</span> 
     </span>
    </p>
   </div>
   <div class='ocr_carea' id='block_1_24' title="bbox 273 2069 1941 2148">
    <p class='ocr_par' dir='ltr' id='par_1_24' title="bbox 273 2069 1941 2148">
     <span class='ocr_line' id='line_1_24' title="bbox 273 2069 1941 2148; baseline -0.001 -21"><span class='ocrx_word' id='word_1_163' title='bbox 273 2069 521 2127; x_wconf 66' lang='grc' dir='ltr'>ϐάλλων</span> <span class='ocrx_word' id='word_1_164' title='bbox 549 2069 805 2128; x_wconf 74' lang='grc' dir='ltr'>διατελεῖ.</span> <span class='ocrx_word' id='word_1_165' title='bbox 843 2073 1029 2126; x_wconf 82' lang='grc' dir='ltr'>Καίτοι</span> <span class='ocrx_word' id='word_1_166' title='bbox 1062 2093 1124 2148; x_wconf 90' lang='grc' dir='ltr'>γε</span> <span class='ocrx_word' id='word_1_167' title='bbox 1165 2073 1216 2142; x_wconf 79' lang='grc' dir='ltr'>ἐξ</span> <span class='ocrx_word' id='word_1_168' title='bbox 1249 2073 1320 2126; x_wconf 84' lang='grc' dir='ltr'>ὧν</span> <span class='ocrx_word' id='word_1_169' title='bbox 1357 2071 1651 2146; x_wconf 75' lang='grc' dir='ltr'>ἀλλοτρίας</span> <span class='ocrx_word' id='word_1_170' title='bbox 1691 2092 1750 2125; x_wconf 90' lang='grc' dir='ltr'>τε</span> <span class='ocrx_word' id='word_1_171' title='bbox 1788 2072 1941 2144; x_wconf 79' lang='grc' dir='ltr'>λογι-</span> 
     </span>
    </p>
   </div>
   <div class='ocr_carea' id='block_1_25' title="bbox 267 2159 1941 2238">
    <p class='ocr_par' dir='ltr' id='par_1_25' title="bbox 267 2159 1941 2238">
     <span class='ocr_line' id='line_1_25' title="bbox 267 2159 1941 2238; baseline -0.001 -20"><span class='ocrx_word' id='word_1_172' title='bbox 267 2165 382 2223; x_wconf 73' lang='grc' dir='ltr'>κὰς</span> <span class='ocrx_word' id='word_1_173' title='bbox 441 2161 674 2236; x_wconf 70' lang='grc' dir='ltr'>ἀπορίας</span> <span class='ocrx_word' id='word_1_174' title='bbox 717 2162 806 2215; x_wconf 78' lang='grc' dir='ltr'>καὶ</span> <span class='ocrx_word' id='word_1_175' title='bbox 846 2159 1030 2224; x_wconf 75' lang='grc' dir='ltr'>λύσεις</span> <span class='ocrx_word' id='word_1_176' title='bbox 1102 2162 1176 2224; x_wconf 84' lang='grc' dir='ltr'>ὡς</span> <span class='ocrx_word' id='word_1_177' title='bbox 1235 2159 1302 2230; x_wconf 79' lang='grc' dir='ltr'>δὴ</span> <span class='ocrx_word' id='word_1_178' title='bbox 1352 2161 1682 2234; x_wconf 78' lang='grc' dir='ltr'>θαυμασίους</span> <span class='ocrx_word' id='word_1_179' title='bbox 1743 2182 1941 2238; x_wconf 86' lang='grc' dir='ltr'>προκο-</span> 
     </span>
    </p>
   </div>
   <div class='ocr_carea' id='block_1_26' title="bbox 271 2247 1942 2326">
    <p class='ocr_par' dir='ltr' id='par_1_26' title="bbox 271 2247 1942 2326">
     <span class='ocr_line' id='line_1_26' title="bbox 271 2247 1942 2326; baseline 0.001 -22"><span class='ocrx_word' id='word_1_180' title='bbox 271 2251 576 2324; x_wconf 77' lang='grc' dir='ltr'>μίζει,καὶ</span> <span class='ocrx_word' id='word_1_181' title='bbox 635 2249 696 2311; x_wconf 75' lang='grc' dir='ltr'>ἃς</span> <span class='ocrx_word' id='word_1_182' title='bbox 747 2251 905 2312; x_wconf 75' lang='grc' dir='ltr'>αὐτὸς</span> <span class='ocrx_word' id='word_1_183' title='bbox 971 2249 1058 2305; x_wconf 74' lang='grc' dir='ltr'>ἐπὶ</span> <span class='ocrx_word' id='word_1_184' title='bbox 1127 2251 1284 2326; x_wconf 71' lang='grc' dir='ltr'>τάχει</span> <span class='ocrx_word' id='word_1_185' title='bbox 1351 2255 1445 2305; x_wconf 86' lang='grc' dir='ltr'>νοῦ</span> <span class='ocrx_word' id='word_1_186' title='bbox 1525 2251 1616 2306; x_wconf 86' lang='grc' dir='ltr'>καὶ</span> <span class='ocrx_word' id='word_1_187' title='bbox 1693 2247 1942 2325; x_wconf 77' lang='grc' dir='ltr'>ἀκριϐείᾳ</span> 
     </span>
    </p>
   </div>
   <div class='ocr_carea' id='block_1_27' title="bbox 269 2337 1941 2416">
    <p class='ocr_par' dir='ltr' id='par_1_27' title="bbox 269 2337 1941 2416">
     <span class='ocr_line' id='line_1_27' title="bbox 269 2337 1941 2416; baseline 0.001 -22"><span class='ocrx_word' id='word_1_188' title='bbox 269 2341 598 2412; x_wconf 71' lang='grc' dir='ltr'>ἐπιστήμης</span> <span class='ocrx_word' id='word_1_189' title='bbox 658 2337 800 2414; x_wconf 74' lang='grc' dir='ltr'>μὲγα</span> <span class='ocrx_word' id='word_1_190' title='bbox 853 2343 1062 2416; x_wconf 70' lang='grc' dir='ltr'>φρονῶν</span> <span class='ocrx_word' id='word_1_191' title='bbox 1111 2340 1186 2401; x_wconf 85' lang='grc' dir='ltr'>εἰς</span> <span class='ocrx_word' id='word_1_192' title='bbox 1217 2341 1377 2414; x_wconf 77' lang='grc' dir='ltr'>μέσον</span> <span class='ocrx_word' id='word_1_193' title='bbox 1412 2341 1666 2416; x_wconf 78' lang='grc' dir='ltr'>προάγει,</span> <span class='ocrx_word' id='word_1_194' title='bbox 1702 2337 1826 2396; x_wconf 63' lang='grc' dir='ltr'>οὔτε</span> <span class='ocrx_word' id='word_1_195' title='bbox 1887 2362 1941 2396; x_wconf 91' lang='grc' dir='ltr'>τι</span> 
     </span>
    </p>
   </div>
   <div class='ocr_carea' id='block_1_28' title="bbox 273 2425 1940 2508">
    <p class='ocr_par' dir='ltr' id='par_1_28' title="bbox 273 2425 1940 2508">
     <span class='ocr_line' id='line_1_28' title="bbox 273 2425 1940 2508; baseline -0.001 -23"><span class='ocrx_word' id='word_1_196' title='bbox 273 2433 398 2486; x_wconf 78' lang='grc' dir='ltr'>τῶν</span> <span class='ocrx_word' id='word_1_197' title='bbox 431 2430 554 2504; x_wconf 80' lang='grc' dir='ltr'>περὶ</span> <span class='ocrx_word' id='word_1_198' title='bbox 607 2427 934 2508; x_wconf 70' lang='grc' dir='ltr'>φιλοσοιρίαν</span> <span class='ocrx_word' id='word_1_199' title='bbox 997 2431 1238 2499; x_wconf 70' lang='grc' dir='ltr'>συνήθων</span> <span class='ocrx_word' id='word_1_200' title='bbox 1298 2428 1636 2504; x_wconf 80' lang='grc' dir='ltr'>ὑψηλότερον</span> <span class='ocrx_word' id='word_1_201' title='bbox 1675 2425 1819 2485; x_wconf 77' lang='grc' dir='ltr'>ἔστιν</span> <span class='ocrx_word' id='word_1_202' title='bbox 1853 2431 1940 2485; x_wconf 81' lang='grc' dir='ltr'>εὐ-</span> 
     </span>
    </p>
   </div>
   <div class='ocr_carea' id='block_1_29' title="bbox 273 2517 1942 2595">
    <p class='ocr_par' dir='ltr' id='par_1_29' title="bbox 273 2517 1942 2595">
     <span class='ocr_line' id='line_1_29' title="bbox 273 2517 1942 2595; baseline -0.001 -20"><span class='ocrx_word' id='word_1_203' title='bbox 273 2525 398 2595; x_wconf 79' lang='grc' dir='ltr'>ρεῖν</span> <span class='ocrx_word' id='word_1_204' title='bbox 445 2519 538 2573; x_wconf 79' lang='grc' dir='ltr'>τὸν</span> <span class='ocrx_word' id='word_1_205' title='bbox 591 2519 868 2591; x_wconf 75' lang='grc' dir='ltr'>ἄνθρωπον</span> <span class='ocrx_word' id='word_1_206' title='bbox 917 2520 1337 2593; x_wconf 79' lang='grc' dir='ltr'>κατωρθωκότα,</span> <span class='ocrx_word' id='word_1_207' title='bbox 1387 2517 1509 2574; x_wconf 72' lang='grc' dir='ltr'>οὔτε</span> <span class='ocrx_word' id='word_1_208' title='bbox 1559 2521 1668 2593; x_wconf 77' lang='grc' dir='ltr'>μὴν</span> <span class='ocrx_word' id='word_1_209' title='bbox 1711 2520 1785 2582; x_wconf 88' lang='grc' dir='ltr'>εἷς</span> <span class='ocrx_word' id='word_1_210' title='bbox 1836 2517 1942 2574; x_wconf 80' lang='grc' dir='ltr'>δει-</span> 
     </span>
    </p>
   </div>
   <div class='ocr_carea' id='block_1_30' title="bbox 263 2605 1940 2685">
    <p class='ocr_par' dir='ltr' id='par_1_30' title="bbox 263 2605 1940 2685">
     <span class='ocr_line' id='line_1_30' title="bbox 263 2605 1940 2685; baseline 0.001 -23"><span class='ocrx_word' id='word_1_211' title='bbox 263 2610 486 2678; x_wconf 79' lang='grc' dir='ltr'>νότητα</span> <span class='ocrx_word' id='word_1_212' title='bbox 541 2609 630 2662; x_wconf 83' lang='grc' dir='ltr'>καὶ</span> <span class='ocrx_word' id='word_1_213' title='bbox 681 2607 1048 2685; x_wconf 74' lang='grc' dir='ltr'>ἀγχίστροφον</span> <span class='ocrx_word' id='word_1_214' title='bbox 1094 2605 1330 2668; x_wconf 82' lang='grc' dir='ltr'>διανοίας</span> <span class='ocrx_word' id='word_1_215' title='bbox 1378 2609 1574 2683; x_wconf 84' lang='grc' dir='ltr'>τάχος,</span> <span class='ocrx_word' id='word_1_216' title='bbox 1608 2608 1706 2679; x_wconf 81' lang='grc' dir='ltr'>ὅση</span> <span class='ocrx_word' id='word_1_217' title='bbox 1765 2629 1824 2682; x_wconf 90' lang='grc' dir='ltr'>γε</span> <span class='ocrx_word' id='word_1_218' title='bbox 1854 2609 1940 2664; x_wconf 81' lang='grc' dir='ltr'>ἄν·</span> 
     </span>
    </p>
   </div>
   <div class='ocr_carea' id='block_1_31' title="bbox 267 2695 1940 2772">
    <p class='ocr_par' dir='ltr' id='par_1_31' title="bbox 267 2695 1940 2772">
     <span class='ocr_line' id='line_1_31' title="bbox 267 2695 1940 2772; baseline 0 -19"><span class='ocrx_word' id='word_1_219' title='bbox 267 2697 561 2770; x_wconf 75' lang='grc' dir='ltr'>Θρωττίνη,</span> <span class='ocrx_word' id='word_1_220' title='bbox 599 2699 674 2769; x_wconf 77' lang='grc' dir='ltr'><strong>μή</strong></span> <span class='ocrx_word' id='word_1_221' title='bbox 737 2695 819 2751; x_wconf 82' lang='grc' dir='ltr'>δτι</span> <span class='ocrx_word' id='word_1_222' title='bbox 879 2698 926 2734; x_wconf 71' lang='grc' dir='ltr'>⁸ο</span> <span class='ocrx_word' id='word_1_223' title='bbox 979 2717 1039 2770; x_wconf 87' lang='grc' dir='ltr'>γε</span> <span class='ocrx_word' id='word_1_224' title='bbox 1104 2695 1377 2770; x_wconf 84' lang='grc' dir='ltr'>δαιμονία,</span> <span class='ocrx_word' id='word_1_225' title='bbox 1433 2697 1754 2772; x_wconf 74' lang='grc' dir='ltr'>ἀνηγμένον,</span> <span class='ocrx_word' id='word_1_226' title='bbox 1813 2697 1940 2754; x_wconf 75' lang='grc' dir='ltr'>ἀλλ’</span> 
     </span>
    </p>
   </div>
   <div class='ocr_carea' id='block_1_32' title="bbox 263 2785 1937 2866">
    <p class='ocr_par' dir='ltr' id='par_1_32' title="bbox 263 2785 1937 2866">
     <span class='ocr_line' id='line_1_32' title="bbox 263 2785 1937 2866; baseline -0.002 -23"><span class='ocrx_word' id='word_1_227' title='bbox 263 2786 408 2844; x_wconf 70' lang='grc' dir='ltr'>οὖδέ</span> <span class='ocrx_word' id='word_1_228' title='bbox 465 2809 588 2842; x_wconf 86' lang='grc' dir='ltr'>τινα</span> <span class='ocrx_word' id='word_1_229' title='bbox 641 2791 750 2842; x_wconf 84' lang='grc' dir='ltr'>τῶν</span> <span class='ocrx_word' id='word_1_230' title='bbox 805 2787 1048 2860; x_wconf 87' lang='grc' dir='ltr'>μετρίως</span> <span class='ocrx_word' id='word_1_231' title='bbox 1095 2808 1211 2850; x_wconf 87' lang='grc' dir='ltr'>πως</span> <span class='ocrx_word' id='word_1_232' title='bbox 1243 2787 1364 2862; x_wconf 83' lang='grc' dir='ltr'>περὶ</span> <span class='ocrx_word' id='word_1_233' title='bbox 1397 2785 1723 2866; x_wconf 72' lang='grc' dir='ltr'>φιλοσοφίαν</span> <span class='ocrx_word' id='word_1_234' title='bbox 1781 2786 1937 2861; x_wconf 70' lang='grc' dir='ltr'>ἐχόν-</span> 
     </span>
    </p>
   </div>
   <div class='ocr_carea' id='block_1_33' title="bbox 257 2871 1940 2954">
    <p class='ocr_par' dir='ltr' id='par_1_33' title="bbox 257 2871 1940 2954">
     <span class='ocr_line' id='line_1_33' title="bbox 257 2871 1940 2954; baseline -0.002 -20"><span class='ocrx_word' id='word_1_235' title='bbox 257 2901 408 2944; x_wconf 80' lang='grc' dir='ltr'>των,</span> <span class='ocrx_word' id='word_1_236' title='bbox 439 2879 518 2950; x_wconf 74' lang='grc' dir='ltr'>μή</span> <span class='ocrx_word' id='word_1_237' title='bbox 577 2877 630 2932; x_wconf 88' lang='grc' dir='ltr'>τί</span> <span class='ocrx_word' id='word_1_238' title='bbox 697 2897 760 2952; x_wconf 88' lang='grc' dir='ltr'>γε</span> <span class='ocrx_word' id='word_1_239' title='bbox 821 2875 890 2931; x_wconf 82' lang='grc' dir='ltr'>δι’</span> <span class='ocrx_word' id='word_1_240' title='bbox 919 2871 1197 2950; x_wconf 80' lang='grc' dir='ltr'>ἀκριϐείας</span> <span class='ocrx_word' id='word_1_241' title='bbox 1237 2875 1486 2939; x_wconf 78' lang='grc' dir='ltr'>ἐντελοῦς</span> <span class='ocrx_word' id='word_1_242' title='bbox 1537 2873 1820 2954; x_wconf 82' lang='grc' dir='ltr'>ἠγμένων,</span> <span class='ocrx_word' id='word_1_243' title='bbox 1853 2878 1940 2940; x_wconf 79' lang='grc' dir='ltr'>οἷς</span> 
     </span>
    </p>
   </div>
   <div class='ocr_carea' id='block_1_34' title="bbox 261 2965 1437 3041">
    <p class='ocr_par' dir='ltr' id='par_1_34' title="bbox 261 2965 1437 3041">
     <span class='ocr_line' id='line_1_34' title="bbox 261 2965 1437 3041; baseline -0.001 -17"><span class='ocrx_word' id='word_1_244' title='bbox 261 2968 492 3029; x_wconf 74' lang='grc' dir='ltr'>ἰκεῖνος</span> <span class='ocrx_word' id='word_1_245' title='bbox 525 2965 989 3040; x_wconf 76' lang='grc' dir='ltr'>ἑλλαμπρόνεται,</span> <span class='ocrx_word' id='word_1_246' title='bbox 1024 2967 1437 3041; x_wconf 77' lang='grc' dir='ltr'>σεμνυνόμενον.</span> 
     </span>
    </p>
   </div>
   <div class='ocr_carea' id='block_1_35' title="bbox 353 3055 1934 3132">
    <p class='ocr_par' dir='ltr' id='par_1_35' title="bbox 353 3055 1934 3132">
     <span class='ocr_line' id='line_1_35' title="bbox 353 3055 1934 3132; baseline -0.002 -19"><span class='ocrx_word' id='word_1_247' title='bbox 353 3057 472 3126; x_wconf 69' lang='grc' dir='ltr'>Τήν</span> <span class='ocrx_word' id='word_1_248' title='bbox 516 3058 703 3130; x_wconf 70' lang='grc' dir='ltr'>μέντοι</span> <span class='ocrx_word' id='word_1_249' title='bbox 763 3056 953 3130; x_wconf 68' lang='grc' dir='ltr'>φράσιν</span> <span class='ocrx_word' id='word_1_250' title='bbox 1015 3056 1044 3110; x_wconf 82' lang='grc' dir='ltr'>ὁ</span> <span class='ocrx_word' id='word_1_251' title='bbox 1101 3056 1236 3130; x_wconf 75' lang='grc' dir='ltr'>ἀνὴρ</span> <span class='ocrx_word' id='word_1_252' title='bbox 1267 3056 1403 3110; x_wconf 84' lang='grc' dir='ltr'>κατά</span> <span class='ocrx_word' id='word_1_253' title='bbox 1452 3076 1515 3132; x_wconf 88' lang='grc' dir='ltr'>γε</span> <span class='ocrx_word' id='word_1_254' title='bbox 1569 3057 1630 3111; x_wconf 86' lang='grc' dir='ltr'>τὸ</span> <span class='ocrx_word' id='word_1_255' title='bbox 1678 3055 1934 3111; x_wconf 84' lang='grc' dir='ltr'>πλεῖστον</span> 
     </span>
    </p>
   </div>
   <div class='ocr_carea' id='block_1_36' title="bbox 263 3141 1934 3224">
    <p class='ocr_par' dir='ltr' id='par_1_36' title="bbox 263 3141 1934 3224">
     <span class='ocr_line' id='line_1_36' title="bbox 263 3141 1934 3224; baseline -0.001 -22"><span class='ocrx_word' id='word_1_256' title='bbox 263 3145 452 3202; x_wconf 76' lang='grc' dir='ltr'>αὖτοῦ</span> <span class='ocrx_word' id='word_1_257' title='bbox 509 3149 617 3200; x_wconf 83' lang='grc' dir='ltr'>τῶν</span> <span class='ocrx_word' id='word_1_258' title='bbox 669 3141 866 3217; x_wconf 73' lang='grc' dir='ltr'>λέξεων</span> <span class='ocrx_word' id='word_1_259' title='bbox 924 3143 986 3199; x_wconf 73' lang='grc' dir='ltr'>οὗ</span> <span class='ocrx_word' id='word_1_260' title='bbox 1034 3141 1224 3218; x_wconf 71' lang='grc' dir='ltr'>πόρρω</span> <span class='ocrx_word' id='word_1_261' title='bbox 1289 3144 1453 3200; x_wconf 86' lang='grc' dir='ltr'>τείνει</span> <span class='ocrx_word' id='word_1_262' title='bbox 1539 3149 1636 3200; x_wconf 85' lang='grc' dir='ltr'>τοῦ</span> <span class='ocrx_word' id='word_1_263' title='bbox 1713 3149 1934 3224; x_wconf 75' lang='grc' dir='ltr'>σαφοῦς.</span> 
     </span>
    </p>
   </div>
   <div class='ocr_carea' id='block_1_37' title="bbox 267 3231 1937 3312">
    <p class='ocr_par' dir='ltr' id='par_1_37' title="bbox 267 3231 1937 3312">
     <span class='ocr_line' id='line_1_37' title="bbox 267 3231 1937 3312; baseline -0.002 -19"><span class='ocrx_word' id='word_1_264' title='bbox 267 3241 444 3312; x_wconf 58' lang='lat' dir='ltr'>&quot;Exn</span> <span class='ocrx_word' id='word_1_265' title='bbox 479 3233 538 3289; x_wconf 71' lang='grc' dir='ltr'>δὲ</span> <span class='ocrx_word' id='word_1_266' title='bbox 573 3255 627 3289; x_wconf 88' lang='grc' dir='ltr'>τι</span> <span class='ocrx_word' id='word_1_267' title='bbox 692 3234 782 3288; x_wconf 86' lang='grc' dir='ltr'>καὶ</span> <span class='ocrx_word' id='word_1_268' title='bbox 842 3239 946 3290; x_wconf 77' lang='grc' dir='ltr'>τῶν</span> <span class='ocrx_word' id='word_1_269' title='bbox 1003 3232 1190 3290; x_wconf 79' lang='grc' dir='ltr'>ἄλλων</span> <span class='ocrx_word' id='word_1_270' title='bbox 1227 3231 1404 3304; x_wconf 81' lang='grc' dir='ltr'>ἰδεῶν,</span> <span class='ocrx_word' id='word_1_271' title='bbox 1427 3236 1547 3289; x_wconf 75' lang='grc' dir='ltr'>ὅσαι</span> <span class='ocrx_word' id='word_1_272' title='bbox 1589 3235 1937 3309; x_wconf 85' lang='grc' dir='ltr'>χαρακτηρί-</span> 
     </span>
    </p>
   </div>
   <div class='ocr_carea' id='block_1_38' title="bbox 269 3322 1935 3402">
    <p class='ocr_par' dir='ltr' id='par_1_38' title="bbox 269 3322 1935 3402">
     <span class='ocr_line' id='line_1_38' title="bbox 269 3322 1935 3402; baseline -0.001 -22"><span class='ocrx_word' id='word_1_273' title='bbox 269 3333 476 3396; x_wconf 76' lang='grc' dir='ltr'>ζονται</span> <span class='ocrx_word' id='word_1_274' title='bbox 527 3323 722 3394; x_wconf 78' lang='grc' dir='ltr'>λέξεσι,</span> <span class='ocrx_word' id='word_1_275' title='bbox 746 3326 848 3394; x_wconf 68' lang='grc' dir='ltr'>τήν</span> <span class='ocrx_word' id='word_1_276' title='bbox 878 3345 934 3379; x_wconf 88' lang='grc' dir='ltr'>τε</span> <span class='ocrx_word' id='word_1_277' title='bbox 963 3325 1220 3400; x_wconf 76' lang='grc' dir='ltr'>τραχεῖάν</span> <span class='ocrx_word' id='word_1_278' title='bbox 1254 3346 1421 3402; x_wconf 73' lang='grc' dir='ltr'>φημι,</span> <span class='ocrx_word' id='word_1_279' title='bbox 1455 3322 1524 3378; x_wconf 85' lang='grc' dir='ltr'>δι’</span> <span class='ocrx_word' id='word_1_280' title='bbox 1571 3326 1638 3394; x_wconf 73' lang='grc' dir='ltr'>ἧς</span> <span class='ocrx_word' id='word_1_281' title='bbox 1667 3323 1935 3399; x_wconf 73' lang='grc' dir='ltr'>τραγόνε-</span> 
     </span>
    </p>
   </div>
   <div class='ocr_carea' id='block_1_39' title="bbox 265 3410 1933 3492">
    <p class='ocr_par' dir='ltr' id='par_1_39' title="bbox 265 3410 1933 3492">
     <span class='ocr_line' id='line_1_39' title="bbox 265 3410 1933 3492; baseline -0.001 -23"><span class='ocrx_word' id='word_1_282' title='bbox 265 3437 376 3470; x_wconf 76' lang='grc' dir='ltr'>ται</span> <span class='ocrx_word' id='word_1_283' title='bbox 407 3417 442 3484; x_wconf 70' lang='grc' dir='ltr'>ἡ</span> <span class='ocrx_word' id='word_1_284' title='bbox 477 3415 628 3488; x_wconf 74' lang='grc' dir='ltr'>ἠχὼ,</span> <span class='ocrx_word' id='word_1_285' title='bbox 660 3414 748 3468; x_wconf 76' lang='grc' dir='ltr'>καὶ</span> <span class='ocrx_word' id='word_1_286' title='bbox 782 3410 848 3480; x_wconf 81' lang='grc' dir='ltr'>δὴ</span> <span class='ocrx_word' id='word_1_287' title='bbox 879 3413 968 3468; x_wconf 77' lang='grc' dir='ltr'>καὶ</span> <span class='ocrx_word' id='word_1_288' title='bbox 1019 3413 1118 3484; x_wconf 81' lang='grc' dir='ltr'>ὅση</span> <span class='ocrx_word' id='word_1_289' title='bbox 1159 3410 1418 3468; x_wconf 72' lang='grc' dir='ltr'>πλατύνει</span> <span class='ocrx_word' id='word_1_290' title='bbox 1449 3415 1548 3482; x_wconf 79' lang='grc' dir='ltr'>τήν</span> <span class='ocrx_word' id='word_1_291' title='bbox 1603 3416 1812 3492; x_wconf 69' lang='grc' dir='ltr'>φωνὴν,</span> <span class='ocrx_word' id='word_1_292' title='bbox 1844 3415 1933 3470; x_wconf 84' lang='grc' dir='ltr'>καὶ</span> 
     </span>
    </p>
   </div>
   <div class='ocr_carea' id='block_1_40' title="bbox 265 3499 1937 3574">
    <p class='ocr_par' dir='ltr' id='par_1_40' title="bbox 265 3499 1937 3574">
     <span class='ocr_line' id='line_1_40' title="bbox 265 3499 1937 3574; baseline -0.001 -16"><span class='ocrx_word' id='word_1_293' title='bbox 265 3503 382 3570; x_wconf 69' lang='grc' dir='ltr'>τήν</span> <span class='ocrx_word' id='word_1_294' title='bbox 427 3499 510 3561; x_wconf 72' lang='grc' dir='ltr'>εἷς</span> <span class='ocrx_word' id='word_1_295' title='bbox 555 3501 616 3554; x_wconf 79' lang='grc' dir='ltr'>τὸ</span> <span class='ocrx_word' id='word_1_296' title='bbox 659 3501 1108 3574; x_wconf 83' lang='grc' dir='ltr'>ποιητικώτερον,</span> <span class='ocrx_word' id='word_1_297' title='bbox 1153 3500 1199 3554; x_wconf 75' lang='grc' dir='ltr'>εἱ</span> <span class='ocrx_word' id='word_1_298' title='bbox 1240 3501 1330 3554; x_wconf 85' lang='grc' dir='ltr'>καὶ</span> <span class='ocrx_word' id='word_1_299' title='bbox 1361 3501 1666 3562; x_wconf 79' lang='grc' dir='ltr'>σπανιάκις,</span> <span class='ocrx_word' id='word_1_300' title='bbox 1729 3500 1937 3556; x_wconf 79' lang='grc' dir='ltr'>ἐλευθε-</span> 
     </span>
    </p>
   </div>
   <div class='ocr_carea' id='block_1_41' title="bbox 265 3585 1936 3668">
    <p class='ocr_par' dir='ltr' id='par_1_41' title="bbox 265 3585 1936 3668">
     <span class='ocr_line' id='line_1_41' title="bbox 265 3585 1936 3668; baseline 0 -24"><span class='ocrx_word' id='word_1_301' title='bbox 265 3593 596 3668; x_wconf 73' lang='grc' dir='ltr'>ριάζουσαν.</span> <span class='ocrx_word' id='word_1_302' title='bbox 654 3589 746 3645; x_wconf 76' lang='grc' dir='ltr'>Καὶ</span> <span class='ocrx_word' id='word_1_303' title='bbox 795 3589 852 3642; x_wconf 78' lang='grc' dir='ltr'>αἱ</span> <span class='ocrx_word' id='word_1_304' title='bbox 917 3588 1172 3662; x_wconf 82' lang='grc' dir='ltr'>τροπικαὶ</span> <span class='ocrx_word' id='word_1_305' title='bbox 1229 3586 1286 3643; x_wconf 75' lang='grc' dir='ltr'>δὲ</span> <span class='ocrx_word' id='word_1_306' title='bbox 1345 3585 1735 3668; x_wconf 80' lang='grc' dir='ltr'>διαμορφοῦσιν</span> <span class='ocrx_word' id='word_1_307' title='bbox 1770 3589 1936 3644; x_wconf 79' lang='grc' dir='ltr'>αὐτοῦ</span> 
     </span>
    </p>
   </div>
   <div class='ocr_carea' id='block_1_42' title="bbox 269 3677 1936 3756">
    <p class='ocr_par' dir='ltr' id='par_1_42' title="bbox 269 3677 1936 3756">
     <span class='ocr_line' id='line_1_42' title="bbox 269 3677 1936 3756; baseline 0 -22"><span class='ocrx_word' id='word_1_308' title='bbox 269 3681 416 3742; x_wconf 72' lang='grc' dir='ltr'>τοῦς</span> <span class='ocrx_word' id='word_1_309' title='bbox 449 3677 670 3753; x_wconf 82' lang='grc' dir='ltr'>λόγους,</span> <span class='ocrx_word' id='word_1_310' title='bbox 705 3677 804 3732; x_wconf 76' lang='grc' dir='ltr'>οὐκ</span> <span class='ocrx_word' id='word_1_311' title='bbox 852 3677 926 3742; x_wconf 85' lang='grc' dir='ltr'>εἷς</span> <span class='ocrx_word' id='word_1_312' title='bbox 967 3678 1208 3750; x_wconf 76' lang='grc' dir='ltr'>ἄμουσον</span> <span class='ocrx_word' id='word_1_313' title='bbox 1253 3678 1635 3756; x_wconf 73' lang='grc' dir='ltr'>ψυχρολογίαν</span> <span class='ocrx_word' id='word_1_314' title='bbox 1666 3679 1699 3748; x_wconf 73' lang='grc' dir='ltr'><strong>ἢ</strong></span> <span class='ocrx_word' id='word_1_315' title='bbox 1733 3681 1936 3754; x_wconf 76' lang='grc' dir='ltr'>τροπὰς</span> 
     </span>
    </p>
   </div>
   <div class='ocr_carea' id='block_1_43' title="bbox 267 3764 1936 3846">
    <p class='ocr_par' dir='ltr' id='par_1_43' title="bbox 267 3764 1936 3846">
     <span class='ocr_line' id='line_1_43' title="bbox 267 3764 1936 3846; baseline -0.001 -22"><span class='ocrx_word' id='word_1_316' title='bbox 267 3769 603 3840; x_wconf 75' lang='grc' dir='ltr'>ἀποτόμους</span> <span class='ocrx_word' id='word_1_317' title='bbox 635 3767 1007 3846; x_wconf 74' lang='grc' dir='ltr'>ἐκφερόμεναι,</span> <span class='ocrx_word' id='word_1_318' title='bbox 1040 3767 1168 3823; x_wconf 83' lang='grc' dir='ltr'>ἀλλ’</span> <span class='ocrx_word' id='word_1_319' title='bbox 1207 3764 1266 3823; x_wconf 80' lang='grc' dir='ltr'>ἔκ</span> <span class='ocrx_word' id='word_1_320' title='bbox 1293 3789 1352 3843; x_wconf 86' lang='grc' dir='ltr'>γε</span> <span class='ocrx_word' id='word_1_321' title='bbox 1381 3772 1478 3823; x_wconf 88' lang='grc' dir='ltr'>τοῦ</span> <span class='ocrx_word' id='word_1_322' title='bbox 1534 3768 1620 3822; x_wconf 82' lang='grc' dir='ltr'>ἐπὶ</span> <span class='ocrx_word' id='word_1_323' title='bbox 1679 3767 1936 3824; x_wconf 85' lang='grc' dir='ltr'>πλεῖστον</span> 
     </span>
    </p>
   </div>
   <div class='ocr_carea' id='block_1_44' title="bbox 275 3857 1934 3933">
    <p class='ocr_par' dir='ltr' id='par_1_44' title="bbox 275 3857 1934 3933">
     <span class='ocr_line' id='line_1_44' title="bbox 275 3857 1934 3933; baseline -0.001 -19"><span class='ocrx_word' id='word_1_324' title='bbox 275 3860 354 3914; x_wconf 73' lang='grc' dir='ltr'>τὸ</span> <span class='ocrx_word' id='word_1_325' title='bbox 383 3857 562 3933; x_wconf 77' lang='grc' dir='ltr'>γλυκό</span> <span class='ocrx_word' id='word_1_326' title='bbox 603 3877 660 3912; x_wconf 88' lang='grc' dir='ltr'>τε</span> <span class='ocrx_word' id='word_1_327' title='bbox 691 3857 779 3912; x_wconf 83' lang='grc' dir='ltr'>καὶ</span> <span class='ocrx_word' id='word_1_328' title='bbox 809 3857 999 3933; x_wconf 80' lang='grc' dir='ltr'>χαρίεν</span> <span class='ocrx_word' id='word_1_329' title='bbox 1030 3858 1092 3912; x_wconf 87' lang='grc' dir='ltr'>τὸ</span> <span class='ocrx_word' id='word_1_330' title='bbox 1141 3859 1256 3912; x_wconf 81' lang='grc' dir='ltr'>καθ’</span> <span class='ocrx_word' id='word_1_331' title='bbox 1303 3857 1494 3920; x_wconf 71' lang='grc' dir='ltr'>ἑαυτὰς</span> <span class='ocrx_word' id='word_1_332' title='bbox 1541 3859 1934 3933; x_wconf 84' lang='grc' dir='ltr'>παρεχόμεναι.</span> 
     </span>
    </p>
   </div>
   <div class='ocr_carea' id='block_1_45' title="bbox 279 3943 1937 4024">
    <p class='ocr_par' dir='ltr' id='par_1_45' title="bbox 279 3943 1937 4024">
     <span class='ocr_line' id='line_1_45' title="bbox 279 3943 1937 4024; baseline -0.007 -12"><span class='ocrx_word' id='word_1_333' title='bbox 279 3947 478 4005; x_wconf 75' lang='grc' dir='ltr'>Ἀλλᾶ</span> <span class='ocrx_word' id='word_1_334' title='bbox 518 3948 694 4024; x_wconf 69' lang='grc' dir='ltr'>σαφὴς</span> <span class='ocrx_word' id='word_1_335' title='bbox 734 3943 806 4000; x_wconf 82' lang='grc' dir='ltr'>ὢν</span> <span class='ocrx_word' id='word_1_336' title='bbox 856 3951 936 4018; x_wconf 81' lang='grc' dir='ltr'>τῷ</span> <span class='ocrx_word' id='word_1_337' title='bbox 975 3946 1216 4020; x_wconf 85' lang='grc' dir='ltr'>πλείστῳ</span> <span class='ocrx_word' id='word_1_338' title='bbox 1267 3947 1416 4022; x_wconf 83' lang='grc' dir='ltr'>μέρει</span> <span class='ocrx_word' id='word_1_339' title='bbox 1474 3953 1581 4003; x_wconf 79' lang='grc' dir='ltr'>τῶν</span> <span class='ocrx_word' id='word_1_340' title='bbox 1644 3947 1838 4018; x_wconf 72' lang='grc' dir='ltr'>λέξεων</span> <span class='ocrx_word' id='word_1_341' title='bbox 1868 3952 1937 4019; x_wconf 72' lang='grc' dir='ltr'>σι,</span> 
     </span>
    </p>
   </div>
   <div class='ocr_carea' id='block_1_46' title="bbox 281 4033 1942 4112">
    <p class='ocr_par' dir='ltr' id='par_1_46' title="bbox 281 4033 1942 4112">
     <span class='ocr_line' id='line_1_46' title="bbox 281 4033 1942 4112; baseline 0.001 -22"><span class='ocrx_word' id='word_1_342' title='bbox 281 4035 474 4090; x_wconf 75' lang='grc' dir='ltr'>οιῖκέτι</span> <span class='ocrx_word' id='word_1_343' title='bbox 505 4037 594 4090; x_wconf 80' lang='grc' dir='ltr'>καὶ</span> <span class='ocrx_word' id='word_1_344' title='bbox 632 4039 700 4108; x_wconf 82' lang='grc' dir='ltr'>τῇ</span> <span class='ocrx_word' id='word_1_345' title='bbox 733 4033 838 4109; x_wconf 74' lang='grc' dir='ltr'>ὅλῃ</span> <span class='ocrx_word' id='word_1_346' title='bbox 871 4039 966 4090; x_wconf 91' lang='grc' dir='ltr'>τοῦ</span> <span class='ocrx_word' id='word_1_347' title='bbox 997 4035 1164 4112; x_wconf 87' lang='grc' dir='ltr'>λόγου</span> <span class='ocrx_word' id='word_1_348' title='bbox 1195 4036 1484 4109; x_wconf 76' lang='grc' dir='ltr'>οἰκονομίᾳ</span> <span class='ocrx_word' id='word_1_349' title='bbox 1521 4041 1766 4099; x_wconf 86' lang='grc' dir='ltr'>τοιοῦτος</span> <span class='ocrx_word' id='word_1_350' title='bbox 1812 4039 1942 4092; x_wconf 86' lang='grc' dir='ltr'>καθ-</span> 
     </span>
    </p>
   </div>
   <div class='ocr_carea' id='block_1_47' title="bbox 275 4123 1939 4198">
    <p class='ocr_par' dir='ltr' id='par_1_47' title="bbox 275 4123 1939 4198">
     <span class='ocr_line' id='line_1_47' title="bbox 275 4123 1939 4198; baseline 0 -18"><span class='ocrx_word' id='word_1_351' title='bbox 275 4125 510 4195; x_wconf 70' lang='grc' dir='ltr'>έστηκεν</span> <span class='ocrx_word' id='word_1_352' title='bbox 547 4143 562 4154; x_wconf 84' lang='grc'><strong>’</strong></span> <span class='ocrx_word' id='word_1_353' title='bbox 604 4123 638 4192; x_wconf 73' lang='grc' dir='ltr'>ἦ</span> <span class='ocrx_word' id='word_1_354' title='bbox 699 4145 756 4179; x_wconf 90' lang='grc' dir='ltr'>τε</span> <span class='ocrx_word' id='word_1_355' title='bbox 793 4125 894 4198; x_wconf 73' lang='grc' dir='ltr'>γὰρ</span> <span class='ocrx_word' id='word_1_356' title='bbox 945 4125 1178 4195; x_wconf 74' lang='grc' dir='ltr'>συνθήκη</span> <span class='ocrx_word' id='word_1_357' title='bbox 1229 4125 1293 4180; x_wconf 83' lang='grc' dir='ltr'>οὐ</span> <span class='ocrx_word' id='word_1_358' title='bbox 1351 4127 1588 4196; x_wconf 69' lang='grc' dir='ltr'>συνθήκη</span> <span class='ocrx_word' id='word_1_359' title='bbox 1659 4123 1872 4198; x_wconf 74' lang='grc' dir='ltr'>μᾶλλον</span> <span class='ocrx_word' id='word_1_360' title='bbox 1904 4127 1939 4196; x_wconf 73' lang='grc' dir='ltr'>ἢ</span> 
     </span>
    </p>
   </div>
   <div class='ocr_carea' id='block_1_48' title="bbox 275 4208 1945 4288">
    <p class='ocr_par' dir='ltr' id='par_1_48' title="bbox 275 4208 1945 4288">
     <span class='ocr_line' id='line_1_48' title="bbox 275 4208 1945 4288; baseline 0.001 -19"><span class='ocrx_word' id='word_1_361' title='bbox 275 4215 704 4286; x_wconf 70' lang='grc' dir='ltr'>καινοπρέπεια,</span> <span class='ocrx_word' id='word_1_362' title='bbox 735 4212 826 4267; x_wconf 87' lang='grc' dir='ltr'>καὶ</span> <span class='ocrx_word' id='word_1_363' title='bbox 873 4215 908 4281; x_wconf 81' lang='grc' dir='ltr'>ἡ</span> <span class='ocrx_word' id='word_1_364' title='bbox 957 4208 1230 4288; x_wconf 75' lang='grc' dir='ltr'>περιϐολή</span> <span class='ocrx_word' id='word_1_365' title='bbox 1289 4213 1448 4288; x_wconf 88' lang='grc' dir='ltr'>κόρον</span> <span class='ocrx_word' id='word_1_366' title='bbox 1491 4213 1794 4288; x_wconf 79' lang='grc' dir='ltr'>ἐμποιοῦσα</span> <span class='ocrx_word' id='word_1_367' title='bbox 1851 4237 1945 4270; x_wconf 86' lang='grc' dir='ltr'>συ-</span> 
     </span>
    </p>
   </div>
   <div class='ocr_carea' id='block_1_49' title="bbox 279 4303 1939 4384">
    <p class='ocr_par' dir='ltr' id='par_1_49' title="bbox 279 4303 1939 4384">
     <span class='ocr_line' id='line_1_49' title="bbox 279 4303 1939 4384; baseline 0.004 -30"><span class='ocrx_word' id='word_1_368' title='bbox 279 4304 430 4379; x_wconf 72' lang='grc' dir='ltr'>χνὸν</span> <span class='ocrx_word' id='word_1_369' title='bbox 475 4303 538 4358; x_wconf 84' lang='grc' dir='ltr'>τό</span> <span class='ocrx_word' id='word_1_370' title='bbox 567 4323 626 4358; x_wconf 86' lang='grc' dir='ltr'>τε</span> <span class='ocrx_word' id='word_1_371' title='bbox 681 4303 758 4364; x_wconf 86' lang='grc' dir='ltr'>εἰς</span> <span class='ocrx_word' id='word_1_372' title='bbox 816 4305 1106 4382; x_wconf 71' lang='grc' dir='ltr'>σαφήνειαν</span> <span class='ocrx_word' id='word_1_373' title='bbox 1137 4303 1468 4378; x_wconf 80' lang='grc' dir='ltr'>ἐπηλυγάζει</span> <span class='ocrx_word' id='word_1_374' title='bbox 1508 4306 1939 4384; x_wconf 71' lang='grc' dir='ltr'>προφαινόμενον</span> 
     </span>
    </p>
   </div>
   <div class='ocr_carea' id='block_1_50' title="bbox 273 4389 1942 4470">
    <p class='ocr_par' dir='ltr' id='par_1_50' title="bbox 273 4389 1942 4470">
     <span class='ocr_line' id='line_1_50' title="bbox 273 4389 1942 4470; baseline 0 -22"><span class='ocrx_word' id='word_1_375' title='bbox 273 4391 372 4448; x_wconf 72' lang='grc' dir='ltr'>καί</span> <span class='ocrx_word' id='word_1_376' title='bbox 401 4395 510 4462; x_wconf 72' lang='grc' dir='ltr'>τήν</span> <span class='ocrx_word' id='word_1_377' title='bbox 549 4389 729 4462; x_wconf 77' lang='grc' dir='ltr'>ἄλλην</span> <span class='ocrx_word' id='word_1_378' title='bbox 777 4392 984 4447; x_wconf 70' lang='grc' dir='ltr'>ἅπασαν</span> <span class='ocrx_word' id='word_1_379' title='bbox 1031 4397 1127 4448; x_wconf 87' lang='grc' dir='ltr'>τοῦ</span> <span class='ocrx_word' id='word_1_380' title='bbox 1175 4393 1344 4470; x_wconf 90' lang='grc' dir='ltr'>λόγου</span> <span class='ocrx_word' id='word_1_381' title='bbox 1411 4393 1674 4466; x_wconf 79' lang='grc' dir='ltr'>σπουδήν.</span> <span class='ocrx_word' id='word_1_382' title='bbox 1711 4396 1804 4450; x_wconf 82' lang='grc' dir='ltr'>Διὸ</span> <span class='ocrx_word' id='word_1_383' title='bbox 1853 4395 1942 4450; x_wconf 87' lang='grc' dir='ltr'>καὶ</span> 
     </span>
    </p>
   </div>
   <div class='ocr_carea' id='block_1_51' title="bbox 275 4480 1940 4558">
    <p class='ocr_par' dir='ltr' id='par_1_51' title="bbox 275 4480 1940 4558">
     <span class='ocr_line' id='line_1_51' title="bbox 275 4480 1940 4558; baseline 0.001 -22"><span class='ocrx_word' id='word_1_384' title='bbox 275 4484 512 4558; x_wconf 70' lang='grc' dir='ltr'>χαρίεις</span> <span class='ocrx_word' id='word_1_385' title='bbox 551 4481 612 4536; x_wconf 78' lang='grc' dir='ltr'>ἃν</span> <span class='ocrx_word' id='word_1_386' title='bbox 651 4480 836 4544; x_wconf 74' lang='grc' dir='ltr'>ἄλλως</span> <span class='ocrx_word' id='word_1_387' title='bbox 862 4483 889 4536; x_wconf 81' lang='grc' dir='ltr'>ὁ</span> <span class='ocrx_word' id='word_1_388' title='bbox 921 4481 1084 4555; x_wconf 89' lang='grc' dir='ltr'>λόγος</span> <span class='ocrx_word' id='word_1_389' title='bbox 1117 4483 1246 4536; x_wconf 69' lang='grc' dir='ltr'>εἶναι</span> <span class='ocrx_word' id='word_1_390' title='bbox 1292 4481 1610 4557; x_wconf 74' lang='grc' dir='ltr'>δυνάμενος,</span> <span class='ocrx_word' id='word_1_391' title='bbox 1651 4485 1749 4553; x_wconf 70' lang='grc' dir='ltr'>τὴν</span> <span class='ocrx_word' id='word_1_392' title='bbox 1809 4484 1940 4554; x_wconf 76' lang='grc' dir='ltr'>ὅσην</span> 
     </span>
    </p>
   </div>
   <div class='ocr_carea' id='block_1_52' title="bbox 2061 551 3703 624">
    <p class='ocr_par' dir='ltr' id='par_1_52' title="bbox 2061 551 3703 624">
     <span class='ocr_line' id='line_1_52' title="bbox 2061 551 3703 624; baseline 0.005 -19"><span class='ocrx_word' id='word_1_393' title='bbox 2061 555 2250 606; x_wconf 88' lang='lat' dir='ltr'>tamen</span> <span class='ocrx_word' id='word_1_394' title='bbox 2290 551 2536 607; x_wconf 84' lang='lat' dir='ltr'>allatrat.</span> <span class='ocrx_word' id='word_1_395' title='bbox 2597 554 2894 624; x_wconf 80' lang='lat' dir='ltr'>Quotquot</span> <span class='ocrx_word' id='word_1_396' title='bbox 2927 559 3116 610; x_wconf 90' lang='lat' dir='ltr'>autem</span> <span class='ocrx_word' id='word_1_397' title='bbox 3150 555 3340 611; x_wconf 85' lang='lat' dir='ltr'>verbis</span> <span class='ocrx_word' id='word_1_398' title='bbox 3370 555 3614 623; x_wconf 79' lang='lat' dir='ltr'>extollit,</span> <span class='ocrx_word' id='word_1_399' title='bbox 3647 563 3703 614; x_wconf 91' lang='lat' dir='ltr'>et</span> 
     </span>
    </p>
   </div>
   <div class='ocr_carea' id='block_1_53' title="bbox 2060 642 3704 717">
    <p class='ocr_par' dir='ltr' id='par_1_53' title="bbox 2060 642 3704 717">
     <span class='ocr_line' id='line_1_53' title="bbox 2060 642 3704 717; baseline 0.005 -21"><span class='ocrx_word' id='word_1_400' title='bbox 2060 658 2176 713; x_wconf 91' lang='lat' dir='ltr'>qua</span> <span class='ocrx_word' id='word_1_401' title='bbox 2206 642 2276 698; x_wconf 91' lang='lat' dir='ltr'>ob</span> <span class='ocrx_word' id='word_1_402' title='bbox 2308 643 2583 697; x_wconf 77' lang='lat' dir='ltr'>doctrinae</span> <span class='ocrx_word' id='word_1_403' title='bbox 2609 642 3030 710; x_wconf 83' lang='lat' dir='ltr'>excellentiam,</span> <span class='ocrx_word' id='word_1_404' title='bbox 3057 659 3170 714; x_wconf 89' lang='lat' dir='ltr'>qua</span> <span class='ocrx_word' id='word_1_405' title='bbox 3201 645 3506 717; x_wconf 87' lang='lat' dir='ltr'>obingenii</span> <span class='ocrx_word' id='word_1_406' title='bbox 3527 646 3704 703; x_wconf 89' lang='lat' dir='ltr'>soler-</span> 
     </span>
    </p>
   </div>
   <div class='ocr_carea' id='block_1_54' title="bbox 2056 731 3704 802">
    <p class='ocr_par' dir='ltr' id='par_1_54' title="bbox 2056 731 3704 802">
     <span class='ocr_line' id='line_1_54' title="bbox 2056 731 3704 802; baseline 0.003 -16"><span class='ocrx_word' id='word_1_407' title='bbox 2056 731 2197 786; x_wconf 83' lang='lat' dir='ltr'>tiam</span> <span class='ocrx_word' id='word_1_408' title='bbox 2231 748 2406 802; x_wconf 84' lang='lat' dir='ltr'>supra</span> <span class='ocrx_word' id='word_1_409' title='bbox 2439 731 2750 787; x_wconf 82' lang='lat' dir='ltr'>humanam</span> <span class='ocrx_word' id='word_1_410' title='bbox 2775 732 3190 800; x_wconf 78' lang='lat' dir='ltr'>conditionem,</span> <span class='ocrx_word' id='word_1_411' title='bbox 3217 733 3522 791; x_wconf 89' lang='lat' dir='ltr'>utdivinos</span> <span class='ocrx_word' id='word_1_412' title='bbox 3553 735 3704 792; x_wconf 90' lang='lat' dir='ltr'>cele-</span> 
     </span>
    </p>
   </div>
   <div class='ocr_carea' id='block_1_55' title="bbox 2059 819 3700 894">
    <p class='ocr_par' dir='ltr' id='par_1_55' title="bbox 2059 819 3700 894">
     <span class='ocr_line' id='line_1_55' title="bbox 2059 819 3700 894; baseline 0.003 -19"><span class='ocrx_word' id='word_1_413' title='bbox 2059 819 2204 888; x_wconf 88' lang='lat' dir='ltr'>brat,</span> <span class='ocrx_word' id='word_1_414' title='bbox 2229 821 2433 876; x_wconf 89' lang='lat' dir='ltr'>horum</span> <span class='ocrx_word' id='word_1_415' title='bbox 2456 821 3010 892; x_wconf 84' lang='lat' dir='ltr'>cujusquejudiccm</span> <span class='ocrx_word' id='word_1_416' title='bbox 3037 822 3288 894; x_wconf 83' lang='lat' dir='ltr'>seipsum</span> <span class='ocrx_word' id='word_1_417' title='bbox 3313 827 3700 892; x_wconf 84' lang='lat' dir='ltr'>constituens,</span> 
     </span>
    </p>
   </div>
   <div class='ocr_carea' id='block_1_56' title="bbox 2057 909 3703 984">
    <p class='ocr_par' dir='ltr' id='par_1_56' title="bbox 2057 909 3703 984">
     <span class='ocr_line' id='line_1_56' title="bbox 2057 909 3703 984; baseline 0.004 -20"><span class='ocrx_word' id='word_1_418' title='bbox 2057 909 2284 964; x_wconf 89' lang='lat' dir='ltr'>nullum</span> <span class='ocrx_word' id='word_1_419' title='bbox 2320 927 2434 964; x_wconf 90' lang='lat' dir='ltr'>non</span> <span class='ocrx_word' id='word_1_420' title='bbox 2467 911 2830 982; x_wconf 77' lang='lat' dir='ltr'>perstringit,</span> <span class='ocrx_word' id='word_1_421' title='bbox 2853 913 2910 966; x_wconf 91' lang='lat' dir='ltr'>in</span> <span class='ocrx_word' id='word_1_422' title='bbox 2937 911 3183 984; x_wconf 77' lang='lat' dir='ltr'>singulis</span> <span class='ocrx_word' id='word_1_423' title='bbox 3206 912 3380 967; x_wconf 87' lang='lat' dir='ltr'>etiam</span> <span class='ocrx_word' id='word_1_424' title='bbox 3413 929 3560 984; x_wconf 91' lang='lat' dir='ltr'>quos</span> <span class='ocrx_word' id='word_1_425' title='bbox 3583 913 3703 970; x_wconf 89' lang='lat' dir='ltr'>lau-</span> 
     </span>
    </p>
   </div>
   <div class='ocr_carea' id='block_1_57' title="bbox 2057 997 3697 1073">
    <p class='ocr_par' dir='ltr' id='par_1_57' title="bbox 2057 997 3697 1073">
     <span class='ocr_line' id='line_1_57' title="bbox 2057 997 3697 1073; baseline 0.003 -20"><span class='ocrx_word' id='word_1_426' title='bbox 2057 999 2242 1067; x_wconf 88' lang='lat' dir='ltr'>darat,</span> <span class='ocrx_word' id='word_1_427' title='bbox 2273 997 2491 1070; x_wconf 88' lang='lat' dir='ltr'>aliquid</span> <span class='ocrx_word' id='word_1_428' title='bbox 2525 1001 2863 1056; x_wconf 87' lang='lat' dir='ltr'>desiderans</span> <span class='ocrx_word' id='word_1_429' title='bbox 2890 1017 2902 1054; x_wconf 93' lang='lat'>:</span> <span class='ocrx_word' id='word_1_430' title='bbox 2936 1000 2994 1056; x_wconf 92' lang='lat' dir='ltr'>in</span> <span class='ocrx_word' id='word_1_431' title='bbox 3018 1000 3136 1058; x_wconf 84' lang='lat' dir='ltr'>acri</span> <span class='ocrx_word' id='word_1_432' title='bbox 3167 1001 3402 1072; x_wconf 88' lang='lat' dir='ltr'>ingenio</span> <span class='ocrx_word' id='word_1_433' title='bbox 3435 1005 3697 1073; x_wconf 79' lang='lat' dir='ltr'>praedito,</span> 
     </span>
    </p>
   </div>
   <div class='ocr_carea' id='block_1_58' title="bbox 2057 1089 3702 1161">
    <p class='ocr_par' dir='ltr' id='par_1_58' title="bbox 2057 1089 3702 1161">
     <span class='ocr_line' id='line_1_58' title="bbox 2057 1089 3702 1161; baseline 0.004 -20"><span class='ocrx_word' id='word_1_434' title='bbox 2057 1090 2211 1159; x_wconf 90' lang='lat' dir='ltr'>quod</span> <span class='ocrx_word' id='word_1_435' title='bbox 2235 1106 2348 1145; x_wconf 89' lang='lat' dir='ltr'>non</span> <span class='ocrx_word' id='word_1_436' title='bbox 2370 1105 2469 1160; x_wconf 90' lang='lat' dir='ltr'>per</span> <span class='ocrx_word' id='word_1_437' title='bbox 2484 1089 2680 1146; x_wconf 89' lang='lat' dir='ltr'>omnia</span> <span class='ocrx_word' id='word_1_438' title='bbox 2696 1106 2860 1160; x_wconf 86' lang='lat' dir='ltr'>aeque</span> <span class='ocrx_word' id='word_1_439' title='bbox 2881 1089 3062 1146; x_wconf 87' lang='lat' dir='ltr'>solers</span> <span class='ocrx_word' id='word_1_440' title='bbox 3086 1090 3264 1146; x_wconf 91' lang='lat' dir='ltr'>sit:in</span> <span class='ocrx_word' id='word_1_441' title='bbox 3281 1105 3347 1144; x_wconf 92' lang='lat' dir='ltr'>eo</span> <span class='ocrx_word' id='word_1_442' title='bbox 3362 1091 3460 1161; x_wconf 89' lang='lat' dir='ltr'>qui</span> <span class='ocrx_word' id='word_1_443' title='bbox 3483 1090 3702 1147; x_wconf 89' lang='lat' dir='ltr'>incom-</span> 
     </span>
    </p>
   </div>
   <div class='ocr_carea' id='block_1_59' title="bbox 2055 1179 3700 1250">
    <p class='ocr_par' dir='ltr' id='par_1_59' title="bbox 2055 1179 3700 1250">
     <span class='ocr_line' id='line_1_59' title="bbox 2055 1179 3700 1250; baseline 0.002 -17"><span class='ocrx_word' id='word_1_444' title='bbox 2055 1179 2298 1250; x_wconf 83' lang='lat' dir='ltr'>parabili</span> <span class='ocrx_word' id='word_1_445' title='bbox 2331 1186 2419 1235; x_wconf 90' lang='lat' dir='ltr'>cst</span> <span class='ocrx_word' id='word_1_446' title='bbox 2441 1179 2704 1244; x_wconf 84' lang='lat' dir='ltr'>scientia,</span> <span class='ocrx_word' id='word_1_447' title='bbox 2737 1183 2889 1250; x_wconf 86' lang='lat' dir='ltr'>quod</span> <span class='ocrx_word' id='word_1_448' title='bbox 2915 1197 3026 1236; x_wconf 91' lang='lat' dir='ltr'>non</span> <span class='ocrx_word' id='word_1_449' title='bbox 3065 1181 3259 1236; x_wconf 89' lang='lat' dir='ltr'>omnia</span> <span class='ocrx_word' id='word_1_450' title='bbox 3281 1181 3425 1235; x_wconf 83' lang='lat' dir='ltr'>sciat</span> <span class='ocrx_word' id='word_1_451' title='bbox 3453 1197 3466 1235; x_wconf 91' lang='lat'><strong>:</strong></span> <span class='ocrx_word' id='word_1_452' title='bbox 3495 1182 3612 1237; x_wconf 92' lang='lat' dir='ltr'>imo</span> <span class='ocrx_word' id='word_1_453' title='bbox 3644 1187 3700 1237; x_wconf 86' lang='lat' dir='ltr'>et</span> 
     </span>
    </p>
   </div>
   <div class='ocr_carea' id='block_1_60' title="bbox 2055 1269 3697 1340">
    <p class='ocr_par' dir='ltr' id='par_1_60' title="bbox 2055 1269 3697 1340">
     <span class='ocr_line' id='line_1_60' title="bbox 2055 1269 3697 1340; baseline 0.002 -18"><span class='ocrx_word' id='word_1_454' title='bbox 2055 1269 2111 1322; x_wconf 89' lang='lat' dir='ltr'>in</span> <span class='ocrx_word' id='word_1_455' title='bbox 2129 1285 2214 1336; x_wconf 91' lang='lat' dir='ltr'>eo,</span> <span class='ocrx_word' id='word_1_456' title='bbox 2233 1270 2332 1339; x_wconf 88' lang='lat' dir='ltr'>qui</span> <span class='ocrx_word' id='word_1_457' title='bbox 2349 1270 2564 1325; x_wconf 89' lang='lat' dir='ltr'>virtute</span> <span class='ocrx_word' id='word_1_458' title='bbox 2581 1271 2689 1325; x_wconf 91' lang='lat' dir='ltr'>Deo</span> <span class='ocrx_word' id='word_1_459' title='bbox 2707 1271 3007 1340; x_wconf 87' lang='lat' dir='ltr'>proximus</span> <span class='ocrx_word' id='word_1_460' title='bbox 3025 1271 3311 1338; x_wconf 89' lang='lat' dir='ltr'>videatur,</span> <span class='ocrx_word' id='word_1_461' title='bbox 3329 1273 3479 1340; x_wconf 91' lang='lat' dir='ltr'>quod</span> <span class='ocrx_word' id='word_1_462' title='bbox 3505 1271 3697 1326; x_wconf 82' lang='lat' dir='ltr'>adhuc</span> 
     </span>
    </p>
   </div>
   <div class='ocr_carea' id='block_1_61' title="bbox 2055 1358 3696 1430">
    <p class='ocr_par' dir='ltr' id='par_1_61' title="bbox 2055 1358 3696 1430">
     <span class='ocr_line' id='line_1_61' title="bbox 2055 1358 3696 1430; baseline 0.002 -18"><span class='ocrx_word' id='word_1_463' title='bbox 2055 1358 2240 1413; x_wconf 88' lang='lat' dir='ltr'>multa</span> <span class='ocrx_word' id='word_1_464' title='bbox 2260 1359 2308 1413; x_wconf 89' lang='lat' dir='ltr'>ei</span> <span class='ocrx_word' id='word_1_465' title='bbox 2339 1359 2548 1414; x_wconf 84' lang='lat' dir='ltr'>desint.</span> <span class='ocrx_word' id='word_1_466' title='bbox 2575 1361 2659 1414; x_wconf 90' lang='lat' dir='ltr'>Ita</span> <span class='ocrx_word' id='word_1_467' title='bbox 2679 1359 2946 1430; x_wconf 89' lang='lat' dir='ltr'>singulos</span> <span class='ocrx_word' id='word_1_468' title='bbox 2969 1376 3189 1426; x_wconf 87' lang='lat' dir='ltr'>eorum,</span> <span class='ocrx_word' id='word_1_469' title='bbox 3227 1376 3372 1430; x_wconf 90' lang='lat' dir='ltr'>quos</span> <span class='ocrx_word' id='word_1_470' title='bbox 3395 1361 3452 1414; x_wconf 92' lang='lat' dir='ltr'>in</span> <span class='ocrx_word' id='word_1_471' title='bbox 3486 1359 3696 1416; x_wconf 64' lang='lat' dir='ltr'>caelum</span> 
     </span>
    </p>
   </div>
   <div class='ocr_carea' id='block_1_62' title="bbox 2053 1448 3698 1519">
    <p class='ocr_par' dir='ltr' id='par_1_62' title="bbox 2053 1448 3698 1519">
     <span class='ocr_line' id='line_1_62' title="bbox 2053 1448 3698 1519; baseline 0.001 -16"><span class='ocrx_word' id='word_1_472' title='bbox 2053 1453 2226 1504; x_wconf 89' lang='lat' dir='ltr'>antea</span> <span class='ocrx_word' id='word_1_473' title='bbox 2245 1448 2580 1510; x_wconf 88' lang='lat' dir='ltr'>sustulerat,</span> <span class='ocrx_word' id='word_1_474' title='bbox 2613 1465 2850 1504; x_wconf 82' lang='lat' dir='ltr'>rursum</span> <span class='ocrx_word' id='word_1_475' title='bbox 2873 1448 3228 1504; x_wconf 89' lang='lat' dir='ltr'>detrahendo</span> <span class='ocrx_word' id='word_1_476' title='bbox 3253 1449 3546 1519; x_wconf 90' lang='lat' dir='ltr'>bumoque</span> <span class='ocrx_word' id='word_1_477' title='bbox 3568 1448 3698 1504; x_wconf 88' lang='lat' dir='ltr'>alli-</span> 
     </span>
    </p>
   </div>
   <div class='ocr_carea' id='block_1_63' title="bbox 2055 1539 3698 1608">
    <p class='ocr_par' dir='ltr' id='par_1_63' title="bbox 2055 1539 3698 1608">
     <span class='ocr_line' id='line_1_63' title="bbox 2055 1539 3698 1608; baseline 0 -16"><span class='ocrx_word' id='word_1_478' title='bbox 2055 1540 2263 1604; x_wconf 89' lang='lat' dir='ltr'>dendo,</span> <span class='ocrx_word' id='word_1_479' title='bbox 2295 1541 2606 1608; x_wconf 88' lang='lat' dir='ltr'>imperium</span> <span class='ocrx_word' id='word_1_480' title='bbox 2637 1539 2749 1593; x_wconf 86' lang='lat' dir='ltr'>sibi</span> <span class='ocrx_word' id='word_1_481' title='bbox 2782 1539 2840 1593; x_wconf 90' lang='lat' dir='ltr'>in</span> <span class='ocrx_word' id='word_1_482' title='bbox 2873 1555 3077 1594; x_wconf 90' lang='lat' dir='ltr'>omnes</span> <span class='ocrx_word' id='word_1_483' title='bbox 3107 1543 3164 1594; x_wconf 90' lang='lat' dir='ltr'>et</span> <span class='ocrx_word' id='word_1_484' title='bbox 3193 1539 3264 1592; x_wconf 89' lang='lat' dir='ltr'>de</span> <span class='ocrx_word' id='word_1_485' title='bbox 3302 1539 3576 1594; x_wconf 88' lang='lat' dir='ltr'>omnibus</span> <span class='ocrx_word' id='word_1_486' title='bbox 3607 1539 3698 1593; x_wconf 90' lang='lat' dir='ltr'>la-</span> 
     </span>
    </p>
   </div>
   <div class='ocr_carea' id='block_1_64' title="bbox 2041 1615 3698 1700">
    <p class='ocr_par' dir='ltr' id='par_1_64' title="bbox 2041 1615 3698 1700">
     <span class='ocr_line' id='line_1_64' title="bbox 2041 1615 3698 1700; baseline 0 -16"><span class='ocrx_word' id='word_1_487' title='bbox 2041 1615 2242 1684; x_wconf 83' lang='lat' dir='ltr'>tenter</span> <span class='ocrx_word' id='word_1_488' title='bbox 2253 1633 2502 1700; x_wconf 82' lang='lat' dir='ltr'>arrogat.</span> <span class='ocrx_word' id='word_1_489' title='bbox 2521 1629 2902 1694; x_wconf 84' lang='lat' dir='ltr'>Quamobrem</span> <span class='ocrx_word' id='word_1_490' title='bbox 2920 1630 3209 1684; x_wconf 90' lang='lat' dir='ltr'>Isidorum</span> <span class='ocrx_word' id='word_1_491' title='bbox 3225 1629 3698 1700; x_wconf 84' lang='lat' dir='ltr'>quoqueassidue</span> 
     </span>
    </p>
   </div>
   <div class='ocr_carea' id='block_1_65' title="bbox 2053 1719 3696 1792">
    <p class='ocr_par' dir='ltr' id='par_1_65' title="bbox 2053 1719 3696 1792">
     <span class='ocr_line' id='line_1_65' title="bbox 2053 1719 3696 1792; baseline 0 -16"><span class='ocrx_word' id='word_1_492' title='bbox 2053 1737 2167 1776; x_wconf 89' lang='lat' dir='ltr'>non</span> <span class='ocrx_word' id='word_1_493' title='bbox 2205 1721 2390 1792; x_wconf 86' lang='lat' dir='ltr'>magis</span> <span class='ocrx_word' id='word_1_494' title='bbox 2429 1720 2649 1786; x_wconf 78' lang='lat' dir='ltr'>laudat,</span> <span class='ocrx_word' id='word_1_495' title='bbox 2684 1737 2857 1790; x_wconf 90' lang='lat' dir='ltr'>quam</span> <span class='ocrx_word' id='word_1_496' title='bbox 2903 1720 3212 1792; x_wconf 88' lang='lat' dir='ltr'>vituperiis</span> <span class='ocrx_word' id='word_1_497' title='bbox 3245 1725 3467 1776; x_wconf 86' lang='lat' dir='ltr'>onerat.</span> <span class='ocrx_word' id='word_1_498' title='bbox 3503 1719 3696 1791; x_wconf 89' lang='lat' dir='ltr'>Neque</span> 
     </span>
    </p>
   </div>
   <div class='ocr_carea' id='block_1_66' title="bbox 2055 1808 3694 1882">
    <p class='ocr_par' dir='ltr' id='par_1_66' title="bbox 2055 1808 3694 1882">
     <span class='ocr_line' id='line_1_66' title="bbox 2055 1808 3694 1882; baseline 0.002 -21"><span class='ocrx_word' id='word_1_499' title='bbox 2055 1825 2188 1865; x_wconf 87' lang='lat' dir='ltr'>vero</span> <span class='ocrx_word' id='word_1_500' title='bbox 2211 1827 2278 1865; x_wconf 82' lang='lat' dir='ltr'>ex</span> <span class='ocrx_word' id='word_1_501' title='bbox 2300 1809 2646 1882; x_wconf 86' lang='lat' dir='ltr'>logiciscum</span> <span class='ocrx_word' id='word_1_502' title='bbox 2671 1809 3253 1879; x_wconf 69' lang='lat' dir='ltr'>quaestionibus,tum</span> <span class='ocrx_word' id='word_1_503' title='bbox 3280 1808 3694 1878; x_wconf 90' lang='lat' dir='ltr'>solutionibus,</span> 
     </span>
    </p>
   </div>
   <div class='ocr_carea' id='block_1_67' title="bbox 2051 1897 3694 1970">
    <p class='ocr_par' dir='ltr' id='par_1_67' title="bbox 2051 1897 3694 1970">
     <span class='ocr_line' id='line_1_67' title="bbox 2051 1897 3694 1970; baseline 0 -17"><span class='ocrx_word' id='word_1_504' title='bbox 2051 1916 2196 1970; x_wconf 91' lang='lat' dir='ltr'>quas</span> <span class='ocrx_word' id='word_1_505' title='bbox 2219 1899 2306 1954; x_wconf 89' lang='lat' dir='ltr'>vel</span> <span class='ocrx_word' id='word_1_506' title='bbox 2337 1917 2402 1954; x_wconf 87' lang='lat' dir='ltr'>ex</span> <span class='ocrx_word' id='word_1_507' title='bbox 2429 1898 2555 1953; x_wconf 87' lang='lat' dir='ltr'>aliis</span> <span class='ocrx_word' id='word_1_508' title='bbox 2577 1897 2671 1952; x_wconf 90' lang='lat' dir='ltr'>ille</span> <span class='ocrx_word' id='word_1_509' title='bbox 2701 1914 2802 1967; x_wconf 89' lang='lat' dir='ltr'>pro</span> <span class='ocrx_word' id='word_1_510' title='bbox 2825 1897 3204 1966; x_wconf 80' lang='lat' dir='ltr'>admirandis,</span> <span class='ocrx_word' id='word_1_511' title='bbox 3228 1897 3312 1952; x_wconf 87' lang='lat' dir='ltr'>vel</span> <span class='ocrx_word' id='word_1_512' title='bbox 3337 1899 3408 1952; x_wconf 90' lang='lat' dir='ltr'>de</span> <span class='ocrx_word' id='word_1_513' title='bbox 3431 1914 3536 1952; x_wconf 90' lang='lat' dir='ltr'>suo</span> <span class='ocrx_word' id='word_1_514' title='bbox 3563 1914 3694 1967; x_wconf 88' lang='lat' dir='ltr'>pec-</span> 
     </span>
    </p>
   </div>
   <div class='ocr_carea' id='block_1_68' title="bbox 2053 1987 3692 2059">
    <p class='ocr_par' dir='ltr' id='par_1_68' title="bbox 2053 1987 3692 2059">
     <span class='ocr_line' id='line_1_68' title="bbox 2053 1987 3692 2059; baseline -0.001 -17"><span class='ocrx_word' id='word_1_515' title='bbox 2053 1998 2172 2044; x_wconf 88' lang='lat' dir='ltr'>tore</span> <span class='ocrx_word' id='word_1_516' title='bbox 2187 1989 2278 2059; x_wconf 89' lang='lat' dir='ltr'>(ob</span> <span class='ocrx_word' id='word_1_517' title='bbox 2292 1988 2532 2044; x_wconf 89' lang='lat' dir='ltr'>celerem</span> <span class='ocrx_word' id='word_1_518' title='bbox 2561 1989 2770 2042; x_wconf 90' lang='lat' dir='ltr'>mentis</span> <span class='ocrx_word' id='word_1_519' title='bbox 2793 1987 3164 2056; x_wconf 79' lang='lat' dir='ltr'>agitationem</span> <span class='ocrx_word' id='word_1_520' title='bbox 3187 1992 3244 2040; x_wconf 91' lang='lat' dir='ltr'>et</span> <span class='ocrx_word' id='word_1_521' title='bbox 3264 1987 3692 2042; x_wconf 86' lang='lat' dir='ltr'>accurationem</span> 
     </span>
    </p>
   </div>
   <div class='ocr_carea' id='block_1_69' title="bbox 2053 2075 3691 2147">
    <p class='ocr_par' dir='ltr' id='par_1_69' title="bbox 2053 2075 3691 2147">
     <span class='ocr_line' id='line_1_69' title="bbox 2053 2075 3691 2147; baseline -0.001 -15"><span class='ocrx_word' id='word_1_522' title='bbox 2053 2079 2358 2133; x_wconf 86' lang='lat' dir='ltr'>scientiam</span> <span class='ocrx_word' id='word_1_523' title='bbox 2382 2081 2721 2147; x_wconf 84' lang='lat' dir='ltr'>arroganter</span> <span class='ocrx_word' id='word_1_524' title='bbox 2746 2093 2874 2130; x_wconf 89' lang='lat' dir='ltr'>sese</span> <span class='ocrx_word' id='word_1_525' title='bbox 2906 2076 3174 2146; x_wconf 66' lang='lat' dir='ltr'>efferens)</span> <span class='ocrx_word' id='word_1_526' title='bbox 3195 2075 3252 2128; x_wconf 89' lang='lat' dir='ltr'>in</span> <span class='ocrx_word' id='word_1_527' title='bbox 3279 2075 3537 2130; x_wconf 87' lang='lat' dir='ltr'>medium</span> <span class='ocrx_word' id='word_1_528' title='bbox 3565 2090 3691 2145; x_wconf 90' lang='lat' dir='ltr'>pro-</span> 
     </span>
    </p>
   </div>
   <div class='ocr_carea' id='block_1_70' title="bbox 2051 2163 3696 2238">
    <p class='ocr_par' dir='ltr' id='par_1_70' title="bbox 2051 2163 3696 2238">
     <span class='ocr_line' id='line_1_70' title="bbox 2051 2163 3696 2238; baseline -0.002 -17"><span class='ocrx_word' id='word_1_529' title='bbox 2051 2167 2231 2232; x_wconf 88' lang='lat' dir='ltr'>ducit,</span> <span class='ocrx_word' id='word_1_530' title='bbox 2262 2167 2582 2238; x_wconf 79' lang='lat' dir='ltr'>quidquam</span> <span class='ocrx_word' id='word_1_531' title='bbox 2607 2182 2785 2237; x_wconf 86' lang='lat' dir='ltr'>supra</span> <span class='ocrx_word' id='word_1_532' title='bbox 2807 2182 2926 2232; x_wconf 91' lang='lat' dir='ltr'>eos,</span> <span class='ocrx_word' id='word_1_533' title='bbox 2961 2163 3059 2236; x_wconf 91' lang='lat' dir='ltr'>qui</span> <span class='ocrx_word' id='word_1_534' title='bbox 3092 2163 3150 2218; x_wconf 90' lang='lat' dir='ltr'>in</span> <span class='ocrx_word' id='word_1_535' title='bbox 3174 2163 3544 2235; x_wconf 90' lang='lat' dir='ltr'>philosophia</span> <span class='ocrx_word' id='word_1_536' title='bbox 3574 2179 3696 2217; x_wconf 85' lang='lat' dir='ltr'>ver-</span> 
     </span>
    </p>
   </div>
   <div class='ocr_carea' id='block_1_71' title="bbox 2051 2253 3694 2326">
    <p class='ocr_par' dir='ltr' id='par_1_71' title="bbox 2051 2253 3694 2326">
     <span class='ocr_line' id='line_1_71' title="bbox 2051 2253 3694 2326; baseline -0.002 -15"><span class='ocrx_word' id='word_1_537' title='bbox 2051 2255 2168 2311; x_wconf 86' lang='lat' dir='ltr'>sari</span> <span class='ocrx_word' id='word_1_538' title='bbox 2193 2253 2362 2326; x_wconf 81' lang='lat' dir='ltr'>vulgo</span> <span class='ocrx_word' id='word_1_539' title='bbox 2391 2255 2596 2322; x_wconf 89' lang='lat' dir='ltr'>solent,</span> <span class='ocrx_word' id='word_1_540' title='bbox 2630 2255 2701 2310; x_wconf 90' lang='lat' dir='ltr'>ab</span> <span class='ocrx_word' id='word_1_541' title='bbox 2725 2255 2834 2310; x_wconf 89' lang='lat' dir='ltr'>hoc</span> <span class='ocrx_word' id='word_1_542' title='bbox 2855 2253 3092 2310; x_wconf 90' lang='lat' dir='ltr'>homine</span> <span class='ocrx_word' id='word_1_543' title='bbox 3116 2253 3284 2321; x_wconf 82' lang='lat' dir='ltr'>paulo</span> <span class='ocrx_word' id='word_1_544' title='bbox 3317 2253 3544 2308; x_wconf 84' lang='lat' dir='ltr'>felicius</span> <span class='ocrx_word' id='word_1_545' title='bbox 3563 2269 3694 2308; x_wconf 86' lang='lat' dir='ltr'>con-</span> 
     </span>
    </p>
   </div>
   <div class='ocr_carea' id='block_1_72' title="bbox 2051 2343 3694 2418">
    <p class='ocr_par' dir='ltr' id='par_1_72' title="bbox 2051 2343 3694 2418">
     <span class='ocr_line' id='line_1_72' title="bbox 2051 2343 3694 2418; baseline -0.002 -18"><span class='ocrx_word' id='word_1_546' title='bbox 2051 2346 2263 2400; x_wconf 84' lang='lat' dir='ltr'>fectum</span> <span class='ocrx_word' id='word_1_547' title='bbox 2301 2346 2550 2418; x_wconf 86' lang='lat' dir='ltr'>reperias</span> <span class='ocrx_word' id='word_1_548' title='bbox 2583 2369 2598 2410; x_wconf 88' lang='lat'><strong>;</strong></span> <span class='ocrx_word' id='word_1_549' title='bbox 2644 2350 2742 2400; x_wconf 88' lang='lat' dir='ltr'>aut</span> <span class='ocrx_word' id='word_1_550' title='bbox 2773 2359 3006 2399; x_wconf 86' lang='lat' dir='ltr'>rursum</span> <span class='ocrx_word' id='word_1_551' title='bbox 3049 2343 3116 2398; x_wconf 81' lang='lat' dir='ltr'>ad</span> <span class='ocrx_word' id='word_1_552' title='bbox 3151 2359 3398 2398; x_wconf 89' lang='lat' dir='ltr'>acumen</span> <span class='ocrx_word' id='word_1_553' title='bbox 3447 2358 3606 2408; x_wconf 88' lang='lat' dir='ltr'>eum,</span> <span class='ocrx_word' id='word_1_554' title='bbox 3635 2347 3694 2397; x_wconf 87' lang='lat' dir='ltr'>et</span> 
     </span>
    </p>
   </div>
   <div class='ocr_carea' id='block_1_73' title="bbox 2049 2433 3690 2504">
    <p class='ocr_par' dir='ltr' id='par_1_73' title="bbox 2049 2433 3690 2504">
     <span class='ocr_line' id='line_1_73' title="bbox 2049 2433 3690 2504; baseline -0.002 -14"><span class='ocrx_word' id='word_1_555' title='bbox 2049 2433 2361 2490; x_wconf 87' lang='lat' dir='ltr'>volubilem</span> <span class='ocrx_word' id='word_1_556' title='bbox 2417 2435 2629 2488; x_wconf 90' lang='lat' dir='ltr'>mentis</span> <span class='ocrx_word' id='word_1_557' title='bbox 2696 2433 3096 2504; x_wconf 79' lang='lat' dir='ltr'>agitationem,</span> <span class='ocrx_word' id='word_1_558' title='bbox 3147 2437 3433 2500; x_wconf 86' lang='lat' dir='ltr'>quantum</span> <span class='ocrx_word' id='word_1_559' title='bbox 3484 2433 3690 2486; x_wconf 85' lang='lat' dir='ltr'>saltem</span> 
     </span>
    </p>
   </div>
   <div class='ocr_carea' id='block_1_74' title="bbox 2051 2519 3689 2592">
    <p class='ocr_par' dir='ltr' id='par_1_74' title="bbox 2051 2519 3689 2592">
     <span class='ocr_line' id='line_1_74' title="bbox 2051 2519 3689 2592; baseline -0.002 -15"><span class='ocrx_word' id='word_1_560' title='bbox 2051 2523 2272 2578; x_wconf 89' lang='lat' dir='ltr'>homini</span> <span class='ocrx_word' id='word_1_561' title='bbox 2310 2527 2392 2576; x_wconf 83' lang='lat' dir='ltr'>fas</span> <span class='ocrx_word' id='word_1_562' title='bbox 2435 2531 2546 2584; x_wconf 88' lang='lat' dir='ltr'>est,</span> <span class='ocrx_word' id='word_1_563' title='bbox 2581 2524 2796 2578; x_wconf 87' lang='lat' dir='ltr'>nedum</span> <span class='ocrx_word' id='word_1_564' title='bbox 2846 2527 3132 2592; x_wconf 88' lang='lat' dir='ltr'>quantum</span> <span class='ocrx_word' id='word_1_565' title='bbox 3167 2520 3302 2584; x_wconf 89' lang='lat' dir='ltr'>Deo,</span> <span class='ocrx_word' id='word_1_566' title='bbox 3341 2519 3689 2587; x_wconf 78' lang='lat' dir='ltr'>pervenisse,</span> 
     </span>
    </p>
   </div>
   <div class='ocr_carea' id='block_1_75' title="bbox 2048 2609 3691 2682">
    <p class='ocr_par' dir='ltr' id='par_1_75' title="bbox 2048 2609 3691 2682">
     <span class='ocr_line' id='line_1_75' title="bbox 2048 2609 3691 2682; baseline -0.002 -15"><span class='ocrx_word' id='word_1_567' title='bbox 2048 2613 2150 2667; x_wconf 88' lang='lat' dir='ltr'>sed</span> <span class='ocrx_word' id='word_1_568' title='bbox 2177 2628 2364 2682; x_wconf 89' lang='lat' dir='ltr'>neque</span> <span class='ocrx_word' id='word_1_569' title='bbox 2383 2612 2497 2666; x_wconf 87' lang='lat' dir='ltr'>alia</span> <span class='ocrx_word' id='word_1_570' title='bbox 2518 2617 2972 2680; x_wconf 75' lang='lat' dir='ltr'>ostentare,qua3</span> <span class='ocrx_word' id='word_1_571' title='bbox 2995 2609 3077 2663; x_wconf 86' lang='lat' dir='ltr'>vel</span> <span class='ocrx_word' id='word_1_572' title='bbox 3103 2609 3416 2664; x_wconf 85' lang='lat' dir='ltr'>mediocria</span> <span class='ocrx_word' id='word_1_573' title='bbox 3434 2610 3492 2662; x_wconf 93' lang='lat' dir='ltr'>in</span> <span class='ocrx_word' id='word_1_574' title='bbox 3516 2610 3691 2664; x_wconf 77' lang='lat' dir='ltr'>rebus</span> 
     </span>
    </p>
   </div>
   <div class='ocr_carea' id='block_1_76' title="bbox 2049 2700 3690 2772">
    <p class='ocr_par' dir='ltr' id='par_1_76' title="bbox 2049 2700 3690 2772">
     <span class='ocr_line' id='line_1_76' title="bbox 2049 2700 3690 2772; baseline -0.002 -16"><span class='ocrx_word' id='word_1_575' title='bbox 2049 2701 2470 2772; x_wconf 82' lang='lat' dir='ltr'>philosophicis</span> <span class='ocrx_word' id='word_1_576' title='bbox 2499 2701 2638 2756; x_wconf 90' lang='lat' dir='ltr'>sint.</span> <span class='ocrx_word' id='word_1_577' title='bbox 2670 2700 2834 2755; x_wconf 73' lang='lat' dir='ltr'>Mitto</span> <span class='ocrx_word' id='word_1_578' title='bbox 2857 2714 2988 2769; x_wconf 68' lang='lat' dir='ltr'>qua:</span> <span class='ocrx_word' id='word_1_579' title='bbox 3015 2714 3112 2768; x_wconf 88' lang='lat' dir='ltr'>per</span> <span class='ocrx_word' id='word_1_580' title='bbox 3133 2713 3426 2752; x_wconf 82' lang='lat' dir='ltr'>summam</span> <span class='ocrx_word' id='word_1_581' title='bbox 3451 2713 3690 2752; x_wconf 83' lang='lat' dir='ltr'>accura-</span> 
     </span>
    </p>
   </div>
   <div class='ocr_carea' id='block_1_77' title="bbox 2047 2785 3690 2858">
    <p class='ocr_par' dir='ltr' id='par_1_77' title="bbox 2047 2785 3690 2858">
     <span class='ocr_line' id='line_1_77' title="bbox 2047 2785 3690 2858; baseline -0.002 -13"><span class='ocrx_word' id='word_1_582' title='bbox 2047 2789 2264 2846; x_wconf 85' lang='lat' dir='ltr'>tionem</span> <span class='ocrx_word' id='word_1_583' title='bbox 2297 2791 2676 2852; x_wconf 87' lang='lat' dir='ltr'>deducantur,</span> <span class='ocrx_word' id='word_1_584' title='bbox 2725 2788 2939 2858; x_wconf 91' lang='lat' dir='ltr'>quibus</span> <span class='ocrx_word' id='word_1_585' title='bbox 2969 2792 3166 2842; x_wconf 88' lang='lat' dir='ltr'>tamen</span> <span class='ocrx_word' id='word_1_586' title='bbox 3215 2787 3314 2842; x_wconf 89' lang='lat' dir='ltr'>ille</span> <span class='ocrx_word' id='word_1_587' title='bbox 3353 2785 3690 2842; x_wconf 88' lang='lat' dir='ltr'>nominibus</span> 
     </span>
    </p>
   </div>
   <div class='ocr_carea' id='block_1_78' title="bbox 2048 2877 2944 2950">
    <p class='ocr_par' dir='ltr' id='par_1_78' title="bbox 2048 2877 2944 2950">
     <span class='ocr_line' id='line_1_78' title="bbox 2048 2877 2944 2950; baseline -0.003 -15"><span class='ocrx_word' id='word_1_588' title='bbox 2048 2880 2242 2935; x_wconf 88' lang='lat' dir='ltr'>clarus</span> <span class='ocrx_word' id='word_1_589' title='bbox 2285 2877 2651 2950; x_wconf 86' lang='lat' dir='ltr'>illustrisque</span> <span class='ocrx_word' id='word_1_590' title='bbox 2680 2877 2944 2934; x_wconf 83' lang='lat' dir='ltr'>habetur.</span> 
     </span>
    </p>
   </div>
   <div class='ocr_carea' id='block_1_79' title="bbox 2117 3055 3688 3132">
    <p class='ocr_par' dir='ltr' id='par_1_79' title="bbox 2117 3055 3688 3132">
     <span class='ocr_line' id='line_1_79' title="bbox 2117 3055 3688 3132; baseline -0.003 -16"><span class='ocrx_word' id='word_1_591' title='bbox 2117 3059 2200 3116; x_wconf 82' lang='lat' dir='ltr'>Ad</span> <span class='ocrx_word' id='word_1_592' title='bbox 2233 3057 2450 3132; x_wconf 80' lang='lat' dir='ltr'>stylum</span> <span class='ocrx_word' id='word_1_593' title='bbox 2485 3057 2640 3130; x_wconf 85' lang='lat' dir='ltr'>quod</span> <span class='ocrx_word' id='word_1_594' title='bbox 2665 3056 2892 3126; x_wconf 86' lang='lat' dir='ltr'>attinet,</span> <span class='ocrx_word' id='word_1_595' title='bbox 2921 3055 3194 3130; x_wconf 86' lang='lat' dir='ltr'>pleraque</span> <span class='ocrx_word' id='word_1_596' title='bbox 3225 3055 3354 3128; x_wconf 80' lang='lat' dir='ltr'>ejus</span> <span class='ocrx_word' id='word_1_597' title='bbox 3373 3056 3548 3112; x_wconf 89' lang='lat' dir='ltr'>verba</span> <span class='ocrx_word' id='word_1_598' title='bbox 3571 3073 3688 3112; x_wconf 90' lang='lat' dir='ltr'>non</span> 
     </span>
    </p>
   </div>
   <div class='ocr_carea' id='block_1_80' title="bbox 2049 3145 3688 3220">
    <p class='ocr_par' dir='ltr' id='par_1_80' title="bbox 2049 3145 3688 3220">
     <span class='ocr_line' id='line_1_80' title="bbox 2049 3145 3688 3220; baseline -0.002 -18"><span class='ocrx_word' id='word_1_599' title='bbox 2049 3147 2248 3220; x_wconf 91' lang='lat' dir='ltr'>procul</span> <span class='ocrx_word' id='word_1_600' title='bbox 2271 3148 2721 3218; x_wconf 85' lang='lat' dir='ltr'>aperspicuitate</span> <span class='ocrx_word' id='word_1_601' title='bbox 2745 3147 3071 3202; x_wconf 88' lang='lat' dir='ltr'>discedunt.</span> <span class='ocrx_word' id='word_1_602' title='bbox 3099 3145 3438 3202; x_wconf 80' lang='lat' dir='ltr'>Habetitem</span> <span class='ocrx_word' id='word_1_603' title='bbox 3466 3146 3688 3218; x_wconf 88' lang='lat' dir='ltr'>aliquid</span> 
     </span>
    </p>
   </div>
   <div class='ocr_carea' id='block_1_81' title="bbox 2050 3233 3685 3306">
    <p class='ocr_par' dir='ltr' id='par_1_81' title="bbox 2050 3233 3685 3306">
     <span class='ocr_line' id='line_1_81' title="bbox 2050 3233 3685 3306; baseline -0.004 -12"><span class='ocrx_word' id='word_1_604' title='bbox 2050 3242 2086 3294; x_wconf 84' lang='lat' dir='ltr'><strong>I</strong></span> <span class='ocrx_word' id='word_1_605' title='bbox 2103 3239 2238 3296; x_wconf 70' lang='lat' dir='ltr'>26b</span> <span class='ocrx_word' id='word_1_606' title='bbox 2278 3237 2524 3294; x_wconf 88' lang='lat' dir='ltr'>aliarum</span> <span class='ocrx_word' id='word_1_607' title='bbox 2553 3237 2896 3302; x_wconf 82' lang='lat' dir='ltr'>formarum,</span> <span class='ocrx_word' id='word_1_608' title='bbox 2915 3251 3040 3306; x_wconf 70' lang='lat' dir='ltr'>quae</span> <span class='ocrx_word' id='word_1_609' title='bbox 3064 3235 3253 3290; x_wconf 85' lang='lat' dir='ltr'>verbis</span> <span class='ocrx_word' id='word_1_610' title='bbox 3273 3233 3685 3303; x_wconf 83' lang='lat' dir='ltr'>designantur:</span> 
     </span>
    </p>
   </div>
   <div class='ocr_carea' id='block_1_82' title="bbox 2047 3323 3692 3398">
    <p class='ocr_par' dir='ltr' id='par_1_82' title="bbox 2047 3323 3692 3398">
     <span class='ocr_line' id='line_1_82' title="bbox 2047 3323 3692 3398; baseline -0.004 -16"><span class='ocrx_word' id='word_1_611' title='bbox 2047 3327 2441 3398; x_wconf 88' lang='lat' dir='ltr'>asperitatem,</span> <span class='ocrx_word' id='word_1_612' title='bbox 2467 3327 2734 3394; x_wconf 89' lang='lat' dir='ltr'>inquam,</span> <span class='ocrx_word' id='word_1_613' title='bbox 2767 3341 2884 3394; x_wconf 88' lang='lat' dir='ltr'>qua</span> <span class='ocrx_word' id='word_1_614' title='bbox 2907 3323 3303 3394; x_wconf 87' lang='lat' dir='ltr'>pronuntiatio</span> <span class='ocrx_word' id='word_1_615' title='bbox 3320 3323 3600 3392; x_wconf 83' lang='lat' dir='ltr'>asperior,</span> <span class='ocrx_word' id='word_1_616' title='bbox 3625 3337 3692 3376; x_wconf 85' lang='lat' dir='ltr'>ac</span> 
     </span>
    </p>
   </div>
   <div class='ocr_carea' id='block_1_83' title="bbox 2045 3413 3690 3487">
    <p class='ocr_par' dir='ltr' id='par_1_83' title="bbox 2045 3413 3690 3487">
     <span class='ocr_line' id='line_1_83' title="bbox 2045 3413 3690 3487; baseline -0.003 -16"><span class='ocrx_word' id='word_1_617' title='bbox 2045 3433 2152 3473; x_wconf 88' lang='lat' dir='ltr'>vox</span> <span class='ocrx_word' id='word_1_618' title='bbox 2183 3416 2350 3487; x_wconf 90' lang='lat' dir='ltr'>quasi</span> <span class='ocrx_word' id='word_1_619' title='bbox 2373 3416 2595 3486; x_wconf 88' lang='lat' dir='ltr'>planior</span> <span class='ocrx_word' id='word_1_620' title='bbox 2621 3415 2912 3480; x_wconf 88' lang='lat' dir='ltr'>redditur;</span> <span class='ocrx_word' id='word_1_621' title='bbox 2937 3413 3074 3468; x_wconf 89' lang='lat' dir='ltr'>etin</span> <span class='ocrx_word' id='word_1_622' title='bbox 3101 3413 3380 3482; x_wconf 89' lang='lat' dir='ltr'>poeticum</span> <span class='ocrx_word' id='word_1_623' title='bbox 3414 3417 3690 3484; x_wconf 64' lang='lat' dir='ltr'>praeterea</span> 
     </span>
    </p>
   </div>
   <div class='ocr_carea' id='block_1_84' title="bbox 2049 3501 3682 3576">
    <p class='ocr_par' dir='ltr' id='par_1_84' title="bbox 2049 3501 3682 3576">
     <span class='ocr_line' id='line_1_84' title="bbox 2049 3501 3682 3576; baseline -0.002 -15"><span class='ocrx_word' id='word_1_624' title='bbox 2049 3523 2245 3575; x_wconf 88' lang='lat' dir='ltr'>usum,</span> <span class='ocrx_word' id='word_1_625' title='bbox 2273 3522 2462 3560; x_wconf 90' lang='lat' dir='ltr'>raram</span> <span class='ocrx_word' id='word_1_626' title='bbox 2488 3503 2750 3576; x_wconf 84' lang='lat' dir='ltr'>quidem,</span> <span class='ocrx_word' id='word_1_627' title='bbox 2772 3503 2870 3558; x_wconf 89' lang='lat' dir='ltr'>sed</span> <span class='ocrx_word' id='word_1_628' title='bbox 2905 3501 3234 3558; x_wconf 87' lang='lat' dir='ltr'>liberiorem</span> <span class='ocrx_word' id='word_1_629' title='bbox 3260 3503 3682 3572; x_wconf 86' lang='lat' dir='ltr'>evagationem.</span> 
     </span>
    </p>
   </div>
   <div class='ocr_carea' id='block_1_85' title="bbox 2047 3590 3687 3668">
    <p class='ocr_par' dir='ltr' id='par_1_85' title="bbox 2047 3590 3687 3668">
     <span class='ocr_line' id='line_1_85' title="bbox 2047 3590 3687 3668; baseline -0.004 -17"><span class='ocrx_word' id='word_1_630' title='bbox 2047 3597 2220 3668; x_wconf 81' lang='lat' dir='ltr'>Trepi</span> <span class='ocrx_word' id='word_1_631' title='bbox 2251 3612 2384 3651; x_wconf 85' lang='lat' dir='ltr'>vero</span> <span class='ocrx_word' id='word_1_632' title='bbox 2425 3597 2501 3649; x_wconf 85' lang='lat' dir='ltr'>ita</span> <span class='ocrx_word' id='word_1_633' title='bbox 2531 3595 2660 3664; x_wconf 86' lang='lat' dir='ltr'>ejus</span> <span class='ocrx_word' id='word_1_634' title='bbox 2701 3592 3013 3647; x_wconf 78' lang='lat' dir='ltr'>eil‘ormant</span> <span class='ocrx_word' id='word_1_635' title='bbox 3045 3591 3364 3646; x_wconf 88' lang='lat' dir='ltr'>orationem</span> <span class='ocrx_word' id='word_1_636' title='bbox 3401 3597 3461 3645; x_wconf 90' lang='lat' dir='ltr'>ut</span> <span class='ocrx_word' id='word_1_637' title='bbox 3493 3592 3548 3645; x_wconf 91' lang='lat' dir='ltr'>in</span> <span class='ocrx_word' id='word_1_638' title='bbox 3577 3590 3687 3646; x_wconf 91' lang='lat' dir='ltr'>im-</span> 
     </span>
    </p>
   </div>
   <div class='ocr_carea' id='block_1_86' title="bbox 2053 3679 3690 3757">
    <p class='ocr_par' dir='ltr' id='par_1_86' title="bbox 2053 3679 3690 3757">
     <span class='ocr_line' id='line_1_86' title="bbox 2053 3679 3690 3757; baseline -0.004 -18"><span class='ocrx_word' id='word_1_639' title='bbox 2053 3687 2296 3757; x_wconf 89' lang='lat' dir='ltr'>peritam</span> <span class='ocrx_word' id='word_1_640' title='bbox 2348 3683 2661 3754; x_wconf 82' lang='lat' dir='ltr'>quamdam</span> <span class='ocrx_word' id='word_1_641' title='bbox 2723 3697 2787 3734; x_wconf 87' lang='lat' dir='ltr'>ac</span> <span class='ocrx_word' id='word_1_642' title='bbox 2821 3680 3091 3750; x_wconf 77' lang='lat' dir='ltr'>frigidam</span> <span class='ocrx_word' id='word_1_643' title='bbox 3149 3679 3557 3740; x_wconf 90' lang='lat' dir='ltr'>elocutionem,</span> <span class='ocrx_word' id='word_1_644' title='bbox 3591 3683 3690 3733; x_wconf 88' lang='lat' dir='ltr'>aut</span> 
     </span>
    </p>
   </div>
   <div class='ocr_carea' id='block_1_87' title="bbox 2051 3767 3689 3840">
    <p class='ocr_par' dir='ltr' id='par_1_87' title="bbox 2051 3767 3689 3840">
     <span class='ocr_line' id='line_1_87' title="bbox 2051 3767 3689 3840; baseline -0.005 -11"><span class='ocrx_word' id='word_1_645' title='bbox 2051 3774 2338 3829; x_wconf 90' lang='lat' dir='ltr'>duriorem</span> <span class='ocrx_word' id='word_1_646' title='bbox 2362 3773 2614 3840; x_wconf 83' lang='lat' dir='ltr'>aliquam</span> <span class='ocrx_word' id='word_1_647' title='bbox 2638 3769 3104 3822; x_wconf 85' lang='lat' dir='ltr'>immutationem</span> <span class='ocrx_word' id='word_1_648' title='bbox 3139 3781 3502 3837; x_wconf 88' lang='lat' dir='ltr'>nequaquam</span> <span class='ocrx_word' id='word_1_649' title='bbox 3539 3767 3689 3821; x_wconf 85' lang='lat' dir='ltr'>defe-</span> 
     </span>
    </p>
   </div>
   <div class='ocr_carea' id='block_1_88' title="bbox 2053 3855 3691 3928">
    <p class='ocr_par' dir='ltr' id='par_1_88' title="bbox 2053 3855 3691 3928">
     <span class='ocr_line' id='line_1_88' title="bbox 2053 3855 3691 3928; baseline -0.005 -10"><span class='ocrx_word' id='word_1_650' title='bbox 2053 3868 2280 3928; x_wconf 87' lang='lat' dir='ltr'>rantur,</span> <span class='ocrx_word' id='word_1_651' title='bbox 2339 3861 2440 3916; x_wconf 87' lang='lat' dir='ltr'>sed</span> <span class='ocrx_word' id='word_1_652' title='bbox 2501 3858 2846 3914; x_wconf 88' lang='lat' dir='ltr'>suavitatem</span> <span class='ocrx_word' id='word_1_653' title='bbox 2881 3861 2945 3911; x_wconf 90' lang='lat' dir='ltr'>ut</span> <span class='ocrx_word' id='word_1_654' title='bbox 2991 3856 3314 3928; x_wconf 86' lang='lat' dir='ltr'>plurimum</span> <span class='ocrx_word' id='word_1_655' title='bbox 3356 3861 3413 3910; x_wconf 89' lang='lat' dir='ltr'>et</span> <span class='ocrx_word' id='word_1_656' title='bbox 3443 3855 3691 3924; x_wconf 78' lang='lat' dir='ltr'>gratiam</span> 
     </span>
    </p>
   </div>
   <div class='ocr_carea' id='block_1_89' title="bbox 2051 3944 3696 4021">
    <p class='ocr_par' dir='ltr' id='par_1_89' title="bbox 2051 3944 3696 4021">
     <span class='ocr_line' id='line_1_89' title="bbox 2051 3944 3696 4021; baseline -0.006 -13"><span class='ocrx_word' id='word_1_657' title='bbox 2051 3969 2119 4008; x_wconf 87' lang='lat' dir='ltr'>ex</span> <span class='ocrx_word' id='word_1_658' title='bbox 2150 3951 2360 4021; x_wconf 89' lang='lat' dir='ltr'>seipsis</span> <span class='ocrx_word' id='word_1_659' title='bbox 2392 3951 2596 4004; x_wconf 88' lang='lat' dir='ltr'>saltem</span> <span class='ocrx_word' id='word_1_660' title='bbox 2625 3945 2960 4002; x_wconf 85' lang='lat' dir='ltr'>concilient.</span> <span class='ocrx_word' id='word_1_661' title='bbox 2997 3945 3210 4000; x_wconf 84' lang='lat' dir='ltr'>Verum</span> <span class='ocrx_word' id='word_1_662' title='bbox 3241 3953 3302 3998; x_wconf 88' lang='lat' dir='ltr'>ut</span> <span class='ocrx_word' id='word_1_663' title='bbox 3349 3944 3696 4013; x_wconf 87' lang='lat' dir='ltr'>perspicuus</span> 
     </span>
    </p>
   </div>
   <div class='ocr_carea' id='block_1_90' title="bbox 2053 4033 3697 4110">
    <p class='ocr_par' dir='ltr' id='par_1_90' title="bbox 2053 4033 3697 4110">
     <span class='ocr_line' id='line_1_90' title="bbox 2053 4033 3697 4110; baseline -0.007 -13"><span class='ocrx_word' id='word_1_664' title='bbox 2053 4043 2150 4110; x_wconf 89' lang='lat' dir='ltr'>sit,</span> <span class='ocrx_word' id='word_1_665' title='bbox 2187 4039 2498 4096; x_wconf 82' lang='lat' dir='ltr'>maximam</span> <span class='ocrx_word' id='word_1_666' title='bbox 2529 4052 2732 4092; x_wconf 88' lang='lat' dir='ltr'>vocum</span> <span class='ocrx_word' id='word_1_667' title='bbox 2767 4040 3011 4107; x_wconf 85' lang='lat' dir='ltr'>partem,</span> <span class='ocrx_word' id='word_1_668' title='bbox 3045 4033 3318 4089; x_wconf 89' lang='lat' dir='ltr'>universa</span> <span class='ocrx_word' id='word_1_669' title='bbox 3350 4041 3541 4088; x_wconf 86' lang='lat' dir='ltr'>tamen</span> <span class='ocrx_word' id='word_1_670' title='bbox 3571 4049 3697 4087; x_wconf 89' lang='lat' dir='ltr'>ora-</span> 
     </span>
    </p>
   </div>
   <div class='ocr_carea' id='block_1_91' title="bbox 2055 4121 3692 4195">
    <p class='ocr_par' dir='ltr' id='par_1_91' title="bbox 2055 4121 3692 4195">
     <span class='ocr_line' id='line_1_91' title="bbox 2055 4121 3692 4195; baseline -0.008 -6"><span class='ocrx_word' id='word_1_671' title='bbox 2055 4131 2226 4190; x_wconf 89' lang='lat' dir='ltr'>tionis</span> <span class='ocrx_word' id='word_1_672' title='bbox 2259 4130 2426 4194; x_wconf 86' lang='lat' dir='ltr'>serie,</span> <span class='ocrx_word' id='word_1_673' title='bbox 2451 4144 2564 4183; x_wconf 91' lang='lat' dir='ltr'>non</span> <span class='ocrx_word' id='word_1_674' title='bbox 2596 4126 2758 4180; x_wconf 89' lang='lat' dir='ltr'>item.</span> <span class='ocrx_word' id='word_1_675' title='bbox 2792 4128 2930 4179; x_wconf 85' lang='lat' dir='ltr'>Nam</span> <span class='ocrx_word' id='word_1_676' title='bbox 2965 4129 3020 4179; x_wconf 91' lang='lat' dir='ltr'>et</span> <span class='ocrx_word' id='word_1_677' title='bbox 3053 4121 3396 4195; x_wconf 87' lang='lat' dir='ltr'>compositio</span> <span class='ocrx_word' id='word_1_678' title='bbox 3419 4124 3545 4190; x_wconf 84' lang='lat' dir='ltr'>ejus</span> <span class='ocrx_word' id='word_1_679' title='bbox 3577 4137 3692 4176; x_wconf 89' lang='lat' dir='ltr'>non</span> 
     </span>
    </p>
   </div>
   <div class='ocr_carea' id='block_1_92' title="bbox 2053 4215 3700 4292">
    <p class='ocr_par' dir='ltr' id='par_1_92' title="bbox 2053 4215 3700 4292">
     <span class='ocr_line' id='line_1_92' title="bbox 2053 4215 3700 4292; baseline -0.007 -13"><span class='ocrx_word' id='word_1_680' title='bbox 2053 4229 2173 4280; x_wconf 90' lang='lat' dir='ltr'>tam</span> <span class='ocrx_word' id='word_1_681' title='bbox 2214 4218 2582 4292; x_wconf 87' lang='lat' dir='ltr'>compositio,</span> <span class='ocrx_word' id='word_1_682' title='bbox 2617 4233 2792 4289; x_wconf 86' lang='lat' dir='ltr'>quam</span> <span class='ocrx_word' id='word_1_683' title='bbox 2833 4217 3128 4270; x_wconf 85' lang='lat' dir='ltr'>innovatio</span> <span class='ocrx_word' id='word_1_684' title='bbox 3159 4215 3414 4282; x_wconf 85' lang='lat' dir='ltr'>quaedam</span> <span class='ocrx_word' id='word_1_685' title='bbox 3449 4217 3538 4268; x_wconf 92' lang='lat' dir='ltr'>est</span> <span class='ocrx_word' id='word_1_686' title='bbox 3573 4228 3585 4268; x_wconf 89' lang='lat'>:</span> <span class='ocrx_word' id='word_1_687' title='bbox 3641 4217 3700 4268; x_wconf 87' lang='lat' dir='ltr'>et</span> 
     </span>
    </p>
   </div>
   <div class='ocr_carea' id='block_1_93' title="bbox 2053 4302 3700 4386">
    <p class='ocr_par' dir='ltr' id='par_1_93' title="bbox 2053 4302 3700 4386">
     <span class='ocr_line' id='line_1_93' title="bbox 2053 4302 3700 4386; baseline -0.006 -18"><span class='ocrx_word' id='word_1_688' title='bbox 2053 4313 2180 4386; x_wconf 88' lang='lat' dir='ltr'>ipsa</span> <span class='ocrx_word' id='word_1_689' title='bbox 2211 4327 2381 4384; x_wconf 89' lang='lat' dir='ltr'>porro</span> <span class='ocrx_word' id='word_1_690' title='bbox 2411 4306 2834 4364; x_wconf 89' lang='lat' dir='ltr'>circumductio</span> <span class='ocrx_word' id='word_1_691' title='bbox 2856 4305 3152 4360; x_wconf 86' lang='lat' dir='ltr'>assiduam</span> <span class='ocrx_word' id='word_1_692' title='bbox 3189 4303 3435 4358; x_wconf 85' lang='lat' dir='ltr'>atl‘erens</span> <span class='ocrx_word' id='word_1_693' title='bbox 3465 4302 3700 4358; x_wconf 84' lang='lat' dir='ltr'>satieta-</span> 
     </span>
    </p>
   </div>
   <div class='ocr_carea' id='block_1_94' title="bbox 2055 4394 3696 4468">
    <p class='ocr_par' dir='ltr' id='par_1_94' title="bbox 2055 4394 3696 4468">
     <span class='ocr_line' id='line_1_94' title="bbox 2055 4394 3696 4468; baseline -0.006 -12"><span class='ocrx_word' id='word_1_694' title='bbox 2055 4408 2191 4467; x_wconf 82' lang='lat' dir='ltr'>tem,</span> <span class='ocrx_word' id='word_1_695' title='bbox 2221 4416 2330 4455; x_wconf 90' lang='lat' dir='ltr'>non</span> <span class='ocrx_word' id='word_1_696' title='bbox 2368 4394 2796 4468; x_wconf 88' lang='lat' dir='ltr'>perspicuitatis</span> <span class='ocrx_word' id='word_1_697' title='bbox 2829 4394 3000 4449; x_wconf 92' lang='lat' dir='ltr'>modo</span> <span class='ocrx_word' id='word_1_698' title='bbox 3027 4395 3238 4449; x_wconf 84' lang='lat' dir='ltr'>factam</span> <span class='ocrx_word' id='word_1_699' title='bbox 3276 4409 3463 4463; x_wconf 87' lang='lat' dir='ltr'>spem,</span> <span class='ocrx_word' id='word_1_700' title='bbox 3497 4408 3696 4446; x_wconf 88' lang='lat' dir='ltr'>verum</span> 
     </span>
    </p>
   </div>
   <div class='ocr_carea' id='block_1_95' title="bbox 2056 4481 3694 4551">
    <p class='ocr_par' dir='ltr' id='par_1_95' title="bbox 2056 4481 3694 4551">
     <span class='ocr_line' id='line_1_95' title="bbox 2056 4481 3694 4551; baseline -0.009 -4"><span class='ocrx_word' id='word_1_701' title='bbox 2056 4491 2232 4548; x_wconf 88' lang='lat' dir='ltr'>etiam</span> <span class='ocrx_word' id='word_1_702' title='bbox 2264 4503 2436 4543; x_wconf 90' lang='lat' dir='ltr'>omne</span> <span class='ocrx_word' id='word_1_703' title='bbox 2467 4485 2706 4540; x_wconf 88' lang='lat' dir='ltr'>omnino</span> <span class='ocrx_word' id='word_1_704' title='bbox 2747 4485 2805 4537; x_wconf 89' lang='lat' dir='ltr'>in</span> <span class='ocrx_word' id='word_1_705' title='bbox 2839 4483 3097 4538; x_wconf 91' lang='lat' dir='ltr'>oratione</span> <span class='ocrx_word' id='word_1_706' title='bbox 3131 4483 3381 4551; x_wconf 86' lang='lat' dir='ltr'>positum</span> <span class='ocrx_word' id='word_1_707' title='bbox 3434 4481 3694 4536; x_wconf 89' lang='lat' dir='ltr'>studium</span> 
     </span>
    </p>
   </div>
   <div class='ocr_carea' id='block_1_96' title="bbox 273 4569 1940 4649">
    <p class='ocr_par' dir='ltr' id='par_1_96' title="bbox 273 4569 1936 4649">
     <span class='ocr_line' id='line_1_96' title="bbox 273 4569 1936 4649; baseline 0.002 -25"><span class='ocrx_word' id='word_1_708' title='bbox 273 4571 340 4624; x_wconf 71' lang='grc' dir='ltr'>ἂν</span> <span class='ocrx_word' id='word_1_709' title='bbox 381 4569 614 4632; x_wconf 76' lang='grc' dir='ltr'>δυνατὸς</span> <span class='ocrx_word' id='word_1_710' title='bbox 671 4571 738 4640; x_wconf 82' lang='grc' dir='ltr'>ἧν</span> <span class='ocrx_word' id='word_1_711' title='bbox 793 4569 1212 4644; x_wconf 68' lang='grc' dir='ltr'>κεκολασμένων</span> <span class='ocrx_word' id='word_1_712' title='bbox 1268 4572 1476 4627; x_wconf 70' lang='grc' dir='ltr'>τούτων</span> <span class='ocrx_word' id='word_1_713' title='bbox 1537 4575 1699 4648; x_wconf 81' lang='grc' dir='ltr'>χάριν</span> <span class='ocrx_word' id='word_1_714' title='bbox 1761 4593 1936 4649; x_wconf 83' lang='grc' dir='ltr'>παρα-</span> 
     </span>
    </p>
   </div>
   <div class='ocr_carea' id='block_1_97' title="bbox 2053 4569 3696 4649">
    <p class='ocr_par' dir='ltr' id='par_1_97' title="bbox 2053 4569 3696 4642">
     <span class='ocr_line' id='line_1_97' title="bbox 2053 4569 3696 4642; baseline -0.008 -7"><span class='ocrx_word' id='word_1_715' title='bbox 2053 4581 2346 4635; x_wconf 90' lang='lat' dir='ltr'>obscurat.</span> <span class='ocrx_word' id='word_1_716' title='bbox 2377 4580 2563 4640; x_wconf 80' lang='lat' dir='ltr'>Quare</span> <span class='ocrx_word' id='word_1_717' title='bbox 2603 4591 2732 4629; x_wconf 86' lang='lat' dir='ltr'>cum</span> <span class='ocrx_word' id='word_1_718' title='bbox 2781 4571 3041 4641; x_wconf 87' lang='lat' dir='ltr'>jucunda</span> <span class='ocrx_word' id='word_1_719' title='bbox 3085 4576 3280 4642; x_wconf 91' lang='lat' dir='ltr'>posset</span> <span class='ocrx_word' id='word_1_720' title='bbox 3324 4569 3464 4624; x_wconf 85' lang='lat' dir='ltr'>alias</span> <span class='ocrx_word' id='word_1_721' title='bbox 3513 4571 3696 4624; x_wconf 89' lang='lat' dir='ltr'>oratio</span> 
     </span>
    </p>
   </div>
   <div class='ocr_carea' id='block_1_98' title="bbox 273 4658 1944 4736">
    <p class='ocr_par' dir='ltr' id='par_1_98' title="bbox 273 4658 1944 4736">
     <span class='ocr_line' id='line_1_98' title="bbox 273 4658 1944 4736; baseline 0.002 -22"><span class='ocrx_word' id='word_1_722' title='bbox 273 4665 438 4735; x_wconf 64' lang='grc' dir='ltr'>σχεῖν</span> <span class='ocrx_word' id='word_1_723' title='bbox 473 4665 590 4721; x_wconf 79' lang='grc' dir='ltr'>τοῖς</span> <span class='ocrx_word' id='word_1_724' title='bbox 629 4659 942 4732; x_wconf 70' lang='grc' dir='ltr'>εἰρημένοις</span> <span class='ocrx_word' id='word_1_725' title='bbox 981 4659 1280 4734; x_wconf 72' lang='grc' dir='ltr'>ἀφῄρηται.</span> <span class='ocrx_word' id='word_1_726' title='bbox 1319 4663 1414 4715; x_wconf 78' lang='grc' dir='ltr'>Καὶ</span> <span class='ocrx_word' id='word_1_727' title='bbox 1473 4664 1526 4716; x_wconf 74' lang='grc' dir='ltr'>αἱ</span> <span class='ocrx_word' id='word_1_728' title='bbox 1565 4658 1854 4736; x_wconf 74' lang='grc' dir='ltr'>περιϐολαῖ</span> <span class='ocrx_word' id='word_1_729' title='bbox 1887 4659 1944 4717; x_wconf 77' lang='grc' dir='ltr'>δὲ</span> 
     </span>
    </p>
   </div>
   <div class='ocr_carea' id='block_1_99' title="bbox 273 4745 1942 4828">
    <p class='ocr_par' dir='ltr' id='par_1_99' title="bbox 273 4745 1942 4828">
     <span class='ocr_line' id='line_1_99' title="bbox 273 4745 1942 4828; baseline 0 -24"><span class='ocrx_word' id='word_1_730' title='bbox 273 4747 406 4804; x_wconf 69' lang='grc' dir='ltr'>οὔτι</span> <span class='ocrx_word' id='word_1_731' title='bbox 455 4769 520 4822; x_wconf 86' lang='grc' dir='ltr'>γε</span> <span class='ocrx_word' id='word_1_732' title='bbox 567 4745 814 4822; x_wconf 80' lang='grc' dir='ltr'>δριμείας</span> <span class='ocrx_word' id='word_1_733' title='bbox 855 4747 1265 4820; x_wconf 77' lang='grc' dir='ltr'>διανοίας,[213</span> <span class='ocrx_word' id='word_1_734' title='bbox 1296 4753 1387 4824; x_wconf 83' lang='grc' dir='ltr'>Η.]</span> <span class='ocrx_word' id='word_1_735' title='bbox 1420 4748 1534 4805; x_wconf 77' lang='grc' dir='ltr'>οὐδ’</span> <span class='ocrx_word' id='word_1_736' title='bbox 1565 4749 1942 4828; x_wconf 70' lang='grc' dir='ltr'>ἐπαφρόδιτοι,</span> 
     </span>
    </p>
   </div>
   <div class='ocr_carea' id='block_1_100' title="bbox 275 4836 1941 4918">
    <p class='ocr_par' dir='ltr' id='par_1_100' title="bbox 275 4836 1941 4918">
     <span class='ocr_line' id='line_1_100' title="bbox 275 4836 1941 4918; baseline 0.002 -26"><span class='ocrx_word' id='word_1_737' title='bbox 275 4836 416 4894; x_wconf 74' lang='grc' dir='ltr'>οὗδὶ</span> <span class='ocrx_word' id='word_1_738' title='bbox 447 4839 513 4892; x_wconf 83' lang='grc' dir='ltr'>τὸ</span> <span class='ocrx_word' id='word_1_739' title='bbox 551 4839 750 4914; x_wconf 81' lang='grc' dir='ltr'>γοργὸν</span> <span class='ocrx_word' id='word_1_740' title='bbox 799 4839 1222 4918; x_wconf 77' lang='grc' dir='ltr'>ὑποτρέχουσαι,</span> <span class='ocrx_word' id='word_1_741' title='bbox 1255 4841 1342 4903; x_wconf 85' lang='grc' dir='ltr'>αἶς</span> <span class='ocrx_word' id='word_1_742' title='bbox 1393 4839 1452 4895; x_wconf 75' lang='grc' dir='ltr'>ἅν</span> <span class='ocrx_word' id='word_1_743' title='bbox 1507 4862 1591 4902; x_wconf 87' lang='grc' dir='ltr'>τις</span> <span class='ocrx_word' id='word_1_744' title='bbox 1637 4841 1771 4896; x_wconf 79' lang='grc' dir='ltr'>κατᾶ</span> <span class='ocrx_word' id='word_1_745' title='bbox 1815 4842 1941 4915; x_wconf 87' lang='grc' dir='ltr'>τρό-</span> 
     </span>
    </p>
   </div>
   <div class='ocr_carea' id='block_1_101' title="bbox 271 4925 1942 4997">
    <p class='ocr_par' dir='ltr' id='par_1_101' title="bbox 271 4925 1942 4997">
     <span class='ocr_line' id='line_1_101' title="bbox 271 4925 1942 4997; baseline 0 -15"><span class='ocrx_word' id='word_1_746' title='bbox 271 4949 384 4982; x_wconf 76' lang='grc' dir='ltr'>πον</span> <span class='ocrx_word' id='word_1_747' title='bbox 431 4928 526 4982; x_wconf 80' lang='grc' dir='ltr'>καί</span> <span class='ocrx_word' id='word_1_748' title='bbox 565 4925 1004 4993; x_wconf 84' lang='grc' dir='ltr'>καλλωπίσαιτο,</span> <span class='ocrx_word' id='word_1_749' title='bbox 1039 4927 1184 4984; x_wconf 84' lang='grc' dir='ltr'>ἀλλά</span> <span class='ocrx_word' id='word_1_750' title='bbox 1245 4927 1453 4985; x_wconf 80' lang='grc' dir='ltr'>τούτων</span> <span class='ocrx_word' id='word_1_751' title='bbox 1498 4927 1564 4997; x_wconf 80' lang='grc' dir='ltr'>δὴ</span> <span class='ocrx_word' id='word_1_752' title='bbox 1605 4933 1712 4984; x_wconf 79' lang='grc' dir='ltr'>τῶν</span> <span class='ocrx_word' id='word_1_753' title='bbox 1747 4933 1942 4984; x_wconf 81' lang='grc' dir='ltr'>κοινῶν</span> 
     </span>
    </p>
   </div>
   <div class='ocr_carea' id='block_1_102' title="bbox 271 5013 1942 5098">
    <p class='ocr_par' dir='ltr' id='par_1_102' title="bbox 271 5013 1942 5098">
     <span class='ocr_line' id='line_1_102' title="bbox 271 5013 1942 5098; baseline -0.001 -24"><span class='ocrx_word' id='word_1_754' title='bbox 271 5019 368 5074; x_wconf 71' lang='grc' dir='ltr'>καὶ</span> <span class='ocrx_word' id='word_1_755' title='bbox 405 5013 746 5072; x_wconf 75' lang='grc' dir='ltr'>ἐπιπολαίων</span> <span class='ocrx_word' id='word_1_756' title='bbox 776 5016 868 5072; x_wconf 79' lang='grc' dir='ltr'>καὶ</span> <span class='ocrx_word' id='word_1_757' title='bbox 900 5015 1114 5074; x_wconf 77' lang='grc' dir='ltr'>οὐδὲτὸ</span> <span class='ocrx_word' id='word_1_758' title='bbox 1163 5019 1454 5095; x_wconf 85' lang='grc' dir='ltr'>ἀναγκαῖον</span> <span class='ocrx_word' id='word_1_759' title='bbox 1498 5021 1567 5093; x_wconf 80' lang='grc' dir='ltr'>τῇ</span> <span class='ocrx_word' id='word_1_760' title='bbox 1609 5021 1810 5098; x_wconf 69' lang='grc' dir='ltr'>χρήσει</span> <span class='ocrx_word' id='word_1_761' title='bbox 1850 5019 1942 5074; x_wconf 83' lang='grc' dir='ltr'>καὶ</span> 
     </span>
    </p>
   </div>
   <div class='ocr_carea' id='block_1_103' title="bbox 271 5105 1944 5186">
    <p class='ocr_par' dir='ltr' id='par_1_103' title="bbox 271 5105 1944 5186">
     <span class='ocr_line' id='line_1_103' title="bbox 271 5105 1944 5186; baseline -0.001 -23"><span class='ocrx_word' id='word_1_762' title='bbox 271 5111 402 5167; x_wconf 77' lang='grc' dir='ltr'>ταῖς</span> <span class='ocrx_word' id='word_1_763' title='bbox 453 5105 826 5180; x_wconf 69' lang='grc' dir='ltr'>περιστᾶσεσιν</span> <span class='ocrx_word' id='word_1_764' title='bbox 873 5107 1270 5186; x_wconf 75' lang='grc' dir='ltr'>ἁναφαινόντων</span> <span class='ocrx_word' id='word_1_765' title='bbox 1329 5111 1376 5146; x_wconf 82' lang='grc'>⁶²</span> <span class='ocrx_word' id='word_1_766' title='bbox 1427 5109 1816 5182; x_wconf 75' lang='grc' dir='ltr'>βλαστήματα.</span> <span class='ocrx_word' id='word_1_767' title='bbox 1865 5111 1944 5165; x_wconf 71' lang='grc' dir='ltr'><strong>Τὰ</strong></span> 
     </span>
    </p>
   </div>
   <div class='ocr_carea' id='block_1_104' title="bbox 275 5195 1942 5271">
    <p class='ocr_par' dir='ltr' id='par_1_104' title="bbox 275 5195 1942 5271">
     <span class='ocr_line' id='line_1_104' title="bbox 275 5195 1942 5271; baseline 0.001 -20"><span class='ocrx_word' id='word_1_768' title='bbox 275 5195 344 5251; x_wconf 69' lang='grc' dir='ltr'>εἰ</span> <span class='ocrx_word' id='word_1_769' title='bbox 387 5197 656 5271; x_wconf 73' lang='grc' dir='ltr'>σχήματα</span> <span class='ocrx_word' id='word_1_770' title='bbox 695 5197 742 5251; x_wconf 82' lang='grc' dir='ltr'>εἰ</span> <span class='ocrx_word' id='word_1_771' title='bbox 797 5198 873 5270; x_wconf 81' lang='grc' dir='ltr'><strong>μή</strong></span> <span class='ocrx_word' id='word_1_772' title='bbox 915 5197 1052 5252; x_wconf 74' lang='grc' dir='ltr'>κατὰ</span> <span class='ocrx_word' id='word_1_773' title='bbox 1095 5197 1158 5252; x_wconf 84' lang='grc' dir='ltr'>τὸ</span> <span class='ocrx_word' id='word_1_774' title='bbox 1199 5197 1500 5268; x_wconf 82' lang='grc' dir='ltr'>πλεονάζον</span> <span class='ocrx_word' id='word_1_775' title='bbox 1533 5198 1618 5253; x_wconf 81' lang='grc' dir='ltr'>ἐπὶ</span> <span class='ocrx_word' id='word_1_776' title='bbox 1674 5199 1942 5270; x_wconf 70' lang='grc' dir='ltr'>μήκιστον</span> 
     </span>
    </p>
   </div>
   <div class='ocr_carea' id='block_1_105' title="bbox 277 5285 1944 5364">
    <p class='ocr_par' dir='ltr' id='par_1_105' title="bbox 277 5285 1944 5364">
     <span class='ocr_line' id='line_1_105' title="bbox 277 5285 1944 5364; baseline 0.006 -24"><span class='ocrx_word' id='word_1_777' title='bbox 277 5291 406 5348; x_wconf 76' lang='grc' dir='ltr'>ταῖς</span> <span class='ocrx_word' id='word_1_778' title='bbox 455 5285 738 5363; x_wconf 82' lang='grc' dir='ltr'>περιόδοις</span> <span class='ocrx_word' id='word_1_779' title='bbox 781 5286 1087 5360; x_wconf 78' lang='grc' dir='ltr'>ἐξετείνετο,</span> <span class='ocrx_word' id='word_1_780' title='bbox 1127 5285 1246 5344; x_wconf 73' lang='grc' dir='ltr'>οὔτ’</span> <span class='ocrx_word' id='word_1_781' title='bbox 1286 5288 1346 5344; x_wconf 75' lang='grc' dir='ltr'>ἂν</span> <span class='ocrx_word' id='word_1_782' title='bbox 1396 5289 1530 5346; x_wconf 79' lang='grc' dir='ltr'>αὐτὰ</span> <span class='ocrx_word' id='word_1_783' title='bbox 1591 5290 1654 5346; x_wconf 83' lang='grc' dir='ltr'>τὸ</span> <span class='ocrx_word' id='word_1_784' title='bbox 1719 5291 1850 5364; x_wconf 80' lang='grc' dir='ltr'>[μὴ]</span> <span class='ocrx_word' id='word_1_785' title='bbox 1896 5291 1944 5328; x_wconf 77' lang='grc'>⁸³</span> 
     </span>
    </p>
   </div>
   <div class='ocr_carea' id='block_1_106' title="bbox 2052 4658 3698 4734">
    <p class='ocr_par' dir='ltr' id='par_1_106' title="bbox 2052 4658 3698 4734">
     <span class='ocr_line' id='line_1_106' title="bbox 2052 4658 3698 4734; baseline -0.009 -9"><span class='ocrx_word' id='word_1_786' title='bbox 2052 4685 2203 4732; x_wconf 86' lang='lat' dir='ltr'>esse,</span> <span class='ocrx_word' id='word_1_787' title='bbox 2235 4667 2390 4722; x_wconf 90' lang='lat' dir='ltr'>omni</span> <span class='ocrx_word' id='word_1_788' title='bbox 2436 4664 2534 4718; x_wconf 90' lang='lat' dir='ltr'>illa</span> <span class='ocrx_word' id='word_1_789' title='bbox 2577 4664 2785 4734; x_wconf 88' lang='lat' dir='ltr'>gratia,</span> <span class='ocrx_word' id='word_1_790' title='bbox 2832 4677 3006 4732; x_wconf 90' lang='lat' dir='ltr'>quam</span> <span class='ocrx_word' id='word_1_791' title='bbox 3043 4661 3134 4713; x_wconf 91' lang='lat' dir='ltr'>bis</span> <span class='ocrx_word' id='word_1_792' title='bbox 3181 4659 3454 4731; x_wconf 86' lang='lat' dir='ltr'>expolitis</span> <span class='ocrx_word' id='word_1_793' title='bbox 3487 4658 3698 4711; x_wconf 89' lang='lat' dir='ltr'>habere</span> 
     </span>
    </p>
   </div>
   <div class='ocr_carea' id='block_1_107' title="bbox 2053 4745 3700 4828">
    <p class='ocr_par' dir='ltr' id='par_1_107' title="bbox 2053 4745 3700 4828">
     <span class='ocr_line' id='line_1_107' title="bbox 2053 4745 3700 4828; baseline -0.01 -14"><span class='ocrx_word' id='word_1_794' title='bbox 2053 4763 2298 4828; x_wconf 86' lang='lat' dir='ltr'>poterat,</span> <span class='ocrx_word' id='word_1_795' title='bbox 2335 4771 2434 4826; x_wconf 88' lang='lat' dir='ltr'>per</span> <span class='ocrx_word' id='word_1_796' title='bbox 2463 4771 2526 4808; x_wconf 76' lang='lat' dir='ltr'>ea</span> <span class='ocrx_word' id='word_1_797' title='bbox 2559 4769 2688 4824; x_wconf 73' lang='lat' dir='ltr'>quae</span> <span class='ocrx_word' id='word_1_798' title='bbox 2719 4751 2975 4804; x_wconf 82' lang='lat' dir='ltr'>diximus</span> <span class='ocrx_word' id='word_1_799' title='bbox 3005 4747 3254 4814; x_wconf 79' lang='lat' dir='ltr'>spoliata</span> <span class='ocrx_word' id='word_1_800' title='bbox 3282 4753 3390 4802; x_wconf 87' lang='lat' dir='ltr'>est.</span> <span class='ocrx_word' id='word_1_801' title='bbox 3433 4745 3700 4800; x_wconf 85' lang='lat' dir='ltr'>Circum-</span> 
     </span>
    </p>
   </div>
   <div class='ocr_carea' id='block_1_108' title="bbox 2017 4835 3695 4910">
    <p class='ocr_par' dir='ltr' id='par_1_108' title="bbox 2017 4835 3695 4910">
     <span class='ocr_line' id='line_1_108' title="bbox 2017 4835 3695 4910; baseline -0.01 -7"><span class='ocrx_word' id='word_1_802' title='bbox 2017 4845 2354 4902; x_wconf 79' lang='lat' dir='ltr'>&#39;ductiones</span> <span class='ocrx_word' id='word_1_803' title='bbox 2376 4843 2595 4906; x_wconf 70' lang='lat' dir='ltr'>adbeec,</span> <span class='ocrx_word' id='word_1_804' title='bbox 2623 4856 2808 4910; x_wconf 90' lang='lat' dir='ltr'>neque</span> <span class='ocrx_word' id='word_1_805' title='bbox 2831 4838 3110 4894; x_wconf 88' lang='lat' dir='ltr'>acriorem</span> <span class='ocrx_word' id='word_1_806' title='bbox 3147 4852 3384 4891; x_wconf 90' lang='lat' dir='ltr'>sensum</span> <span class='ocrx_word' id='word_1_807' title='bbox 3418 4835 3695 4904; x_wconf 80' lang='lat' dir='ltr'>aliquem,</span> 
     </span>
    </p>
   </div>
   <div class='ocr_carea' id='block_1_109' title="bbox 2052 4923 3702 5007">
    <p class='ocr_par' dir='ltr' id='par_1_109' title="bbox 2052 4923 3702 5007">
     <span class='ocr_line' id='line_1_109' title="bbox 2052 4923 3702 5007; baseline -0.009 -16"><span class='ocrx_word' id='word_1_808' title='bbox 2052 4951 2238 5007; x_wconf 87' lang='lat' dir='ltr'>neque</span> <span class='ocrx_word' id='word_1_809' title='bbox 2279 4937 2662 4998; x_wconf 85' lang='lat' dir='ltr'>venustatem,</span> <span class='ocrx_word' id='word_1_810' title='bbox 2733 4945 2920 5000; x_wconf 86' lang='lat' dir='ltr'>neque</span> <span class='ocrx_word' id='word_1_811' title='bbox 2969 4927 3328 4982; x_wconf 73' lang='lat' dir='ltr'>velocitatem</span> <span class='ocrx_word' id='word_1_812' title='bbox 3376 4925 3462 4978; x_wconf 90' lang='lat' dir='ltr'>vel</span> <span class='ocrx_word' id='word_1_813' title='bbox 3515 4923 3702 4976; x_wconf 74' lang='lat' dir='ltr'>obiter</span> 
     </span>
    </p>
   </div>
   <div class='ocr_carea' id='block_1_110' title="bbox 2053 5013 3694 5094">
    <p class='ocr_par' dir='ltr' id='par_1_110' title="bbox 2053 5013 3694 5094">
     <span class='ocr_line' id='line_1_110' title="bbox 2053 5013 3694 5094; baseline -0.009 -14"><span class='ocrx_word' id='word_1_814' title='bbox 2053 5026 2378 5094; x_wconf 89' lang='lat' dir='ltr'>attingunt;</span> <span class='ocrx_word' id='word_1_815' title='bbox 2400 5021 2824 5094; x_wconf 90' lang='lat' dir='ltr'>quibustamen</span> <span class='ocrx_word' id='word_1_816' title='bbox 2844 5020 3018 5073; x_wconf 88' lang='lat' dir='ltr'>rebus</span> <span class='ocrx_word' id='word_1_817' title='bbox 3046 5033 3159 5072; x_wconf 88' lang='lat' dir='ltr'>non</span> <span class='ocrx_word' id='word_1_818' title='bbox 3197 5013 3694 5084; x_wconf 70' lang='lat' dir='ltr'>ineptequispiam</span> 
     </span>
    </p>
   </div>
   <div class='ocr_carea' id='block_1_111' title="bbox 2053 5101 3696 5186">
    <p class='ocr_par' dir='ltr' id='par_1_111' title="bbox 2053 5101 3696 5186">
     <span class='ocr_line' id='line_1_111' title="bbox 2053 5101 3696 5186; baseline -0.01 -15"><span class='ocrx_word' id='word_1_819' title='bbox 2053 5113 2369 5186; x_wconf 84' lang='lat' dir='ltr'>glorietur:</span> <span class='ocrx_word' id='word_1_820' title='bbox 2397 5127 2596 5167; x_wconf 86' lang='lat' dir='ltr'>verum</span> <span class='ocrx_word' id='word_1_821' title='bbox 2623 5110 3013 5164; x_wconf 88' lang='lat' dir='ltr'>communium</span> <span class='ocrx_word' id='word_1_822' title='bbox 3047 5108 3250 5162; x_wconf 80' lang='lat' dir='ltr'>horum</span> <span class='ocrx_word' id='word_1_823' title='bbox 3277 5109 3455 5174; x_wconf 87' lang='lat' dir='ltr'>atque</span> <span class='ocrx_word' id='word_1_824' title='bbox 3485 5101 3696 5156; x_wconf 88' lang='lat' dir='ltr'>levium</span> 
     </span>
    </p>
   </div>
   <div class='ocr_carea' id='block_1_112' title="bbox 2052 5191 3697 5269">
    <p class='ocr_par' dir='ltr' id='par_1_112' title="bbox 2052 5191 3697 5269">
     <span class='ocr_line' id='line_1_112' title="bbox 2052 5191 3697 5269; baseline -0.009 -9"><span class='ocrx_word' id='word_1_825' title='bbox 2052 5211 2526 5260; x_wconf 87' lang='lat' dir='ltr'>ornamentorum</span> <span class='ocrx_word' id='word_1_826' title='bbox 2553 5217 2624 5254; x_wconf 85' lang='lat' dir='ltr'>ne</span> <span class='ocrx_word' id='word_1_827' title='bbox 2640 5217 2706 5254; x_wconf 91' lang='lat' dir='ltr'>ea</span> <span class='ocrx_word' id='word_1_828' title='bbox 2724 5199 2958 5269; x_wconf 88' lang='lat' dir='ltr'>quidem</span> <span class='ocrx_word' id='word_1_829' title='bbox 2985 5197 3079 5251; x_wconf 89' lang='lat' dir='ltr'>hic</span> <span class='ocrx_word' id='word_1_830' title='bbox 3096 5205 3372 5267; x_wconf 87' lang='lat' dir='ltr'>apparent</span> <span class='ocrx_word' id='word_1_831' title='bbox 3407 5191 3697 5265; x_wconf 87' lang='lat' dir='ltr'>germina,</span> 
     </span>
    </p>
   </div>
   <div class='ocr_carea' id='block_1_113' title="bbox 2051 5282 3696 5363">
    <p class='ocr_par' dir='ltr' id='par_1_113' title="bbox 2051 5282 3696 5363">
     <span class='ocr_line' id='line_1_113' title="bbox 2051 5282 3696 5363; baseline -0.006 -17"><span class='ocrx_word' id='word_1_832' title='bbox 2051 5307 2174 5363; x_wconf 68' lang='lat' dir='ltr'>qua:</span> <span class='ocrx_word' id='word_1_833' title='bbox 2198 5291 2268 5346; x_wconf 89' lang='lat' dir='ltr'>ad</span> <span class='ocrx_word' id='word_1_834' title='bbox 2283 5287 2679 5346; x_wconf 88' lang='lat' dir='ltr'>necessarium</span> <span class='ocrx_word' id='word_1_835' title='bbox 2705 5293 3052 5358; x_wconf 89' lang='lat' dir='ltr'>usumatque</span> <span class='ocrx_word' id='word_1_836' title='bbox 3073 5282 3550 5340; x_wconf 86' lang='lat' dir='ltr'>circumstantias</span> <span class='ocrx_word' id='word_1_837' title='bbox 3573 5296 3696 5352; x_wconf 86' lang='lat' dir='ltr'>per-</span> 
     </span>
    </p>
   </div>
   <div class='ocr_carea' id='block_1_114' title="bbox 1659 5415 2328 5474">
    <p class='ocr_par' dir='ltr' id='par_1_114' title="bbox 1659 5415 2328 5474">
     <span class='ocr_line' id='line_1_114' title="bbox 1659 5415 2328 5474; baseline 0.003 -4"><span class='ocrx_word' id='word_1_838' title='bbox 1659 5417 1905 5474; x_wconf 73' lang='lat' dir='ltr'>VARLE</span> <span class='ocrx_word' id='word_1_839' title='bbox 1943 5415 2328 5472; x_wconf 84' lang='lat' dir='ltr'>LECTIONES</span> 
     </span>
    </p>
   </div>
   <div class='ocr_carea' id='block_1_115' title="bbox 359 5519 3366 5602">
    <p class='ocr_par' dir='ltr' id='par_1_115' title="bbox 359 5519 3366 5602">
     <span class='ocr_line' id='line_1_115' title="bbox 359 5519 3366 5602; baseline 0 -22"><span class='ocrx_word' id='word_1_840' title='bbox 359 5519 404 5558; x_wconf 78' lang='grc'>³⁵</span> <span class='ocrx_word' id='word_1_841' title='bbox 457 5523 936 5602; x_wconf 34' lang='grc' dir='ltr'>καινῷνλιεριὶῦξ</span> <span class='ocrx_word' id='word_1_842' title='bbox 999 5526 1464 5602; x_wconf 31' lang='grc' dir='ltr'>γὶἁθῑυτηκεν-ὦ-ν.</span> <span class='ocrx_word' id='word_1_843' title='bbox 1543 5527 1588 5562; x_wconf 79' lang='grc'><strong>⁵⁸</strong></span> <span class='ocrx_word' id='word_1_844' title='bbox 1627 5523 2079 5602; x_wconf 24' lang='grc' dir='ltr'>’φαίνεταιμᾳάὰ</span> <span class='ocrx_word' id='word_1_845' title='bbox 2133 5527 2202 5602; x_wconf 71' lang='lat' dir='ltr'>A_1</span> <span class='ocrx_word' id='word_1_846' title='bbox 2277 5523 2322 5602; x_wconf 56' lang='grc' dir='ltr'>’ἶ</span> <span class='ocrx_word' id='word_1_847' title='bbox 2371 5543 2428 5602; x_wconf 70' lang='grc' dir='ltr'>τε</span> <span class='ocrx_word' id='word_1_848' title='bbox 2476 5523 2620 5602; x_wconf 71' lang='lat' dir='ltr'>add.</span> <span class='ocrx_word' id='word_1_849' title='bbox 2668 5527 2757 5602; x_wconf 81' lang='lat' dir='ltr'>A&#39;_</span> <span class='ocrx_word' id='word_1_850' title='bbox 2811 5521 2860 5602; x_wconf 58' lang='grc' dir='ltr'><strong>ξ’</strong></span> <span class='ocrx_word' id='word_1_851' title='bbox 2903 5519 3278 5602; x_wconf 49' lang='grc' dir='ltr'>ἀποκαριστῇξ</span> <span class='ocrx_word' id='word_1_852' title='bbox 3315 5536 3366 5580; x_wconf 78' lang='grc' dir='ltr'>ς.</span> 
     </span>
    </p>
   </div>
   <div class='ocr_carea' id='block_1_116' title="bbox 3442 5513 3702 5590">
    <p class='ocr_par' dir='ltr' id='par_1_116' title="bbox 3442 5513 3702 5590">
     <span class='ocr_line' id='line_1_116' title="bbox 3442 5513 3702 5590; baseline 0 0"><span class='ocrx_word' id='word_1_853' title='bbox 3442 5515 3492 5590; x_wconf 69' lang='grc' dir='ltr'>⁵¹ῗ</span> <span class='ocrx_word' id='word_1_854' title='bbox 3538 5513 3702 5590; x_wconf 77' lang='grc' dir='ltr'>ἐξηρ-</span> 
     </span>
    </p>
   </div>
   <div class='ocr_carea' id='block_1_117' title="bbox 279 5586 3694 5699">
    <p class='ocr_par' dir='ltr' id='par_1_117' title="bbox 279 5586 3694 5699">
     <span class='ocr_line' id='line_1_117' title="bbox 279 5586 3694 5699; baseline -0.008 -32"><span class='ocrx_word' id='word_1_855' title='bbox 279 5595 452 5699; x_wconf 61' lang='grc' dir='ltr'>εξὲἶσυ</span> <span class='ocrx_word' id='word_1_856' title='bbox 475 5605 534 5652; x_wconf 64' lang='grc' dir='ltr'>οι</span> <span class='ocrx_word' id='word_1_857' title='bbox 563 5586 868 5699; x_wconf 49' lang='grc' dir='ltr'>ἓξῖῖξῆῥὶν</span> <span class='ocrx_word' id='word_1_858' title='bbox 901 5597 1161 5699; x_wconf 52' lang='lat' dir='ltr'>Sfaligelr</span> <span class='ocrx_word' id='word_1_859' title='bbox 1192 5614 1205 5654; x_wconf 91' lang='lat'><strong>:</strong></span> <span class='ocrx_word' id='word_1_860' title='bbox 1239 5597 1374 5654; x_wconf 85' lang='lat' dir='ltr'>libri</span> <span class='ocrx_word' id='word_1_861' title='bbox 1405 5586 1842 5699; x_wconf 48' lang='lat' dir='ltr'>sinagnla‘tvou‘—</span> <span class='ocrx_word' id='word_1_862' title='bbox 1880 5594 2079 5679; x_wconf 72' lang='grc' dir='ltr'>ἐξῄρειο</span> <span class='ocrx_word' id='word_1_863' title='bbox 2157 5596 2204 5699; x_wconf 54' lang='grc' dir='ltr'>ἷο</span> <span class='ocrx_word' id='word_1_864' title='bbox 2257 5595 2332 5670; x_wconf 78' lang='grc' dir='ltr'>μὴ</span> <span class='ocrx_word' id='word_1_865' title='bbox 2383 5597 2490 5669; x_wconf 82' lang='grc' dir='ltr'>ὅτι]</span> <span class='ocrx_word' id='word_1_866' title='bbox 2529 5598 2644 5654; x_wconf 87' lang='lat' dir='ltr'>imo</span> <span class='ocrx_word' id='word_1_867' title='bbox 2679 5597 2758 5668; x_wconf 76' lang='grc' dir='ltr'>μή</span> <span class='ocrx_word' id='word_1_868' title='bbox 2783 5593 2858 5650; x_wconf 87' lang='grc' dir='ltr'>τί.</span> <span class='ocrx_word' id='word_1_869' title='bbox 2935 5593 2977 5629; x_wconf 80' lang='grc'>⁸³</span> <span class='ocrx_word' id='word_1_870' title='bbox 3029 5595 3136 5647; x_wconf 79' lang='grc' dir='ltr'>τῶν</span> <span class='ocrx_word' id='word_1_871' title='bbox 3191 5587 3386 5660; x_wconf 70' lang='grc' dir='ltr'>λέξεων</span> <span class='ocrx_word' id='word_1_872' title='bbox 3433 5586 3583 5662; x_wconf 77' lang='grc' dir='ltr'>μέρει</span> <span class='ocrx_word' id='word_1_873' title='bbox 3637 5586 3694 5650; x_wconf 75' lang='grc' dir='ltr'>’ς.</span> 
     </span>
    </p>
   </div>
   <div class='ocr_carea' id='block_1_118' title="bbox 367 5665 2198 5745">
    <p class='ocr_par' dir='ltr' id='par_1_118' title="bbox 367 5665 2198 5745">
     <span class='ocr_line' id='line_1_118' title="bbox 367 5665 2198 5745; baseline 0.003 -27"><span class='ocrx_word' id='word_1_874' title='bbox 367 5665 789 5742; x_wconf 73' lang='grc' dir='ltr'>ἀποφαινόντων</span> <span class='ocrx_word' id='word_1_875' title='bbox 813 5671 894 5726; x_wconf 78' lang='lat' dir='ltr'>A:</span> <span class='ocrx_word' id='word_1_876' title='bbox 927 5665 1319 5745; x_wconf 56' lang='grc' dir='ltr'>ἆποιᾷαίνονται</span> <span class='ocrx_word' id='word_1_877' title='bbox 1352 5688 1404 5733; x_wconf 88' lang='grc' dir='ltr'>ς.</span> <span class='ocrx_word' id='word_1_878' title='bbox 1441 5665 1452 5669; x_wconf 45' lang='grc'>⁷</span> <span class='ocrx_word' id='word_1_879' title='bbox 1482 5665 1532 5706; x_wconf 60' lang='grc'>⁸³</span> <span class='ocrx_word' id='word_1_880' title='bbox 1669 5675 1804 5727; x_wconf 82' lang='lat' dir='ltr'>ante</span> <span class='ocrx_word' id='word_1_881' title='bbox 1833 5665 2112 5730; x_wconf 78' lang='grc' dir='ltr'>κατὸιόω.</span> <span class='ocrx_word' id='word_1_882' title='bbox 2153 5671 2198 5724; x_wconf 78' lang='grc' dir='ltr'><strong>Α</strong></span> 
     </span>
    </p>
   </div>
  </div>
