4136 6216
493 241 609 302 531

1695 237 1959 297 ΡΗΟΤΙΙ
2003 235 2532 298 PATRIARCH/E
2575 235 2694 294 (ΖΡ.

3748 230 3849 290 532

501 373 749 428 tinsant.
783 369 914 426 Jam
957 370 1171 441 ﬁguras,
1225 369 1336 424 nisi
1371 368 1709 442 longissime
1756 387 1888 425 cum
1924 371 2137 425 redun-

2266 371 2384 424 ιατὰ
2416 369 2474 423 τὸ
2510 365 2723 440 μᾶλλον
2777 362 3151 438 μεγεθύνεσθαι
3201 361 3330 418 οὔτε
3377 363 3438 417 τὸ
3487 365 3560 436 μή
3598 367 3655 420 τὸ
3708 368 3861 422 ποικί.

499 464 701 517 dantia
750 476 853 532 per
881 459 1134 513 ambitus
1187 459 1655 524 extenderentur,
1702 477 2003 530 nunquam
2044 477 2143 515 eas

498 552 650 605 vires
709 549 1007 614 haberent,
1040 546 1252 615 quibus
1285 564 1318 601 a
1364 549 1549 603 medio
1591 549 1986 620 decorumque
2029 567 2142 604 ser-

498 647 668 693 vante
697 642 1158 707 temperamento
1191 637 1560 694 abducerent.
1593 637 1972 694 Vehementia
2004 639 2142 694 item

501 733 676 798 atque
715 725 1015 781 amarities
1053 727 1275 780 abunde
1315 726 1407 781 his
1456 727 1609 781 inest
1640 728 1869 798 scriptis
1905 744 1918 781 :
1956 745 2148 798 quan-

501 833 680 887 quam
712 820 768 870 et
793 815 891 869 illa
922 831 1318 885 saepenumero
1351 815 1700 887 languescit,
1734 835 1847 871 non
1872 817 2146 872 mistione

500 920 564 959 ac
584 908 1035 973 temperamento
1055 904 1344 969 idearum,
1370 907 1519 974 quod
1544 906 1686 959 foret
1709 905 2022 975 optimum,
2043 904 2144 958 sed

501 990 818 1046 defectione
872 992 1192 1045 dictionum
1227 1000 1284 1045 et
1323 1008 1520 1046 earum
1559 993 1809 1064 partium
1844 1009 1966 1064 qua;
2019 1010 2144 1048 eam

499 1082 612 1134 vim
649 1079 890 1145 habent,
927 1086 990 1134 ut
1049 1080 1307 1149 phrasim
1370 1080 1744 1137 valentiorem
1805 1084 2052 1136 reddant
2080 1100 2146 1138 ac

500 1169 882 1240 turgidiorem
913 1185 925 1233 ;
961 1169 1111 1239 quod
1135 1169 1351 1224 'multis
1374 1171 1627 1240 quidem,
1653 1172 1939 1241 ejusmodi
1978 1189 2146 1242 pecu-

501 1261 700 1316 liarem
735 1260 994 1331 aliquam
1041 1259 1318 1331 loquendi
1367 1262 1612 1315 formam
1655 1263 2144 1326 consectantibus,

502 1353 830 1424 contingit:
897 1368 1009 1405 non
1066 1357 1259 1406 tamen
1301 1351 1410 1406 hoc
1467 1367 1601 1408 cum
1637 1353 1807 1408 laude
1841 1354 1910 1409 iis
1941 1355 2147 1408 saltem

501 1443 712 1508 evenit,
745 1441 841 1512 qui
893 1441 1181 1496 sustinere
1215 1459 1393 1513 supra
1441 1444 1586 1498 vires
1616 1450 1952 1515 susceptum
1999 1461 2148 1500 onus

504 1548 616 1586 non
641 1535 975 1601 potuerunt.
995 1529 1109 1585 Hoc
1133 1531 1309 1597 igitur
1333 1537 1475 1596 esto,
1494 1541 1552 1586 ut
1572 1533 1919 1604 simpliciter
1934 1533 2146 1594 dicam,

505 1623 575 1676 de
608 1622 731 1689 ejus
779 1621 1027 1674 dictione
1077 1620 1369 1690 judicium
1407 1638 1419 1676 :
1455 1639 1588 1678 nam
1625 1623 1680 1678 in
1713 1641 1802 1689 eo,
1839 1624 1938 1695 qui
1972 1625 2146 1678 vitam

2251 459 2346 513 λον
2394 459 2442 493 ⁸⁸
2487 455 2873 531 ἀπενέγκασθαι
2936 453 3034 507 οὐκ
3100 449 3158 506 ἂν
3237 449 3372 507 αἶ)τᾶ
3425 459 3522 522 τῆς
3577 455 3858 529 συμμέτρου

2250 548 2491 622 κράσεως
2537 545 2626 600 καὶ
2694 545 2754 599 τὸ
2816 544 3020 618 πρέπον
3092 541 3328 616 ἐχούσης
3383 540 3536 617 ἰσχὺν
3596 544 3734 618 εἶχεν
3772 545 3860 599 ἀπο

2253 638 2422 709 άγειν.
2458 637 2531 690 Τὸ
2577 637 2761 707 μέντοι
2812 630 3028 687 εὔτονον
3057 632 3104 667 ⁸⁵
3133 632 3221 684 καὶ
3262 631 3453 705 πικρὸν
3510 632 3746 706 παρίεστι
3797 639 3863 706 τῷ

2253 727 2408 801 λόγῳ
2443 745 2454 758 ⁸
2491 724 2638 778 ἄλλα
2692 723 2782 777 καὶ
2828 727 2990 776 τοῦτο
3034 718 3310 783 πολλάκις
3357 719 3618 791 ἐκλύεται,
3649 723 3706 776 οὐ
3747 723 3863 794 μίξει

2253 817 2339 869 καὶ
2401 815 2584 888 κράσει
2639 814 2747 868 τὼν
2815 809 2998 881 ἶδεῶν,
3032 811 3163 882 δπερ
3213 808 3449 885 ἄριστον,
3476 809 3595 865 ἀλλ’
3629 809 3866 884 ἐπιλείψει

2252 901 2711 975 καταϐιαζόμενον
2779 905 2824 939 ⁵⁸
2881 906 2990 956 τῶν
3063 900 3350 955 τεινόντων
3415 903 3510 968 τήν
3555 901 3733 979 ιρράσιν
3793 902 3869 956 καὶ

2255 993 2623 1068 διογκούντων
2683 991 2878 1062 λέξεών
2945 1012 3003 1045 τε
3047 992 3137 1045 καὶ
3190 994 3298 1045 τῶν
3355 988 3539 1045 ἄλλων
3591 996 3757 1065 μερῶν
3791 998 3874 1059 τῆς

2253 1082 2512 1153 τοιαύτης
2548 1081 2741 1156 ἰσχύος
2779 1100 2790 1112 ·
2832 1082 2958 1152 [412
2989 1081 3081 1151 R.]
3113 1079 3141 1132 ’ὁ
3181 1077 3424 1141 πολλοῖς
3457 1079 3548 1151 μὶν
3579 1083 3681 1134 τῶν
3711 1099 3767 1154 γε
3790 1081 3872 1147 τήν

2254 1172 2510 1240 τοιαύτην
2581 1168 2922 1244 ἰδιοτροπίαν
3007 1164 3502 1236 ἐπιτετηδευκότων
3575 1163 3777 1236 συνέϐη,
3822 1167 3874 1221 οὖ

2261 1265 2369 1335 μὴν
2401 1261 2536 1335 πρὸς
2576 1258 2795 1315 ἐπαίνου
2827 1279 2890 1333 γε
2922 1263 3040 1319 τοῖς
3104 1257 3182 1328 μή
3241 1254 3595 1312 διασεσωκόσι
3642 1259 3728 1312 τὸν
3765 1258 3875 1330 ὑπὲρ

2259 1353 2416 1430 ἰσχὺν
2448 1350 2685 1425 ἠρμένον
2743 1349 2941 1427 φόρτον
3004 1344 3316 1408 ἀποϐαίνει.
3358 1346 3537 1405 Ἀλλὰ
3587 1353 3743 1403 ταῦτα
3795 1348 3874 1420 μὶν

2256 1441 2428 1516 κρίσις
2459 1443 2526 1511 ⁸⁷,
2561 1441 2634 1502 ὡς
2663 1439 2830 1494 εἰπεῖν
2855 1437 3046 1500 ἁπλῶς
3079 1459 3141 1513 γε
3171 1437 3338 1513 λόγου
3375 1457 3387 1470 °
3418 1441 3515 1492 τοῦ
3538 1434 3593 1492 δὲ
3623 1437 3731 1512 βίον
3760 1437 3877 1511 γρά-

2257 1552 2448 1609 φοντος
2479 1529 2623 1608 τάχα
2684 1528 2743 1583 ἂν
2802 1527 2885 1598 ε’ίη
2944 1527 3033 1582 καὶ
3089 1523 3245 1600 ἕτερα
3275 1525 3523 1584 πλείονα.
3563 1527 3631 1584 Τί
3659 1526 3756 1601 γὰρ
3789 1525 3876 1579 αὖ-

2258 1625 2338 1692 τῷ
2395 1617 2574 1688 δεήσει
2637 1618 2821 1694 μορφή
2888 1613 2976 1670 διὰ
3009 1615 3269 1692 μεγέθους
3309 1616 3569 1686 ἥκουσα;
3618 1614 3882 1688 νομοθέτου

504 1709 842 1774 conscribit,
879 1709 1092 1764 fuerint
1149 1715 1204 1764 et
1261 1710 1375 1766 alia
1435 1712 1680 1767 fortasse
1731 1713 1898 1783 plura
1939 1714 2150 1768 adver—

2266 1729 2364 1786 γαρ
2396 1708 2485 1761 καὶ
2525 1708 2955 1779 προστάττοντος
2985 1709 3151 1760 τοῦτο
3204 1703 3394 1780 λόγου.
3427 1705 3493 1762 Τί
3535 1703 3593 1759 δὲ
3621 1705 3766 1765 τόνος
3801 1695 3880 1757 καὶ

2395 1792 2524 1808 ι...
2716 1797 2726 1808 ,
2915 1797 2927 1808 .
3018 1802 3041 1808 -
3206 1796 3271 1808 η,
3452 1793 3603 1808 .....
3729 1791 3866 1808 un.

504 1802 696 1853 tenda.
748 1798 896 1862 Quid
946 1801 1098 1852 enim
1143 1815 1290 1869 opus
1344 1799 1455 1870 ipsi
1491 1807 1615 1854 erat
1667 1803 2009 1869 granditatis
2068 1802 2151 1856 uti

506 1888 693 1941 forma
723 1885 750 1938 ?
781 1886 1130 1956 legislatoris
1163 1889 1316 1940 enim
1351 1904 1418 1942 ac
1439 1891 1871 1958 prescribentis
1902 1891 2148 1945 orationi

2263 1792 2534 1871 περιϐολὴ
2567 1797 2802 1864 τοσαύτη
2844 1797 2930 1850 καὶ
2977 1802 3076 1863 τῆς
3108 1796 3378 1864 συνθήκης
3409 1794 3476 1850 τὸ
3506 1793 3661 1865 ἄηθες
3687 1813 3700 1863 ;
3729 1791 3876 1850 Ἀλλὰ

2263 1891 2430 1941 ταῦτα
2473 1886 2566 1958 μὲν
2600 1884 2685 1940 ἐπὶ
2720 1889 2998 1940 τοσοῦτον.

504 1977 612 2030 hoc
683 1976 1006 2046 proprium.
1052 1977 1203 2041 Quid
1252 1977 1383 2033 dein
1432 1979 1748 2045 contentio,
1784 1986 2056 2050 tantaque
2101 1981 2548 2046 circumductio,
2599 1983 2654 2034 et
2711 1978 3155 2050 compositionis
3214 1977 3501 2033 inusitata
3546 1976 3736 2034 ratio?
3783 1973 3879 2032 Sed

508 2065 628 2119 haac
660 2064 960 2119 hactenus.

581 2153 920 2208 Damascius
943 2158 1133 2208 autem
1157 2154 1215 2209 in
1241 2155 1464 2210 dicendi
1490 2162 1612 2212 arte
1636 2162 1750 2212 tres
1784 2158 1944 2229 ipsos
1964 2175 2148 2214 annos

509 2241 731 2296 Theoni
765 2257 1003 2312 Operam
1037 2243 1216 2310 dedit,
1246 2244 1589 2315 praefuitque
1612 2245 1912 2301 rhetoricis
1945 2247 2158 2302 exerci-

510 2329 837 2385 tationibus
870 2347 1053 2386 annos
1100 2332 1214 2386 fere
1247 2349 1474 2388 novem.
1519 2337 1858 2390 Geometriaa
1889 2345 1940 2390 et
1973 2337 2156 2390 arith-

509 2419 728 2474 meticae
813 2420 1002 2475 127a
1075 2426 1529 2493 czeterarumque
1586 2427 1802 2480 artium
1861 2427 2155 2481 doctorem

514 2506 723 2560 habuit
772 2507 1059 2562 Marinum
1094 2509 1207 2579 (27)
1239 2509 1482 2565 Athenis
1526 2510 1711 2566 Procli
1743 2529 2154 2568 successorem.

512 2597 577 2651 In
612 2597 1032 2669 philosophicis
1063 2599 1413 2670 disciplinis,
1433 2601 1726 2658 Zenodoro
1748 2602 1991 2658 Athenis
2019 2620 2157 2658 usus

511 2691 597 2742 est
627 2686 925 2758 magistro,
958 2687 1057 2759 qui
1090 2690 1288 2758 etip'se
1311 2695 1441 2759 post
1473 2689 1760 2746 Marinum
1796 2692 1994 2747 Proclo
2017 2709 2159 2747 suc-

513 2778 736 2843 cessit;
780 2777 1085 2832 Atnmonio
1115 2793 1249 2832 vero
1301 2778 1541 2834 Hermia;
1593 2780 1710 2836 ﬁlio
1763 2782 1871 2852 (28)
1908 2781 2154 2836 Alexan-

515 2865 676 2930 driae,
709 2882 877 2932 quem
915 2882 1026 2920 non
1059 2883 1256 2934 parum
1274 2869 1497 2923 caeteris
1528 2885 1646 2923 suae
1679 2870 1866 2924 aetatis
1900 2871 2158 2938 philoso-

519 2953 652 3025 phis
675 2953 1018 3009 antecellere
1034 2955 1257 3021 scribit,
1273 2966 1324 3008 et
1347 2958 1598 3010 maxime
1622 2957 1680 3012 in
1703 2958 2155 3033 mathematicis.

517 3044 701 3114 Hujus
731 3045 791 3098 in
826 3045 1135 3099 Platonicis
1158 3063 1218 3099 se
1242 3043 1563 3100 auditorem
1601 3049 1779 3103 fuisse
1824 3049 2158 3104 Damascius

516 3136 743 3202 scribit,
795 3140 858 3188 ut
914 3141 970 3188 et
1014 3135 1309 3189 Ptolemaei
1358 3152 1581 3206 magna;
1631 3139 2156 3194 astronomicorum

517 3227 845 3291 syntaxeos.
872 3221 1192 3276 Dialectica
1224 3228 1418 3279 tamen
1451 3226 1879 3281 exercitationis
1909 3228 2025 3280 vim
2051 3245 2160 3282 usu

522 3325 584 3363 se
625 3326 689 3363 ac
739 3309 1128 3366 familiaritate
1178 3312 1385 3366 Isidori
1430 3323 1803 3368 consecutum
1839 3317 2159 3383 contendit,

523 3413 698 3468 quem
745 3405 798 3452 et
841 3397 901 3451 in
955 3397 1061 3451 hac
1110 3398 1237 3468 ipsa
1273 3400 1600 3455 disserendi
1650 3403 1918 3457 facultate
1957 3419 2161 3459 omnes

522 3492 810 3557 quotquot
866 3486 1012 3541 illud
1083 3488 1362 3543 staculum
1423 3489 1575 3559 tulit,
1636 3492 1838 3548 doctos
1899 3489 2162 3549 homines

523 3576 868 3632 obscurasse
898 3583 1333 3634 commemorat.

1187 3759 1506 3816 CLXXXII.

513 3851 586 3905 'B.
639 3848 876 3920 Eulogii,
910 3847 1234 3915 archiepisc.
1284 3849 1670 3921 Alexandrini,
1721 3853 1928 3908 Contra
1987 3854 2165 3910 Nava-

1148 3947 1264 3994 tu-m
1295 3939 1430 3994 libri
1457 3957 1533 3995 v1.

599 4027 744 4082 Lecti
777 4029 913 4081 sunt
944 4026 1006 4081 Β.
1057 4025 1284 4097 Eulogii
1335 4027 1713 4083 Alexandrini
1746 4031 2167 4104 archiepisc0pi

527 4117 730 4170 Contra
755 4117 1019 4171 Novatum
1049 4115 1161 4183 (29)
1198 4123 1252 4169 et
1277 4116 1346 4170 De
1373 4117 1863 4175 administratione
1895 4123 2008 4191 (30)
2054 4123 2169 4194 [ec-

525 4207 853 4274 clesiastica]
915 4205 1042 4257 libri
1084 4204 1339 4274 quinque
1399 4206 1526 4277 (3i).
1590 4209 1852 4262 Hominis
1888 4212 2066 4266 dictio
2099 4213 2169 4266 ad

525 4297 701 4347 verba
732 4296 883 4362 quod
920 4296 1148 4355 attinet,
1183 4297 1298 4346 fere
1343 4299 1702 4352 mediocriter
1733 4307 1821 4352 est
1858 4308 2166 4354 accurata:

531 4399 723 4436 verum
756 4387 1187 4437 Constructione
1219 4402 1329 4437 non
1366 4386 1560 4454 procul
1597 4404 1747 4456 saepe
1778 4406 1810 4442 a
1843 4391 2169 4448 soloecismo

2328 2157 2388 2212 Ὀ
2441 2152 2497 2209 δὲ
2544 2163 2851 2228 Δαμασκιος
2898 2157 2997 2225 τήν
3048 2175 3109 2209 τε
3137 2153 3540 2229 ῥητορεύουσαν
3573 2159 3757 2228 τεχνην
3802 2150 3885 2205 ὑπὸ

2269 2244 2438 2300 Θέωνι
2486 2246 2609 2319 τρία
2664 2241 2756 2314 ἔτη
2790 2243 2894 2300 ὅλα
2927 2242 3235 2310 διεπόνησε,
3269 2246 3355 2298 καὶ
3417 2241 3662 2318 προῦστη
3711 2239 3884 2315 διατρι-

2267 2327 2376 2386 ϐῶν
2408 2333 2714 2406 ῥητορικῶν
2748 2331 2837 2386 ἐπὶ
2886 2327 2980 2401 ἔτη
3034 2332 3096 2396 θ’,
3147 2332 3492 2407 γεωμετρίας
3551 2328 3606 2384 δὲ
3661 2327 3743 2383 καὶ
3793 2327 3887 2400 ἄρι-

2267 2423 2546 2493 θμητικῆς
2578 2421 2667 2475 καὶ
2707 2425 2813 2474 τῶν
2873 2419 3061 2476 ἄλλων
3127 2420 3473 2494 μαθημάτων
3530 2421 3758 2493 Μαρῖνον
3809 2415 3884 2469 τὸν

2268 2509 2529 2584 διάδοχον
2590 2508 2841 2582 Πρόκλου
2883 2510 2934 2564 ἐν
2967 2511 3217 2579 Ἀθήναις
3264 2503 3394 2586 ἔσχε
3426 2505 3762 2564 διδάσκαλον.
3788 2506 3884 2572 Τῆς

2269 2597 2324 2652 δὲ
2365 2598 2671 2676 φιλυσόφου
2703 2598 2933 2672 θεωρίας
2967 2599 2995 2652 δ
3024 2619 3081 2653 τε
3130 2595 3433 2666 Ζηνόδοτος
3496 2597 3642 2668 αὐτῷ
3687 2595 3885 2667 καθηγε-

2272 2689 2386 2760 μὼν
2432 2690 2682 2760 Ἀθήνῃσι
2730 2689 2818 2742 καὶ
2873 2687 3037 2748 αὐτὸς
3079 2685 3310 2761 ἐγεγόνει
3368 2683 3659 2761 (διάδοχος
3713 2682 3764 2739 δὲ
3813 2681 3886 2736 καὶ

2271 2779 2426 2832 οὗτος
2495 2776 2768 2851 Πρόκλου,
2823 2778 2890 2832 τὰ
2957 2773 3177 2851 δεύτερα
3237 2776 3481 2850 Μαρίνου
3557 2777 3763 2853 φέρων),
3812 2771 3887 2826 καὶ

2268 2869 2585 2939 Ἀμμώνιος
2640 2864 2691 2919 ἐν
2725 2862 3102 2939 Ἀλεξανδρείᾳ
3150 2865 3177 2918 ὁ
3210 2863 3499 2939 Ἑρμείου,
3530 2865 3587 2919 ’όν
3629 2863 3685 2918 οὐ
3733 2863 3888 2936 μικρῷ

2273 2958 2454 3030 μέτρῳ
2484 2960 2590 3008 τῶν
2622 2956 2736 3008 καθ’
2765 2954 2952 3008 ὶαυτὸν
2995 2953 3084 3008 ἐπὶ
3124 2951 3422 3030 φιλοσοφία
3460 2954 3600 3031 ιρησί
3631 2949 3891 3027 διαφέρειν,

2269 3044 2356 3098 καὶ
2411 3042 2645 3116 μάλιστα
2700 3048 2816 3105 τοῖς
2854 3045 3157 3115 μαθήμασι.
3193 3045 3398 3098 Τοῦτον
3431 3044 3659 3098 καὶτῶν
3687 3045 3882 3095 Πλατω-

2271 3138 2432 3188 νικῶν
2468 3133 2735 3207 ἐξηγητὴν
2768 3132 2916 3203 αὐτῷ
2963 3133 3280 3208 γεγενῆσθαι
3314 3132 3629 3204 Δαμάσκιος
3683 3125 3881 3200 ἀναγρά-

2272 3245 2381 3300 φει,
2429 3224 2519 3276 καὶ
2573 3229 2674 3291 τῆς
2734 3223 3028 3291 συντάξεως
3093 3226 3200 3276 τῶν
3250 3222 3665 3296 ἀστρονομικῶν
3716 3216 3889 3277 Πτολε-

2273 3314 2439 3384 μαίου
2483 3306 2733 3386 βιϐλίων.
2764 3313 2880 3379 Τῆς
2941 3311 3126 3383 μέντοι
3158 3308 3515 3379 διαλεκτικῆς
3577 3305 3760 3384 τριϐῆς
3803 3305 3880 3365 τὰς

2271 3398 2553 3474 Ἰσιδώρου
2593 3400 2874 3461 συνουσίας
2904 3401 3002 3469 τὴν
3048 3399 3206 3474 ἰσχὺν
3238 3399 3385 3471 αὖτῷ
3443 3397 3757 3455 διατείνεται
3809 3415 3891 3448 πα-

2267 3496 2517 3568 ρασχεῖν,
2549 3491 2605 3544 ’ὸν
2674 3491 2762 3545 καὶ
2832 3489 2918 3545 ἐπὶ
2973 3493 3043 3563 τῇ
3074 3490 3298 3564 τοιαύτῃ
3331 3493 3440 3545 τῶν
3492 3490 3666 3564 λόγων
3699 3483 3892 3556 δυνάμει

2271 3582 2476 3642 πάντας
2523 3581 2858 3654 ἀνθρώπους,
2893 3579 3052 3641 ὅσους
3105 3580 3132 3633 ὁ
3179 3581 3294 3634 κατ’
3335 3577 3549 3649 ἐκείνην
3597 3579 3691 3647 τὴν
3743 3571 3892 3650 γενεὰν

2271 3671 2464 3746 ἤνεγκε
2501 3671 2723 3746 χρόνος,
2755 3667 3168 3745 ἀποκρύψασθαί
3201 3688 3383 3745 φησιν.

3009 3758 3174 3813 ΡΠΒ’.

2381 3848 2676 3925 Εὐλογίου,
2723 3847 3162 3923 ἆρχιεπισκόπαυ
3215 3843 3646 3922 Ἀλεξανδρείας,
3684 3843 3803 3899 κατὰ

2817 3935 3068 3990 Ναυάτου
3108 3933 3266 4008 λόγοι
3308 3937 3373 3997 ς’.
3423 3937 3428 3942 ’

2347 4028 2688 4102 Ἀνεγνώσθη
2724 4024 2993 4100 Εὐλογίου
3024 4028 3121 4079 τοῦ
3161 4023 3212 4078 ἐν
3273 4024 3451 4101 ἁγίοις
3488 4019 3892 4100 ἂρχιεπισκόπου

2277 4115 2679 4188 Ἀλεξανδρείας
2737 4116 2871 4170 κατὰ
2946 4115 3191 4170 Ναυάτου
3255 4115 3345 4169 καὶ
3412 4115 3544 4189 περῖ
3619 4105 3897 4181 οἰκονομία(

2280 4203 2438 4281 λόγοι
2481 4208 2537 4264 ε’.
2566 4213 2719 4261 Ἔστι
2775 4206 2873 4272 τὴν
2932 4205 3125 4283 φράσιν
3184 4204 3212 4257 ὁ
3257 4203 3416 4274 ἀνὴρ,
3449 4202 3554 4258 ὅσα
3589 4203 3677 4276 μὲν
3706 4200 3774 4259 εῗς
3819 4195 3894 4250 λέ.

2280 4301 2354 4371 ξιν
2396 4298 2667 4366 ἥκει,τοῐ’›
2729 4295 2948 4368 μετρίου
3005 4315 3122 4355 πως
3182 4292 3261 4348 ἐπ’
3319 4291 3548 4348 ἔλαττον
3609 4281 3894 4362 ἠκριϐωμέ-

2281 4408 2393 4454 νος,
2426 4387 2522 4441 ὅσα
2571 4385 2626 4440 δὲ
2659 4384 2734 4448 εἰς
2783 4385 3073 4456 συντάξεις,
3106 4383 3262 4457 ἐγγὺς
3292 4381 3570 4444 πολλάκις
3602 4386 3706 4436 τῶν
3737 4374 3896 4454 σολοι-

529 4470 810 4526 abscedit.
846 4471 1182 4526 Divinarum
1235 4473 1434 4528 adhaac
1465 4475 1901 4545 Scripturarum
1937 4496 2050 4534 non
2083 4489 2154 4535 est

2276 4478 2535 4546 κιζόντων
2595 4474 2918 4552 ἀφιγμένος,
2975 4477 3082 4526 τῶν
3125 4469 3182 4527 δὲ
3237 4472 3394 4526 θείων
3429 4473 3534 4527 οὐκ
3591 4467 3894 4551 ἀμελέτητοι

526 4561 858 4632 imperitus,
881 4577 1126 4631 quarum
1152 4562 1484 4618 testimonia
1516 4563 1759 4618 feliciter
1785 4570 1960 4636 atque
1989 4585 2165 4639 appo-

2276 4570 2526 4640 Γραφῶν,
2558 4549 2705 4618 ἀλλά
2757 4563 2846 4619 καὶ
2897 4561 3172 4637 εὐστόχως
3232 4561 3422 4624 αὐταῖς
3460 4560 3601 4618 κατά
3627 4580 3684 4614 τε
3708 4554 3752 4594 ⁸⁸
3777 4554 3901 4614 Ναυ-

1884 4655 2126 4710 νΑΡΛιΕ
2183 4657 2573 4713 LECTIONES

597 4740 642 4777 ⁶⁴
671 4737 958 4795 ποικίλλον
993 4745 1058 4798 Α.
1135 4741 1183 4775 ⁸⁵
1211 4736 1422 4796 ἔντονον
1453 4761 1503 4804 ς.
1535 4746 1641 4795 τῶν
1678 4742 1853 4818 Λόγων
1885 4763 1933 4807 ς.
2013 4745 2059 4780 ⁸⁸
2089 4745 2221 4799 κατᾶ
2249 4746 2311 4799 τὸ
2347 4744 2671 4820 βιαζόμενον
2705 4765 2754 4807 ς.
2825 4743 2872 4780 ⁸⁷
2903 4743 3074 4820 κρίσιν
3104 4747 3170 4800 Α.
3247 4741 3295 4779 ⁸⁸
3336 4763 3391 4797 τε
3425 4743 3559 4800 add.
3585 4746 3648 4796 A.

2123 4836 2333 4893 NO'I‘E

605 4923 716 4994 (27)
749 4923 930 4993 Cujus
991 4922 1225 4978 libellus
1287 4926 1362 4977 De
1419 4924 1612 4978 Procli
1650 4924 1916 4979 Di'adochi
1946 4925 2058 4982 vita
2116 4926 2175 4981 in

532 4996 809 5051 manibus
841 5001 923 5049 est
948 4994 1073 5063 lege
1099 4996 1263 5050 Suid.

603 5068 715 5139 (28)
741 5067 822 5120 Ad
858 5067 1286 5124 distinctionem
1322 5065 1499 5140 hujus
1532 5065 1604 5120 ab
1635 5066 1816 5124 altero
1848 5069 2178 5140 antiquiore

535 5138 846 5192 Ariiniunio
879 5140 1074 5206 Sacca,
1107 5141 1176 5192 de
1209 5156 1320 5208 quo
1354 5138 1585 5192 Sutdas.

606 5210 1129 5284 ('29)_Nu\:atianum
1166 5211 1321 5264 hunc
1353 5211 1554 5284 fuisse,
1589 5211 1685 5264 sed
1713 5228 1744 5266 a
1775 5211 1994 5268 Novato
2025 5229 2174 5284 quo-

539 5281 669 5354 dam
730 5282 789 5346 Β,
849 5281 1117 5352 Cypriani
1172 5285 1358 5354 presb.
1401 5283 1704 5337 seductum
1765 5284 1912 5354 (quis
1969 5281 2179 5339 Graecis

541 5351 684 5425 forte
722 5351 1280 5425 ansacoiit'undendi
1318 5353 1523 5406 horum
1566 5351 1848 5425 nomina),
1883 5358 2072 5410 disces
2111 5371 2178 5410 ex

539 5421 644 5478 BB.
678 5424 944 5495 Cornelii,
977 5425 1145 5495 Cypr.
1179 5424 1411 5480 Hieron.
1449 5434 1505 5479 et
1545 5421 1815 5482 aliorum'
1845 5429 2179 5482 Latinorum

539 5492 795 5568 scriptis.
835 5493 981 5568 _Vide
1022 5492 1418 5568 Epiphanium
1445 5496 1674 5568 hairesi
1722 5500 1792 5554 59
1826 5525 1839 5566 ;
1892 5499 2177 5554 Theodor.

539 5567 732 5622 Haeret.
763 5563 879 5634 fab.
923 5565 1023 5620 lib.
1066 5563 1155 5638 in;
1184 5575 1234 5622 et
1275 5566 1475 5623 Annal.
1509 5583 1550 5622 ιι
1600 5563 2029 5638 Βιιιιοῐι.ὀειιυι1.,
2079 5569 2179 5625 Ni-

2287 4925 2623 4992 cephorum,
2658 4929 2794 4980 item
2829 4923 3046 4980 Callist.
3081 4929 3139 4981 et
3167 4923 3325 4980 Suid.

2381 4997 2471 5069 30)
2506 4983 2634 5069 Περῖ
2677 4993 3016 5069 οἷκογομίας.
3051 4997 3317 5068 Intelligo
3343 4995 3694 5069 potestatem
3726 4983 3906 5069 Eccle:

2287 5050 2474 5123 sia‘aiiii
2506 5050 2876 5136 ire‘cipiendis‘
2911 5050 3110 5138 lapsis.
3153 5050 3596 5134 ⁷Βεδιυγοίκονομίᾳ
3632 5062 3781 5116 idem
3809 5050 3907 5110 inf.

2288 5157 2521 5212 quvque
2551 5143 2676 5195 cod.
2712 5142 2838 5193 227.

2360 5196 2469 5282 (3i)
2502 5213 2580 5266 De
2606 5212 2822 5283 quibus
2853 5211 3086 5277 iterum,
3113 5210 3211 5265 sed
3246 5209 3497 5273 brevius,
3532 5205 3638 5283 inf.
3659 5201 3778 5257 cod.
3799 5196 3907 5283 218,

2287 5279 2498 5338 Eorum
2535 5279 2704 5353 porro
2753 5291 3040 5352 excerpta,
3078 5297 3202 5351 quis
3234 5283 3469 5352 quidem
3513 5279 3600 5353 ad
3636 5281 3907 5353 sacrarum

2287 5338 2690 5426 Sripturarum
2759 5338 3176 5426 expositionem
3250 5338 3526 5426 facerent,
3587 5347 3772 5426 habes
3815 5338 3906 5426 ipl-

2289 5411 2416 5483 cod'.
2445 5429 2566 5481 230.
2594 5427 2798 5482 Sextus
2821 5411 3011 5480 autem
3043 5425 3143 5496 qui
3177 5425 3339 5480 fictas
3369 5423 3440 5480 de
3461 5420 3681 5476 Navato
3705 5411 3908 5496 fabulas

2290 5500 2567 5563 confutet,
2596 5498 2962 5569 contraipsos
2987 5487 3174 5568 potius
3196 5497 3321 5567 eius
3342 5498 3652 5552 sectatores
3673 5487 3903 5558 scriptus

2301 5570 2548 5625 videtur.
