4136 6216
309 297 436 357 533

1392 298 1938 360 BIBLIO'I‘HECA.
1985 328 2064 342 —-
2108 295 2278 355 COD.
2326 285 2672 350 CLXXXII.

3611 269 3730 332 534

312 430 550 482 ατιανῶν
622 421 711 480 καὶ
768 423 852 480 ἔπ’
907 422 1094 480 ἄλλων
1127 428 1289 480 τινῶν
1345 430 1692 504 κεχρημένος
1748 430 1964 491 πιθανὸς

2087 429 2194 485 site
2222 441 2356 484 cum
2389 422 2667 478 adversus
2696 412 3064 477 Navatianos,
3087 410 3214 464 tum
3237 407 3300 462 in
3329 403 3459 462 aliis
3492 404 3730 477 quibus-

313 515 371 571 at
401 515 480 579 ὡς
514 513 570 570 ἄν
606 514 833 588 τοιαύτῃ
889 515 1103 591 φράσει,
1138 511 1520 578 διδασκαλικός
1578 539 1637 574 τε
1699 520 1790 574 καὶ
1858 516 1972 573 οὐδ’

311 604 541 680 ἄχαρις.

387 697 549 770 Λέγιι
592 692 650 750 δὲ
698 698 790 750 τὸν
844 695 1093 750 Ναυᾶτον
1154 695 1257 749 ὑπὸ
1297 696 1607 771 Κορνηλίου
1658 720 1808 754 παπα
1837 700 1974 756 Ῥώ-

318 806 430 857 μης
480 781 872 860 ἀρχιδιᾶκονον
929 791 1028 853 τῆς
1060 784 1351 857 Ῥωμαίων
1383 789 1701 842 καθεστάναι
1731 786 1974 856 Ἐκκλη-

316 874 458 943 σίας,
492 874 573 938 εἰς
629 874 687 928 δν
747 875 776 928 ὁ
833 871 1086 943 τηνικάδε
1137 873 1306 936 τύπος
1346 882 1557 950 κρατῶν
1613 877 1972 938 τελευτῶντος

315 964 414 1019 τοῦ
464 963 619 1019 πὰπα
680 965 773 1018 τὸν
832 963 1217 1038 ἂρχιερατικὸν
1259 963 1465 1039 κλῆρον
1504 963 1658 1042 ἔφερε
1692 986 1704 998 ·
1738 967 1828 1022 τὸν
1868 968 1971 1043 γὰρ

317 1051 710 1128 ἆρχιδιάκονον
751 1051 1064 1126 ἕνενόμιστο
1095 1056 1222 1127 [214
1273 1057 1364 1127 H.]
1401 1052 1663 1130 διάδοχον
1720 1060 1819 1110 τοῦ
1876 1055 1974 1130 ἆρ-

309 1141 734 1217 χιερατεύοντος
789 1141 1159 1206 καθίστασθαι.
1221 1142 1397 1200 Ἀλλὰ
1455 1149 1620 1223 τῦφον
1684 1147 1730 1181 ⁶⁹
1782 1165 1841 1199 τε
1891 1165 1974 1199 νο-

309 1237 511 1288 σοῦντα
562 1229 868 1302 Κορνήλιος
923 1232 1100 1307 (φησὶ)
1149 1230 1240 1286 καὶ
1289 1237 1368 1304 τῷ
1400 1233 1588 1306 οἰκείῳ
1619 1233 1973 1314 ἐφεδρεύοντα

307 1325 533 1393 θανάτῳ
596 1321 803 1394 μαθὼν,
862 1316 1228 1395 πρεσϐύτερον
1293 1329 1616 1397 χειροτονεῖ,
1648 1324 1820 1387 πάσας
1875 1324 1970 1386 τὰς

309 1412 391 1473 εἷς
432 1431 526 1466 τον
555 1411 605 1445 7°
662 1411 1046 1484 ἀρχιερατικὸν
1091 1412 1283 1484 θρόνον
1349 1412 1616 1487 φερούσας
1667 1413 1832 1467 αὐτοῦ
1873 1433 1968 1468 πε-

305 1502 545 1575 ρικόψας
596 1497 844 1562 ἐλπίδας.
885 1499 947 1554 Ἣ
1009 1496 1066 1554 δὲ
1121 1499 1566 1579 καιροφυλακῶν,
1604 1500 1719 1556 ἐπεὶ
1767 1503 1973 1575 Κορνή-

304 1587 434 1652 λιος
495 1588 584 1643 ἐπὶ
644 1585 926 1665 διαφόροις
992 1589 1295 1662 πταίσμασί
1333 1611 1485 1652 τινας
1550 1587 1838 1663 δεξάμενος
1895 1590 1969 1652 εἰς

310 1678 605 1752 μετάνοιαν
673 1677 762 1732 καὶ
819 1682 938 1740 τοῖς
975 1676 1266 1748 ἀνήκουσιν
1313 1677 1614 1752 ἐπιτιμίοις
1673 1674 1967 1734 ὑποϐαλὼν

304 1767 412 1834 τῆς
461 1772 572 1822 τῶν
646 1765 928 1845 ἆχράντων
983 1767 1298 1839 μυστηρίων
1366 1768 1649 1832 κοινωνίας
1745 1769 1967 1838 ἠξίωσε,
2001 1807 2046 1871 Β

303 1861 477 1912 τοῦτο
532 1857 805 1931 πρόφασιν
865 1856 1247 1930 ἁρπασάμενος
1305 1857 1570 1932 ῥήγνυταί
1618 1879 1676 1912 τε
1725 1864 1825 1926 τῆς
1854 1859 1970 1913 Ἐκ-

300 1947 571 2015 κλησίας,
595 1943 870 2000 ἐπικαλῶν
928 1944 1221 2019 Κορνηλίῳ
1280 1948 1378 2016 τήν
1429 1951 1536 2000 τῶν
1565 1947 1969 2020 ἡμαρτηκότων

303 2033 664 2111 παραδοχὴν,
697 2035 786 2088 καὶ
819 2031 957 2095 ἰδίας
1000 2029 1256 2108 αἱρέσεως
1287 2035 1538 2112 ἄρχηγὸν
1598 2032 1968 2090 ἀναδείκνυσιν

303 2125 524 2193 ἑαυτὸν,
558 2122 838 2197 Καθαροὺς
909 2124 1004 2196 μὲν
1064 2121 1193 2185 τοὺς
1251 2124 1655 2186 συναποστάτας
1697 2123 1970 2197 ἐπονομά-

301 2234 427 2282 σας,
489 2213 897 2286 Κορνηλιανοὺς
950 2209 1008 2266 δὲ
1074 2212 1137 2266 τὸ
1203 2212 1419 2285 σύμπαν
1485 2219 1585 2282 τῆς
1637 2211 1966 2282 Ἐκκλησίας

300 2301 620 2374 πλήρωμα.

382 2395 512 2468 [413
551 2395 619 2466 Β]
653 2395 741 2449 Ἐν
805 2394 899 2465 μὲν
939 2389 1029 2446 οὖν
1084 2397 1198 2453 τοῖς
1252 2393 1506 2466 τέσσαρσι
1565 2392 1761 2469 λόγοις
1834 2394 1968 2447 κατά

301 2491 410 2551 τῆς
464 2483 719 2558 αἱρέσεως
783 2485 986 2543 κοινῶς
1043 2485 1087 2518 ⁷³
1115 2485 1213 2536 τοῦ
1262 2483 1510 2536 Ναυάτου
1567 2481 1884 2556 ἀγωνίζεται
1939 2483 1967 2536 ὁ

305 2572 678 2646 συγγραφεὺς,
709 2576 996 2648 γραφικοῖς
1067 2572 1231 2626 αὐτὸν
1289 2571 1634 2643 αἰκιζόμενος
1703 2572 1965 2645 ῥήμασιν.

303 2664 402 2720 Ἑν
464 2659 522 2716 δὲ
575 2665 655 2731 τῶ
701 2662 940 2732 πέμπτῳ
970 2657 1124 2724 ἰδίως
1189 2661 1312 2734 περὶ
1371 2664 1466 2714 τοῦ
1517 2657 1626 2716 δεῖν
1680 2665 1843 2732 τιμᾷν
1901 2660 1967 2716 τὰ

304 2757 422 2808 τῶν
465 2749 753 2825 μαρτύρων
804 2748 1031 2824 λείψανα
1078 2749 1491 2827 ἐπαγωνίζεται,
1550 2751 1580 2804 8
1641 2752 1716 2822 μή
1785 2749 1969 2825 ἀνέχε-

305 2841 440 2896 σθαι
471 2841 726 2912 πράττειν
757 2838 892 2916 φησὶ
934 2839 1062 2901 τοὺς
1102 2837 1200 2892 ἆνᾶ
1246 2840 1346 2906 τήν
1391 2836 1798 2912 Ἀλεξάνδρειαν
1847 2836 1968 2894 δια-

299 2928 604 3002 σπαρέντας
633 2927 1021 2998 Ναυατιανοὺς,
1079 2925 1187 2982 ε’ίτε
1249 2927 1458 2983 τούτων
1519 2927 1700 3000 μόνων
1769 2931 1814 2964 ⁷³
1874 2930 1962 2983 καὶ

295 3021 406 3087 τήν
437 3019 698 3088 τοιαύτην
739 3018 894 3072 νόσον
922 3016 1461 3091 προσνενοσηκότων,
1495 3014 1605 3072 ε’ίτε
1633 3022 1833 3081 κοινῶς
1861 3023 1964 3086 τῆς

292 3110 562 3180 αὶρὲσεως
616 3111 777 3161 τοῦτο
836 3100 1358 3181 διαπρεσϐευούσης.
1390 3107 1478 3161 Ἐν
1523 3102 1578 3160 δὲ
1641 3101 1784 3177 ἕκτῳ
1831 3109 1960 3160 ἀνα-

2088 517 2218 573 dam
2252 513 2426 569 rebus
2458 508 2715 565 adhibet.
2739 500 3048 557 Persuadet
3071 497 3230 564 item,
3251 501 3314 551 ut
3342 496 3466 566 ejus
3499 493 3729 549 dicendi

2085 605 2293 680 genius
2324 609 2432 671 est,
2464 601 2746 667 docetque
2778 609 2843 648 ac
2877 590 3086 661 placet.

2158 697 2354 751 Refert
2401 700 2593 746 autem
2645 685 2928 740 Navatum
2964 679 3097 750 (32),
3138 673 3401 731 Cornelio
3437 674 3724 745 pontiﬁce,

2085 788 2357 842 Romanae
2388 794 2516 836 esse
2550 775 2812 830 Ecclesiae
2846 769 3321 824 archidiacouum
3350 769 3626 826 creatum,
3651 765 3722 819 ad

2085 891 2256 947 quem
2287 873 2483 941 ipsum
2519 861 2904 937 pontiﬁcium,
2942 873 3042 929 pro
3076 857 3203 922 eius
3233 854 3511 922 temporis
3543 868 3725 918 more,

2087 941 2398 1019 decedente
2436 974 2467 1012 e
2521 956 2637 1009 vita
2669 949 2956 1020 pontiﬁce,
2990 944 3374 1000 deferebatur.
3427 941 3724 997 Architlia-

2084 1064 2297 1106 conum
2331 1044 2482 1100 enim
2517 1041 2828 1096 succedere
2859 1050 3089 1089 summo
3120 1030 3404 1086 sacerdoti
3436 1036 3724 1086 statutum

2083 1143 2225 1196 erat.
2253 1136 2468 1189 Verum
2501 1131 2659 1185 hunc
2691 1127 2791 1198 (ait
2822 1124 3121 1194 Eulogius)
3154 1119 3428 1190 superbia
3459 1119 3725 1176 laboran-

2083 1235 2202 1284 tem
2263 1223 2582 1283 Cornelius,
2611 1224 2667 1274 et
2720 1218 2776 1270 in
2824 1231 2990 1270 suam
3026 1215 3272 1266 mortem
3322 1209 3726 1263 imminentem

2084 1337 2214 1376 cum
2262 1316 2643 1390 cognovisset,
2691 1309 3087 1382 presbyterum
3130 1305 3382 1370 ordinat,
3410 1319 3613 1357 omnes
3644 1304 3728 1356 sic

2083 1413 2165 1467 illi
2195 1411 2264 1465 ad
2292 1421 2627 1477 supremam
2664 1400 2999 1455 cathedram
3035 1394 3399 1466 perveniendi
3435 1408 3568 1462 spes
3591 1407 3731 1462 prae-

2082 1501 2301 1556 cidens.
2330 1498 2430 1551 Ille
2453 1510 2584 1548 vero
2618 1495 2876 1545 intentus
2899 1489 2958 1540 in
2993 1485 3380 1540 occasionem.
3417 1489 3724 1553 postquam

2081 1587 2385 1644 Cornelius
2403 1600 2432 1638 e
2453 1581 2629 1637 variis
2656 1577 2907 1649 peccatis
2925 1574 2995 1628 ad
3020 1571 3418 1643 paenitentiam
3444 1571 3724 1638 quosdam

2084 1677 2320 1748 recepit,
2348 1682 2400 1730 et
2432 1689 2542 1740 qua
2573 1686 2677 1740 par
2706 1671 2830 1722 erat
2862 1681 3026 1733 pcena
3058 1660 3334 1716 multatos
3352 1660 3420 1712 ad
3443 1658 3724 1712 immacu-

2081 1769 2332 1822 latorum
2365 1759 2761 1832 mysteriorum
2793 1752 3257 1809 communionem
3294 1748 3567 1814 admisit;
3615 1746 3724 1800 hac

2078 1871 2221 1913 ansa
2247 1850 2470 1926 [miser]
2493 1852 2742 1919 arrepta,
2766 1844 2989 1899 divisus
3009 1847 3098 1896 est
3118 1842 3189 1893 ab
3217 1837 3494 1903 Ecclesia,
3518 1852 3723 1907 eXpro-

2078 1947 2257 2000 brans
2304 1938 2564 1996 Cornelio
2594 1934 2746 2006 quod
2781 1938 3148 2004 peccatorum
3180 1935 3329 1981 esset
3378 1931 3720 1994 receptator,

2078 2049 2254 2105 seque
2286 2033 2477 2102 ipsum
2508 2026 2743 2082 haeresis
2777 2020 3017 2093 propria:
3040 2016 3348 2074 declaravit
3380 2021 3671 2071 auctorem
3703 2029 3718 2068 :

2083 2124 2356 2181 Catharo:
2403 2117 2640 2191 quidem
2699 2118 2868 2169 sectis
2914 2110 3100 2164 socios
3141 2106 3479 2170 nominans,
3513 2104 3729 2158 Corne-

2080 2216 2256 2268 liana:
2286 2215 2480 2265 autem
2514 2206 2801 2262 universae
2830 2208 3042 2256 castum
3077 2196 3369 2252 Ecclesiae.

2148 2395 2210 2448 In
2247 2391 2336 2448 his
2366 2390 2547 2462 igitur
2603 2384 2765 2442 libris
2825 2386 3076 2454 quatuor
3118 2378 3309 2434 ηαδ
3349 2391 3483 2431 cum
3520 2373 3721 2430 Navali

2078 2495 2237 2539 secta
2304 2481 2364 2534 in
2438 2493 2648 2551 genere
2713 2471 2960 2542 scriptor
3018 2469 3111 2525 hic
3191 2482 3482 2538 pugnans,
3545 2477 3722 2516 sacra)

2075 2572 2379 2638 Scriptura;
2411 2549 2768 2636 locisipsum
2801 2561 3009 2616 misere
3026 2555 3312 2626 ﬂagellat:
3346 2554 3488 2607 dum
3517 2549 3722 2621 quinto

2077 2661 2418 2732 singulatim
2467 2658 2610 2711 libro
2670 2659 2990 2721 martyrum
3033 2661 3160 2701 esse
3219 2641 3494 2712 reliquias
3551 2653 3720 2693 vene-

2077 2727 2287 2806 randae
2317 2744 2636 2809 contendit,
2669 2741 2823 2812 quod
2846 2740 3162 2793 detrectare
3186 2749 3287 2804 per
3311 2727 3718 2785 Alexandriam

2077 2839 2368 2909 dispersos
2410 2834 2756 2891 Navatianos
2799 2828 2880 2883 ait
2924 2843 2937 2880 :
2985 2824 3109 2880 sive
3154 2822 3211 2876 hi
3248 2818 3357 2876 soli
3401 2834 3467 2874 eo
3517 2816 3719 2872 morbo

2075 2906 2414 2992 laborarint,
2468 2923 2588 2978 sive
2644 2915 3034 2976 communiter
3092 2911 3240 2967 illud
3298 2906 3536 2964 haeresis
3602 2910 3721 2961 tota

2075 3017 2465 3092 proﬁteretur.
2499 3015 2570 3067 At
2611 3009 2673 3064 in
2712 3012 2872 3064 sexto
2917 3003 3142 3092 evertit,
3175 2999 3271 3072 qui
3306 2999 3376 3056 de
3405 2995 3720 3053 Navatiana

2073 3086 2228 3165 secta
2277 3107 2539 3161 feruntur
2586 3086 3057 3162 commentarios,
3105 3103 3157 3147 et
3189 3089 3335 3145 {also
3370 3086 3717 3155 inscriptum

290 3196 488 3271 τρέπει
535 3196 602 3250 τὰ
661 3199 805 3270 παρά
835 3201 954 3257 τοῖς
986 3200 1338 3256 Ναυατιανοῖς
1388 3193 1656 3269 λεγόμενα
1709 3196 1958 3267 ὑπομνή-

2078 3194 2270 3254 Navali
2317 3193 2555 3266 episcoxn‘
2619 3198 2938 3247 certamen;
2995 3181 3333 3254 episcopum
3393 3175 3501 3246 (33)
3558 3173 3716 3228 enim

294 3307 448 3361 ματα
503 3285 594 3339 ναὶ
641 3287 740 3354 τήν
778 3281 1211 3361 ψευδεπίγραφον
1266 3283 1501 3354 ἄθλησιν
1536 3283 1780 3339 Ναυάτου
1847 3283 1962 3339 ἐπι-

295 3376 514 3431 σκόπου
546 3394 561 3407 ο
621 3374 912 3429 ἐπίσκοπον
972 3373 1074 3449 γὰρ
1133 3374 1356 3446 Ῥώμης
1437 3374 1530 3428 τὸν
1601 3375 1957 3450 αἱρεσιᾱρχην

295 3467 792 3537 ἆποσεμνύνουσιν.
830 3465 981 3520 Ἐστι
1041 3460 1099 3518 δὲ
1153 3463 1221 3518 τὰ
1261 3463 1635 3536 ὑπομνήματα
1668 3468 1836 3518 ταῦτα
1884 3464 1961 3526 εἰς

299 3555 543 3630 ἔσχατον
574 3551 939 3628 χυδαιότητος
981 3551 1120 3622 λέξει
1171 3573 1230 3608 τε
1266 3553 1355 3607 καὶ
1388 3549 1600 3624 διανοίᾳ
1635 3554 1724 3607 καὶ
1765 3554 1962 3623 συνθή-

294 3666 376 3719 κῃ
408 3643 503 3698 καὶ
532 3647 662 3699 πᾶσι
692 3647 810 3706 τοῖς
856 3640 980 3708 περὶ
1009 3643 1101 3697 τὸν
1136 3641 1303 3717 λόγον
1348 3641 1743 3716 θεωρουμένοις
1794 3639 1956 3696 ἐλαύ.

297 3753 489 3790 νοντα.
522 3734 800 3787 Ὑπόθεσιν
838 3729 886 3786 δ’
917 3727 1058 3810 ἔχει,
1091 3731 1173 3786 ὅτι
1226 3729 1617 3806 βασιλεύοντος
1662 3732 1954 3804 Ῥωμαίων

296 3824 500 3880 Δεκίου
572 3823 660 3876 καὶ
717 3820 1088 3897 Οὖαλεριανοῦ
1142 3821 1418 3894 Ηερὲννιος
1469 3821 1516 3856 ⁷³
1573 3817 1952 3895 δουκηνάριος,

303 3915 644 3988 πρόσταγμα
691 3907 876 3966 λαϐὼν
942 3911 1069 3985 παρ’
1133 3910 1329 3976 αὐτῶν,
1389 3910 1592 3972 πάντας
1659 3909 1785 3971 τοὺς
1857 3910 1957 3965 ἀνὰ

293 4003 401 4069 τὴν
461 4002 687 4071 Ῥώμην
746 3999 836 4055 καὶ
901 4000 999 4060 τὰς
1073 3997 1224 4075 πέριξ
1287 3997 1551 4072 ἐπαρχίας
1599 3997 1955 4071 Χριστιανοὺς

298 4093 635 4166 βαρυτάταις
697 4089 951 4162 βασάνοις
1009 4087 1099 4142 καὶ
1165 4092 1386 4161 πικραῖς
1439 4087 1734 4161 τιμωρίαις
1791 4086 1952 4143 εἰδω-

294 4179 598 4253 λολατρεῖν
645 4174 910 4248 ἐϐιάζετο.
959 4177 1058 4232 Καὶ
1113 4176 1317 4233 πολλοὶ
1362 4178 1456 4249 μὲν
1506 4177 1596 4231 καὶ
1647 4175 1810 4232 ἄλλοι
1868 4177 1955 4232 ἐν·

294 4267 513 4326 εόίδουν
574 4272 641 4338 τῇ
693 4267 801 4340 βίᾳ,
833 4266 924 4321 καὶ
992 4263 1058 4334 δὴ
1118 4266 1208 4320 καὶ
1275 4263 1609 4328 Μακεδόνιος
1660 4263 1954 4327 ἐπίσκοπος

292 4358 373 4414 ὢν
434 4355 690 4428 τηνικάδε
717 4357 963 4429 Ῥώμης,
1004 4350 1148 4429 ἔχων
1195 4356 1283 4432 ὑφ’
1322 4357 1508 4411 ἑαυτὸν
1558 4351 1956 4431 πρεσϐυτέρους

292 4459 364 4522 θ’,
398 4456 478 4509 ὧν
519 4453 596 4514 είς
644 4453 888 4514 Ναυάτος
924 4449 991 4517 ἦν
1025 4469 1036 4482 ⁸
1079 4448 1207 4506 ἀλλ’
1265 4449 1295 4504 ὅ
1349 4471 1410 4526 γε
1468 4448 1800 4511 Μακεδόνιας
1860 4451 1954 4504 σὺν

2073 3289 2234 3346 urbis
2266 3287 2460 3343 Romae
2493 3282 2672 3338 fuisse
2711 3274 3155 3334 haeresiarcbam
3192 3271 3342 3325 hunc
3373 3270 3717 3335 arroganter

2063 3379 2358 3451 jactitant.
2408 3375 2556 3430 Sunt
2619 3378 2812 3426 autem
2870 3366 2929 3420 bi
2985 3358 3382 3419 commenlarii
3443 3362 3712 3411 extremae

2071 3443 2358 3532 utilitatis,
2419 3468 2546 3518 tum
2605 3456 2964 3516 dictionibus
3003 3469 3070 3509 ac
3128 3467 3328 3516 sensu,
3360 3454 3484 3500 tum
3539 3443 3710 3498 etiam

2068 3555 2509 3627 compositione,
2542 3551 2934 3616 omnibusque
2982 3545 3124 3599 adeo
3164 3557 3288 3611 qua:
3339 3538 3397 3592 in
3444 3549 3711 3590 sermone

2066 3625 2427 3718 spectantur.
2463 3643 2673 3696 Eorum
2709 3636 2849 3692 illud
2891 3639 2979 3689 est
3023 3638 3428 3699 argumentum
3462 3641 3474 3679 :
3519 3625 3712 3694 impe-

2066 3735 2332 3791 rantibus
2365 3733 2555 3786 Romae
2588 3729 2758 3783 Decio
2789 3732 2842 3780 et
2866 3721 3193 3786 Valeriano,
3225 3717 3571 3771 Perennium
3607 3715 3712 3765 du-

2065 3824 2364 3881 cenarium
2425 3821 2560 3891 (34),
2592 3824 2822 3884 accepto
2862 3814 2935 3868 ab
2973 3811 3116 3881 ipsis
3175 3805 3470 3867 mandato,
3504 3817 3710 3856 omnes

2067 3913 2342 3968 Romanis
2401 3890 2584 3970 urbis,
2617 3910 2675 3959 et
2732 3901 3109 3957 circumcirca
3147 3893 3389 3950 ditionis
3429 3890 3709 3946 Christia-

2066 4018 2193 4068 nos,
2252 3995 2561 4069 exquisitis
2618 3991 2971 4048 cruciatibus
3015 3988 3317 4057 pcenisque
3363 3981 3587 4037 acerbis
3637 3979 3707 4033 ad

2063 4092 2351 4148 idolorum
2399 4086 2620 4142 cultum
2669 4100 2770 4155 per
2817 4083 2935 4136 vim
2967 4077 3358 4148 compulisse:
3404 4078 3462 4127 et
3493 4070 3708 4124 multos

2064 4182 2298 4254 quidem
2344 4177 2492 4233 alios
2530 4171 2840 4229 tormentis
2868 4171 3147 4232 cessisse;
3197 4166 3257 4220 in
3294 4163 3382 4217 bis
3424 4165 3618 4214 autem
3653 4161 3710 4212 et

2064 4250 2462 4326 Macedoniam
2499 4263 2628 4334 (35),
2663 4261 2763 4332 qui
2808 4265 2927 4313 tum
2964 4257 3125 4312 urbis
3163 4254 3356 4307 Romae
3396 4250 3707 4320 episcopus

2065 4374 2271 4415 novem
2323 4355 2431 4411 sibi
2475 4353 2740 4408 subditos
2789 4350 3150 4421 presbyteros
3191 4343 3301 4414 (36)
3344 4339 3613 4403 habebat,
3647 4335 3705 4389 in

2064 4448 2274 4520 quibus
2301 4446 2557 4501 Navatus
2591 4458 2742 4495 unus
2774 4445 2912 4494 erat.
2947 4432 3345 4492 Macedonium
3379 4447 3516 4501 ergo
3549 4430 3706 4484 hunc

293 4551 417 4608 τοῖς
474 4549 526 4613 η’
565 4542 858 4607 ἐπιτέθυκε,
897 4541 1064 4612 μόνου
1121 4540 1371 4595 Ναυᾶτου
1419 4540 1508 4594 τὸν
1573 4539 1800 4613 ὄλεθρον
1858 4539 1950 4594 τὸν

2078 4554 2191 4594 :um
2222 4537 2343 4590 illis
2362 4539 2491 4589 octo
2522 4530 2900 4593 sacriﬁcasse,
2927 4543 3041 4582 uno
3063 4524 3279 4579 Navato
3307 4523 3515 4576 animm
3550 4539 3703 4575 mor-

295 4631 542 4713 ψυχικὸν
601 4629 978 4709 διαφυγόντος.
1034 4627 1112 4683 Τὰ
1189 4628 1284 4700 μὲν
1356 4627 1723 4700 ὒπομνήματα
1790 4632 1953 4684 τοῦτο

2063 4635 2178 4684 tem
2240 4625 2570 4696 eﬁugientie.
2621 4621 2752 4676 Hice
2809 4613 3213 4674 commentarii
3286 4611 3371 4666 illi
3427 4613 3705 4677 referunt,

1649 4727 1898 4783 VARUE
1939 4725 2350 4784 LECTIONES.

369 4821 420 4858 ⁸⁸
447 4820 615 4879 τάφον
648 4838 694 4879 ς.
771 4817 820 4853 ’³ο
847 4816 938 4872 τὸν
968 4816 1104 4873 add.
1129 4821 1191 4872 A.
1267 4815 1312 4851 τί
1353 4818 1549 4878 κοινῶς
1588 4818 1684 4869 τοῦ
1714 4815 1966 4872 Ναυάτου
1996 4821 2038 4872 Α
2074 4833 2086 4871 :
2131 4813 2376 4868 Ναυάτου
2425 4813 2619 4872 κοινῶς
2661 4827 2708 4869 ς.
2783 4807 2830 4842 ’³⁸
2865 4806 3028 4879 μόνον
3073 4833 3144 4845 -
3191 4798 3703 4874 προσνενοσηκὸτων

1867 4960 2095 5018 NOT/E.

295 4912 344 4952 ς.
424 4893 475 4928 ⁷³
507 4887 758 4966 Πιρένιος
791 4893 858 4946 Α.

385 5054 481 5120 32)
501 5052 644 5109 Vide
666 5051 772 5107 inf.
796 5052 925 5107 cod.
957 5051 1085 5105 280.

362 5120 484 5208 _(33)
515 5124 624 5179 Per
671 5124 956 5208 _schisma,
1001 5122 1170 5208 cujus
1226 5121 1344 5208 hic.
1383 5120 1441 5174 in
1477 5120 1944 5208 l't‘om-ancclesia

291 5192 760 5320 Erimustauctor
807 5196 1090 5250 adversus
1120 5192 1448 5250 Cornelium
1483 5193 1816 5250 Pontiﬁcem
1851 5196 1943 5250 in-

325 5283 518 5320 nrt-ext
557 5310 570 5320 .

291 5283 570 5324 surrexit.

358 5341 470 5407 (34)
507 5339 590 5394 ita
621 5337 783 5403 dicti,
818 5335 1071 5392 instituti
1105 5336 1178 5392 ab
1205 5337 1466 5407 Augusto
1494 5337 1727 5408 judices
1759 5337 1936 5406 (Suet.

288 5413 433 5483 Aug.
470 5410 762 5483 cap.__32_l,
795 5408 1519 5483 quod_ducena_se_stertia
1551 5409 1938 5483 possiderent.

291 5479 424 5541 vtae
452 5479 556 5539 CL'
594 5481 664 5536 V.
702 5479 906 5536 Lavini
955 5479 1242 5536 Torrentii
1289 5481 1585 5535 Comment.
1628 5480 1683 5535 in
1719 5480 1939 5536 Sueton.

540 5569 671 5624 cap.
835 5558 899 5640 et!
926 5552 1053 5640 Jac.
1085 5549 1324 5640 ξαππς..
1348 5553 1428 5640 in_
1449 5551 1510 5606 Β.
1541 5552 1711 5640 ςγριι.
1768 5554 1937 5620 epist.

294 5627 380 5686 68.
413 5623 678 5682 Βήσσου.
710 5623 847 5680 item
885 5625 945 5680 in
979 5623 1198 5680 Lexico.
1233 5623 1333 5679 Est
1382 5630 1435 5678 et
1477 5623 1694 5679 militias
1730 5639 1940 5680 nomen

2052 5049 2202 5121 apud
2235 5049 2434 5120 Veget.
2454 5047 2569 5121 _l_ib.
2591 5063 2670 5121 Διι,
2703 5061 2830 5114 cap.
2860 5043 2915 5121 _8.

2124 5122 2232 5192 (35)
2266 5104 2356 5175 Αἵ
2369 5119 2568 5192 nullus
2591 5104 2698 5172 hoc
2722 5104 2955 5192 nomine
2977 5125 3231 5192 unquam
3257 5104 3696 5192 Bomkepiscop.

2052 5179 2242 5256 Quare
2298 5191 2629 5260 suspicetur
2687 5187 2976 5260 quispiam
3035 5179 3350 5260 Macedonii
3410 5179 3696 5260 Constan-

2053 5248 2238 5336 tinop.
2275 5248 2472 5318 odiose
2505 5263 2598 5316 hic
2636 5248 3014 5336 ab'im'perito
3045 5248 3697 5336 mendaciorumlﬁgulo

2052 5320 2261 5391 nomen
2295 5350 2418 5390 esse
2464 5320 2841 5401 usurpatum,
2868 5329 3016 5400 quod
3053 5322 3416 5401 crudelitatis
3448 5320 3608 5376 illius
3639 5322 3697 5375 in

2052 5408 2402 5464 Navatianos
2443 5396 2728 5458 recentior
2759 5396 2915 5457 esset
2949 5396 3250 5453 memoria.

2126 5479 2236 5550 (36)
2295 5477 2380 5532 Al.
2426 5477 2727 5550 ερὶςεοροε,
2790 5490 2901 5550 non
2941 5467 3376 5550 .recte..Docent
3413 5481 3542 5538 qua
3573 5465 3694 5536 jam

2052 5542 2180 5622 pag.
2217 5542 2318 5604 ult.
2352 5553 2408 5602 et
2438 5542 2565 5619 ipsa
2597 5547 2772 5619 hujus
2801 5543 3006 5601 fabulas
3037 5542 3239 5599 series.
