4136 6216
491 288 607 350 535

1687 290 1952 349 PHOTII
1998 288 2523 350 PATRIARCH/E
2570 290 2683 351 ΟΡ.

3745 294 3843 352 536

489 436 866 494 pugnamque
897 418 1095 476 Navali
1130 434 1229 490 per
1258 418 1484 490 ineptas
1515 422 1778 476 Percnnii
1813 423 2129 493 interroga-

2273 421 2414 495 .ἑγει,
2447 422 2537 474 καὶ
2575 422 2672 489 τὴν
2703 420 2932 488 ἄθλησιν
2961 417 3206 493 Ναυάτου
3267 417 3316 474 ἐν
3379 418 3693 482 ἀλλόκότοις
3730 420 3849 492 ipa).

488 514 701 576 tiones,
758 510 1172 579 stultioresque
1227 508 1427 566 Navati
1474 512 1881 583 responsiones
1913 511 2129 568 descri-

492 602 656 655 bunt.
690 600 926 654 Addunt
958 614 1086 653 cum
1130 597 1347 655 Navato
1399 598 1763 666 Marcellum,
1795 610 1850 657 et
1881 600 2133 657 Alexan-

492 692 661 745 drum
698 689 977 759 Aqnileiae
1021 686 1345 759 episcopos,
1380 692 1867 761 Agamemnonem
1905 707 2133 761 quoque

491 776 714 834 Tiberis
746 777 1081 848 episcopum
1114 776 1249 847 (37),
1284 781 1737 850 ceterorumque
1775 779 2133 836 Christiano-

491 883 617 923 rum
643 866 945 936 quosdam,
979 864 1090 920 ﬁde
1120 865 1397 922 inviolata
1434 873 1681 937 servata,
1701 885 1817 923 una
1844 868 2136 924 habitasse

492 956 785 1011 mdiculam
812 955 883 1009 ab
914 954 1057 1025 ipsis
1087 961 1439 1012 exstructam
1469 983 1482 1024 ;
1514 959 1670 1029 quod
1700 958 1793 1026 iis,
1827 959 1925 1029 qui
1967 959 2137 1015 idolis

492 1043 915 1105 immolassent,
961 1044 1041 1099 uti
1092 1045 1386 1117 simulque
1417 1048 1594 1103 sacris
1642 1047 1865 1119 Operari
1898 1064 2135 1103 recusa-

492 1138 637 1188 rent.
675 1132 942 1188 Refertur
1000 1138 1054 1188 et
1103 1134 1526 1191 Alexandrinos
1577 1137 1875 1208 episcopos
1922 1138 2033 1208 (38)
2073 1154 2141 1192 ea

491 1226 839 1293 tempestate
870 1238 1161 1278 summum
1197 1226 1355 1279 urbis
1388 1224 1580 1280 Romae
1615 1226 1986 1295 praesulatum
2021 1225 2139 1281 Na-

492 1320 625 1369 vato
675 1313 1026 1368 atlribuisse.
1063 1319 1247 1384 Atque
1296 1315 1352 1369 id
1401 1316 1631 1385 quidem
1693 1318 2139 1373 commentario-

495 1420 624 1458 rum
660 1404 728 1459 de
752 1404 1065 1458 certamine
1092 1404 1293 1459 Navati
1327 1413 1409 1460 est
1443 1413 1879 1477 argumentum.
1914 1407 2141 1463 Refellit

496 1498 688 1549 autem
718 1493 839 1547 haec
872 1492 1015 1548 libro
1050 1494 1252 1564 quinto
1276 1494 1559 1564 Eulogius
1592 1496 1724 1566 (39),
1760 1502 1822 1551 ut
1861 1497 2138 1565 diximus,

497 1584 799 1639 mendacia
830 1598 957 1638 esse
1006 1584 1201 1639 eadem
1236 1584 1334 1639 illa
1379 1585 1638 1655 falsoque
1668 1588 1935 1654 conﬁcta,
1970 1593 2142 1658 atque

496 1672 864 1727 incredibilia
894 1687 963 1726 ex
996 1671 1263 1743 ipsismet
1293 1689 1419 1745 qum
1449 1673 1665 1742 scripta
1692 1678 1911 1744 essent,
1946 1680 2144 1730 osten-

496 1762 662 1816 dens.

572 1851 877 1905 Librorum
928 1850 1108 1922 igitur
1154 1851 1410 1922 quinque
1442 1852 1593 1908 beati
1628 1853 1844 1923 Eulogii
1883 1852 1973 1909 hic
2023 1869 2143 1910 sco-

501 1957 607 2011 pus
660 1950 765 1996 est.
800 1942 907 2007 Qui
966 1942 1022 1995 in
1062 1943 1412 1997 confutanda
1451 1942 1553 1997 illa
1595 1948 1752 1998 secta
1800 1961 1902 2014 per
1967 1960 2143 1999 sacrae

500 2030 812 2098 Scriptura:
840 2029 968 2084 loca
1001 2045 1356 2101 progressus,
1390 2032 1824 2101 explanationes
1855 2034 2141 2103 quasdam

462 2118 779 2189 'perutiles
834 2119 1053 2188 attexit,
1107 2136 1436 2190 quanquam
1478 2137 1665 2191 neque
1709 2128 1911 2177 cetera
1956 2123 2146 2193 ipsius

506 2223 636 2261 cum
690 2208 937 2262 aliorum
989 2208 1083 2277 pia
1131 2211 1411 2264 sententia
1464 2216 1747 2280 pugnent,
1784 2212 1974 2267 I28a
2040 2212 2140 2267 sed

504 2296 935 2353 accommodate
951 2297 1026 2353 ad
1048 2302 1215 2353 sectas
1236 2298 1397 2354 illius
1411 2299 1816 2356 refutationem
1841 2306 2149 2373 assumpta

512 2385 648 2440 sint.

1166 2474 1510 2533 CLXXXIII.

511 2563 759 2619 Eudocz‘al.
817 2564 1093 2631 Augustae
1150 2565 1516 2691 Mtetaplllzrasis
1573 2570 1802 2624 metrica
1860 2569 1920 2623 in
1986 2568 2151 2625 Octa-

1223 2652 1320 2691 euc
1364 2654 1474 2691 um.

1223 2652 1474 2693 eucnum.

579 2728 751 2780 Lecta
806 2734 895 2780 est
950 2724 1313 2796 Metaphrasis
1363 2726 1697 2797 Octaleuchi,
1748 2728 1981 2785 heroico
2030 2746 2155 2786 car-

511 2815 671 2869 mine
701 2814 934 2870 condita
957 2814 1125 2869 libris
1171 2820 1321 2884 octo,
1356 2832 1457 2887 pro
1489 2818 1903 2875 translatorum
1938 2818 2159 2876 scilicet

512 2918 757 2957 numero
803 2917 869 2956 ac
927 2901 1209 2959 divisione
1265 2903 1569 2961 librorum.
1604 2907 1915 2978 Inscriptio
1964 2912 2157 2965 autem

514 2995 732 3051 codicis
772 2995 844 3050 ab
893 2994 1148 3051 Eudocia
1176 2999 1439 3068 Augusta
1494 2999 1606 3069 (40)
1655 2998 2017 3056 elaboratum
2052 3001 2163 3057 hoc

516 3100 748 3139 carmen
810 3083 1165 3150 afﬁrmabat,
1201 3088 1377 3154 quod,
1438 3091 1562 3141 tum
1616 3091 1751 3159 quia
1798 3089 2074 3157 mulieris,
2108 3095 2164 3146 ct

2239 511 2425 578 τήσεσι
2470 513 2750 585 Περεννίοδ
2801 510 2888 563 καὶ
2944 509 3281 582 μωροτέραις
3337 508 3642 583 ἀποκρίσεσι
3692 512 3852 565 Ναυά-

2240 619 2336 652 του
2386 601 2720 677 περιγράφει.
2748 598 2894 667 Φησὶ
2954 595 3009 651 δε
3067 596 3151 651 ὅτι
3212 598 3303 650 σὺν
3350 598 3575 669 Ναυάτῳ
3625 598 3857 674 Μάρκελ-

2245 684 2341 748 λός
2398 708 2456 741 τε
2501 689 2590 742 καί
2649 684 3009 761 Ἀλέξανδρος
3083 684 3364 739 ἐπίσκοποι
3434 685 3717 755 ’Λκυληῖας
3782 688 3856 740 καὶ

2247 773 2606 847 Ἀγαμέμνων
2668 773 2962 834 ἐπίσκοπος
3010 766 3275 846 Τιϐέρεως
3305 774 3350 808 τ⁴
3388 772 3475 825 καὶ
3526 769 3691 846 ἕτεροί
3742 794 3857 833 τινες

2246 867 2355 917 τῶν
2423 864 2776 936 Χριστιανῶν,
2826 860 3129 937 ἀπρόδοτον
3178 862 3275 929 τήν
3327 861 3503 915 πίστιν
3558 859 3862 934 διασωσάμε-

2249 972 2330 1005 νοι
2392 952 2504 1023 ἅμα
2564 951 2854 1024 συνῴκουν,
2891 950 3133 1005 οἰκίσκον
3189 951 3310 1004 τινὰ
3365 950 3572 1011 ἑαυτοῖς
3629 948 3861 1023 δειμάμε-

2248 1061 2330 1094 νοι
2370 1040 2418 1074 ⁷⁵
2453 1061 2464 1074 ο
2500 1040 2556 1094 οἳ
2622 1042 2710 1095 καὶ
2768 1046 2886 1101 τοῖς
2943 1038 3281 1095 ἐπιτὲθυκόσι
3333 1040 3561 1095 συνιέναι
3618 1040 3701 1094 καὶ
3761 1060 3865 1093 συν-

2252 1131 2489 1202 ιερᾶσθαι
2540 1129 2638 1183 οὐκ
2685 1130 3009 1204 ἠνέσχοντο.
3043 1129 3185 1189 Τοὺς
3231 1125 3289 1183 δὲ
3336 1130 3459 1202 περῖ
3491 1125 3862 1201 Ἀλεξάνδρειαν

2248 1216 2573 1280 ἐπισκόπους
2605 1218 2901 1288 τηνικαῦτά
2932 1239 3065 1293 φησι
3095 1218 3182 1272 καὶ
3216 1219 3316 1285 τήν
3342 1218 3741 1293 ἀρχιερωσύνην
3781 1226 3867 1287 τῆς

2248 1307 2535 1381 Ῥωμαίων
2579 1307 2905 1379 Ἐκκλησίας
2961 1306 3192 1379 Ναυάτῳ
3249 1310 3568 1381 περιθεῖναι.
3600 1309 3658 1364 Ἠ
3705 1308 3747 1345 ⁷⁸
3786 1309 3865 1380 μὲν

2248 1399 2354 1449 τῶν
2407 1396 2819 1468 ὑπομνημάτων
2870 1396 3119 1457 ὑπόθεσις
3149 1403 3249 1465 τῆς
3313 1395 3593 1463 ἀθλήσεως
3649 1398 3867 1451 Ναυάτου

2250 1485 2469 1556 τοιαύτη
2512 1502 2525 1519 '
2580 1485 2793 1561 ἐλέγχει
2854 1484 2911 1540 δὲ
2966 1489 3132 1541 ταῦτα
3171 1486 3219 1520 ⁷⁷
3267 1483 3317 1540 ἓν
3363 1490 3442 1557 τῷ
3508 1485 3754 1559 πέμπτῳ,
3806 1486 3869 1545 ὡς

2251 1575 2484 1649 ε’ίρηται,
2527 1576 2695 1652 λόγῳ,
2750 1577 3101 1633 κακόπλαστα
3156 1578 3245 1632 καὶ
3290 1574 3460 1651 ψευδῆ
3520 1578 3611 1632 καὶ
3668 1578 3872 1633 ἀπίθανα

2250 1667 2299 1738 ἐξ
2341 1667 2514 1722 αὐτῶν
2550 1665 2801 1722 δεικνύων
2829 1672 2937 1723 τῶν
2964 1663 3382 1743 γεγραμμένων.

2322 1850 2382 1907 Ὀ
2436 1850 2529 1923 μὲν
2576 1852 2683 1903 τῶν
2722 1856 2757 1902 ε’
2789 1848 2971 1923 λόγων
3012 1852 3107 1902 τοῦ
3152 1847 3203 1902 ἐν
3251 1847 3425 1923 ἁγίοις
3458 1845 3725 1921 Εὒλογίου
3762 1868 3870 1901 σκο-

2252 1940 2351 2002 πὸς
2394 1940 2548 2001 οὗτος
2579 1958 2591 1970 ·
2628 1940 2677 1993 ἐν
2712 1936 2767 1993 δὲ
2799 1944 2913 2000 τοῖς
2946 1939 3083 2011 πρὸς
3112 1940 3209 2008 τὴν
3248 1936 3456 2011 α’ίρεσιν
3503 1936 3748 2011 ἐλέγχοις
3793 1932 3869 1989 διὰ

2254 2035 2361 2085 τῶν
2394 2031 2521 2105 [215
2562 2032 2653 2103 Η.]
2696 2034 2980 2107 Γραφικῶν
3014 2029 3194 2102 ῥητῶν
3228 2029 3435 2101 προϊὼν
3484 2028 3577 2081 καὶ
3611 2027 3872 2101 ἑρμηνείας

2253 2119 2436 2180 αὐτοῖς
2491 2119 2820 2194 συνυφαίνει,
2853 2117 2996 2180 ἐνίας
3055 2117 3232 2171 αὐτῶν
3292 2115 3434 2170 πολὺ
3507 2116 3573 2171 τὸ
3638 2112 3874 2194 χρειῶδες

2256 2208 2657 2283 παρεχομένας,
2691 2205 2813 2262 οὐδὲ
2864 2212 2972 2261 τῶν
3032 2204 3220 2261 ἄλλων
3277 2210 3345 2279 τῇ
3387 2200 3604 2260 εὐσεϐεῖ
3639 2203 3757 2278 δόξῃ
3787 2223 3874 2275 μα-

2260 2298 2538 2372 χομένων,
2572 2297 2717 2352 ἀλλὰ
2771 2298 2858 2352 καὶ
2892 2297 2941 2332 ⁷⁸
2971 2297 3297 2373 προσφόρως
3342 2296 3477 2369 πρὸς
3517 2295 3612 2350 τὸν
3652 2296 3880 2369 αἱρέσεως

2259 2382 2492 2463 ἔλεγχον
2526 2383 3017 2460 παρειλημμένων.

3000 2475 3157 2532 ΡΗΓ’.

2264 2565 2531 2629 Εύδοκίας
2598 2573 2697 2636 τῆς
2783 2561 3073 2641 βασιλίδος
3151 2562 3481 2641 μετάφρασις
3551 2571 3650 2634 τῆς
3718 2563 3891 2620 Ὀκτα-

2978 2636 3203 2711 τεύχου.

2342 2728 2682 2803 Ἀνεγνώσθη
2742 2725 3087 2804 Μετάφρασις
3137 2729 3235 2794 τῆς
3280 2726 3655 2804 Ὀκτατεύχου
3688 2746 3699 2757 ·
3739 2726 3893 2796 ἡρῷον

2268 2819 2315 2876 δ’
2372 2819 2422 2854 ⁷⁸
2484 2817 2655 2886 αὐτὴν
2714 2814 2911 2892 μέτρον
2993 2815 3287 2889 μετεποίει.
3350 2817 3525 2891 Λόγοι
3580 2815 3627 2871 δ’
3682 2816 3805 2885 ἦσαν
3855 2811 3897 2880 η’

2269 2910 2403 2964 κατᾶ
2465 2906 2690 2981 ἀριθμὸν
2744 2908 2835 2961 καὶ
2911 2907 3088 2980 τομὴν
3157 2911 3267 2961 τῶν
3351 2905 3741 2983 ἀμειφθέντων,
3801 2901 3894 2959 Εὐ-

2273 2997 2458 3061 δοκίας
2488 2994 2543 3051 δὲ
2574 3002 2674 3065 τῆς
2725 2993 3008 3070 βασιλίδος
3050 2994 3100 3050 ἐν
3144 2994 3469 3074 ἐπιγραφαῖς
3521 2997 3684 3053 πόνον
3740 2990 3897 3065 ἔλεγεν

2274 3091 2307 3158 ἡ
2372 3081 2563 3161 βίϐλος
2624 3086 2683 3139 τὸ
2740 3087 2957 3159 μέτρον.
3017 3087 3189 3160 ’Ὅπερ
3242 3084 3325 3140 δτι
3390 3085 3479 3140 καὶ
3531 3085 3778 3160 γυναικὸς
3828 3079 3901 3134 καὶ

518 3174 755 3243 quidem
799 3174 856 3226 in
918 3173 1163 3243 imperio
1223 3174 1446 3230 deliciis
1496 3176 1812 3242 effluentis,
1846 3184 1968 3232 tum
2029 3180 2157 3248 quia

2281 3174 2531 3251 βασιλείᾳ
2561 3174 2854 3252 τρυφώσης
2886 3176 2978 3229 καὶ
3020 3175 3170 3229 οὕτω
3201 3175 3391 3243 καλὸν,
3442 3173 3595 3247 ἄξιον
3647 3172 3906 3244 θαυμάσαι.

521 3260 864 3331 praeclarum
901 3262 1043 3316 adeo
1074 3268 1183 3328 est,
1217 3263 1603 3319 admiratione
1635 3282 1776 3321 sane
1806 3267 2046 3338 dignum
2075 3269 2173 3338 ju-

521 3350 764 3406 dicatur.
820 3350 1045 3405 Etenim
1097 3350 1346 3407 illustris
1394 3363 1479 3407 est
1516 3353 1605 3408 hic
1652 3354 1834 3421 labor,
1867 3356 2017 3411 utin
2068 3357 2167 3413 he-

524 3438 678 3493 roico
710 3440 987 3506 carmine,
1024 3441 1070 3493 si
1108 3441 1239 3511 quis
1273 3458 1530 3513 unquam
1564 3443 1735 3498 alius.
1772 3446 1997 3499 Atdum
2031 3447 2169 3501 artis

522 3527 750 3599 legibus
782 3528 959 3584 altius
985 3529 1376 3602 immergitur,
1402 3532 1459 3586 in
1494 3532 1601 3588 hoc
1633 3549 1749 3588 uno
1782 3535 2054 3599 (maxime
2082 3541 2171 3589 ta-

526 3634 658 3673 men
692 3618 793 3673 illo
819 3620 889 3674 ad
925 3636 1123 3675 eorum
1161 3622 1414 3689 Iaudem,
1449 3624 1541 3692 qui
1577 3624 1811 3694 pr0pius
1843 3625 2019 3681 libros
2051 3642 2171 3682 ver-

526 3710 733 3764 tendos
783 3712 1053 3779 censent)
1084 3711 1155 3765 ab
1203 3720 1321 3766 arte
1366 3712 1584 3779 deﬁcit,
1635 3715 1787 3785 quod
1821 3731 2006 3786 neque
2038 3732 2170 3788 poe-

529 3798 655 3853 ticm
698 3798 981 3864 libertate,
1015 3800 1306 3857 veritatem
1357 3802 1412 3857 in
1476 3804 1703 3859 fabulas
1739 3808 2171 3862 commutando.

531 3884 972 3941 adulescentum
1043 3904 1213 3943 aures
1298 3890 1630 3946 demulcere
1688 3896 1938 3960 studeat,
1990 3911 2176 3967 neque

532 3990 765 4029 rursum
828 3975 1289 4046 digressionibus
1348 3980 1673 4036 auditorem
1706 3999 1739 4035 a
1788 4000 1849 4036 re
1884 3987 2175 4055 pr0posita

536 4064 806 4132 abducat,
840 4067 935 4120 sed
971 4066 1040 4120 ad
1073 4069 1311 4122 verbum
1345 4070 1485 4125 adeo
1510 4072 1923 4128 veteribusillis
1948 4074 2179 4146 scriptis

536 4170 704 4207 suum
742 4161 991 4209 metrum
1016 4158 1268 4226 adaptet,
1303 4167 1361 4212 ut
1388 4159 1459 4214 iis
1492 4160 1658 4229 nihil,
1692 4164 1787 4232 qui
1822 4162 1940 4217 haec
1970 4170 2174 4232 verset,

536 4241 798 4311 indigere
848 4243 1129 4298 videatur.
1164 4244 1306 4299 Nam
1366 4254 1419 4301 et
1469 4264 1772 4317 sensuum,
1808 4251 1955 4305 nihil
2003 4251 2173 4322 quid-

538 4347 712 4399 quam
748 4336 847 4383 aut
892 4332 1291 4401 dill‘undendo,
1327 4344 1423 4390 aut
1470 4339 1888 4403 contrahendo,
1926 4342 2176 4411 proprie-

537 4423 713 4473 tatem
747 4428 933 4473 servat
968 4422 1199 4478 assidue
1234 4439 1247 4477 :
1281 4430 1337 4479 et
1377 4425 1433 4479 in
1467 4428 1680 4489 verbis,
1715 4430 1869 4499 quod
1904 4431 2027 4498 ejus
2058 4429 2179 4484 fieri
2214 4412 2258 4475 D

2284 3267 2471 3342 Σαφὴς
2538 3265 2631 3337 μὲν
2678 3266 2783 3338 γὰρ
2814 3265 2841 3318 ὁ
2873 3264 3040 3326 πόνος
3071 3264 3147 3326 ὡς
3187 3262 3238 3319 ἐν
3271 3264 3442 3337 ἡρῴω
3476 3266 3685 3339 μέτρῳ,
3725 3257 3772 3318 εἴ
3816 3256 3905 3314 πού

2280 3377 2362 3417 τις
2416 3353 2585 3415 ἄλλος
2641 3356 2769 3426 [416
2800 3356 2912 3425 Βη],
2944 3353 3034 3407 καὶ
3071 3353 3263 3426 νόμοις
3305 3350 3362 3407 δὲ
3388 3360 3489 3422 τῆς
3525 3355 3575 3390 ’θ
3601 3356 3794 3427 τέχνης
3824 3349 3903 3423 βα·

2282 3443 2514 3510 θύνεται,
2550 3441 2722 3497 ἐκεῖνο
2776 3443 2942 3515 μόνον
2998 3441 3199 3512 ταύτης
3246 3440 3546 3513 ἐλλείπων,
3616 3443 3644 3496 ’ὀ
3686 3432 3906 3513 μέγιστόν

2282 3532 2422 3587 ἐστιν
2465 3533 2542 3595 εἰς
2596 3530 2813 3587 ἔπαινον
2844 3536 2950 3586 τῶν
3002 3531 3157 3608 ἐγγὺς
3216 3526 3457 3604 ἀμείϐειν
3490 3530 3696 3605 λόγους
3724 3527 3906 3599 ἀξιούνο

2279 3644 2388 3677 των
2428 3642 2439 3653 ·
2476 3620 2597 3677 οὔτε
2652 3622 2754 3697 γὰρ
2812 3619 3023 3692 ἐξουσίᾳ
3082 3624 3346 3695 ποιητικῇ
3409 3621 3607 3694 μύθοις
3661 3621 3754 3687 τὴν
3787 3616 3908 3683 ἀλή-

2284 3714 2430 3767 θειαν
2490 3710 2698 3783 τρέπων
2757 3707 2970 3780 ἡδύνειν
3031 3707 3317 3780 σπουδάζει
3372 3712 3671 3782 μειρακίων
3720 3711 3762 3745 ⁸⁸
3796 3705 3907 3771 ὦτα,

2285 3797 2408 3855 οὕτε
2445 3804 2565 3860 ταῖς
2613 3793 2869 3861 ἐκϐολαῖς
2917 3798 3007 3852 τὸν
3054 3797 3328 3871 ἀκροατὴν
3372 3794 3647 3867 διαπλανᾷ
3671 3798 3763 3850 τοῦ
3793 3811 3911 3865 προ-

2284 3888 2555 3962 κειμένου,
2587 3886 2714 3943 ἀλλ’
2756 3887 2900 3942 οὕτω
2930 3887 3053 3962 περὶ
3094 3884 3235 3941 πόδα
3264 3886 3327 3941 τὸ
3380 3886 3583 3960 μὲτρον
3632 3882 3775 3941 ἔθετο
3816 3883 3914 3940 τοῖς

2285 3978 2541 4054 ἀρχαίοις
2582 3978 2658 4040 ὡς
2703 3975 2871 4050 μηδὲν
2918 3975 3135 4031 ἐκείνων
3194 3973 3398 4031 δεῖσθαι
3456 3977 3553 4030 τὸν
3607 3976 3812 4033 τούτοις
3840 3969 3909 4024 tv-

2287 4067 2607 4139 ομιλοῦντα.
2650 4067 2762 4129 Τὰς
2823 4067 2915 4138 μὶν
2971 4065 3072 4140 γὰρ
3133 4064 3369 4127 διανοίας
3425 4062 3555 4120 οὔτε
3608 4058 3911 4131 παρατείνων

2289 4155 2409 4212 οὔτε
2467 4154 2775 4210 συστέλλων
2836 4156 2915 4209 ἀεὶ
2975 4153 3236 4229 φυλάσσει
3282 4153 3468 4227 κυρίας
3496 4170 3511 4184 ·
3556 4155 3647 4208 καὶ
3676 4156 3787 4211 ταῖς
3832 4146 3914 4203 λί-

2289 4248 2394 4318 ξεσι
2446 4243 2523 4314 δὲ,
2559 4247 2695 4299 ὅπου
2737 4242 2982 4310 δυνατὸν,
3025 4246 3123 4312 τήν
3177 4241 3451 4318 ἐγγύτητα
3499 4245 3593 4297 καὶ
3638 4238 3914 4314 ὁμοιότητα

2290 4332 2763 4413 συνδιαφυλάσσει.
2797 4335 2899 4395 Οἷς
2955 4331 3004 4386 δ’
3050 4327 3232 4408 ἔλεγεν
3276 4334 3309 4401 ἡ
3359 4326 3557 4406 βίϐλος
3600 4332 3699 4399 τὴν
3728 4328 3789 4383 τὰ
3842 4321 3917 4397 μέν

2289 4446 2389 4501 τρα
2418 4431 2533 4485 τοῖς
2568 4426 2758 4501 Λόγοις
2792 4422 3221 4498 τεχνησαμένην,
3255 4417 3439 4495 ἔλεγεν
3473 4418 3603 4476 ὦδε.

538 4511 746 4578 potest,
776 4510 1031 4578 proxima
1050 4529 1290 4584 quaeque
1314 4524 1484 4585 atque
1516 4515 1819 4572 simillima
1851 4520 2175 4573 confirmat.
2204 4518 2446 4583 Quando
2468 4533 2633 4588 porro
2656 4516 2802 4571 liber
2833 4514 2926 4571 hic
2955 4531 3103 4585 eam,
3131 4531 3257 4585 quas
3281 4529 3348 4569 ex
3371 4519 3493 4569 arte
3524 4512 3786 4569 versibus
3807 4521 3919 4563 ors-

539 4598 761 4653 tionem
787 4599 1115 4669 struxisset,
1152 4603 1470 4674 indicabat,
1502 4606 1587 4660 sic
1618 4606 1735 4661 fere
1763 4606 2112 4678 loquebatur
2143 4625 2155 4664 :

1892 4750 2131 4806 VARle
2173 4750 2580 4808 LECTIONEB.

613 4850 660 4926 7f
715 4843 1029 4926 TteoéPE-tgq
1088 4852 1364 4926 Scaliger.
1434 4854 1480 4889 ⁷⁵
1529 4849 1848 4926 δειμάμενοι
1882 4859 1929 4910 Α

543 4924 680 4980 add.
715 4928 777 4977 A.
858 4920 905 4958 π
936 4920 1006 4994 δ’]
1044 4925 1173 4981 libri
1215 4920 1306 4980 δῖ’.

1988 4872 2001 4910 ;
2064 4853 2437 4930 δομησάμενοι
2499 4876 2543 4915 ς.
2621 4855 2667 4891 ’⁷³
2724 4856 2783 4926 ἡ]
2829 4852 2917 4909 καί
2948 4854 2982 4923 ἡ
3018 4876 3059 4916 ς.
3136 4853 3180 4888 ⁷⁷
3214 4850 3269 4906 δὲ
3305 4852 3438 4925 μετὰ
3466 4854 3637 4906 ταῦτα
3665 4870 3712 4911 ς.
3783 4848 3823 4882 ’⁸
3849 4841 3930 4897 καί

1384 4926 1429 4961 ⁸⁰
1456 4927 1557 4989 τῆς
1591 4928 1726 4984 add.
1751 4931 1817 4983 A.
1895 4927 1936 4963 ⁸²
1976 4926 2230 5003 μειράκια
2261 4926 2305 4989 ς.

2103 5073 2331 5129 ΝΟΤᾸΞ.

615 5189 729 5259 (37)
753 5189 943 5245 Minus
974 5193 1125 5244 recte
1155 5204 1257 5261 pro
1291 5188 1521 5261 Tibyris.

614 5262 737 5329 (38)
799 5263 907 5317 lnf.
942 5276 1068 5332 pag.
1121 5262 1225 5315 ult.
1262 5265 1380 5315 tres
1441 5263 1532 5317 hic
1590 5262 1923 5319 nominatos
1984 5280 2194 5319 manus

545 5331 759 5407 Navato
810 5331 1181 5407 imposuisse,
1214 5334 1539 5407 summique
1590 5337 1801 5391 Pontif.
1849 5336 2193 5407 dignitatem

548 5403 605 5479 in
637 5418 778 5479 eum
826 5404 1388 5479 contulisse‘,_rsi'ert
1421 5405 1578 5479 Rbot.
1616 5407 1683 5462 Et
1718 5403 2191 5479 exstatvDiOnys.

547 5478 688 5550 tunc
718 5475 1017 5550 Alexandr.
1041 5476 1383 5550 archiepiso.
1420 5477 1695 5533 Navalum
1724 5475 2194 5550 reprehenden'tis

554 5548 721 5619 epist.
756 5548 908 5619 apud
944 5546 1153 5601 Euseb.
1192 5546 1288 5601 lib.
1324 5564 1398 5616 vr,
1433 5566 1557 5619 cap.
1592 5551 1680 5616 37,
1715 5560 1770 5605 et
1790 5546 1970 5606 alios.

621 5616 730 5689 (39)
766 5615 884 5671 lmo
935 5623 1114 5673 sexto.
1147 5620 1224 5672 Ex
1280 5615 1620 5690 praicedenti
1652 5615 1911 5693 proxime
1956 5637 2195 5680 enume-

2301 5192 2610 5266 rati_one_et
2642 5188 3123 5266 manifestissime
3152 5205 3216 5266 es
3251 5186 3518 5266 pa_g.__ult.
3544 5255 3583 5266 η

2375 5264 2487 5335 (40)
2522 5264 2597 5335 De
2638 5261 2990 5335 qua_multa
3018 5255 3266 5335 Niceph.
3291 5255 3510 5315 Gallist.
3544 5255 3659 5335 lib_._
3686 5269 3935 5334 xrv,cap.

2302 5325 2393 5398 23,
2427 5325 2483 5389 et
2541 5325 2701 5389 alibi.
2750 5333 2998 5388 Zonaras
3054 5325 3226 5387 etiam
3286 5335 3557 5386 centones
3613 5325 3938 5398 Homericos

2307 5397 2533 5461 Patricii
2594 5408 2899 5481 cujusdam
2957 5403 3579 5481 opusuimperfectum,
3614 5400 3688 5452 ab
3745 5397 3935 5481 eadem

2306 5481 2639 5534 absolutum
2666 5472 2910 5540 scribit;
2934 5472 3187 5531 et'hodie
3214 5472 3406 5529 Graece
3427 5473 3686 5543 plerique
3701 5472 3937 5543 exstant,

2310 5556 2454 5603 utet
2504 5551 2705 5605 Latine
2746 5539 2977 5616 redditi,
3008 5553 3152 5603 tom.
3195 5547 3320 5603 Vlll
3378 5539 3731 5600 Bibliotheca!
3763 5539 3817 5595 S.
3848 5540 3944 5595 Pa-

2308 5624 2472 5677 trum.
