4136 6216
237 305 350 364 537

315 437 618 510 Δευτερίην
693 435 740 473 ³²
822 437 914 494 καὶ
991 435 1158 510 τήνδε
1233 443 1367 494 Θεοῦ
1456 436 1677 512 θέμιδος

1677 523 1896 602 [βίϐλον

455 614 694 686 Εὖδοκίη
741 615 992 691 βασίλεια
1035 618 1285 680 Λεοντιὰς
1326 617 1664 694 εὐπατέρεια.

316 709 416 764 Καὶ
465 713 564 762 τοῦ
624 707 804 775 Ἰησοῦ
855 704 912 760 δὲ
967 711 1063 763 τοῦ
1109 715 1259 776 Ναυῆ
1310 709 1544 763 καὶτῶν
1579 713 1785 784 Κριτῶν
1845 708 1900 760 αἱ

241 795 540 873 ἐπιγραφαὶ
581 797 1137 871 συνεπιμαρτύρονται
1169 803 1282 860 τοῖς
1315 797 1430 872 εῗρη
1444 799 1648 872 μένοις.

984 975 1151 1032 PIIA'.

247 1065 368 1141 Τῆς
429 1062 602 1141 αὐτῆς
672 1060 1004 1141 μετάφρασις
1057 1068 1154 1117 τοῦ
1220 1085 1278 1118 τε
1339 1063 1658 1141 θεοσπεσίου
1697 1071 1904 1141 ,Ζαχα-

313 1134 586 1212 ρίου-καί
651 1138 794 1212 τοῦῃ
817 1134 1106 1212 προφήτου
1164 1134 1370 1206 Δανιήλ
1407 1156 1418 1170 ·
1475 1138 1563 1192 καὶ
1641 1134 1901 1212 λόγοί’γ’

313 1205 394 1266 είς
425 1207 520 1260 τὸν
554 1206 708 1282 ἅγιον
749 1205 1084 1282 Κυπριανόν.

313 1296 662 1371 Ἀνεγνώσθη
717 1299 796 1367 τῷ
855 1294 1002 1366 αὐτῷ
1037 1294 1219 1370 μέτρῳ
1255 1296 1344 1352 καὶ
1383 1304 1482 1367 τῆς
1512 1298 1680 1368 αὐτῆς
1712 1296 1894 1374 γλώσ-

239 1405 346 1455 σης
405 1385 752 1460 Μετάφρασις
803 1389 1158 1461 προφητικῶν
1217 1385 1422 1463 λόγων,
1453 1392 1550 1441 τοῦ
1597 1409 1654 1442 τε
1712 1389 1901 1442 θεσπε-

237 1474 363 1529 σίου
425 1473 702 1549 Ζαχαρίου
750 1474 840 1528 καὶ
907 1478 1002 1529 τοῦ
1059 1471 1278 1530 κλεινοῦ
1335 1475 1538 1546 Δανιήλ
1577 1494 1588 1507 ·
1649 1479 1684 1546 ἡ
1762 1477 1899 1545 αὖτή

235 1561 296 1618 δὲ
337 1565 507 1640 χάρις
539 1568 640 1618 τοῦ
669 1565 926 1640 τεχνίτου
957 1561 1210 1639 διέπρεπε
1238 1564 1337 1620 κάν
1367 1566 1604 1628 τούτοις.

311 1653 772 1730 Ἐμπεριείχοντο
805 1651 864 1708 δὲ
891 1657 970 1724 τῷ
999 1654 1207 1729 τεύχει,
1236 1659 1315 1728 τῷ
1367 1653 1514 1726 αὐτῷ
1560 1659 1657 1710 τοῦ
1701 1657 1900 1729 μέτρου

235 1749 587 1821 χαρακτῆρι,
617 1741 776 1817 λόγοι
834 1743 882 1818 γ’
927 1743 1004 1805 εἰς
1076 1745 1322 1819 μάρτυρα
1376 1746 1467 1799 τὸν
1537 1745 1839 1817 Κυπριανόν
1883 1762 1896 1774 ·

235 1829 452 1901 ἒδτςλου
500 1829 560 1886 δὲ
605 1829 710 1904 ἄρα
746 1832 812 1886 τὰ
845 1829 1257 1905 σπουδάσματα,
1290 1833 1364 1896 ὡς
1421 1831 1610 1895 παῖδες
1668 1832 1896 1908 μητέρα,

2018 1837 2066 1891 Β.
2132 1837 2404 1908 Cypriani
2455 1838 2729 1908 martyris
2786 1814 2897 1908 (ἐι)

233 1925 350 1976 τῶν
381 1927 488 1990 τῆς
523 1917 809 1995 βασιλίδος
859 1921 946 1976 καὶ
1007 1925 1176 1977 ταῦτα
1233 1921 1441 1976 ὠδίνων
1493 1917 1684 1998 ἔκγονα
1741 1924 1894 1977 εἶναι.

236 2013 334 2064 Ὧν
369 2011 400 2063 ὁ
436 2010 536 2082 μὲν
588 2014 806 2082 πρῶτος
876 2008 1044 2086 λόγος
1081 2011 1148 2066 τά
1193 2031 1252 2067 τε
1282 2011 1404 2086 περὶ
1459 2019 1558 2082 τῆς
1630 2013 1901 2088 μάρτυρος

239 2097 498 2168 διέξεισιν
541 2099 862 2170 Ἰουστίνης,
913 2101 1063 2162 ὅπως
1109 2121 1168 2155 τε
1223 2101 1360 2169 αὐτή
1420 2101 1494 2164 εἰς
1539 2103 1901 2178 Χριστιανοὺς

243 2187 597 2262 μετετάξατο,
625 2187 716 2242 καὶ
745 2189 798 2242 οἱ
828 2189 1074 2251 τεκόντες
1135 2186 1206 2244 δι’
1236 2189 1402 2259 αὐτῆς
1451 2189 1763 2261 ἠλλάξαντο
1812 2191 1902 2246 εὐ-

239 2273 457 2333 σέϐειαν
519 2275 954 2352 εἶδωλολατρίας
989 2295 1004 2310 ·
1037 2277 1186 2340 ὅπως
1243 2278 1302 2334 τὲ
1356 2299 1439 2341 τις
1495 2279 1726 2355 ἐραστὴς
1783 2301 1902 2336 πει-

240 2367 404 2442 ράσας
461 2367 552 2421 καὶ
624 2370 804 2428 κακῶς
865 2365 1202 2439 ἀπαλλάξας,
1257 2365 1558 2443 Ἀγλαίδας
1607 2365 1780 2444 ὄνομα
1833 2372 1902 2434 ⁸⁸,

233 2454 616 2532 προσέρχεται
708 2461 1008 2532 Κυπριανῷ
1086 2456 1254 2534 μάγον
1331 2457 1530 2534 τεχνην
1608 2459 1901 2532 ἠσκηκότι,

235 2546 438 2618 ἀμῦναί
509 2567 570 2601 τε
610 2542 780 2600 δεῖται
837 2539 1132 2622 δυσερῶντι
1187 2548 1278 2602 καὶ
1335 2548 1436 2618 τήν
1507 2549 1680 2622 κόρην
1757 2549 1904 2621 αὐτῷ

235 2639 530 2705 πειθήνιον
579 2632 980 2709 πορασκευάσαι
1015 2654 1027 2668 ·
1075 2635 1164 2690 καὶ
1234 2637 1309 2700 ὡς
1366 2638 1670 2712 Κυπριανὸς
1731 2638 1904 2700 πάσας

227 2747 288 2781 τε
325 2727 380 2762 ⁸⁸
411 2723 688 2800 μεθόδους
725 2727 904 2801 μάγου
929 2725 1125 2801 τέχνης
1157 2727 1406 2797 κινήσας,
1435 2727 1564 2789 τούς
1605 2747 1664 2782 τε
1719 2729 1904 2802 βιαιο-

233 2817 438 2876 τάτους
509 2815 606 2869 καὶ
683 2814 1117 2889 χαλεπωτάτους
1177 2819 1286 2870 τῶν
1353 2812 1628 2890 δαιμόνων
1683 2816 1904 2890 πέμψας

231 2905 322 2960 ἐπὶ
377 2905 484 2972 τὴν
539 2905 840 2979 παρθένον,
877 2903 970 2959 καὶ
1019 2903 1416 2980 ᾗσχυμμένους
1474 2905 1562 2960 καὶ
1618 2905 1902 2979 νενικημέ-

233 3015 368 3056 νους
415 2997 516 3050 τοῦ
567 2997 798 3068 σταυροῦ
847 2997 926 3066 τῷ
971 2994 1128 3066 τύπῳ
1175 2993 1226 3065 ἐξ
1275 2995 1454 3050 αὐτῶν
1500 2995 1716 3050 ἐκείνων
1777 2997 1905 3050 ἀνα-

239 3085 458 3158 μαθὼν,
495 3081 782 3160 ἆφίσταταί
825 3103 886 3137 τε
925 3089 1026 3152 τῆς
1073 3083 1210 3158 πρὸς
1262 3083 1500 3146 ἐκείνους
1533 3083 1769 3156 εὐνοίας,
1816 3085 1906 3140 καὶ

1106 303 1632 366 BIBLIOTHECA.
1687 338 1758 350 ——
1805 305 1968 368 COC.
2017 306 2382 380 CLXXXIII,
2431 307 2792 370 CLXXXIV.

3537 311 3654 370 538

1760 439 1902 513 κάμε
1929 442 1983 509 Α
2013 441 2248 515 Scripsit
2277 442 2462 500 divina
2492 443 2783 500 deductum
2813 443 2911 500 hoc
2931 443 3054 517 lege
3082 445 3356 501 volumen.

2080 623 2342 695 Eudocia,
2376 624 2588 680 illustri
2615 626 2808 695 regina
2829 625 3049 696 estirpe
3079 626 3290 682 Leonti.

2081 709 2149 764 Et
2180 726 2311 765 vero
2341 708 2480 766 Jesu
2515 711 2693 777 Nave,
2725 711 3122 783 Judicumque
3154 712 3285 767 libri
3321 709 3657 783 inscriptio-

2011 814 2114 853 nes
2161 797 2253 868 iis,
2291 817 2421 871 qua:
2467 801 2593 871 jam
2645 800 2797 856 dicta
2841 805 2998 868 sunt,
3049 800 3450 857 testimonium
3510 818 3654 873 prte-

2011 889 2168 944 bent.

2665 979 3010 1036 CLXXXIV.

2011 1067 2264 1138 Ejusdcm
2329 1069 2588 1124 Eudociz
2635 1069 2996 1138 Metaphrasis
3041 1072 3286 1138 metrica,
3341 1071 3402 1124 in
3449 1067 3656 1124 Zacha-

2083 1140 2226 1193 riam
2264 1143 2311 1194 et
2353 1141 2636 1196 Dunielem
2677 1143 2992 1212 praphetus,
3025 1149 3076 1196 et
3127 1142 3186 1198 in
3219 1145 3280 1198 Β.
3319 1141 3658 1212 Cyprianum

2081 1221 2389 1282 martyrem
2419 1214 2556 1268 libri
2588 1228 2671 1266 ιιι.

2083 1300 2218 1371 Legi
2275 1303 2477 1356 eodem
2527 1301 2806 1358 carminis
2855 1319 3063 1373 genere
3125 1307 3298 1374 atque
3356 1301 3654 1358 idiomate.

2009 1388 2393 1458 Illetaphrasim
2433 1391 2900 1462 propheticorum
2935 1393 3218 1448 librorum
3263 1393 3407 1447 beati
3444 1391 3657 1445 Zacha-

2011 1477 2110 1532 riae
2145 1483 2194 1533 et
2253 1479 2452 1550 inclyti
2503 1479 2776 1534 Danielis.
2814 1481 3028 1536 Eadem
3072 1488 3268 1537 autem
3299 1479 3533 1535 artiﬁcii
3565 1494 3656 1533 ve-

2011 1575 2217 1622 nustas
2251 1569 2370 1623 haec
2401 1585 2632 1639 quoque
2663 1571 2994 1626 exornabat.

2083 1657 2198 1712 Hoc
2255 1657 2384 1728 ipso
2431 1659 2568 1713 item
2610 1659 2902 1714 volumine
2959 1660 3430 1726 continebantur,
3475 1655 3656 1714 simili

2009 1762 2284 1802 versuum
2344 1748 2530 1802 forma
2573 1748 2908 1818 conscripti,
2953 1749 3083 1804 libri
3143 1755 3262 1804 tres
3315 1749 3376 1803 in
3423 1747 3656 1802 laudem

2961 1854 2974 1892 :
3021 1838 3518 1908 ostendebantque
3565 1831 3656 1888 vel

2010 1925 2137 1997 ipsa
2167 1925 2447 1994 carmina,
2481 1925 2728 1981 utliberi
2748 1937 2983 1982 matrem
3001 1927 3212 1993 solent,
3245 1925 3398 1981 hunc
3431 1939 3660 1994 quoque

2009 2020 2278 2087 Augustae
2329 2021 2551 2087 partum
2598 2031 2726 2070 esse
2776 2014 3120 2086 legitimum.
3155 2015 3390 2070 Primus
3447 2013 3656 2068 horum

2009 2105 2158 2160 liber
2205 2121 2298 2160 res
2330 2105 2507 2160 beate
2552 2105 2794 2160 Iustinae
2845 2105 3118 2176 martyris
3177 2101 3564 2176 persequitur,
3595 2103 3658 2154 ut

2011 2195 2069 2250 in
2101 2194 2563 2250 Christianorum
2595 2194 2697 2248 illa
2729 2211 3036 2250 numerum
3060 2195 3351 2265 adeptata,
3387 2195 3658 2263 parentes

2013 2301 2244 2356 quoque
2273 2301 2410 2341 suos
2443 2287 2514 2340 ab
2545 2285 2833 2340 idolorum
2867 2288 2938 2340 ad
2970 2284 3088 2340 veri
3111 2283 3208 2340 Dei
3233 2281 3450 2337 cultum
3475 2289 3662 2334 trans-

2013 2373 2212 2430 tulerit
2251 2391 2265 2429 :
2301 2379 2482 2446 utque
2520 2390 2716 2430 amore
2746 2375 2980 2445 quidam
3032 2375 3158 2444 ejus
3211 2376 3440 2443 captus,
3501 2369 3664 2423 frus-

2013 2467 2104 2518 tra
2149 2462 2252 2518 illa
2309 2461 2643 2527 sollicitata,
2686 2463 2758 2518 ad
2815 2461 3167 2534 Cyprianum
3219 2459 3460 2530 magicis
3504 2455 3669 2511 dedi-

2014 2555 2136 2606 tum
2184 2551 2412 2606 artibus
2461 2565 2524 2607 se
2554 2549 2885 2618 contulerit,
2929 2565 3141 2620 rogans
3197 2546 3416 2619 perdite
3445 2541 3666 2600 amanti

2015 2649 2338 2704 succurrat,
2373 2655 2439 2694 ac
2489 2639 2746 2710 puellam
2777 2638 2894 2694 sibi
2936 2638 3354 2706 obsequentem
3435 2630 3661 2687 reddat.

2015 2731 2195 2786 Addit
2233 2729 2414 2785 1281)
2473 2729 2822 2800 Cyprianum
2873 2743 3076 2782 omnes
3109 2723 3343 2795 magicae
3393 2721 3536 2776 artis
3581 2734 3667 2773 ra-

2016 2821 2205 2877 tiones
2236 2820 2533 2876 incassum
2555 2823 2900 2886 tentantem,
2921 2813 3376 2872 violentissimos
3407 2823 3669 2883 quosque

2017 2927 2084 2969 ac
2115 2909 2648 2984 perniciosissimos
2677 2910 2969 2964 daemones
2987 2901 3401 2979 oppugnandas
3427 2899 3669 2972 virginis

2017 3000 2270 3058 castitati
2327 3000 2704 3056 immisisse:
2759 2998 2868 3054 hos
2925 3012 3060 3053 vero
3119 2993 3337 3066 pudore
3394 2990 3670 3058 sull’usos,

2017 3091 2322 3162 victosque
2343 3095 2726 3145 sacrosanctis
2757 3086 2947 3143 crucis
2979 3085 3167 3157 signo,
3201 3083 3444 3153 rejeetos
3465 3077 3669 3144 fuisse,

229 3175 334 3236 τάς
399 3171 640 3246 μαγικάς
699 3171 906 3234 ἁπάσας
966 3167 1196 3244 βίϐλους
1251 3174 1552 3245 κατακαίει,
1593 3175 1684 3228 καὶ
1747 3171 1906 3236 τέλος

2023 3185 2083 3236 ut
2123 3196 2190 3235 ex
2223 3179 2338 3234 illis
2369 3178 2515 3249 ipsis
2564 3177 2848 3250 cognorit.
2881 3176 3067 3240 Quare
3103 3185 3458 3246 propensum
3493 3181 3666 3258 suum

228 3265 300 3320 τὰ
365 3268 716 3338 Χριστιανῶν
775 3267 992 3336 μυεῖται
1049 3263 1142 3318 καὶ
1203 3263 1544 3338 βαπτίζεται,
1595 3266 1684 3320 καὶ
1743 3266 1908 3340 θύρας

233 3363 338 3425 τῆς
373 3353 680 3427 ἓκκλησίας
737 3355 1069 3424 πιστεύεται,
1101 3357 1189 3410 καὶ
1245 3356 1493 3428 ἀξιωθεὶς
1544 3359 1906 3434 χαρισμάτων

229 3444 500 3506 πολλοὺς
543 3445 640 3518 μὲν
680 3445 876 3512 νόσων,
904 3443 1156 3507 πολλοὺς
1214 3442 1274 3500 δὲ
1323 3443 1598 3519 δαιμόνων
1653 3445 1906 3520 ἐκάθηρε,

231 3536 322 3590 καὶ
391 3533 594 3590 λοιπὸν
653 3535 742 3589 καὶ
783 3537 880 3589 τοῦ
924 3537 1052 3608 [216
1083 3537 1176 3608 H.]
1237 3535 1622 3612 ἀρχιερατικοῦ
1669 3536 1910 3609 ἀξιώμα-

227 3645 328 3688 τος
361 3625 634 3694 ἀξιοῦται.
663 3625 728 3681 Ὀ
763 3624 858 3696 μὶν
886 3623 978 3679 οὖν
1009 3630 1227 3700 πρῶτος
1261 3624 1430 3702 λόγος
1459 3630 1708 3683 τοιαῦτα.

2021 3270 2079 3324 in
2139 3268 2430 3338 improbos
2487 3267 2621 3324 illos
2680 3265 2924 3338 spiritus
2981 3263 3246 3320 animum
3305 3257 3667 3330 deposuisse,

2018 3373 2338 3429 omnesque
2377 3357 2520 3412 adeo
2543 3357 2800 3426 magicos
2835 3353 3017 3410 libros
3049 3348 3302 3407 ﬂammis
3335 3345 3667 3403 tradidisse.

2018 3447 2348 3504 Christiana
2367 3447 2610 3516 denique
2642 3444 3093 3507 ﬁdeimbutum,
3119 3457 3252 3495 mox
3282 3437 3452 3494 etiam
3486 3431 3672 3505 bapti-

2017 3545 2208 3593 zatum
2243 3551 2394 3602 esse,
2425 3553 2490 3591 ac
2539 3535 2742 3604 templi
2774 3533 3085 3604 janitorem
3121 3529 3233 3601 (i2)
3266 3525 3671 3582 constitutum.

2018 3629 2165 3693 Quin
2199 3631 2256 3682 et
2284 3627 2700 3682 charismatum
2733 3625 2885 3679 dona
2923 3639 2955 3678 a
2989 3621 3103 3676 Deo
3135 3619 3450 3690 accepisse,
3479 3616 3676 3686 itaque

233 3717 480 3773 morbis
514 3716 686 3784 alios,
721 3716 866 3772 alios
923 3717 1288 3774 demonibus
1347 3717 1648 3789 liberasse,
1679 3719 1864 3776 donec
1897 3719 2133 3775 tandem
2173 3714 2596 3788 archiepiscopi
2637 3729 2869 3785 quoque
2927 3711 3209 3783 dignitate
3255 3712 3574 3763 ornaretur.
3609 3703 3680 3759 Et

235 3805 368 3861 haec
399 3805 644 3875 quidem
679 3805 826 3860 liber
857 3805 1032 3861 habet
1061 3807 1306 3876 primus.

307 3893 376 3950 '0
423 3891 484 3947 δὲ
539 3889 794 3964 δεύτερος
843 3893 1146 3967 ἆπάρχεται
1209 3895 1304 3968 μὲν
1363 3895 1466 3964 τὴν
1515 3893 1575 3950 ἐκ
1623 3896 1742 3957 νὲας
1791 3893 1916 3963 ἡλι-

235 3983 364 4044 κίας
401 3983 724 4056 Κυπριανοῦ
753 3980 878 4058 περί
921 4003 982 4038 τε
1025 3983 1092 4037 τὰ
1139 3981 1346 4039 εἴδωλα
1375 3981 1616 4054 σπουδήν
1665 3983 1758 4039 καὶ
1811 3985 1911 4052 τὴν

231 4077 348 4126 τῶν
387 4069 674 4144 δαιμόνων
735 4071 1018 4146 θεραπείαν
1058 4069 1384 4149 διηγεῖσθαι,
1414 4073 1507 4129 τόν
1555 4095 1614 4129 τε
1656 4072 1780 4149 περὶ
1817 4073 1915 4133 τὰς

243 4163 490 4236 μαγείας
555 4163 726 4216 πόθον
773 4161 864 4215 καὶ
905 4162 1006 4230 τὴν
1051 4160 1304 4234 μελέτην,
1349 4162 1505 4218 αὐτὸν
1543 4163 1747 4218 ἐκεῖνον
1805 4163 1916 4217 εἶσ-

233 4251 394 4324 ἆγων
457 4251 736 4328 ἑξηγητήν
769 4270 783 4284 ο
820 4252 908 4306 καὶ
951 4251 1048 4306 ὅσα
1107 4251 1252 4308 ἄλλα
1311 4255 1470 4327 μάθοι
1523 4254 1647 4330 περί
1693 4275 1752 4310 τε
1813 4254 1914 4330 βο-

233 4345 426 4395 τανῶν
499 4341 592 4395 καὶ
649 4345 831 4418 φυτῶν
885 4341 975 4396 καὶ
1045 4341 1198 4410 ζώων
1259 4341 1471 4418 φύσεως
1515 4341 1912 4399 παντοδαπῶν·

227 4431 328 4484 καὶ
363 4429 466 4486 ὅτι
499 4429 770 4484 ποικίλων
793 4427 1094 4503 δαιμονίων
1124 4433 1420 4510 φασμάτων
1453 4435 1648 4502 θεατὴς
1680 4431 1913 4508 γένοιτο·

2093 3895 2394 3952 Secundus
2443 3892 2671 3962 deinde,
2701 3891 2838 3946 dum
2869 3905 2901 3944 a
2945 3889 3135 3960 capite
3167 3883 3338 3956 paulo
3375 3882 3550 3938 altius
3583 3897 3674 3936 res

2021 3983 2294 4056 Cypriani
2350 3982 2616 4049 arcessit,
2674 3981 2997 4050 ipsummet
3053 3979 3392 4032 narrantem
3446 3971 3676 4026 inducit

2024 4089 2199 4130 suum
2247 4073 2372 4143 jam
2403 4071 2541 4126 inde
2569 4087 2604 4126 a
2649 4067 2897 4142 pueritia
2927 4069 2983 4122 in
3019 4063 3174 4120 idola
3223 4065 3508 4126 studium,
3543 4058 3672 4114 cul-

2023 4169 2266 4234 tumque
2293 4163 2646 4226 daamonum,
2666 4165 2724 4214 et
2753 4156 3043 4213 discenda
3076 4153 3316 4224 magicae
3336 4150 3478 4206 artis
3508 4147 3674 4219 cupi-

2024 4254 2264 4309 ditatem
2317 4257 2490 4322 atque
2548 4253 2839 4304 conatum.
2873 4248 3147 4310 Quaenam
3203 4240 3412 4296 dehinc
3462 4235 3575 4293 alia
3604 4237 3676 4291 de

2025 4341 2341 4397 herbarum
2423 4340 2739 4403 variarum,
2801 4335 3100 4407 stirpium,
3177 4334 3352 4401 atque
3412 4327 3676 4382 animan-

2025 4431 2174 4486 tium
2237 4435 2450 4485 natura
2507 4415 2799 4496 didicerit,
2859 4431 3042 4495 utque
3107 4419 3266 4476 varia
3329 4417 3502 4474 etiam
3561 4417 3676 4469 daa-

229 4519 328 4574 καὶ
371 4519 542 4582 ὅπως
579 4519 628 4589 ἐξ
661 4521 912 4590 Ἀθηνῶν
943 4519 996 4583 ἐς
1029 4505 1253 4595 Ἄργος,
1284 4523 1528 4577 κάκεῖθεν
1577 4521 1632 4584 ἐς
1675 4505 1919 4599 ᾧρυγίαν

2030 4539 2268 4580 menum
2329 4521 2585 4578 ludibria
2632 4518 2862 4573 viderit.
2906 4513 3202 4582 Quomodo
3245 4511 3386 4565 item
3435 4505 3678 4599 Athenis

231 4609 484 4688 ei.ng
517 4611 583 4679 ⁸⁸,
625 4609 912 4684 ίερουργός
959 4629 1019 4664 τε
1072 4615 1180 4666 τῶν
1245 4607 1542 4685 δαιμονίων
1601 4595 1917 4690 ἁπανταχοῦ

2026 4615 2228 4684 Argos,
2260 4611 2512 4682 indeque
2539 4609 2597 4665 in
2625 4605 2934 4680 Phrygiam
2963 4603 3280 4676 profectus,
3311 4595 3678 4690 damon-ibus

227 4699 654 4770 καθιστάμενος
711 4699 840 4772 [417
873 4699 964 4772 R.]
1017 4698 1108 4754 καὶ
1147 4698 1366 4769 πολλὴν
1436 4701 1758 4772 συνάσκησιν
1819 4707 1919 4771 τῆς

235 4794 512 4864 [az-(mi;
567 4787 956 4862 ἀθροιζόμενος
990 4807 1004 4820 ·
1055 4788 1174 4843 εἶτα
1230 4789 1438 4864 προϊὼν
1499 4791 1574 4851 ὡς
1641 4791 1919 4867 Αἰγύπτου

2029 4703 2248 4774 ubique
2286 4701 2594 4758 sacriﬁcus
2645 4695 2996 4754 constitutus
3055 4689 3248 4754 fuerit,
3308 4704 3374 4744 ac
3431 4684 3680 4774 multam

2032 4771 2267 4863 magica
2351 4790 2496 4846 artis
2569 4785 3040 4844 exercitationem
3121 4776 3440 4850 collegerit.
3494 4771 3684 4844 Pergit

227 4897 294 4933 τι
341 4877 450 4934 ἰπὶ
505 4881 620 4941 τοῖς
681 4873 872 4940 αὺτοῖς
925 4872 1094 4950 ἐπέϐη
1146 4878 1236 4934 καὶ
1267 4877 1472 4942 Ἰνδοὺς
1529 4876 1790 4950 ἒπῆλθεν,
1823 4880 1924 4936 ὅσα

2031 4879 2228 4937 adhaec
2259 4895 2517 4946 narrare,
2551 4885 2611 4934 ut
2669 4878 2729 4932 in
2771 4873 3082 4947 Egyptum
3133 4867 3471 4926 earumdem
3506 4877 3686 4919 causa

1615 5009 1860 5067 VARIE
1891 5009 2300 5066 LECTIONES.

313 5115 368 5152 ⁸³
433 5113 728 5194 δεπερίήγ
784 5115 1162 5194 (ξᾳωιώοηυδ
1203 5135 1216 5176 :
1268 5117 1404 5176 libri
1451 5113 1732 5194 δευτέρην.
1811 5116 1858 5154 ³³
1898 5113 2196 5192 Ἀγλαίδας
2253 5109 2430 5190 ὄνομα
2475 5117 2610 5174 add.
2646 5117 2716 5172 Α.
2791 5111 2840 5148 ⁸⁴
2869 5130 2930 5168 π.
2959 5128 3019 5164 τε
3045 5108 3133 5162 καὶ
3197 5104 3316 5179 μεθ.
3358 5121 3404 5164 ς.
3483 5098 3533 5134 ⁸⁵
3559 5093 3684 5173 ἀφί-

237 5209 436 5264 κοιτο,
473 5183 762 5264 ἱερουργὸς
803 5183 861 5242 δέ
899 5208 946 5250 ς.

1879 5313 2090 5372 ΝΟΤΛΕ

319 5423 450 5497 (εί)
477 5417 568 5476 De
597 5421 864 5497 utrisque
883 5421 976 5480 his
1006 5423 1360 5497 martyribus
1391 5425 1741 5497 Hartyrolog.
1776 5425 1930 5497 Rom.

247 5493 676 5565 26-Septemb.
708 5493 973 5554 et’Grac.
995 5493 1256 5565 Menalca.
1280 5493 1775 5554 2()οιοδ.’1ιεω’[).
1797 5495 1934 5553 Gre-

245 5559 470 5642 gorius
527 5559 796 5642 Nazianz.
831 5565 1078 5642 Orat._in
1109 5569 1174 5624 Β.
1202 5559 1620 5642 'Cyprianqui
1652 5568 1798 5642 duos
1832 5567 1935 5640 Gy-

251 5635 518 5710 prianos
545 5635 900 5696 confundere
918 5639 1162 5710 videtur,
1195 5635 1332 5697 utet
1346 5635 1697 5698 Prudentius
1727 5635 1926 5711 Hymn.

2045 5423 2310 5500 XlItIIeei
2341 5419 2552 5500 στεφάν.
2595 5417 3136 5500 ac_Metaph_rates_.
3191 5485 3224 5500 Α
3343 5483 3354 5495 .

2117 5495 2230 5568 (42)
2257 5485 2325 5552 Β.
2359 5485 2598 5567 Grégor.
2633 5493 2769 5550 Νη.
2804 5485 2954 5549 om.
2995 5489 3054 5546 in
3085 5489 3151 5544 Β.
3183 5485 3527 5558 Cyprianum
3547 5485 3688 5536 Neo-

2041 5563 2202 5641 κόρον
2227 5566 2382 5624 facit.
