4136 6216
557 291 673 351 539
1758 300 1985 361 PHO'I‘I
1992 300 2015 360 Ι
2060 298 2190 359 ΡΑἿ

2267 298 2589 360 μῐΑΗΟΗῶ
2632 298 2749 360 CP.
3800 297 3900 355 540

553 426 796 493 venerit,
850 432 1024 500 atque
1071 432 1141 486 ad
1201 432 1371 488 Indos
1422 433 1748 498 accesserit,
1810 449 2054 505 quaequa
2111 432 2186 488 ibi

2303 431 2350 485 τ’
2373 430 2482 485 ἐκεῖ
2512 428 2785 504 παράδοξα
2815 428 2903 484 καὶ
2938 428 3127 493 δεινῶς
3159 424 3333 485 ἄτοπα
3372 425 3520 485 ἄλλα
3550 448 3605 484 τι
3632 430 3711 483 καὶ
3740 428 3904 485 εἴδωλα

556 510 857 583 inopinata
888 524 945 573 et.
992 519 1151 575 valde
1195 520 1469 587 absurda,
1503 539 1637 576 cum
1685 522 1820 589 alia,
1855 531 1976 577 tum
2020 521 2189 576 simu-

2313 517 2417 574 εἶδέ
2471 542 2528 575 τε
2586 521 2675 574 καὶ
2734 519 2957 593 ἐξέμαθε
2991 540 3002 551 ·
3047 520 3135 575 καὶ
3194 520 3268 582 είς
3329 521 3742 594 τριακονταετίαν
3785 522 3904 591 αὐτῷ

556 600 711 657 lacra
743 607 947 661 viderit
1004 620 1174 681 atque
1218 613 1557 667 observarit.
1594 613 1770 669 Addit
1814 632 1896 676 se.
1930 632 2058 668 cum
2107 614 2189 667 tri«

2310 613 2408 673 τῆς
2468 609 2687 678 ἡλικίας
2747 609 3015 679 τελούσης
3069 608 3157 663 ἐπὶ
3200 607 3510 669 Χαλδαίους
3565 606 3710 677 ἦλθε,
3738 608 3816 662 καὶ
3856 610 3905 663 τὰ

559 694 839 749 cesimum
864 698 984 766 jam
1010 701 1193 755 aetatis
1216 718 1435 757 annum
1460 704 1788 771 attingeret,
1813 705 1880 757 ad
1901 704 2192 759 Chaldaeos

2311 697 2527 752 ἐκείνων
2568 699 2741 753 πάντα
2805 700 3029 771 μυηθεὶς
3076 698 3431 773 ἀστρολογίαν
3483 719 3541 753 τε
3587 694 3904 772 ἡκριϐώσατο,

556 783 805 850 venisse,
839 801 1156 859 eorumque
1199 789 1405 847 litteris
1440 792 1796 857 institutum,
1830 792 2189 858 astrologiam

2309 786 2395 841 καί
2446 787 2498 841 εἶ’
2549 809 2598 841 τι
2658 787 2800 842 ἄλλο
2861 789 3025 864 σοφὸν
3058 789 3104 824 ⁸⁸
3132 788 3410 860 νομίζεται
3466 790 3591 857 παρ’
3618 788 3800 848 αὐτοῖς.
3832 788 3903 840 Καὶ

559 879 826 926 accurate
871 876 1268 945 perdidicisse,
1303 897 1545 950 qumque
1572 882 1686 935 alia
1730 885 1965 950 cognitu
2026 882 2192 952 digna

2311 878 2396 931 ὅτι
2426 881 2591 931 ταῦτα
2624 878 2795 931 πάντα
2827 875 2957 931 εἶδεν
2991 876 3340 952 ἐληλεγμὲνα
3380 878 3470 931 καὶ
3529 878 3759 949 μάταιον,
3790 874 3904 948 μᾶλ-

556 958 705 1025 apud
744 957 870 1012 illos
904 961 1256 1018 viderentur.
1299 964 1509 1021 Omnia
1554 968 1784 1020 tandem
1821 966 1939 1020 htec
1984 967 2189 1020 vidisse

2311 964 2406 1019 λον
2441 963 2496 1019 δὲ
2525 969 2569 1001 δ⁷
2599 966 2959 1039 ψυχώλεθρον
2995 967 3185 1032 πόνον,
3228 960 3555 1040 προσϐαλὼν
3582 970 3691 1025 ταῖς
3728 966 3906 1039 τέχναις

561 1046 828 1114 refutatu,
863 1053 1097 1118 quando
1144 1054 1322 1108 stulto
1379 1071 1481 1109 seu
1529 1056 1717 1125 potius
1750 1056 1963 1110 animis
2015 1054 2194 1126 perni-

2308 1058 2375 1126 τῇ
2430 1055 2661 1127 μάρτυρι
2703 1055 2967 1127 Ἰουστίνῃ
3014 1054 3079 1108 ⁸⁸.
3117 1055 3337 1124 Διέξεισι
3388 1052 3445 1109 δὲ
3496 1054 3547 1108 ὲν
3572 1053 3771 1115 τούτοις
3815 1049 3903 1107 ἔνια

556 1133 712 1188 cioso
745 1136 937 1191 labore
970 1138 1128 1195 hisce
1153 1143 1376 1196 artibus
1408 1144 1695 1212 impenso,
1722 1161 1753 1199 a
1782 1144 2015 1199 Justiua
2048 1162 2189 1199 mar-

2309 1143 2383 1195 ὡν
2418 1144 2578 1203 αὐτός
2610 1164 2667 1198 τε
2698 1143 2884 1197 ἑαυτὸν
2913 1149 3030 1205 ταῖς
3066 1145 3315 1217 μαγείαις
3348 1141 3539 1203 ἄλλοις
3580 1139 3739 1197 ἄλλον
3785 1141 3908 1217 ἐφαν-

559 1230 682 1295 tyre
714 1226 980 1295 repulsus
1004 1235 1108 1285 est.
1142 1232 1571 1288 Commemorat
1598 1236 1729 1288 item
1767 1236 1857 1288 hic
1894 1234 2192 1300 nonnulla,

2306 1253 2463 1286 τασεν
2496 1231 2717 1298 ἄλλοτε,
2758 1233 2847 1288 καὶ
2889 1233 2961 1286 ῶν
3022 1234 3236 1306 ἑτέρους
3286 1231 3636 1310 ἐμόρφωσεν·
3687 1233 3819 1292 ὅπως
3865 1250 3909 1283 τε

557 1318 772 1383 quibus
818 1318 997 1373 alium
1045 1337 1106 1375 se
1138 1322 1262 1392 ipse
1319 1323 1613 1377 interdum
1678 1324 1917 1395 magicis
1975 1327 2190 1379 artibus

2309 1328 2407 1390 τῆς
2441 1319 2737 1394 δαιμονίων
2786 1321 3001 1391 πλάνης
3050 1322 3286 1382 ἀποστὰς
3350 1322 3444 1375 τὸν
3510 1320 3736 1395 πονηρὸν
3784 1321 3911 1373 ἀπει-

556 1406 837 1473 exhibuit,
869 1408 1127 1480 aliosque
1160 1412 1453 1466 interdum
1506 1414 1939 1469 transformavit
1971 1430 1984 1468 :
2023 1421 2189 1484 utque

2308 1410 2512 1465 λοῦντα
2566 1410 2693 1484 ἔσχε
2741 1411 2830 1464 καὶ
2888 1410 2964 1473 εἷς
3009 1411 3318 1486 ἀπόγνωσιν
3388 1407 3799 1481 ἒκδειμαίνοντα,
3841 1406 3911 1460 καὶ

558 1510 590 1547 a
620 1496 944 1552 daemonum
978 1498 1127 1553 cultu
1164 1501 1492 1567 discedens,
1527 1504 1990 1559 cacodaamonem
2026 1504 2191 1557 mini-

2309 1501 2382 1561 ὡς
2426 1498 2592 1568 ἐλύθη
2651 1500 2859 1555 τυύτων
2910 1506 3009 1568 τῆς
3058 1497 3263 1561 δειλίας
3294 1500 3533 1577 ἐντυχὼν
3568 1496 3711 1568 ἀνδρὶ
3766 1500 3911 1551 θεοσε-

558 1587 797 1648 tantem,
844 1592 900 1640 et
949 1589 1014 1641 ad
1078 1590 1539 1659 desperationem
1601 1609 1779 1662 usque
1838 1594 2191 1647 territantem

2311 1584 2413 1657 δεῖ,
2474 1589 2644 1663 ὄνομα
2691 1590 2959 1661 Τιμοθέῳ.
3025 1592 3143 1646 Ἐπ’
3212 1591 3553 1666 Ἀντιοχείας
3605 1612 3660 1645 τε
3720 1589 3787 1651 εἷς
3846 1586 3914 1641 ἰπ-

555 1674 822 1742 senserit,
856 1692 920 1729 ac
979 1680 1268 1747 quomodo
1318 1678 1527 1735 horum
1576 1682 1650 1736 sit
1705 1689 1860 1736 metu
1897 1682 2188 1749 liberatus,

2311 1682 2475 1749 ήκοον
2509 1683 2554 1717 ⁸9
2600 1678 2827 1733 πολλῶν
2888 1680 2962 1741 ὡς
3022 1678 3325 1755 ἐξήγγειλεν
3360 1678 3487 1753 ἔργα
3535 1677 3711 1734 πολλᾶ
3764 1678 3909 1747 ἀθέμισ

556 1775 690 1813 cum
726 1763 782 1815 in
832 1764 987 1833 pium
1048 1767 1236 1822 virum
1279 1769 1602 1836 incidisset,
1637 1772 1730 1826 cui
1762 1771 2061 1826 Timotheo
2095 1788 2189 1826 no-

2306 1790 2371 1823 τα
2410 1770 2455 1804 ⁹⁰
2502 1770 2589 1823 καὶ
2650 1770 2903 1843 τεράστια
2962 1767 3374 1843 διαπραξασθαι,
3417 1771 3501 1830 οἷς
3564 1764 3825 1823 ἑδουκόλει
3865 1765 3912 1819 τὸ

560 1866 710 1907 men.
746 1854 1038 1917 Quomodo
1082 1864 1357 1927 praeterea
1387 1860 1711 1915 Antiochiae
1740 1860 1895 1931 apud
1928 1861 2193 1931 frequens

2316 1860 2644 1932 ἀνθρώπινον
2700 1858 2787 1912 καὶ
2837 1859 2957 1913 θεὸν
3008 1859 3169 1914 αὐτὸν
3211 1860 3452 1913 τίθεσθαι
3494 1874 3509 1889 ⁶
3561 1860 3701 1918 ὅπως
3745 1876 3794 1910 τε
3844 1852 3914 1908 διί-

558 1941 912 1998 auditorium
970 1950 1312 2014 narraverit,
1348 1951 1599 2003 nefanda
1652 1948 1837 2004 multa
1886 1966 1946 2004 se
1976 1967 2041 2004 ac
2075 1966 2191 2021 pro

2314 1968 2468 2021 κρυσι
2527 1948 2614 2002 καὶ
2686 1950 2913 2021 θρήνοις
2989 1945 3285 2021 ἑρραίνετο,
3339 1948 3426 2002 καὶ
3496 1950 3532 2016 ἡ
3597 1949 3772 2019 μνήμη
3833 1944 3915 1996 τῶν

559 2030 782 2100 digiosa
829 2034 1107 2101 etl‘ecisse,
1132 2038 1347 2107 quibus
1405 2038 1673 2093 homines
1731 2038 1811 2094 ita
1859 2040 2192 2110 decipiebat,

2313 2036 2581 2108 ἀθεμίτων
2649 2032 2818 2111 ἔργων
2875 2039 2953 2098 εἷς
3040 2036 3389 2091 ἀνελπιστίαν
3468 2036 3732 2107 σωτηρίας
3786 2031 3917 2087 αὐτὸν

560 2132 617 2171 ut
654 2137 754 2190 pro
812 2122 919 2177 deo
960 2123 1153 2195 ipsum
1206 2126 1504 2183 haberent.
1559 2128 1855 2199 Lacrymis
1902 2129 2099 2198 itaque
2139 2144 2193 2183 ac

2314 2125 2479 2180 πάλιν
2512 2122 2785 2201 ἔρριπτεν,
2819 2127 2864 2180 εί
2931 2128 3004 2197 μή
3064 2147 3146 2188 τις
3211 2123 3495 2191 Εὐσέϐιος,
3532 2120 3785 2183 εὐσεϐείας
3834 2120 3919 2193 ἄρι-

561 2207 720 2261 luctu
780 2226 954 2277 genas
1014 2216 1086 2267 ob
1145 2214 1264 2270 haec
1314 2216 1768 2280 humectantem,
1802 2234 1869 2272 ex
1926 2217 2194 2271 memoria

2314 2235 2437 2277 στος
2469 2216 2555 2269 καὶ
2593 2214 2876 2287 μετανοίας
2911 2216 3217 2292 ὑφηγητής,
3247 2220 3363 2277 τοῖς
3390 2235 3449 2269 τε
3480 2217 3649 2277 θείοις
3678 2210 3863 2287 λογίοις
3880 2209 3914 2245 ⁰¹

562 2294 958 2366 improborum
1009 2301 1332 2358 facinorum
1384 2305 1441 2358 in
1498 2306 1700 2360 salutis
1739 2305 2195 2376 desperationem

2310 2304 2401 2357 καὶ
2455 2310 2573 2365 ταῖς
2624 2305 2793 2378 ἱεραῖς
2842 2304 3107 2379 ἱστορίαις
3146 2303 3317 2366 λύσας
3367 2306 3428 2359 τὸ
3467 2311 3571 2373 τῆς
3601 2302 3917 2377 ἀπογνώσεως

561 2384 772 2441 iterum
813 2388 1187 2459 delapsurum
1249 2393 1440 2458 fuisse,
1475 2395 1586 2449 nisi
1646 2395 1931 2450 Eusebius
1967 2397 2194 2465 quidam

2310 2392 2492 2465 νὲφος,
2526 2389 2731 2468 ηὕγασε
2786 2392 3054 2467 λαμπρῶν
3086 2390 3322 2447 ἐλπίδων
3366 2393 3567 2459 ἀκτῖσι,
3606 2391 3691 2447 καὶ
3742 2393 3916 2465 τροφῆς

554 2474 812 2543 optimus
851 2477 921 2531 ad
973 2481 1242 2548 pietatem
1296 2487 1352 2537 et
1413 2483 1810 2552 pcenitentiam
1847 2484 1983 2549 dux,
2023 2500 2187 2537 sacra

2310 2478 2487 2536 ἔπεισε
2517 2486 2828 2555 μετασχεῖν,
2862 2481 2937 2543 είς
2970 2483 3114 2536 οἶκον
3163 2482 3382 2558 ἀγαγὼν
3436 2480 3574 2544 ὅλας
3620 2486 3755 2553 τρεῖς
3805 2476 3914 2547 ἡμὲ-

556 2561 868 2633 Scripturaa
917 2567 1211 2639 alloquiis,
1263 2574 1557 2642 sacrisque
1612 2572 2067 2639 narrationibus,
2102 2574 2189 2627 de-

2309 2591 2405 2644 ρας
2458 2571 2716 2625 ἀπόσιτον
2776 2569 3118 2646 διαγεγονότα
3152 2589 3164 2602 ⁸
3209 2571 3357 2632 ὅπως
3413 2592 3471 2625 τε
3536 2571 3613 2631 εἰς
3668 2570 3751 2623 τὸν
3803 2568 3916 2619 θεῖον

548 2654 899 2721 sperationis
960 2658 1230 2714 nebulam
1282 2660 1602 2732 dissipans,
1637 2662 1825 2717 129a
1876 2663 2043 2717 clarze
2074 2678 2176 2731 spe

2308 2659 2423 2732 ἄγει
2463 2660 2620 2727 νεὼν,
2653 2661 2739 2714 καὶ
2794 2660 2946 2720 ὅπως
3000 2660 3161 2721 αὐτὸς
3220 2662 3247 2714 ὁ
3305 2661 3566 2733 τεχνίτης
3610 2659 3700 2720 τὰς
3745 2656 3917 2729 μάγους

548 2741 726 2795 radiis
774 2759 907 2799 eum
964 2746 1333 2817 illustrasset,
1385 2760 1441 2805 et
1489 2756 1545 2805 in
1579 2752 1821 2805 domum
1867 2768 2035 2806 suam
2095 2752 2181 2805 de-

2306 2748 2535 2803 ἐνώπιον
2567 2747 2795 2803 πολλῶν
2842 2744 3072 2822 βίϐλους
3118 2748 3248 2821 πυρὶ
3292 2746 3479 2802 δίδωσι
3524 2748 3717 2821 φέρων,
3744 2744 3824 2798 τόν
3870 2759 3914 2792 τε

547 2828 789 2887 ductum
823 2833 1018 2889 cibum
1054 2853 1251 2907 capere
1276 2840 1578 2907 jussisset,
1602 2841 1771 2895 trium
1808 2841 2034 2895 dierum
2072 2842 2180 2895 ine-

2305 2836 2542 2892 πλοῦτον
2604 2838 2793 2908 πένησι
2860 2838 3032 2909 νὲμει,
3065 2838 3153 2891 καὶ
3213 2843 3315 2906 τῆς
3364 2838 3696 2909 Χριστιανῶν
3747 2830 3914 2905 ἀγέλης

547 2918 643 2973 dia
667 2921 787 2988 jam
825 2932 1206 2981 maceratum.
1244 2928 1431 2983 Refert
1465 2931 1627 2994 item,
1662 2937 1725 2985 ut
1766 2936 1821 2984 in
1856 2947 2086 2985 sacrum
2122 2929 2180 2984 al

2304 2927 2590 2999 ἀξιοῦται’
2653 2926 2951 3002 ἱερωσύνης
3017 2923 3061 2979 δ’
3123 2927 3150 2980 6
3210 2920 3473 2987 Εὐσέϐιος
3534 2926 3740 2997 ἀξίωμα
3789 2939 3915 2992 περι·

540 3006 639 3063 illo
684 3011 959 3081 templum
1022 3015 1195 3070 fuerit
1251 3019 1564 3084 adductus,
1596 3024 1651 3073 et
1696 3036 1798 3074 sua
1847 3020 1968 3090 ipse
2018 3036 2173 3074 mani

2304 3016 2496 3072 έκειτο.
2532 3018 2630 3073 Καὶ
2692 3017 2765 3077 ὡς
2825 3013 3125 3090 Ἀγλαΐδας
3176 3016 3203 3069 6
3261 3022 3360 3084 τῆς
3421 3016 3718 3084 Ἰουστίνης
3771 3008 3915 3068 δεινὸς

542 3112 732 3151 coram
770 3100 1139 3158 multitudine
1172 3108 1408 3177 magica:
1444 3106 1585 3162 artis
1617 3125 1735 3162 suae
1770 3109 1945 3162 libros
1977 3108 2175 3162 allatos

2303 3104 2553 3179 ἐραστὴς,
2606 3106 2896 3179 ἀποτυχὼν
2945 3105 3018 3158 ὧν
3071 3100 3389 3173 ἐσπούδαζε,
3421 3104 3549 3159 τότε
3605 3101 3669 3170 δὴ
3714 3100 3795 3155 καὶ
3838 3096 3914 3151 αὐ-

541 3183 790 3240 ﬂammis
834 3190 1155 3252 tradiderit.
1189 3169 1446 3249 acvbona
1489 3196 1729 3264 insuper
1776 3212 1877 3250 sua
1918 3198 2174 3265 pauperi-

2295 3195 2388 3258 τὸς
2416 3196 2507 3248 τόν
2540 3216 2595 3249 τε
2639 3197 2683 3231 ⁹²
2733 3192 2970 3249 πλοῦτον
3019 3195 3210 3264 πένησι
3257 3190 3520 3265 διανέμει,
3554 3195 3641 3247 καὶ
3680 3195 3776 3244 τῶν
3816 3184 3911 3241 δαι-

540 3272 651 3327 bus
682 3275 1061 3344 distribuerit,
1094 3287 1270 3351 atque
1309 3284 1379 3336 ad
1412 3285 1869 3339 Christianorum
1906 3286 2038 3339 inde
2070 3302 2173 3339 cce-

2299 3286 2475 3355 μόνων
2508 3285 2582 3342 ὡς
2615 3283 2912 3354 ἀπατηλῶν
2964 3283 3243 3357 ἀλογήσας
3304 3283 3370 3337 τά
3418 3286 3759 3359 Χριστιανῶν
3804 3278 3912 3331 ἀντι

542 3368 661 3415 tum
694 3372 1042 3436 aggregatus
1073 3371 1149 3423 sit
1187 3387 1201 3423 :
1261 3371 1541 3426 Eusebius
1574 3381 1766 3428 autem
1802 3374 1916 3442 hic,
1951 3374 2051 3441 ait,
2084 3392 2175 3429 sa-

1848 3376 1916 3442 ic,
1951 3374 2051 3441 ait,
2084 3392 2180 3429 sa-
2295 3370 2571 3442 ηλλὰξατο
2617 3372 2776 3429 Οὕτω
2815 3372 2905 3427 καὶ
2944 3373 2972 3426 6
3007 3370 3253 3445 δεύτερος
3286 3371 3476 3447 λόγος,

548 3453 787 3507 cerdotii
830 3455 1110 3526 dignitate
1157 3470 1467 3516 exornatus
1512 3470 1653 3517 erat.
1699 3465 1933 3518 Accedit
1981 3465 2273 3534 quomodo
2304 3464 2597 3528 Agluidas,
2633 3465 2821 3535 gravis
2882 3465 2978 3518 ille
3034 3464 3281 3518 Justinae
3344 3480 3578 3534 procus,
3638 3477 3765 3517 cum
3820 3456 3909 3511 voti

542 3557 781 3612 compos
842 3544 1031 3599 factus
1074 3564 1184 3602 non
1230 3556 1403 3617 esset,
1458 3552 1609 3607 bona
1666 3569 1895 3623 quoque
1937 3553 2176 3608 fortuna
2228 3552 2577 3623 pauperibus
2631 3555 2828 3608 omnia
2882 3554 3224 3624 erogaverit,
3270 3562 3323 3609 et
3381 3553 3743 3608 daemonibus
3795 3553 3904 3601 tan-

543 3648 716 3702 quam
766 3633 1167 3705 deceptorihus
1224 3641 1429 3697 nuntio
1462 3644 1725 3707 remisso.
1758 3644 2101 3699 Christianis
2156 3660 2313 3699 sesse
2367 3644 2549 3699 sacris
2608 3642 2892 3699 addixerit
2951 3658 2964 3699 :
3025 3644 3081 3697 in
3128 3659 3243 3713 quo
3301 3646 3546 3697 secundi
3608 3640 3734 3697 libri
3789 3636 3903 3692 finis

542 3727 649 3778 est.

612 3813 843 3870 Tertius
866 3816 1113 3886 denique
1130 3821 1469 3893 martyrium
1495 3823 1898 3895 complectitur
1915 3824 2067 3879 beati
2082 3824 2185 3896 Cy-

2364 3822 2420 3875 'O
2475 3819 2531 3875 δὲ
2586 3821 2767 3896 τρίτος
2825 3822 2887 3876 τὸ
2949 3820 3248 3894 μαρτύριον
3305 3825 3401 3875 τοῦ
3440 3821 3597 3894 ἁγίου
3632 3816 3908 3891 Κυπριανοῦ

542 3902 752 3973 priani,
786 3912 838 3960 et
870 3904 1041 3961 clarae
1071 3908 1313 3980 virginis
1343 3910 1611 3980 Justinae,
1638 3917 1737 3985 qui
1771 3913 2099 3969 Docletiano
2130 3918 2175 3968 et

2294 3910 2383 3965 καὶ
2416 3912 2711 3979 Ἰουστίνης
2741 3918 2841 3979 τῆς
2878 3908 3312 3982 καλλιπαρθένου
3349 3910 3558 3983 μετρεῖ,
3602 3910 3653 3964 οἳ
3706 3902 3906 3978 ἐμαρτῦ-

542 3993 856 4050 Maximino
880 3994 1071 4050 ltomaa
1097 3999 1537 4070 imperantibus,
1573 4010 1755 4058 morte
1782 4005 2175 4059 testimonium

2296 4020 2464 4075 ρησαν
2512 3998 2905 4069 Διοκλητιανοῦ
2967 3998 3053 4053 καὶ
3111 4000 3455 4070 Μαξιμιανοῦ
3504 4002 3608 4067 τήν
3655 3992 3909 4067 Ῥωμαίων

543 4083 815 4140 dixerunt
844 4086 997 4141 fidei.
1032 4086 1154 4142 Una
1176 4089 1330 4144 enim
1358 4091 1428 4145 ad
1464 4094 1721 4164 martyrii
1748 4094 1995 4149 lauream
2028 4095 2176 4150 abre

2292 4088 2473 4162 ἀρχὴν
2533 4087 2794 4162 ἐχόντων.
2829 4086 3246 4166 Συνελτζφθησαν
3286 4084 3331 4140 δ’
3364 4084 3453 4141 ἐπὶ
3521 4088 3585 4143 τὸ
3649 4083 3908 4158 μαρτύριον

546 4174 625 4241 pti
660 4179 798 4228 sunt
832 4192 843 4241 ;
877 4175 1196 4247 Cyprianus
1227 4180 1458 4249 quidem
1496 4198 1564 4236 ex
1597 4182 1782 4253 patria
1812 4188 1868 4237 et
1898 4186 2041 4238 urbe
2070 4186 2179 4239 An-

2296 4179 2322 4231 6
2359 4178 2451 4249 μὶν
2495 4176 2543 4248 ἐξ
2577 4178 2940 4251 Ἀντιοχείας,
2974 4177 3039 4244 ἧς
3090 4177 3179 4230 καὶ
3233 4175 3368 4249 μετᾶ
3396 4178 3666 4248 ’Ἃνθιμον
3714 4174 3796 4227 τὸν
3842 4169 3910 4238 ἀρ·

542 4260 776 4329 tiochia,
812 4263 979 4332 cujus
1010 4265 1183 4320 etiam
1230 4268 1787 4340 archiepiscopatum
1824 4276 1952 4340 post
1980 4272 2175 4326 Anthi-

2295 4269 2605 4341 χιερατικὸν
2664 4264 2808 4321 ἴθυνε
2856 4267 3074 4339 θεσμὸν,
3125 4267 3222 4334 τήν
3299 4264 3467 4333 αὐτὴν
3548 4266 3639 4319 καὶ
3716 4255 3914 4332 πατρίδα

547 4364 708 4403 mum
757 4351 1240 4420 administrarat;
1284 4356 1510 4411 Iustina
1551 4374 1683 4413 vero
1732 4359 2059 4427 Damasco;
2108 4360 2180 4415 ibi

2297 4354 2511 4430 λαχὼν,
2546 4358 2579 4423 ἡ
2624 4353 2679 4409 δὲ
2710 4354 2769 4409 ἐκ
2808 4359 3095 4428 Δαμασκοῦ
3131 4372 3143 4387 ⁸
3179 4354 3287 4408 ἐκεῖ
3337 4354 3439 4430 γὰρ
3499 4362 3602 4423 τῆς
3655 4349 3913 4423 Ἀντιόχου

544 4436 698 4492 enim
766 4437 887 4506 illa,
919 4447 1228 4514 postquam
1264 4446 1565 4501 Antiochia
1623 4448 1895 4519 migrarat
1952 4450 2103 4519 (quae
2134 4455 2177 4504 et

2298 4449 2601 4517 μεταστᾶσα
2650 4443 2805 4516 (αὕτη
2854 4441 2911 4498 δὲ
2958 4444 3046 4498 καὶ
3087 4448 3154 4517 τῇ
3205 4442 3455 4518 παρθένῳ
3483 4445 3614 4515 [217
3644 4446 3683 4498 Η
3716 4446 3731 4513 ]
3762 4438 3914 4511 ἐχρη-

545 4524 675 4595 ipsa
706 4526 945 4599 virginis
974 4532 1159 4602 patria
1190 4536 1332 4603 erat)
1373 4534 1565 4605 palam
1598 4536 1895 4591 Christum
1929 4537 2178 4607 professa

2302 4533 2491 4606 μάτιζε
2556 4535 2774 4607 πατρὶς)
2838 4532 2929 4587 τὸν
2990 4532 3225 4606 Χριστὸν
3316 4530 3581 4606 ἐκήρυσσε
3654 4528 3913 4601 λαμπρῶς.

545 4618 651 4670 est.
688 4616 789 4672 His
820 4618 901 4673 ita
929 4622 1129 4690 captis,
1151 4638 1283 4676 cum
1317 4623 1481 4695 impii
1507 4623 1601 4678 ille
1629 4625 1883 4680 hominis
1904 4627 2178 4682 sermoni-

2301 4620 2716 4699 Συλληφθὲντες
2746 4619 2824 4690 δὲ,
2858 4622 2885 4675 6
2921 4623 3013 4695 μὶν
3048 4624 3121 4694 μὴ
3164 4623 3487 4695 πειθόμενος
3528 4626 3646 4682 τοῖς
3692 4622 3783 4673 τοῦ
3812 4612 3919 4669 δυσ-

544 4705 656 4761 bus
688 4706 831 4761 nihil
872 4720 1218 4778 moveretur,
1252 4712 1494 4767 vinculis
1542 4712 1601 4767 in
1644 4714 1894 4769 sublime
1926 4715 2071 4785 rapti
2104 4716 2177 4771 la-

2298 4706 2580 4772 σεόοῦντος
2615 4710 2803 4787 λόγοις
2862 4710 3131 4783 μετέωρος
3183 4708 3402 4783 δεσμοῖς
3450 4709 3661 4783 αἶ’ρεται
3707 4707 3790 4760 καὶ
3840 4702 3919 4787 τᾲς

545 4801 665 4854 tera
696 4799 1001 4866 raduntur,
1037 4801 1155 4857 haec
1214 4808 1405 4859 autem
1467 4804 1641 4859 boum
1691 4806 1879 4861 nervis
1924 4784 2178 4863 creditur.

2298 4798 2537 4875 πλευρὰς
2592 4784 2768 4869 {eam
2799 4802 2864 4869 ⁸³,
2906 4802 2939 4868 ἡ
2974 4797 3031 4855 δὶ
3065 4798 3378 4873 βουνεύροις
3430 4798 3711 4855 τύπτεται.
3740 4796 3823 4854 Ὧς
3875 4784 3923 4842 δῖ

546 4886 759 4944 Verum
794 4890 887 4946 ubi
920 4890 1167 4946 nihililli
1192 4894 1261 4948 de
1282 4894 1609 4949 constantia
1626 4895 1918 4951 remittere
1939 4901 2179 4967 tyranno

2297 4888 2529 4962 οὐδεμία
2585 4887 2792 4952 ἔνδοσις
2852 4889 2904 4944 ἐν
2961 4888 3148 4953 αὐτοῖς
3224 4890 3327 4944 ὑπὸ
3388 4892 3485 4943 τοῦ
3555 4887 3919 4963 τυραννοῦντος

542 4977 834 5044 videntur,
861 4978 918 5033 in
952 4980 1275 5035 custodiam
1309 4997 1405 5036 eos
1436 4998 1699 5037 seorsum
1736 4984 2005 5039 reductos
2036 5000 2175 5039 com-

2296 4977 2555 5054 ἐνωρᾶτο,
2599 4977 2867 5055 φυλακαῖς
2915 4980 3009 5051 μὲν
3053 4978 3178 5034 τότε
3225 4978 3675 5053 κεχωρισμένους
3729 4974 3922 5041 me“?

540 5067 746 5140 pingit.
781 5067 946 5125 Unde
980 5078 1104 5138 post
1136 5076 1419 5134 evocatos,
1447 5088 1577 5126 cum
1611 5072 1802 5127 verbis
1835 5073 2046 5128 frustra
2064 5078 2173 5128 ten-

2292 5067 2461 5143 γνύει,
2516 5069 2631 5123 εἶτα
2696 5066 3219 5141 μετακαλεσάμενος,
3278 5066 3392 5121 ἐπεὶ
3469 5065 3663 5140 λόγοις
3747 5062 3924 5134 πειρῶν

539 5161 737 5226 tasset,
772 5159 831 5214 in
872 5176 1078 5215 aeream
1141 5162 1491 5232 sartaginem
1532 5162 1700 5233 (pice,
1735 5162 2015 5231 adipe.ao
2055 5180 2172 5218 cera

2293 5158 2460 5214 πάλιν
2507 5158 2904 5237 ἀπετύγχανεν,
2937 5159 2987 5213 ἐν
3040 5158 3237 5233 χαλκῷ
3278 5156 3500 5232 τηγάνῳ
3543 5158 3749 5224 πίσσης
3779 5152 3821 5187 ³⁸
3847 5143 3925 5203 καὶ

540 5240 601 5295 in
651 5244 849 5301 eadem
904 5246 1082 5302 simul
1132 5245 1339 5317 mistis,
1388 5249 1689 5319 multoque
1744 5250 1876 5319 igne
1916 5253 2173 5319 accenso}

2296 5250 2512 5312 στέατος
2560 5249 2650 5305 καὶ
2700 5253 2874 5323 κηροῦ
2933 5247 3247 5325 βληθέντων
3306 5247 3396 5303 καὶ
3454 5244 3679 5315 πολλῆς
3737 5239 3927 5322 φλογὸς

1872 5403 2109 5461 VARIIE
2148 5405 2560 5464 LECTIONES.

609 5541 659 5623 ξδ
714 5544 881 5623 σοφόν
912 5550 968 5623 ΔΑ
1016 5545 1382 5623 εῃφιλόσοφον
1434 5569 1479 5609 ς.
1631 5545 1695 5623 δέΔ
1737 5551 1781 5607 Α
1834 5566 1847 5605 :
1887 5546 2071 5623 καίᾲς.
2147 5549 2207 5623 "7
2239 5554 2370 5623 post
2397 5549 2661 5623 ’Ῑουστίνῃ
2709 5566 2841 5607 cum
2874 5552 2920 5607 Α
2951 5550 3123 5623 omisi
3174 5545 3533 5623 ἄπικρούσθη.
3567 5540 3627 5599 δέ
3656 5547 3703 5602 Α
3737 5560 3751 5601 :
3782 5539 3840 5596 τό
3889 5555 3930 5599 ς.

609 5566 659 5577 “’”
717 5566 881 5619 σοφον
928 5566 968 5601 Α
1016 5566 1028 5602 τ
1080 5566 1382 5623 φιλοσοφον
1434 5569 1479 5609 ς·
1555 5566 1595 5584 ’¹
1631 5566 1688 5603 οε
1737 5566 1781 5607 Λ
1834 5566 1847 5605 ε
1887 5568 1979 5602 και
2023 5567 2071 5610 ς.
2147 5566 2190 5585 "
2280 5566 2661 5623 οειίουστινῃ
2709 5566 2841 5607 cum
2874 5566 2920 5607 Α
2951 5566 3123 5607 omisi
3174 5566 3533 5623 απεκρουσυη.
3567 5566 3627 5599 οε
3656 5566 3703 5602 Α

538 5616 586 5651 ⁸⁸
617 5614 860 5684 ὑπήκοον
893 5620 959 5673 Α.
1037 5616 1085 5653 ⁹⁰
1116 5617 1376 5693 ἀθέμιστα
1408 5628 1476 5676 Α.
1552 5620 1597 5654 ⁹¹
1632 5618 1820 5695 λόγοις
1854 5642 1897 5682 ς,
1975 5621 2019 5656 ⁸³
2057 5639 2115 5674 τε
2146 5566 2280 5678 adtf.
2312 5625 2381 5678 Α.
2458 5622 2504 5657 ⁸³
2532 5622 2700 5691 eam
2732 5642 2778 5683 ς.
2858 5624 2902 5659 ⁸⁸
2929 5620 3127 5692 πίσσης
3164 5626 3210 5678 Α
3246 5639 3260 5679 :
3296 5620 3428 5684 μετὰ
3452 5619 3650 5687 πίσσης
3684 5637 3732 5677 ς.
