4136 6216
244 263 360 321 541

1329 265 1876 328 BIBLIOTHECA.
1927 301 2001 311 —-
2045 270 2216 329 COD.
2267 269 2600 330 CLXXXV.

3555 263 3671 322 543

249 395 586 470 ἀναφθείσης
643 389 914 468 ἐμϐάλλει
970 395 1098 458 τοὺς
1160 397 1437 472 μάρτυρας
1506 399 1733 473 Κυρίου.
1786 402 1911 475 Ἐγ-

2033 408 2312 475 martyres
2346 403 2439 459 Dei
2473 403 2741 473 conjecit.
2777 400 2860 456 lbi
2907 415 3035 455 cum
3069 400 3298 456 athletas
3329 397 3415 453 illi
3451 397 3669 454 fortiter

247 484 657 557 καρτερούντων
688 482 745 539 δὲ
773 489 884 540 τῶν
925 484 1181 556 ἀθλητῶν
1213 490 1280 560 τῇ
1318 488 1554 561 βασάνῳ,
1590 488 1804 560 μᾶλλον
1859 487 1906 544 δ’

248 573 326 637 ὡς
376 572 430 627 ἐν
489 569 668 648 δρόσῳ
726 571 968 651 φαιδρῶς
1023 576 1152 631 Θεὸν
1214 576 1346 651 ὑπὲρ
1407 575 1483 631 ὧν
1533 579 1582 613 9⁵
1625 579 1908 650 κρείσσους

249 661 460 718 ὀδυνῶν
522 663 760 739 ἐγίνοντο
820 661 1173 735 δοξαζόντων,
1203 669 1326 734 1420
1357 670 1397 724 li
1427 669 1446 740 ]
1475 669 1795 731 Ἀθανάσιός
1823 691 1905 732 τις

247 752 442 814 ἄθλιος
499 751 774 825 δαιμόνων
849 755 1023 829 ἱερεὺς
1096 756 1186 810 καὶ
1255 761 1352 811 τοῦ
1429 758 1576 812 Θείου
1644 757 1904 834 πρότερον

249 846 494 912 συνήθης
557 846 889 917 Κυπριανοῦ,
950 841 1200 918 σῦνεδρῦς
1260 867 1320 900 τε
1384 849 1426 883 ⁸⁸
1487 843 1746 918 τηνικάδε
1811 853 1908 902 τοῦ

248 931 586 1001 κολάζοντος
653 932 1041 1008 χρηματίζων,
1099 935 1330 1005 ἀπονοίᾳ
1415 934 1644 1006 ληφθεὶς
1701 934 1911 1008 ἐτόλμα

259 1021 462 1097 βαίνειν
516 1021 599 1076 ἐπὶ
648 1027 746 1077 τοῦ
796 1024 988 1097 πυρὸς,
1027 1022 1156 1086 τοὺς
1213 1024 1457 1089 οἰκείους
1487 1023 1908 1097 ἐπιεαλοόμενος

251 1112 410 1173 θεοὺς
448 1111 512 1179 ⁸⁷,
549 1111 859 1186 σμικρύνειν
887 1113 950 1167 τὸ
1000 1114 1180 1184 θαῦμα
1243 1113 1298 1168 ἐν
1350 1119 1429 1186 τῷ
1492 1112 1618 1186 μηδ’
1652 1112 1808 1169 αὐτόν
1858 1136 1910 1169 τι

247 1202 442 1254 παθεῖν
503 1197 928 1273 διατεινόμενος.
963 1203 1034 1257 Τὸ
1088 1199 1146 1256 δὲ
1201 1201 1368 1257 πλέον
1428 1200 1658 1273 ηὔξετοο
1720 1202 1912 1258 αὐτίκα

248 1289 356 1364 γάρ
408 1290 569 1351 οὗτος
624 1290 796 1364 πυρὸς
858 1287 1067 1360 δαπάνη
1119 1292 1209 1345 καὶ
1257 1291 1425 1368 τέφρα
1472 1291 1766 1350 ἐδείκνυτο.
1801 1294 1916 1364 Ἐξ-

251 1381 541 1454 απορήσας
592 1376 650 1434 δὲ
694 1380 722 1434 ὁ
770 1379 1020 1449 κολάζων
1059 1379 1391 1452 ἀναπέμπειν
1425 1377 1561 1454 ἔγνω
1591 1381 1718 1442 τοὺς
1770 1382 1912 1454 μάρ-

245 1487 420 1540 τυρας
462 1467 597 1542 πρὸς
646 1467 1062 1538 Διοκλητιανὸν.
1097 1469 1312 1543 γράψας
1361 1468 1449 1524 καὶ
1494 1469 1528 1522 ἅ
1571 1489 1629 1523 τε
1693 1469 1913 1524 πάθοιεν

244 1555 343 1612 καὶ
399 1557 476 1618 ὡς
542 1557 823 1632 κρείττους
896 1563 1082 1612 πασῶν
1138 1560 1181 1595 ⁸⁸
1235 1558 1339 1612 είσι
1416 1558 1677 1632 βασάνων.
1727 1560 1789 1616 Ὀ
1859 1558 1916 1614 δὲ

246 1651 428 1702 ταῦτα
477 1645 530 1701 ἐν
581 1650 649 1720 τῇ
699 1646 1054 1719 Νικομήδους
1106 1645 1359 1719 διαγνοὺς
1409 1650 1738 1722 προστάσσει
1778 1650 1914 1722 πρὸς

2020 495 2078 549 in
2111 497 2470 552 cruciatibus
2505 497 2910 567 perdurarent,
2943 509 3008 548 ac
3042 493 3235 563 potius
3259 493 3418 547 velut
3448 491 3510 546 in
3541 502 3671 545 rore

2024 587 2223 652 Deum,
2259 589 2408 658 quod
2459 584 2767 640 tormentis
2812 583 3143 655 superiores
3173 583 3520 647 evasissent,
3554 578 3673 635 laeti

2022 673 2340 740 laudarent,
2357 673 2717 729 Athanasius
2749 671 2987 743 quidam
3026 671 3221 738 miser,
3237 671 3565 724 daemonum
3583 684 3675 723 sa-

2023 765 2416 832 cerdos,beato
2430 766 2710 836 Cypriano
2724 770 2892 820 antea
2906 762 3313 835 perfamiliaris
3325 768 3398 824 ,et
3411 776 3673 816 assessor

2022 858 2146 909 tum
2183 856 2324 908 forte
2349 855 2560 923 iudicis
2581 859 2870 909 tormenta
2900 852 3221 920 inferentis,
3255 851 3468 906 mentis
3499 849 3675 906 cmci-

2024 947 2665 1011 tatccorreptus,ausus
2696 947 2802 1008 est,
2839 944 2977 996 deos
3012 958 3149 996 suos
3171 941 3488 996 familiares
3521 939 3672 994 invo-

2023 1049 2183 1097 cans,
2209 1035 2266 1086 in
2299 1031 2492 1103 ignem
2515 1048 2746 1102 quoque
2764 1031 3012 1101 ingredi,
3038 1032 3136 1086 sed
3162 1031 3300 1084 dum
3323 1028 3669 1084 miraculum

2023 1126 2335 1176 extenuare
2376 1122 2600 1185 nititur,
2635 1121 2681 1176 si
2715 1127 2773 1176 et
2807 1121 2929 1188 ipse
2959 1120 3086 1174 sine
3119 1136 3270 1175 noxa
3300 1118 3515 1174 ibidem
3552 1134 3676 1188 per-

2025 1211 2284 1277 duraret,
2317 1211 2504 1280 magis
2532 1208 2677 1264 illud
2708 1209 2888 1264 auxit.
2922 1209 3236 1264 Confestim
3268 1208 3419 1264 enim
3447 1209 3518 1263 ab
3542 1207 3677 1280 igne

2027 1301 2380 1370 absumptus
2422 1302 2481 1354 in
2531 1301 2783 1356 cinerem
2831 1316 3030 1356 versus
3082 1307 3186 1355 est.
3222 1298 3505 1354 Haesitans
3537 1313 3675 1369 ergo

2019 1390 2220 1459 judex,
2256 1389 2511 1444 decrevit
2541 1396 2827 1461 martyres
2859 1390 2933 1445 ad
2967 1389 3384 1444 Diocletianum
3420 1388 3669 1453 mittere,

2028 1485 2084 1534 et
2097 1480 2164 1534 ad
2183 1485 2468 1547 eum,tum
2483 1494 2610 1550 qua;
2631 1478 3008 1550 pertulissent
3024 1481 3458 1544 lormenta,tum
3479 1493 3677 1548 quem-

2028 1567 2343 1622 admodum
2398 1567 2586 1637 pcenis
2635 1571 2833 1622 essent
2860 1567 3131 1622 omnibus
3161 1565 3508 1635 superiores,
3545 1581 3676 1636 per-

2027 1657 2300 1712 scribere.
2334 1657 2470 1722 Quae
2501 1673 2632 1710 cum
2659 1655 3334 1727 imperatorNioomediie
3356 1654 3679 1710 intellexis-

246 1740 335 1808 τῷ
381 1737 773 1810 παρακειμένῳ
828 1735 897 1810 τῇ
944 1736 1108 1792 πόλει
1158 1741 1393 1810 ποταμῷ
1445 1736 1686 1806 (Γάλλος
1715 1736 1760 1792 δ’
1793 1739 1919 1798 ὠνό,

2033 1752 2137 1814 set,
2173 1746 2444 1815 praecepit
2504 1751 2783 1816 martyres
2840 1745 2909 1799 ad
2963 1744 3216 1801 vicinum
3276 1743 3402 1798 urbi
3436 1743 3675 1810 ﬂumen,

253 1833 464 1899 μαστο)
518 1828 618 1890 τάς
681 1826 920 1906 κεφαλὰς
983 1829 1114 1890 τοὺς
1193 1829 1468 1902 μάρτυρας
1520 1827 1918 1901 ἀποτμηθῆναι.

253 1918 371 1972 Σὺν
427 1919 512 1979 οἷς
568 1919 658 1972 καὶ
727 1919 1046 1980 Θεόκτιστος
1114 1918 1362 1993 αὖθωρὸν
1447 1916 1603 1996 ὤφθη
1694 1920 1921 1992 μάρτυς,

251 2003 500 2081 ἔλεγχον
549 2005 722 2082 εὑρὼν
773 2013 874 2075 τῆς
959 2003 1233 2070 εὐσεϐείας
1315 2009 1379 2062 τὸ
1448 2005 1918 2084 προσφθέγξασθαι

252 2100 340 2165 τῷ
392 2096 635 2169 μάρτυρι
690 2095 907 2170 Κυρίου.
941 2097 1021 2154 Τά
1076 2094 1134 2151 δὶ
1200 2094 1427 2170 λείψανα
1453 2101 1562 2153 τῶν
1599 2098 1764 2171 ἁγίων
1795 2101 1921 2152 ναῦ-

251 2184 346 2239 ταί
408 2205 553 2247 τινες
608 2183 714 2240 ἀπὸ
745 2186 970 2259 Ῥώμης
1036 2183 1506 2260 ἐπιδεδήμηκότες
1561 2185 1706 2259 ἄρτι,
1747 2187 1821 2240 ὠν
1851 2187 1918 2255 ἧν

255 2274 484 2349 ἑταῖρος
509 2273 597 2328 καὶ
629 2275 657 2329 ὁ
689 2276 892 2348 μάρτυς
927 2277 1269 2345 Θεὸκτιστος,
1305 2275 1463 2329 οὗτοι
1512 2273 1763 2337 λαθόντες
1791 2276 1919 2336 τοὺς

258 2362 516 2439 φύλακας
572 2361 853 2419 ἀνείλοντο
919 2365 1008 2419 καὶ
1069 2363 1144 2426 εἰς
1195 2365 1418 2436 Ῥώμην
1474 2364 1827 2434 ἀπεκόμισαν,
1868 2363 1920 2418 ἐν

253 2454 295 2525 ᾗ
325 2451 422 2506 καί
451 2454 577 2513 ναὸς
607 2451 792 2514 αὐτοῖς
839 2452 1205 2527 περικαλλὴς,
1239 2452 1464 2528 έγγίζων
1515 2458 1595 2526 τῷ
1646 2451 1918 2509 Κλαυδίου

254 2543 444 2620 ρόρῳ,
493 2541 788 2616 ἀνηγέρθη,
836 2538 997 2618 ἔργον
1056 2541 1342 2619 Ῥουφίνης
1407 2538 1822 2622 εὐσεϐόφρονος,
1854 2545 1921 2612 ἧς

251 2633 320 2686 τό
365 2631 526 2705 γένος
557 2631 633 2693 εἷς
662 2632 724 2685 τὸ
763 2629 1042 2688 Κλαυδίου
1085 2627 1348 2688 διέϐαινεν
1401 2633 1561 2706 αἷμα.
1594 2635 1773 2689 Ταῦτα
1830 2632 1920 2687 καὶ

253 2723 286 2777 ὁ
320 2721 374 2758 ⁸⁸
405 2722 588 2797 τρίτος
619 2720 804 2799 λόγος.

1012 2814 1176 2870 ΡΘΕ’.

442 2900 725 2955 Διονυσίου
767 2896 979 2976 Αἰγέως
1019 2906 1330 2956 Δικτυακῶν
1368 2900 1634 2978 κεφάλαια
1675 2907 1737 2976 ρ’.

330 2992 680 3064 Ἀνεγνώσθη
764 2995 780 3030 ί
864 2985 1210 3066 βιϐλιδάριον
1305 2992 1584 3048 Διονυσίου
1680 2992 1918 3064 Αἰγέως,

253 3084 586 3137 Δικτυακῶν
635 3079 942 3158 ἐπιγραφὴν
990 3075 1142 3154 ἔχον,
1189 3080 1241 3135 έν
1300 3082 1346 3154 ᾦ
1393 3080 1662 3161 κεφάλαια
1717 3081 1919 3158 περιεί-

259 3171 457 3239 ληπτο
502 3170 592 3224 τὸν
649 3169 880 3245 ἀριθμὸν
922 3177 986 3243 ρ’.
1023 3175 1246 3244 Πρῶτον
1287 3171 1371 3226 ὅτι
1419 3170 1470 3242 ἐξ
1511 3172 1836 3250 ἀμφοτέρων
1885 3173 1920 3240 ἡ

251 3264 362 3315 τοῦ
409 3258 717 3331 σπέρματος
745 3255 1028 3330 καταϐολὴ
1072 3260 1162 3315 καὶ
1212 3261 1504 3338 ζωογονία,
1537 3259 1782 3337 δεύτερον
1839 3260 1920 3316 ὅτι

254 3349 370 3403 οὐκ
401 3344 452 3419 ἐξ
480 3347 802 3424 ἀμφοτέρων
836 3369 850 3383 ·
883 3349 1066 3424 τρίτον
1117 3349 1202 3405 ὅτι
1233 3349 1324 3427 ἀφ’
1363 3348 1498 3404 ὅλου
1525 3355 1623 3405 τοῦ
1671 3351 1926 3424 σώματος

250 3440 291 3506 ἡ
323 3439 435 3491 τοῦ
465 3437 774 3510 σπέρματος
825 3433 1065 3514 ἔκκρισις
1115 3438 1342 3515 γίνεται,
1375 3437 1634 3514 τέταρτον
1681 3439 1764 3494 ὅτι
1823 3440 1923 3495 οὐκ

251 3527 353 3605 ἀφ’
403 3524 560 3595 ὅλου,
590 3524 718 3581 ἀλλ’
774 3525 883 3581 ἀπὸ
946 3529 1054 3580 τῶν
1112 3523 1357 3600 διδύμων
1394 3545 1407 3560 ⁸
1453 3534 1489 3581 ε’
1537 3526 1619 3582 ὅτι
1669 3529 1704 3597 ἡ
1763 3527 1923 3602 πέψις

253 3613 539 3689 θερμασίᾳ
593 3614 823 3688 γίνεται,
875 3615 917 3677 ς’
949 3613 1031 3669 ὅτι
1083 3614 1175 3669 καὶ
1233 3617 1254 3650 ²
1289 3618 1324 3684 ἠ
1386 3614 1546 3689 πέψις
1607 3615 1668 3670 οὓ
1724 3615 1926 3693 γίνεται

253 3702 540 3778 Θερμασίᾳ
569 3721 582 3735 ο
615 3708 654 3772 ζ’
693 3703 776 3758 ὅτι
826 3704 1003 3777 τρίψει
1052 3706 1086 3773 ἡ
1118 3705 1302 3779 πέψις,
1343 3705 1395 3775 η’
1422 3706 1515 3760 καὶ
1545 3705 1628 3759 ὅτι
1661 3704 1722 3760 οὖ
1747 3705 1928 3780 τρίψει

251 3795 294 3862 ἡ
328 3791 504 3865 πέψις
536 3810 551 3824 ·
586 3793 630 3846 θ’
661 3793 746 3848 ὅτι
779 3789 1015 3863 ἰδιότητι
1046 3792 1350 3868 πνεύματος
1379 3795 1414 3864 ἡ
1447 3793 1630 3868 πέψις,
1664 3795 1696 3849 ι’
1725 3794 1815 3850 καὶ
1843 3795 1928 3850 ὅτι

257 3883 371 3938 οὐκ
407 3879 645 3952 ἰδιότητι
675 3881 981 3954 πνεύματος
1021 3886 1055 3953 ἡ
1087 3883 1248 3956 πέψις
1280 3903 1292 3915 ’
1330 3884 1395 3938 ια’
1426 3883 1509 3938 ὅτι
1550 3886 1712 3958 σήψει
1741 3887 1776 3953 ἡ
1825 3885 1930 3941 πέ-

257 3977 390 4047 ψις,
427 3973 496 4045 ιβ’
525 3971 615 4027 καὶ
647 3972 734 4027 ὅτι
773 3970 835 4028 οὐ
895 3975 1055 4046 σηψει
1097 3975 1131 4042 ἡ
1172 3975 1334 4048 πέψις
1366 3990 1379 4005 °
1419 3975 1485 4049 ιγ’
1515 3972 1598 4028 ὅτι
1631 3974 1927 4048 θερμασίας

255 4059 514 4132 ἰδιότητι
555 4064 588 4130 ἡ
622 4060 807 4135 πέψις,
852 4059 914 4116 ιδ’
941 4062 1031 4116 καὶ
1063 4061 1145 4117 ὅτι
1171 4063 1234 4117 οὐ
1268 4067 1465 4141 χυμῶν
1499 4060 1734 4133 ἰδιότητι
1766 4066 1802 4133 ἡ
1835 4063 1931 4119 πέ-

256 4154 364 4222 ψις
403 4170 415 4182 ³
453 4151 511 4205 ιε’
549 4149 634 4205 ὅτι
686 4147 929 4226 διαφέρει
977 4152 1038 4206 τὸ
1087 4151 1286 4226 θερμὸν
1328 4152 1606 4222 ποιότητι,
1644 4154 1708 4216 ις’
1740 4152 1822 4207 ὅτι
1869 4153 1929 4208 οὐ

256 4236 518 4312 διαφέρει
573 4241 638 4294 τὸ
698 4240 898 4313 Θερμὸν
956 4240 1261 4309 ποιότητι·
1315 4242 1376 4309 ιζ’
1433 4239 1514 4295 ὅτι
1583 4240 1848 4314 θερμασίᾳ
1894 4243 1928 4309 ἡ

251 4325 549 4394 ἀνάδοσις,
583 4338 654 4397 ιη’
686 4328 776 4382 καὶ
809 4328 894 4382 ὅτι
926 4328 990 4383 οὐ
1049 4327 1313 4403 Θερμασίᾳ
1349 4347 1360 4360 ·
1399 4330 1461 4383 ιϐ’
1493 4328 1577 4383 δτι
1611 4331 1646 4397 ἡ
1680 4326 1931 4390 ἀνάδοσις

244 4419 322 4473 τὸ
358 4418 466 4484 την
523 4418 823 4491 θερμασίαν
861 4419 991 4488 [218
1037 4419 1131 4491 Η.]
1162 4417 1242 4496 ἐφ’
1274 4418 1468 4488 ἑαυτὴν
1515 4414 1717 4486 ἕλκειν,
1749 4419 1794 4473 κ’
1841 4419 1931 4473 καὶ

2035 1837 2128 1889 cui
2164 1833 2350 1889 I29!)
2379 1833 2543 1888 Gallo
2593 1849 2830 1899 nomen,
2863 1833 3050 1904 capite
3075 1832 3346 1888 truncari.
3397 1831 3536 1886 Cum
3559 1831 3674 1897 his,

2032 1929 2090 1980 et
2117 1924 2318 1979 eadem
2353 1923 2481 1993 ipsa
2513 1923 2656 1977 hora
2703 1921 3074 1978 Theoctistus
3106 1923 3218 1993 (45)
3261 1921 3518 1992 martyrii
3552 1921 3677 1990 pal-

2032 2029 2188 2068 mam
2238 2011 2481 2081 accepit,
2517 2011 2750 2082 pietatis
2799 2028 2918 2066 sua:
2953 2010 3061 2068 hoc
3104 2010 3228 2067 solo
3275 2012 3406 2065 dato
3435 2009 3675 2074 indicio,

2030 2103 2180 2174 quod
2203 2109 2518 2174 martyrem
2551 2101 2761 2156 Christi
2778 2099 3104 2156 salutasset.
3123 2099 3673 2171 Reliquiasistorum

2030 2202 2362 2248 sanctorum
2416 2196 2605 2245 nautae
2639 2190 2876 2262 quidam
2928 2190 3115 2245 Roma
3163 2206 3229 2245 eo
3264 2204 3451 2260 nuper
3480 2187 3676 2255 delati,

2031 2285 2250 2355 quibus
2280 2289 2337 2340 et
2367 2284 2742 2339 Theoctistus
2774 2289 2994 2354 martyr
3035 2299 3179 2337 usus
3210 2283 3398 2336 fuerat
3429 2279 3680 2335 familia-

2030 2374 2191 2441 riter,
2219 2372 2368 2428 olam
2398 2372 2745 2428 custodibus
2777 2371 3159 2437 abstulerunt,
3196 2371 3560 2439 Romamque
3589 2383 3684 2423 ve-

2029 2466 2256 2528 xerunt,
2292 2462 2390 2516 ubi
2439 2467 2496 2518 et
2553 2461 2864 2534 pulchrum
2915 2460 3056 2531 ipsis
3117 2459 3400 2527 templum
3451 2457 3681 2512 Claudii

2032 2552 2154 2607 foro
2179 2552 2507 2622 proximum
2551 2552 2889 2614 excitatum,
2921 2566 3094 2620 opera
3128 2548 3348 2602 Rufina:
3409 2547 3513 2616 pias
3555 2561 3676 2599 ma-

2031 2644 2234 2708 tronae,
2266 2655 2394 2709 qua:
2417 2637 2648 2708 generis
2680 2639 2917 2709 stirpem
2962 2654 2994 2690 a
3039 2634 3277 2691 Claudio
3324 2635 3680 2704 imperatore

2031 2730 2346 2803 repetebat.
2381 2729 2444 2785 Et
2469 2729 2591 2784 haec
2611 2729 2847 2800 quidem
2883 2728 3025 2782 libro
3059 2727 3244 2783 tertio.

2701 2815 3000 2872 CLXXXV.

2470 2908 2720 2977 Dionysii
2768 2907 2922 2976 Eget
2968 2905 3252 2976 Dictyaca.

2104 2997 2237 3067 Legi
2293 2996 2516 3052 bellum
2565 2995 2823 3065 Dionysii
2871 2994 3055 3065 Egei,
3085 2994 3179 3048 cui
3225 2993 3486 3062 Diclyaca
3541 2991 3683 3045 titu-

2035 3086 2129 3142 lus
2161 3093 2268 3151 est,
2293 3085 2482 3155 capita
2513 3084 2624 3154 (44)
2657 3090 2892 3139 centum
2926 3081 3537 3152 cemprehendentem.
3562 3077 3683 3132 Pri-

2036 3191 2193 3230 mum
2225 3179 2314 3230 est
2345 3175 2415 3229 ab
2448 3181 2697 3243 utroque
2746 3177 2983 3244 parente
3015 3187 3213 3226 semen
3260 3168 3471 3236 emitti,
3493 3166 3685 3238 gigni-

2032 3280 2143 3334 que
2172 3263 2406 3318 animal.
2434 3264 2490 3319 2.
2523 3262 2881 3322 Secundum,
2903 3261 2960 3314 id
2997 3277 3110 3317 non
3144 3260 3215 3316 ab
3249 3265 3497 3329 utroque
3531 3256 3678 3312 ﬁeri.

2033 3354 2085 3408 3.
2129 3353 2169 3406 E
2227 3357 2347 3408 toto
2400 3367 2638 3421 corpore
2687 3349 2934 3407 seminis
2981 3349 3105 3404 ﬁeri
3155 3347 3564 3404 excretionem.
3621 3347 3677 3402 4.

2033 3441 2160 3498 Non
2209 3457 2239 3496 e
2278 3445 2398 3497 toto
2443 3457 2702 3513 corpore,
2737 3441 2837 3497 sed
2886 3456 2916 3495 e
2948 3440 3216 3495 testibus.
3263 3439 3319 3494 5.
3352 3434 3684 3492 Concoctio-

2035 3546 2167 3586 nem
2227 3546 2328 3599 per
2356 3529 2606 3586 calorem
2656 3530 2802 3586 fieri.
2833 3531 2887 3584 6.
2922 3527 3369 3584 Concoctionem
3412 3541 3526 3579 non
3563 3523 3690 3579 ﬁeri

2036 3635 2138 3690 per
2166 3617 2441 3675 calorem.
2469 3619 2524 3675 7.
2559 3621 2668 3673 Per
2689 3619 2952 3673 attritum
2987 3616 3106 3672 sive
3135 3614 3531 3670 subactionem
3566 3612 3692 3684 [ali-

2038 3708 2240 3778 menti]
2269 3707 2702 3763 concoctionem
2755 3707 2902 3762 ﬁeri.
2931 3705 2984 3760 8.
3014 3704 3135 3759 Non
3169 3703 3313 3758 ﬁeri.
3345 3703 3399 3757 9.
3449 3700 3686 3771 Propria

2036 3796 2278 3868 spiritus
2324 3795 2557 3865 [calore]
2613 3796 2909 3852 concoctio
2955 3795 3034 3848 tit.
3094 3793 3178 3846 10.
3231 3791 3288 3844 ld
3349 3793 3538 3862 negat.
3597 3789 3682 3844 11.

2038 3884 2457 3941 Putret‘actione
2512 3884 2943 3941 concoctionem
2996 3882 3140 3936 fieri.
3206 3881 3290 3936 12.
3323 3879 3504 3945 Negat
3544 3878 3673 3932 hoc.

2039 3976 2127 4030 13.
2181 3974 2404 4031 Caloris
2461 3975 2573 4046 (45)
2631 3973 2978 4044 proprietate
3037 3970 3467 4027 concoctionem
3525 3982 3678 4023 esse.

2041 4066 2127 4122 14.
2160 4063 2284 4119 Non
2325 4079 2628 4119 succorum
2677 4062 3027 4134 proprietate
3069 4058 3502 4116 concoctionem
3536 4056 3684 4112 ﬁeri.

2041 4155 2126 4209 15.
2161 4153 2427 4210 Calorem
2479 4152 2734 4207 nativum
2769 4155 2839 4208 ad
2873 4150 3207 4222 qualitatem
3256 4150 3570 4228 pertinere.
3597 4146 3690 4209 16.

2040 4243 2301 4300 Calorem
2351 4242 2539 4297 illium
2566 4241 2636 4296 ad
2668 4240 2818 4296 hanc
2867 4257 2979 4296 non
3015 4237 3430 4312 pertinere.1‘l.
3470 4236 3574 4292 Per
3593 4251 3691 4292 ca-

2040 4334 2221 4389 lorem
2255 4331 2380 4386 ﬁeri
2432 4329 2694 4386 ciborum
2727 4329 3132 4401 digestionem.
3172 4327 3254 4382 18.
3291 4327 3445 4381 [dem
3495 4332 3687 4395 negat.

2045 4420 2131 4477 19.
2168 4418 2559 4492 Digestionem
2593 4433 2662 4473 ex
2701 4433 2766 4472 eo
2799 4417 2920 4474 fieri
2967 4416 3101 4488 (46),
3133 4415 3290 4486 quod
3321 4412 3477 4468 calor
3504 4412 3580 4467 ad
3627 4426 3690 4481 se

247 4510 352 4563 ὅτι
400 4507 502 4561 οὐκ
539 4505 825 4585 ἐφέλκεται
863 4508 926 4562 τὸ
975 4508 1173 4581 θερμόν
1216 4527 1228 4539 ·
1261 4515 1344 4562 κα¹
1383 4506 1466 4563 ὅτι
1533 4512 1612 4580 τῷ
1667 4507 1919 4580 πνεύματι

2039 4509 2252 4565 trahat.
2284 4509 2375 4562 20.
2410 4506 2537 4564 Non
2571 4507 2859 4563 attrahere
2882 4505 3154 4564 calorem.
3185 4503 3277 4559 2|.
3313 4501 3528 4574 Spiritu
3563 4499 3688 4556 ﬁeri

246 4600 288 4667 ἡ
329 4595 620 4665 ἀνάδοσις,
658 4597 745 4672 κβ’
777 4597 866 4652 καὶ
907 4596 990 4650 ὅτι
1024 4595 1086 4656 οὗ
1142 4601 1222 4669 τῷ
1265 4598 1532 4670 πνεύματι
1565 4599 1600 4666 ἡ
1633 4595 1880 4659 ἀνάδοσις
1911 4615 1925 4629 ·

242 4688 339 4761 κγ’
379 4687 467 4740 ὅτι
510 4683 578 4757 τῇ
635 4690 745 4740 τῶν
804 4685 1080 4760 ἀρτηριῶν
1119 4687 1406 4758 παραθέσει
1465 4687 1500 4754 ἡ
1549 4683 1821 4752 ἀνάδοσις,
1853 4682 1932 4740 κδ’

243 4777 354 4830 καὶ
402 4774 489 4829 ὅτι
522 4773 586 4829 οὐ
614 4777 684 4850 τῇ
712 4779 822 4830 τῶν
878 4776 1157 4850 ἀρτηριῶν
1205 4776 1496 4851 παραθέσει
1545 4777 1579 4844 ἡ
1633 4773 1881 4837 ἀνάδοσις
1915 4797 1932 4810 ο

2041 4598 2449 4668 digestionem.
2494 4598 2587 4652 22.
2623 4597 2774 4652 Idem
2825 4598 3013 4667 negat.
3054 4594 3144 4647 26.
3187 4594 3548 4648 Arteriarum
3579 4606 3690 4661 ap-

2043 4686 2356 4760 plicatione
2389 4685 2776 4758 digestionem
2804 4685 2946 4742 fieri.
2977 4684 3068 4740 24.
3103 4683 3161 4738 Id
3189 4686 3382 4753 negat.
3401 4681 3490 4736 25.
3524 4679 3688 4745 Quod

2043 4793 2144 4848 per
2174 4776 2490 4845 defectum,
2523 4775 2624 4847 qui
2668 4790 2802 4831 cum
2832 4774 3120 4830 vacuitate
3150 4777 3260 4836 est,
3292 4769 3538 4842 digestio
3570 4768 3687 4823 ﬁat.

1628 4874 1868 4932 νΑΒιΑς
1903 4874 2311 4933 LECTIONES.

329 4963 858 5025 κῶνΑεοῦς.
936 4964 1078 5019 ⁹⁶τε

1149 4964 1352 5021 malim
1404 4959 1481 5018 δέ.
1558 4962 1606 4997 ’7
1653 4963 1808 5025 θεούς
1845 4967 1939 5021 A:
1983 4964 2138 5024 θεοὺς
2178 4961 2266 5015 καί
2319 4981 2367 5022 ς.
2449 4962 2495 4998 9⁸
2525 4963 2734 5034 πασῶν]

2783 4962 3028 5016 ἀπάντων
3059 4965 3124 5018 Α.
3166 4962 3211 4997 ’³
3246 4959 3274 5015 ὁ
3307 4959 3441 5016 add.
3520 4957 3539 4992 ί
3571 4956 3692 5012 Ἀν-

241 5038 526 5112 εγνώσθη
585 5067 651 5079 -
708 5037 815 5093 130
843 5037 892 5106 b,
922 5037 1014 5092 23.
1058 5028 1342 5090 ἀνεύθυνον
1397 5051 1515 5093 om.
1553 5039 1618 5091 A.
1653 5036 1871 5108 quippe
1929 5052 2058 5108 qua:
2117 5037 2269 5091 infra
2309 5035 2461 5104 (cod.
2488 5035 2616 5107 211)
2647 5028 2970 5092 recurrant.
3047 5033 3070 5069 ²
3101 5032 3184 5088 ὅτι
3213 5029 3327 5102 καί]
3357 5032 3537 5087 immo
3593 5028 3682 5083 καὶ

243 5112 374 5167 δτι.

1887 5197 2092 5256 NOTAE}

329 5308 460 5378 (43)
490 5307 678 5377 Cujus
721 5322 908 5378 neque
954 5306 1014 5362 in
1072 5305 1241 5360 Rom.
1294 5305 1576 5430 Martyrol.
1611 5308 1714 5361 aut
1757 5304 1940 5362 Graeco
2051 5306 2176 5362 cod.
2209 5305 2334 5361 211.

329 5382 552 5430 maloa.
576 5393 766 5430 necne
819 5380 968 5430 anud
1004 5379 1068 5430 D.
1099 5378 1364 5430 Nazianz.
1401 5393 1431 5430 u
1465 5377 1515 5430 la
1555 5377 1794 5430 mentio.
1831 5378 1938 5430 Eu-
2120 5377 2236 5430 (4-5)
2269 5379 2334 5430 Co

245 5382 552 5448 Νικαιαν.
576 5393 766 5450 neque
819 5380 968 5449 apud
1003 5379 1068 5432 D.
1099 5378 1364 5433 Nazianz.
1401 5393 1431 5431 u

243 5454 501 5510 dociam
533 5448 721 5506 tamen
757 5448 996 5506 secutus
1025 5454 1115 5506 est
1141 5451 1286 5506 Sim.
1317 5448 1695 5519 Metaphrast.

332 5524 463 5593 (44)
484 5522 699 5578 Omnia
728 5521 853 5578 haec
867 5521 1053 5593 capita
1074 5522 1314 5578 totidem
1339 5536 1483 5592 pene
1505 5520 1719 5589 verbis,
1739 5519 1935 5577 addita

247 5598 565 5655 duntaxat
642 5609 890 5651 censura
959 5593 1316 5662 brevissima,
1373 5595 1718 5665 repetuntur
1793 5593 1928 5648 infr.

1465 5377 1515 5431 la
1555 5377 1794 5432 mentio.
1831 5378 1938 5433 Eu-

2120 5377 2236 5448 (45)
2262 5377 2404 5450 βοά.
2436 5375 2564 5450 211,
2591 5375 2706 5450 inf.
2731 5377 3028 5450 utriusque
3059 5375 3265 5433 horum
3296 5374 3551 5448 capitum
3585 5374 3687 5433 ad-

2047 5447 2224 5520 versa
2244 5448 2559 5520 disputatio
2588 5447 2898 5520 indicatur.

2115 5519 2224 5592 (46)
2255 5515 2487 5576 Εκόοᾶ.
2522 5521 2648 5587 211,
2679 5518 2804 5592 lego
2831 5520 2925 5578 hic
3141 5515 3342 5576 ἕλκειν.
