4136 6216
503 329 618 385 543

1703 321 1972 384 ΡΗΟΤΙΙ
2018 322 2542 382 PATRIAHCHE
2587 325 2707 385 (ΖΡ.

3789 334 3912 392 544

498 458 588 512 26.
623 457 746 512 Νοιι
781 471 878 526 per
906 454 1196 511 defectum
1251 454 1534 510 incertum
1567 453 1687 511 sive
1727 470 2138 526 quemcunque

2253 453 2327 508 κε’
2373 455 2455 508 δτι
2503 457 2572 528 τῇ
2617 453 2753 507 κατὰ
2814 453 2876 507 τὸ
2924 451 3076 508 κενὸν
3130 451 3361 524 ἀπουσίᾳ
3409 457 3444 524 ἡ
3509 454 3787 530 ἀνάδοσις,
3839 463 3919 515 κε’

501 547 879 619 digestionem
941 546 1081 602 ﬁeri.
1133 547 1223 600 27.
1269 544 1684 601 Glaucedinem
1742 561 1810 600 ex
1868 561 1933 601 eo
1984 545 2146 613 oriri,

502 637 649 707 quod
687 641 912 691 meatus
945 635 1180 691 visu-alis
1211 633 1484 691 alimento
1512 635 1884 690 destituatur.
1918 638 2006 691 28.
2036 639 2145 691 Ne-

502 729 600 798 gat
630 725 708 781 id.
743 727 831 779 29.
853 725 958 780 Per
980 723 1284 796 sanguinis
1307 723 1655 795 illapsumin
1683 724 1964 780 visualem
1994 742 2146 782 mea-

500 823 646 880 tum,
679 813 1075 885 glaucedinem
1103 813 1244 868 ﬁeri.
1279 813 1349 866 30
1403 817 1586 883 Negat
1618 814 1692 867 id.
1727 813 1815 870 31.
1850 815 2144 869 Crassitie.

503 904 811 958 humerum
865 909 1041 973 atque
1106 903 1476 957 exhalatione
1533 905 1934 973 glaucedinem
1999 904 2142 964 ﬁeri.

463 995 694 1048 "130a
753 994 841 1048 32.
903 995 1058 1048 Idem
1113 992 1428 1047 inﬁciatur.
1479 993 1568 1047 33.
1610 992 1998 1047 Phrenitidem
2048 1010 2147 1064 per

499 1083 790 1154 meningis
805 1082 1246 1147 distonsionem,
1272 1081 1696 1152 sanguinisque
1709 1083 2043 1152 corruption
2057 1101 2078 1136 ει
2091 1100 2141 1138 m

501 1173 643 1228 ﬁeri.
705 1172 791 1225 34.
855 1171 1246 1226 Phrenitidem
1305 1173 1385 1224 ita
1441 1170 1566 1225 ﬁeri
1626 1175 1889 1240 negatur.
1950 1171 2040 1226 35.
2105 1172 2146 1226 E

500 1261 708 1314 caloris
761 1260 943 1314 nimia
1000 1258 1354 1313 abundantia
1418 1258 1807 1328 phrenitidem
1867 1260 2146 1316 accidere.

498 1348 586 1402 36.
623 1349 781 1412 Quod
835 1347 1098 1418 sequitur
1139 1355 1310 1417 caput
1353 1348 1504 1402 idem
1564 1355 1754 1418 negat.
1787 1350 1875 1402 37.
1913 1347 2145 1404 Contin-

499 1453 632 1508 gere
667 1436 1054 1508 phrenitidem
1102 1453 1172 1491 ex
1220 1437 1702 1491 inflammatione.
1744 1437 1832 1491 38.
1878 1438 2143 1509 Negatur.

500 1529 586 1585 39.
623 1529 968 1599 Lethargum
1003 1527 1462 1582 inﬂammatione
1485 1528 1668 1598 gigni.
1704 1529 1793 1582 40.
1828 1528 1953 1583 Mox
1989 1531 2145 1585 idem

499 1622 691 1689 negat.
725 1619 812 1671 41.
853 1617 1255 1687 Lsthargicum
1318 1617 1583 1670 morbum
1631 1617 1982 1672 distentione
2027 1619 2143 1675 ﬁeri

499 1715 550 1760 et
583 1707 972 1777 corruptione.
1016 1706 1103 1759 42.
1145 1705 1549 1774 Lethargicurn
1577 1722 1690 1759 non
1723 1706 1795 1760 ob
1821 1707 2143 1762 multitudi°

500 1812 656 1860 nem,
683 1796 781 1850 sed
816 1797 886 1849 ob
914 1794 1247 1866 qualitatem
1279 1810 1497 1862 eorum,
1521 1812 1650 1865 quae
1671 1794 2019 1849 exhalantur
2050 1813 2144 1850 ac-
2179 1835 2225 1898 Β

499 1886 704 1941 cidere.
741 1886 830 1939 43.
863 1886 1081 1939 Edendi
1117 1885 1465 1955 bibendique
1520 1885 1839 1954 appetitum
1875 1892 1990 1940 toto
2022 1903 2144 1941 cor-

499 1991 635 2044 pore
683 1974 951 2028 diffundi.
992 1974 1078 2029 44.
1111 1972 1234 2027 Non
1271 1972 1328 2026 in
1381 1979 1497 2027 toto
1532 1989 1771 2043 corpore
1820 1974 1978 2029 hunc
2018 1991 2146 2030 esse

499 2064 842 2134 appetitum,
887 2063 987 2118 sed
1037 2065 1090 2117 in
1126 2063 1446 2117 stomacho.
1483 2063 1568 2117 45.
1605 2063 1821 2118 Edendi
1872 2065 2146 2119 bibendi-

498 2170 609 2223 que
641 2152 963 2223 appetitum
998 2152 1055 2206 in
1096 2152 1509 2223 imaginatione
1536 2169 1685 2207 esse.
1722 2154 1809 2208 46.
1841 2153 2005 2208 sitim
2043 2172 2146 2209 na-

498 2245 582 2298 sci
616 2260 682 2298 cx
715 2244 1023 2298 bumorum
1051 2242 1393 2314 indigentia.
1418 2243 1652 2299 47.Non
1676 2244 1732 2298 in
1770 2245 2140 2301 humidorum

499 2333 723 2387 defectu
749 2332 903 2387 sitim
937 2347 1086 2387 esse.
1123 2333 1209 2386 48.
1245 2331 1541 2401 Duplicem
1574 2334 1889 2403 quamdam
1924 2351 2052 2390 esse
2083 2335 2143 2390 in

497 2421 798 2478 stomacho
847 2422 1264 2493 operationem.
1307 2421 1394 2477 49.
1443 2423 1556 2476 Hoc
1610 2428 1802 2494 negat.
1851 2424 1940 2479 50.
1975 2423 2140 2480 Exte-

494 2511 705 2566 riorem
743 2510 903 2565 illam
950 2509 1168 2566 cerebri
1195 2509 1547 2582 pelliculam,
1579 2527 1702 2582 quas
1759 2511 1818 2566 in
1852 2528 1990 2567 cavo
2035 2517 2141 2581 est,

496 2599 850 2670 principium
904 2615 1028 2655 esse
1079 2615 1413 2657 nervorum.
1445 2601 1536 2656 51.
1593 2604 1712 2656 Hoc
1760 2601 1912 2656 idem
1974 2618 2144 2674 nega-

493 2695 606 2746 tur.
637 2691 727 2744 5'2.
788 2695 1107 2745 Pharmaca
1157 2707 1286 2745 cum
1349 2706 1449 2758 per
1496 2707 1706 2762 corpus
1763 2698 2139 2762 sparguntur,

493 2794 764 2851 purgare.
795 2781 882 2836 53.
917 2779 1040 2834 Non
1087 2796 1214 2835 cum
1266 2780 1697 2846 diffunduntur,
1739 2782 1839 2836 sed
1881 2781 2007 2853 ipso
2065 2781 2142 2837 al-

493 2868 662 2940 lapsu
696 2885 802 2924 suo
836 2885 1081 2940 purgare
1112 2869 1339 2925 asserit.
1363 2870 1452 2926 54.
1489 2870 1822 2926 Pharmacis
1853 2872 2137 2927 utendum

492 2973 620 3014 esse
661 2957 1000 3028 purgativis.
1032 2959 1121 3013 55.
1185 2958 1400 3014 Deinde
1449 2958 1503 3014 id
1539 2966 1730 3030 negat.
1784 2959 1875 3014 56.
1917 2959 2137 3016 Venam

492 3045 605 3117 (47)
637 3062 761 3102 esse
799 3046 1195 3103 incidendam.
1229 3048 1319 3101 57.
1352 3047 1475 3103 Non
1524 3063 1651 3104 esse
1690 3047 1789 3102 ait.
1821 3048 1912 3105 58.
1942 3049 2139 3104 Febri-

490 3134 816 3212 citgntibus
849 3153 962 3191 non
1007 3135 1232 3190 utiliter
1271 3136 1486 3206 porrigi
1536 3138 1735 3191 vinum
1788 3137 2014 3192 asserit.
2044 3139 2134 3192 59.

489 3223 666 3278 Recte
700 3224 772 3278 iis
812 3224 1052 3295 przeberi
1104 3225 1323 3279 vinum.
1367 3226 1456 3279 60.
1493 3225 1978 3281 Febricitantibus
2008 3244 2136 3283 esse
2168 3212 2209 3278 C

488 3312 764 3367 balneum
812 3313 1230 3368 adhibendum.
1264 3314 1353 3368 61.
1401 3315 1550 3369 [dem
1586 3320 1778 3385 negat,
1808 3316 1899 3372 6'2.
1951 3315 2135 3388 Opor-

487 3407 608 3456 tere
655 3401 711 3455 in
771 3403 1102 3456 morborum
1164 3403 1543 3458 incrementis
1593 3405 1837 3474 clystere
1892 3406 1994 3460 uti.
2045 3407 2132 3461 63.

489 3488 668 3558 Negat
726 3489 803 3545 id.
863 3491 953 3544 64.
1017 3489 1309 3548 Utendum
1377 3509 1502 3548 esse
1578 3493 2016 3549 inunctionibus
2077 3498 2135 3550 in

487 3578 815 3650 principiis.
849 3580 939 3634 65.
977 3580 1134 3634 Idem
1177 3586 1368 3652 negat.
1400 3582 1488 3636 66.
1531 3580 1652 3636 Non
1688 3598 1812 3638 esse
1840 3589 2015 3654 caput
2041 3601 2136 3640 ca-

487 3667 855 3738 taplasmatis
886 3669 1231 3737 curandum,
1265 3672 1362 3725 sed
1399 3670 1700 3725 olfactoria
1730 3673 2011 3726 duntaxat
2041 3673 2134 3727 ad-

483 3756 757 3813 hibenda.
789 3758 879 3814 67.
914 3757 1197 3813 Utendum
1223 3775 1350 3815 esse
1380 3759 1436 3814 in
1472 3759 1657 3830 capite
1675 3759 2133 3831 cataplasmatis.

483 3847 574 3900 68.
609 3847 744 3910 Qum
787 3848 1071 3902 vomitum
1124 3858 1425 3919 provocent
1464 3851 1688 3916 juvars.
1719 3849 1808 3903 69.
1845 3849 1966 3906 Non
2009 3867 2136 3906 esse

485 3937 770 3991 utendum
802 3936 875 3992 iis
907 3954 1033 4008 quas
1065 3939 1342 3993 vomitum
1367 3938 1643 3994 cient.70.
1661 3941 1768 3995 Cor
1789 3941 2133 4009 sanguinem

488 4042 603 4081 non
681 4025 960 4082 emittere.
1024 4028 1112 4082 71.
1175 4028 1392 4083 Tamen
1463 4028 1518 4084 id
1580 4029 1811 4086 asserit.
1871 4031 1964 4083 72.
2031 4033 2138 4087 Cor

489 4116 762 4184 spiritum
798 4132 912 4171 non
949 4117 1348 4182 emittere,sed
1373 4118 1792 4172 arteriasillum
1820 4119 2132 4174 attrahere.

487 4204 577 4257 73.
608 4205 716 4258 Cor
774 4205 1042 4272 Spiritum
1095 4207 1376 4271 emittere,
1414 4223 1599 4276 neque
1653 4208 1725 4262 ab
1773 4207 1997 4263 arteriis
2049 4212 2137 4263 at-

490 4293 663 4347 trahi.
695 4292 785 4345 74.
837 4294 944 4348 Cor
977 4311 1078 4366 per
1106 4310 1164 4350 se
1214 4296 1451 4349 moveri.
1495 4296 1584 4350 75.
1617 4297 1775 4350 Idem
1820 4296 2136 4351 inﬁciatur.

487 4380 578 4433 76.
622 4382 874 4436 Arterias
921 4401 987 4438 ex
1038 4392 1243 4439 natura
1288 4386 1626 4454 sanguinem
1677 4387 1996 4441 continere.
2042 4388 2131 4442 77.

486 4469 740 4525 Arterias
771 4487 883 4526 non
916 4487 1044 4528 esse
1075 4473 1377 4543 sanguinis
1405 4474 1852 4543 receptaculum.
1878 4473 1970 4531 78.
1995 4475 2134 4530 Om-

2255 544 2345 598 καὶ
2377 543 2460 598 ὅτι
2493 543 2559 596 οὐ
2587 547 2655 614 τῇ
2690 543 2824 598 κατᾶ
2853 543 2914 597 τὸ
2945 540 3150 610 ἄδηλον
3185 544 3419 614 ἀπουσίᾳ
3452 547 3486 614 ἡ
3518 545 3803 612 ἀνάδοσιςο
3836 552 3916 620 κζ’

2258 632 2341 688 ὅτι
2374 630 2443 687 δι’
2485 633 2742 709 ἀτροφίαν
2774 630 2870 687 τοῦ
2903 633 3158 706 ὁρατικοῦ
3205 632 3378 708 πόρον
3418 635 3451 704 ἠ
3485 634 3918 712 ἀπογλασᾶκωσις

2256 725 2482 797 γίνεται,
2516 723 2602 792 κη’
2649 723 2737 776 καὶ
2797 721 2880 776 ὅτι
2940 721 3000 776 οὐ
3068 718 3139 775 δι’
3190 723 3445 799 ἀτροφίαν
3499 729 3594 779 τοῦ
3655 726 3916 801 ὁρατικοῦ

2257 813 2429 886 πόρου
2461 815 2494 880 ἡ
2530 809 2948 884 ἁπογλαὺκωσις
2979 811 3182 886 γίνεται
3215 832 3226 844 ·
3268 815 3346 867 κΘ’
3379 812 3460 868 ὅτι
3511 818 3645 870 κατὰ
3693 818 3914 891 παρέμ-

2258 922 2463 956 πτωσιν
2485 899 2719 973 α’ίματος
2750 901 2827 962 εἰς
2869 901 2961 955 τὸν
3013 901 3264 974 ὁρατικὸν
3310 902 3476 978 πόρον
3527 906 3560 972 ἡ
3621 904 3915 981 ἀπογλαῦ-

2257 1010 2426 1050 κιυσις
2477 988 2702 1066 γίνεται,
2735 987 2784 1043 λ’
2814 988 2904 1044 καί
2954 989 3037 1044 δτι
3086 991 3148 1044 οὑ
3198 992 3333 1045 κατᾶ
3390 993 3778 1067 παρέμπτωσιν
3827 993 3914 1049 αἶ’-

2265 1100 2428 1152 ματος
2461 1079 2535 1142 εἷς
2566 1079 2656 1134 τὸν
2683 1078 2933 1151 ὁρατικὸν
2963 1080 3131 1153 πόρον
3167 1081 3200 1148 ἡ
3234 1079 3654 1154 ἀπογλαύκωσις
3677 1086 3908 1157 γίνεται·

2261 1167 2343 1224 λα’
2382 1169 2464 1223 δτι
2515 1170 2629 1222 καθ’
2679 1169 2856 1244 ὑγρῶν
2907 1169 3088 1242 πάχος
3140 1169 3230 1222 καὶ
3264 1167 3525 1238 διαπνοὴν
3555 1174 3586 1241 ἡ
3621 1172 3916 1247 ἀπογλαύ-

2257 1280 2426 1320 κωσις
2457 1260 2683 1333 γίνεται,
2717 1256 2806 1333 λβ¹
2845 1259 2934 1312 καὶ
2967 1258 3050 1312 ὅτι
3111 1259 3172 1313 οὗ
3220 1260 3340 1314 καθ’
3377 1261 3552 1334 ὑγρῶν
3595 1263 3778 1337 πὶχος
3823 1263 3914 1317 καὶ

2259 1344 2520 1416 διαπνοήν
2563 1351 2596 1416 ἡ
2631 1345 3053 1424 ἃπογλαῦκωσις
3101 1347 3302 1420 γίνεται
3338 1367 3350 1380 ⁸
3401 1350 3528 1420 [421
3580 1352 3673 1424 IL]
3707 1349 3793 1425 λγ’
3827 1351 3913 1406 ὅτι

2258 1440 2292 1506 ἡ
2326 1443 2562 1513 φρενῖτις
2609 1438 2743 1491 κατὰ
2802 1433 3076 1490 διάστασιν
3125 1443 3224 1505 τῆς
3289 1440 3548 1512 μήνιγγος
3579 1441 3668 1494 καὶ
3702 1441 3914 1515 φθορὰν

2256 1531 2352 1580 τοῦ
2409 1524 2641 1599 α’ίματος
2681 1526 2908 1600 γίνεται,
2956 1523 3036 1580 λδ¹
3090 1525 3179 1580 καὶ
3221 1528 3302 1580 ὅτι
3353 1526 3414 1581 οὐ
3475 1525 3561 1582 διὰ
3622 1529 3827 1599 τκῦτην
3873 1532 3908 1598 ἡ

2259 1621 2498 1692 φρενῖτις
2547 1616 2753 1689 γίνεται
2795 1612 2871 1669 λε’
2912 1615 2995 1668 ὅτι
3043 1617 3178 1670 κατᾶ
3219 1616 3510 1689 θερμασίας
3560 1617 3915 1692 πλεονασμὸν

2259 1706 2293 1769 ἡ
2354 1711 2590 1778 φρενῖτις
2653 1700 2957 1778 συμϐαίνει,
2990 1704 3065 1768 λς’
3095 1705 3182 1759 καὶ
3243 1704 3326 1760 ὅτι
3377 1706 3437 1760 οὗ
3499 1705 3586 1761 δια
3633 1712 3794 1763 τοῦτο
3831 1705 3919 1778 λς’

2258 1795 2342 1848 ὅτι
2373 1791 2460 1848 διὰ
2492 1791 2804 1869 φλεγμονὴν
2837 1795 2869 1862 ἡ
2923 1799 3160 1868 φρενῖτις
3207 1791 3513 1866 συμϐαίνει,
3549 1793 3637 1866 λη’
3667 1797 3755 1850 καὶ
3821 1799 3912 1852 ὃτι

2257 1883 2320 1936 οὐ
2353 1880 2442 1936 διὰ
2473 1882 2788 1960 φλεγμονήν
2823 1902 2835 1914 ⁸
2873 1881 2952 1937 λΘ’
2992 1882 3075 1936 ὅτι
3109 1884 3136 1937 6
3171 1883 3446 1959 λήθαργος
3478 1885 3612 1940 κατᾶ
3651 1883 3915 1961 φλεγμο-

2255 1973 2350 2040 νὴν
2399 1972 2623 2046 γίνεται,
2674 1973 2725 2044 μ’
2775 1971 2864 2025 καὶ
2913 1971 2994 2026 ὅτι
3040 1973 3067 2026 ὃ
3113 1971 3388 2047 λήθαργος
3426 1973 3485 2028 οὗ
3529 1975 3726 2049 γίνεται
3767 1977 3914 2030 κατὰ

2256 2061 2568 2136 φλεγμονήν
2597 2081 2610 2094 ο
2646 2063 2734 2132 μα’
2766 2061 2848 2116 δτι
2894 2062 3028 2116 κατᾶ
3059 2058 3331 2116 διάστασιν
3362 2064 3413 2117 οἱ
3457 2062 3783 2138 ληθαργικοὶ
3816 2065 3912 2119 καὶ

2255 2153 2454 2228 φθοράν
2477 2173 2488 2183 ·
2527 2152 2617 2224 μβ¹
2640 2152 2721 2206 ὅτι
2754 2149 3090 2224 ληθαργικὸς
3122 2151 3183 2207 οὐ
3220 2152 3358 2232 παρᾶ
3386 2154 3449 2207 τὸ
3481 2153 3718 2224 πλῆθος,
3751 2152 3915 2210 ἀλλα

2253 2243 2352 2311 τὴν
2403 2241 2670 2311 ποιότητα
2716 2245 2821 2295 τῶν
2875 2238 3274 2314 διαπνεομένων
3334 2237 3617 2315 συμϐαίνει
3653 2265 3664 2275 ⁸
3703 2245 3794 2317 μγ⁹
3827 2244 3919 2298 δτι

2254 2332 2375 2404 περὶ
2417 2329 2548 2385 ὅλον
2603 2331 2665 2384 16
2724 2332 2947 2402 σῶμαή
3008 2326 3182 2404 ὄρεξις
3249 2335 3344 2385 τοῦ
3388 2337 3572 2406 φαγεῖν
3615 2331 3705 2385 καὶ
3767 2338 3923 2387 πιεῖν

2258 2420 2515 2494 ὑπάρχει,
2552 2417 2634 2492 μδ’
2665 2419 2754 2474 καὶ
2787 2419 2868 2474 ὅτι
2902 2419 2961 2474 οὗ
3003 2420 3294 2493 περὶὸλον,
3327 2420 3474 2475 ἀλλᾶ
3504 2422 3624 2492 περὶ
3656 2422 3749 2476 τὸν
3773 2423 3926 2477 -στόο

2257 2527 2434 2582 μαχον
2473 2527 2484 2538 '
2546 2510 2624 2581 με’
2651 2507 2734 2563 ὅτι
2765 2510 2799 2577 ἡ
2833 2511 2928 2561 τοῦ
2985 2513 3171 2586 φαγεῖν
3230 2509 3318 2563 καὶ
3369 2515 3510 2563 πιεῖν
3571 2505 3743 2581 ὄρεξις
3780 2509 3910 2583 περὶ

2254 2595 2494 2652 διάνοιάν
2524 2595 2634 2652 ἐστι
2668 2615 2680 2626 ·
2727 2605 2806 2669 μς¹
2838 2595 2919 2651 ὅτι
2959 2599 3077 2652 καθ’
3112 2599 3286 2672 ὑγρῶν
3333 2595 3536 2652 ἔνδειαν
3587 2598 3794 2670 γίνεται
3847 2601 3914 2654 16

2253 2683 2429 2760 δίψος,
2466 2694 2548 2760 μς
2579 2687 2667 2741 καὶ
2699 2688 2781 2741 ὃτι
2816 2685 2924 2761 οὐχ
2955 2687 3128 2762 ὑγρῶν
3176 2685 3422 2762 ἐλλείψει
3468 2687 3674 2763 γίνεται
3720 2691 3785 2742 16
3823 2685 3916 2742 δί-

2252 2781 2352 2850 ψος
2388 2794 2401 2807 '
2456 2777 2549 2847 μη¹
2579 2775 2660 2830 ὅτι
2693 2776 2815 2850 περὶ
2844 2776 2934 2830 τὸν
2967 2776 3248 2850 στόμαχὸν
3279 2775 3390 2832 ἐστί
3417 2797 3499 2837 τις
3540 2775 3707 2844 διπλῆ
3743 2776 3914 2853 ἐνέρ-

2249 2885 2390 2941 γεια,
2429 2867 2511 2938 μθ⁹
2541 2865 2630 2920 καὶ
2691 2867 2773 2920 ὅτι
2829 2866 2929 2920 οὐκ
2971 2860 3083 2919 ἔστι
3145 2863 3315 2935 διπλῆ
3359 2887 3443 2928 τις
3474 2864 3710 2939 ἐνέργεια
3781 2868 3916 2941 περὶ

2247 2955 2337 3010 τὸν
2369 2955 2650 3029 στόμαχον
2687 2975 2698 2986 ·
2723 2956 2764 3008 ν’
2795 2953 2878 3009 ὅτι
2924 2957 2958 3024 ἡ
2983 2954 3137 3017 ἐκτὸς
3173 2957 3366 3032 μῆνιγε
3399 2958 3432 3025 ἡ
3468 2955 3518 3010 ἐν
3569 2960 3645 3026 τῷ
3693 2954 3914 3010 κοιλώ-

2254 3065 2381 3117 ματι
2415 3047 2559 3118 ὰρχή
2593 3048 2699 3098 τῶν
2737 3045 2938 3118 νεύρων
2981 3043 3131 3100 ἐστι’
3165 3059 3240 3099 να¹
3270 3044 3353 3100 ὅτι
3386 3044 3488 3122 οὑγ
3529 3047 3562 3114 ἡ
3603 3043 3756 3107 ἐκτὸς
3793 3047 3920 3117 μὴ-

2247 3134 2364 3208 νιγξ
2396 3134 2542 3208 ἀρχὴ
2574 3138 2681 3188 τῶν
2721 3135 2923 3208 νεύρων
2978 3132 3086 3188 ἐστί
3125 3154 3136 3166 ⁸
3169 3135 3251 3208 νβ’
3300 3136 3384 3189 δτι
3435 3131 3801 3206 ἆναδιδὸμενα
3841 3136 3917 3189 τὰ

2248 3226 2506 3302 φάρμακα
2536 3221 2800 3297 καθαίρει,
2833 3224 2908 3298 νγ’
2938 3224 3025 3277 ’ὁτι
3067 3223 3167 3278 οὐκ
3225 3220 3586 3298 ἂναδιδὸμενα
3630 3224 3698 3277 τὰ
3755 3225 3914 3299 φάρ-

2249 3312 2574 3386 μακα,ἆλλτὶ
2603 3312 2739 3366 κατὰ
2769 3313 2862 3379 τήν
2887 3311 3238 3385 πρόσπτωσιν
3272 3314 3536 3386 καθαίρευ
3561 3310 3633 3366 νδ⁹
3655 3312 3739 3366 ὅτι
3763 3333 3916 3388 χρη-

2248 3403 2395 3458 στέον
2443 3407 2558 3464 τοῖς
2607 3403 2978 3476 καθαρτικοῖς,
3008 3403 3192 3457 γε’καὶ
3243 3404 3325 3457 ὅτι
3375 3403 3436 3457 οὐ
3470 3403 3740 3477 χρηστέον
3783 3423 3796 3434 ‘
3831 3395 3915 3468 νς,

2247 3494 2329 3547 ὅτι
2381 3488 2727 3569 φλεϐοτομίᾳ
2771 3491 3059 3566 χρηστέον,
3091 3494 3168 3562 νζ’
3202 3494 3289 3547 καὶ
3344 3493 3424 3548 δτι
3477 3492 3538 3547 οὐ
3577 3495 3855 3567 χρηστέον
3891 3514 3905 3528 ⁸

2245 3580 2325 3646 νη¹
2356 3578 2439 3634 ὅτι
2472 3578 2620 3633 οἳνου
2661 3576 2808 3640 δόσις
2840 3579 2900 3632 οὐ
2932 3579 3185 3654 χρησίμη
3219 3579 3305 3634 ἐπὶ
3348 3584 3454 3634 τῶν
3496 3581 3906 3654 πυρεσσὸντων,

2247 3669 2318 3721 νθ’
2348 3669 2433 3722 καὶ
2495 3666 2578 3722 ὅτι
2646 3667 2788 3728 οἶνος
2843 3665 3026 3729 δοτέος
3086 3673 3200 3729 τοῖς
3232 3670 3555 3742 πυρέσσουσι
3589 3688 3600 3699 ⁸
3704 3669 3790 3722 ὅτι
3843 3671 3910 3724 16

2249 3757 2478 3830 λουτρὸν
2519 3762 2632 3818 τοῖς
2693 3756 3044 3831 πυρέσσουσιν
3095 3757 3374 3824 ἐπακτέον,
3423 3759 3611 3828 ξα’καῖ
3661 3759 3742 3811 ὅτι
3803 3759 3909 3814 οὐκ

2246 3845 2500 3901 ἐπακτέον
2534 3865 2545 3876 ·
2581 3847 2659 3919 ξβ¹
2689 3845 2773 3900 ὅτι
2807 3844 2888 3900 δεῖ
2937 3846 2988 3901 ἐν
3046 3854 3164 3909 ταῖς
3217 3848 3490 3903 ἐπιτάσεσι
3540 3845 3790 3916 κλύζειν,
3825 3849 3911 3922 ξγ⁹

2247 3938 2334 3992 καὶ
2377 3936 2456 3992 δτι
2492 3937 2556 3990 οὐ
2589 3934 2672 3991 δεῖ
2703 3957 2715 3969 ο
2747 3934 2819 4008 ξδ’
2850 3938 2932 3991 ὅτι
2966 3937 3047 3991 δεῖ
3092 3937 3144 3992 ἐν
3188 3944 3309 3999 ταῖς
3359 3937 3561 4016 ἀρχαῖς
3608 3936 3904 4011 ἒπαλείψει

2247 4028 2508 4102 χρῆσθαι,
2541 4027 2607 4096 ξε’
2644 4026 2732 4081 καὶ
2766 4025 2849 4081 ὅτι
2884 4027 2946 4080 οὑ
2981 4025 3062 4080 δεῖ
3093 4046 3104 4058 ·
3141 4027 3210 4096 ξς’
3240 4025 3323 4081 ὅτι
3360 4026 3420 4082 οὐ
3458 4025 3541 4081 δεῖ
3568 4025 3901 4081 καταπλάσ-

2247 4138 2354 4171 σειν
2399 4119 2497 4185 τήν
2531 4115 2791 4193 κεφαλὴν,
2827 4114 2972 4170 ἀλλᾶ
3001 4121 3116 4178 τοῖς
3151 4116 3471 4192 ὄσφραντοῖς
3513 4117 3702 4189 μόνοις
3744 4124 3901 4191 χρῆ-

2247 4208 2388 4274 σΘαι,
2423 4206 2611 4278 ξζ¹καῖ
2671 4206 2752 4260 ὅτι
2822 4202 2954 4259 δεῖ³
3011 4207 3249 4282 χρῆσθαι
3299 4204 3754 4276 καταπλασμασιν
3809 4205 3901 4261 ἐπὶ

2244 4302 2344 4363 τῆς
2403 4292 2647 4372 κεφαλῆς
2679 4313 2690 4326 ·
2724 4295 2803 4366 ξη’
2851 4295 2934 4348 ὅτι
2993 4293 3312 4366 ἐμετοπονία
3382 4295 3662 4373 συμφέρει,
3701 4295 3776 4362 ξδ’
3806 4296 3900 4349 καὶ

2245 4384 2327 4438 ὅτι
2361 4383 2421 4437 οὗ
2457 4383 2725 4457 γρηστέον
2761 4382 3078 4454 ἐμετοποιίᾳ
3111 4402 3122 4414 ⁸
3160 4383 3202 4436 ο’
3232 4382 3313 4436 ὅτι
3367 4383 3462 4437 οὐκ
3520 4383 3819 4455 ἐπιπέμπει
3861 4387 3898 4453 ἡ

2243 4471 2437 4547 καρδία
2494 4475 2649 4545 αἷμα,
2711 4473 2788 4526 οα⁹
2820 4472 2907 4526 καὶ
2961 4471 3042 4526 ὅτι
3103 4471 3395 4543 ἐπιπέμπει
3430 4491 3443 4508 ο
3481 4473 3563 4548 οβ’
3593 4471 3675 4526 ὅτι
3715 4473 3832 4548 οὐχ
3863 4477 3898 4542 ἡ

488 4556 584 4611 nia
631 4575 766 4613 vasa
819 4561 912 4614 ubi
948 4561 1276 4633 prominent
1325 4579 1390 4617 ac
1439 4569 1689 4632 turgent,
1723 4562 1934 4633 simpla
1984 4580 2130 4619 esse.

2250 4560 2436 4636 καρδία
2504 4557 2798 4635 ἐπιπέμπει
2846 4562 2908 4615 τὸ
2956 4565 3194 4632 πνεῦμα,
3237 4557 3365 4615 ἀλλ’
3402 4561 3456 4615 αἱ
3506 4561 3759 4635 ἀρτηρίαι
3811 4560 3905 4616 ’ἑλ-

488 4647 576 4702 79.
602 4651 983 4719 Receptacula
1026 4668 1154 4706 esse
1186 4657 1339 4706 texta
1387 4652 1701 4706 involucra.
1749 4653 1838 4706 80.
1873 4653 1976 4706 Per
2009 4671 2134 4708 ner-

486 4751 588 4792 vos
637 4753 874 4793 scnsum
927 4756 992 4794 ac
1042 4741 1232 4796 13οὸ
1281 4746 1504 4795 motum
1556 4740 1772 4812 perlici.
1805 4742 1892 4795 81.
1928 4741 1989 4796 Id
2054 4743 2132 4796 ita

469 4827 608 4883 ﬁeri
642 4833 833 4898 negat.
875 4829 963 4884 82.
996 4830 1286 4886 Venarum
1328 4830 1676 4900 principium
1719 4847 1818 4884 cor
1859 4847 2006 4886 esse.
2039 4833 2128 4886 83.

484 4917 640 4972 Idem
683 4921 876 4973 statim
921 4926 1109 4992 negat.
1139 4921 1227 4975 84.
1262 4919 1437 4976 Jecur
1483 4937 1606 4976 esse
1665 4938 1930 4976 venarum
1968 4925 2130 4993 prin-

483 5008 722 5081 cipium.
757 5009 847 5065 85.
883 5009 1013 5065 Mox
1045 5011 1100 5067 id
1136 5009 1446 5066 inficiatur.
1479 5012 1570 5065 86.
1613 5011 1895 5066 Venarum
1916 5011 2126 5077 princi-

483 5103 641 5172 pium
679 5119 804 5160 esse
847 5104 1254 5162 ventriculum.
1286 5103 1466 5161 87.1d
1491 5120 1620 5160 mox
1650 5103 1875 5160 inficias
1907 5105 1989 5159 ire
2013 5120 2126 5159 non

484 5191 732 5250 dubitat.
764 5193 1384 5265 88.Receptaculorum
1413 5196 1676 5252 omnium
1699 5195 1974 5266 originem
1997 5210 2126 5250 esse

2245 4673 2453 4720 κουσιν,
2487 4653 2566 4726 ογ’
2596 4652 2684 4706 καὶ
2717 4650 2800 4705 ὅτι
2849 4653 2883 4719 ἡ
2932 4647 3124 4722 καρδία
3183 4648 3480 4721 ἐπιπέμπει
3536 4651 3596 4704 τὸ
3657 4655 3899 4722 πνεῦμα,

2243 4741 2333 4795 καὶ
2367 4741 2496 4815 οὐχὶ
2528 4741 2580 4794 αἱ
2612 4740 2863 4815 ἀρτηρίαι
2914 4734 3167 4794 ἕλκουσιν
3211 4759 3225 4772 ⁸
3268 4736 3348 4793 οδ⁹
3389 4740 3471 4792 ’ὁτι
3529 4737 3582 4809 ἐξ
3615 4739 3816 4808 ἑαυτῆς
3859 4743 3896 4810 ἡ

2229 4827 2434 4904 ’καρδία
2464 4834 2708 4895 κινεῖται,
2740 4829 2813 4882 οε¹
2842 4827 2930 4882 καὶ
2981 4829 3062 4882 δτι
3109 4827 3207 4883 οὐκ
3253 4827 3302 4901 ἐξ
3356 4828 3552 4896 ἑαυτῆς
3608 4831 3642 4896 ἠ
3692 4827 3903 4902 καρδία

2239 4925 2466 4974 κινεῖται
2493 4937 2507 4952 ⁸
2549 4919 2622 4980 ος’
2654 4919 2736 4972 ὅτι
2767 4922 2901 4971 κατά
2929 4918 3082 4994 φύσιν
3119 4918 3259 4989 αἷμα
3311 4915 3362 4971 ἐν
3418 4921 3536 4978 ταῖς
3603 4917 3902 4990 ἃρτῃρίαις

2241 5009 2495 5084 ὑπάρχει,
2538 5009 2612 5077 οζ¹
2641 5009 2769 5081 [219
2827 5011 2919 5079 Η.]
2975 5007 3057 5061 ὅτι
3126 5007 3234 5080 οὐχ
3291 5004 3524 5079 αἵματος
3570 5003 3786 5080 ἄγγεῖον
3840 5009 3900 5061 αἱ

2237 5099 2487 5174 ἀρτηρίαι
2519 5116 2532 5130 ⁸
2567 5103 2652 5168 οη¹
2680 5097 2762 5152 ὅτι
2795 5098 2968 5151 πάντα
2997 5096 3062 5151 τὰ
3100 5096 3287 5172 ἀγγεῖα
3340 5093 3390 5148 ἐν
3430 5099 3510 5166 τῷ
3557 5095 3711 5170 ὄγκῳ
3747 5094 3904 5151 ἁπλᾶ

2241 5188 2505 5257 ἐστιν,οΘ¹
2534 5186 2622 5242 καὶ
2683 5186 2763 5242 δτι
2825 5185 2936 5242 ἐστὶ
3001 5186 3065 5240 τὰ
3114 5186 3301 5263 ἀγγεῖα
3345 5181 3638 5263 πλέγματα
3667 5203 3680 5215 ⁸
3725 5193 3780 5238 π’
3810 5186 3900 5241 ὅτι

1841 5301 2082 5358 νΑΒΙιΕ
2113 5297 2522 5358 LECTIONES.

554 5397 576 5435 ι
604 5391 708 5468 δεῖ]
736 5396 867 5456 libri
900 5396 962 5453 οὐ
994 5394 1095 5457 δεῖ.

2041 5488 2270 5547 NOTAE.

558 5588 692 5662 (47).
717 5589 953 5663 AAbsunt
975 5591 1094 5647 haec
1125 5590 1237 5647 duo
1267 5593 1455 5663 capita
1487 5594 1614 5648 cod.
1645 5593 1772 5659 211,
1821 5607 2065 5663 quorum
2100 5590 2223 5648 loco
2258 5589 2323 5646 13
2352 5593 2408 5646 et
2431 5589 2495 5644 14
2539 5589 2746 5662 capitis
2777 5587 3018 5646 adversa
3049 5587 3336 5645 sententia
3364 5583 3484 5642 illi
3517 5581 3896 5658 proponitur.

488 5661 573 5721 Ita
603 5661 858 5736 capitum
887 5663 1190 5733 utrobique
1222 5661 1502 5721 numerus
1530 5664 1682 5721 idem
1714 5661 1985 5720 efﬁcitur.
