4136 6216
461 334 580 392 547

1674 325 1942 388 PHOTII
1990 325 2510 387 PATRIARCHE
2556 324 2674 384 GP.

3729 333 3829 389 518

537 469 732 524 Altera
762 465 1014 522 narratio
1060 465 1130 520 de
1170 462 1408 537 Byblida
1439 463 1780 518 instituitur.
1816 460 1958 517 Filia
1989 461 2101 533 (53)

2293 458 2556 532 Δεύτερον
2612 457 2678 512 τὰ
2725 459 2850 533 περὶ
2903 452 3193 525 Βυϐλίδος,
3225 457 3298 523 ὡς
3349 463 3475 521 παῖς
3507 461 3572 529 ἦν
3601 459 3833 534 Μιλήτῳ,

465 558 586 614 huic
617 557 720 612 fuit
741 556 1191 620 Mileti,t‘ratrem
1207 554 1430 608 habens
1462 555 1745 608 Caunum.
1764 553 2110 606 Habitarunt

472 664 600 702 vero
633 647 890 701 Miletum
925 645 1037 715 (54)
1063 645 1207 698 Asiae
1231 644 1363 714 (55),
1389 659 1561 714 quam
1595 650 1719 712 post
1753 643 1984 712 quide
2019 641 2110 695 lo-

468 757 566 794 ves
598 738 699 803 illi,
735 739 832 808 qui
870 735 1110 791 Athenis
1137 751 1270 790 cum
1305 735 1474 790 Neleo
1505 736 1614 805 (56)
1659 734 1895 806 profecti
1929 741 2109 800 erant,

471 833 805 892 tenuerunt,
830 831 967 880 tunc
998 834 1186 880 autem
1236 826 1404 878 Cares
1443 825 1556 895 (57)
1587 840 1708 878 eam
1759 821 2108 886 incolebant,

470 916 718 989 populus
751 916 1043 986 frequens,
1078 931 1143 969 ao
1173 914 1402 968 vicatim
1424 913 1715 967 habitans.
1745 911 1977 966 Caunus
2002 912 2114 981 (58)

468 1007 562 1060 hic
580 1004 875 1074 impotenti
908 1009 1206 1071 correptus
1228 1017 1421 1056 amore
1445 1000 1700 1072 Byblidis
1721 1000 1959 1068 sororis,
1984 1016 2111 1054 cum

470 1115 537 1154 ea
569 1097 740 1168 potiri
775 1111 890 1151 non
933 1097 1151 1166 posset,
1195 1093 1380 1148 multa
1412 1092 1544 1148 licet
1575 1094 1867 1156 movisset,
1902 1097 2117 1146 terram

473 1187 630 1242 illam
689 1185 970 1241 deseruit.
1003 1184 1113 1249 Qui
1149 1183 1244 1237 ubi
1278 1198 1391 1237 non
1442 1185 1788 1253 comparuit,
1821 1180 2121 1236 doloribus

474 1275 743 1347 plurimis
772 1273 975 1328 all‘ecta
1006 1271 1219 1342 Byblis,
1246 1277 1542 1340 paternam
1563 1276 1618 1325 et
1648 1271 1836 1343 ipsam
1871 1271 2112 1326 domum

473 1363 722 1436 reliquit,
755 1368 811 1418 et
843 1379 942 1434 per
972 1362 1198 1416 deserta
1231 1361 1330 1415 diu
1353 1360 1654 1428 oberrans,
1689 1367 1862 1433 atque
1885 1361 1957 1415 ob
1993 1361 2114 1415 fru-

471 1459 687 1511 stratos
717 1468 944 1508 amores
974 1452 1170 1506 animo
1203 1451 1402 1520 fracta,
1438 1467 1583 1505 nexo
1615 1453 1685 1505 de
1716 1467 1861 1506 zona
1889 1450 2121 1522 laqueo,

471 1563 538 1601 ex
571 1560 718 1598 nuce
748 1543 996 1613 seipsam
1029 1541 1358 1613 suspendit.
1393 1540 1529 1595 Inde
1551 1540 1720 1595 flente
1741 1541 1840 1595 illa
1862 1540 2126 1611 lacrymte

453 1633 790 1706 ﬂuxerunt,
823 1633 1060 1700 fonsque
1094 1631 1226 1684 hinc
1253 1635 1482 1696 enatus,
1508 1646 1680 1700 quem
1716 1629 2126 1700 Byblidaindi-

473 1740 632 1796 genae
666 1722 991 1776 nominant.
1025 1719 1259 1774 Caunus
1301 1720 1424 1787 ipse
1455 1736 1632 1790 vagus
1683 1718 1916 1772 interim
1949 1723 2124 1773 ober-

2219 545 2429 624 ἔχουσα
2451 550 2496 583 ¹⁰
2535 548 2585 620 ἐξ
2617 549 2787 617 αὐτῆς
2820 545 3052 628 ἀδελφὸν
3087 553 3317 605 Καῦνον.
3353 553 3546 628 ’ῼκουν
3581 550 3634 605 δε
3677 550 3835 621 Μίλη-

2219 662 2312 694 τον
2355 646 2455 708 τῆς
2491 638 2696 706 Ἀσίας,
2726 640 2792 707 ἣν
2847 637 3066 712 ὕστερον
3123 640 3215 710 μὶν
3256 641 3442 702 Ἴωνες
3490 640 3577 694 καὶ
3609 641 3644 676 ¹¹
3680 641 3726 694 οἱ
3764 641 3838 695 ἀπ’

2223 733 2468 800 Ἀθηνῶν
2518 730 2653 802 μετᾶ
2703 729 2929 799 Νηλέως
2981 729 3312 804 ὁρμηθέντες
3370 727 3602 802 ᾤκησαν,
3646 732 3757 785 τότε
3803 733 3840 768 ¹³

2224 817 2270 873 δ’
2311 819 2568 892 ἐνέμοντο
2619 813 2999 890 Κᾶρες,ἔθνος
3058 821 3186 891 [220
3244 823 3336 890 Η.]
3398 820 3554 896 μέγα,
3610 818 3838 892 κωμηδὸν

2226 910 2520 971 οἰκοῦντες.
2567 909 2759 980 Καύνῳ
2810 905 2855 962 δ’
2905 905 3043 982 ἔρως
3102 908 3365 985 ἐγείρεται
3431 909 3709 984 ἀμήχανος
3759 917 3839 978 τῆς

2225 996 2466 1075 ἀδελφῆς
2500 994 2773 1060 Βυϐλίδος
2800 1017 2812 1029 ·
2857 997 2931 1059 ὼς
2965 995 3011 1051 δ’
3043 998 3386 1074 ἀπετύγχανε
3417 996 3598 1052 πολλα
3625 1001 3843 1068 κινήσας,

2228 1086 2388 1158 ἔξεισι
2443 1093 2546 1156 τῆς
2608 1093 2712 1160 γῆς
2775 1085 3006 1157 ἐκείνης.
3070 1086 3168 1141 Καὶ
3237 1089 3630 1153 ἀφανισθέντος,
3692 1090 3845 1162 μυρίῳ

2229 1176 2355 1252 ἄχει
2409 1177 2753 1252 κατεχομένη
2815 1178 2850 1246 ἡ
2913 1171 3120 1240 Βυϐλίς
3175 1174 3419 1231 ἐκλείπει
3455 1177 3543 1231 καὶ
3585 1177 3711 1241 αὐτ-η
3763 1179 3844 1246 τήν

2229 1267 2484 1340 πατρῴαν
2544 1265 2738 1335 οἷ’κίαν,
2797 1267 2887 1320 καὶ
2945 1264 3164 1334 πολλὴν
3226 1265 3458 1341 ἐρημίαν
3519 1267 3846 1339 πλανηθεῖσα,

2231 1357 2320 1411 καὶ
2361 1356 2494 1429 πρὸς
2527 1356 2652 1416 τοὺς
2685 1354 2894 1417 ἀτελεῖς
2944 1354 3173 1430 ἱμέρους
3215 1355 3637 1432 ἀπαγορεύουσα,
3670 1358 3851 1431 βρόχον

2231 1447 2330 1515 τὴν
2380 1446 2554 1514 ζώνην
2603 1445 2752 1504 τινὸς
2801 1445 3002 1519 καρύας
3060 1448 3344 1519 καθάψασα
3389 1447 3580 1515 ἑαυτὴν
3636 1445 3852 1518 ἀνήρτη-

2236 1555 2321 1588 σεν
2357 1552 2369 1566 ’
2405 1528 2526 1588 ἔνθα
2566 1531 2632 1603 δὴ
2694 1534 2738 1572 ³³
2794 1532 3095 1603 κλαιούσης
3149 1535 3318 1604 αὐτῆς
3359 1533 3522 1610 ἐρρύη
3572 1534 3635 1588 τὲ
3681 1531 3855 1606 δάκρυα

2235 1625 2321 1677 καὶ
2382 1625 2588 1696 κρήνην
2649 1623 2834 1692 ἀνῆκε,
2870 1619 3114 1679 Βυϐλίδα
3159 1631 3274 1686 τοῖς
3335 1623 3652 1698 ἐπιχωρίοις
3684 1622 3854 1696 ὄνομα.

2239 1717 2439 1774 Καῦνος
2510 1709 2565 1766 δὲ
2645 1713 2688 1749 ¹⁴
2744 1709 3100 1785 πλανώμενος
3143 1713 3217 1775 εἷς
3279 1713 3477 1769 Λυκίαν
3538 1714 3734 1791 φθάνει,
3783 1711 3858 1764 καὶ

472 1824 631 1876 rans,
665 1808 722 1861 in
758 1806 983 1874 Lyciam
1018 1804 1254 1858 tandem
1282 1805 1556 1871 pervenit.
1585 1803 1850 1874 lluicipsi
1884 1803 2119 1871 Pronoe,

2238 1804 2410 1875 τούτῳ
2443 1802 2657 1875 Προνόη
2695 1801 2853 1875 (Ναῒς
2884 1798 2928 1855 δ’
2957 1801 3022 1869 ἧν
3084 1801 3244 1872 αὕτη)
3279 1800 3520 1857 ἀναδῦσα.
3568 1805 3660 1856 τοῦ
3712 1819 3860 1854 ποταο

474 1915 591 1952 una
647 1905 700 1951 et
744 1894 1079 1960 Naiadibus,
1113 1892 1356 1947 flumine
1383 1909 1711 1964 emergens,
1750 1909 1878 1964 qua:
1913 1893 2120 1947 Biblidi

477 1987 822 2042 accidissent
880 1988 1098 2048 narrat,
1134 1988 1309 2052 utque
1371 1998 1564 2037 amore
1603 1984 1676 2036 sit
1723 1989 1920 2037 coacta
1953 1981 2119 2038 mori.

479 2075 694 2130 Suadet
724 2074 957 2143 insuper
986 2071 1096 2125 sibi
1132 2076 1192 2125 ut
1222 2072 1828 2141 connubiojungatur,
1862 2089 1978 2142 quo
1995 2073 2121 2141 ejus

482 2180 593 2218 oras
641 2177 881 2232 regnum
923 2163 1186 2229 occupet,
1215 2159 1368 2229 quod
1413 2159 1468 2213 in
1511 2175 1638 2213 eam
1680 2161 1799 2229 jam
1842 2161 2120 2216 collatum

481 2251 688 2306 fuerat.
733 2249 815 2302 Ita
844 2249 1076 2302 Caunus
1106 2265 1138 2302 ο
1171 2252 1386 2302 Pronoe
1417 2247 1703 2316 JEgialum
1738 2249 1996 2314 sustulit,
2021 2250 2123 2322 qui

485 2345 542 2394 et
572 2340 695 2409 ipse
727 2352 996 2408 regnum,
1017 2342 1178 2407 patre
1196 2335 1490 2400 defuncto,
1518 2337 1735 2391 tenuit:
1770 2337 2125 2409 collectoque

482 2427 697 2500 populo
729 2425 975 2497 sparsim
1031 2425 1350 2490 habitante,
1387 2425 1587 2480 urbem
1620 2425 1845 2481 ﬂumini
1876 2426 2127 2496 imposi-

477 2521 597 2570 tam
629 2513 1001 2569 exaediﬁcavit
1032 2529 1305 2584 magnam
1339 2519 1511 2582 atque
1542 2514 1903 2584 opulentam,
1947 2532 2123 2586 quam

479 2607 548 2659 de
581 2603 758 2672 patris
790 2603 1026 2658 nomine
1048 2601 1310 2657 Caunum
1338 2603 1451 2674 (54)
1483 2603 1812 2674 appellavit.

541 2695 736 2749 Tertia
771 2710 783 2746 :
817 2693 902 2747 Ad
932 2694 1159 2747 Ionium
1186 2708 1343 2748 mare
1361 2693 1601 2748 Soheria
1632 2693 1824 2749 insula
1848 2710 1956 2749 non
1997 2712 2126 2766 pro-

477 2782 572 2838 cul
619 2784 692 2838 ab
755 2782 918 2847 Ε,ιὶΓο
949 2787 1006 2836 et
1044 2782 1341 2836 Cerauniis
1387 2784 1692 2838 muntibus
1742 2783 1854 2838 sita
1895 2784 2125 2840 dicitur.

478 2874 609 2929 Haec
641 2874 908 2928 Phaeacas
931 2871 1150 2927 incolas
1174 2873 1380 2940 tenuit,
1407 2874 1502 2944 qui
1529 2872 1695 2929 initio
1727 2874 1960 2944 quidem
1987 2875 2130 2930 indi-

479 2979 637 3034 genae
654 2962 1181 3033 fuerunt,imposito
1197 2962 1333 3016 huic
1350 2963 1565 3016 nationi
1584 2963 1818 3018 nomine
1833 2965 2130 3035 aquodam

479 3052 604 3119 ejus
643 3051 894 3120 regionis
946 3065 1099 3119 rege,
1143 3050 1326 3105 donec
1379 3056 1507 3119 post
1547 3051 1975 3106 Corinthiorum
2018 3053 2133 3123 (60)

477 3155 612 3209 pars
625 3154 690 3192 eo
706 3137 1108 3208 commigravit
1123 3154 1373 3208 nomeuq
1385 3155 1453 3192 ue
1465 3139 1550 3193 exi
1563 3140 1672 3193 nde
1684 3156 1866 3195 comm
1879 3143 2053 3195 utavit
2073 3146 2134 3195 ut

481 3229 724 3292 Corcyra
758 3226 866 3295 (61)
901 3224 1352 3293 (Ιὶοθτριιιι-,ιιυεο
1377 3227 1485 3297 (62)
1511 3232 1566 3280 et
1589 3228 1766 3282 maris
1789 3229 2001 3283 ibidem
2031 3230 2140 3283 im-

485 3314 710 3384 perium
745 3312 972 3367 habuit.
1004 3313 1234 3368 Phaeace
1257 3319 1453 3368 autem
1489 3315 1698 3369 insulae
1722 3332 1850 3381 rege
1882 3323 2140 3386 mortuo,

481 3402 648 3457 liberi
679 3403 806 3469 ejus
839 3400 1120 3456 Alcinous
1150 3407 1206 3455 et
1238 3402 1450 3457 Locrus
1493 3407 1641 3457 inter
1673 3421 1730 3458 se
1762 3404 2140 3476 dissidentes,

485 3493 566 3546 ita
597 3491 828 3545 tandem
851 3495 1269 3557 convenerunt,
1295 3497 1358 3544 ut
1389 3491 1654 3546 Alcinous
1688 3494 1930 3564 quidem
1957 3495 2144 3550 Phaaa-

485 3580 599 3636 cidi
635 3581 961 3649 imperaret,
1001 3579 1208 3633 Locrus
1241 3595 1374 3634 vero
1427 3582 1710 3650 pretiosas
1759 3599 1898 3653 opes
1947 3585 2145 3639 mobi-

485 3669 592 3739 les,
639 3675 978 3739 partemque
1010 3668 1203 3739 populi
1227 3671 1520 3738 auferens,
1555 3671 1788 3741 regiooe
1818 3675 2138 3729 excederet.

483 3761 550 3814 In
579 3758 806 3815 Italiam
839 3758 1019 3827 igitur
1051 3758 1140 3812 hic
1170 3759 1550 3832 adnavigans,
1574 3777 1607 3815 a
1641 3760 1843 3816 Latino
1864 3763 2142 3819 Italorum

493 3865 623 3916 rege
653 3846 908 3914 hospitio
942 3852 1214 3916 acceptus
1243 3855 1351 3909 est.
1378 3849 1475 3919 qui
1512 3848 1688 3903 ﬁliam
1716 3867 1946 3922 quoque
1978 3869 2144 3908 suam

485 3937 796 3992 Laurinam
830 3935 1022 3992 eidem
1069 3936 1276 4006 nuptui
1311 3937 1491 3990 dedit.
1557 3939 1738 3994 I3lb
1789 3943 1913 4003 Qua
1971 3943 2142 3998 etiam

486 4043 553 4082 ex
585 4041 759 4080 causa
791 4024 1060 4079 Phaeaces
1115 4025 1343 4080 Italicos
1391 4025 1566 4081 hosce
1603 4029 1919 4084 Locrenses
1951 4031 2008 4084 in
2049 4048 2144 4087 co-

492 4119 697 4184 gnatos
720 4113 1070 4168 asciverunt.
1107 4114 1334 4168 Accidit
1354 4115 1564 4172 deinde
1588 4126 1642 4170 ut
1659 4119 1929 4174 Hercules
1942 4120 2143 4176 eadem

493 4208 834 4274 tempestate
883 4201 1176 4273 elegantes
1225 4201 1505 4274 Geryonis
1557 4203 1735 4260 boves
1794 4223 1861 4260 ex
1913 4208 2147 4281 Erythia

2233 1895 2337 1964 μοῦ
2392 1892 2458 1945 τά
2513 1911 2571 1945 τε
2622 1891 3005 1964 συνενεχθέντα
3033 1894 3100 1964 τῇ
3137 1886 3369 1946 Βυϐλίδι
3401 1889 3574 1966 λέγει,
3616 1893 3686 1955 ὼς
3717 1892 3858 1967 ἐχρή-

2229 2001 2362 2036 σατο
2406 1982 2448 2018 ¹⁵
2497 1975 2657 2054 ἔρωτι
2726 1977 2977 2052 δικαστῇ,
3026 1979 3116 2033 καὶ
3165 1979 3333 2034 πείθεξ
3397 1979 3558 2034 αὐτὸν
3608 1981 3734 2056 αὐτῇ
3781 1979 3855 2035 ἐπὶ

2228 2074 2308 2142 τῷ
2342 2072 2380 2106 ¹⁶
2420 2075 2518 2138 τῆς
2570 2069 2758 2144 χώρας
2800 2064 2986 2122 λαϐεῖν
3037 2069 3136 2137 τὴν
3192 2067 3472 2143 βασιλείαν
3530 2070 3638 2144 (καὶ
3677 2071 3769 2145 γὰρ
3795 2069 3857 2128 εἰς

2229 2158 2394 2226 αὐτὴν
2438 2159 2674 2230 ἀνῆπτο)
2731 2160 3066 2225 συνοικῆσαι.
3099 2159 3228 2231 [425
3274 2159 3358 2232 8.]
3388 2158 3448 2214 Ὀ
3491 2156 3553 2213 δὲ
3590 2163 3780 2218 Καῦνος
3809 2156 3857 2210 ἐκ

2229 2256 2330 2319 τῆς
2365 2249 2606 2321 Προνόης
2655 2249 2828 2302 τίκτει
2877 2247 3162 2322 Αἰγιαλὸν,
3192 2249 3252 2309 ’ὁς
3284 2249 3373 2302 καὶ
3420 2245 3748 2317 παραλαϐὼν
3773 2249 3854 2314 τήν

2236 2336 2536 2414 βασιλείαν,
2568 2335 2680 2391 ἐπεὶ
2723 2337 2750 2390 ὁ
2802 2337 2982 2411 πατὴρ
3039 2334 3407 2405 ἐτελεύτησεν,
3444 2337 3666 2412 ἤθροισὲ
3705 2357 3757 2391 τε
3783 2337 3859 2388 τὸν

2234 2425 2364 2481 λαὸν
2413 2422 2689 2499 σποράδην
2752 2425 3006 2479 οἰκοῦντα
3047 2424 3134 2479 καὶ
3194 2423 3357 2479 πόλιν
3407 2420 3616 2481 ἔκτισεν
3674 2425 3754 2480 ἐπὶ
3797 2428 3862 2493 τῷ

2234 2520 2471 2587 ποταμῷ
2508 2514 2752 2590 μεγάλην
2794 2513 2883 2568 καὶ
2928 2511 3250 2586 εὐδαίμονα,
3292 2518 3496 2568 Καῦνον
3546 2515 3761 2570 ἀπὸτοῦ
3789 2533 3867 2566 πα-

2239 2605 2368 2679 τρὸς
2398 2603 2764 2676 ἐπονομάσας.

2305 2693 2496 2767 Τρίτον
2524 2696 2590 2760 ¹’¹,
2621 2695 2654 2761 ἡ
2698 2693 2844 2766 παρᾶ
2880 2693 2971 2747 τὸν
3004 2693 3193 2747 Ἰόνιον
3223 2693 3421 2747 πόντον
3452 2693 3659 2769 Σχερία
3700 2699 3870 2764 νῆσος⁹

2239 2781 2348 2858 οὐχ
2387 2784 2509 2843 ἑκὰς
2567 2779 2699 2836 οῦσα
2754 2789 2852 2851 τῆς
2910 2779 3142 2856 ἠπείρου
3195 2783 3283 2836 καὶ
3341 2786 3450 2836 τῶν
3515 2778 3868 2857 Κεραυνίωνη

2241 2871 2406 2946 ὀρῶν.
2451 2869 2598 2941 Αὕτη
2660 2869 2901 2932 Φαίακας
2950 2868 3107 2948 ἔσχεν
3165 2869 3460 2942 οἰκήτορας
3502 2872 3567 2926 τὸ
3611 2870 3865 2944 πρότερον,

2246 2961 2602 3036 αὐτόχθονας,
2636 2962 2785 3020 εθνος
2835 2960 3008 3034 λαχὸν
3065 2960 3162 3029 τήν
3220 2960 3547 3032 ἐπωνυμίαν
3602 2957 3702 3014 ἀπό
3749 2975 3872 3016 τινος

2242 3055 2351 3106 τῶν
2404 3048 2718 3124 ἐπιχωρίων
2783 3046 3054 3122 βασιλέως
3094 3067 3106 3080 ’
3156 3049 3376 3124 ὕστερον
3440 3046 3485 3102 δ’
3559 3049 3812 3122 ἐπῴκησεν
3842 3045 3879 3081 ¹⁹

2249 3137 2415 3206 αὐτην
2463 3144 2629 3211 μοῖρα
2672 3136 2991 3210 Κορινθίων,
3023 3135 3113 3190 καὶ
3153 3137 3213 3190 τό
3266 3157 3323 3191 τε
3369 3136 3550 3208 ὄνομα
3581 3136 3651 3198 εἷς
3697 3134 3871 3207 Κέρκυ-

2247 3247 2340 3301 ραν
2401 3221 2664 3298 μετέϐαλε
2705 3225 2794 3280 καὶ
2850 3231 2951 3294 τῆς
3006 3223 3130 3299 περὶ
3189 3225 3367 3279 ἐκεῖνα
3424 3223 3702 3294 θαλάσσης
3745 3224 3871 3296 ἦρξε.

2247 3316 2492 3377 Φαίακος
2525 3312 2582 3370 δε
2620 3318 2716 3369 τοῦ
2763 3317 2862 3378 τῆς
2906 3315 3074 3384 νήσου
3110 3312 3496 3389 βασιλεύοντος
3550 3314 3872 3381 τελευτήσαν-

2245 3427 2337 3466 τος
2387 3405 2443 3459 ot
2487 3405 2619 3466 υἱεῖς
2651 3402 2936 3465 Ἀλκίνους
2988 3404 3075 3458 καὶ
3127 3404 3336 3477 Λοκρὸς
3367 3405 3743 3462 στασιάσαντες
3773 3422 3876 3454 συν-

2253 3491 2451 3564 έϐησαν
2507 3493 2669 3548 πάλιν
2704 3491 2786 3571 ἐφ’
2815 3493 2860 3564 ᾧ
2903 3491 3211 3566 βασιλεύειν
3275 3492 3368 3564 μὶν
3403 3490 3697 3548 ’Λλκίνουν
3729 3491 3770 3526 ²⁰
3792 3494 3875 3555 τῆς

2249 3581 2567 3652 Φαιακίδος,
2603 3585 2807 3656 Λοκρὸν
2844 3578 2900 3636 δὲ
2955 3579 3225 3654 κειμήλια
3273 3582 3363 3635 καί
3419 3587 3623 3656 μοῖραν
3670 3574 3881 3634 λαϐόντα

2246 3678 2343 3728 τοῦ
2376 3671 2555 3732 ἔθνους
2589 3671 2961 3740 ἀποικίζεσθαι
2992 3677 3092 3740 τῆς
3126 3671 3314 3745 χώρας
3349 3689 3361 3702 ·
3397 3670 3454 3732 ὃς
3509 3672 3602 3726 καὶ
3655 3668 3735 3725 ἐπὶ
3764 3670 3881 3724 Ἰτα-

2247 3763 2371 3826 λίας
2420 3759 2660 3825 πλεύσας
2698 3760 2960 3831 ξενίζεται
3019 3761 3166 3834 παρᾶ
3206 3761 3417 3831 Λατίνῳ
3449 3761 3493 3797 ³⁸
3537 3757 3749 3817 Ἰταλῶν
3794 3756 3881 3832 βα-

2249 3851 2414 3921 σιλεῖ,
2450 3848 2596 3906 δόντι
2655 3850 2790 3924 πρὸς
2841 3848 3017 3926 γάμον
3065 3850 3163 3918 την
3208 3851 3254 3884 ’³
3285 3847 3561 3924 θυγατέρα
3611 3848 3878 3923 Λαυρίνην.

2257 3941 2355 3996 Διὰ
2381 3943 2550 3995 ταῦτα
2581 3939 2654 4000 ὡς
2705 3943 2982 4013 συγγενεῖς
3021 3939 3069 3972 ²³
3107 3936 3337 3999 Φαίακες
3388 3937 3638 4013 Λοκροὺς
3671 3936 3789 3996 τοῦς
3831 3933 3874 3986 ἐν

2250 4027 2456 4100 Ἰταλίᾳ
2512 4031 2957 4102 προσεποιοῦντο.
2989 4027 3047 4083 Ὀ
3103 4023 3159 4080 δὲ
3223 4025 3507 4102 Ἡρακλῆς
3567 4028 3680 4082 κατ’
3732 4024 3878 4080 ἒκεῖνο

2247 4121 2440 4191 καιροῦ
2496 4117 2593 4180 τὰς
2654 4119 2752 4170 τοῦ
2812 4114 3090 4188 Γηρυόνου
3138 4112 3495 4189 περικαλλεῖς
3555 4114 3674 4170 ὅσαι
3707 4113 3815 4190 βόες
3843 4111 3880 4144 ¹⁴

2251 4204 2412 4269 οὔσας
2465 4204 2517 4276 ἐξ
2561 4207 2835 4278 Ἐρυθείας
2887 4203 3130 4260 ἐλαύνων
3173 4203 3247 4263 είς
3307 4205 3351 4240 ³⁸
3391 4204 3632 4261 Ἰταλίαν
3668 4203 3880 4280 ἀφικνεῖ-

491 4291 828 4362 abigens,in
865 4290 1092 4346 Italiam
1110 4291 1428 4358 adveniret,
1459 4300 1635 4364 atque
1666 4311 1699 4348 a
1735 4295 1912 4351 Locro
1946 4297 2127 4352 huma‘

2247 4316 2358 4362 ται,
2389 4295 2480 4348 καὶ
2511 4293 2762 4367 ξενίζεται
2794 4293 3145 4373 φιλοφρόνως
3175 4293 3320 4366 παρὰ
3365 4297 3445 4364 τῷ
3497 4297 3693 4368 Λοκρῷ
3725 4311 3737 4323 ·
3767 4290 3792 4343 ὁ
3833 4285 3878 4340 δὲ

494 4380 645 4434 niter
677 4378 928 4449 hospitio
951 4382 1327 4452 exciperetur.
1354 4380 1468 4435 Has
1489 4381 1680 4453 itaque
1704 4383 1941 4439 Latinus
1965 4387 2127 4443 boves

2244 4389 2470 4446 Λατῖνος
2529 4383 2665 4458 πρὸς
2715 4383 2814 4451 τὴν
2883 4380 3152 4458 θυγατέρα
3208 4381 3383 4436 ἐλθὼν
3451 4383 3546 4437 καὶ
3619 4382 3711 4442 τὰς
3769 4380 3878 4453 βοῦς

1842 4473 2082 4530 VARle
2144 4475 2550 4531 LECTIONES.

1319 4554 1343 4576 Ἰ

1318 4577 1460 4631 εχων
1509 4579 1554 4619 ς.

573 4557 617 4634 ‘_°
673 4550 877 4634 ἔχουσα
929 4575 1077 4634 corr.
1137 4563 1180 4614 A
1243 4575 1284 4634 :7
1318 4554 1460 4634 ἔχων
1509 4579 1554 4619 ς.
1633 4561 1676 4598 ⁴¹
1739 4560 1827 4634 καῖ
1895 4565 2027 4634 add.
2074 4569 2138 4619 Α.

505 4771 716 4845 ᾤκησεν
755 4771 863 4844 ’ρικ
925 4777 969 4830 Α
1004 4791 1017 4828 :
1052 4771 1336 4845 ἐπῴκησαν
1389 4794 1433 4834 ς.
1511 4777 1555 4810 ²⁰
1607 4771 1861 4829 ἀλκίνουν

504 4845 602 4915 τήν
665 4865 708 4904 ς.
791 4846 838 4880 ²³
893 4845 968 4904 ὡς
1026 4848 1324 4971 συγγενεῖςέ

504 4915 746 4971 τύραννοι
784 4911 1178 4971 ὑπερϐαλέσθαι
1205 4919 1290 4970 ἱστ

499 4911 746 4991 τύραννοι
784 4911 1178 4989 ὑπερϐαλέσθαι
1205 4919 1290 4970 ἱστ

1913 4776 2005 4848 μέν
2063 4797 2106 4838 ς.

1385 4846 1478 4919 μὲν
1536 4845 1942 4924 ὡς’-συγγενῶν
1973 4856 2031 4924 ΔΑ
2044 4892 2056 4905 .

573 4566 617 4594 ³⁸
673 4566 877 4634 ἔχουσα
929 4575 1077 4613 corr.
1137 4566 1180 4614 A
1243 4575 1256 4613 :
1318 4566 1460 4631 ἔχων
1509 4579 1554 4619 ς.
1633 4566 1676 4598 ¹¹
1739 4566 1827 4614 καὶ
1895 4566 2027 4618 add.
2074 4569 2138 4619 Α.
2222 4566 2264 4601 ¹²
2319 4566 2442 4616 τότε
2497 4580 2644 4619 corr.
2706 4567 2750 4618 Α
2802 4580 2814 4617 :
2861 4566 2922 4616 τό
2977 4580 3022 4620 ς.
3101 4577 3104 4595 λ

501 4627 591 4682 καί
622 4647 709 4711 ς...
749 4630 794 4667 15
823 4629 897 4711 ᾡς
928 4627 1204 4711 ἐχρήσατο
1236 4633 1312 4699 τῷ
1343 4632 1508 4711 ξρωτι
1619 4649 1643 4711 τι
1666 4633 1756 4711 καῖ
1797 4633 1869 4711 ᾡς
1910 4632 2302 4711 ἐχρήῖατρλτὶᾦ
2330 4629 2502 4711 ἔρως,
2537 4654 2601 4711 E—
2663 4634 2708 4668 ίσ
2737 4637 2816 4711 τῷ
2842 4637 2887 4689 Α
2924 4651 2936 4689 ε
2968 4633 3104 4711 ,εδ-ς.

501 4699 638 4754 κατά
673 4699 1054 4775 Ηθγηὶυε,’ὗΐ’.
1086 4703 1282 4769 νήσους
1311 4699 1405 4762 τὰς
1438 4701 1559 4772 περὶ
1590 4702 1654 4756 τὸ
1685 4703 1906 4777 Αἰγαῖον
2069 4708 2134 4762 Η.
2167 4699 2291 4775 457,
2323 4699 2375 4764 2ξ
2457 4705 2505 4742 ⁸⁸
2561 4699 2897 4776 Κεραυνείων
2965 4703 3106 4774 ὀρῶν
3165 4699 3377 4775 λέγεται
3430 4703 3567 4773 αῦτη
3611 4723 3658 4763 ς.
3735 4704 3777 4740 ¹⁹
3809 4699 3886 4754 ἰπ-

505 4771 716 4832 ώκησεν
778 4791 863 4832 Dr.
925 4777 969 4830 Α
1004 4791 1017 4828 :
1052 4771 1336 4832 ἐπῴκησαν
1389 4794 1433 4832 ς.
1511 4777 1555 4810 ²⁰
1607 4772 1861 4829 ἀλκίνουν
1914 4776 2005 4832 μέν
2063 4797 2106 4832 ς.
2187 4780 2230 4814 ﬂ
2284 4777 2500 4832 Λακίνω
2550 4779 2816 4832 Dukerus
2843 4778 2910 4831 ad
2944 4777 3211 4832 Thucvd.
3242 4779 3295 4832 3.
3329 4777 3417 4831 70.
3493 4778 3540 4812 "
3570 4776 3735 4832 τήνΑ
3771 4791 3782 4828 :
3812 4769 3886 4825 καὶ

1646 4794 1861 4829 Λκινουν
1913 4794 2005 4848 μεν
2063 4797 2106 4838 ς.
2188 4794 2230 4814 ιι
2284 4794 2500 4848 Λακινῳ
2550 4794 2816 4833 Uuaerus
2843 4794 2910 4831 au
2954 4794 3211 4848 ruucyo.
3242 4794 3295 4844 δ,
3338 4794 3417 4831 ιυ.
3495 4794 3539 4812 ιι
3570 4794 3672 4842 την
3699 4794 3735 4830 Α
3771 4794 3782 4828 :
3812 4794 3886 4825 καί

1646 4852 1942 4927 ’συγγενῶν
1973 4856 2056 4927 “Α.
2133 4850 2180 4927 ξ⁴
2218 4850 2352 4927 ὅσαι,
2373 4847 2520 4927 βόες]
2556 4848 2683 4923 βοῦς
2715 4865 2864 4904 corr.
2897 4853 2960 4902 A.
2985 4850 3058 4904 cl.
3093 4866 3149 4920 p.
3185 4847 3248 4903 Η.
3282 4848 3407 4917 968,
3440 4848 3528 4902 42.
3563 4845 3757 4905 πάντας
3785 4843 3887 4896 ὅσοι

1333 4918 1540 4992 ρηνται.
1620 4919 1668 4953 ⁸⁵
1699 4918 1873 4981 εἷς-
1906 4919 2289 4998 φιλοφρόνως]
2314 4918 2416 4989 ἧκε
2457 4918 2525 4977 ΑΖ

2802 4580 2814 4617 :
2861 4560 2922 4616 τό
2977 4580 3022 4620 ς.
3101 4557 3263 4628 1³δή
3306 4562 3440 4618 add.
3488 4566 3554 4618 Α.
3637 4556 3760 4614 ¹⁶δὲ
3802 4559 3882 4615 A2

3189 4633 3233 4667 ¹⁷
3264 4633 3444 4705 τρίτον
3471 4651 3595 4705 9m.
3627 4637 3690 4688 Α.
3737 4628 3885 4705 napi]

2457 4705 2505 4742 ¹⁸
2561 4702 2897 4776 Κεραυνείων
2965 4703 3106 4774 ὀρῶν
3165 4702 3377 4775 λέγεται
3430 4703 3567 4773 αῦτη
3611 4723 3658 4763 ς.
3735 4704 3777 4740 ¹⁹
3809 4702 3886 4776 tu:

2081 5013 2318 5071 ΝΟΤΕ·

567 5097 1101 5223 ὗέῗοειιυοᾳυθ
1148 5098 1347 5170 Steph.
1394 5098 1631 5171 Byzant.
1676 5099 1751 5154 De
1809 5100 2056 5169 urbibus,
2091 5101 2150 5157 in

507 5185 643 5224 voce
665 5185 892 5231 βουλος.

581 5186 643 5224 ce
665 5169 892 5308 βύϐλος.
1010 5169 1021 5171 ’
1253 5169 1264 5170 “
1446 5169 1458 5171 ’

578 5241 677 5312 (547
723 5241 802 5312 De
834 5257 950 5312 quo
978 5239 1168 5295 Strab.
1201 5240 1304 5296 lib.
1339 5258 1455 5310 xw,
1490 5241 1679 5298 initio.

580 5311 696 5390 (55).
722 5311 876 5390 Nam
901 5317 957 5366 et
988 5312 1101 5367 alia
1131 5313 1347 5368 Cretica
1379 5315 1573 5390 fume
1605 5331 1718 5390 qua
1740 5313 1808 5390 in
1841 5315 1992 5371 hanc
2023 5331 2152 5373 cum

511 5383 1081 5454 colonistraductum
1108 5401 1338 5439 nomen.
1373 5385 1606 5454 Strabo,
1639 5387 1779 5442 ibid.

730 5452 873 5530 Yide
900 5454 1106 5530 (Elian.
1140 5454 1246 5530 lib,
1276 5473 1397 5522 vm,
1419 5473 1546 5530 cap.
1578 5452 1632 5514 5.

607 5522 698 5594 57)
734 5523 879 5594 Lego
912 5525 1004 5578 hic
1033 5525 1157 5578 τότε
1197 5522 1272 5580 δέ.

584 5594 694 5674 (5_8_)
729 5594 872 5648 Vide
914 5595 1166 5674 Cauniu:
1195 5613 1368 5674 amgr,
1409 5598 1562 5668 apud
1601 5601 1765 5659 Suid.
1793 5606 1850 5659 et
1879 5597 1938 5658 in
1975 5601 2152 5674 Λάαν.

513 5665 785 5723 Parthen.
820 5681 1052 5738 quoque
1083 5665 1360 5740 ἐρωτικῶν
1388 5665 1516 5741 cap.
1539 5685 1603 5728 ιι.

2333 5100 2445 5172 (59)
2480 5100 2559 5155 Ita
2583 5115 2814 5172 quoque
2843 5097 3177 5172 Stephanus
3207 5099 3279 5154 de
3309 5097 3439 5154 urb.
3469 5097 3773 5172 simulque
3794 5095 3889 5172 _ob-

2263 5168 2435 5228 serva
2463 5173 2536 5227 ibi
2570 5173 2685 5226 dici
2708 5168 3082 5243 refugientem
3107 5171 3371 5226 Caunum
3405 5187 3436 5224 a
3468 5168 3895 5241 Byblideluisse

2264 5245 2616 5300 adamatum.
2650 5244 2811 5308 Quod
2843 5242 2901 5297 et
2923 5242 3162 5298 Ovidius
3189 5244 3397 5298 testari
3429 5243 3680 5297 videtur.

2331 5315 2450 5385 (60)
2486 5315 2622 5381 Lege
2651 5315 2843 5369 Strab.
2875 5312 2979 5370 lib.
3015 5329 3088 5368 vr.

2333 5381 2446 5458 (61)
2481 5386 2565 5440 Ab
2596 5386 2776 5458 Λεορί
2807 5385 2926 5441 ﬁlia
2956 5385 3131 5456 hujus
3160 5384 3422 5454 ejusdem
3455 5381 3734 5447 nominis,
3765 5385 3897 5436 Pau-

2265 5473 2368 5513 san
2381 5500 2393 5511 .
2428 5457 2674 5514 Corinth.

2335 5529 2448 5600 (62)
2482 5531 2565 5584 Ita
2595 5544 2826 5600 quoque
2855 5527 3115 5600 Thucyd.
3147 5526 3248 5582 lib.
3283 5545 3321 5594 ι,
3354 5530 3410 5584 et
3440 5526 3497 5582 in
3548 5524 3806 5596 Excerpt.
3836 5536 3898 5577 ex

2266 5599 2370 5656 lib.
2401 5615 2478 5655 vn
2502 5599 2699 5656 Strab.

2291 5599 2370 5658 ib.
2401 5599 2478 5655 vn
2502 5599 2699 5656 Strab.
