  <div class='ocr_page' id='page_1' title='image "/cluster/home/n/w/nwhite01/storage/ocr_20150623/103/hvd.32044054112495/293.png"; bbox 0 0 4136 6216; ppageno 0'>
   <div class='ocr_carea' id='block_1_1' title="bbox 547 303 656 364">
    <p class='ocr_par' dir='ltr' id='par_1_1' title="bbox 547 303 656 364">
     <span class='ocr_line' id='line_1_1' title="bbox 547 303 656 364; baseline -0.018 -1"><span class='ocrx_word' id='word_1_1' title='bbox 547 303 656 364; x_wconf 85' lang='grc'>551</span> 
     </span>
    </p>
   </div>
   <div class='ocr_carea' id='block_1_2' title="bbox 548 527 2190 602">
    <p class='ocr_par' dir='ltr' id='par_1_2' title="bbox 548 527 2190 602">
     <span class='ocr_line' id='line_1_2' title="bbox 548 527 2190 602; baseline 0.002 -20"><span class='ocrx_word' id='word_1_2' title='bbox 548 534 722 602; x_wconf 86' lang='lat' dir='ltr'>atque</span> <span class='ocrx_word' id='word_1_3' title='bbox 737 528 1020 598; x_wconf 84' lang='lat' dir='ltr'>Apollinis</span> <span class='ocrx_word' id='word_1_4' title='bbox 1046 527 1200 582; x_wconf 81' lang='lat' dir='ltr'>ﬁlius</span> <span class='ocrx_word' id='word_1_5' title='bbox 1225 533 1406 582; x_wconf 93' lang='lat' dir='ltr'>matre</span> <span class='ocrx_word' id='word_1_6' title='bbox 1420 528 1722 593; x_wconf 85' lang='lat' dir='ltr'>exstincta,</span> <span class='ocrx_word' id='word_1_7' title='bbox 1739 546 1840 600; x_wconf 90' lang='lat' dir='ltr'>pro</span> <span class='ocrx_word' id='word_1_8' title='bbox 1859 535 2015 584; x_wconf 81' lang='lat' dir='ltr'>sorte</span> <span class='ocrx_word' id='word_1_9' title='bbox 2035 531 2190 586; x_wconf 88' lang='lat' dir='ltr'>velut</span> 
     </span>
    </p>
   </div>
   <div class='ocr_carea' id='block_1_3' title="bbox 548 617 2186 686">
    <p class='ocr_par' dir='ltr' id='par_1_3' title="bbox 548 617 2186 686">
     <span class='ocr_line' id='line_1_3' title="bbox 548 617 2186 686; baseline 0.001 -13"><span class='ocrx_word' id='word_1_10' title='bbox 548 620 909 673; x_wconf 60' lang='lat' dir='ltr'>haereditaria</span> <span class='ocrx_word' id='word_1_11' title='bbox 955 617 1208 672; x_wconf 76' lang='lat' dir='ltr'>Clarium</span> <span class='ocrx_word' id='word_1_12' title='bbox 1261 617 1539 686; x_wconf 79' lang='lat' dir='ltr'>Apollinis</span> <span class='ocrx_word' id='word_1_13' title='bbox 1588 618 1888 674; x_wconf 83' lang='lat' dir='ltr'>oraculum</span> <span class='ocrx_word' id='word_1_14' title='bbox 1941 621 2186 675; x_wconf 81' lang='lat' dir='ltr'>obtinet.</span> 
     </span>
    </p>
   </div>
   <div class='ocr_carea' id='block_1_4' title="bbox 548 707 2188 782">
    <p class='ocr_par' dir='ltr' id='par_1_4' title="bbox 548 707 2188 782">
     <span class='ocr_line' id='line_1_4' title="bbox 548 707 2188 782; baseline 0.001 -19"><span class='ocrx_word' id='word_1_15' title='bbox 548 709 757 763; x_wconf 88' lang='lat' dir='ltr'>Eadem</span> <span class='ocrx_word' id='word_1_16' title='bbox 817 713 1004 762; x_wconf 86' lang='lat' dir='ltr'>autem</span> <span class='ocrx_word' id='word_1_17' title='bbox 1077 711 1420 777; x_wconf 80' lang='lat' dir='ltr'>tempestate</span> <span class='ocrx_word' id='word_1_18' title='bbox 1487 707 1727 763; x_wconf 69' lang='lat' dir='ltr'>Calchas</span> <span class='ocrx_word' id='word_1_19' title='bbox 1794 709 2188 782; x_wconf 88' lang='lat' dir='ltr'>Colophonem</span> 
     </span>
    </p>
   </div>
   <div class='ocr_carea' id='block_1_5' title="bbox 542 793 2185 867">
    <p class='ocr_par' dir='ltr' id='par_1_5' title="bbox 542 793 2185 867">
     <span class='ocr_line' id='line_1_5' title="bbox 542 793 2185 867; baseline 0.002 -17"><span class='ocrx_word' id='word_1_20' title='bbox 542 797 719 859; x_wconf 87' lang='lat' dir='ltr'>venit,</span> <span class='ocrx_word' id='word_1_21' title='bbox 753 813 868 867; x_wconf 88' lang='lat' dir='ltr'>qua</span> <span class='ocrx_word' id='word_1_22' title='bbox 895 798 1129 866; x_wconf 80' lang='lat' dir='ltr'>Mopsus</span> <span class='ocrx_word' id='word_1_23' title='bbox 1159 793 1459 850; x_wconf 86' lang='lat' dir='ltr'>oraculum</span> <span class='ocrx_word' id='word_1_24' title='bbox 1493 801 1700 852; x_wconf 90' lang='lat' dir='ltr'>tenens</span> <span class='ocrx_word' id='word_1_25' title='bbox 1735 799 2185 865; x_wconf 81' lang='lat' dir='ltr'>vaticinabatur,</span> 
     </span>
    </p>
   </div>
   <div class='ocr_carea' id='block_1_6' title="bbox 543 886 2190 961">
    <p class='ocr_par' dir='ltr' id='par_1_6' title="bbox 543 886 2190 961">
     <span class='ocr_line' id='line_1_6' title="bbox 543 886 2190 961; baseline 0.002 -21"><span class='ocrx_word' id='word_1_26' title='bbox 543 891 675 959; x_wconf 89' lang='lat' dir='ltr'>post</span> <span class='ocrx_word' id='word_1_27' title='bbox 705 887 889 954; x_wconf 76' lang='lat' dir='ltr'>Trojze</span> <span class='ocrx_word' id='word_1_28' title='bbox 921 886 1213 942; x_wconf 85' lang='lat' dir='ltr'>excidium</span> <span class='ocrx_word' id='word_1_29' title='bbox 1248 888 1497 942; x_wconf 89' lang='lat' dir='ltr'>errando</span> <span class='ocrx_word' id='word_1_30' title='bbox 1522 889 1797 958; x_wconf 80' lang='lat' dir='ltr'>jactatus.</span> <span class='ocrx_word' id='word_1_31' title='bbox 1830 888 1973 943; x_wconf 89' lang='lat' dir='ltr'>Cum</span> <span class='ocrx_word' id='word_1_32' title='bbox 2009 889 2190 961; x_wconf 80' lang='lat' dir='ltr'>igitur</span> 
     </span>
    </p>
   </div>
   <div class='ocr_carea' id='block_1_7' title="bbox 546 975 2185 1050">
    <p class='ocr_par' dir='ltr' id='par_1_7' title="bbox 546 975 2185 1050">
     <span class='ocr_line' id='line_1_7' title="bbox 546 975 2185 1050; baseline 0.001 -20"><span class='ocrx_word' id='word_1_33' title='bbox 546 977 643 1030; x_wconf 93' lang='lat' dir='ltr'>diu</span> <span class='ocrx_word' id='word_1_34' title='bbox 679 975 1045 1046; x_wconf 87' lang='lat' dir='ltr'>multumque</span> <span class='ocrx_word' id='word_1_35' title='bbox 1076 975 1228 1030; x_wconf 87' lang='lat' dir='ltr'>inter</span> <span class='ocrx_word' id='word_1_36' title='bbox 1275 993 1335 1032; x_wconf 90' lang='lat' dir='ltr'>se</span> <span class='ocrx_word' id='word_1_37' title='bbox 1367 979 1802 1045; x_wconf 79' lang='lat' dir='ltr'>contenderent,</span> <span class='ocrx_word' id='word_1_38' title='bbox 1839 980 2185 1050; x_wconf 74' lang='lat' dir='ltr'>Amphime-</span> 
     </span>
    </p>
   </div>
   <div class='ocr_carea' id='block_1_8' title="bbox 544 1065 2188 1138">
    <p class='ocr_par' dir='ltr' id='par_1_8' title="bbox 544 1065 2188 1138">
     <span class='ocr_line' id='line_1_8' title="bbox 544 1065 2188 1138; baseline 0.001 -17"><span class='ocrx_word' id='word_1_39' title='bbox 544 1066 693 1122; x_wconf 86' lang='lat' dir='ltr'>chus</span> <span class='ocrx_word' id='word_1_40' title='bbox 725 1066 958 1121; x_wconf 85' lang='lat' dir='ltr'>tandem</span> <span class='ocrx_word' id='word_1_41' title='bbox 997 1065 1294 1136; x_wconf 86' lang='lat' dir='ltr'>Lyciorum</span> <span class='ocrx_word' id='word_1_42' title='bbox 1329 1083 1425 1122; x_wconf 83' lang='lat' dir='ltr'>rex</span> <span class='ocrx_word' id='word_1_43' title='bbox 1455 1065 1613 1121; x_wconf 80' lang='lat' dir='ltr'>litem</span> <span class='ocrx_word' id='word_1_44' title='bbox 1665 1067 1914 1123; x_wconf 86' lang='lat' dir='ltr'>diremit.</span> <span class='ocrx_word' id='word_1_45' title='bbox 1950 1068 2188 1138; x_wconf 81' lang='lat' dir='ltr'>Mopsus</span> 
     </span>
    </p>
   </div>
   <div class='ocr_carea' id='block_1_9' title="bbox 543 1155 2190 1229">
    <p class='ocr_par' dir='ltr' id='par_1_9' title="bbox 543 1155 2190 1229">
     <span class='ocr_line' id='line_1_9' title="bbox 543 1155 2190 1229; baseline 0.001 -17"><span class='ocrx_word' id='word_1_46' title='bbox 543 1157 699 1212; x_wconf 86' lang='lat' dir='ltr'>enim</span> <span class='ocrx_word' id='word_1_47' title='bbox 750 1156 821 1212; x_wconf 88' lang='lat' dir='ltr'>ad</span> <span class='ocrx_word' id='word_1_48' title='bbox 856 1155 1070 1212; x_wconf 87' lang='lat' dir='ltr'>bellum</span> <span class='ocrx_word' id='word_1_49' title='bbox 1121 1163 1430 1212; x_wconf 87' lang='lat' dir='ltr'>exeuntem</span> <span class='ocrx_word' id='word_1_50' title='bbox 1490 1158 1810 1229; x_wconf 85' lang='lat' dir='ltr'>prohibuit,</span> <span class='ocrx_word' id='word_1_51' title='bbox 1845 1160 2059 1215; x_wconf 83' lang='lat' dir='ltr'>victum</span> <span class='ocrx_word' id='word_1_52' title='bbox 2120 1159 2190 1214; x_wconf 90' lang='lat' dir='ltr'>iri</span> 
     </span>
    </p>
   </div>
   <div class='ocr_carea' id='block_1_10' title="bbox 543 1246 2190 1320">
    <p class='ocr_par' dir='ltr' id='par_1_10' title="bbox 543 1246 2190 1320">
     <span class='ocr_line' id='line_1_10' title="bbox 543 1246 2190 1320; baseline 0.001 -19"><span class='ocrx_word' id='word_1_53' title='bbox 543 1247 893 1302; x_wconf 80' lang='lat' dir='ltr'>denuntians</span> <span class='ocrx_word' id='word_1_54' title='bbox 919 1264 932 1312; x_wconf 89' lang='lat'><strong>;</strong></span> <span class='ocrx_word' id='word_1_55' title='bbox 961 1246 1206 1302; x_wconf 86' lang='lat' dir='ltr'>Calchas</span> <span class='ocrx_word' id='word_1_56' title='bbox 1229 1251 1433 1302; x_wconf 89' lang='lat' dir='ltr'>contra</span> <span class='ocrx_word' id='word_1_57' title='bbox 1460 1247 1758 1302; x_wconf 88' lang='lat' dir='ltr'>victoriam</span> <span class='ocrx_word' id='word_1_58' title='bbox 1793 1247 2096 1320; x_wconf 87' lang='lat' dir='ltr'>pollicens,</span> <span class='ocrx_word' id='word_1_59' title='bbox 2118 1249 2190 1303; x_wconf 89' lang='lat' dir='ltr'>ad</span> 
     </span>
    </p>
   </div>
   <div class='ocr_carea' id='block_1_11' title="bbox 543 1335 2186 1409">
    <p class='ocr_par' dir='ltr' id='par_1_11' title="bbox 543 1335 2186 1409">
     <span class='ocr_line' id='line_1_11' title="bbox 543 1335 2186 1409; baseline 0.001 -18"><span class='ocrx_word' id='word_1_60' title='bbox 543 1335 874 1392; x_wconf 87' lang='lat' dir='ltr'>exeundum</span> <span class='ocrx_word' id='word_1_61' title='bbox 919 1335 1279 1391; x_wconf 90' lang='lat' dir='ltr'>hortabatur.</span> <span class='ocrx_word' id='word_1_62' title='bbox 1313 1338 1383 1390; x_wconf 81' lang='lat' dir='ltr'><strong>At</strong></span> <span class='ocrx_word' id='word_1_63' title='bbox 1426 1336 1576 1393; x_wconf 89' lang='lat' dir='ltr'>victo</span> <span class='ocrx_word' id='word_1_64' title='bbox 1608 1337 1818 1392; x_wconf 90' lang='lat' dir='ltr'>deinde</span> <span class='ocrx_word' id='word_1_65' title='bbox 1847 1337 2186 1409; x_wconf 74' lang='lat' dir='ltr'>Amphime-</span> 
     </span>
    </p>
   </div>
   <div class='ocr_carea' id='block_1_12' title="bbox 545 1425 2188 1497">
    <p class='ocr_par' dir='ltr' id='par_1_12' title="bbox 545 1425 2188 1497">
     <span class='ocr_line' id='line_1_12' title="bbox 545 1425 2188 1497; baseline -0.001 -16"><span class='ocrx_word' id='word_1_66' title='bbox 545 1425 677 1494; x_wconf 89' lang='lat' dir='ltr'>cho,</span> <span class='ocrx_word' id='word_1_67' title='bbox 711 1425 949 1496; x_wconf 86' lang='lat' dir='ltr'>Mopsus</span> <span class='ocrx_word' id='word_1_68' title='bbox 1001 1425 1202 1496; x_wconf 83' lang='lat' dir='ltr'>majori</span> <span class='ocrx_word' id='word_1_69' title='bbox 1256 1433 1343 1480; x_wconf 89' lang='lat' dir='ltr'>est</span> <span class='ocrx_word' id='word_1_70' title='bbox 1384 1425 1602 1481; x_wconf 89' lang='lat' dir='ltr'>honore</span> <span class='ocrx_word' id='word_1_71' title='bbox 1647 1425 1910 1497; x_wconf 63' lang='lat' dir='ltr'>allectus,</span> <span class='ocrx_word' id='word_1_72' title='bbox 1943 1425 2188 1481; x_wconf 88' lang='lat' dir='ltr'>Calchas</span> 
     </span>
    </p>
   </div>
   <div class='ocr_carea' id='block_1_13' title="bbox 549 1513 1065 1585">
    <p class='ocr_par' dir='ltr' id='par_1_13' title="bbox 549 1513 1065 1585">
     <span class='ocr_line' id='line_1_13' title="bbox 549 1513 1065 1585; baseline -0.006 -16"><span class='ocrx_word' id='word_1_73' title='bbox 549 1515 806 1585; x_wconf 87' lang='lat' dir='ltr'>seipsum</span> <span class='ocrx_word' id='word_1_74' title='bbox 839 1513 1065 1568; x_wconf 90' lang='lat' dir='ltr'>occidit.</span> 
     </span>
    </p>
   </div>
   <div class='ocr_carea' id='block_1_14' title="bbox 618 1603 2188 1675">
    <p class='ocr_par' dir='ltr' id='par_1_14' title="bbox 618 1603 2188 1675">
     <span class='ocr_line' id='line_1_14' title="bbox 618 1603 2188 1675; baseline 0 -16"><span class='ocrx_word' id='word_1_75' title='bbox 618 1605 874 1675; x_wconf 88' lang='lat' dir='ltr'>Septima</span> <span class='ocrx_word' id='word_1_76' title='bbox 905 1605 1081 1658; x_wconf 83' lang='lat' dir='ltr'>rel‘ert</span> <span class='ocrx_word' id='word_1_77' title='bbox 1111 1603 1574 1659; x_wconf 87' lang='lat' dir='ltr'>Philammonem</span> <span class='ocrx_word' id='word_1_78' title='bbox 1610 1604 1929 1660; x_wconf 89' lang='lat' dir='ltr'>Pbilonidis</span> <span class='ocrx_word' id='word_1_79' title='bbox 1976 1605 2188 1672; x_wconf 82' lang='lat' dir='ltr'>filium,</span> 
     </span>
    </p>
   </div>
   <div class='ocr_carea' id='block_1_15' title="bbox 546 1693 2190 1765">
    <p class='ocr_par' dir='ltr' id='par_1_15' title="bbox 546 1693 2190 1765">
     <span class='ocr_line' id='line_1_15' title="bbox 546 1693 2190 1765; baseline -0.001 -16"><span class='ocrx_word' id='word_1_80' title='bbox 546 1695 674 1764; x_wconf 87' lang='lat' dir='ltr'>ejus</span> <span class='ocrx_word' id='word_1_81' title='bbox 707 1711 833 1765; x_wconf 63' lang='lat' dir='ltr'>quas</span> <span class='ocrx_word' id='word_1_82' title='bbox 857 1710 924 1748; x_wconf 87' lang='lat' dir='ltr'>ex</span> <span class='ocrx_word' id='word_1_83' title='bbox 947 1693 1241 1765; x_wconf 89' lang='lat' dir='ltr'>Eosphoro</span> <span class='ocrx_word' id='word_1_84' title='bbox 1264 1700 1320 1747; x_wconf 91' lang='lat' dir='ltr'>et</span> <span class='ocrx_word' id='word_1_85' title='bbox 1350 1693 1612 1750; x_wconf 76' lang='lat' dir='ltr'>Cleobma</span> <span class='ocrx_word' id='word_1_86' title='bbox 1637 1696 1694 1749; x_wconf 89' lang='lat' dir='ltr'>in</span> <span class='ocrx_word' id='word_1_87' title='bbox 1726 1697 1922 1750; x_wconf 75' lang='lat' dir='ltr'>Atticae</span> <span class='ocrx_word' id='word_1_88' title='bbox 1943 1695 2190 1750; x_wconf 89' lang='lat' dir='ltr'>Thorico</span> 
     </span>
    </p>
   </div>
   <div class='ocr_carea' id='block_1_16' title="bbox 1747 307 2746 375">
    <p class='ocr_par' dir='ltr' id='par_1_16' title="bbox 1747 307 2746 375">
     <span class='ocr_line' id='line_1_16' title="bbox 1747 307 2746 375; baseline 0.01 -10"><span class='ocrx_word' id='word_1_89' title='bbox 1747 307 2014 367; x_wconf 86' lang='lat' dir='ltr'>PllO&#39;l‘lI</span> <span class='ocrx_word' id='word_1_90' title='bbox 2065 307 2588 373; x_wconf 68' lang='lat' dir='ltr'>PATRIARCHAS</span> <span class='ocrx_word' id='word_1_91' title='bbox 2633 314 2746 375; x_wconf 72' lang='grc' dir='ltr'>ΕΡ.</span> 
     </span>
    </p>
   </div>
   <div class='ocr_carea' id='block_1_17' title="bbox 617 439 2272 514">
    <p class='ocr_par' dir='ltr' id='par_1_17' title="bbox 617 439 2272 514">
     <span class='ocr_line' id='line_1_17' title="bbox 617 439 2272 514; baseline 0.002 -18"><span class='ocrx_word' id='word_1_92' title='bbox 617 441 808 498; x_wconf 74' lang='lat' dir='ltr'>182a</span> <span class='ocrx_word' id='word_1_93' title='bbox 862 441 1031 496; x_wconf 90' lang='lat' dir='ltr'>Sexta</span> <span class='ocrx_word' id='word_1_94' title='bbox 1071 439 1327 494; x_wconf 84' lang='lat' dir='ltr'>narratio</span> <span class='ocrx_word' id='word_1_95' title='bbox 1359 439 1428 494; x_wconf 90' lang='lat' dir='ltr'>de</span> <span class='ocrx_word' id='word_1_96' title='bbox 1449 444 1672 510; x_wconf 82' lang='lat' dir='ltr'>Mopso.</span> <span class='ocrx_word' id='word_1_97' title='bbox 1697 439 1924 495; x_wconf 88' lang='lat' dir='ltr'>Mantus</span> <span class='ocrx_word' id='word_1_98' title='bbox 1953 443 2068 514; x_wconf 83' lang='lat'>(67)</span> <span class='ocrx_word' id='word_1_99' title='bbox 2100 443 2192 498; x_wconf 88' lang='lat' dir='ltr'>hic</span> <span class='ocrx_word' id='word_1_100' title='bbox 2223 446 2272 511; x_wconf 78' lang='grc' dir='ltr'>Α</span> 
     </span>
    </p>
   </div>
   <div class='ocr_carea' id='block_1_18' title="bbox 3781 333 3870 394">
    <p class='ocr_par' dir='ltr' id='par_1_18' title="bbox 3781 333 3870 394">
     <span class='ocr_line' id='line_1_18' title="bbox 3781 333 3870 394; baseline 0.045 -4"><span class='ocrx_word' id='word_1_101' title='bbox 3781 333 3870 394; x_wconf 74' lang='grc'>552</span> 
     </span>
    </p>
   </div>
   <div class='ocr_carea' id='block_1_19' title="bbox 2374 446 3878 534">
    <p class='ocr_par' dir='ltr' id='par_1_19' title="bbox 2374 446 3878 534">
     <span class='ocr_line' id='line_1_19' title="bbox 2374 446 3878 534; baseline 0.014 -35"><span class='ocrx_word' id='word_1_102' title='bbox 2374 447 2432 500; x_wconf 85' lang='grc' dir='ltr'>Ἡ</span> <span class='ocrx_word' id='word_1_103' title='bbox 2467 447 2506 508; x_wconf 84' lang='grc' dir='ltr'>ς’</span> <span class='ocrx_word' id='word_1_104' title='bbox 2536 446 2610 508; x_wconf 86' lang='grc' dir='ltr'>ὡς</span> <span class='ocrx_word' id='word_1_105' title='bbox 2659 448 2847 523; x_wconf 78' lang='grc' dir='ltr'>Μόψος</span> <span class='ocrx_word' id='word_1_106' title='bbox 2894 453 2922 505; x_wconf 98' lang='lat'>6</span> <span class='ocrx_word' id='word_1_107' title='bbox 2981 451 3199 524; x_wconf 82' lang='grc' dir='ltr'>Μάντης</span> <span class='ocrx_word' id='word_1_108' title='bbox 3227 456 3270 492; x_wconf 75' lang='grc' dir='ltr'>³ο</span> <span class='ocrx_word' id='word_1_109' title='bbox 3321 455 3408 513; x_wconf 76' lang='grc' dir='ltr'>καὶ</span> <span class='ocrx_word' id='word_1_110' title='bbox 3443 459 3763 526; x_wconf 76' lang='grc' dir='ltr'>’Λπόλλωνος</span> <span class='ocrx_word' id='word_1_111' title='bbox 3801 469 3878 534; x_wconf 76' lang='grc' dir='ltr'>τῆς</span> 
     </span>
    </p>
   </div>
   <div class='ocr_carea' id='block_1_20' title="bbox 2300 536 3874 626">
    <p class='ocr_par' dir='ltr' id='par_1_20' title="bbox 2300 536 3874 626">
     <span class='ocr_line' id='line_1_20' title="bbox 2300 536 3874 626; baseline 0.014 -39"><span class='ocrx_word' id='word_1_112' title='bbox 2300 536 2508 606; x_wconf 82' lang='grc' dir='ltr'>μητρὸς</span> <span class='ocrx_word' id='word_1_113' title='bbox 2537 537 2944 610; x_wconf 72' lang='grc' dir='ltr'>τελευτησάσης</span> <span class='ocrx_word' id='word_1_114' title='bbox 2994 540 3271 618; x_wconf 74' lang='grc' dir='ltr'>ἐκδέχεται</span> <span class='ocrx_word' id='word_1_115' title='bbox 3301 544 3508 619; x_wconf 77' lang='grc' dir='ltr'>κλῆρον</span> <span class='ocrx_word' id='word_1_116' title='bbox 3537 549 3591 603; x_wconf 81' lang='grc' dir='ltr'>τὸ</span> <span class='ocrx_word' id='word_1_117' title='bbox 3625 549 3667 605; x_wconf 86' lang='grc' dir='ltr'>έν</span> <span class='ocrx_word' id='word_1_118' title='bbox 3715 553 3874 626; x_wconf 76' lang='grc' dir='ltr'>Κλάρῳ</span> 
     </span>
    </p>
   </div>
   <div class='ocr_carea' id='block_1_21' title="bbox 2295 617 3882 718">
    <p class='ocr_par' dir='ltr' id='par_1_21' title="bbox 2295 617 3882 718">
     <span class='ocr_line' id='line_1_21' title="bbox 2295 617 3882 718; baseline 0.012 -40"><span class='ocrx_word' id='word_1_119' title='bbox 2295 617 2652 690; x_wconf 82' lang='grc' dir='ltr'>’Λπόλλωνος</span> <span class='ocrx_word' id='word_1_120' title='bbox 2708 635 2980 700; x_wconf 81' lang='grc' dir='ltr'>μαντεῖον.</span> <span class='ocrx_word' id='word_1_121' title='bbox 3013 635 3137 686; x_wconf 80' lang='grc' dir='ltr'>Κατ’</span> <span class='ocrx_word' id='word_1_122' title='bbox 3169 632 3344 688; x_wconf 84' lang='grc' dir='ltr'>ἐκεῖνο</span> <span class='ocrx_word' id='word_1_123' title='bbox 3401 633 3454 690; x_wconf 74' lang='grc' dir='ltr'>δὲ</span> <span class='ocrx_word' id='word_1_124' title='bbox 3484 645 3657 711; x_wconf 90' lang='grc' dir='ltr'>καιροῦ</span> <span class='ocrx_word' id='word_1_125' title='bbox 3686 642 3882 718; x_wconf 52' lang='grc' dir='ltr'>ἀφικνεῖ-</span> 
     </span>
    </p>
   </div>
   <div class='ocr_carea' id='block_1_22' title="bbox 2293 714 3880 804">
    <p class='ocr_par' dir='ltr' id='par_1_22' title="bbox 2293 714 3880 804">
     <span class='ocr_line' id='line_1_22' title="bbox 2293 714 3880 804; baseline 0.011 -36"><span class='ocrx_word' id='word_1_126' title='bbox 2293 735 2379 769; x_wconf 84' lang='grc' dir='ltr'>ται</span> <span class='ocrx_word' id='word_1_127' title='bbox 2415 714 2628 778; x_wconf 86' lang='grc' dir='ltr'>Κάλκας</span> <span class='ocrx_word' id='word_1_128' title='bbox 2661 718 2736 779; x_wconf 80' lang='grc' dir='ltr'>εἰς</span> <span class='ocrx_word' id='word_1_129' title='bbox 2771 718 3092 797; x_wconf 63' lang='grc' dir='ltr'>Κολοφῶνα,</span> <span class='ocrx_word' id='word_1_130' title='bbox 3125 722 3175 776; x_wconf 85' lang='grc' dir='ltr'>ἐν</span> <span class='ocrx_word' id='word_1_131' title='bbox 3198 724 3242 794; x_wconf 83' lang='grc' dir='ltr'>ᾧ</span> <span class='ocrx_word' id='word_1_132' title='bbox 3277 724 3466 797; x_wconf 66' lang='grc' dir='ltr'>Μόψος</span> <span class='ocrx_word' id='word_1_133' title='bbox 3513 723 3640 803; x_wconf 81' lang='grc' dir='ltr'>ἔχων</span> <span class='ocrx_word' id='word_1_134' title='bbox 3689 714 3880 804; x_wconf 47' lang='lat' dir='ltr'>{ipsum</span> 
     </span>
    </p>
   </div>
   <div class='ocr_carea' id='block_1_23' title="bbox 2299 807 3877 888">
    <p class='ocr_par' dir='ltr' id='par_1_23' title="bbox 2299 807 3877 888">
     <span class='ocr_line' id='line_1_23' title="bbox 2299 807 3877 888; baseline 0.01 -31"><span class='ocrx_word' id='word_1_135' title='bbox 2299 811 2550 876; x_wconf 76' lang='grc' dir='ltr'>μαντεῖον</span> <span class='ocrx_word' id='word_1_136' title='bbox 2573 808 2639 873; x_wconf 77' lang='grc'>⁸¹,</span> <span class='ocrx_word' id='word_1_137' title='bbox 2676 807 2812 879; x_wconf 81' lang='grc' dir='ltr'>μετᾶ</span> <span class='ocrx_word' id='word_1_138' title='bbox 2841 809 3037 879; x_wconf 82' lang='grc' dir='ltr'>Τροίας</span> <span class='ocrx_word' id='word_1_139' title='bbox 3070 809 3430 886; x_wconf 67' lang='grc' dir='ltr'>πλανώμενος</span> <span class='ocrx_word' id='word_1_140' title='bbox 3462 815 3670 873; x_wconf 73' lang='grc' dir='ltr'>ἅλωσιν.</span> <span class='ocrx_word' id='word_1_141' title='bbox 3693 821 3877 888; x_wconf 75' lang='grc' dir='ltr'>Ἠριζον</span> 
     </span>
    </p>
   </div>
   <div class='ocr_carea' id='block_1_24' title="bbox 2296 890 3879 984">
    <p class='ocr_par' dir='ltr' id='par_1_24' title="bbox 2296 890 3879 982">
     <span class='ocr_line' id='line_1_24' title="bbox 2296 890 3879 982; baseline 0.01 -36"><span class='ocrx_word' id='word_1_142' title='bbox 2296 890 2388 947; x_wconf 76' lang='grc' dir='ltr'>οὖν</span> <span class='ocrx_word' id='word_1_143' title='bbox 2439 893 2524 948; x_wconf 78' lang='grc' dir='ltr'>ἐπὶ</span> <span class='ocrx_word' id='word_1_144' title='bbox 2572 895 2714 951; x_wconf 77' lang='grc' dir='ltr'>πολὺ</span> <span class='ocrx_word' id='word_1_145' title='bbox 2787 896 3083 968; x_wconf 73' lang='grc' dir='ltr'>ἀλλήλοις,</span> <span class='ocrx_word' id='word_1_146' title='bbox 3139 903 3227 956; x_wconf 85' lang='grc' dir='ltr'>καὶ</span> <span class='ocrx_word' id='word_1_147' title='bbox 3283 904 3625 982; x_wconf 65' lang='grc' dir='ltr'>Ἀμρίμαγος</span> <span class='ocrx_word' id='word_1_148' title='bbox 3671 908 3879 962; x_wconf 68' lang='grc' dir='ltr'>ὁᾹυκίων</span> 
     </span>
    </p>
   </div>
   <div class='ocr_carea' id='block_1_25' title="bbox 2299 981 3880 1070">
    <p class='ocr_par' dir='ltr' id='par_1_25' title="bbox 2299 981 3880 1070">
     <span class='ocr_line' id='line_1_25' title="bbox 2299 981 3880 1070; baseline 0.011 -35"><span class='ocrx_word' id='word_1_149' title='bbox 2299 982 2551 1056; x_wconf 75' lang='grc' dir='ltr'>βασιλεὺς</span> <span class='ocrx_word' id='word_1_150' title='bbox 2609 983 2724 1039; x_wconf 77' lang='grc' dir='ltr'>λόει</span> <span class='ocrx_word' id='word_1_151' title='bbox 2780 987 2878 1055; x_wconf 76' lang='grc' dir='ltr'>τὴν</span> <span class='ocrx_word' id='word_1_152' title='bbox 2935 981 3044 1062; x_wconf 73' lang='grc' dir='ltr'>ἔριν</span> <span class='ocrx_word' id='word_1_153' title='bbox 3078 1005 3094 1017; x_wconf 83' lang='grc'><em>’</em></span> <span class='ocrx_word' id='word_1_154' title='bbox 3141 988 3227 1044; x_wconf 79' lang='grc' dir='ltr'>ἐπὶ</span> <span class='ocrx_word' id='word_1_155' title='bbox 3277 981 3663 1070; x_wconf 37' lang='grc' dir='ltr'>πόλεμον-γάρ</span> <span class='ocrx_word' id='word_1_156' title='bbox 3714 997 3880 1066; x_wconf 72' lang='grc' dir='ltr'>ἐξιόντα</span> 
     </span>
    </p>
   </div>
   <div class='ocr_carea' id='block_1_26' title="bbox 2296 1071 3889 1160">
    <p class='ocr_par' dir='ltr' id='par_1_26' title="bbox 2296 1071 3889 1160">
     <span class='ocr_line' id='line_1_26' title="bbox 2296 1071 3889 1160; baseline 0.009 -36"><span class='ocrx_word' id='word_1_157' title='bbox 2296 1071 2488 1160; x_wconf 67' lang='grc' dir='ltr'>Μόψος</span> <span class='ocrx_word' id='word_1_158' title='bbox 2549 1073 2640 1146; x_wconf 72' lang='grc' dir='ltr'>μὲν</span> <span class='ocrx_word' id='word_1_159' title='bbox 2700 1073 2938 1130; x_wconf 81' lang='grc' dir='ltr'>ἐκώλυεν</span> <span class='ocrx_word' id='word_1_160' title='bbox 2973 1080 3019 1112; x_wconf 62' lang='grc'><strong>³³</strong></span> <span class='ocrx_word' id='word_1_161' title='bbox 3046 1079 3213 1146; x_wconf 80' lang='grc' dir='ltr'>ἧτταν</span> <span class='ocrx_word' id='word_1_162' title='bbox 3264 1081 3673 1159; x_wconf 85' lang='grc' dir='ltr'>προαγγέλλων,</span> <span class='ocrx_word' id='word_1_163' title='bbox 3702 1084 3889 1160; x_wconf 75' lang='grc' dir='ltr'>Κάλχας</span> 
     </span>
    </p>
   </div>
   <div class='ocr_carea' id='block_1_27' title="bbox 2297 1157 3883 1244">
    <p class='ocr_par' dir='ltr' id='par_1_27' title="bbox 2297 1157 3883 1244">
     <span class='ocr_line' id='line_1_27' title="bbox 2297 1157 3883 1244; baseline 0.009 -30"><span class='ocrx_word' id='word_1_164' title='bbox 2297 1157 2354 1214; x_wconf 78' lang='grc' dir='ltr'>δὲ</span> <span class='ocrx_word' id='word_1_165' title='bbox 2405 1160 2661 1237; x_wconf 84' lang='grc' dir='ltr'>ἐπέτρεπε</span> <span class='ocrx_word' id='word_1_166' title='bbox 2718 1164 2876 1234; x_wconf 88' lang='grc' dir='ltr'>νίκην</span> <span class='ocrx_word' id='word_1_167' title='bbox 2936 1167 3236 1238; x_wconf 88' lang='grc' dir='ltr'>σημαίνων,</span> <span class='ocrx_word' id='word_1_168' title='bbox 3269 1170 3358 1224; x_wconf 78' lang='grc' dir='ltr'>καὶ</span> <span class='ocrx_word' id='word_1_169' title='bbox 3410 1173 3645 1244; x_wconf 74' lang='grc' dir='ltr'>ἡττᾶται,</span> <span class='ocrx_word' id='word_1_170' title='bbox 3670 1173 3749 1228; x_wconf 81' lang='grc' dir='ltr'>καὶ</span> <span class='ocrx_word' id='word_1_171' title='bbox 3793 1174 3883 1228; x_wconf 82' lang='grc' dir='ltr'>Μό-</span> 
     </span>
    </p>
   </div>
   <div class='ocr_carea' id='block_1_28' title="bbox 2295 1252 3889 1340">
    <p class='ocr_par' dir='ltr' id='par_1_28' title="bbox 2295 1252 3889 1340">
     <span class='ocr_line' id='line_1_28' title="bbox 2295 1252 3889 1340; baseline 0.006 -36"><span class='ocrx_word' id='word_1_172' title='bbox 2295 1253 2395 1340; x_wconf 47' lang='grc' dir='ltr'>ψος</span> <span class='ocrx_word' id='word_1_173' title='bbox 2439 1253 2532 1323; x_wconf 76' lang='grc' dir='ltr'>μὲν</span> <span class='ocrx_word' id='word_1_174' title='bbox 2580 1252 2666 1307; x_wconf 84' lang='grc' dir='ltr'>ἐπὶ</span> <span class='ocrx_word' id='word_1_175' title='bbox 2719 1252 2932 1326; x_wconf 74' lang='grc' dir='ltr'>μᾶλλον</span> <span class='ocrx_word' id='word_1_176' title='bbox 2969 1257 3014 1292; x_wconf 76' lang='grc'>³³</span> <span class='ocrx_word' id='word_1_177' title='bbox 3070 1255 3334 1330; x_wconf 74' lang='grc' dir='ltr'>ἐτιμήθη,</span> <span class='ocrx_word' id='word_1_178' title='bbox 3379 1258 3596 1340; x_wconf 75' lang='grc' dir='ltr'>Κάλχας</span> <span class='ocrx_word' id='word_1_179' title='bbox 3641 1260 3681 1316; x_wconf 80' lang='grc' dir='ltr'>δ’</span> <span class='ocrx_word' id='word_1_180' title='bbox 3732 1263 3889 1317; x_wconf 67' lang='grc' dir='ltr'>ἑαυτὸν</span> 
     </span>
    </p>
   </div>
   <div class='ocr_carea' id='block_1_29' title="bbox 2299 1337 2658 1416">
    <p class='ocr_par' dir='ltr' id='par_1_29' title="bbox 2299 1337 2658 1416">
     <span class='ocr_line' id='line_1_29' title="bbox 2299 1337 2658 1416; baseline 0.014 -23"><span class='ocrx_word' id='word_1_181' title='bbox 2299 1337 2658 1416; x_wconf 68' lang='grc' dir='ltr'>διεχρήσατο.</span> 
     </span>
    </p>
   </div>
   <div class='ocr_carea' id='block_1_30' title="bbox 2365 1594 3895 1674">
    <p class='ocr_par' dir='ltr' id='par_1_30' title="bbox 2365 1594 3895 1674">
     <span class='ocr_line' id='line_1_30' title="bbox 2365 1594 3895 1674; baseline 0.003 -22"><span class='ocrx_word' id='word_1_182' title='bbox 2365 1598 2428 1652; x_wconf 84' lang='grc' dir='ltr'>Ἡ</span> <span class='ocrx_word' id='word_1_183' title='bbox 2463 1599 2503 1667; x_wconf 84' lang='grc' dir='ltr'>ζ’</span> <span class='ocrx_word' id='word_1_184' title='bbox 2535 1594 2801 1673; x_wconf 84' lang='grc' dir='ltr'>διηγεῖται</span> <span class='ocrx_word' id='word_1_185' title='bbox 2861 1599 2936 1663; x_wconf 83' lang='grc' dir='ltr'>ὡς</span> <span class='ocrx_word' id='word_1_186' title='bbox 2990 1599 3306 1674; x_wconf 75' lang='grc' dir='ltr'>Φιλάμμων</span> <span class='ocrx_word' id='word_1_187' title='bbox 3365 1610 3495 1666; x_wconf 85' lang='grc' dir='ltr'>παῖς</span> <span class='ocrx_word' id='word_1_188' title='bbox 3545 1602 3895 1673; x_wconf 73' lang='grc' dir='ltr'>Φιλωνίδος,ἢ</span> 
     </span>
    </p>
   </div>
   <div class='ocr_carea' id='block_1_31' title="bbox 2293 1685 3897 1766">
    <p class='ocr_par' dir='ltr' id='par_1_31' title="bbox 2293 1685 3897 1766">
     <span class='ocr_line' id='line_1_31' title="bbox 2293 1685 3897 1766; baseline 0.003 -25"><span class='ocrx_word' id='word_1_189' title='bbox 2293 1685 2508 1762; x_wconf 88' lang='grc' dir='ltr'>γέγονεν</span> <span class='ocrx_word' id='word_1_190' title='bbox 2560 1686 2610 1757; x_wconf 77' lang='grc' dir='ltr'>ἐξ</span> <span class='ocrx_word' id='word_1_191' title='bbox 2649 1687 2964 1765; x_wconf 81' lang='grc' dir='ltr'>Ἑωσιρόρου</span> <span class='ocrx_word' id='word_1_192' title='bbox 3005 1691 3094 1744; x_wconf 80' lang='grc' dir='ltr'>καὶ</span> <span class='ocrx_word' id='word_1_193' title='bbox 3158 1687 3461 1754; x_wconf 79' lang='grc' dir='ltr'>Κλεοϐοίας</span> <span class='ocrx_word' id='word_1_194' title='bbox 3524 1691 3572 1747; x_wconf 77' lang='grc' dir='ltr'>ἒν</span> <span class='ocrx_word' id='word_1_195' title='bbox 3630 1697 3817 1766; x_wconf 84' lang='grc' dir='ltr'>Θορικῷ</span> <span class='ocrx_word' id='word_1_196' title='bbox 3860 1694 3897 1728; x_wconf 74' lang='grc'>³⁴</span> 
     </span>
    </p>
   </div>
   <div class='ocr_carea' id='block_1_32' title="bbox 547 1776 2185 1860">
    <p class='ocr_par' dir='ltr' id='par_1_32' title="bbox 547 1782 2184 1853">
     <span class='ocr_line' id='line_1_32' title="bbox 547 1782 2184 1853; baseline 0 -17"><span class='ocrx_word' id='word_1_197' title='bbox 547 1793 682 1836; x_wconf 88' lang='lat' dir='ltr'>nata</span> <span class='ocrx_word' id='word_1_198' title='bbox 714 1788 822 1849; x_wconf 80' lang='lat' dir='ltr'>est,</span> <span class='ocrx_word' id='word_1_199' title='bbox 854 1782 1155 1838; x_wconf 85' lang='lat' dir='ltr'>excellenti</span> <span class='ocrx_word' id='word_1_200' title='bbox 1207 1783 1467 1853; x_wconf 90' lang='lat' dir='ltr'>corporis</span> <span class='ocrx_word' id='word_1_201' title='bbox 1501 1782 1936 1850; x_wconf 87' lang='lat' dir='ltr'>pulchritudine</span> <span class='ocrx_word' id='word_1_202' title='bbox 1985 1783 2184 1838; x_wconf 81' lang='lat' dir='ltr'>fuisse.</span> 
     </span>
    </p>
   </div>
   <div class='ocr_carea' id='block_1_33' title="bbox 2290 1776 3896 1860">
    <p class='ocr_par' dir='ltr' id='par_1_33' title="bbox 2295 1777 3896 1860">
     <span class='ocr_line' id='line_1_33' title="bbox 2295 1777 3896 1860; baseline 0.003 -31"><span class='ocrx_word' id='word_1_203' title='bbox 2295 1783 2395 1844; x_wconf 77' lang='grc' dir='ltr'>τῆς</span> <span class='ocrx_word' id='word_1_204' title='bbox 2431 1778 2698 1842; x_wconf 80' lang='grc' dir='ltr'>Ἀττικῆς,</span> <span class='ocrx_word' id='word_1_205' title='bbox 2731 1777 2890 1838; x_wconf 81' lang='grc' dir='ltr'>οὗτος</span> <span class='ocrx_word' id='word_1_206' title='bbox 2924 1779 2951 1832; x_wconf 89' lang='lat'>6</span> <span class='ocrx_word' id='word_1_207' title='bbox 2985 1777 3302 1854; x_wconf 75' lang='grc' dir='ltr'>Φιλάμμων</span> <span class='ocrx_word' id='word_1_208' title='bbox 3338 1781 3614 1860; x_wconf 69' lang='grc' dir='ltr'>ὑπερφυὴς</span> <span class='ocrx_word' id='word_1_209' title='bbox 3636 1784 3692 1836; x_wconf 87' lang='grc' dir='ltr'>τὸ</span> <span class='ocrx_word' id='word_1_210' title='bbox 3719 1779 3896 1840; x_wconf 83' lang='grc' dir='ltr'>κάλλος</span> 
     </span>
    </p>
   </div>
   <div class='ocr_carea' id='block_1_34' title="bbox 548 1871 2190 1943">
    <p class='ocr_par' dir='ltr' id='par_1_34' title="bbox 548 1871 2190 1943">
     <span class='ocr_line' id='line_1_34' title="bbox 548 1871 2190 1943; baseline 0.001 -17"><span class='ocrx_word' id='word_1_211' title='bbox 548 1871 942 1943; x_wconf 83' lang='lat' dir='ltr'>Nympharum</span> <span class='ocrx_word' id='word_1_212' title='bbox 994 1871 1184 1942; x_wconf 81' lang='lat' dir='ltr'>itaque</span> <span class='ocrx_word' id='word_1_213' title='bbox 1219 1889 1395 1926; x_wconf 91' lang='lat' dir='ltr'>unam</span> <span class='ocrx_word' id='word_1_214' title='bbox 1438 1872 1819 1928; x_wconf 88' lang='lat' dir='ltr'>adolescentis</span> <span class='ocrx_word' id='word_1_215' title='bbox 1864 1889 2059 1927; x_wconf 90' lang='lat' dir='ltr'>amore</span> <span class='ocrx_word' id='word_1_216' title='bbox 2098 1888 2190 1928; x_wconf 90' lang='lat' dir='ltr'>ca-</span> 
     </span>
    </p>
   </div>
   <div class='ocr_carea' id='block_1_35' title="bbox 548 1960 2187 2033">
    <p class='ocr_par' dir='ltr' id='par_1_35' title="bbox 548 1960 2187 2033">
     <span class='ocr_line' id='line_1_35' title="bbox 548 1960 2187 2033; baseline 0.001 -20"><span class='ocrx_word' id='word_1_217' title='bbox 548 1968 706 2033; x_wconf 87' lang='lat' dir='ltr'>ptam</span> <span class='ocrx_word' id='word_1_218' title='bbox 741 1960 877 2031; x_wconf 84' lang='lat'>(68),</span> <span class='ocrx_word' id='word_1_219' title='bbox 921 1965 1151 2015; x_wconf 88' lang='lat' dir='ltr'>uterum</span> <span class='ocrx_word' id='word_1_220' title='bbox 1186 1962 1360 2016; x_wconf 89' lang='lat' dir='ltr'>etiam</span> <span class='ocrx_word' id='word_1_221' title='bbox 1403 1977 1471 2015; x_wconf 82' lang='lat' dir='ltr'>ex</span> <span class='ocrx_word' id='word_1_222' title='bbox 1503 1960 1600 2015; x_wconf 91' lang='lat' dir='ltr'>illo</span> <span class='ocrx_word' id='word_1_223' title='bbox 1648 1971 1925 2032; x_wconf 81' lang='lat' dir='ltr'>gestasse,</span> <span class='ocrx_word' id='word_1_224' title='bbox 1957 1978 2022 2017; x_wconf 87' lang='lat' dir='ltr'>ao</span> <span class='ocrx_word' id='word_1_225' title='bbox 2073 1978 2187 2032; x_wconf 74' lang='lat' dir='ltr'>prae</span> 
     </span>
    </p>
   </div>
   <div class='ocr_carea' id='block_1_36' title="bbox 544 2048 2188 2120">
    <p class='ocr_par' dir='ltr' id='par_1_36' title="bbox 544 2048 2188 2120">
     <span class='ocr_line' id='line_1_36' title="bbox 544 2048 2188 2120; baseline 0.001 -17"><span class='ocrx_word' id='word_1_226' title='bbox 544 2051 900 2106; x_wconf 83' lang='lat' dir='ltr'>verecundia</span> <span class='ocrx_word' id='word_1_227' title='bbox 967 2064 997 2103; x_wconf 90' lang='lat' dir='ltr'>e</span> <span class='ocrx_word' id='word_1_228' title='bbox 1052 2048 1447 2119; x_wconf 88' lang='lat' dir='ltr'>Peloponneso</span> <span class='ocrx_word' id='word_1_229' title='bbox 1495 2051 1845 2120; x_wconf 82' lang='lat' dir='ltr'>digressam,</span> <span class='ocrx_word' id='word_1_230' title='bbox 1897 2055 1953 2104; x_wconf 88' lang='lat' dir='ltr'>et</span> <span class='ocrx_word' id='word_1_231' title='bbox 2009 2049 2188 2104; x_wconf 89' lang='lat' dir='ltr'>littori</span> 
     </span>
    </p>
   </div>
   <div class='ocr_carea' id='block_1_37' title="bbox 549 2136 2187 2210">
    <p class='ocr_par' dir='ltr' id='par_1_37' title="bbox 549 2136 2187 2210">
     <span class='ocr_line' id='line_1_37' title="bbox 549 2136 2187 2210; baseline 0.002 -19"><span class='ocrx_word' id='word_1_232' title='bbox 549 2141 829 2210; x_wconf 70' lang='lat' dir='ltr'>[adverso]</span> <span class='ocrx_word' id='word_1_233' title='bbox 861 2136 1166 2208; x_wconf 84' lang='lat' dir='ltr'>appulsam</span> <span class='ocrx_word' id='word_1_234' title='bbox 1219 2137 1524 2207; x_wconf 81' lang='lat' dir='ltr'>Thamyrin</span> <span class='ocrx_word' id='word_1_235' title='bbox 1571 2140 1679 2208; x_wconf 83' lang='grc'>(69)</span> <span class='ocrx_word' id='word_1_236' title='bbox 1730 2140 2046 2210; x_wconf 87' lang='lat' dir='ltr'>peperisse.</span> <span class='ocrx_word' id='word_1_237' title='bbox 2081 2139 2187 2202; x_wconf 90' lang='lat' dir='ltr'>Qui</span> 
     </span>
    </p>
   </div>
   <div class='ocr_carea' id='block_1_38' title="bbox 549 2228 2187 2299">
    <p class='ocr_par' dir='ltr' id='par_1_38' title="bbox 549 2228 2187 2299">
     <span class='ocr_line' id='line_1_38' title="bbox 549 2228 2187 2299; baseline 0.001 -17"><span class='ocrx_word' id='word_1_238' title='bbox 549 2244 681 2282; x_wconf 90' lang='lat' dir='ltr'>cum</span> <span class='ocrx_word' id='word_1_239' title='bbox 711 2244 778 2282; x_wconf 87' lang='lat' dir='ltr'>ex</span> <span class='ocrx_word' id='word_1_240' title='bbox 808 2228 1050 2299; x_wconf 87' lang='lat' dir='ltr'>ephebis</span> <span class='ocrx_word' id='word_1_241' title='bbox 1089 2229 1353 2294; x_wconf 87' lang='lat' dir='ltr'>excessit,</span> <span class='ocrx_word' id='word_1_242' title='bbox 1386 2244 1508 2283; x_wconf 83' lang='lat' dir='ltr'>eam</span> <span class='ocrx_word' id='word_1_243' title='bbox 1541 2233 1630 2283; x_wconf 88' lang='lat' dir='ltr'>est</span> <span class='ocrx_word' id='word_1_244' title='bbox 1679 2229 1894 2284; x_wconf 82' lang='lat' dir='ltr'>ﬁdibus</span> <span class='ocrx_word' id='word_1_245' title='bbox 1926 2230 2187 2285; x_wconf 90' lang='lat' dir='ltr'>canendo</span> 
     </span>
    </p>
   </div>
   <div class='ocr_carea' id='block_1_39' title="bbox 548 2317 2186 2389">
    <p class='ocr_par' dir='ltr' id='par_1_39' title="bbox 548 2317 2186 2389">
     <span class='ocr_line' id='line_1_39' title="bbox 548 2317 2186 2389; baseline 0 -17"><span class='ocrx_word' id='word_1_246' title='bbox 548 2317 776 2373; x_wconf 89' lang='lat' dir='ltr'>laudem</span> <span class='ocrx_word' id='word_1_247' title='bbox 827 2322 1196 2386; x_wconf 83' lang='lat' dir='ltr'>consecutus,</span> <span class='ocrx_word' id='word_1_248' title='bbox 1232 2322 1292 2372; x_wconf 91' lang='lat' dir='ltr'>ut</span> <span class='ocrx_word' id='word_1_249' title='bbox 1335 2333 1528 2389; x_wconf 83' lang='lat' dir='ltr'>regem</span> <span class='ocrx_word' id='word_1_250' title='bbox 1579 2335 1712 2374; x_wconf 89' lang='lat' dir='ltr'>eum</span> <span class='ocrx_word' id='word_1_251' title='bbox 1766 2319 1903 2387; x_wconf 85' lang='lat' dir='ltr'>sibi,</span> <span class='ocrx_word' id='word_1_252' title='bbox 1955 2321 2186 2374; x_wconf 89' lang='lat' dir='ltr'>tametsi</span> 
     </span>
    </p>
   </div>
   <div class='ocr_carea' id='block_1_40' title="bbox 543 2404 2186 2478">
    <p class='ocr_par' dir='ltr' id='par_1_40' title="bbox 543 2404 2186 2478">
     <span class='ocr_line' id='line_1_40' title="bbox 543 2404 2186 2478; baseline 0.004 -20"><span class='ocrx_word' id='word_1_253' title='bbox 543 2404 889 2476; x_wconf 86' lang='lat' dir='ltr'>peregrinus</span> <span class='ocrx_word' id='word_1_254' title='bbox 921 2410 1094 2472; x_wconf 87' lang='lat' dir='ltr'>esset,</span> <span class='ocrx_word' id='word_1_255' title='bbox 1119 2405 1344 2478; x_wconf 59' lang='lat' dir='ltr'>Scytha;</span> <span class='ocrx_word' id='word_1_256' title='bbox 1379 2407 1647 2463; x_wconf 88' lang='lat' dir='ltr'>crearint.</span> <span class='ocrx_word' id='word_1_257' title='bbox 1680 2409 1861 2463; x_wconf 90' lang='lat' dir='ltr'>Cantu</span> <span class='ocrx_word' id='word_1_258' title='bbox 1895 2424 2026 2465; x_wconf 90' lang='lat' dir='ltr'>vero</span> <span class='ocrx_word' id='word_1_259' title='bbox 2055 2425 2186 2464; x_wconf 89' lang='lat' dir='ltr'>cum</span> 
     </span>
    </p>
   </div>
   <div class='ocr_carea' id='block_1_41' title="bbox 545 2495 2185 2569">
    <p class='ocr_par' dir='ltr' id='par_1_41' title="bbox 545 2495 2185 2569">
     <span class='ocr_line' id='line_1_41' title="bbox 545 2495 2185 2569; baseline 0.004 -22"><span class='ocrx_word' id='word_1_260' title='bbox 545 2495 691 2565; x_wconf 88' lang='lat' dir='ltr'>ipsis</span> <span class='ocrx_word' id='word_1_261' title='bbox 725 2495 901 2550; x_wconf 86' lang='lat' dir='ltr'>Musis</span> <span class='ocrx_word' id='word_1_262' title='bbox 933 2497 1316 2562; x_wconf 85' lang='lat' dir='ltr'>contendens,</span> <span class='ocrx_word' id='word_1_263' title='bbox 1348 2495 1718 2568; x_wconf 67' lang='lat' dir='ltr'>praemiisque</span> <span class='ocrx_word' id='word_1_264' title='bbox 1748 2496 1946 2552; x_wconf 88' lang='lat' dir='ltr'>victori</span> <span class='ocrx_word' id='word_1_265' title='bbox 1980 2515 2185 2569; x_wconf 92' lang='lat' dir='ltr'>propo-</span> 
     </span>
    </p>
   </div>
   <div class='ocr_carea' id='block_1_42' title="bbox 551 2581 2184 2656">
    <p class='ocr_par' dir='ltr' id='par_1_42' title="bbox 551 2581 2184 2656">
     <span class='ocr_line' id='line_1_42' title="bbox 551 2581 2184 2656; baseline 0.004 -20"><span class='ocrx_word' id='word_1_266' title='bbox 551 2583 703 2650; x_wconf 87' lang='lat' dir='ltr'>sitis,</span> <span class='ocrx_word' id='word_1_267' title='bbox 728 2581 810 2636; x_wconf 90' lang='lat' dir='ltr'>illi</span> <span class='ocrx_word' id='word_1_268' title='bbox 843 2583 1079 2653; x_wconf 88' lang='lat' dir='ltr'>quidem</span> <span class='ocrx_word' id='word_1_269' title='bbox 1109 2582 1405 2638; x_wconf 85' lang='lat' dir='ltr'>Musarum</span> <span class='ocrx_word' id='word_1_270' title='bbox 1429 2585 1763 2656; x_wconf 83' lang='lat' dir='ltr'>conjugium</span> <span class='ocrx_word' id='word_1_271' title='bbox 1788 2603 1801 2651; x_wconf 88' lang='lat'><strong>;</strong></span> <span class='ocrx_word' id='word_1_272' title='bbox 1829 2585 2010 2642; x_wconf 90' lang='lat' dir='ltr'>Musis</span> <span class='ocrx_word' id='word_1_273' title='bbox 2032 2603 2184 2654; x_wconf 85' lang='lat' dir='ltr'>vero,</span> 
     </span>
    </p>
   </div>
   <div class='ocr_carea' id='block_1_43' title="bbox 550 2671 2183 2748">
    <p class='ocr_par' dir='ltr' id='par_1_43' title="bbox 550 2671 2183 2748">
     <span class='ocr_line' id='line_1_43' title="bbox 550 2671 2183 2748; baseline 0.002 -22"><span class='ocrx_word' id='word_1_274' title='bbox 550 2671 702 2740; x_wconf 89' lang='lat' dir='ltr'>quod</span> <span class='ocrx_word' id='word_1_275' title='bbox 726 2673 854 2740; x_wconf 85' lang='lat' dir='ltr'>ejus</span> <span class='ocrx_word' id='word_1_276' title='bbox 877 2687 1125 2741; x_wconf 90' lang='lat' dir='ltr'>cumque</span> <span class='ocrx_word' id='word_1_277' title='bbox 1156 2671 1509 2742; x_wconf 84' lang='lat' dir='ltr'>delegissent</span> <span class='ocrx_word' id='word_1_278' title='bbox 1535 2690 1548 2740; x_wconf 89' lang='lat'><strong>;</strong></span> <span class='ocrx_word' id='word_1_279' title='bbox 1572 2675 1834 2729; x_wconf 89' lang='lat' dir='ltr'>canendo</span> <span class='ocrx_word' id='word_1_280' title='bbox 1859 2680 2183 2748; x_wconf 86' lang='lat' dir='ltr'>superatus,</span> 
     </span>
    </p>
   </div>
   <div class='ocr_carea' id='block_1_44' title="bbox 543 2759 1759 2831">
    <p class='ocr_par' dir='ltr' id='par_1_44' title="bbox 543 2759 1759 2831">
     <span class='ocr_line' id='line_1_44' title="bbox 543 2759 1759 2831; baseline 0.004 -17"><span class='ocrx_word' id='word_1_281' title='bbox 543 2760 844 2816; x_wconf 86' lang='lat' dir='ltr'>oculorum</span> <span class='ocrx_word' id='word_1_282' title='bbox 876 2759 988 2831; x_wconf 87' lang='grc'>(70)</span> <span class='ocrx_word' id='word_1_283' title='bbox 1021 2760 1351 2816; x_wconf 87' lang='lat' dir='ltr'>luminibus</span> <span class='ocrx_word' id='word_1_284' title='bbox 1381 2762 1619 2817; x_wconf 88' lang='lat' dir='ltr'>orbatus</span> <span class='ocrx_word' id='word_1_285' title='bbox 1651 2767 1759 2819; x_wconf 90' lang='lat' dir='ltr'>est.</span> 
     </span>
    </p>
   </div>
   <div class='ocr_carea' id='block_1_45' title="bbox 612 2847 2189 2922">
    <p class='ocr_par' dir='ltr' id='par_1_45' title="bbox 612 2847 2189 2922">
     <span class='ocr_line' id='line_1_45' title="bbox 612 2847 2189 2922; baseline 0.003 -20"><span class='ocrx_word' id='word_1_286' title='bbox 612 2851 825 2903; x_wconf 88' lang='lat' dir='ltr'>Octava</span> <span class='ocrx_word' id='word_1_287' title='bbox 873 2848 944 2903; x_wconf 92' lang='lat' dir='ltr'>de</span> <span class='ocrx_word' id='word_1_288' title='bbox 1005 2847 1208 2902; x_wconf 91' lang='lat' dir='ltr'>Proteo</span> <span class='ocrx_word' id='word_1_289' title='bbox 1257 2847 1520 2920; x_wconf 66' lang='lat' dir='ltr'>Egyptio</span> <span class='ocrx_word' id='word_1_290' title='bbox 1568 2858 1693 2905; x_wconf 89' lang='lat' dir='ltr'>vate</span> <span class='ocrx_word' id='word_1_291' title='bbox 1745 2855 1971 2917; x_wconf 88' lang='lat' dir='ltr'>narrat,</span> <span class='ocrx_word' id='word_1_292' title='bbox 2022 2852 2189 2922; x_wconf 88' lang='lat' dir='ltr'>cujus</span> 
     </span>
    </p>
   </div>
   <div class='ocr_carea' id='block_1_46' title="bbox 540 2935 2178 3010">
    <p class='ocr_par' dir='ltr' id='par_1_46' title="bbox 540 2935 2178 3010">
     <span class='ocr_line' id='line_1_46' title="bbox 540 2935 2178 3010; baseline 0.003 -20"><span class='ocrx_word' id='word_1_293' title='bbox 540 2935 657 2991; x_wconf 79' lang='lat' dir='ltr'>tilia</span> <span class='ocrx_word' id='word_1_294' title='bbox 685 2937 956 2992; x_wconf 91' lang='lat' dir='ltr'>Theonoe</span> <span class='ocrx_word' id='word_1_295' title='bbox 987 2938 1204 2994; x_wconf 86' lang='lat' dir='ltr'>Canobi</span> <span class='ocrx_word' id='word_1_296' title='bbox 1243 2937 1312 3008; x_wconf 86' lang='lat' dir='ltr'>(is</span> <span class='ocrx_word' id='word_1_297' title='bbox 1343 2938 1456 3009; x_wconf 90' lang='grc'>(71)</span> <span class='ocrx_word' id='word_1_298' title='bbox 1490 2937 1732 2994; x_wconf 90' lang='lat' dir='ltr'>Menelai</span> <span class='ocrx_word' id='word_1_299' title='bbox 1765 2939 1916 2994; x_wconf 90' lang='lat' dir='ltr'>illius</span> <span class='ocrx_word' id='word_1_300' title='bbox 1945 2939 2178 3010; x_wconf 84' lang='lat' dir='ltr'>Trojani</span> 
     </span>
    </p>
   </div>
   <div class='ocr_carea' id='block_1_47' title="bbox 543 3026 2181 3096">
    <p class='ocr_par' dir='ltr' id='par_1_47' title="bbox 543 3026 2181 3096">
     <span class='ocr_line' id='line_1_47' title="bbox 543 3026 2181 3096; baseline 0.001 -16"><span class='ocrx_word' id='word_1_301' title='bbox 543 3026 854 3082; x_wconf 88' lang='lat' dir='ltr'>nauclerus</span> <span class='ocrx_word' id='word_1_302' title='bbox 877 3027 1022 3096; x_wconf 86' lang='lat' dir='ltr'>erat)</span> <span class='ocrx_word' id='word_1_303' title='bbox 1051 3043 1245 3081; x_wconf 89' lang='lat' dir='ltr'>amore</span> <span class='ocrx_word' id='word_1_304' title='bbox 1277 3033 1465 3096; x_wconf 88' lang='lat' dir='ltr'>capta,</span> <span class='ocrx_word' id='word_1_305' title='bbox 1489 3037 1617 3082; x_wconf 90' lang='lat' dir='ltr'>voto</span> <span class='ocrx_word' id='word_1_306' title='bbox 1643 3029 1978 3086; x_wconf 80' lang='lat' dir='ltr'>frustratur.</span> <span class='ocrx_word' id='word_1_307' title='bbox 2008 3030 2181 3083; x_wconf 82' lang='lat' dir='ltr'>Addit</span> 
     </span>
    </p>
   </div>
   <div class='ocr_carea' id='block_1_48' title="bbox 2297 1862 3898 1945">
    <p class='ocr_par' dir='ltr' id='par_1_48' title="bbox 2297 1862 3898 1945">
     <span class='ocr_line' id='line_1_48' title="bbox 2297 1862 3898 1945; baseline 0.001 -26"><span class='ocrx_word' id='word_1_308' title='bbox 2297 1864 2668 1941; x_wconf 84' lang='grc' dir='ltr'>ἐγένετο.Μία</span> <span class='ocrx_word' id='word_1_309' title='bbox 2716 1862 2772 1919; x_wconf 77' lang='grc' dir='ltr'>δὲ</span> <span class='ocrx_word' id='word_1_310' title='bbox 2821 1870 2927 1920; x_wconf 80' lang='grc' dir='ltr'>τῶν</span> <span class='ocrx_word' id='word_1_311' title='bbox 2988 1873 3212 1945; x_wconf 60' lang='grc' dir='ltr'>νυμφῶν</span> <span class='ocrx_word' id='word_1_312' title='bbox 3272 1867 3366 1941; x_wconf 74' lang='grc' dir='ltr'>ἐρᾷ</span> <span class='ocrx_word' id='word_1_313' title='bbox 3423 1875 3520 1925; x_wconf 81' lang='grc' dir='ltr'>τοῦ</span> <span class='ocrx_word' id='word_1_314' title='bbox 3574 1871 3784 1940; x_wconf 78' lang='grc' dir='ltr'>νεανίου,</span> <span class='ocrx_word' id='word_1_315' title='bbox 3826 1870 3898 1922; x_wconf 76' lang='grc' dir='ltr'>καὶ</span> 
     </span>
    </p>
   </div>
   <div class='ocr_carea' id='block_1_49' title="bbox 2298 1955 3896 2038">
    <p class='ocr_par' dir='ltr' id='par_1_49' title="bbox 2298 1955 3896 2038">
     <span class='ocr_line' id='line_1_49' title="bbox 2298 1955 3896 2038; baseline 0.003 -29"><span class='ocrx_word' id='word_1_316' title='bbox 2298 1955 2549 2030; x_wconf 69' lang='grc' dir='ltr'>ἐγκύμων</span> <span class='ocrx_word' id='word_1_317' title='bbox 2605 1956 2823 2032; x_wconf 85' lang='grc' dir='ltr'>γίνεται.</span> <span class='ocrx_word' id='word_1_318' title='bbox 2860 1956 3169 2032; x_wconf 79' lang='grc' dir='ltr'>Αἰδουμένη</span> <span class='ocrx_word' id='word_1_319' title='bbox 3232 1959 3276 2014; x_wconf 82' lang='grc' dir='ltr'>δ’</span> <span class='ocrx_word' id='word_1_320' title='bbox 3319 1961 3538 2038; x_wconf 78' lang='grc' dir='ltr'>ἀπαίρει</span> <span class='ocrx_word' id='word_1_321' title='bbox 3597 1963 3896 2029; x_wconf 76' lang='grc' dir='ltr'>Πελοποννή-</span> 
     </span>
    </p>
   </div>
   <div class='ocr_carea' id='block_1_50' title="bbox 2299 2045 3896 2126">
    <p class='ocr_par' dir='ltr' id='par_1_50' title="bbox 2299 2045 3896 2126">
     <span class='ocr_line' id='line_1_50' title="bbox 2299 2045 3896 2126; baseline 0.001 -26"><span class='ocrx_word' id='word_1_322' title='bbox 2299 2066 2414 2116; x_wconf 87' lang='grc' dir='ltr'>σου,</span> <span class='ocrx_word' id='word_1_323' title='bbox 2445 2045 2536 2100; x_wconf 81' lang='grc' dir='ltr'>καὶ</span> <span class='ocrx_word' id='word_1_324' title='bbox 2587 2045 2660 2107; x_wconf 85' lang='grc' dir='ltr'>εἷς</span> <span class='ocrx_word' id='word_1_325' title='bbox 2706 2048 2805 2114; x_wconf 78' lang='grc' dir='ltr'>τήν</span> <span class='ocrx_word' id='word_1_326' title='bbox 2853 2048 3018 2116; x_wconf 73' lang='grc' dir='ltr'>ἀκτήν</span> <span class='ocrx_word' id='word_1_327' title='bbox 3070 2051 3488 2126; x_wconf 70' lang='grc' dir='ltr'>παραγενομένη</span> <span class='ocrx_word' id='word_1_328' title='bbox 3531 2054 3688 2107; x_wconf 86' lang='grc' dir='ltr'>τίκτει</span> <span class='ocrx_word' id='word_1_329' title='bbox 3729 2056 3896 2123; x_wconf 86' lang='grc' dir='ltr'>κοῦρον</span> 
     </span>
    </p>
   </div>
   <div class='ocr_carea' id='block_1_51' title="bbox 2297 2131 3900 2216">
    <p class='ocr_par' dir='ltr' id='par_1_51' title="bbox 2297 2131 3900 2216">
     <span class='ocr_line' id='line_1_51' title="bbox 2297 2131 3900 2216; baseline 0 -25"><span class='ocrx_word' id='word_1_330' title='bbox 2297 2136 2558 2210; x_wconf 83' lang='grc' dir='ltr'>Θάμυριν,</span> <span class='ocrx_word' id='word_1_331' title='bbox 2591 2136 2648 2199; x_wconf 78' lang='grc' dir='ltr'>ὃς</span> <span class='ocrx_word' id='word_1_332' title='bbox 2690 2131 2901 2206; x_wconf 73' lang='grc' dir='ltr'>ἡϐήσας</span> <span class='ocrx_word' id='word_1_333' title='bbox 2933 2136 3019 2192; x_wconf 70' lang='grc' dir='ltr'>ἐπὶ</span> <span class='ocrx_word' id='word_1_334' title='bbox 3050 2144 3306 2194; x_wconf 75' lang='grc' dir='ltr'>τοσοῦτον</span> <span class='ocrx_word' id='word_1_335' title='bbox 3337 2143 3436 2210; x_wconf 76' lang='grc' dir='ltr'>ἧκε</span> <span class='ocrx_word' id='word_1_336' title='bbox 3497 2139 3801 2216; x_wconf 75' lang='grc' dir='ltr'>κιθαρῳδίας</span> <span class='ocrx_word' id='word_1_337' title='bbox 3841 2140 3900 2200; x_wconf 83' lang='grc' dir='ltr'>ὡς</span> 
     </span>
    </p>
   </div>
   <div class='ocr_carea' id='block_1_52' title="bbox 2295 2222 3900 2303">
    <p class='ocr_par' dir='ltr' id='par_1_52' title="bbox 2295 2222 3900 2303">
     <span class='ocr_line' id='line_1_52' title="bbox 2295 2222 3900 2303; baseline 0.001 -24"><span class='ocrx_word' id='word_1_338' title='bbox 2295 2224 2384 2279; x_wconf 85' lang='grc' dir='ltr'>καὶ</span> <span class='ocrx_word' id='word_1_339' title='bbox 2445 2222 2671 2299; x_wconf 85' lang='grc' dir='ltr'>βασιλέα</span> <span class='ocrx_word' id='word_1_340' title='bbox 2711 2229 2877 2303; x_wconf 77' lang='grc' dir='ltr'>σφῶν,</span> <span class='ocrx_word' id='word_1_341' title='bbox 2908 2227 3100 2301; x_wconf 87' lang='grc' dir='ltr'>καίπερ</span> <span class='ocrx_word' id='word_1_342' title='bbox 3141 2227 3420 2301; x_wconf 68' lang='grc' dir='ltr'>ἐπηλότην</span> <span class='ocrx_word' id='word_1_343' title='bbox 3465 2233 3513 2268; x_wconf 70' lang='grc'>³³³</span> <span class='ocrx_word' id='word_1_344' title='bbox 3555 2227 3696 2299; x_wconf 72' lang='grc' dir='ltr'>ὄντα,</span> <span class='ocrx_word' id='word_1_345' title='bbox 3725 2231 3900 2288; x_wconf 67' lang='grc' dir='ltr'>Σκῦῢις</span> 
     </span>
    </p>
   </div>
   <div class='ocr_carea' id='block_1_53' title="bbox 2296 2311 3900 2392">
    <p class='ocr_par' dir='ltr' id='par_1_53' title="bbox 2296 2311 3900 2392">
     <span class='ocr_line' id='line_1_53' title="bbox 2296 2311 3900 2392; baseline 0.006 -26"><span class='ocrx_word' id='word_1_346' title='bbox 2296 2313 2641 2382; x_wconf 74' lang='grc' dir='ltr'>ποιήσασθαι.</span> <span class='ocrx_word' id='word_1_347' title='bbox 2676 2312 2888 2386; x_wconf 84' lang='grc' dir='ltr'>Ἐρίσας</span> <span class='ocrx_word' id='word_1_348' title='bbox 2915 2311 2972 2368; x_wconf 70' lang='grc' dir='ltr'>δὲ</span> <span class='ocrx_word' id='word_1_349' title='bbox 3001 2315 3086 2370; x_wconf 79' lang='grc' dir='ltr'>καὶ</span> <span class='ocrx_word' id='word_1_350' title='bbox 3116 2317 3160 2352; x_wconf 79' lang='grc'>³⁸</span> <span class='ocrx_word' id='word_1_351' title='bbox 3179 2323 3296 2377; x_wconf 79' lang='grc' dir='ltr'>ταῖς</span> <span class='ocrx_word' id='word_1_352' title='bbox 3329 2318 3574 2380; x_wconf 67' lang='grc' dir='ltr'>Μώσαις</span> <span class='ocrx_word' id='word_1_353' title='bbox 3607 2320 3730 2392; x_wconf 71' lang='grc' dir='ltr'>ὑπὲρ</span> <span class='ocrx_word' id='word_1_354' title='bbox 3758 2314 3900 2389; x_wconf 76' lang='grc' dir='ltr'>ᾠδῆς.</span> 
     </span>
    </p>
   </div>
   <div class='ocr_carea' id='block_1_54' title="bbox 2294 2400 3902 2482">
    <p class='ocr_par' dir='ltr' id='par_1_54' title="bbox 2294 2400 3902 2482">
     <span class='ocr_line' id='line_1_54' title="bbox 2294 2400 3902 2482; baseline 0.006 -26"><span class='ocrx_word' id='word_1_355' title='bbox 2294 2402 2385 2456; x_wconf 80' lang='grc' dir='ltr'>καὶ</span> <span class='ocrx_word' id='word_1_356' title='bbox 2417 2400 2596 2456; x_wconf 80' lang='grc' dir='ltr'>ἄθλων</span> <span class='ocrx_word' id='word_1_357' title='bbox 2626 2405 2704 2473; x_wconf 84' lang='grc' dir='ltr'>τῷ</span> <span class='ocrx_word' id='word_1_358' title='bbox 2751 2405 3032 2472; x_wconf 74' lang='grc' dir='ltr'>νικήσαντι</span> <span class='ocrx_word' id='word_1_359' title='bbox 3073 2405 3354 2468; x_wconf 77' lang='grc' dir='ltr'>τεθέντων,</span> <span class='ocrx_word' id='word_1_360' title='bbox 3387 2407 3581 2482; x_wconf 78' lang='grc' dir='ltr'>ἐκείνῳ</span> <span class='ocrx_word' id='word_1_361' title='bbox 3616 2409 3703 2482; x_wconf 77' lang='grc' dir='ltr'>μὲν</span> <span class='ocrx_word' id='word_1_362' title='bbox 3729 2407 3838 2465; x_wconf 75' lang='grc' dir='ltr'>τοὺς</span> <span class='ocrx_word' id='word_1_363' title='bbox 3865 2403 3902 2440; x_wconf 65' lang='grc'>³⁷</span> 
     </span>
    </p>
   </div>
   <div class='ocr_carea' id='block_1_55' title="bbox 2299 2489 3902 2566">
    <p class='ocr_par' dir='ltr' id='par_1_55' title="bbox 2299 2489 3902 2566">
     <span class='ocr_line' id='line_1_55' title="bbox 2299 2489 3902 2566; baseline -0.001 -19"><span class='ocrx_word' id='word_1_364' title='bbox 2299 2493 2530 2548; x_wconf 76' lang='grc' dir='ltr'>Μουσῶν</span> <span class='ocrx_word' id='word_1_365' title='bbox 2597 2491 2826 2566; x_wconf 84' lang='grc' dir='ltr'>γάμους,</span> <span class='ocrx_word' id='word_1_366' title='bbox 2861 2489 3085 2556; x_wconf 76' lang='grc' dir='ltr'>ἐκείναις</span> <span class='ocrx_word' id='word_1_367' title='bbox 3142 2491 3198 2549; x_wconf 78' lang='grc' dir='ltr'>δὲ</span> <span class='ocrx_word' id='word_1_368' title='bbox 3235 2496 3263 2548; x_wconf 82' lang='grc' dir='ltr'><strong>’ὀ</strong></span> <span class='ocrx_word' id='word_1_369' title='bbox 3321 2492 3541 2554; x_wconf 72' lang='grc' dir='ltr'>ἕλοιντο</span> <span class='ocrx_word' id='word_1_370' title='bbox 3598 2501 3697 2552; x_wconf 78' lang='grc' dir='ltr'>τῶν</span> <span class='ocrx_word' id='word_1_371' title='bbox 3748 2493 3902 2558; x_wconf 75' lang='grc' dir='ltr'>αὐτοῦ,</span> 
     </span>
    </p>
   </div>
   <div class='ocr_carea' id='block_1_56' title="bbox 2298 2579 3338 2658">
    <p class='ocr_par' dir='ltr' id='par_1_56' title="bbox 2298 2579 3338 2658">
     <span class='ocr_line' id='line_1_56' title="bbox 2298 2579 3338 2658; baseline 0.003 -22"><span class='ocrx_word' id='word_1_372' title='bbox 2298 2581 2522 2653; x_wconf 78' lang='grc' dir='ltr'>ἐξεκόπη</span> <span class='ocrx_word' id='word_1_373' title='bbox 2555 2579 2680 2642; x_wconf 76' lang='grc' dir='ltr'>τοὺς</span> <span class='ocrx_word' id='word_1_374' title='bbox 2714 2579 3032 2658; x_wconf 75' lang='grc' dir='ltr'>ὀφθαλμοὺς</span> <span class='ocrx_word' id='word_1_375' title='bbox 3063 2584 3338 2653; x_wconf 57' lang='grc' dir='ltr'>θηττηθείς.</span> 
     </span>
    </p>
   </div>
   <div class='ocr_carea' id='block_1_57' title="bbox 2366 2836 3906 2918">
    <p class='ocr_par' dir='ltr' id='par_1_57' title="bbox 2366 2836 3906 2918">
     <span class='ocr_line' id='line_1_57' title="bbox 2366 2836 3906 2918; baseline -0.001 -23"><span class='ocrx_word' id='word_1_376' title='bbox 2366 2843 2427 2899; x_wconf 85' lang='grc' dir='ltr'><strong>Ἠ</strong></span> <span class='ocrx_word' id='word_1_377' title='bbox 2456 2844 2506 2911; x_wconf 88' lang='grc' dir='ltr'>η’</span> <span class='ocrx_word' id='word_1_378' title='bbox 2537 2843 2580 2879; x_wconf 79' lang='grc'>³⁸</span> <span class='ocrx_word' id='word_1_379' title='bbox 2613 2840 2884 2918; x_wconf 82' lang='grc' dir='ltr'>διηγεῖται</span> <span class='ocrx_word' id='word_1_380' title='bbox 2916 2841 2982 2898; x_wconf 77' lang='grc' dir='ltr'>τὰ</span> <span class='ocrx_word' id='word_1_381' title='bbox 3011 2842 3133 2917; x_wconf 84' lang='grc' dir='ltr'>περῖ</span> <span class='ocrx_word' id='word_1_382' title='bbox 3181 2842 3450 2916; x_wconf 79' lang='grc' dir='ltr'>Πρωτέως</span> <span class='ocrx_word' id='word_1_383' title='bbox 3504 2847 3600 2899; x_wconf 84' lang='grc' dir='ltr'>τοῦ</span> <span class='ocrx_word' id='word_1_384' title='bbox 3646 2836 3906 2914; x_wconf 70' lang='grc' dir='ltr'>Αἰγυπτίου</span> 
     </span>
    </p>
   </div>
   <div class='ocr_carea' id='block_1_58' title="bbox 2351 2920 3884 2966">
    <p class='ocr_par' dir='ltr' id='par_1_58' title="bbox 2351 2920 3884 2966">
     <span class='ocr_line' id='line_1_58' title="bbox 2351 2920 3884 2966; baseline 0 0"><span class='ocrx_word' id='word_1_385' title='bbox 2351 2932 2535 2966; x_wconf 57' lang='grc' dir='ltr'>ιηἐιηρ</span> <span class='ocrx_word' id='word_1_386' title='bbox 2611 2931 2671 2966; x_wconf 51' lang='grc' dir='ltr'>ΛΚ</span> <span class='ocrx_word' id='word_1_387' title='bbox 2721 2933 2753 2966; x_wconf 53' lang='grc' dir='ltr'>ιδ</span> <span class='ocrx_word' id='word_1_388' title='bbox 2798 2931 3032 2966; x_wconf 55' lang='grc' dir='ltr'>ΑιιιιριηΑ</span> <span class='ocrx_word' id='word_1_389' title='bbox 3079 2932 3274 2966; x_wconf 55' lang='grc' dir='ltr'>ΩεΛυᾹιᾺ</span> <span class='ocrx_word' id='word_1_390' title='bbox 3328 2929 3611 2966; x_wconf 56' lang='grc' dir='ltr'>ὲΑηραε-τρκ</span> <span class='ocrx_word' id='word_1_391' title='bbox 3676 2920 3884 2966; x_wconf 52' lang='grc' dir='ltr'>νηυοίὶεῆι</span> 
     </span>
    </p>
   </div>
   <div class='ocr_carea' id='block_1_59' title="bbox 2293 2931 3902 3007">
    <p class='ocr_par' dir='ltr' id='par_1_59' title="bbox 2293 2931 3902 3007">
     <span class='ocr_line' id='line_1_59' title="bbox 2293 2931 3902 3007; baseline -0.006 -21"><span class='ocrx_word' id='word_1_392' title='bbox 2293 2932 2558 3007; x_wconf 83' lang='grc' dir='ltr'>μάντεως,</span> <span class='ocrx_word' id='word_1_393' title='bbox 2611 2931 2671 2985; x_wconf 77' lang='grc' dir='ltr'>οὗ</span> <span class='ocrx_word' id='word_1_394' title='bbox 2721 2933 2755 3000; x_wconf 78' lang='grc' dir='ltr'><strong>ἡ</strong></span> <span class='ocrx_word' id='word_1_395' title='bbox 2798 2931 3032 3005; x_wconf 78' lang='grc' dir='ltr'>θυγάτηρ</span> <span class='ocrx_word' id='word_1_396' title='bbox 3079 2932 3276 3001; x_wconf 87' lang='grc' dir='ltr'>Θεονόη</span> <span class='ocrx_word' id='word_1_397' title='bbox 3328 2931 3612 3005; x_wconf 71' lang='grc' dir='ltr'>ἐρασθεῖσα</span> <span class='ocrx_word' id='word_1_398' title='bbox 3676 2931 3902 2986; x_wconf 76' lang='grc' dir='ltr'>Κανώὸου</span> 
     </span>
    </p>
   </div>
   <div class='ocr_carea' id='block_1_60' title="bbox 2289 3013 3908 3095">
    <p class='ocr_par' dir='ltr' id='par_1_60' title="bbox 2289 3013 3908 3095">
     <span class='ocr_line' id='line_1_60' title="bbox 2289 3013 3908 3095; baseline -0.005 -21"><span class='ocrx_word' id='word_1_399' title='bbox 2289 3023 2376 3095; x_wconf 74' lang='grc' dir='ltr'>(ἦν</span> <span class='ocrx_word' id='word_1_400' title='bbox 2411 3018 2457 3074; x_wconf 83' lang='grc' dir='ltr'>δ’</span> <span class='ocrx_word' id='word_1_401' title='bbox 2489 3021 2646 3079; x_wconf 81' lang='grc' dir='ltr'>οὗτος</span> <span class='ocrx_word' id='word_1_402' title='bbox 2679 3015 3017 3094; x_wconf 73' lang='grc' dir='ltr'>κυϐερνήτης</span> <span class='ocrx_word' id='word_1_403' title='bbox 3049 3017 3322 3075; x_wconf 77' lang='grc' dir='ltr'>Μενελάου</span> <span class='ocrx_word' id='word_1_404' title='bbox 3353 3025 3452 3074; x_wconf 79' lang='grc' dir='ltr'>τοῦ</span> <span class='ocrx_word' id='word_1_405' title='bbox 3486 3021 3677 3095; x_wconf 86' lang='grc' dir='ltr'>Τρώου</span> <span class='ocrx_word' id='word_1_406' title='bbox 3706 3017 3766 3087; x_wconf 69' lang='grc'>³⁸³)</span> <span class='ocrx_word' id='word_1_407' title='bbox 3792 3013 3908 3068; x_wconf 69' lang='lat'>61:0-</span> 
     </span>
    </p>
   </div>
   <div class='ocr_carea' id='block_1_61' title="bbox 540 3099 2185 3188">
    <p class='ocr_par' dir='ltr' id='par_1_61' title="bbox 540 3114 2174 3183">
     <span class='ocr_line' id='line_1_61' title="bbox 540 3114 2174 3183; baseline 0.002 -16"><span class='ocrx_word' id='word_1_408' title='bbox 540 3115 834 3183; x_wconf 91' lang='lat' dir='ltr'>quomodo</span> <span class='ocrx_word' id='word_1_409' title='bbox 878 3114 1147 3169; x_wconf 87' lang='lat' dir='ltr'>Canobus</span> <span class='ocrx_word' id='word_1_410' title='bbox 1183 3116 1472 3171; x_wconf 82' lang='lat' dir='ltr'>formosus</span> <span class='ocrx_word' id='word_1_411' title='bbox 1512 3115 1873 3178; x_wconf 87' lang='lat' dir='ltr'>adolescens,</span> <span class='ocrx_word' id='word_1_412' title='bbox 1909 3117 2174 3170; x_wconf 91' lang='lat' dir='ltr'>abeunti-</span> 
     </span>
    </p>
   </div>
   <div class='ocr_carea' id='block_1_62' title="bbox 2290 3099 3907 3188">
    <p class='ocr_par' dir='ltr' id='par_1_62' title="bbox 2290 3101 3907 3188">
     <span class='ocr_line' id='line_1_62' title="bbox 2290 3101 3907 3188; baseline -0.004 -23"><span class='ocrx_word' id='word_1_413' title='bbox 2290 3111 2553 3188; x_wconf 80' lang='grc' dir='ltr'>τυγχάνει</span> <span class='ocrx_word' id='word_1_414' title='bbox 2580 3127 2592 3140; x_wconf 89' lang='grc'><strong>·</strong></span> <span class='ocrx_word' id='word_1_415' title='bbox 2627 3109 2715 3162; x_wconf 80' lang='grc' dir='ltr'>καί</span> <span class='ocrx_word' id='word_1_416' title='bbox 2758 3109 2830 3170; x_wconf 84' lang='grc' dir='ltr'>ὡς</span> <span class='ocrx_word' id='word_1_417' title='bbox 2865 3109 2892 3162; x_wconf 88' lang='lat'>6</span> <span class='ocrx_word' id='word_1_418' title='bbox 2927 3105 3178 3170; x_wconf 81' lang='grc' dir='ltr'>Κάνωϐος</span> <span class='ocrx_word' id='word_1_419' title='bbox 3209 3107 3377 3170; x_wconf 86' lang='grc' dir='ltr'>καλὸς</span> <span class='ocrx_word' id='word_1_420' title='bbox 3401 3111 3497 3164; x_wconf 75' lang='grc' dir='ltr'>καὶ</span> <span class='ocrx_word' id='word_1_421' title='bbox 3529 3109 3645 3169; x_wconf 89' lang='grc' dir='ltr'>νέος</span> <span class='ocrx_word' id='word_1_422' title='bbox 3675 3101 3907 3176; x_wconf 75' lang='grc' dir='ltr'>ἀπαίρον-</span> 
     </span>
    </p>
   </div>
   <div class='ocr_carea' id='block_1_63' title="bbox 542 3202 2177 3274">
    <p class='ocr_par' dir='ltr' id='par_1_63' title="bbox 542 3202 2177 3274">
     <span class='ocr_line' id='line_1_63' title="bbox 542 3202 2177 3274; baseline 0.002 -18"><span class='ocrx_word' id='word_1_423' title='bbox 542 3202 647 3256; x_wconf 89' lang='lat' dir='ltr'>bus</span> <span class='ocrx_word' id='word_1_424' title='bbox 679 3219 746 3256; x_wconf 85' lang='lat' dir='ltr'>ex</span> <span class='ocrx_word' id='word_1_425' title='bbox 793 3203 1058 3273; x_wconf 68' lang='lat' dir='ltr'>Egypto,</span> <span class='ocrx_word' id='word_1_426' title='bbox 1091 3203 1184 3271; x_wconf 91' lang='lat' dir='ltr'>qui</span> <span class='ocrx_word' id='word_1_427' title='bbox 1239 3206 1306 3258; x_wconf 88' lang='lat' dir='ltr'>ad</span> <span class='ocrx_word' id='word_1_428' title='bbox 1343 3220 1467 3257; x_wconf 88' lang='lat' dir='ltr'>eam</span> <span class='ocrx_word' id='word_1_429' title='bbox 1520 3204 1886 3274; x_wconf 85' lang='lat' dir='ltr'>appulerant,</span> <span class='ocrx_word' id='word_1_430' title='bbox 1920 3204 2177 3260; x_wconf 89' lang='lat' dir='ltr'>Menelao</span> 
     </span>
    </p>
   </div>
   <div class='ocr_carea' id='block_1_64' title="bbox 540 3289 2175 3362">
    <p class='ocr_par' dir='ltr' id='par_1_64' title="bbox 540 3289 2175 3362">
     <span class='ocr_line' id='line_1_64' title="bbox 540 3289 2175 3362; baseline 0.002 -18"><span class='ocrx_word' id='word_1_431' title='bbox 540 3295 712 3361; x_wconf 87' lang='lat' dir='ltr'>atque</span> <span class='ocrx_word' id='word_1_432' title='bbox 747 3289 980 3356; x_wconf 85' lang='lat' dir='ltr'>llelena,</span> <span class='ocrx_word' id='word_1_433' title='bbox 1003 3309 1036 3345; x_wconf 91' lang='lat' dir='ltr'>a</span> <span class='ocrx_word' id='word_1_434' title='bbox 1067 3293 1259 3360; x_wconf 87' lang='lat' dir='ltr'>vipera</span> <span class='ocrx_word' id='word_1_435' title='bbox 1285 3308 1513 3345; x_wconf 89' lang='lat' dir='ltr'>morsus</span> <span class='ocrx_word' id='word_1_436' title='bbox 1543 3293 1677 3362; x_wconf 80' lang='lat'>(72),</span> <span class='ocrx_word' id='word_1_437' title='bbox 1708 3293 1845 3346; x_wconf 81' lang='lat' dir='ltr'>tibia</span> <span class='ocrx_word' id='word_1_438' title='bbox 1869 3294 2175 3359; x_wconf 54' lang='lat' dir='ltr'>tatret‘acta,</span> 
     </span>
    </p>
   </div>
   <div class='ocr_carea' id='block_1_65' title="bbox 540 3378 2177 3450">
    <p class='ocr_par' dir='ltr' id='par_1_65' title="bbox 540 3378 2177 3450">
     <span class='ocr_line' id='line_1_65' title="bbox 540 3378 2177 3450; baseline 0.002 -18"><span class='ocrx_word' id='word_1_439' title='bbox 540 3384 670 3448; x_wconf 88' lang='lat' dir='ltr'>post</span> <span class='ocrx_word' id='word_1_440' title='bbox 701 3394 813 3432; x_wconf 90' lang='lat' dir='ltr'>non</span> <span class='ocrx_word' id='word_1_441' title='bbox 847 3379 942 3432; x_wconf 91' lang='lat' dir='ltr'>diu</span> <span class='ocrx_word' id='word_1_442' title='bbox 977 3378 1279 3444; x_wconf 82' lang='lat' dir='ltr'>interierit,</span> <span class='ocrx_word' id='word_1_443' title='bbox 1311 3383 1368 3432; x_wconf 88' lang='lat' dir='ltr'>et</span> <span class='ocrx_word' id='word_1_444' title='bbox 1407 3397 1440 3434; x_wconf 88' lang='lat' dir='ltr'>a</span> <span class='ocrx_word' id='word_1_445' title='bbox 1471 3378 1731 3433; x_wconf 84' lang='lat' dir='ltr'>Menelao</span> <span class='ocrx_word' id='word_1_446' title='bbox 1761 3390 1931 3450; x_wconf 88' lang='lat' dir='ltr'>atque</span> <span class='ocrx_word' id='word_1_447' title='bbox 1961 3380 2177 3436; x_wconf 87' lang='lat' dir='ltr'>Helena</span> 
     </span>
    </p>
   </div>
   <div class='ocr_carea' id='block_1_66' title="bbox 539 3466 2174 3541">
    <p class='ocr_par' dir='ltr' id='par_1_66' title="bbox 539 3466 2174 3541">
     <span class='ocr_line' id='line_1_66' title="bbox 539 3466 2174 3541; baseline 0.002 -19"><span class='ocrx_word' id='word_1_448' title='bbox 539 3470 596 3522; x_wconf 91' lang='lat' dir='ltr'>in</span> <span class='ocrx_word' id='word_1_449' title='bbox 623 3471 858 3538; x_wconf 58' lang='lat' dir='ltr'>Egypto</span> <span class='ocrx_word' id='word_1_450' title='bbox 890 3466 1151 3537; x_wconf 89' lang='lat' dir='ltr'>sepultus</span> <span class='ocrx_word' id='word_1_451' title='bbox 1186 3468 1263 3521; x_wconf 89' lang='lat' dir='ltr'>sit</span> <span class='ocrx_word' id='word_1_452' title='bbox 1288 3484 1299 3520; x_wconf 93' lang='lat'>:</span> <span class='ocrx_word' id='word_1_453' title='bbox 1329 3467 1420 3520; x_wconf 83' lang='lat' dir='ltr'>ubi</span> <span class='ocrx_word' id='word_1_454' title='bbox 1457 3485 1861 3539; x_wconf 87' lang='lat' dir='ltr'>nuncquoque</span> <span class='ocrx_word' id='word_1_455' title='bbox 1882 3471 2174 3541; x_wconf 88' lang='lat' dir='ltr'>cognomi-</span> 
     </span>
    </p>
   </div>
   <div class='ocr_carea' id='block_1_67' title="bbox 537 3555 2172 3622">
    <p class='ocr_par' dir='ltr' id='par_1_67' title="bbox 537 3555 2172 3622">
     <span class='ocr_line' id='line_1_67' title="bbox 537 3555 2172 3622; baseline 0.003 -14"><span class='ocrx_word' id='word_1_456' title='bbox 537 3555 628 3609; x_wconf 90' lang='lat' dir='ltr'>nis</span> <span class='ocrx_word' id='word_1_457' title='bbox 671 3557 720 3609; x_wconf 90' lang='lat' dir='ltr'>ei</span> <span class='ocrx_word' id='word_1_458' title='bbox 772 3555 973 3609; x_wconf 80' lang='lat' dir='ltr'>civitas</span> <span class='ocrx_word' id='word_1_459' title='bbox 1022 3556 1254 3610; x_wconf 88' lang='lat' dir='ltr'>condita</span> <span class='ocrx_word' id='word_1_460' title='bbox 1303 3569 1406 3610; x_wconf 79' lang='lat' dir='ltr'>est.</span> <span class='ocrx_word' id='word_1_461' title='bbox 1442 3557 1591 3622; x_wconf 91' lang='lat' dir='ltr'>Quin</span> <span class='ocrx_word' id='word_1_462' title='bbox 1641 3563 1696 3611; x_wconf 89' lang='lat' dir='ltr'>et</span> <span class='ocrx_word' id='word_1_463' title='bbox 1747 3559 2016 3613; x_wconf 90' lang='lat' dir='ltr'>ultimum</span> <span class='ocrx_word' id='word_1_464' title='bbox 2064 3558 2172 3613; x_wconf 78' lang='lat' dir='ltr'>Nili</span> 
     </span>
    </p>
   </div>
   <div class='ocr_carea' id='block_1_68' title="bbox 537 3643 2173 3712">
    <p class='ocr_par' dir='ltr' id='par_1_68' title="bbox 537 3643 2173 3712">
     <span class='ocr_line' id='line_1_68' title="bbox 537 3643 2173 3712; baseline 0.002 -13"><span class='ocrx_word' id='word_1_465' title='bbox 537 3643 800 3699; x_wconf 86' lang='lat' dir='ltr'>ﬂuminis</span> <span class='ocrx_word' id='word_1_466' title='bbox 831 3646 1113 3700; x_wconf 89' lang='lat' dir='ltr'>ostiorum</span> <span class='ocrx_word' id='word_1_467' title='bbox 1139 3645 1409 3712; x_wconf 81' lang='lat' dir='ltr'>Canobus,</span> <span class='ocrx_word' id='word_1_468' title='bbox 1431 3651 1513 3701; x_wconf 90' lang='lat' dir='ltr'>vel</span> <span class='ocrx_word' id='word_1_469' title='bbox 1543 3647 1872 3702; x_wconf 72' lang='lat' dir='ltr'>Canobz’cum</span> <span class='ocrx_word' id='word_1_470' title='bbox 1896 3665 1928 3701; x_wconf 89' lang='lat' dir='ltr'>a</span> <span class='ocrx_word' id='word_1_471' title='bbox 1950 3648 2173 3704; x_wconf 91' lang='lat' dir='ltr'>naucle-</span> 
     </span>
    </p>
   </div>
   <div class='ocr_carea' id='block_1_69' title="bbox 534 3733 1196 3789">
    <p class='ocr_par' dir='ltr' id='par_1_69' title="bbox 534 3733 1196 3789">
     <span class='ocr_line' id='line_1_69' title="bbox 534 3733 1196 3789; baseline 0 -1"><span class='ocrx_word' id='word_1_472' title='bbox 534 3750 597 3789; x_wconf 90' lang='lat' dir='ltr'>ro</span> <span class='ocrx_word' id='word_1_473' title='bbox 629 3734 727 3789; x_wconf 92' lang='lat' dir='ltr'>illo</span> <span class='ocrx_word' id='word_1_474' title='bbox 760 3750 970 3789; x_wconf 89' lang='lat' dir='ltr'>nomen</span> <span class='ocrx_word' id='word_1_475' title='bbox 1001 3733 1196 3789; x_wconf 86' lang='lat' dir='ltr'>trahit.</span> 
     </span>
    </p>
   </div>
   <div class='ocr_carea' id='block_1_70' title="bbox 607 3823 2172 3896">
    <p class='ocr_par' dir='ltr' id='par_1_70' title="bbox 607 3823 2172 3896">
     <span class='ocr_line' id='line_1_70' title="bbox 607 3823 2172 3896; baseline 0.004 -17"><span class='ocrx_word' id='word_1_476' title='bbox 607 3823 772 3879; x_wconf 86' lang='lat' dir='ltr'>Nona</span> <span class='ocrx_word' id='word_1_477' title='bbox 817 3825 886 3877; x_wconf 90' lang='lat' dir='ltr'>de</span> <span class='ocrx_word' id='word_1_478' title='bbox 934 3824 1318 3879; x_wconf 89' lang='lat' dir='ltr'>Semiramide</span> <span class='ocrx_word' id='word_1_479' title='bbox 1375 3825 1492 3896; x_wconf 88' lang='lat'>(73)</span> <span class='ocrx_word' id='word_1_480' title='bbox 1550 3826 1803 3881; x_wconf 84' lang='lat' dir='ltr'>narratio</span> <span class='ocrx_word' id='word_1_481' title='bbox 1861 3835 1965 3884; x_wconf 91' lang='lat' dir='ltr'>est.</span> <span class='ocrx_word' id='word_1_482' title='bbox 2015 3828 2172 3885; x_wconf 80' lang='lat' dir='ltr'>lianc</span> 
     </span>
    </p>
   </div>
   <div class='ocr_carea' id='block_1_71' title="bbox 535 3912 2174 3983">
    <p class='ocr_par' dir='ltr' id='par_1_71' title="bbox 535 3912 2174 3983">
     <span class='ocr_line' id='line_1_71' title="bbox 535 3912 2174 3983; baseline 0.004 -15"><span class='ocrx_word' id='word_1_483' title='bbox 535 3929 648 3968; x_wconf 89' lang='lat' dir='ltr'>non</span> <span class='ocrx_word' id='word_1_484' title='bbox 682 3928 938 3978; x_wconf 84' lang='lat' dir='ltr'>uxorem,</span> <span class='ocrx_word' id='word_1_485' title='bbox 984 3918 1044 3967; x_wconf 89' lang='lat' dir='ltr'>ut</span> <span class='ocrx_word' id='word_1_486' title='bbox 1074 3912 1172 3967; x_wconf 90' lang='lat' dir='ltr'>alii</span> <span class='ocrx_word' id='word_1_487' title='bbox 1205 3914 1608 3983; x_wconf 89' lang='lat' dir='ltr'>prodiderunt,</span> <span class='ocrx_word' id='word_1_488' title='bbox 1642 3916 1741 3970; x_wconf 92' lang='lat' dir='ltr'>sed</span> <span class='ocrx_word' id='word_1_489' title='bbox 1785 3916 1963 3972; x_wconf 81' lang='lat' dir='ltr'>ﬁliam</span> <span class='ocrx_word' id='word_1_490' title='bbox 1996 3919 2174 3974; x_wconf 84' lang='lat' dir='ltr'>fuisse</span> 
     </span>
    </p>
   </div>
   <div class='ocr_carea' id='block_1_72' title="bbox 530 4002 2174 4079">
    <p class='ocr_par' dir='ltr' id='par_1_72' title="bbox 530 4002 2174 4079">
     <span class='ocr_line' id='line_1_72' title="bbox 530 4002 2174 4079; baseline 0.002 -21"><span class='ocrx_word' id='word_1_491' title='bbox 530 4003 664 4058; x_wconf 88' lang='lat' dir='ltr'>Nini</span> <span class='ocrx_word' id='word_1_492' title='bbox 684 4002 884 4058; x_wconf 85' lang='lat' dir='ltr'>tradit:</span> <span class='ocrx_word' id='word_1_493' title='bbox 905 4009 958 4058; x_wconf 87' lang='lat' dir='ltr'>et</span> <span class='ocrx_word' id='word_1_494' title='bbox 980 4009 1044 4057; x_wconf 92' lang='lat' dir='ltr'>ut</span> <span class='ocrx_word' id='word_1_495' title='bbox 1062 4003 1309 4058; x_wconf 90' lang='lat' dir='ltr'>breviter</span> <span class='ocrx_word' id='word_1_496' title='bbox 1330 4003 1545 4070; x_wconf 88' lang='lat' dir='ltr'>dicam,</span> <span class='ocrx_word' id='word_1_497' title='bbox 1566 4022 1929 4078; x_wconf 69' lang='lat' dir='ltr'>quaecunque</span> <span class='ocrx_word' id='word_1_498' title='bbox 1945 4009 2038 4063; x_wconf 90' lang='lat' dir='ltr'>alii</span> <span class='ocrx_word' id='word_1_499' title='bbox 2063 4009 2174 4079; x_wconf 82' lang='grc'>(74)</span> 
     </span>
    </p>
   </div>
   <div class='ocr_carea' id='block_1_73' title="bbox 527 4091 2177 4162">
    <p class='ocr_par' dir='ltr' id='par_1_73' title="bbox 527 4091 2177 4162">
     <span class='ocr_line' id='line_1_73' title="bbox 527 4091 2177 4162; baseline 0.002 -16"><span class='ocrx_word' id='word_1_500' title='bbox 527 4093 747 4147; x_wconf 75' lang='lat' dir='ltr'>Atosste</span> <span class='ocrx_word' id='word_1_501' title='bbox 821 4093 1060 4162; x_wconf 64' lang='lat' dir='ltr'>Assyriae</span> <span class='ocrx_word' id='word_1_502' title='bbox 1133 4091 1483 4159; x_wconf 87' lang='lat' dir='ltr'>attribuunt,</span> <span class='ocrx_word' id='word_1_503' title='bbox 1559 4093 1651 4146; x_wconf 91' lang='lat' dir='ltr'>hic</span> <span class='ocrx_word' id='word_1_504' title='bbox 1707 4096 1776 4147; x_wconf 89' lang='lat' dir='ltr'>ad</span> <span class='ocrx_word' id='word_1_505' title='bbox 1834 4094 2177 4150; x_wconf 90' lang='lat' dir='ltr'>Semirami-</span> 
     </span>
    </p>
   </div>
   <div class='ocr_carea' id='block_1_74' title="bbox 533 4179 2174 4253">
    <p class='ocr_par' dir='ltr' id='par_1_74' title="bbox 533 4179 2174 4253">
     <span class='ocr_line' id='line_1_74' title="bbox 533 4179 2174 4253; baseline 0.002 -17"><span class='ocrx_word' id='word_1_506' title='bbox 533 4184 663 4236; x_wconf 88' lang='lat' dir='ltr'>dem</span> <span class='ocrx_word' id='word_1_507' title='bbox 687 4181 885 4236; x_wconf 78' lang='lat' dir='ltr'>omnia</span> <span class='ocrx_word' id='word_1_508' title='bbox 913 4179 1147 4234; x_wconf 88' lang='lat' dir='ltr'>retulit:</span> <span class='ocrx_word' id='word_1_509' title='bbox 1175 4181 1324 4234; x_wconf 90' lang='lat' dir='ltr'>baud</span> <span class='ocrx_word' id='word_1_510' title='bbox 1358 4180 1502 4243; x_wconf 89' lang='lat' dir='ltr'>scio,</span> <span class='ocrx_word' id='word_1_511' title='bbox 1527 4199 1598 4235; x_wconf 90' lang='lat' dir='ltr'>an</span> <span class='ocrx_word' id='word_1_512' title='bbox 1632 4181 1767 4253; x_wconf 89' lang='lat' dir='ltr'>quia</span> <span class='ocrx_word' id='word_1_513' title='bbox 1799 4182 2031 4239; x_wconf 79' lang='lat' dir='ltr'>duobus</span> <span class='ocrx_word' id='word_1_514' title='bbox 2051 4201 2174 4240; x_wconf 87' lang='lat' dir='ltr'>eam</span> 
     </span>
    </p>
   </div>
   <div class='ocr_carea' id='block_1_75' title="bbox 534 4270 2176 4346">
    <p class='ocr_par' dir='ltr' id='par_1_75' title="bbox 534 4270 2176 4346">
     <span class='ocr_line' id='line_1_75' title="bbox 534 4270 2176 4346; baseline 0.003 -22"><span class='ocrx_word' id='word_1_515' title='bbox 534 4271 874 4326; x_wconf 87' lang='lat' dir='ltr'>nominibus</span> <span class='ocrx_word' id='word_1_516' title='bbox 904 4271 1256 4342; x_wconf 88' lang='lat' dir='ltr'>appellatam</span> <span class='ocrx_word' id='word_1_517' title='bbox 1291 4270 1519 4324; x_wconf 90' lang='lat' dir='ltr'>censuit</span> <span class='ocrx_word' id='word_1_518' title='bbox 1551 4288 1563 4326; x_wconf 93' lang='lat'><strong>:</strong></span> <span class='ocrx_word' id='word_1_519' title='bbox 1598 4289 1672 4326; x_wconf 89' lang='lat' dir='ltr'>an</span> <span class='ocrx_word' id='word_1_520' title='bbox 1706 4289 1904 4328; x_wconf 90' lang='lat' dir='ltr'>eorum</span> <span class='ocrx_word' id='word_1_521' title='bbox 1934 4291 2062 4346; x_wconf 69' lang='lat' dir='ltr'>qua:</span> <span class='ocrx_word' id='word_1_522' title='bbox 2105 4275 2176 4330; x_wconf 91' lang='lat' dir='ltr'>de</span> 
     </span>
    </p>
   </div>
   <div class='ocr_carea' id='block_1_76' title="bbox 2285 3191 3910 3272">
    <p class='ocr_par' dir='ltr' id='par_1_76' title="bbox 2285 3191 3910 3272">
     <span class='ocr_line' id='line_1_76' title="bbox 2285 3191 3910 3272; baseline -0.002 -18"><span class='ocrx_word' id='word_1_523' title='bbox 2285 3221 2378 3261; x_wconf 86' lang='grc' dir='ltr'>τος</span> <span class='ocrx_word' id='word_1_524' title='bbox 2440 3197 2719 3255; x_wconf 85' lang='grc' dir='ltr'>Μενελάου</span> <span class='ocrx_word' id='word_1_525' title='bbox 2771 3200 2900 3270; x_wconf 72' lang='grc'><strong>[222</strong></span> <span class='ocrx_word' id='word_1_526' title='bbox 2957 3199 3048 3270; x_wconf 84' lang='grc' dir='ltr'>Η.]</span> <span class='ocrx_word' id='word_1_527' title='bbox 3089 3198 3180 3251; x_wconf 82' lang='grc' dir='ltr'>ἀπ’</span> <span class='ocrx_word' id='word_1_528' title='bbox 3213 3197 3500 3272; x_wconf 68' lang='grc' dir='ltr'>Αἰγύπτου</span> <span class='ocrx_word' id='word_1_529' title='bbox 3550 3199 3639 3252; x_wconf 78' lang='grc' dir='ltr'>καὶ</span> <span class='ocrx_word' id='word_1_530' title='bbox 3694 3191 3910 3258; x_wconf 78' lang='grc' dir='ltr'>Ἑλένης,</span> 
     </span>
    </p>
   </div>
   <div class='ocr_carea' id='block_1_77' title="bbox 2279 3279 3912 3366">
    <p class='ocr_par' dir='ltr' id='par_1_77' title="bbox 2279 3279 3912 3366">
     <span class='ocr_line' id='line_1_77' title="bbox 2279 3279 3912 3366; baseline -0.008 -23"><span class='ocrx_word' id='word_1_531' title='bbox 2279 3289 2365 3342; x_wconf 77' lang='grc' dir='ltr'>καὶ</span> <span class='ocrx_word' id='word_1_532' title='bbox 2399 3289 2927 3363; x_wconf 84' lang='grc' dir='ltr'>προσορμισαμένων</span> <span class='ocrx_word' id='word_1_533' title='bbox 2967 3289 3012 3324; x_wconf 77' lang='grc'>⁴⁰</span> <span class='ocrx_word' id='word_1_534' title='bbox 3040 3290 3108 3360; x_wconf 79' lang='grc' dir='ltr'>τῇ</span> <span class='ocrx_word' id='word_1_535' title='bbox 3141 3291 3236 3360; x_wconf 79' lang='grc' dir='ltr'>γῇ,</span> <span class='ocrx_word' id='word_1_536' title='bbox 3273 3287 3376 3342; x_wconf 74' lang='grc' dir='ltr'>ὑπὸ</span> <span class='ocrx_word' id='word_1_537' title='bbox 3423 3286 3664 3366; x_wconf 77' lang='grc' dir='ltr'>ἐχίδνης</span> <span class='ocrx_word' id='word_1_538' title='bbox 3716 3279 3912 3356; x_wconf 73' lang='grc' dir='ltr'>δηχθείς</span> 
     </span>
    </p>
   </div>
   <div class='ocr_carea' id='block_1_78' title="bbox 2280 3371 3905 3448">
    <p class='ocr_par' dir='ltr' id='par_1_78' title="bbox 2280 3371 3905 3448">
     <span class='ocr_line' id='line_1_78' title="bbox 2280 3371 3905 3448; baseline -0.007 -14"><span class='ocrx_word' id='word_1_539' title='bbox 2280 3380 2368 3434; x_wconf 81' lang='grc' dir='ltr'>καὶ</span> <span class='ocrx_word' id='word_1_540' title='bbox 2419 3378 2603 3440; x_wconf 74' lang='grc' dir='ltr'>σαπεές</span> <span class='ocrx_word' id='word_1_541' title='bbox 2641 3379 2703 3432; x_wconf 83' lang='grc' dir='ltr'>τὸ</span> <span class='ocrx_word' id='word_1_542' title='bbox 2735 3377 2929 3439; x_wconf 82' lang='grc' dir='ltr'>σκέλος</span> <span class='ocrx_word' id='word_1_543' title='bbox 2966 3377 3081 3438; x_wconf 84' lang='grc' dir='ltr'>μετ’</span> <span class='ocrx_word' id='word_1_544' title='bbox 3108 3377 3169 3431; x_wconf 75' lang='grc' dir='ltr'>οὐ</span> <span class='ocrx_word' id='word_1_545' title='bbox 3205 3377 3347 3432; x_wconf 74' lang='grc' dir='ltr'>πολὺ</span> <span class='ocrx_word' id='word_1_546' title='bbox 3381 3378 3609 3448; x_wconf 77' lang='grc' dir='ltr'>θνήσκει</span> <span class='ocrx_word' id='word_1_547' title='bbox 3641 3397 3653 3409; x_wconf 82' lang='lat'><strong>&#39;</strong></span> <span class='ocrx_word' id='word_1_548' title='bbox 3695 3373 3777 3429; x_wconf 81' lang='grc' dir='ltr'>καὶ</span> <span class='ocrx_word' id='word_1_549' title='bbox 3817 3371 3905 3426; x_wconf 79' lang='grc' dir='ltr'>Με-</span> 
     </span>
    </p>
   </div>
   <div class='ocr_carea' id='block_1_79' title="bbox 2282 3456 3910 3538">
    <p class='ocr_par' dir='ltr' id='par_1_79' title="bbox 2282 3456 3910 3538">
     <span class='ocr_line' id='line_1_79' title="bbox 2282 3456 3910 3538; baseline -0.004 -18"><span class='ocrx_word' id='word_1_550' title='bbox 2282 3465 2473 3528; x_wconf 85' lang='grc' dir='ltr'>νέλαος</span> <span class='ocrx_word' id='word_1_551' title='bbox 2522 3469 2608 3521; x_wconf 78' lang='grc' dir='ltr'>καὶ</span> <span class='ocrx_word' id='word_1_552' title='bbox 2643 3465 2832 3535; x_wconf 84' lang='grc' dir='ltr'>Ἑλένη</span> <span class='ocrx_word' id='word_1_553' title='bbox 2878 3466 3167 3520; x_wconf 84' lang='grc' dir='ltr'>θάπτουσιν</span> <span class='ocrx_word' id='word_1_554' title='bbox 3213 3465 3374 3520; x_wconf 74' lang='grc' dir='ltr'>αὐτον</span> <span class='ocrx_word' id='word_1_555' title='bbox 3430 3465 3517 3520; x_wconf 80' lang='grc' dir='ltr'>ἐπ’</span> <span class='ocrx_word' id='word_1_556' title='bbox 3551 3465 3834 3538; x_wconf 71' lang='grc' dir='ltr'>Αἰγύπτου,</span> <span class='ocrx_word' id='word_1_557' title='bbox 3860 3456 3910 3510; x_wconf 76' lang='grc' dir='ltr'>οὗ</span> 
     </span>
    </p>
   </div>
   <div class='ocr_carea' id='block_1_80' title="bbox 2280 3545 3906 3628">
    <p class='ocr_par' dir='ltr' id='par_1_80' title="bbox 2280 3545 3906 3628">
     <span class='ocr_line' id='line_1_80' title="bbox 2280 3545 3906 3628; baseline -0.007 -18"><span class='ocrx_word' id='word_1_558' title='bbox 2280 3561 2368 3610; x_wconf 87' lang='grc' dir='ltr'>νῦν</span> <span class='ocrx_word' id='word_1_559' title='bbox 2421 3555 2703 3628; x_wconf 81' lang='grc' dir='ltr'>ἐπώνυμος</span> <span class='ocrx_word' id='word_1_560' title='bbox 2750 3554 2975 3628; x_wconf 80' lang='grc' dir='ltr'>ᾤκισται</span> <span class='ocrx_word' id='word_1_561' title='bbox 3017 3553 3200 3616; x_wconf 83' lang='grc' dir='ltr'>πόλις.</span> <span class='ocrx_word' id='word_1_562' title='bbox 3237 3555 3333 3610; x_wconf 78' lang='grc' dir='ltr'>Καὶ</span> <span class='ocrx_word' id='word_1_563' title='bbox 3375 3559 3488 3608; x_wconf 80' lang='grc' dir='ltr'>τῶν</span> <span class='ocrx_word' id='word_1_564' title='bbox 3531 3558 3628 3609; x_wconf 84' lang='grc' dir='ltr'>τοῦ</span> <span class='ocrx_word' id='word_1_565' title='bbox 3660 3556 3698 3589; x_wconf 68' lang='grc' dir='ltr'>δι</span> <span class='ocrx_word' id='word_1_566' title='bbox 3735 3545 3906 3604; x_wconf 79' lang='grc' dir='ltr'>Νείλου</span> 
     </span>
    </p>
   </div>
   <div class='ocr_carea' id='block_1_81' title="bbox 2282 3632 3909 3718">
    <p class='ocr_par' dir='ltr' id='par_1_81' title="bbox 2282 3632 3909 3718">
     <span class='ocr_line' id='line_1_81' title="bbox 2282 3632 3909 3718; baseline -0.006 -18"><span class='ocrx_word' id='word_1_567' title='bbox 2282 3648 2566 3718; x_wconf 80' lang='grc' dir='ltr'>στομάτων</span> <span class='ocrx_word' id='word_1_568' title='bbox 2606 3646 2667 3698; x_wconf 85' lang='grc' dir='ltr'>τὸ</span> <span class='ocrx_word' id='word_1_569' title='bbox 2715 3643 3024 3699; x_wconf 80' lang='grc' dir='ltr'>τελευταῖον</span> <span class='ocrx_word' id='word_1_570' title='bbox 3073 3645 3100 3696; x_wconf 88' lang='lat'>6</span> <span class='ocrx_word' id='word_1_571' title='bbox 3150 3639 3411 3705; x_wconf 75' lang='grc' dir='ltr'>Κάνωϐος</span> <span class='ocrx_word' id='word_1_572' title='bbox 3538 3636 3831 3698; x_wconf 71' lang='grc' dir='ltr'>Κανωϐικὸν</span> <span class='ocrx_word' id='word_1_573' title='bbox 3859 3632 3909 3687; x_wconf 77' lang='grc' dir='ltr'>ἐκ</span> 
     </span>
    </p>
   </div>
   <div class='ocr_carea' id='block_1_82' title="bbox 2280 3730 3404 3808">
    <p class='ocr_par' dir='ltr' id='par_1_82' title="bbox 2280 3730 3404 3808">
     <span class='ocr_line' id='line_1_82' title="bbox 2280 3730 3404 3808; baseline -0.001 -17"><span class='ocrx_word' id='word_1_574' title='bbox 2280 3741 2376 3791; x_wconf 78' lang='grc' dir='ltr'>τοῦ</span> <span class='ocrx_word' id='word_1_575' title='bbox 2405 3730 2740 3808; x_wconf 70' lang='grc' dir='ltr'>κυϐερνήτου</span> <span class='ocrx_word' id='word_1_576' title='bbox 2769 3735 2867 3802; x_wconf 72' lang='grc' dir='ltr'>τήν</span> <span class='ocrx_word' id='word_1_577' title='bbox 2911 3734 3202 3806; x_wconf 78' lang='grc' dir='ltr'>ὀνομασίαν</span> <span class='ocrx_word' id='word_1_578' title='bbox 3235 3732 3404 3790; x_wconf 77' lang='grc' dir='ltr'>ἕλκει.</span> 
     </span>
    </p>
   </div>
   <div class='ocr_carea' id='block_1_83' title="bbox 2351 3819 3900 3897">
    <p class='ocr_par' dir='ltr' id='par_1_83' title="bbox 2351 3819 3900 3897">
     <span class='ocr_line' id='line_1_83' title="bbox 2351 3819 3900 3897; baseline -0.007 -16"><span class='ocrx_word' id='word_1_579' title='bbox 2351 3826 2414 3881; x_wconf 90' lang='grc' dir='ltr'><strong><em>Ἡ</em></strong></span> <span class='ocrx_word' id='word_1_580' title='bbox 2462 3825 2504 3877; x_wconf 81' lang='lat'>0&#39;</span> <span class='ocrx_word' id='word_1_581' title='bbox 2551 3823 2616 3878; x_wconf 73' lang='grc' dir='ltr'>τὰ</span> <span class='ocrx_word' id='word_1_582' title='bbox 2655 3824 2776 3897; x_wconf 82' lang='grc' dir='ltr'>περὶ</span> <span class='ocrx_word' id='word_1_583' title='bbox 2836 3823 3196 3897; x_wconf 84' lang='grc' dir='ltr'>Σεμιράμεως</span> <span class='ocrx_word' id='word_1_584' title='bbox 3252 3821 3422 3896; x_wconf 87' lang='grc' dir='ltr'>λέγει,</span> <span class='ocrx_word' id='word_1_585' title='bbox 3466 3824 3558 3878; x_wconf 71' lang='grc' dir='ltr'>καὶ</span> <span class='ocrx_word' id='word_1_586' title='bbox 3629 3819 3900 3893; x_wconf 81' lang='grc' dir='ltr'>Σεμίραμιν</span> 
     </span>
    </p>
   </div>
   <div class='ocr_carea' id='block_1_84' title="bbox 2280 3911 3909 3990">
    <p class='ocr_par' dir='ltr' id='par_1_84' title="bbox 2280 3911 3909 3990">
     <span class='ocr_line' id='line_1_84' title="bbox 2280 3911 3909 3990; baseline -0.006 -21"><span class='ocrx_word' id='word_1_587' title='bbox 2280 3913 2413 3989; x_wconf 72' lang='grc' dir='ltr'>οὐχὶ</span> <span class='ocrx_word' id='word_1_588' title='bbox 2447 3918 2674 3990; x_wconf 74' lang='grc' dir='ltr'>γυναῖκα</span> <span class='ocrx_word' id='word_1_589' title='bbox 2704 3914 2838 3968; x_wconf 77' lang='grc' dir='ltr'>κατὰ</span> <span class='ocrx_word' id='word_1_590' title='bbox 2868 3913 2995 3975; x_wconf 74' lang='grc' dir='ltr'>τοὺς</span> <span class='ocrx_word' id='word_1_591' title='bbox 3035 3911 3244 3975; x_wconf 79' lang='grc' dir='ltr'>ἄλλους</span> <span class='ocrx_word' id='word_1_592' title='bbox 3275 3916 3407 3988; x_wconf 80' lang='grc' dir='ltr'>φησῖ</span> <span class='ocrx_word' id='word_1_593' title='bbox 3466 3914 3637 3969; x_wconf 83' lang='grc' dir='ltr'>Νίνου</span> <span class='ocrx_word' id='word_1_594' title='bbox 3677 3911 3909 3987; x_wconf 80' lang='grc' dir='ltr'>γενέσθαι,</span> 
     </span>
    </p>
   </div>
   <div class='ocr_carea' id='block_1_85' title="bbox 2279 3995 3914 4076">
    <p class='ocr_par' dir='ltr' id='par_1_85' title="bbox 2279 3995 3914 4076">
     <span class='ocr_line' id='line_1_85' title="bbox 2279 3995 3914 4076; baseline -0.005 -19"><span class='ocrx_word' id='word_1_595' title='bbox 2279 4001 2426 4057; x_wconf 73' lang='grc' dir='ltr'>ἀλλὰ</span> <span class='ocrx_word' id='word_1_596' title='bbox 2491 4000 2754 4076; x_wconf 87' lang='grc' dir='ltr'>Θυγατέρα</span> <span class='ocrx_word' id='word_1_597' title='bbox 2787 4022 2799 4034; x_wconf 84' lang='lat'><strong><em>°</em></strong></span> <span class='ocrx_word' id='word_1_598' title='bbox 2859 4023 2948 4056; x_wconf 87' lang='grc' dir='ltr'>και</span> <span class='ocrx_word' id='word_1_599' title='bbox 3007 4001 3161 4076; x_wconf 88' lang='grc' dir='ltr'>λόγῳ</span> <span class='ocrx_word' id='word_1_600' title='bbox 3229 4002 3330 4070; x_wconf 78' lang='grc' dir='ltr'>ἒνὶ,</span> <span class='ocrx_word' id='word_1_601' title='bbox 3365 4002 3467 4057; x_wconf 78' lang='grc' dir='ltr'>ὅσα</span> <span class='ocrx_word' id='word_1_602' title='bbox 3501 4003 3557 4058; x_wconf 72' lang='grc' dir='ltr'>οἱ</span> <span class='ocrx_word' id='word_1_603' title='bbox 3601 4001 3761 4057; x_wconf 78' lang='grc' dir='ltr'>ἄλλοι</span> <span class='ocrx_word' id='word_1_604' title='bbox 3809 3995 3914 4070; x_wconf 72' lang='grc' dir='ltr'>περὶ</span> 
     </span>
    </p>
   </div>
   <div class='ocr_carea' id='block_1_86' title="bbox 2277 4081 3919 4168">
    <p class='ocr_par' dir='ltr' id='par_1_86' title="bbox 2277 4081 3919 4168">
     <span class='ocr_line' id='line_1_86' title="bbox 2277 4081 3919 4168; baseline -0.006 -20"><span class='ocrx_word' id='word_1_605' title='bbox 2277 4092 2547 4160; x_wconf 82' lang='grc' dir='ltr'>Ἀτόσσης</span> <span class='ocrx_word' id='word_1_606' title='bbox 2587 4092 2634 4127; x_wconf 77' lang='grc'><strong>⁴²</strong></span> <span class='ocrx_word' id='word_1_607' title='bbox 2665 4097 2765 4159; x_wconf 81' lang='grc' dir='ltr'>τῆς</span> <span class='ocrx_word' id='word_1_608' title='bbox 2813 4093 2858 4127; x_wconf 77' lang='grc'>⁸³</span> <span class='ocrx_word' id='word_1_609' title='bbox 2897 4091 3184 4166; x_wconf 85' lang='grc' dir='ltr'>Ἀσσυρίου</span> <span class='ocrx_word' id='word_1_610' title='bbox 3231 4091 3634 4168; x_wconf 76' lang='grc' dir='ltr'>ἀναγράφουσι,</span> <span class='ocrx_word' id='word_1_611' title='bbox 3676 4090 3817 4145; x_wconf 79' lang='grc' dir='ltr'>ταῦθ’</span> <span class='ocrx_word' id='word_1_612' title='bbox 3841 4081 3919 4140; x_wconf 68' lang='grc' dir='ltr'>οὗ·</span> 
     </span>
    </p>
   </div>
   <div class='ocr_carea' id='block_1_87' title="bbox 2278 4173 3915 4259">
    <p class='ocr_par' dir='ltr' id='par_1_87' title="bbox 2278 4173 3915 4259">
     <span class='ocr_line' id='line_1_87' title="bbox 2278 4173 3915 4259; baseline -0.005 -24"><span class='ocrx_word' id='word_1_613' title='bbox 2278 4202 2370 4242; x_wconf 88' lang='grc' dir='ltr'>τος</span> <span class='ocrx_word' id='word_1_614' title='bbox 2421 4181 2495 4242; x_wconf 82' lang='grc' dir='ltr'>εἰς</span> <span class='ocrx_word' id='word_1_615' title='bbox 2551 4181 2856 4254; x_wconf 80' lang='grc' dir='ltr'>Σεμίραμιν</span> <span class='ocrx_word' id='word_1_616' title='bbox 2898 4180 3170 4259; x_wconf 74' lang='grc' dir='ltr'>ἀναφέρει,</span> <span class='ocrx_word' id='word_1_617' title='bbox 3205 4180 3302 4235; x_wconf 79' lang='grc' dir='ltr'>οὐκ</span> <span class='ocrx_word' id='word_1_618' title='bbox 3345 4178 3463 4255; x_wconf 79' lang='grc' dir='ltr'>ἔχω</span> <span class='ocrx_word' id='word_1_619' title='bbox 3507 4183 3556 4218; x_wconf 73' lang='grc' dir='ltr'><strong>δ⁴</strong></span> <span class='ocrx_word' id='word_1_620' title='bbox 3608 4180 3775 4252; x_wconf 84' lang='grc' dir='ltr'>λέγειν</span> <span class='ocrx_word' id='word_1_621' title='bbox 3825 4173 3915 4230; x_wconf 72' lang='grc' dir='ltr'>εἴτε</span> 
     </span>
    </p>
   </div>
   <div class='ocr_carea' id='block_1_88' title="bbox 2283 4263 3915 4342">
    <p class='ocr_par' dir='ltr' id='par_1_88' title="bbox 2283 4263 3915 4342">
     <span class='ocr_line' id='line_1_88' title="bbox 2283 4263 3915 4342; baseline -0.002 -18"><span class='ocrx_word' id='word_1_622' title='bbox 2283 4268 2430 4325; x_wconf 78' lang='grc' dir='ltr'>δοσὶν</span> <span class='ocrx_word' id='word_1_623' title='bbox 2462 4270 2692 4341; x_wconf 81' lang='grc' dir='ltr'>ὀνόμασι</span> <span class='ocrx_word' id='word_1_624' title='bbox 2731 4271 2828 4337; x_wconf 80' lang='grc' dir='ltr'>τήν</span> <span class='ocrx_word' id='word_1_625' title='bbox 2881 4269 3051 4338; x_wconf 74' lang='grc' dir='ltr'>αὐτὴν</span> <span class='ocrx_word' id='word_1_626' title='bbox 3099 4271 3340 4342; x_wconf 78' lang='grc' dir='ltr'>νομίζων</span> <span class='ocrx_word' id='word_1_627' title='bbox 3372 4271 3420 4306; x_wconf 81' lang='grc'><strong>⁴⁵</strong></span> <span class='ocrx_word' id='word_1_628' title='bbox 3469 4269 3776 4337; x_wconf 74' lang='grc' dir='ltr'>καλεῖσθαι,</span> <span class='ocrx_word' id='word_1_629' title='bbox 3859 4263 3915 4317; x_wconf 75' lang='grc' dir='ltr'><strong><em>τᾶ</em></strong></span> 
     </span>
    </p>
   </div>
   <div class='ocr_carea' id='block_1_89' title="bbox 531 4351 2185 4435">
    <p class='ocr_par' dir='ltr' id='par_1_89' title="bbox 531 4359 2179 4428">
     <span class='ocr_line' id='line_1_89' title="bbox 531 4359 2179 4428; baseline 0.005 -18"><span class='ocrx_word' id='word_1_630' title='bbox 531 4359 915 4413; x_wconf 85' lang='lat' dir='ltr'>Semiramide</span> <span class='ocrx_word' id='word_1_631' title='bbox 962 4367 1294 4426; x_wconf 89' lang='lat' dir='ltr'>narrantur,</span> <span class='ocrx_word' id='word_1_632' title='bbox 1346 4359 1586 4428; x_wconf 90' lang='lat' dir='ltr'>peritior</span> <span class='ocrx_word' id='word_1_633' title='bbox 1617 4377 1733 4415; x_wconf 91' lang='lat' dir='ltr'>non</span> <span class='ocrx_word' id='word_1_634' title='bbox 1765 4360 1955 4418; x_wconf 85' lang='lat' dir='ltr'>fuerit.</span> <span class='ocrx_word' id='word_1_635' title='bbox 1987 4363 2179 4418; x_wconf 73' lang='lat' dir='ltr'>Refert</span> 
     </span>
    </p>
   </div>
   <div class='ocr_carea' id='block_1_90' title="bbox 2290 4351 3920 4435">
    <p class='ocr_par' dir='ltr' id='par_1_90' title="bbox 2290 4351 3920 4435">
     <span class='ocr_line' id='line_1_90' title="bbox 2290 4351 3920 4435; baseline 0 -21"><span class='ocrx_word' id='word_1_636' title='bbox 2290 4359 2410 4435; x_wconf 80' lang='grc' dir='ltr'>περὶ</span> <span class='ocrx_word' id='word_1_637' title='bbox 2462 4359 2817 4435; x_wconf 86' lang='grc' dir='ltr'>Σεμιράμεως</span> <span class='ocrx_word' id='word_1_638' title='bbox 2859 4356 3047 4421; x_wconf 78' lang='grc' dir='ltr'>ἄλλως</span> <span class='ocrx_word' id='word_1_639' title='bbox 3101 4357 3198 4414; x_wconf 74' lang='grc' dir='ltr'>οὐκ</span> <span class='ocrx_word' id='word_1_640' title='bbox 3254 4356 3438 4417; x_wconf 82' lang='grc' dir='ltr'>εἷ’δώς.</span> <span class='ocrx_word' id='word_1_641' title='bbox 3500 4359 3666 4434; x_wconf 85' lang='grc' dir='ltr'>Λέγει</span> <span class='ocrx_word' id='word_1_642' title='bbox 3709 4354 3754 4411; x_wconf 81' lang='grc' dir='ltr'>δ’</span> <span class='ocrx_word' id='word_1_643' title='bbox 3792 4355 3858 4414; x_wconf 82' lang='grc' dir='ltr'>ὡς</span> <span class='ocrx_word' id='word_1_644' title='bbox 3891 4351 3920 4416; x_wconf 71' lang='grc' dir='ltr'>ἦ</span> 
     </span>
    </p>
   </div>
   <div class='ocr_carea' id='block_1_91' title="bbox 1890 4450 2580 4508">
    <p class='ocr_par' dir='ltr' id='par_1_91' title="bbox 1890 4450 2580 4508">
     <span class='ocr_line' id='line_1_91' title="bbox 1890 4450 2580 4508; baseline 0.001 -4"><span class='ocrx_word' id='word_1_645' title='bbox 1890 4450 2130 4508; x_wconf 79' lang='lat' dir='ltr'>VARI/E</span> <span class='ocrx_word' id='word_1_646' title='bbox 2168 4452 2580 4508; x_wconf 84' lang='lat' dir='ltr'>LECTIONES.</span> 
     </span>
    </p>
   </div>
   <div class='ocr_carea' id='block_1_92' title="bbox 599 4537 3517 4670">
    <p class='ocr_par' dir='ltr' id='par_1_92' title="bbox 599 4537 3517 4670">
     <span class='ocr_line' id='line_1_92' title="bbox 599 4537 3517 4620; baseline 0.002 -26"><span class='ocrx_word' id='word_1_647' title='bbox 599 4537 650 4573; x_wconf 72' lang='lat'>3°</span> <span class='ocrx_word' id='word_1_648' title='bbox 694 4538 916 4608; x_wconf 85' lang='grc' dir='ltr'>Μάντης</span> <span class='ocrx_word' id='word_1_649' title='bbox 957 4545 997 4595; x_wconf 85' lang='grc' dir='ltr'>Α</span> <span class='ocrx_word' id='word_1_650' title='bbox 1030 4557 1043 4596; x_wconf 91' lang='lat'><strong>:</strong></span> <span class='ocrx_word' id='word_1_651' title='bbox 1082 4538 1270 4611; x_wconf 86' lang='grc' dir='ltr'>μάντις</span> <span class='ocrx_word' id='word_1_652' title='bbox 1316 4559 1360 4600; x_wconf 89' lang='grc' dir='ltr'>ς.</span> <span class='ocrx_word' id='word_1_653' title='bbox 1405 4541 1661 4613; x_wconf 75' lang='lat' dir='ltr'>Heynius</span> <span class='ocrx_word' id='word_1_654' title='bbox 1727 4543 1994 4603; x_wconf 77' lang='grc' dir='ltr'>Μαντοῦς.</span> <span class='ocrx_word' id='word_1_655' title='bbox 2069 4543 2114 4581; x_wconf 76' lang='grc'>³¹</span> <span class='ocrx_word' id='word_1_656' title='bbox 2169 4538 2306 4620; x_wconf 77' lang='grc' dir='ltr'>ἔχρα</span> <span class='ocrx_word' id='word_1_657' title='bbox 2352 4543 2415 4596; x_wconf 87' lang='grc' dir='ltr'>τὸ</span> <span class='ocrx_word' id='word_1_658' title='bbox 2469 4546 2715 4614; x_wconf 80' lang='grc' dir='ltr'>μαντεῖον</span> <span class='ocrx_word' id='word_1_659' title='bbox 2756 4547 2798 4597; x_wconf 81' lang='grc' dir='ltr'>Α</span> <span class='ocrx_word' id='word_1_660' title='bbox 2834 4559 2846 4597; x_wconf 91' lang='lat'>:</span> <span class='ocrx_word' id='word_1_661' title='bbox 2884 4546 3131 4614; x_wconf 83' lang='grc' dir='ltr'>μαντεῖον</span> <span class='ocrx_word' id='word_1_662' title='bbox 3178 4539 3402 4619; x_wconf 78' lang='grc' dir='ltr'>ἐχρᾶτο.</span> <span class='ocrx_word' id='word_1_663' title='bbox 3437 4543 3517 4598; x_wconf 78' lang='lat' dir='ltr'>cf.</span> 
     </span>
     <span class='ocr_line' id='line_1_93' title="bbox 617 4608 3517 4670; baseline 0 -1"><span class='ocrx_word' id='word_1_664' title='bbox 617 4608 886 4664; x_wconf 74' lang='grc' dir='ltr'>ἐκώλυσεν</span> <span class='ocrx_word' id='word_1_665' title='bbox 951 4641 1013 4654; x_wconf 85' lang='grc'>-·</span> <span class='ocrx_word' id='word_1_666' title='bbox 1069 4609 1543 4670; x_wconf 72' lang='grc' dir='ltr'>προαπαγγέλλων</span> <span class='ocrx_word' id='word_1_667' title='bbox 1579 4630 1623 4670; x_wconf 87' lang='grc' dir='ltr'>ς.</span> <span class='ocrx_word' id='word_1_668' title='bbox 1702 4612 1748 4647; x_wconf 83' lang='grc'>³⁸</span> <span class='ocrx_word' id='word_1_669' title='bbox 1779 4611 1863 4666; x_wconf 79' lang='grc' dir='ltr'>ἐπὶ</span> <span class='ocrx_word' id='word_1_670' title='bbox 1931 4611 2167 4670; x_wconf 74' lang='grc' dir='ltr'>μᾶλλον]</span> <span class='ocrx_word' id='word_1_671' title='bbox 2225 4617 2338 4670; x_wconf 85' lang='lat' dir='ltr'>vid.</span> <span class='ocrx_word' id='word_1_672' title='bbox 2373 4616 2618 4670; x_wconf 81' lang='lat' dir='ltr'>Boeckh.</span> <span class='ocrx_word' id='word_1_673' title='bbox 2656 4616 2713 4669; x_wconf 86' lang='lat' dir='ltr'>in</span> <span class='ocrx_word' id='word_1_674' title='bbox 2758 4614 2980 4670; x_wconf 81' lang='lat' dir='ltr'>Platon.</span> <span class='ocrx_word' id='word_1_675' title='bbox 3011 4615 3151 4670; x_wconf 87' lang='lat' dir='ltr'>Min.</span> <span class='ocrx_word' id='word_1_676' title='bbox 3189 4632 3243 4670; x_wconf 85' lang='grc' dir='ltr'>ι).</span> <span class='ocrx_word' id='word_1_677' title='bbox 3309 4615 3410 4669; x_wconf 80' lang='grc'>153</span> <span class='ocrx_word' id='word_1_678' title='bbox 3459 4621 3517 4670; x_wconf 88' lang='lat' dir='ltr'>et</span> 
     </span>
    </p>
   </div>
   <div class='ocr_carea' id='block_1_93' title="bbox 2225 4624 3151 4671">
    <p class='ocr_par' dir='ltr' id='par_1_93' title="bbox 2225 4624 3151 4671">
     <span class='ocr_line' id='line_1_94' title="bbox 2225 4624 3151 4671; baseline -0.002 -1"><span class='ocrx_word' id='word_1_679' title='bbox 2225 4624 2338 4671; x_wconf 87' lang='lat' dir='ltr'>vid.</span> <span class='ocrx_word' id='word_1_680' title='bbox 2373 4624 2618 4670; x_wconf 81' lang='lat' dir='ltr'>Boeckh.</span> <span class='ocrx_word' id='word_1_681' title='bbox 2656 4624 2713 4669; x_wconf 84' lang='lat' dir='ltr'>in</span> <span class='ocrx_word' id='word_1_682' title='bbox 2758 4624 2980 4671; x_wconf 78' lang='lat' dir='ltr'>Platon.</span> <span class='ocrx_word' id='word_1_683' title='bbox 3011 4624 3151 4670; x_wconf 79' lang='lat' dir='ltr'>Min.</span> 
     </span>
    </p>
   </div>
   <div class='ocr_carea' id='block_1_94' title="bbox 530 4608 2167 4718">
    <p class='ocr_par' dir='ltr' id='par_1_94' title="bbox 530 4608 2167 4718">
     <span class='ocr_line' id='line_1_95' title="bbox 530 4608 2167 4718; baseline 0.001 -55"><span class='ocrx_word' id='word_1_684' title='bbox 530 4611 576 4646; x_wconf 81' lang='grc'>³³</span> <span class='ocrx_word' id='word_1_685' title='bbox 617 4608 886 4664; x_wconf 76' lang='grc' dir='ltr'>ἐκώλυσεν</span> <span class='ocrx_word' id='word_1_686' title='bbox 951 4641 1013 4654; x_wconf 87' lang='lat'>—-</span> <span class='ocrx_word' id='word_1_687' title='bbox 1069 4608 1543 4718; x_wconf 49' lang='grc' dir='ltr'>προαπαγγέλλων</span> <span class='ocrx_word' id='word_1_688' title='bbox 1579 4630 1623 4671; x_wconf 86' lang='grc' dir='ltr'>ς.</span> <span class='ocrx_word' id='word_1_689' title='bbox 1702 4612 1748 4647; x_wconf 82' lang='grc'>³⁸</span> <span class='ocrx_word' id='word_1_690' title='bbox 1779 4611 1863 4666; x_wconf 79' lang='grc' dir='ltr'>ἐπὶ</span> <span class='ocrx_word' id='word_1_691' title='bbox 1931 4611 2167 4684; x_wconf 75' lang='grc' dir='ltr'>μᾶλλον]</span> 
     </span>
     <span class='ocr_line' id='line_1_96' title="bbox 535 4683 2163 4718; baseline 0 0"><span class='ocrx_word' id='word_1_692' title='bbox 535 4683 684 4718; x_wconf 63' lang='lat' dir='ltr'><strong>unus:</strong></span> <span class='ocrx_word' id='word_1_693' title='bbox 745 4683 923 4718; x_wconf 70' lang='lat' dir='ltr'>mnam.</span> <span class='ocrx_word' id='word_1_694' title='bbox 1005 4702 1034 4718; x_wconf 73' lang='grc' dir='ltr'>η</span> <span class='ocrx_word' id='word_1_695' title='bbox 1157 4686 1225 4718; x_wconf 64' lang='lat'>:7</span> <span class='ocrx_word' id='word_1_696' title='bbox 1336 4685 1382 4718; x_wconf 71' lang='grc' dir='ltr'>ἰ</span> <span class='ocrx_word' id='word_1_697' title='bbox 1441 4685 1687 4718; x_wconf 48' lang='lat' dir='ltr'>numam.</span> <span class='ocrx_word' id='word_1_698' title='bbox 1750 4688 1774 4718; x_wconf 75' lang='grc' dir='ltr'>Α</span> <span class='ocrx_word' id='word_1_699' title='bbox 1883 4683 1930 4718; x_wconf 79' lang='lat'><strong>35</strong></span> <span class='ocrx_word' id='word_1_700' title='bbox 1987 4683 2163 4718; x_wconf 58' lang='lat'>2-41..</span> 
     </span>
    </p>
   </div>
   <div class='ocr_carea' id='block_1_95' title="bbox 531 4683 1248 4754">
    <p class='ocr_par' dir='ltr' id='par_1_95' title="bbox 531 4683 1248 4754">
     <span class='ocr_line' id='line_1_97' title="bbox 531 4683 1248 4754; baseline 0.004 -18"><span class='ocrx_word' id='word_1_701' title='bbox 531 4683 706 4754; x_wconf 82' lang='lat' dir='ltr'>Bosii</span> <span class='ocrx_word' id='word_1_702' title='bbox 745 4683 944 4754; x_wconf 83' lang='lat' dir='ltr'>Ellips.</span> <span class='ocrx_word' id='word_1_703' title='bbox 983 4702 1056 4754; x_wconf 13' lang='lat' dir='ltr'>7p.</span> <span class='ocrx_word' id='word_1_704' title='bbox 1116 4683 1248 4754; x_wconf 81' lang='lat'>557.</span> 
     </span>
    </p>
   </div>
   <div class='ocr_carea' id='block_1_96' title="bbox 3602 4533 3928 4598">
    <p class='ocr_par' dir='ltr' id='par_1_96' title="bbox 3602 4533 3928 4598">
     <span class='ocr_line' id='line_1_98' title="bbox 3602 4533 3928 4598; baseline -0.028 -1"><span class='ocrx_word' id='word_1_705' title='bbox 3602 4533 3928 4598; x_wconf 75' lang='lat' dir='ltr'>.136b33.</span> 
     </span>
    </p>
   </div>
   <div class='ocr_carea' id='block_1_97' title="bbox 3189 4604 3931 4686">
    <p class='ocr_par' dir='ltr' id='par_1_97' title="bbox 3189 4604 3931 4686">
     <span class='ocr_line' id='line_1_99' title="bbox 3189 4604 3931 4686; baseline -0.018 -16"><span class='ocrx_word' id='word_1_706' title='bbox 3189 4604 3258 4686; x_wconf 35' lang='lat' dir='ltr'>p7.</span> <span class='ocrx_word' id='word_1_707' title='bbox 3309 4615 3425 4686; x_wconf 28' lang='lat' dir='ltr'>153A</span> <span class='ocrx_word' id='word_1_708' title='bbox 3459 4621 3522 4670; x_wconf 88' lang='lat' dir='ltr'>et</span> <span class='ocrx_word' id='word_1_709' title='bbox 3554 4604 3841 4686; x_wconf 65' lang='lat' dir='ltr'>Schaefer.</span> <span class='ocrx_word' id='word_1_710' title='bbox 3871 4604 3931 4660; x_wconf 84' lang='lat' dir='ltr'>ad</span> 
     </span>
    </p>
   </div>
   <div class='ocr_carea' id='block_1_98' title="bbox 1364 4677 3929 4754">
    <p class='ocr_par' dir='ltr' id='par_1_98' title="bbox 1364 4677 3929 4754">
     <span class='ocr_line' id='line_1_100' title="bbox 1364 4677 3929 4754; baseline 0.001 -18"><span class='ocrx_word' id='word_1_711' title='bbox 1364 4687 1382 4719; x_wconf 79' lang='lat'><strong>‘</strong></span> <span class='ocrx_word' id='word_1_712' title='bbox 1441 4685 1804 4754; x_wconf 63' lang='lat' dir='ltr'>6w;:x&amp;3:_A.</span> <span class='ocrx_word' id='word_1_713' title='bbox 1883 4677 1940 4718; x_wconf 57' lang='grc' dir='ltr'>δέ</span> <span class='ocrx_word' id='word_1_714' title='bbox 1986 4677 2259 4753; x_wconf 69' lang='grc' dir='ltr'>ἐπήλυτον</span> <span class='ocrx_word' id='word_1_715' title='bbox 2319 4709 2361 4749; x_wconf 93' lang='grc' dir='ltr'>ς.</span> <span class='ocrx_word' id='word_1_716' title='bbox 2437 4685 2484 4720; x_wconf 73' lang='grc'>³⁸</span> <span class='ocrx_word' id='word_1_717' title='bbox 2550 4686 2636 4738; x_wconf 78' lang='grc' dir='ltr'>καί</span> <span class='ocrx_word' id='word_1_718' title='bbox 2705 4693 2836 4740; x_wconf 85' lang='lat' dir='ltr'>ante</span> <span class='ocrx_word' id='word_1_719' title='bbox 2891 4690 3010 4748; x_wconf 78' lang='grc' dir='ltr'>ταῖς</span> <span class='ocrx_word' id='word_1_720' title='bbox 3071 4677 3211 4754; x_wconf 48' lang='lat' dir='ltr'>add:</span> <span class='ocrx_word' id='word_1_721' title='bbox 3266 4690 3329 4740; x_wconf 83' lang='lat' dir='ltr'>A.</span> <span class='ocrx_word' id='word_1_722' title='bbox 3408 4684 3456 4720; x_wconf 81' lang='grc'><strong>³⁷</strong></span> <span class='ocrx_word' id='word_1_723' title='bbox 3499 4688 3602 4738; x_wconf 84' lang='grc' dir='ltr'>τοῦ</span> <span class='ocrx_word' id='word_1_724' title='bbox 3656 4677 3929 4754; x_wconf 46' lang='grc' dir='ltr'>Μηγάμου</span> 
     </span>
    </p>
   </div>
   <div class='ocr_carea' id='block_1_99' title="bbox 533 4752 3932 4878">
    <p class='ocr_par' dir='ltr' id='par_1_99' title="bbox 533 4752 3932 4878">
     <span class='ocr_line' id='line_1_101' title="bbox 533 4752 3932 4828; baseline 0.003 -21"><span class='ocrx_word' id='word_1_725' title='bbox 533 4753 804 4828; x_wconf 79' lang='lat' dir='ltr'>Ileynius.</span> <span class='ocrx_word' id='word_1_726' title='bbox 860 4752 932 4789; x_wconf 71' lang='grc'>’⁸⁸</span> <span class='ocrx_word' id='word_1_727' title='bbox 959 4752 1018 4823; x_wconf 49' lang='lat' dir='ltr'>il</span> <span class='ocrx_word' id='word_1_728' title='bbox 1054 4760 1118 4811; x_wconf 85' lang='lat' dir='ltr'>A.</span> <span class='ocrx_word' id='word_1_729' title='bbox 1154 4753 1253 4809; x_wconf 82' lang='grc' dir='ltr'>Καὶ</span> <span class='ocrx_word' id='word_1_730' title='bbox 1314 4757 1346 4823; x_wconf 82' lang='grc' dir='ltr'>ἡ</span> <span class='ocrx_word' id='word_1_731' title='bbox 1401 4773 1446 4814; x_wconf 87' lang='grc' dir='ltr'>ς.</span> <span class='ocrx_word' id='word_1_732' title='bbox 1525 4754 1573 4789; x_wconf 69' lang='grc'>³9</span> <span class='ocrx_word' id='word_1_733' title='bbox 1611 4756 1656 4810; x_wconf 89' lang='grc' dir='ltr'>Τ</span> <span class='ocrx_word' id='word_1_734' title='bbox 1697 4752 1806 4808; x_wconf 85' lang='grc' dir='ltr'>ώου</span> <span class='ocrx_word' id='word_1_735' title='bbox 1863 4761 1908 4810; x_wconf 85' lang='grc' dir='ltr'><strong>Α</strong></span> <span class='ocrx_word' id='word_1_736' title='bbox 1942 4774 1954 4812; x_wconf 87' lang='lat'><strong>:</strong></span> <span class='ocrx_word' id='word_1_737' title='bbox 1988 4752 2173 4828; x_wconf 82' lang='grc' dir='ltr'>Τρωός</span> <span class='ocrx_word' id='word_1_738' title='bbox 2233 4779 2279 4819; x_wconf 90' lang='grc' dir='ltr'>ς.</span> <span class='ocrx_word' id='word_1_739' title='bbox 2325 4759 2478 4814; x_wconf 90' lang='lat' dir='ltr'>unde</span> <span class='ocrx_word' id='word_1_740' title='bbox 2518 4758 2627 4812; x_wconf 87' lang='lat' dir='ltr'>fuit</span> <span class='ocrx_word' id='word_1_741' title='bbox 2700 4759 2756 4812; x_wconf 94' lang='lat' dir='ltr'>ui</span> <span class='ocrx_word' id='word_1_742' title='bbox 2809 4759 3023 4814; x_wconf 81' lang='lat' dir='ltr'>faceret</span> <span class='ocrx_word' id='word_1_743' title='bbox 3053 4752 3287 4828; x_wconf 84' lang='grc' dir='ltr'>Ἀτρέως</span> <span class='ocrx_word' id='word_1_744' title='bbox 3360 4756 3406 4791; x_wconf 74' lang='grc'>⁴⁰</span> <span class='ocrx_word' id='word_1_745' title='bbox 3444 4757 3542 4810; x_wconf 76' lang='grc' dir='ltr'>καὶ</span> <span class='ocrx_word' id='word_1_746' title='bbox 3597 4755 3675 4815; x_wconf 79' lang='grc' dir='ltr'>ὡς</span> <span class='ocrx_word' id='word_1_747' title='bbox 3723 4752 3932 4824; x_wconf 54' lang='grc' dir='ltr'>ὁρμισα-</span> 
     </span>
     <span class='ocr_line' id='line_1_102' title="bbox 537 4773 3932 4878; baseline -0.001 0"><span class='ocrx_word' id='word_1_748' title='bbox 537 4823 707 4878; x_wconf 72' lang='grc' dir='ltr'>μένων</span> <span class='ocrx_word' id='word_1_749' title='bbox 754 4829 821 4878; x_wconf 79' lang='grc' dir='ltr'>Α.</span> <span class='ocrx_word' id='word_1_750' title='bbox 901 4825 943 4863; x_wconf 80' lang='grc'>¹¹</span> <span class='ocrx_word' id='word_1_751' title='bbox 1004 4829 1101 4878; x_wconf 88' lang='grc' dir='ltr'>τοῦ</span> <span class='ocrx_word' id='word_1_752' title='bbox 1159 4828 1289 4878; x_wconf 81' lang='lat' dir='ltr'>add.</span> <span class='ocrx_word' id='word_1_753' title='bbox 1344 4824 1405 4878; x_wconf 88' lang='grc' dir='ltr'>τό</span> <span class='ocrx_word' id='word_1_754' title='bbox 1437 4830 1482 4878; x_wconf 81' lang='grc' dir='ltr'><strong>Α</strong></span> <span class='ocrx_word' id='word_1_755' title='bbox 1543 4843 1556 4878; x_wconf 90' lang='lat'>:</span> <span class='ocrx_word' id='word_1_756' title='bbox 1608 4773 1700 4878; x_wconf 59' lang='lat' dir='ltr'>TOPV</span> <span class='ocrx_word' id='word_1_757' title='bbox 1754 4847 1800 4878; x_wconf 79' lang='grc' dir='ltr'>ς.</span> <span class='ocrx_word' id='word_1_758' title='bbox 1877 4828 1925 4862; x_wconf 83' lang='grc'>⁴²</span> <span class='ocrx_word' id='word_1_759' title='bbox 1957 4827 2223 4878; x_wconf 61' lang='grc' dir='ltr'>Ἀτόσσης</span> <span class='ocrx_word' id='word_1_760' title='bbox 2281 4831 2564 4878; x_wconf 79' lang='lat' dir='ltr'>Kannius-</span> <span class='ocrx_word' id='word_1_761' title='bbox 2617 4773 2887 4878; x_wconf 50' lang='grc' dir='ltr'>Αῗγόσσης</span> <span class='ocrx_word' id='word_1_762' title='bbox 2921 4835 2958 4878; x_wconf 86' lang='grc' dir='ltr'><strong>Α</strong></span> <span class='ocrx_word' id='word_1_763' title='bbox 2997 4845 3010 4878; x_wconf 74' lang='lat'><strong>2</strong></span> <span class='ocrx_word' id='word_1_764' title='bbox 3046 4827 3304 4878; x_wconf 77' lang='grc' dir='ltr'>Ἀττόσης</span> <span class='ocrx_word' id='word_1_765' title='bbox 3336 4847 3380 4878; x_wconf 81' lang='grc' dir='ltr'>ς.</span> <span class='ocrx_word' id='word_1_766' title='bbox 3459 4828 3511 4863; x_wconf 78' lang='grc'>⁴³</span> <span class='ocrx_word' id='word_1_767' title='bbox 3569 4834 3674 4878; x_wconf 72' lang='grc' dir='ltr'>τῆς</span> <span class='ocrx_word' id='word_1_768' title='bbox 3723 4824 3932 4878; x_wconf 80' lang='lat' dir='ltr'>add.A.</span> 
     </span>
    </p>
   </div>
   <div class='ocr_carea' id='block_1_100' title="bbox 1608 4846 1700 4879">
    <p class='ocr_par' dir='ltr' id='par_1_100' title="bbox 1608 4846 1700 4879">
     <span class='ocr_line' id='line_1_103' title="bbox 1608 4846 1700 4879; baseline -0.011 0"><span class='ocrx_word' id='word_1_769' title='bbox 1608 4846 1700 4879; x_wconf 86' lang='grc' dir='ltr'>τον</span> 
     </span>
    </p>
   </div>
   <div class='ocr_carea' id='block_1_101' title="bbox 537 4824 1556 4898">
    <p class='ocr_par' dir='ltr' id='par_1_101' title="bbox 537 4824 1556 4898">
     <span class='ocr_line' id='line_1_104' title="bbox 537 4824 1556 4898; baseline 0.001 -18"><span class='ocrx_word' id='word_1_770' title='bbox 537 4824 707 4898; x_wconf 68' lang='grc' dir='ltr'>μένων</span> <span class='ocrx_word' id='word_1_771' title='bbox 901 4825 943 4863; x_wconf 83' lang='grc'>¹¹</span> <span class='ocrx_word' id='word_1_772' title='bbox 1004 4829 1101 4880; x_wconf 88' lang='grc' dir='ltr'>τοῦ</span> <span class='ocrx_word' id='word_1_773' title='bbox 1159 4828 1289 4883; x_wconf 84' lang='lat' dir='ltr'>add.</span> <span class='ocrx_word' id='word_1_774' title='bbox 1344 4824 1482 4898; x_wconf 72' lang='grc' dir='ltr'>τρΑ</span> <span class='ocrx_word' id='word_1_775' title='bbox 1543 4843 1556 4881; x_wconf 88' lang='lat'><strong>:</strong></span> 
     </span>
    </p>
   </div>
   <div class='ocr_carea' id='block_1_102' title="bbox 535 4892 1925 4972">
    <p class='ocr_par' dir='ltr' id='par_1_102' title="bbox 535 4892 1925 4972">
     <span class='ocr_line' id='line_1_105' title="bbox 535 4892 1925 4972; baseline 0.015 -39"><span class='ocrx_word' id='word_1_776' title='bbox 535 4892 580 4933; x_wconf 68' lang='grc' dir='ltr'>ιο</span> <span class='ocrx_word' id='word_1_777' title='bbox 612 4907 740 4972; x_wconf 70' lang='lat' dir='ltr'>post</span> <span class='ocrx_word' id='word_1_778' title='bbox 769 4892 886 4972; x_wconf 78' lang='grc' dir='ltr'>ἔχω</span> <span class='ocrx_word' id='word_1_779' title='bbox 918 4914 1047 4955; x_wconf 88' lang='lat' dir='ltr'>cum</span> <span class='ocrx_word' id='word_1_780' title='bbox 1088 4902 1134 4954; x_wconf 83' lang='lat' dir='ltr'><strong>A</strong></span> <span class='ocrx_word' id='word_1_781' title='bbox 1165 4899 1333 4956; x_wconf 87' lang='lat' dir='ltr'>omisi</span> <span class='ocrx_word' id='word_1_782' title='bbox 1367 4894 1444 4952; x_wconf 80' lang='grc' dir='ltr'>δέ.</span> <span class='ocrx_word' id='word_1_783' title='bbox 1521 4899 1565 4934; x_wconf 69' lang='grc'><strong>⁸⁵</strong></span> <span class='ocrx_word' id='word_1_784' title='bbox 1592 4897 1828 4970; x_wconf 76' lang='grc' dir='ltr'>νομίξειν</span> <span class='ocrx_word' id='word_1_785' title='bbox 1862 4904 1925 4954; x_wconf 82' lang='grc' dir='ltr'>Α.</span> 
     </span>
    </p>
   </div>
   <div class='ocr_carea' id='block_1_103' title="bbox 1754 4824 3932 4900">
    <p class='ocr_par' dir='ltr' id='par_1_103' title="bbox 1754 4824 3932 4900">
     <span class='ocr_line' id='line_1_106' title="bbox 1754 4824 3932 4900; baseline -0.007 -12"><span class='ocrx_word' id='word_1_786' title='bbox 1754 4847 1800 4888; x_wconf 81' lang='grc' dir='ltr'>ς.</span> <span class='ocrx_word' id='word_1_787' title='bbox 1877 4828 1925 4862; x_wconf 85' lang='grc'>⁴²</span> <span class='ocrx_word' id='word_1_788' title='bbox 1957 4824 2223 4900; x_wconf 78' lang='grc' dir='ltr'>Ἀτόσσης</span> <span class='ocrx_word' id='word_1_789' title='bbox 2281 4831 2566 4896; x_wconf 84' lang='lat' dir='ltr'>Kannius,</span> <span class='ocrx_word' id='word_1_790' title='bbox 2616 4824 2887 4900; x_wconf 75' lang='grc' dir='ltr'>Αίγόσσης</span> <span class='ocrx_word' id='word_1_791' title='bbox 2921 4835 2961 4884; x_wconf 87' lang='grc' dir='ltr'><strong>Α</strong></span> <span class='ocrx_word' id='word_1_792' title='bbox 2997 4845 3010 4885; x_wconf 76' lang='lat'><strong>2</strong></span> <span class='ocrx_word' id='word_1_793' title='bbox 3046 4824 3304 4897; x_wconf 81' lang='grc' dir='ltr'>Ἀττόσης</span> <span class='ocrx_word' id='word_1_794' title='bbox 3336 4847 3380 4888; x_wconf 84' lang='grc' dir='ltr'>ς.</span> <span class='ocrx_word' id='word_1_795' title='bbox 3459 4828 3511 4863; x_wconf 82' lang='grc'><strong><em>⁴³</em></strong></span> <span class='ocrx_word' id='word_1_796' title='bbox 3569 4834 3674 4896; x_wconf 82' lang='grc' dir='ltr'>τῆς</span> <span class='ocrx_word' id='word_1_797' title='bbox 3723 4824 3845 4880; x_wconf 87' lang='lat' dir='ltr'>add.</span> <span class='ocrx_word' id='word_1_798' title='bbox 3875 4824 3932 4874; x_wconf 82' lang='lat' dir='ltr'>A.</span> 
     </span>
    </p>
   </div>
   <div class='ocr_carea' id='block_1_104' title="bbox 2122 4990 2354 5047">
    <p class='ocr_par' dir='ltr' id='par_1_104' title="bbox 2122 4990 2354 5047">
     <span class='ocr_line' id='line_1_107' title="bbox 2122 4990 2354 5047; baseline 0 -1"><span class='ocrx_word' id='word_1_799' title='bbox 2122 4990 2354 5047; x_wconf 67' lang='lat' dir='ltr'>NOTAE.</span> 
     </span>
    </p>
   </div>
   <div class='ocr_carea' id='block_1_105' title="bbox 601 5076 2182 5151">
    <p class='ocr_par' dir='ltr' id='par_1_105' title="bbox 601 5076 2182 5151">
     <span class='ocr_line' id='line_1_108' title="bbox 601 5076 2182 5151; baseline 0 -16"><span class='ocrx_word' id='word_1_800' title='bbox 601 5080 712 5151; x_wconf 88' lang='grc'>(67)</span> <span class='ocrx_word' id='word_1_801' title='bbox 744 5079 1003 5135; x_wconf 89' lang='lat' dir='ltr'>Emendo</span> <span class='ocrx_word' id='word_1_802' title='bbox 1053 5077 1332 5151; x_wconf 86' lang='grc' dir='ltr'>Μάντους.</span> <span class='ocrx_word' id='word_1_803' title='bbox 1368 5077 1554 5151; x_wconf 59' lang='lat' dir='ltr'>Strab.</span> <span class='ocrx_word' id='word_1_804' title='bbox 1605 5076 1707 5151; x_wconf 73' lang='lat' dir='ltr'>lib.</span> <span class='ocrx_word' id='word_1_805' title='bbox 1749 5094 1843 5134; x_wconf 80' lang='lat' dir='ltr'>xlv</span> <span class='ocrx_word' id='word_1_806' title='bbox 1890 5078 2050 5134; x_wconf 88' lang='lat' dir='ltr'>Cilic.</span> <span class='ocrx_word' id='word_1_807' title='bbox 2081 5095 2182 5135; x_wconf 77' lang='lat' dir='ltr'>ex-</span> 
     </span>
    </p>
   </div>
   <div class='ocr_carea' id='block_1_106' title="bbox 531 5149 2180 5222">
    <p class='ocr_par' dir='ltr' id='par_1_106' title="bbox 531 5149 2180 5222">
     <span class='ocr_line' id='line_1_109' title="bbox 531 5149 2180 5222; baseline 0.001 -16"><span class='ocrx_word' id='word_1_808' title='bbox 531 5149 702 5207; x_wconf 87' lang='lat' dir='ltr'>trem.</span> <span class='ocrx_word' id='word_1_809' title='bbox 738 5151 879 5206; x_wconf 85' lang='lat' dir='ltr'>Vide</span> <span class='ocrx_word' id='word_1_810' title='bbox 938 5166 1171 5222; x_wconf 89' lang='lat' dir='ltr'>quoque</span> <span class='ocrx_word' id='word_1_811' title='bbox 1217 5150 1486 5222; x_wconf 8' lang='lat' dir='ltr'>ejusdem,</span> <span class='ocrx_word' id='word_1_812' title='bbox 1522 5149 1758 5206; x_wconf 87' lang='lat' dir='ltr'>Joniam</span> <span class='ocrx_word' id='word_1_813' title='bbox 1803 5155 2042 5207; x_wconf 83' lang='lat' dir='ltr'>extrem.</span> <span class='ocrx_word' id='word_1_814' title='bbox 2077 5151 2180 5207; x_wconf 88' lang='lat' dir='ltr'>lib.</span> 
     </span>
    </p>
   </div>
   <div class='ocr_carea' id='block_1_107' title="bbox 535 5221 1720 5293">
    <p class='ocr_par' dir='ltr' id='par_1_107' title="bbox 535 5221 1720 5293">
     <span class='ocr_line' id='line_1_110' title="bbox 535 5221 1720 5293; baseline 0.002 -17"><span class='ocrx_word' id='word_1_815' title='bbox 535 5237 662 5287; x_wconf 80' lang='lat' dir='ltr'>xm,</span> <span class='ocrx_word' id='word_1_816' title='bbox 697 5227 753 5276; x_wconf 87' lang='lat' dir='ltr'>et</span> <span class='ocrx_word' id='word_1_817' title='bbox 785 5221 1122 5280; x_wconf 79' lang='lat' dir='ltr'>Hesiodum.</span> <span class='ocrx_word' id='word_1_818' title='bbox 1155 5221 1406 5293; x_wconf 80' lang='lat' dir='ltr'>Lycoph.</span> <span class='ocrx_word' id='word_1_819' title='bbox 1441 5221 1720 5293; x_wconf 87' lang='lat' dir='ltr'>aliosque.</span> 
     </span>
    </p>
   </div>
   <div class='ocr_carea' id='block_1_108' title="bbox 609 5293 2186 5365">
    <p class='ocr_par' dir='ltr' id='par_1_108' title="bbox 609 5293 2186 5365">
     <span class='ocr_line' id='line_1_111' title="bbox 609 5293 2186 5365; baseline 0.004 -20"><span class='ocrx_word' id='word_1_820' title='bbox 609 5293 1054 5365; x_wconf 67' lang='lat' dir='ltr'>(6§)1_\rgiopam</span> <span class='ocrx_word' id='word_1_821' title='bbox 1079 5295 1318 5365; x_wconf 88' lang='lat' dir='ltr'>quidam</span> <span class='ocrx_word' id='word_1_822' title='bbox 1353 5295 1548 5349; x_wconf 86' lang='lat' dir='ltr'>dixere</span> <span class='ocrx_word' id='word_1_823' title='bbox 1573 5309 1707 5348; x_wconf 89' lang='lat' dir='ltr'>cum</span> <span class='ocrx_word' id='word_1_824' title='bbox 1731 5293 1992 5364; x_wconf 80' lang='lat' dir='ltr'>Apollon.</span> <span class='ocrx_word' id='word_1_825' title='bbox 2019 5295 2120 5350; x_wconf 91' lang='lat' dir='ltr'>lib.</span> <span class='ocrx_word' id='word_1_826' title='bbox 2148 5311 2186 5353; x_wconf 92' lang='grc' dir='ltr'>ι.</span> 
     </span>
    </p>
   </div>
   <div class='ocr_carea' id='block_1_109' title="bbox 608 5363 2184 5437">
    <p class='ocr_par' dir='ltr' id='par_1_109' title="bbox 608 5363 2184 5437">
     <span class='ocr_line' id='line_1_112' title="bbox 608 5363 2184 5437; baseline 0.004 -21"><span class='ocrx_word' id='word_1_827' title='bbox 608 5363 722 5437; x_wconf 87' lang='lat'>(_6_9)</span> <span class='ocrx_word' id='word_1_828' title='bbox 753 5363 896 5437; x_wconf 81' lang='lat' dir='ltr'>Vide</span> <span class='ocrx_word' id='word_1_829' title='bbox 930 5363 1157 5420; x_wconf 81' lang='lat' dir='ltr'>Eustat.</span> <span class='ocrx_word' id='word_1_830' title='bbox 1181 5365 1238 5419; x_wconf 88' lang='lat' dir='ltr'>in</span> <span class='ocrx_word' id='word_1_831' title='bbox 1265 5365 1434 5420; x_wconf 86' lang='lat' dir='ltr'>Hom.</span> <span class='ocrx_word' id='word_1_832' title='bbox 1465 5366 1520 5420; x_wconf 85' lang='lat'>2.</span> <span class='ocrx_word' id='word_1_833' title='bbox 1547 5365 1610 5437; x_wconf 84' lang='grc' dir='ltr'>Β.</span> <span class='ocrx_word' id='word_1_834' title='bbox 1639 5366 1741 5420; x_wconf 86' lang='lat' dir='ltr'>Lil.</span> <span class='ocrx_word' id='word_1_835' title='bbox 1775 5363 2012 5437; x_wconf 81' lang='lat' dir='ltr'>Gyrald.</span> <span class='ocrx_word' id='word_1_836' title='bbox 2035 5366 2184 5422; x_wconf 89' lang='lat' dir='ltr'>Dial.</span> 
     </span>
    </p>
   </div>
   <div class='ocr_carea' id='block_1_110' title="bbox 536 5433 2104 5508">
    <p class='ocr_par' dir='ltr' id='par_1_110' title="bbox 536 5433 2104 5508">
     <span class='ocr_line' id='line_1_113' title="bbox 536 5433 2104 5508; baseline 0.005 -22"><span class='ocrx_word' id='word_1_837' title='bbox 536 5433 592 5488; x_wconf 88' lang='lat'>2.</span> <span class='ocrx_word' id='word_1_838' title='bbox 625 5433 814 5508; x_wconf 67' lang='lat' dir='ltr'>Natat.</span> <span class='ocrx_word' id='word_1_839' title='bbox 847 5437 1042 5508; x_wconf 85' lang='lat' dir='ltr'>comit.</span> <span class='ocrx_word' id='word_1_840' title='bbox 1079 5437 1318 5508; x_wconf 79' lang='lat' dir='ltr'>Mythol.</span> <span class='ocrx_word' id='word_1_841' title='bbox 1349 5442 1405 5491; x_wconf 91' lang='lat' dir='ltr'>et</span> <span class='ocrx_word' id='word_1_842' title='bbox 1435 5436 1610 5491; x_wconf 81' lang='lat' dir='ltr'>Sicut.</span> <span class='ocrx_word' id='word_1_843' title='bbox 1647 5437 1747 5492; x_wconf 92' lang='lat' dir='ltr'>lib.</span> <span class='ocrx_word' id='word_1_844' title='bbox 1783 5433 1862 5504; x_wconf 70' lang='lat' dir='ltr'>ut,</span> <span class='ocrx_word' id='word_1_845' title='bbox 1895 5454 2018 5507; x_wconf 89' lang='lat' dir='ltr'>cap.</span> <span class='ocrx_word' id='word_1_846' title='bbox 2048 5439 2104 5494; x_wconf 90' lang='grc'>5.</span> 
     </span>
    </p>
   </div>
   <div class='ocr_carea' id='block_1_111' title="bbox 602 5504 2188 5580">
    <p class='ocr_par' dir='ltr' id='par_1_111' title="bbox 602 5504 2188 5580">
     <span class='ocr_line' id='line_1_114' title="bbox 602 5504 2188 5580; baseline 0.004 -22"><span class='ocrx_word' id='word_1_847' title='bbox 602 5504 720 5575; x_wconf 89' lang='grc'>(70)</span> <span class='ocrx_word' id='word_1_848' title='bbox 745 5507 917 5580; x_wconf 71' lang='grc' dir='ltr'>⁵Αρυά</span> <span class='ocrx_word' id='word_1_849' title='bbox 949 5504 1215 5564; x_wconf 72' lang='lat' dir='ltr'>Eustatlt.</span> <span class='ocrx_word' id='word_1_850' title='bbox 1250 5510 1425 5564; x_wconf 85' lang='lat' dir='ltr'>etiam</span> <span class='ocrx_word' id='word_1_851' title='bbox 1457 5508 1733 5579; x_wconf 87' lang='lat' dir='ltr'>loquendi</span> <span class='ocrx_word' id='word_1_852' title='bbox 1769 5504 2042 5565; x_wconf 82' lang='lat' dir='ltr'>lacullate</span> <span class='ocrx_word' id='word_1_853' title='bbox 2067 5509 2188 5580; x_wconf 87' lang='lat' dir='ltr'>pri-</span> 
     </span>
    </p>
   </div>
   <div class='ocr_carea' id='block_1_112' title="bbox 535 5577 970 5645">
    <p class='ocr_par' dir='ltr' id='par_1_112' title="bbox 535 5577 970 5645">
     <span class='ocr_line' id='line_1_115' title="bbox 535 5577 970 5645; baseline -0.007 -11"><span class='ocrx_word' id='word_1_854' title='bbox 535 5581 708 5634; x_wconf 79' lang='lat' dir='ltr'>vatus</span> <span class='ocrx_word' id='word_1_855' title='bbox 743 5577 970 5645; x_wconf 84' lang='lat' dir='ltr'>legitur.</span> 
     </span>
    </p>
   </div>
   <div class='ocr_carea' id='block_1_113' title="bbox 607 5646 1629 5724">
    <p class='ocr_par' dir='ltr' id='par_1_113' title="bbox 607 5646 1629 5724">
     <span class='ocr_line' id='line_1_116' title="bbox 607 5646 1629 5724; baseline 0.003 -21"><span class='ocrx_word' id='word_1_856' title='bbox 607 5647 718 5719; x_wconf 89' lang='grc'>(71)</span> <span class='ocrx_word' id='word_1_857' title='bbox 751 5649 958 5705; x_wconf 87' lang='lat' dir='ltr'>Strabo</span> <span class='ocrx_word' id='word_1_858' title='bbox 988 5646 1087 5705; x_wconf 89' lang='lat' dir='ltr'>lib.</span> <span class='ocrx_word' id='word_1_859' title='bbox 1121 5665 1238 5706; x_wconf 82' lang='lat' dir='ltr'>xvn</span> <span class='ocrx_word' id='word_1_860' title='bbox 1269 5649 1339 5708; x_wconf 90' lang='lat' dir='ltr'>de</span> <span class='ocrx_word' id='word_1_861' title='bbox 1367 5651 1629 5724; x_wconf 72' lang='lat' dir='ltr'>Egypto.</span> 
     </span>
    </p>
   </div>
   <div class='ocr_carea' id='block_1_114' title="bbox 2359 5076 3939 5154">
    <p class='ocr_par' dir='ltr' id='par_1_114' title="bbox 2359 5076 3939 5154">
     <span class='ocr_line' id='line_1_117' title="bbox 2359 5076 3939 5154; baseline -0.002 -21"><span class='ocrx_word' id='word_1_862' title='bbox 2359 5081 2471 5154; x_wconf 87' lang='grc'>(72)</span> <span class='ocrx_word' id='word_1_863' title='bbox 2520 5085 2670 5152; x_wconf 81' lang='lat' dir='ltr'>Lege</span> <span class='ocrx_word' id='word_1_864' title='bbox 2715 5081 2956 5136; x_wconf 82' lang='lat' dir='ltr'>Nicand.</span> <span class='ocrx_word' id='word_1_865' title='bbox 2991 5079 3276 5154; x_wconf 28' lang='lat' dir='ltr'>ATheriac.</span> <span class='ocrx_word' id='word_1_866' title='bbox 3326 5078 3403 5154; x_wconf 91' lang='lat' dir='ltr'>in_</span> <span class='ocrx_word' id='word_1_867' title='bbox 3437 5076 3863 5154; x_wconf 67' lang='lat' dir='ltr'>Haemon-hoc;</span> <span class='ocrx_word' id='word_1_868' title='bbox 3909 5085 3939 5122; x_wconf 84' lang='grc' dir='ltr'>ει</span> 
     </span>
    </p>
   </div>
   <div class='ocr_carea' id='block_1_115' title="bbox 2295 5148 3943 5225">
    <p class='ocr_par' dir='ltr' id='par_1_115' title="bbox 2295 5148 3943 5225">
     <span class='ocr_line' id='line_1_118' title="bbox 2295 5148 3943 5225; baseline -0.006 -18"><span class='ocrx_word' id='word_1_869' title='bbox 2295 5148 2409 5222; x_wconf 85' lang='lat' dir='ltr'>quo</span> <span class='ocrx_word' id='word_1_870' title='bbox 2445 5148 2569 5224; x_wconf 82' lang='lat' dir='ltr'>ipse</span> <span class='ocrx_word' id='word_1_871' title='bbox 2599 5148 2944 5225; x_wconf 73' lang='lat' dir='ltr'>percussum</span> <span class='ocrx_word' id='word_1_872' title='bbox 2976 5152 3271 5225; x_wconf 72' lang='lat' dir='ltr'>Canobum</span> <span class='ocrx_word' id='word_1_873' title='bbox 3316 5151 3517 5225; x_wconf 51' lang='lat' dir='ltr'>refert,</span> <span class='ocrx_word' id='word_1_874' title='bbox 3554 5148 3943 5225; x_wconf 73' lang='lat' dir='ltr'>Helenamun</span> 
     </span>
    </p>
   </div>
   <div class='ocr_carea' id='block_1_116' title="bbox 2294 5216 3947 5298">
    <p class='ocr_par' dir='ltr' id='par_1_116' title="bbox 2294 5216 3947 5298">
     <span class='ocr_line' id='line_1_119' title="bbox 2294 5216 3947 5298; baseline -0.008 -17"><span class='ocrx_word' id='word_1_875' title='bbox 2294 5216 2764 5298; x_wconf 49' lang='lat' dir='ltr'>propterea-huic</span> <span class='ocrx_word' id='word_1_876' title='bbox 2805 5222 3075 5298; x_wconf 59' lang='lat' dir='ltr'>serpenti</span> <span class='ocrx_word' id='word_1_877' title='bbox 3087 5224 3337 5298; x_wconf 73' lang='lat' dir='ltr'>lumbos</span> <span class='ocrx_word' id='word_1_878' title='bbox 3370 5221 3648 5298; x_wconf 78' lang='lat' dir='ltr'>fregisse.</span> <span class='ocrx_word' id='word_1_879' title='bbox 3682 5216 3947 5298; x_wconf 64' lang='lat' dir='ltr'>Nicandri</span> 
     </span>
    </p>
   </div>
   <div class='ocr_carea' id='block_1_117' title="bbox 2295 5281 3943 5352">
    <p class='ocr_par' dir='ltr' id='par_1_117' title="bbox 2295 5281 3943 5352">
     <span class='ocr_line' id='line_1_120' title="bbox 2295 5281 3943 5352; baseline -0.006 -2"><span class='ocrx_word' id='word_1_880' title='bbox 2295 5281 2685 5352; x_wconf 68' lang='lat' dir='ltr'>narrationem</span> <span class='ocrx_word' id='word_1_881' title='bbox 2736 5281 2968 5351; x_wconf 75' lang='lat' dir='ltr'>exhibet</span> <span class='ocrx_word' id='word_1_882' title='bbox 3013 5294 3223 5350; x_wconf 70' lang='lat' dir='ltr'>Elian.</span> <span class='ocrx_word' id='word_1_883' title='bbox 3276 5293 3378 5350; x_wconf 91' lang='lat' dir='ltr'>lib.</span> <span class='ocrx_word' id='word_1_884' title='bbox 3427 5281 3529 5347; x_wconf 80' lang='lat' dir='ltr'>x‘iv</span> <span class='ocrx_word' id='word_1_885' title='bbox 3589 5293 3658 5347; x_wconf 79' lang='lat' dir='ltr'>de</span> <span class='ocrx_word' id='word_1_886' title='bbox 3708 5281 3943 5346; x_wconf 76' lang='lat' dir='ltr'>Animal.</span> 
     </span>
    </p>
   </div>
   <div class='ocr_carea' id='block_1_118' title="bbox 2295 5371 2545 5436">
    <p class='ocr_par' dir='ltr' id='par_1_118' title="bbox 2295 5371 2545 5436">
     <span class='ocr_line' id='line_1_121' title="bbox 2295 5371 2545 5436; baseline -0.004 -13"><span class='ocrx_word' id='word_1_887' title='bbox 2295 5384 2422 5436; x_wconf 84' lang='lat' dir='ltr'>cap.</span> <span class='ocrx_word' id='word_1_888' title='bbox 2461 5371 2545 5423; x_wconf 85' lang='grc'>13.</span> 
     </span>
    </p>
   </div>
   <div class='ocr_carea' id='block_1_119' title="bbox 2365 5429 3949 5508">
    <p class='ocr_par' dir='ltr' id='par_1_119' title="bbox 2365 5429 3949 5508">
     <span class='ocr_line' id='line_1_122' title="bbox 2365 5429 3949 5508; baseline -0.008 -14"><span class='ocrx_word' id='word_1_889' title='bbox 2365 5429 2483 5508; x_wconf 81' lang='grc'>(73)</span> <span class='ocrx_word' id='word_1_890' title='bbox 2511 5437 2804 5502; x_wconf 82' lang='lat' dir='ltr'>Justinus,</span> <span class='ocrx_word' id='word_1_891' title='bbox 2837 5438 2938 5493; x_wconf 91' lang='lat' dir='ltr'>lib.</span> <span class='ocrx_word' id='word_1_892' title='bbox 2983 5455 3021 5504; x_wconf 84' lang='grc' dir='ltr'>ι,</span> <span class='ocrx_word' id='word_1_893' title='bbox 3059 5435 3220 5508; x_wconf 86' lang='lat' dir='ltr'>Diod.</span> <span class='ocrx_word' id='word_1_894' title='bbox 3253 5434 3431 5492; x_wconf 80' lang='lat' dir='ltr'>Sicut.</span> <span class='ocrx_word' id='word_1_895' title='bbox 3465 5433 3581 5490; x_wconf 88' lang='lat' dir='ltr'>lib.</span> <span class='ocrx_word' id='word_1_896' title='bbox 3629 5451 3671 5489; x_wconf 78' lang='grc' dir='ltr'>ιι</span> <span class='ocrx_word' id='word_1_897' title='bbox 3699 5451 3714 5502; x_wconf 90' lang='lat'><strong>;</strong></span> <span class='ocrx_word' id='word_1_898' title='bbox 3747 5429 3949 5488; x_wconf 83' lang='lat' dir='ltr'>Herod.</span> 
     </span>
    </p>
   </div>
   <div class='ocr_carea' id='block_1_120' title="bbox 2295 5507 3834 5587">
    <p class='ocr_par' dir='ltr' id='par_1_120' title="bbox 2295 5507 3834 5587">
     <span class='ocr_line' id='line_1_123' title="bbox 2295 5507 3834 5587; baseline 0.017 -26"><span class='ocrx_word' id='word_1_899' title='bbox 2295 5507 2559 5587; x_wconf 62' lang='lat' dir='ltr'>Etiamne</span> <span class='ocrx_word' id='word_1_900' title='bbox 2591 5511 2808 5587; x_wconf 78' lang='lat' dir='ltr'>aliique</span> <span class='ocrx_word' id='word_1_901' title='bbox 2837 5512 2908 5587; x_wconf 87' lang='lat' dir='ltr'>d_e</span> <span class='ocrx_word' id='word_1_902' title='bbox 2939 5526 3004 5566; x_wconf 91' lang='lat' dir='ltr'>eo</span> <span class='ocrx_word' id='word_1_903' title='bbox 3036 5507 3319 5587; x_wconf 60' lang='lat' dir='ltr'>pluribPS-</span> <span class='ocrx_word' id='word_1_904' title='bbox 3775 5574 3790 5587; x_wconf 94' lang='lat'>.</span> <span class='ocrx_word' id='word_1_905' title='bbox 3821 5573 3834 5587; x_wconf 94' lang='lat'>.</span> 
     </span>
    </p>
   </div>
   <div class='ocr_carea' id='block_1_121' title="bbox 2331 5574 3950 5666">
    <p class='ocr_par' dir='ltr' id='par_1_121' title="bbox 2331 5574 3950 5666">
     <span class='ocr_line' id='line_1_124' title="bbox 2331 5574 3950 5666; baseline -0.004 -30"><span class='ocrx_word' id='word_1_906' title='bbox 2331 5652 2342 5663; x_wconf 85' lang='lat'><em>_</em></span> <span class='ocrx_word' id='word_1_907' title='bbox 2369 5582 2479 5666; x_wconf 74' lang='grc'>(74)</span> <span class='ocrx_word' id='word_1_908' title='bbox 2513 5574 2839 5639; x_wconf 77' lang='lat' dir='ltr'>Herodotus</span> <span class='ocrx_word' id='word_1_909' title='bbox 2868 5583 3012 5638; x_wconf 84' lang='lat' dir='ltr'>torte</span> <span class='ocrx_word' id='word_1_910' title='bbox 3036 5574 3102 5637; x_wconf 71' lang='lat' dir='ltr'>et</span> <span class='ocrx_word' id='word_1_911' title='bbox 3129 5580 3410 5648; x_wconf 69' lang='lat' dir='ltr'>Elianus,</span> <span class='ocrx_word' id='word_1_912' title='bbox 3445 5577 3754 5649; x_wconf 86' lang='lat' dir='ltr'>multique</span> <span class='ocrx_word' id='word_1_913' title='bbox 3775 5574 3950 5633; x_wconf 86' lang='lat' dir='ltr'>histo-</span> 
     </span>
    </p>
   </div>
   <div class='ocr_carea' id='block_1_122' title="bbox 2295 5667 2426 5712">
    <p class='ocr_par' dir='ltr' id='par_1_122' title="bbox 2295 5667 2426 5712">
     <span class='ocr_line' id='line_1_125' title="bbox 2295 5667 2426 5712; baseline 0.031 -4"><span class='ocrx_word' id='word_1_914' title='bbox 2295 5667 2426 5712; x_wconf 75' lang='lat' dir='ltr'>r101.</span> 
     </span>
    </p>
   </div>
  </div>
