4142 6214
207 355 310 412 561

1273 353 1808 418 BIBLIOTHECA.
1856 390 1933 402 -—
1975 360 2150 420 COD.
2195 359 2562 418 CLXXXVI.

3497 357 3620 416 562

275 485 335 540 ἸΙ
377 485 465 560 κγ’
499 485 573 545 ὡς
611 481 962 560 Ἀλεξάνδρου
1019 487 1116 538 τοῦ
1177 483 1410 558 Ηάριδος
1455 487 1500 522 ⁸³
1556 487 1644 540 καὶ
1691 487 1856 544 Οἰνώ-

2049 493 2200 548 184
2224 493 2252 547 b
2289 493 2573 548 Vicesima
2608 493 2817 546 tertia:
2843 489 3154 546 Alexandri
3195 507 3296 547 seu
3325 490 3547 546 Paridis
3569 493 3628 546 et

205 593 326 642 γης,
357 575 422 642 ἣν
479 572 726 646 ἐγήματο
775 573 902 648 πρὶν
1029 574 1130 642 τὴν
1169 571 1394 644 Ἑλένην
1451 574 1706 648 ἁρπάσαι,
1741 583 1867 640 παῖς

211 663 454 737 Κόρυθος
493 661 724 737 γίνεται,
783 659 979 717 κάλλει
1033 666 1197 716 νικῶν
1253 663 1348 718 τὸν
1395 665 1621 738 πατέρα.
1655 668 1866 722 Τοῦτον

527 752 542 770 ρ
637 749 648 768 Ι
919 750 930 768 ο

209 755 240 820 ἡ
287 755 480 826 μήτηρ
551 751 722 825 Ελενῃ
767 771 1143 825 προσεπεμπε,
1202 749 1540 821 ζηλοτυπίαν
1577 775 1636 809 τε
1683 760 1867 810 κινοῦ-

207 863 270 895 σα
317 839 664 914 Ἀλεξάνδρῳ
719 841 808 894 καὶ
860 841 1022 894 κακόν
1081 862 1136 896 τι
1193 838 1665 917 διαμηχανωμὲνη
1721 844 1867 900 Ἑλέ.

204 953 290 1004 νῃ.
323 932 415 992 ἐὶς
461 927 516 984 δὲ
575 933 809 1000 συντίθης
841 930 888 966 ⁸³
927 931 954 984 ὁ
986 931 1230 1001 Κόρυθος
1287 933 1422 1005 πρὸς
1453 931 1674 1004 Ἑλένην
1745 934 1864 1008 ὲγέ.

207 1041 350 1084 νετο,
399 1017 760 1094 Ἀλέξανδρός
825 1040 957 1074 ποτε
993 1017 1274 1094 παρελθὼν
1335 1021 1412 1084 εἷς
1467 1023 1560 1077 τὸν
1619 1021 1865 1096 θάλαμον

203 1111 334 1180 {$36
389 1111 479 1180 8.]
531 1109 617 1163 καὶ
679 1109 1002 1182 θεασάμενος
1054 1109 1145 1163 τὸν
1213 1105 1456 1184 Κόρυθον
1535 1115 1604 1184 τῇ
1673 1110 1865 1186 Ἑλένῃ

203 1199 580 1270 παρεξόμενον
666 1197 756 1250 καὶ
831 1197 1196 1275 ἀναφλεχθεὶς
1273 1197 1324 1268 ἐξ
1399 1199 1632 1273 ὑποψίας
1709 1202 1866 1263 εὐθὺς

203 1289 440 1362 ἀναιρεῖ.
477 1285 577 1342 Καὲ
637 1285 850 1356 Οἰνώνη
889 1293 990 1355 τῆς
1029 1307 1087 1341 τε
1145 1286 1220 1349 εἷς
1279 1287 1446 1356 αὑτήν
1512 1284 1718 1364 ὕϐρεως
1777 1291 1868 1345 καὶ

201 1384 302 1444 τῆς
343 1381 442 1430 τοῦ
483 1371 682 1437 παιδὸς
733 1373 1052 1450 ἀναιρέσεως
1101 1374 1289 1430 πολλά
1317 1375 1670 1450 Ἀλέξανδρον
1735 1377 1866 1451 ἆρα-

199 1465 438 1538 σαμὲνη,
495 1465 586 1518 καὶ
645 1463 940 1519 ἐπειποῦσα
989 1465 1099 1534 (καὶ
1159 1466 1265 1540 γὰρ
1305 1467 1372 1535 ἦν
1431 1463 1692 1530 ἐπίπνους
1742 1489 1869 1540 μαν-

199 1555 354 1616 τείας
407 1555 500 1608 καὶ
559 1559 737 1624 τομῆς
775 1554 1076 1627 φαρμάκων
1129 1553 1448 1626 ἐπιστήμων
1491 1555 1588 1620 (ὡς
1637 1557 1866 1630 τρωθείς

203 1664 344 1698 ποτε
385 1643 478 1696 ὕπ’
511 1644 756 1716 Ἀχαιῶν
811 1643 902 1696 καὶ
964 1644 1039 1715 μὴ
1099 1642 1386 1718 τυγχάνων
1421 1645 1704 1718 θεραπείας
1739 1641 1868 1714 δεή-

203 1753 356 1786 σεται
405 1731 602 1800 αὐτῆς,
637 1729 824 1786 οἷ’καδε
863 1727 970 1805 ᾔει.
1021 1735 1276 1806 Ὕστερον
1329 1729 1376 1786 δ’
1419 1731 1772 1808 Ἀλέξανδρος
1813 1733 1864 1787 ἐν

203 1825 270 1892 τῇ
321 1821 466 1894 πρός
497 1820 760 1895 Ἀχαιοὺς
821 1822 952 1896 ὑπὲρ
993 1820 1198 1896 Τροίας
1261 1821 1414 1896 μάχῃ
1467 1822 1694 1896 τρωθεὶς
1767 1823 1869 1878 ὑπὸ

205 1909 570 1980 Φιλοκτήτου
625 1911 714 1964 καὶ
770 1907 958 1972 δεινῶς
1007 1908 1151 1984 ἔχων
1195 1907 1264 1964 δῦ
1311 1911 1526 1980 ἀπήνης
1585 1910 1870 1984 ἐκομίζετο

203 2001 342 2070 πρὸς
395 2000 496 2066 τήν
552 1996 726 2068 Ἴδην,
786 1997 874 2053 καὶ
945 2000 1332 2074 προεκπέμψας
1398 2001 1611 2072 κήρυκα
1694 1997 1866 2054 ἐδεῖτο

208 2089 462 2158 Οῗνὼνης
497 2107 510 2119 ·
545 2090 580 2156 ἡ
615 2085 672 2142 δὲ
715 2083 1040 2163 ὑϐριστικῶς
1077 2087 1224 2162 μάλα
1261 2088 1354 2142 τὸν
1401 2090 1612 2162 κήρυκα
1667 2089 1868 2143 διωσα-

213 2181 346 2250 μὲν-η
389 2179 530 2252 πρὸς
580 2176 799 2247 Ἐλένην
861 2177 996 2232 ῗέναι
1039 2175 1391 2252 Ἀλέξανδρον
1448 2175 1748 2248 ἐξωνείδιζε
1795 2179 1862 2235 ⁸⁴.

211 2269 304 2322 Καὶ
355 2263 718 2342 Ἀλέξανδρος
771 2268 864 2338 μὲν
911 2267 1048 2321 κατᾶ
1087 2267 1185 2335 τήν
1240 2263 1362 2320 ὁδὸν
1406 2267 1506 2322 ὑπὸ
1553 2271 1649 2321 τοῦ
1696 2267 1864 2342 τραύ-

213 2377 384 2428 ματος
415 2355 668 2426 τελευτᾷ,
709 2357 806 2426 τήν
848 2351 906 2410 δὲ
949 2357 1117 2427 μήπω
1153 2359 1502 2428 πεπυσμένην
1543 2358 1642 2424 τὴν
1679 2355 1866 2411 τελευο

203 2449 292 2514 τήν
353 2443 670 2518 μετάμελος
727 2445 882 2519 ὅμως
925 2444 1096 2508 δεινὸς
1141 2447 1190 2481 ⁸⁵
1238 2447 1373 2522 εἶχε,
1413 2446 1502 2500 καὶ
1553 2445 1861 2522 δρεψαμὲνῃ

203 2543 296 2604 τῆς
333 2535 478 2596 πόας
525 2533 630 2590 ἐθει
687 2537 884 2612 φθάσαι
917 2535 1270 2612 ἐπειγομένη.
1303 2537 1394 2597 Ὠς
1433 2533 1480 2590 δ’
1511 2531 1675 2608 ἔμαθε
1723 2535 1866 2608 παρὰ

205 2631 292 2680 τοῦ
337 2627 588 2700 κήρυκος
633 2623 716 2680 ὅτι
765 2626 1012 2694 τεθνήκοι
1051 2625 1140 2679 καὶ
1198 2626 1282 2679 ὅτι
1332 2624 1467 2693 αὗτὴ
1530 2625 1687 2679 αὗτὸν
1729 2626 1864 2698 ἀνῃ-

213 2733 400 2786 ρηκεν,
434 2715 640 2770 ἐκεῖνον
692 2714 788 2786 μὲν
837 2715 962 2787 [224
991 2715 1083 2787 H.]
1121 2720 1220 2784 τῆς
1252 2717 1296 2750 ⁸⁸
1327 2709 1554 2788 ὕϐρεως,
1588 2713 1726 2786 λίθῳ
1765 2716 1863 2783 τήν

207 2805 454 2878 κεφαλήν
507 2803 804 2873 πατάξασα,
843 2803 1071 2877 ἀναιρεῖ,
1111 2807 1190 2874 τῷ
1251 2800 1302 2857 δ’
1359 2801 1719 2878 Ἀλεξάνδρου
1775 2823 1867 2856 νε-

205 2894 310 2962 κρῷ
359 2889 744 2964 περιχυθεῖσα,
775 2889 864 2942 καὶ
917 2887 1110 2944 πολλὰ
1159 2890 1252 2944 τὸν
1293 2891 1472 2944 κοινὸν
1516 2891 1720 2963 ἀμφοῖν
1769 2907 1865 2942 κα-

205 2978 610 3052 ταμεμψαμένη
667 2975 922 3050 δαίμονα,
987 2978 1182 3047 ἑαυτὴν
1241 2978 1512 3053 ἀνήρτησε
1558 2982 1626 3052 τῇ
1696 2978 1864 3052 ζώνῃ.

265 3163 324 3218 Ἡ
377 3157 476 3226 κδ’,
509 3158 562 3214 ἐν
615 3158 844 3230 Θεσπείᾳ
899 3165 1001 3228 τῆς
1064 3157 1332 3222 Βοιωτίας
1375 3156 1586 3232 (ἔστιδ’
1635 3161 1669 3228 ἡ
1699 3156 1864 3218 πόλις

209 3251 310 3324 οὐχ
361 3249 490 3310 ἑκὰς
547 3248 678 3310 τοὺς
707 3247 1026 3321 Ἑλικῶνος)
1066 3253 1196 3310 παῖς
1237 3247 1334 3326 ἔφυ
1393 3251 1698 3322 Νάρκισσος
1727 3249 1866 3303 πάνυ

203 3338 374 3402 καλὸς
421 3339 518 3394 καὶ
567 3338 884 3412 ὓπερόπτης
934 3337 1181 3414 ’Ἔρωτός
1239 3358 1298 3393 τε
1345 3339 1434 3393 καὶ
1465 3337 1719 3412 ἐραστῶν.
1763 3338 1866 3395 Καὶ

209 3429 258 3482 οὶ
313 3429 412 3500 μὲν
476 3424 646 3482 ὢιλοι
711 3431 818 3481 τῶν
887 3425 1124 3500 ἐραστῶν
1185 3425 1408 3500 ἐρῶντες
1465 3427 1864 3504 ἀπηγόρευσαν,

205 3517 486 3588 Ἀμεινίας
519 3517 564 3552 ³⁷
599 3512 656 3570 δὲ
685 3513 862 3578 πολὺς
893 3517 958 3586 ἦν
992 3515 1264 3588 ἐπιμένων
1313 3517 1400 3570 καὶ
1446 3513 1700 3588 δεόμενος
1735 3536 1748 3550 °
1790 3517 1864 3579 ὡς

209 3603 250 3659 δ’
285 3607 350 3661 οὐ
401 3605 670 3680 προσίετο
721 3604 871 3660 ἄλλα
911 3605 1002 3661 καὶ
1043 3605 1193 3682 ξίφος
1241 3605 1645 3680 προσέπεμψεν,
1679 3607 1862 3661 ἑαυτὸν

207 3699 304 3770 πρὸ
361 3702 482 3752 τῶν
567 3697 744 3770 θυρῶν
818 3695 1130 3770 Ναρκίσσου
1198 3693 1612 3771 διαχειρίζεται,
1677 3695 1866 3751 πολλὰ

205 3785 593 3846 καθικετεύσας
645 3785 892 3859 τιμωρόν
949 3786 1000 3839 0".
1057 3785 1304 3858 γενέσθαι
1363 3785 1454 3840 τὸν
1513 3785 1653 3841 θεόν.
1695 3785 1756 3842 Ὁ
1811 3783 1868 3840 δὲ

209 3875 514 3950 Νάρκισσος
543 3871 680 3928 ἰδὼν
713 3873 877 3929 αὑτοῦ
927 3876 1030 3943 τήν
1070 3871 1194 3948 ὄψιν
1239 3875 1328 3930 καὶ
1384 3877 1484 3944 την
1525 3876 1740 3950 μορφὴν
1779 3875 1867 3930 ἐπὶ

211 3967 410 4036 κρήνης
447 3961 850 4036 ἰνδαλλομένην
892 3967 974 4035 τῷ
1021 3961 1196 4032 ὕδατι,
1219 3964 1310 4018 καὶ
1370 3965 1536 4038 μόνος
1585 3965 1674 4020 καὶ
1715 3969 1868 4040 πρῶ-

207 4070 294 4114 τος
360 4055 566 4108 ἑαυτοῦ
633 4051 838 4128 γίνεται
897 4049 1098 4115 ἄτοπος
1163 4053 1414 4128 ξραστής-
1483 4053 1656 4117 Τέλος
1715 4055 1863 4127 ἀμη-

209 4148 410 4214 χανῶν,
458 4143 554 4197 καὶ
615 4139 796 4196 δίκαια
851 4143 1085 4220 πάσχειν
1145 4142 1351 4213 οἰηθεὶς
1409 4143 1518 4198 ἀνθ’
1553 4145 1625 4198 ὧν
1678 4145 1868 4216 Ἀμει-

205 4231 320 4286 νίου
375 4225 632 4304 ἐξῦὅρισε
689 4231 820 4292 τοὺς
877 4229 1102 4304 ἔρωτας,
1153 4233 1338 4288 ἐαυτὸν
1401 4229 1714 4307 διαχρᾶται.
1769 4235 1863 4288 Καὶ

211 4321 254 4342 .,
313 4319 328 4338 ,
409 4321 418 4338 ,
784 4325 806 4334 _
1025 4325 1050 4336 d
1341 4325 1364 4334 ,,

207 4339 256 4390 ες
309 4341 528 4376 exet-.09
587 4325 834 4382 Θεσπιεις
882 4321 926 4356 ⁸⁵
983 4319 1194 4392 μαλλον
1233 4341 1398 4393 τιμᾳν
1453 4321 1542 4375 καὶ
1595 4321 1864 4398 γεραίρειν

1979 581 2245 638 OEnones
2260 581 2332 652 (3)
2349 581 2546 652 (quam
2565 597 2798 635 uxorem
2819 580 3160 650 priusquam
3179 581 3451 635 Helenam
3469 596 3628 651 rape-

1977 680 2085 740 ret,
2128 675 2362 728 domum
2395 673 2658 742 duxerat)
2693 671 2844 726 filius
2877 670 2988 725 fuit
3019 671 3328 742 Corythus,
3362 669 3630 740 pulchri—

1977 763 2179 818 tudine
2213 769 2435 832 patrem
2467 777 2772 830 superans.
2805 759 2972 814 Hunc
3009 767 3192 814 mater
3239 761 3308 814 ad
3349 759 3629 813 Helenam

1979 851 2156 916 misit,
2191 867 2324 905 cum
2354 855 2418 904 ut
2445 848 2843 904 Alexandrum
2878 849 2946 902 ad
2972 847 3320 918 zelotypiam
3353 863 3628 917 provoca-

1977 949 2082 1006 ret,
2115 943 2240 994 tum
2275 943 2336 992 ut
2377 937 2602 992 Helenae
2652 937 2868 992 malum
2903 935 3358 991 machinaretur.
3394 934 3462 990 Ut
3492 949 3627 1005 ergo

1977 1029 2262 1101 Corythus
2315 1027 2535 1082 Helena
2571 1025 2912 1081 familiarior
2951 1043 3072 1080 esse
3122 1026 3314 1095 ccepit,
3349 1039 3626 1094 superve-

1979 1119 2147 1174 niens
2199 1116 2508 1188 aliquando
2559 1115 2615 1170 in
2663 1115 2985 1170 thalamum
3023 1113 3368 1180 Alexander,
3400 1117 3456 1167 et
3492 1128 3627 1168 cum

1977 1207 2194 1263 Helena
2226 1207 2412 1261 filium
2446 1207 2740 1262 sedentem
2787 1205 3179 1274 conspicatus,
3213 1205 3298 1258 ira
3329 1203 3625 1270 incensus,

1979 1301 2313 1368 suspectum
2347 1303 2588 1368 gnatum
2621 1295 2849 1351 occidit.
2887 1293 3139 1360 OEnone,
3173 1297 3229 1348 et
3251 1293 3325 1348 ob
3358 1293 3506 1346 hanc
3539 1291 3626 1346 in-

1971 1387 2211 1458 juriam,
2247 1389 2304 1440 et
2341 1385 2414 1439 ob
2449 1383 2550 1438 filii
2603 1383 2926 1450 interitum,
2957 1381 3134 1437 multa
3163 1380 3489 1436 Alexandro
3519 1381 3623 1436 im-

1979 1481 2234 1547 precata,
2289 1476 2393 1529 hoc
2439 1475 2679 1542 insuper
2727 1471 2936 1542 adjecit
2977 1473 3066 1540 (ut
3110 1475 3232 1525 erat
3275 1467 3627 1524 vaticinandi

1979 1564 2163 1634 perita
2192 1565 2291 1634 (4),
2331 1563 2823 1632 legendarumque
2845 1560 3157 1614 herbarum
3183 1559 3260 1630 (5)
3285 1559 3486 1630 gnara)
3509 1559 3629 1612 vul-

1982 1657 2246 1708 neratum
2269 1667 2400 1707 eum
2421 1650 2740 1722 aliquando
2763 1651 2832 1704 ab
2855 1648 3110 1714 Achivis,
3130 1664 3318 1718 neque
3344 1645 3626 1701 medelam

1979 1741 2383 1814 reperientem,
2417 1756 2477 1796 se
2505 1740 2681 1794 etiam
2714 1739 3188 1804 obsecraturum;
3224 1745 3396 1807 alque
3419 1735 3500 1789 ita
3521 1735 3622 1790 do-

1983 1847 2142 1886 mum
2175 1831 2468 1886 discessit.
2517 1829 2651 1884 Post
2681 1829 2861 1900 igitur
2899 1828 3058 1882 Paris
3090 1827 3165 1897 (6)
3201 1827 3256 1880 in
3291 1841 3488 1897 pugna
3523 1839 3626 1896 pro

1976 1921 2146 1989 Troja
2195 1921 2466 1975 adversus
2515 1919 2764 1973 Achivos
2815 1935 2846 1970 a
2892 1916 3207 1971 Philoctete
3263 1914 3624 1982 vulneratus,

1977 2009 2345 2082 graviterque
2403 2007 2662 2072 saucius,
2720 2006 2790 2060 ad
2841 2005 3002 2060 Idam
3049 2020 3224 2059 curru
3277 2002 3622 2067 vehebatur,

1979 2099 2391 2170 praemissoque
2449 2096 2692 2164 nuntio,
2754 2093 3050 2152 OEnonem
3111 2095 3454 2164 deprecatus
3513 2097 3621 2146 est.

1975 2195 2108 2244 Hazc
2138 2186 2556 2244 contumeliose
2581 2183 2746 2240 valde
2769 2184 2974 2238 nuntio
2997 2183 3230 2252 rejecto,
3256 2180 3328 2236 ad
3351 2181 3627 2236 Helenam

1975 2281 2060 2336 ire
2101 2279 2366 2334 Paridem
2401 2293 2502 2348 per
2531 2274 2861 2330 convicium
2886 2273 3086 2344 jussit.
3121 2270 3225 2326 Ille
3253 2269 3488 2324 interim
3523 2284 3626 2340 per

1977 2370 2128 2424 viam
2149 2385 2218 2423 ex
2237 2367 2478 2421 vulnere
2501 2365 2658 2419 diem
2685 2361 2892 2418 clausit
2918 2370 3262 2416 extremum.
3291 2363 3622 2430 Antequam

1975 2465 2168 2515 tamen
2204 2455 2272 2510 de
2295 2455 2452 2510 illius
2479 2453 2720 2508 interitu
2746 2451 3068 2523 quidquam
3095 2448 3330 2505 OEnone
3357 2445 3624 2502 inaudis-

1975 2553 2082 2614 set,
2099 2545 2436 2617 pmnitenlia
2454 2543 2614 2615 gravi
2631 2542 2807 2596 ducta
2829 2545 2938 2604 est,
2967 2535 3624 2608 herbisquelectis,cur-

1977 2635 2159 2692 riculo
2194 2633 2510 2688 festinabat
2543 2634 2899 2702 praevertere.
2931 2629 3006 2682 At
3037 2626 3138 2680 ubi
3170 2629 3464 2680 mortuum
3498 2637 3627 2677 esse

1969 2727 2118 2795 jam,
2157 2729 2212 2778 et
2261 2721 2498 2793 quidem
2550 2721 2620 2776 ab
2669 2735 2738 2774 ea
2780 2720 3072 2782 necatum,
3119 2715 3362 2768 nuntius
3403 2710 3625 2778 retulit,

1977 2814 2132 2868 hunc
2165 2810 2442 2882 primum,
2466 2807 2657 2879 lapide
2689 2807 2746 2860 in
2780 2809 2955 2875 caput
2983 2804 3258 2873 impacto,
3281 2801 3352 2856 ob
3400 2799 3624 2854 illatam

1975 2897 2424 2974 [exprobrando]
2459 2895 2737 2966 injuriam
2769 2893 2998 2962 occidit,
3023 2891 3270 2946 cadaver
3298 2904 3431 2944 vero
3464 2887 3629 2942 Pari-

1977 2991 2067 3044 dis
2119 2989 2402 3059 amplexa,
2451 2991 2508 3040 et
2555 2998 2932 3040 communem
2983 2979 3292 3050 utriusque
3337 2977 3626 3033 fortunam

1890 3071 1934 3138 C
1977 3079 2076 3134 diu
2108 3081 2334 3148 questa,
2365 3091 2511 3130 zona
2542 3073 2796 3144 seipsam
2821 3068 3226 3142 strangulavit.

2045 3165 2340 3223 Vicesima
2387 3168 2640 3235 quarta:
2677 3162 2738 3218 ln
2787 3160 3016 3216 Bmotiaa
3063 3159 3294 3214 civitate
3337 3155 3628 3228 Thespeia

1975 3273 2104 3330 quae
2127 3273 2238 3312 non
2263 3255 2431 3327 longe
2453 3253 2524 3308 ab
2547 3251 2818 3307 Helicone
2837 3248 2950 3304 stia
2975 3252 3083 3315 est,
3109 3263 3253 3318 puer
3283 3250 3458 3302 natus
3480 3243 3626 3300 Nar-

1976 3349 2190 3416 cissus,
2224 3343 2468 3416 pulcher
2496 3341 2838 3407 admodum,
2872 3339 2970 3394 sed
3005 3336 3227 3394 amoris
3269 3341 3625 3390 amatorum-

1975 3453 2088 3508 que
2118 3437 2500 3506 contemptor.
2533 3432 2716 3496 Quare
2755 3428 2851 3484 alii
2884 3427 3120 3500 quidem
3150 3425 3512 3496 despondere
3547 3421 3624 3492 (7)

1976 3526 2240 3582 animum
2288 3527 2554 3580 amanter
2583 3522 2882 3592 coeperunt
2916 3533 2929 3573 :
2965 3516 3350 3586 Aminiasque
3393 3518 3622 3568 tantum

1977 3615 2251 3672 assiduus
2283 3617 2408 3669 erat
2437 3619 2492 3666 et
2535 3609 2798 3681 pertinax
2841 3611 3125 3679 precator.
3159 3609 3232 3657 At
3263 3617 3393 3658 cum
3437 3615 3625 3672 neque

1979 3705 2131 3762 hunc
2163 3705 2391 3760 audiret
2424 3699 2537 3768 ille,
2563 3700 2660 3754 sed
2693 3697 2952 3770 gladium
2987 3696 3226 3764 insuper
3259 3690 3527 3754 mitteret,
3563 3705 3626 3744 se

1977 3795 2104 3866 ipse
2133 3809 2236 3865 pro
2266 3789 2525 3846 Narcissi
2553 3787 2780 3842 foribus
2803 3783 3034 3848 occidit,
3053 3782 3228 3837 deum
3252 3779 3626 3834 vehementer

1978 3887 2267 3956 precatus,
2300 3880 2453 3935 ultor
2496 3877 2607 3932 sibi
2657 3881 2718 3930 ut
2765 3873 2944 3928 ﬁeret.
2990 3869 3292 3926 Narcissus
3323 3867 3404 3940 (8)
3447 3867 3628 3936 igitur

1977 3971 2200 4026 vultum
2239 3966 2550 4039 aliquando
2591 3980 2766 4020 suum
2813 3959 3262 4028 contemplatus,
3309 3959 3624 4026 formaeque

1979 4061 2358 4116 simulacrum
2409 4056 2468 4110 in
2519 4069 2674 4124 aqua
2719 4049 2892 4107 fontis
2931 4063 3244 4120 apparens,
3276 4049 3333 4100 et
3370 4043 3532 4100 solus
3564 4057 3627 4117 et

1979 4151 2203 4222 primus
2239 4145 2446 4217 incipit
2475 4160 2626 4200 caeco
2665 4141 2756 4197 sui
2789 4155 2982 4196 amore
3011 4137 3276 4208 ﬂagrare.
3313 4137 3460 4204 Ergo
3491 4149 3628 4187 con-

1979 4217 2098 4296 silii
2129 4236 2362 4293 tandem
2397 4235 2590 4304 inops,
2621 4237 2680 4288 et
2701 4231 2900 4300 justas
2917 4243 3046 4283 sese
3083 4225 3222 4279 dare
3245 4238 3444 4294 pcnnas
3465 4217 3624 4274 arbi-

1977 4333 2188 4397 tratus,
2223 4325 2374 4398 quod
2415 4321 2710 4378 Aminiam
2744 4327 3060 4374 amatorem
3107 4313 3324 4384 injuria
3354 4309 3622 4374 laesisset,

205 4409 292 4464 τὸν
323 4412 560 4484 Ἔρωτα
601 4409 694 4464 καὶ
749 4410 884 4483 πρὸς
917 4410 966 4446 ⁸9
995 4415 1112 4472 ταῖς
1154 4417 1360 4472 κοιναῖς
1417 4411 1724 4484 θεραπείαις
1775 4411 1864 4466 καὶ

1979 4395 2220 4474 mortem
2241 4395 2372 4469 isibi
2421 4409 2714 4466 conscivit.
2761 4409 2838 4462 Ex
2885 4424 2974 4475 eo,
3017 4419 3292 4474 responso
3345 4402 3502 4466 dato,
3563 4402 3626 4452 ut

209 4495 312 4568 ἰδίᾳ
351 4499 514 4554 θῦειν
553 4495 808 4574 ἔγνωσαν.
844 4503 1070 4554 Δοκοῦσι
1105 4497 1150 4554 δ’
1183 4499 1234 4554 οἷ
1275 4499 1569 4574 ἐπιχώριοι
1601 4502 1692 4555 τὸν
1744 4501 1872 4575 νάρ-

203 4607 382 4642 κισσον
451 4587 526 4642 τὸ
578 4587 732 4648 ἄνθος
781 4586 834 4656 ἒξ
903 4587 1111 4659 ἐκείνης
1169 4593 1386 4662 πρῶτον
1437 4596 1540 4657 τῆς
1579 4595 1680 4665 γῆς
1741 4587 1867 4643 ἀνα-

209 4683 374 4750 σχεῖν,
407 4679 494 4739 εἰς
521 4677 586 4746 ἢν
625 4677 858 4751 ἐξεχύθη
890 4677 954 4732 τὸ
983 4681 1078 4732 τοῦ
1107 4679 1420 4752 Ναρκίσσου
1452 4679 1613 4750 αἷμα.

1973 4523 2140 4563 amor
2167 4503 2353 4575 magis
2375 4503 2758 4557 honoraretur
2788 4497 3214 4566 colereturque,
3237 4497 3441 4564 praeter
3462 4505 3624 4545 com-

1973 4612 2208 4653 munem
2241 4593 2390 4651 135
2419 4609 2452 4647 α
2499 4591 2747 4658 cultum,
2809 4585 3078 4659 privatim
3123 4597 3356 4654 quoque
3403 4579 3626 4634 sacriﬁ-

1971 4703 2104 4742 care
2126 4686 2524 4741 decreverunt.
2551 4680 2631 4735 Ea
2648 4685 2844 4733 autem
2869 4673 3190 4730 incolarum
3205 4670 3404 4742 opinio
3421 4675 3509 4723 est
3523 4667 3624 4739 (9),

1972 4777 2230 4848 primum
2263 4789 2332 4829 ex
2369 4771 2474 4826 illa
2517 4775 2673 4825 terra
2707 4765 3002 4822 exstitisse
3033 4760 3364 4818 narcissum
3399 4757 3622 4815 ﬂorem.

1973 4867 2032 4920 in
2064 4879 2241 4935 quam
2273 4861 2493 4918 effusus
2515 4857 2770 4914 Narcissi
2805 4851 3054 4926 sanguis
3083 4851 3313 4906 fuisset.

1583 4953 1817 5010 VARI/E
1859 4953 2270 5010 LECTIONES.

275 5045 320 5080 ⁸³
355 5039 624 5126 uspiam
647 5041 806 5126 ’καὶ
831 5039 1068 5126 magiae:
1129 5043 1404 5126 Scaliger.

213 5191 254 5242 Α
287 5207 300 5242 ;
331 5185 598 5248 θεσπίσας
631 5203 678 5248 ς.
756 5185 806 5220 59
836 5185 922 5239 καὶ
967 5192 1101 5243 ante
1125 5185 1258 5258 πρὸς
1290 5188 1422 5243 add.
1458 5191 1518 5242 Α.

1479 5044 1524 5078 ³³
1580 5043 1838 5112 συνήθης]
1875 5039 2098 5112 μυηθείς
2155 5043 2222 5096 Α.
2246 5041 2355 5112 _“7
2399 5031 2700 5112 ἐξωνείδιζε
2741 5037 2795 5112 Α.
2849 5025 3197 5112 εδιωνείδιιζε

213 5131 350 5170 corr.
385 5100 498 5187 A.:_
525 5100 718 5176 δεξνῶς
901 5100 948 5187 f"
976 5100 1074 5182 τῆς
1100 5117 1146 5169 Α
1177 5100 1344 5187 ε-ὰνῗέὶ
1383 5117 1481 5178 τῆς
1663 5100 1708 5148 δί
1742 5100 2195 5186 ἀπηῇορέόθησαν
2347 5100 2591 5182 Ἀμινίας
2607 5100 2673 5174 Α,
2705 5112 2762 5164 et
2783 5105 2935 5161 infra
2957 5100 3228 5174 Ἀμινίου.

3378 5023 3427 5058 ⁸⁵
3458 5020 3628 5084 δεινός

3307 5095 3358 5132 ⁸⁸
3393 5097 3630 5156 θεσπιεῖς

1809 5273 2038 5331 NOT/E.

273 5367 350 5438 (3;
389 5371 544 5438 Lege
573 5365 848 5422 Parthen.
879 5365 1192 5436 Ἐρωτικῶν
1224 5381 1352 5437 cap.
1387 5367 1418 5421 4
1449 5371 1508 5422 et
1535 5367 1626 5432 34,
1659 5371 1716 5422 et
1747 5365 1860 5437 Ly-

209 5437 748 5506 cophron'Cassan.
783 5439 1024 5509 ejusque
1055 5439 1298 5506 interpr.

275 5511 350 5574 (in
381 5515 428 5564 Α
465 5509 628 5564 Rhea
675 5507 896 5580 educta,
931 5507 996 5566 ut
1043 5509 1166 5565 vult
1205 5507 1470 5580 Apollod.
1508 5507 1610 5564 lib.
1643 5525 1728 5578 ut,
1765 5507 1861 5562 ubi

213 5585 266 5632 et
297 5581 466 5648 plura
503 5581 578 5634 de
605 5581 720 5636 his.

277 5653 558 5732 (5_)_Dono
585 5651 982 5732 Apollini_s,_ut
1003 5653 1140 5732 ipsa
1168 5669 1278 5710 sua
1307 5652 1472 5708 docet
1513 5649 1758 5722 epistola
1789 5651 1859 5706 ad

215 5721 480 5778 Paridem
512 5721 668 5792 apud
703 5721 869 5780 Ovid.
903 5725 960 5780 in
995 5721 1096 5782 (in.

281 5793 360 5864 (6)
399 5793 538 5850 Haec
570 5797 628 5858 Q.
679 5795 922 5852 Calaber
965 5795 1284 5868 posteriore
1312 5798 1476 5867 parte
1515 5793 1650 5850 libri
1681 5793 1772 5850 sui
1803 5810 1856 5858 κ,

1971 5363 2143 5435 paulo
2189 5363 2357 5418 aliter
2403 5359 2736 5435 descri_bit_._
2757 5353 2890 5410 Vult
2915 5354 3092 5435 _enim
3143 5350 3626 5435 fato'decretum

1973 5423 2154 5490 fuisse
2175 5441 2238 5488 ut
2270 5449 2384 5487 non
2419 5432 2530 5486 nisi
2554 5432 2625 5484 ab
2659 5427 2892 5484 OEnone
2915 5427 3076 5481 Paris
3105 5423 3296 5478 curari
3321 5427 3536 5492 posset,
3571 5427 3628 5476 et

1974 5508 2251 5580 ipsamise
2283 5507 2340 5558 in
2373 5517 2574 5580 rogum
2603 5503 2792 5580 mariti
2827 5497 3172 5569 conjecisse,
3205 5499 3317 5550 etc.

2043 5581 2122 5650 (7)
2154 5579 2370 5647 Sequor
2399 5569 2900 5650 ’τὸ-ἀπηγόρευσαν.

2043 5635 2122 5722 (85
2163 5635 2412 5706 Pausan.
2463 5635 2701 5701 Ba'oii'cC
2731 5639 3036 5714 legendus,
3095 5644 3150 5694 et
3188 5635 3352 5694 Ovid.
3399 5635 3625 5691 Metam.

1971 5736 2116 5862 I"('9)
2145 5791 2256 5846 Sed
2301 5803 2460 5856 vana,
2497 5791 2562 5844 ut
2591 5788 2758 5844 docet
2791 5785 3034 5840 Pausan.
3067 5781 3288 5838 Boeotia.
