4142 6214
229 336 346 397 581

1297 324 1836 401 BIBLIUTHECA.
1889 372 1960 381 —
2004 334 2176 397 con.
2224 322 2582 399 CLXXXVI.

3524 342 3645 405 582

233 472 325 524 καὶ
376 469 586 532 λιθίνας
646 469 850 531 εἰκόνας
903 468 954 524 ἰν
1003 469 1149 542 αὖτῷ
1196 474 1303 525 τῶν
1354 467 1585 546 ἀνδρῶν,
1648 472 1892 544 μνημεῖα

2008 471 2240 526 Piorum
2257 471 2553 543 regionem
2575 472 2764 528 locum
2780 488 2906 527 eum
2920 472 3307 544 appellarunt,
3321 479 3377 530 et
3391 474 3645 547 lapideas

234 561 397 616 θείων
448 582 508 616 τε
579 562 692 634 ἅμα
765 561 856 616 καὶ
923 558 1276 635 ἀνθρωπίνων
1330 561 1378 598 ⁸⁸
1442 555 1640 637 ἕργων,
1699 560 1884 615 ἀνεθε-

231 671 351 709 σαν.

307 831 374 887 Ἠ
436 828 520 903 μδ¹
558 830 772 905 ἱστορία
830 830 991 906 φησὶν
1049 831 1122 892 ὡς
1180 828 1481 904 Λεωδάμας
1531 830 1621 885 καὶ
1682 828 1888 902 Φίτρης

230 918 432 989 ἤρισαν
486 919 620 994 ὑπὲρ
660 926 763 988 τῆς
816 917 1103 990 Μιλησίων
1156 918 1455 994 βασιλείας,
1489 919 1675 994 γένους
1723 919 1889 991 ἄμφω

228 1006 383 1070 ὄντες
415 1008 721 1081 βασιλείου.
763 1009 838 1064 Τὸ
878 1010 1058 1063 κοινὸν
1092 1004 1146 1064 δὲ
1195 1014 1263 1084 τῇ
1296 1008 1509 1063 ἐκείνων
1560 1007 1889 1079 κακούμενοι

234 1096 420 1149 στάσει
448 1102 549 1164 τῆς
580 1095 674 1167 μὲν
707 1093 1042 1174 φιλονεικίας
1079 1097 1214 1169 μετά
1252 1094 1439 1152 πολλά
1468 1098 1612 1167 πάθη
1646 1095 1890 1168 ἐξίσταν-

234 1204 324 1256 το,
356 1181 566 1258 ἔκρινον
598 1180 645 1238 δ’
683 1182 885 1238 ἐκεῖνον
924 1185 1250 1258 βασιλεύειν,
1283 1185 1343 1248 ’ὸς
1376 1184 1687 1256 Μιλησίους
1715 1182 1892 1239 πλείω

232 1274 417 1346 ἀγαθὲ
462 1272 769 1347 ἐργάσοιτο.
817 1278 986 1329 Ἦσαν
1019 1271 1065 1327 δ’
1116 1274 1305 1335 αὑτοῖς
1344 1275 1469 1329 τότε
1509 1272 1603 1329 δύο
1652 1272 1891 1345 πόλεμοι

232 1362 567 1433 Καρυστίοις
606 1362 696 1415 καὶ
732 1359 1027 1431 Μηλιεῦσι.
1062 1363 1158 1417 Καὶ
1198 1364 1335 1438 πρὸς
1368 1364 1462 1437 μὶν
1494 1360 1691 1432 Μῆλον
1722 1362 1895 1433 (αὐτῷ

232 1450 346 1523 γὰρ
406 1450 435 1503 ὁ
490 1449 700 1523 κλῆρος
750 1454 942 1505 τοῦτον
989 1448 1166 1506 ἒδίδου
1211 1452 1303 1506 τὸν
1358 1451 1622 1525 πόλεμον)
1684 1452 1894 1524 Φίτρης

227 1538 563 1611 στρατεόσας
629 1537 905 1613 ἄπρακτος
968 1539 1286 1616 ἀναστρέφει
1366 1559 1380 1572 ·
1465 1539 1766 1614 Λεωδάμας
1839 1536 1897 1593 δὲ

230 1628 515 1701 λαμπρῶς
628 1628 763 1684 κατά
850 1629 1165 1705 Καρυστίων
1277 1628 1708 1708 ἀνδραγαθήσας,
1799 1629 1889 1684 καὶ

226 1718 575 1791 κατακρέτος
669 1717 812 1773 ἑλὼν
894 1721 993 1789 τήν
1080 1719 1240 1776 πόλιν
1316 1722 1405 1775 καὶ
1493 1716 1890 1794 ἀνδραποδισά-

230 1827 431 1879 μενος,

231 1896 546 1969 βασιλεύει.
583 1896 959 1971 Αἶχμάλωτον
1008 1896 1065 1953 δὲ
1093 1900 1138 1937 ⁸⁸
1184 1900 1319 1955 κατά
1357 1902 1616 1980 χρησμὸν
1665 1906 1894 1976 γυναῖκα

230 1985 571 2058 Καρυστίαν,
632 1984 797 2041 παῖδα
872 1989 1137 2066 φέρουσαν
1208 1990 1544 2063 ὗπομάσθιον
1620 1991 1688 2060 ⁸⁸,
1760 1991 1895 2065 μετὰ

232 2072 473 2130 πολλῶν
527 2076 616 2129 καὶ
661 2072 849 2131 ἄλλων
903 2077 1287 2150 ἀναθημάτων,
1320 2079 1353 2132 ’ἀ
1396 2076 1588 2150 δεκάτη
1638 2084 1745 2134 τῶν
1796 2078 1896 2135 λα-

231 2165 428 2240 φῦρων
478 2164 802 2240 ὶτνεγχανον,
854 2165 1159 2241 ἀνέπεμψεν
1204 2167 1257 2223 ἐν
1308 2167 1663 2244 Βραγχίδαις.
1724 2170 1894 2231 Αὐτὸς

234 2251 300 2308 δὲ
348 2254 477 2309 τότε
525 2255 789 2332 Βράγχος
837 2254 1167 2331 προύστήκει
1218 2258 1314 2312 τοῦ
1360 2279 1418 2313 τε
1466 2260 1615 2333 ἰεροῦ
1664 2261 1753 2315 καὶ
1796 2264 1893 2315 τοῦ

235 2343 525 2417 μαντείου,
584 2343 646 2406 ὂς
691 2346 790 2413 τήν
848 2365 907 2399 τε
967 2344 1329 2421 αἰχμάλωτον
1390 2353 1613 2423 γυναῖκα
1678 2346 1897 2423 ἒνὸμισε

229 2432 329 2485 καὶ
358 2433 453 2486 τὸν
482 2429 654 2485 παῖδα
685 2432 853 2503 αὐτῆς
899 2428 1068 2490 ἔθετο.
1105 2432 1309 2508 Ηῦξανε
1340 2433 1386 2491 δ’
1430 2436 1457 2491 ὁ
1487 2442 1615 2500 παῖς
1658 2437 1719 2492 οὐ
1764 2439 1897 2493 κατά

230 2520 430 2596 λόγον,
484 2519 633 2576 ἀλλά
680 2520 796 2592 θείᾳ
824 2524 927 2576 τινὶ
980 2524 1142 2599 τύχῃ,
1173 2523 1264 2578 καὶ
1314 2523 1481 2581 πλέον
1533 2525 1569 2595 ἤ
1618 2526 1755 2602 πρὸς
1800 2530 1899 2597 τήν

224 2609 461 2679 ἠλικίαν
516 2611 730 2681 ἀπήντα
787 2612 849 2665 τὸ
903 2612 1203 2669 εὐσύνετον.
1256 2619 1499 2669 Ποιεῖται
1552 2612 1597 2671 δ’

510 1807 771 1878 Μιλήτου
859 1807 1094 1864 ἐπανιὼν
1184 1812 1323 1866 κατά
1411 1810 1479 1866 τὰ

1656 2615 1814 2671 αὐτὸν
1871 2616 1898 2671 ὁ

226 2700 497 2773 Βράγχος
542 2699 631 2754 καὶ
683 2698 913 2775 ἄγγελον
961 2706 1070 2756 τῶν
1123 2704 1532 2778 μαντευμάτων,
1584 2704 1895 2783 Εόἆγγελον

226 2790 538 2862 ὀνομάσας.
574 2790 698 2862 [233
736 2791 821 2864 H.]
868 2790 1041 2852 Οὗτος
1078 2788 1295 2863 ἡϐήσας
1342 2795 1404 2848 τὸ
1451 2795 1708 2871 Βράγχου
1761 2816 1895 2868 μαν-

220 2884 375 2934 τεῖον
426 2875 718 2948 ἐξεδέξατο,
750 2879 841 2933 καὶ
892 2880 1039 2958 ἀρχὴ
1088 2882 1278 2957 γένους
1322 2881 1707 2960 Εὖαγγελιδῶν
1748 2886 1895 2961 παρά

224 2968 281 3023 Μ
298 2965 547 3035 ιλησίοις
587 2965 813 3039 ἐγένετο.

303 3056 369 3111 Ἦ
433 3057 515 3127 με’
572 3056 647 3117 ὡς
703 3056 953 3133 Ὀρφεὺς,
1012 3058 1040 3113 ὁ
1107 3050 1352 3134 Οἷάγρου
1407 3062 1496 3116 καὶ
1564 3061 1888 3134 Καλλιόπης

228 3150 365 3217 μιᾶς
417 3149 529 3199 τῶν
592 3147 850 3215 Μουσῶν,
913 3141 1192 3203 ἐϐασίλευε
1258 3147 1584 3207 Μακεδόνων
1642 3152 1733 3207 καὶ
1788 3159 1888 3223 τῆς

224 3232 583 3308 Οδρυσίδος,
616 3233 910 3307 ἐπετήδευε
964 3234 1022 3291 δὲ
1058 3241 1350 3311 μουσικὴν,
1382 3240 1470 3296 καὶ
1526 3240 1762 3315 μάλιστα
1815 3264 1901 3298 κι-

222 3320 533 3398 θαρῳδίαν.
596 3325 700 3381 Καὶ
779 3324 1147 3401 (φιλόμουσον
1211 3330 1311 3405 γὰρ
1378 3330 1440 3385 τὸ
1515 3335 1736 3405 Θρᾳκῶν
1812 3333 1903 3388 καὶ

222 3409 565 3470 Μακεδόνων
623 3412 805 3489 γένος)
863 3410 1090 3487 ἤρεσκεν
1148 3415 1201 3471 ἐν
1264 3418 1483 3480 τούτοις
1537 3415 1905 3497 διαφερόντως

222 3506 311 3571 τῷ
363 3500 593 3571 πλήθει.
639 3508 880 3577 Κατεσχε
929 3501 986 3559 δὲ
1035 3501 1160 3575 δόξα
1209 3505 1285 3568 ὡς
1333 3506 1409 3569 εἷς
1458 3505 1632 3580 ᾍδου
1677 3503 1905 3565 κατάϐοι

224 3589 397 3665 ἔρωτι
430 3598 529 3658 τῆς
570 3593 828 3667 γυναικὸς
860 3591 1196 3668 Εὐρυδίκης,
1230 3595 1320 3650 καὶ
1352 3596 1427 3659 ὡς
1468 3597 1559 3651 τὸν
1609 3598 1908 3654 Πλοῦτωνα

228 3681 325 3735 καὶ
377 3680 477 3747 τήν
528 3679 711 3754 Κόρην
770 3678 940 3752 ᾠδαῖς
988 3685 1288 3758 γοητεῦσας
1346 3682 1523 3759 δῶρον
1584 3681 1751 3742 λαόοῖ
1804 3691 1905 3759 τήν

235 3776 480 3844 γυναῖκα
515 3790 528 3803 ’
572 3769 701 3825 ἀλλ’
736 3772 797 3825 οὐ
839 3772 943 3847 γὰρ
984 3768 1210 3828 ὄνασθαι
1250 3781 1349 3844 τῆς
1398 3776 1627 3854 χάριτος
1675 3773 1910 3834 ἀναϐιω-

236 3860 546 3929 πομὲνης,
587 3859 892 3933 λαϐόμενον
932 3865 1040 3916 τῶν
1073 3863 1199 3936 περῖ
1241 3862 1408 3933 αὐτῆς
1458 3864 1714 3924 ἐντολῶν.
1748 3869 1909 3924 Οὕτω

237 3946 301 4003 δὲ
329 3947 548 4021 θέλγειν
600 3952 691 4003 καὶ
739 3949 1070 4020 κατακηλεῖν
1114 3952 1274 4006 αὐτὸν
1313 3950 1482 4025 ᾠδαις
1537 3955 1670 4010 εἶναι
1720 3958 1908 4035 σοφὸν,

238 4038 320 4099 ὡς
354 4038 447 4091 καὶ
488 4036 655 4111 θηρία
685 4038 775 4092 καὶ
809 4038 1042 4103 οἰωνοὺς
1075 4041 1163 4095 καὶ
1200 4038 1266 4111 δὴ
1301 4042 1390 4096 καὶ
1420 4041 1555 4112 ξύλα
1586 4043 1674 4099 καὶ
1720 4044 1910 4111 λίθους

238 4131 698 4200 συμπερινοστεῖν
734 4126 819 4205 ὑφ’
850 4124 1081 4198 ἡδονῆς.
1107 4128 1348 4202 Τελευτᾷ
1381 4128 1437 4186 δὲ
1461 4128 1909 4208 διασπασαμένων

238 4215 409 4270 αὐτὸν
466 4219 575 4269 τῶν
636 4216 886 4289 Θρᾳκίων
932 4219 1022 4272 καὶ
1080 4216 1408 4276 Μακεδόνων
1469 4228 1761 4297 γυναικῶν,
1822 4224 1906 4279 δτι

236 4303 305 4359 οὗ
330 4307 377 4341 ⁸⁷
413 4302 701 4377 μετεδίδου
734 4305 924 4369 αὐταῖς
960 4311 1068 4363 τῶν
1098 4307 1318 4385 ὀργίων,
1348 4311 1495 4387 τάχα
1528 4312 1624 4385 μὲν
1655 4314 1742 4367 καὶ
1787 4316 1904 4369 κατ’

1920 3104 1967 3170 C

1995 564 2055 618 in
2087 562 2287 618 horum
2318 565 2575 618 virorum
2612 568 2988 619 monumento
3020 568 3262 630 statuas.
3304 567 3640 624 divinorum

1998 650 2172 707 simul
2216 650 2449 707 illorum
2504 657 2676 723 atque
2706 651 3096 708 humanorum
3131 653 3412 710 factorum
3446 660 3641 724 testes,

2000 739 2381 796 coHocarunt.

2071 830 2530 901 Quadragesima
2578 833 2782 900 quarta
2829 828 3074 885 historia
3125 831 3296 885 refert
3354 833 3644 902 quomodo

2002 917 2322 973 Leodamas
2353 923 2410 973 et
2440 917 2664 973 Phitres
2697 921 2767 973 de
2796 917 3150 973 Milesiorum
3183 935 3358 990 regno
3404 927 3645 977 conten-

2001 1005 2208 1075 derint,
2244 1007 2394 1078 regia
2421 1016 2660 1079 ulerque
2682 1008 2860 1078 stirpe
2882 1007 3136 1063 oriundi.
3160 1007 3332 1063 Plebs
3357 1024 3487 1081 ergo
3510 1028 3644 1066 cum

2004 1111 2103 1165 per
2126 1092 2325 1148 horum
2353 1095 2778 1150 contentionem
2809 1094 2975 1150 malis
2998 1105 3320 1161 vexaretur,
3344 1101 3477 1167 post
3508 1096 3648 1152 mul-

2000 1190 2060 1241 ta
2090 1186 2323 1240 tandem
2356 1184 2725 1241 incommoda
2757 1186 2932 1240 tinem
2979 1185 3111 1240 rixas
3147 1187 3443 1256 imposuit,
3475 1188 3646 1245 14οα

2006 1275 2154 1328 facto
2182 1274 2431 1342 decreto,
2464 1276 2527 1328 ut
2556 1273 2655 1344 qui
2687 1273 2756 1328 de
2789 1272 3027 1328 Milesiis
3060 1272 3266 1328 melius
3306 1281 3645 1346 mereretur,

2002 1361 2055 1417 is
2102 1362 2340 1417 demum
2389 1367 2673 1431 regnaret.
2708 1367 2881 1416 Erant
2932 1363 3071 1434 ipsis
3118 1364 3234 1418 duo
3279 1367 3417 1419 tunc
3451 1363 3646 1421 hostes

2003 1452 2245 1522 Carystii
2294 1459 2344 1506 et
2396 1451 2723 1507 Melicnses.
2775 1452 3063 1507 Adversus
3121 1452 3358 1522 Melum,
3420 1452 3649 1508 Phitres

2006 1538 2162 1609 (huic
2186 1540 2339 1594 enim
2366 1545 2517 1596 sorte
2540 1540 2754 1595 bellum
2775 1540 2913 1596 illud
2935 1542 3264 1611 obvenerat)
3284 1543 3651 1613 expeditione

2001 1633 2295 1700 suscepta,
2329 1644 2388 1684 re
2422 1629 2636 1684 infecta
2668 1628 2857 1684 rediit.
2894 1630 3211 1685 Leodamas
3243 1647 3393 1698 vero,
3421 1647 3480 1686 re
3512 1648 3648 1686 con-

2000 1720 2089 1771 tra
2137 1717 2427 1789 Carystios
2472 1718 2693 1772 naviter
2743 1735 2807 1772 ac
2857 1718 3130 1788 praeclare
3162 1724 3345 1790 gesta,
3385 1722 3641 1792 urbsque

1579 1810 1898 1887 συγκείμενα

2008 1821 2204 1861 eorum
2236 1807 2290 1861 vi
2323 1813 2670 1877 expugnata,
2704 1811 2878 1879 atque
2908 1806 2965 1862 in
3015 1807 3347 1863 servitutem
3395 1812 3643 1878 redacta,

1996 1895 2253 1950 Miletum
2285 1896 2468 1951 victor
2499 1912 2783 1966 reversus,
2819 1896 3135 1952 secundum
3169 1905 3332 1968 pacta
3361 1904 3644 1954 conventa

1997 1986 2282 2055 regnavit.
2317 1986 2505 2049 Quare
2547 2002 2617 2040 ex
2665 1985 2884 2041 oraculi
2932 1986 3270 2058 prmscripto
3316 1987 3639 2059 Carystiam

1997 2073 2271 2128 feminam
2321 2076 2605 2145 captivam
2658 2075 2935 2130 infantem
2979 2075 3257 2130 uberibus
3300 2076 3639 2146 lactentem,

1998 2178 2133 2219 cum
2165 2163 2293 2219 aliis
2325 2163 2593 2237 plurimis
2624 2164 2902 2231 donariis,
2932 2165 3338 2220 manubiarum
3374 2166 3637 2234 decimis,

2000 2254 2070 2307 ad
2105 2253 2459 2309 Branchidae
2494 2253 2668 2308 misit.
2702 2256 2829 2322 Ipse
2860 2264 2993 2308 vero
3026 2258 3166 2309 tunc
3203 2254 3506 2309 Branchus
3530 2255 3643 2326 (55)

1998 2346 2055 2397 et
2088 2342 2304 2412 templo
2334 2345 2389 2396 et
2420 2343 2656 2397 oraculo
2691 2352 2947 2413 praeerat.
2983 2344 3079 2414 qui
3110 2343 3393 2413 captivam
3435 2343 3647 2399 mulie-

2001 2446 2121 2485 rem
2158 2447 2367 2501 magna
2392 2447 2535 2486 cura
2568 2430 2814 2487 nutrivit
2843 2432 2978 2501 (56),
3011 2433 3257 2503 ejusque
3290 2431 3473 2487 lilium
3509 2433 3648 2488 ado-

2000 2518 2199 2589 ptavit.
2234 2514 2382 2574 Puer
2412 2519 2536 2590 ipse
2566 2535 2679 2574 non
2713 2524 2834 2573 tam
2862 2519 3171 2575 hominum
3207 2521 3419 2577 usitan
3454 2521 3646 2586 modo,

2003 2623 2179 2677 quam
2209 2607 2402 2664 divina
2427 2608 2677 2679 quadam
2716 2608 2948 2663 fortuna
2978 2610 3179 2675 crevit,
3214 2614 3270 2663 et
3299 2625 3472 2681 supra
3504 2614 3645 2665 mta-

2005 2705 2116 2751 tem
2152 2697 2407 2766 prudens
2424 2696 2623 2752 evasit.
2641 2697 2733 2751 Fit
2751 2697 2930 2769 igitur
2947 2715 2978 2751 a
2996 2696 3260 2753 Brancho
3280 2698 3646 2754 oraculorum

2004 2785 2274 2854 nuntius,
2301 2785 2622 2857 Evangelus
2639 2786 2984 2857 appellatus.
3009 2788 3239 2856 Hicjam
3261 2787 3461 2843 adulta
3483 2792 3653 2843 etate

2003 2875 2062 2931 in
2095 2875 2328 2931 oraculo
2372 2874 2636 2930 Brancho
2680 2875 2985 2940 successit,
3022 2876 3493 2948 principiumque
3544 2875 3654 2931 fuit

2002 2965 2061 3017 et
2090 2967 2265 3034 caput
2298 2962 2769 3034 Evangelidarum
2802 2964 2953 3033 apud
2986 2962 3264 3019 Milesios.

2076 3051 2528 3122 Quadragesima
2559 3051 2785 3122 quinta.
2819 3051 3083 3124 Orpheus
3112 3052 3316 3123 OEagri
3350 3053 3465 3123 (57)
3496 3052 3653 3108 {ilius

2005 3146 2179 3213 atque
2208 3141 2515 3212 Calliopes.
2550 3155 2674 3212 quae
2706 3157 2823 3196 una
2853 3140 2912 3196 in
2947 3158 3143 3197 novem
3176 3140 3353 3198 Musis
3388 3154 3654 3198 numeras

2002 3235 2120 3301 tur,
2155 3230 2536 3286 Macedonum
2589 3246 2689 3286 rex
2737 3229 2846 3285 fuit
2871 3238 2923 3285 et
2955 3231 3257 3303 Odrysidis
3290 3231 3423 3304 (58).
3458 3232 3648 3287 Musi-

2006 3337 2127 3376 cam
2163 3319 2255 3374 hic
2287 3325 2467 3376 artem
2499 3320 2774 3388 exercuit,
2818 3321 3187 3392 maximeque
3226 3321 3652 3377 citharisticam

2007 3408 2244 3483 (etenim
2267 3409 2553 3465 Thracum
2576 3408 2723 3464 illud
2741 3414 2796 3465 et
2814 3410 3189 3466 Macedonum
3212 3427 3396 3483 genus
3417 3411 3653 3465 musicae

2008 3500 2333 3555 studiosum
2367 3504 2454 3554 est
2484 3497 2571 3554 vel
2606 3499 2945 3570 imprimis),
2980 3499 3131 3570 plebi
3166 3518 3266 3571 per
3304 3514 3430 3555 eam
3474 3517 3654 3573 supra

2011 3591 2250 3645 modum
2284 3594 2505 3662 gratus.
2539 3590 2714 3645 Fama
2740 3594 2933 3645 autem
2964 3590 3095 3657 fuit,
3122 3592 3193 3645 ad
3218 3590 3429 3647 inferos
3454 3591 3653 3662 ipsum

2014 3694 2208 3736 amore
2238 3678 2551 3751 Eurydices
2581 3679 2848 3750 conjugis
2880 3680 3219 3745 adductum,
3253 3681 3651 3749 descendisse,

2012 3770 2206 3841 ibique
2237 3769 2539 3824 Plutonem
2572 3784 2637 3822 ac
2667 3767 3071 3840 Proserpinam
3105 3774 3277 3825 cantu
3320 3770 3403 3824 sic
3447 3769 3649 3823 conci-

2012 3860 2209 3926 liasse,
2243 3866 2306 3913 ut
2334 3859 2481 3913 dono
2507 3873 2745 3913 uxorem
2774 3862 3025 3930 caperet.
3059 3857 3273 3914 Verum
3314 3859 3423 3915 hac
3464 3859 3654 3932 gratia

2014 3948 2147 4017 frui,
2166 3962 2282 4019 qua
2299 3947 2372 4002 ad
2392 3947 2567 4001 vitam
2586 3945 2687 4001 illa
2717 3951 2982 4005 revocata
3002 3955 3108 4017 est,
3133 3964 3248 4002 non
3273 3946 3481 4019 potuit,
3500 3948 3653 4020 quod

2014 4052 2137 4110 qua:
2185 4037 2255 4091 de
2302 4035 2432 4108 ipsa
2480 4036 2760 4090 mandata
2806 4042 3019 4104 essent,
3055 4053 3168 4091 non
3201 4041 3486 4093 servasset
3515 4036 3652 4109 (59).

2011 4126 2166 4182 Adeo
2183 4130 2375 4181 autem
2396 4124 2684 4180 oblectare
2697 4125 3081 4196 cantibusque
3097 4125 3427 4181 demulcere
3441 4127 3657 4196 peritus

2016 4221 2156 4283 erat,
2191 4220 2255 4272 ut
2283 4223 2341 4272 et
2371 4214 2501 4272 feras
2526 4219 2581 4269 et
2602 4231 2755 4284 aves,
2779 4220 2950 4287 atque
2974 4215 3116 4271 adeo
3139 4215 3297 4287 ligna
3320 4232 3386 4272 ac
3411 4214 3655 4288 lapides,

2015 4324 2147 4364 cum
2179 4308 2305 4379 ipso
2336 4323 2454 4362 una
2486 4322 2596 4378 prae
2621 4301 2992 4377 jucunditate
3026 4306 3381 4363 oberrarent.
3414 4307 3659 4364 Interfe—

231 4390 423 4455 ἄλλας
471 4392 795 4470 προφάσεις,
841 4394 968 4472 φασί
1021 4392 1067 4450 δ’
1117 4395 1207 4451 οὗν
1268 4399 1431 4455 αὐτὸν
1492 4396 1898 4477 δυστυχήσαντα

238 4482 364 4505 ---Ἰ
548 4487 661 4505 ρατηερ
766 4487 795 4500 ο
883 4482 898 4505 9
953 4486 1018 4505 Δ-
1208 4487 1222 4503 1
1332 4487 1345 4505 1
1525 4491 1581 4505 Δνη
1665 4489 1676 4505 1
1852 4492 1866 4505 ι

2014 4404 2144 4455 ctus
2169 4401 2362 4451 autem
2396 4400 2481 4451 est
2508 4395 2903 4452 lacerantibus
2935 4396 3130 4468 ipsum
3160 4396 3425 4453 Thressis
3449 4413 3516 4453 ac
3539 4397 3658 4454 Ma-

2060 4488 2113 4505 ,.
2341 4484 2570 4505 .__A=,g_
2636 4484 2781 4505 ---Α
3012 4502 3129 4505 ,μμ
3167 4484 3435 4505 21‘s----a
3506 4503 3551 4505 η

232 4482 366 4555 περῖ
431 4487 665 4558 γυναῖκα
722 4487 826 4537 πᾶν
880 4482 1114 4564 ἐχθῆραι
1169 4487 1232 4541 τὸ
1288 4487 1461 4562 γένος.
1523 4489 1742 4567 Ἐφοίτα
1812 4492 1905 4564 μὲν

233 4568 332 4624 οὖν
366 4575 597 4632 τακταῖς
638 4572 727 4625 καὶ
758 4570 995 4647 ἡμέραις
1044 4572 1387 4647 ὡπλισμένον
1420 4576 1634 4642 πλῆθος
1682 4582 1904 4651 Θρᾳκῶν

230 4660 326 4713 καὶ
358 4655 689 4714 κακεδόνων
723 4658 775 4714 ἐν
827 4655 1148 4734 Λιϐήθροις,
1182 4661 1260 4725 εἷς
1311 4660 1522 4737 οἷ’κημα
1548 4663 1604 4719 ἓν
1632 4665 1676 4701 ⁸³
1723 4685 1905 4740 συνερ-

230 4750 493 4824 χόμενον
539 4747 681 4825 μέγα
704 4769 763 4804 τε
791 4749 884 4805 καὶ
934 4750 1071 4824 πρὸς
1099 4751 1324 4815 τελετὰς
1375 4752 1433 4809 εὗ
1480 4755 1852 4829 πεποιημένον
1888 4777 1900 4790 ο

232 4838 416 4892 ὁπότε
460 4835 510 4890 δ’
550 4836 821 4914 ὀργιάζειν
855 4837 1071 4910 εΐσίασι,
1116 4842 1223 4916 πρὸ
1266 4846 1372 4896 τῶν
1414 4841 1603 4899 πυλῶν
1654 4845 1903 4900 ἀπετίθεο

234 4947 339 4981 σαν
389 4925 464 4981 τὰ
510 4922 678 4985 ὅπλα.
708 4928 781 4985 Ὅ
821 4928 878 4982 αἱ
929 4934 1179 5005 γυναῖκες
1226 4928 1645 5008 ἐπιτηρήσασαι,
1696 4932 1787 4989 καὶ
1838 4934 1907 4990 τὰ

2014 4486 2308 4545 cedonicis
2341 4484 2597 4554 feminis,
2629 4484 2782 4556 quod
2817 4485 2975 4555 orgia
3005 4502 3134 4541 cum
3166 4484 3287 4541 illis
3331 4503 3445 4543 non
3495 4503 3655 4543 com-

2012 4577 2371 4632 municaret:
2405 4591 2468 4630 ac
2498 4572 2734 4631 forsitan
2766 4575 2941 4629 etiam
2975 4573 3105 4630 aliis
3137 4574 3208 4629 de
3238 4574 3451 4631 causis.
3477 4576 3657 4630 Aiunt

2011 4665 2170 4722 enim
2196 4665 2362 4721 illum
2393 4666 2463 4720 de
2493 4680 2668 4719 uxore
2697 4662 3010 4731 infelicem,
3044 4662 3386 4720 muliebrem
3418 4681 3655 4721 omnem

2013 4772 2218 4813 sexum
2263 4756 2475 4812 odisse.
2510 4755 2692 4826 Igitur
2736 4770 2869 4809 cum
2917 4753 3087 4810 statis
3130 4754 3340 4810 diebus
3368 4756 3655 4811 Thracum

2012 4863 2076 4903 ac
2135 4845 2511 4901 Macedonum
2570 4843 2782 4917 vulgus
2835 4843 3017 4900 armis
3081 4847 3296 4899 tectum
3364 4843 3656 4899 Libethris

2014 4934 2343 4993 conveniret
2372 4933 2434 4989 in
2462 4934 2700 4990 domum
2731 4932 3041 5006 magniﬁce
3083 4936 3455 5001 exstructam,
3482 4936 3540 4988 et
3583 4932 3655 4987 ad

388 5100 397 5117 .
1589 5063 1830 5119 VARI/E
1872 5061 2284 5120 LECTIONES.

316 5165 367 5200 3‘
395 5159 607 5238 ἀνδρῶν
636 5168 718 5235 τῷ
750 5165 1002 5239 μνημείῳ
1192 5168 1241 5204 ⁸⁵
1271 5165 1329 5224 δὲ
1357 5187 1475 5229 om.
1508 5175 1576 5229 Δ.
1654 5171 1701 5206 ³⁸
1730 5170 2035 5244 ὑπομάζιον
2223 5170 2270 5205 ⁸⁷
2301 5167 2364 5224 οὗ
2395 5186 2513 5227 om.
2547 5185 2634 5242 pr.
2670 5171 2736 5225 A.
2813 5166 2861 5203 ⁸⁸
2897 5163 2953 5222 ἓν
2984 5168 3119 5225 add.
3156 5170 3223 5224 A.

1850 5296 2061 5353 ΝΟΤιΕ

310 5388 430 5456 (55)
461 5387 540 5442 De
571 5403 688 5460 quo
715 5404 895 5461 supra
925 5395 1139 5449 narrat.
1171 5391 1261 5448 33.

316 5458 439 5514 [56)
470 5456 615 5514 Leno
647 5456 885 5514 ἓκόιιισε.

465 5456 1022 5610 ίὶἓῗίὸξέἷῗξείεεθε
1078 5535 1263 5591 multa
1318 5536 1526 5610 praeter
1581 5537 1702 5595 haec
1749 5538 1905 5610 apud

228 5605 503 5731 ἔξω.
551 5600 611 5657 in
662 5604 885 5664 Βωοίἰσ.
918 5600 975 5664 δι
1020 5609 1174 5682 apud
1226 5600 1612 5683 my'thologos,
1661 5622 1727 5667 ac
1772 5600 1907 5667 Sui-

2081 5393 2194 5465 (58)
2226 5394 2411 5459 Quam
2460 5393 2530 5449 ad
2578 5392 2886 5451 Thraciam
2936 5393 3193 5452 referunt
3241 5394 3470 5463 Strabo,
3500 5398 3557 5451 et
3586 5410 3655 5452 ex

2016 5482 2082 5521 eo
2111 5465 2392 5537 Slephan,

2013 5536 2215 5665 Si
2232 5534 2516 5664 Ὼὲρξιᾴιν
2538 5536 2758 5608 Georg.;
2783 5535 3118 5609 Apollodor.
3139 5537 3242 5595 lib.
3267 5556 3285 5595 1
3308 5538 3459 5609 init.;
3485 5538 3652 5597 Diod.

2177 5647 2215 5677 ο,
2246 5646 2349 5664 IIII)
2382 5646 2456 5663 ΙΙΙ
