4142 6214
439 257 555 316 583

1643 256 1906 318 PHOTII
1951 260 2480 322 PATBIARCHE
2523 261 2638 322 ΟΡ.

3717 255 3842 320 584

428 409 550 449 rem
580 392 834 447 divinam
868 395 1281 463 comparatam,
1308 391 1504 463 ibique
1533 393 1700 465 orgia
1726 393 2049 450 celebratur

2186 391 2333 448 ὅπλα
2371 395 2768 466 ἁρπασάμεναι,
2820 393 2908 447 ὑπ’
2957 394 3122 468 ὀργῆς
3164 399 3263 462 τῆς
3319 390 3408 446 διὰ
3465 393 3566 461 τὴν
3617 392 3837 466 ἀτιμίαν

428 483 669 537 domum
693 480 937 553 ingressi
961 481 1031 534 ad
1055 486 1278 550 portam
1312 497 1472 535 arma
1490 482 1863 552 deponerent,
1882 484 2074 539 obser-

427 587 596 626 vasse
628 571 736 625 hoc
769 567 1066 633 mulieres,
1100 570 1499 641 correptisque
1523 570 1838 627 armisillis
1858 589 2072 645 magna

425 658 508 713 ira
534 659 944 721 inﬂammatas,
959 657 1111 727 quod
1135 663 1670 725 contemnerentur,
1687 676 1819 714 cum
1838 666 2074 716 caeteros

425 747 504 802 ibi
535 748 981 820 procumbentes
1016 748 1396 816 interfecisse,
1438 754 1558 804 tum
1610 753 1764 806 140
1787 753 1814 805 Ι)
1846 751 2075 823 Orphea

421 838 614 909 ipsum
644 837 1008 892 membratim
1041 836 1385 904 dissectum,
1418 838 1478 894 in
1511 856 1670 894 mare
1702 841 1921 910 passim
1948 858 2074 911 pro-

407 926 640 996 jecisse.
679 925 1014 980 Pestilentia
1035 925 1246 979 deinde
1269 928 1563 998 regionem
1598 929 1758 983 illam
1783 933 2066 996 vastante,

422 1032 487 1070 eo
519 1015 673 1086 quod
706 1014 775 1068 de
803 1013 1033 1069 feminis
1067 1013 1304 1068 minime
1327 1022 1628 1086 sumptum
1661 1023 1812 1073 esset
1841 1019 2065 1088 suppli-

422 1104 601 1168 cium,
635 1109 902 1174 rogantes
933 1101 1152 1158 incolas
1200 1102 1352 1158 luem
1383 1106 1613 1173 depelli,
1655 1123 2003 1177 responsum
2038 1123 2067 1162 e

421 1194 648 1266 tripode
687 1195 1019 1266 accepisse:
1064 1192 1120 1252 Si
1170 1195 1382 1266 Orphei
1414 1197 1527 1267 (60)
1560 1201 1733 1264 caput
1773 1201 2063 1268 repertum

417 1281 579 1336 humi
605 1284 941 1351 conderent,
975 1285 1093 1339 fore
1127 1292 1191 1341 ut
1215 1285 1478 1354 contagio
1513 1284 1824 1340 desineret.
1861 1287 1944 1340 ita
1975 1287 2067 1341 vix

414 1373 650 1426 tandem
687 1371 832 1426 illud
876 1374 945 1428 ad
981 1375 1127 1429 ostia
1153 1375 1371 1430 Meletis
1404 1373 1667 1429 ﬂuminis
1713 1391 1745 1428 a
1776 1375 2064 1445 piscatore

414 1462 664 1532 quodam
689 1479 812 1516 esse
839 1463 1158 1528 inventum,
1177 1466 1352 1520 etiam
1379 1469 1520 1519 tunc
1537 1480 1771 1528 canens,
1797 1463 2063 1534 nihilque

415 1567 448 1604 a
500 1551 738 1605 marinis
801 1552 1071 1608 ﬂuctibus
1123 1553 1536 1620 deformatum,
1581 1569 1684 1608 nec
1736 1553 2059 1624 quidquam

414 1657 611 1694 eorum
649 1657 906 1710 passum,
944 1658 1066 1712 qua:
1099 1642 1268 1698 solita
1297 1643 1418 1698 sint
1469 1658 1570 1713 per
1599 1641 1840 1696 mortale
1882 1644 2059 1697 latum

412 1729 472 1783 in
501 1729 802 1783 hominum
827 1731 1204 1787 cadaveribus
1229 1732 1380 1787 raeda
1410 1732 1617 1786 exoriri
1645 1748 1656 1784 :
1691 1733 1785 1785 sed
1819 1729 2056 1802 elegans

409 1817 601 1888 pmius
635 1817 848 1888 ipsu-u,
883 1821 1190 1892 nativoque
1240 1819 1526 1892 sanguine
1567 1818 1858 1874 imbutum
1893 1823 2054 1874 tanto

407 1910 540 1975 post
571 1910 826 1976 tempore
859 1907 1128 1976 viguisse.
1156 1910 1340 1979 Caput
1370 1924 1504 1978 ergo
1538 1908 1695 1961 istud
1750 1913 2055 1979 acceptum

2182 483 2313 544 τούς
2345 503 2403 537 τε
2450 481 2892 555 προσπίπτοντας
2948 483 3397 558 κατειργάσαντο,
3439 482 3526 535 καὶ
3581 480 3673 534 τὸν
3719 483 3843 556 Ὀρ-

2183 575 2284 651 es:
2321 572 2457 626 κατὰ
2492 571 2632 642 μέλη
2678 567 2900 644 ἔρριψαν
2934 571 3009 632 εἷς
3057 572 3154 638 τὴν
3205 569 3478 625 θάλασσαν
3531 566 3839 642 σποράδην.

2186 665 2382 732 Λοιμῷ
2414 657 2470 715 δὶ
2517 667 2615 729 τῆς
2655 659 2866 738 χώρας,
2918 661 3000 714 ὅτι
3047 660 3122 731 μὴ
3174 660 3530 732 ἀπῃτήθησαν
3573 656 3732 728 δίκην
3782 660 3843 712 αἱ

2183 755 2448 822 γυνιῑκες,
2490 747 2855 820 κακουμένης,
2906 746 3155 820 δεόμενοι
3206 746 3462 823 λωφῆσαι
3516 748 3578 802 τὸ
3640 745 3837 814 δεινὸν,

2183 832 2379 892 ἔλαϐον
2438 838 2712 912 χρησμὸν,
2766 839 2867 906 τήν
2925 836 3166 914 κεφαλὴν
3221 838 3318 904 τὴν
3367 837 3414 872 ⁸9
3472 837 3714 913 ὈρῩέως
3771 836 3836 890 ἂν

2181 925 2489 999 ἀνευρόντες
2548 927 2784 999 θάψωσι,
2840 931 3030 1003 τυχεῖν
3089 923 3442 998 ἀπαλλαγῆς.
3500 924 3608 982 Καὶ
3670 925 3841 997 μόλις

2181 1015 2345 1083 αὐτὴν
2413 1014 2535 1089 περῖ
2594 1016 2686 1076 τάς
2748 1010 2982 1078 ἐκϐολάς
3036 1019 3131 1070 τοῦ
3191 1014 3450 1085 Μέλητος
3502 1013 3572 1068 δι’
3629 1013 3837 1076 ἁλιέως

2182 1103 2400 1176 ἀνεῦρον
2467 1104 2741 1176 ποταμοῦ,
2793 1104 2882 1158 καὶ
2934 1105 3056 1159 τότε
3114 1101 3366 1174 ᾅδουσαν,
3419 1106 3542 1178 [453
3597 1106 3685 1176 8.]
3737 1105 3832 1158 καὶ

2184 1191 2350 1264 μηδὲν
2399 1195 2673 1248 παθοῦσαν
2728 1192 2832 1247 ὑπὸ
2888 1199 2989 1260 τῆς
3039 1190 3337 1262 Θαλάσσης,
3386 1191 3527 1263 μηδέ
3575 1214 3629 1246 τι
3681 1189 3828 1247 ἄλλο

2175 1285 2282 1335 τῶν
2331 1281 2428 1336 ὅσα
2485 1283 2648 1355 κῆρες
2701 1280 3028 1352 ἀνθρώπιναι
3059 1283 3261 1355 νεκρῶν
3317 1279 3489 1359 αἴσχη
3551 1279 3833 1359 φέρουσιν,

2187 1370 2198 1380 .
2293 1373 2304 1393 ,
2360 1369 2373 1384 ς
2558 1370 2566 1382 .
2918 1371 2932 1387 ς
3017 1391 3028 1402 .
3089 1371 3102 1388 ι
3228 1381 3252 1392 ,,
3297 1374 3322 1385 ,.
3448 1369 3462 1389 ι
3504 1370 3560 1402 _.
3655 1371 3702 1404 ,ο
3782 1368 3810 1384 ..

2176 1369 2282 1423 αλλ
2356 1377 2771 1443 επακμαζουσαν
2805 1370 2970 1438 αὐτην
3019 1391 3105 1424 και
3152 1376 3334 1442 ζωικῳ
3374 1391 3463 1423 και
3515 1391 3624 1424 ιοτε
3753 1391 3838 1423 αις

2179 1480 2308 1530 ματι
2361 1459 2493 1532 μετὰ
2540 1458 2714 1512 πολὺν
2765 1458 2960 1533 χρόνον
3015 1457 3363 1514 ἐπανθοῦσαν.
3421 1453 3685 1519 Λαϐόντες
3736 1456 3838 1511 οὗν

2176 1549 2277 1603 ὑπὸ
2327 1551 2529 1620 σήματι
2593 1549 2814 1621 μεγαλῳ
2867 1547 3150 1617 θάπτουσι,
3211 1547 3436 1620 τέμενος
3479 1547 3626 1618 αὐτῷ
3670 1568 3832 1621 περι-

2174 1636 2458 1710 είρξαντες,
2492 1638 2519 1689 ὃ
2563 1636 2698 1697 τέως
2733 1637 2829 1707 μὲν
2879 1637 3062 1709 ἡρῷον
3095 1635 3184 1704 ἦν,
3217 1635 3435 1708 ὕστερον
3489 1632 3536 1689 δ’
3583 1633 3837 1706 ἐξενίκη-

2169 1747 2252 1780 σεν
2294 1725 2434 1798 ἱερὸν
2488 1724 2622 1778 εἶναι
2661 1741 2674 1754 ·
2727 1723 2933 1785 θυσίαις
2979 1744 3037 1778 τε
3081 1724 3182 1797 γάρ
3213 1722 3302 1778 καὶ
3349 1723 3498 1784 ὅσοις
3548 1721 3750 1782 ἄλλοις
3779 1723 3833 1760 ’ί

2168 1815 2279 1868 θεοὶ
2329 1818 2616 1884 τιμῶνται,
2668 1813 2995 1889 γεραίρεται.
3051 1815 3206 1869 Ἔστι
3265 1811 3322 1867 δὲ
3369 1813 3575 1888 γυναιξὶ
3634 1833 3837 1867 παντε-

2169 1902 2282 1964 λῶς
2329 1897 2550 1959 ἄϐατον.

413 1995 634 2066 ingenti
685 1996 910 2050 tumulo
956 1999 1285 2064 mandasse,
1334 2001 1896 2066 monumentumque
1943 1997 2056 2068 ipsi
2103 1995 2398 2050 heroicum
2444 1995 2517 2048 ab
2571 1993 2735 2048 initio
2785 1994 3266 2059 circumdedisse,
3315 1994 3493 2049 donec
3542 1993 3597 2048 id
3659 2001 3830 2065 post-

415 2085 656 2138 modum
690 2085 958 2150 obtinuit,
994 2094 1054 2139 ut
1086 2103 1188 2157 pro
1221 2086 1414 2140 divino
1447 2087 1580 2141 iano
1612 2086 1944 2141 haberetur.
1980 2084 2294 2140 Sacriticiis
2325 2083 2504 2150 enim,
2537 2083 2786 2154 aliisque
2818 2085 2992 2139 rebus
3040 2083 3490 2155 quibuscunque
3521 2084 3598 2138 dii
3632 2083 3830 2140 hono-

414 2172 525 2226 rari
561 2173 775 2240 solent,
806 2172 979 2228 etiam
1012 2174 1137 2245 ipse
1160 2175 1389 2232 colitur.
1429 2175 1680 2230 Feminis
1713 2176 1942 2230 interim
1977 2175 2216 2230 omnino
2251 2175 2610 2230 inaccessum
2643 2171 2927 2244 templum
2962 2173 3103 2228 illud
3137 2179 3244 2228 est.

481 2260 934 2332 Ouadragesima
968 2268 1133 2318 sexta
1165 2279 1180 2318 ε
1215 2263 1360 2320 Dum
1397 2265 1570 2334 Troja
1601 2269 2049 2334 expugnaretur,

407 2349 608 2404 emisit
657 2351 925 2406 Priamus
973 2352 1032 2406 in
1085 2353 1318 2424 Lydiam
1371 2353 1517 2408 duos
1569 2353 1827 2408 Hectoris
1877 2351 2050 2419 filios,

403 2438 690 2510 Oxynium
719 2444 772 2494 et
801 2442 1247 2496 Scamandrum.
1277 2443 1452 2513 Capto
1496 2442 1626 2496 dein
1661 2441 1786 2506 Ilio,
1818 2443 2046 2506 Encas,

398 2527 662 2582 Anchisa:
709 2544 773 2582 ac
809 2529 1046 2585 Veneris
1097 2529 1273 2596 ﬁlius,
1326 2530 1552 2586 Graecos
1604 2531 1851 2600 fugiens,
1885 2532 2046 2586 Idam

403 2615 589 2686 primo
622 2616 902 2672 incoluit:
940 2620 1036 2675 sed
1065 2636 1196 2674 cum
1222 2619 1432 2676 reversi
1455 2637 1484 2675 e
1513 2620 1690 2692 Lydia
1712 2619 1968 2688 Oxynius
1991 2625 2048 2675 et

398 2705 752 2761 Scamander
798 2708 998 2763 omnia
1050 2709 1266 2764 circum
1305 2709 1474 2764 Ilium
1527 2712 1652 2764 loca
1692 2725 1760 2763 ex
1810 2714 2046 2780 paterna

397 2793 552 2849 velut
579 2794 915 2851 haereditate
950 2797 1166 2865 relicta,
1186 2797 1293 2852 sibi
1321 2798 1716 2853 vindicarent:
1742 2803 2044 2869 assumpto

396 2881 604 2937 Encas
658 2889 816 2954 patre
853 2885 1122 2953 Anchise,
1157 2891 1212 2941 et
1260 2891 1548 2958 quotquot
1600 2885 1784 2957 potuit
1834 2903 1864 2941 e
1911 2903 2042 2956 pro-

395 2971 550 3042 fugis
577 2970 756 3027 solem
790 2989 989 3029 versus
1023 2974 1304 3029 orientem
1340 2977 1446 3046 (61)
1471 2977 1539 3029 de
1564 2975 1803 3030 Veneris
1837 2974 2042 3030 matris

395 3060 669 3114 mandato
695 3062 955 3118 tetendit.
982 3063 1247 3132 'l‘rajecm
1272 3063 1855 3136 igiturHellesponto,
1881 3065 2038 3120 venit

392 3148 462 3200 ad
497 3147 716 3215 sinum,
743 3151 842 3220 qui
875 3151 1154 3206 Thermus
1183 3157 1270 3206 est
1301 3153 1663 3218 nominatus,
1699 3154 1797 3207 ubi
1829 3153 2039 3208 Anchi-

388 3250 492 3289 sen
515 3236 630 3289 vita
651 3237 917 3291 functum
944 3239 1171 3308 sepelit,
1190 3239 1432 3310 ipseque
1455 3240 1716 3296 oblatum
1743 3241 1814 3296 ab
1836 3240 2040 3296 incolis

389 3339 630 3394 regnum
666 3331 914 3380 recusat.
942 3326 1085 3380 Hinc
1119 3327 1175 3382 in
1219 3327 1560 3384 Brusiadem
1590 3331 1712 3396 (6'2)
1745 3331 2037 3399 regionem

390 3413 680 3483 profectus
703 3418 817 3479 est,
835 3416 929 3470 ubi
948 3417 1244 3481 omnibus,
1265 3417 1731 3490 quibuscumque
1755 3423 2035 3486 uteretur,

387 3504 674 3573 expetitus
723 3509 1036 3576 gratusque
1087 3507 1213 3575 fuit,
1261 3509 1334 3562 ob
1399 3524 1628 3563 morum
1683 3509 1962 3565 nimirum
2008 3527 2042 3566 ι

393 3591 614 3648 Venere
662 3593 910 3648 inditam
981 3595 1343 3650 suavitatem.
1393 3597 1477 3651 lbi
1541 3598 1856 3668 mugiente,
1907 3614 2037 3669 quae

397 3683 591 3752 ipsum
642 3698 710 3737 ex
759 3685 858 3738 Ida
897 3685 1266 3754 sequebatur,
1302 3685 1445 3740 bove
1495 3686 1602 3757 (sic
1635 3687 1787 3741 enim
1849 3687 2038 3743 Venus

389 3776 558 3826 antea
603 3773 958 3842 mandarat),
991 3774 1118 3842 ejus
1157 3791 1268 3830 ora;
1318 3774 1629 3846 imperium
1683 3777 2038 3832 donantibus

388 3859 600 3916 incolis
633 3862 908 3932 suscepit,
935 3864 1254 3935 bovemque
1287 3865 1454 3919 matri
1489 3865 1785 3921 mactavit.
1812 3865 1891 3920 Ad
1917 3865 2037 3921 haec

389 3950 591 4005 urbem
647 3951 926 4015 condidit,
989 3969 1116 4024 quae
1169 3962 1303 4009 tunc
1371 3954 1604 4024 quidem
1648 3971 1680 4009 a
1738 3955 2037 4012 conditore

390 4039 564 4094 Enea
597 4040 728 4111 (63),
754 4045 880 4112 post
913 4040 1119 4097 inﬂexo
1151 4041 1416 4097 nonnihil
1441 4043 1676 4098 nomine
1706 4047 1888 4098 Enus
1919 4045 2034 4115 (64)

387 4126 566 4182 dicta.
602 4133 732 4182 Haec
773 4128 953 4199 igitur
984 4145 1100 4183 una
1131 4134 1406 4192 narratio.
1439 4136 1645 4201 praeter
1687 4133 1794 4186 alia
1828 4131 2032 4198 multa,

385 4218 637 4271 rel'ertur
679 4233 710 4270 a
741 4217 973 4273 Graecis.
1012 4217 1208 4274 Altera
1234 4223 1428 4274 tamen
1462 4219 1582 4285 illa,
1613 4237 1738 4291 quas
1771 4221 2033 4276 Romanae

2071 3023 2120 3088 Ο

2231 2261 2288 2314 ’Π
2355 2260 2474 2334 pg"
2531 2261 2605 2321 ὡς
2662 2260 2858 2334 Τροίας
2910 2261 3288 2335 πορθουμένης
3349 2263 3394 2296 9³
3476 2260 3828 2315 ὑπεκτίθεται

2163 2349 2408 2424 Πρίαμος
2456 2348 2532 2410 εἷς
2593 2346 2790 2404 Λυδίαν
2843 2346 2938 2403 δύο
2988 2347 3181 2411 παῖδας
3238 2351 3521 2422 Ἕκτορος,
3572 2349 3829 2421 Ὀξόνιον

2157 2436 2244 2493 καί
2301 2436 2638 2510 Σκάμαδρον.
2695 2438 2845 2494 Ἐπεὶ
2896 2437 2952 2492 δὲ
2990 2439 3052 2493 τὸ
3093 2436 3270 2495 Ἴλιον
3323 2437 3468 2506 ἥλω,
3520 2438 3745 2498 Αἰνείας
3794 2443 3826 2496 ὁ

2155 2527 2422 2602 Ἀγχίσου
2470 2527 2558 2581 καὶ
2612 2525 2966 2604 Ἀφροδίτης,
3015 2523 3288 2606 διαφυγὼν
3345 2527 3472 2590 τοὺς
3524 2529 3820 2600 Ἀχαίοῦξν

2156 2617 2217 2670 τὸ
2254 2617 2350 2688 μὲν
2393 2621 2609 2690 πρῶτον
2642 2615 2772 2687 ᾤκει
2805 2617 2902 2684 τὴν
2946 2613 3120 2686 Ἴδηνο
3153 2617 3396 2685 Ὀξυνίου
3438 2614 3494 2670 δὲ
3541 2617 3629 2670 καὶ
3667 2623 3823 2670 Exa-

2159 2703 2400 2780 μάνδρου
2440 2705 2847 2760 ἐπανελθόντων
2881 2707 2925 2741 ⁵⁸
2954 2705 3060 2760 ἀπὸ
3091 2702 3292 2768 Λυδίας
3323 2705 3412 2760 καὶ
3446 2705 3518 2768 ὡς
3550 2707 3821 2780 πατρῴας

2159 2796 2367 2864 ).”ἱ,ξεως
2413 2795 2898 2867 μεταποιουμένων
2939 2800 3046 2850 τῶν
3095 2794 3221 2870 περὶ
3269 2795 3331 2849 τὸ
3373 2793 3547 2850 Ἴλιον
3600 2797 3819 2865 τόπων,

2154 2878 2438 2938 ἀναλαϐὼν
2491 2884 2760 2959 Ἀγχίσην
2812 2885 2900 2939 τὸν
2957 2883 3161 2958 πατέρα
3221 2883 3308 2938 καί
3360 2885 3520 2944 ὅσους
3580 2879 3816 2939 diuite

2152 2978 2258 3028 τῶν
2301 2971 2688 3051 συμφυγάδων,
2729 2974 2865 3048 πρὸς
2911 2972 3074 3043 ἥλιον
3122 2973 3410 3048 ἀνίσχοντα
3442 2970 3622 3048 ᾤχετο
3665 2977 3819 3029 κατᾶ

2150 3058 2478 3140 Ἀφροδίτης
2535 3060 2844 3137 ἒρίσκηψιν.
2923 3057 3122 3124 Διαϐὰς
3191 3061 3282 3116 οὖν
3351 3064 3476 3134 [234
3538 3065 3627 3132 ιι.)
3705 3061 3811 3117 τὸν

2146 3150 2580 3221 Ἑλλήσποντον,
2632 3152 2720 3206 καὶ
2775 3153 3102 3229 ἀφικόμενος
3135 3154 3180 3189 9⁸
3221 3151 3297 3212 εἰς
3345 3151 3554 3225 Θερμὸν
3593 3150 3814 3205 καλού-

2156 3260 2314 3311 μενον
2373 3238 2610 3307 κόλπον,
2677 3240 2947 3315 Ἀγχίσην
3022 3241 3117 3312 μὲν
3175 3237 3513 3293 ἀποθανόντα
3590 3239 3812 3314 θάπτει,

2151 3329 2306 3390 αὐτὸς
2357 3326 2412 3383 δὲ
2458 3333 2566 3383 τῶν
2617 3328 2930 3405 ἐπιχωρίων
2985 3326 3250 3402 δεομένων
3301 3329 3439 3382 ὥστε
3494 3326 3813 3402 βασιλεύειν

2147 3417 2323 3473 αὐτῶν
2390 3419 2490 3474 οὐκ
2546 3417 2779 3488 ἐδέξατο.
2842 3420 2978 3476 Εἶτα
3034 3420 3112 3482 εἷς
3169 3420 3267 3486 τὴν
3329 3416 3639 3494 Βρουσιάδα
3697 3425 3804 3492 γῆν

2147 3504 2365 3585 ἔρχεται
2420 3527 2431 3540 ⁶
2476 3513 2604 3563 πᾶσι
2655 3506 2702 3562 δ’
2749 3509 2814 3578 ἦν
2850 3507 3134 3584 ἐφίμερος,
3181 3510 3266 3569 οἷς
3317 3505 3634 3582 ἐτυγχάνοι,
3669 3508 3808 3561 κατὰ

2146 3601 2306 3673 χάριν
2366 3606 2466 3668 τῆς
2525 3596 2872 3675 Ἀφροδίτης.
2936 3600 3193 3655 Ἐνταῦθα
3255 3597 3646 3671 μυκησαμένης
3704 3600 3810 3665 τῆς

2147 3688 2513 3759 συνεπομένης
2556 3687 2702 3759 αὖτῷ
2753 3688 2881 3761 βοὸς
2922 3687 2972 3758 ἐξ
3020 3684 3170 3758 Ἴδης
3213 3689 3397 3760 (τοῦτο
3447 3688 3550 3762 γάρ
3602 3689 3809 3764 Ἀιρροσ

2145 3774 2267 3847 ὃίτη
2301 3774 2596 3850 ἐπέσκηψε)
2639 3772 2909 3850 λαμϐάνει
2938 3777 3000 3832 τὸ
3041 3778 3236 3843 κράτος
3267 3783 3368 3845 τῆς
3399 3777 3502 3849 γῆς
3544 3773 3806 3830 διδόντων

2145 3871 2252 3919 τῶν
2312 3863 2657 3940 ἐπιχωρίων,
2703 3866 2792 3919 καὶ
2850 3868 2948 3933 την
3003 3867 3130 3940 βοῦν
3183 3865 3296 3920 θύει
3343 3863 3660 3941 Ἀφροδίτῃ,
3699 3864 3802 3918 καὶ

2141 3955 2335 4024 κτίζει,
2383 3953 2569 4024 πόλιν,
2611 3956 2646 4024 ἢ
2679 3955 2800 4010 τότε
2853 3955 2946 4028 μὶν
2994 3957 3040 3992 ⁸⁵
3068 3952 3252 4012 Α’ίνεια
3301 3953 3407 4009 ἀπὸ
3451 3955 3548 4010 τοῦ
3589 3953 3802 4009 κτίσαν-

2139 4063 2257 4107 τος,
2307 4041 2529 4117 ὕστερον
2579 4040 2637 4098 δὲ
2695 4043 3119 4118 παρενεγκόντος
3166 4047 3262 4098 τοῦ
3319 4042 3587 4115 ὀνόματος
3639 4044 3801 4105 Αἶνος

2141 4129 2378 4202 ἐκλήθη.
2423 4130 2598 4205 Λόγος
2634 4133 2727 4204 μὲν
2780 4130 2869 4187 οὖν
2912 4135 2989 4194 εἷς
3039 4133 3198 4192 οὗτος
3231 4132 3333 4186 ὑπὸ
3379 4130 3664 4202 Ἑλλήνων
3705 4130 3799 4202 ἐπὶ

2141 4220 2381 4282 πολλοῖς
2429 4219 2626 4280 ἄλλοις
2660 4221 2874 4296 λέγεται
2909 4239 2923 4254 ⁶
2959 4223 2987 4276 ὁ
3019 4219 3076 4276 δὲ
3102 4222 3164 4276 τὸ
3211 4224 3486 4293 Ῥωμαῖον
3529 4220 3676 4292 γένος
3716 4221 3800 4284 εἰς

383 4305 574 4373 gentis
605 4305 886 4374 originem
912 4306 982 4360 ab
1008 4305 1135 4378 ipso
1160 4308 1388 4378 repetit,
1412 4313 1468 4363 et
1497 4307 1651 4363 Alba
1675 4311 2033 4366 conditorem

2160 4310 2308 4365 ιύτὸν
2367 4307 2644 4389 ἀναφέρων
2709 4311 2798 4365 καὶ
2865 4310 3112 4380 οἰκιστὴν
3173 4315 3344 4365 ποιῶν
3404 4305 3640 4379 Ἄλϐας,
3697 4310 3794 4364 καὶ

379 4393 542 4461 facit,
585 4393 760 4448 simul
806 4397 982 4450 etiam
1035 4397 1356 4463 oraculum,
1395 4413 1510 4468 qua
1560 4397 1810 4454 incolere
1861 4401 2024 4470 jube-

380 4479 572 4548 batur,
628 4481 724 4535 ubi
797 4483 921 4554 ipse
989 4502 1122 4540 cum
1210 4485 1386 4540 sociis
1467 4485 1647 4540 sacris
1732 4493 2024 4558 cperatus,

384 4583 645 4624 mensam
681 4570 792 4641 (65)
825 4588 1054 4644 quoque
1106 4573 1555 4645 absumpsisset,
1588 4573 1728 4645 haec,
1761 4576 2022 4647 inquam,

379 4657 636 4713 narratio
666 4657 832 4715 valde
856 4661 976 4730 jam
1012 4664 1148 4718 trita
1171 4669 1282 4718 est.

2139 4401 2200 4455 τὸ
2262 4403 2602 4475 χρηστήριον
2679 4400 2708 4454 ὅ
2793 4406 3068 4456 κατοικεῖν
3144 4400 3430 4475 ἐπέτρεπεν
3509 4401 3556 4436 ⁸³
3633 4401 3793 4455 ὁπότ’

2136 4487 2195 4543 ἂν
2228 4486 2390 4551 αὐτὸς
2439 4490 2551 4562 ἅμα
2587 4492 2694 4544 τῶν
2728 4489 2773 4525 ³⁷
2823 4489 2914 4544 σὺν
2948 4489 3095 4560 αὖτῷ
3143 4490 3303 4551 θύσας
3360 4488 3492 4560 μετά
3543 4493 3650 4542 τῶν
3704 4509 3791 4542 σι-

2091 4576 2264 4633 ’τίων
2314 4579 2613 4655 καταφάγοι
2668 4578 2758 4634 καὶ
2811 4580 2906 4640 τὰς
2955 4579 3249 4654 τραπέζας,
3308 4578 3470 4640 οὗτος
3528 4579 3792 4649 κατημά-

2136 4668 2332 4736 ξευται.

1743 4781 1973 4837 νΑιιιλΕ
2017 4784 2429 4840 LECTIONES.

447 4871 495 4909 ⁸⁵
528 4892 664 4952 Ακεφ.
725 4878 838 4952 τοᾷ-
881 4876 943 4933 Ο.
973 4877 1044 4952 ,ἢν
1108 4877 1165 4952 ἂν
1225 4875 1493 4952 εὑρόντες.

1687 4877 1734 4912 ⁹⁰
1786 4877 1874 4932 καὶ
1931 4879 2055 4934 τότε
2102 4881 2236 4936 add.
2287 4884 2352 4936 Α.

2430 4883 2474 4919 ⁹¹
2508 4879 2714 4971 όέλλους
2754 4900 2870 4971 om.
2923 4901 3012 4955 pr.
3185 4882 3317 4971 'f-ni
3349 4883 3515 4971 ferte‘
3552 4879 3792 4971 πολιορ-

374 4939 646 5027 κουμένης
685 4946 894 5027 initiis.
929 4939 1570 5027 cnf.'_p._R.98'3,_(13_e-t
1623 4951 1750 5018 989,
1783 4953 1870 5008 22.
1948 4953 1993 4986 ⁹³
2048 4950 2316 5006 ἐλθόντων
2373 4958 2439 5010 Δ.
2518 4952 2564 4988 9‘
2614 4939 3009 5027 ἀφίκούμενθς
3203 4955 3247 4989 ⁸⁸
3300 4956 3395 5008 τοῦ
3456 4952 3552 5024 μὶν
3583 4973 3666 5007 κτ.

371 5013 418 5049 ⁸⁸
447 5012 643 5090 ἔπρεπε
835 5018 879 5053 ⁸⁷
908 5012 1150 5091 “card-rip
1187 5026 1224 5074 A
1255 5038 1268 5076 :
1311 5012 1432 5080 τοῖς

1964 5124 2194 5181 NOTAE.

449 5216 562 5282 (60)
595 5216 829 5273 Lueian.
864 5221 1132 5277 Adversus
1166 5221 1368 5277 induet.

585 5286 902 5365 ’Λνίσχοντα
934 5309 1125 5347 errore
1155 5292 1540 5365 geographico
1564 5308 1666 5362 pro
1689 5289 2015 5365 καταδυντα.

451 5357 562 5428 (62)
584 5354 1063 5436 hnB'Fuaisﬂt‘orte
1085 5354 1315 5434 an‘hzec’,
1339 5354 1440 5419 illa
1471 5354 1811 5436 Macedonia
1844 5367 2016 5436 pars?

378 5427 510 5482 Eam
545 5427 617 5482 ab
675 5433 920 5488 Emathii
968 5437 1088 5491 filio
1140 5427 1316 5492 Bruso
1365 5451 1576 5491 nomen
1610 5427 2020 5493 habere-docet

379 5498 578 5572 Steph.
613 5499 844 5572 Byzant.

448 5570 560 5642 (63)
587 5570 757 5642 Apud
789 5575 990 5648 Steph.
1014 5578 1192 5636 etiam
1221 5579 1468 5638 Eneada
1498 5577 1713 5637 dictam
1747 5579 2016 5649 observo,

2123 5224 2308 5298 ibique
2355 5225 2630 5298 sepultum
2676 5225 2968 5282 Anchisen.
3021 5227 3170 5298 Lege
3208 5224 3368 5295 Virg.
3421 5239 3486 5278 ιιι
3542 5227 3753 5281 ιΕηεὶά

2125 5295 2252 5350 init.
2287 5297 2456 5369 stibi,
2477 5296 2739 5369 Servium
2771 5295 3127 5369 ceterosque
3158 5297 3532 5369 interpretes.

2197 5369 2312 5440 (64)
2335 5367 2418 5423 lta
2448 5367 2671 5423 Plinius
2697 5374 2754 5423 et
2777 5373 2970 5440 Pomp.
2992 5367 3156 5424 Mela.
3181 5368 3277 5422 lib.
3304 5383 3368 5437 ιι,
3386 5382 3516 5440 eam
3545 5384 3787 5440 quoque

2128 5439 2471 5509 appellant:
2523 5444 2580 5494 et
2635 5441 2888 5497 Pausan.
2917 5438 3151 5497 Eliacz‘s.
3189 5443 3318 5495 Aur.
3353 5438 3556 5494 Victor
3597 5438 3781 5496 etiam

2129 5510 2188 5566 in
2218 5509 2368 5567 Orio.
2402 5519 2544 5567 aeni.
2582 5511 2728 5566 Rom.

2129 5525 2188 5566 in
2218 5525 2368 5579 Urtg.
2402 5525 2544 5581 gem.
2582 5525 2728 5566 nam.

2201 5582 2316 5652 (65)
2347 5583 2483 5638 Aur.
2507 5581 2726 5654 Victor,
2762 5583 2836 5640 De
2874 5587 3016 5657 orig.
3057 5591 3201 5654 gem.
3234 5583 3386 5639 Rom.
