4142 6214
239 281 358 344 585

1333 277 1866 339 BIBLlO’l‘HECA.
1914 308 1988 322 —
2033 275 2205 338 COD.
2254 275 2613 339 CLXXXVI.

308 417 377 470 Ἦ
428 413 521 485 μζι
581 410 656 472 ὡς
707 409 1092 483 Ἀλθαιμένης,
1133 413 1232 466 τοῦ
1278 410 1649 484 Ἡρακλειδῶν
1709 410 1972 488 γένουςΑ

3540 280 3656 342 586

2073 411 2519 483 Quadragesima
2549 413 2835 485 septima:
2867 413 3259 470 Althaamenes
3305 416 3441 488 (66),
3474 419 3662 472 Hera-

244 503 404 578 τρίτη
453 501 618 578 γενεὰ
679 499 784 554 ἀπὸ
826 501 1100 572 Τεμένους
1143 500 1211 571 9⁸,
1261 501 1531 570 στασιάζει
1579 503 1714 577 πρὸς
1767 500 1895 564 τοὺς

2041 500 2288 556 lidarum
2340 503 2568 574 generis
2621 502 2852 558 soboles
2899 504 3016 575 (67)
3075 505 3265 560 Illa
3321 522 3354 561 a
3405 505 3660 561 Temens

247 591 523 666 ἀδελφοὺς
565 591 856 662 (νεώτατος
899 587 944 644 δ’
1134 590 1223 645 καὶ
1284 591 1660 662 μετανίσταται
1718 591 1896 647 Πελο-

253 685 562 752 ποννήσου,
624 680 854 755 στρατὸν
901 681 1153 754 Δωριέων
1194 675 1338 754 ἔχων
1389 680 1477 734 γαὶ
1525 702 1670 742 τινας
1725 680 1900 736 Πελαο

251 777 422 848 σγῶν.
455 767 757 827 Ἐστελλον
811 766 868 824 δὲ
913 769 1002 824 καὶ
1035 770 1311 838 Ἀθηναῖοι
1339 771 1462 825 τότε
1499 771 1597 839 τὴν
1643 770 1736 825 σὺν
1783 775 1906 826 Νει-

248 861 361 934 λὲῷ
410 861 462 898 ⁹⁹
499 879 560 914 τε
607 859 699 914 καὶ
737 863 855 919 τοῖς
894 856 1182 933 Κοδρίδαις
1231 858 1481 914 ἀποικίαν
1519 879 1531 892 ·
1580 860 1790 934 ὁμοίως
1849 857 1905 914 δὲ

354 951 367 970 ,
568 949 580 968 ι
731 950 744 965 .
1095 948 1107 966 ι
1300 949 1314 968 ι
1852 949 1864 966 ς

248 952 350 1007 καθ
400 950 628 1010 ἑαυτους
657 969 746 1003 και
795 945 1220 1021 Λακεδαιμονιοι
1261 969 1353 1003 τον
1405 949 1724 1023 Φιλονόμου
1773 949 1904 1004 λαον

261 1039 565 1111 ἀπῴκιζον,
590 1038 662 1092 ὧν
695 1039 887 1113 ἡγεῖτο
938 1037 1146 1113 Δελφὸς
1177 1033 1356 1110 ὄνομα
1383 1038 1472 1093 καὶ
1525 1038 1712 1099 Πόλις.
1745 1039 1904 1093 Ἑκά-

256 1148 412 1203 τεροι
472 1133 490 1164 ί
551 1125 652 1181 οὖν
722 1125 1067 1201 παρεκάλουν
1122 1124 1483 1201 ’Δλθαιμένην
1543 1128 1905 1202 συμμετέχειν

257 1217 444 1280 αὐτοῖς
505 1219 609 1270 τοῦ
664 1209 850 1290 ἔργου,
901 1213 957 1271 οτί
1007 1235 1068 1270 τε
1118 1221 1348 1292 Δωριεῖς
1392 1220 1488 1272 τοῦ
1553 1215 1641 1272 ἐπὶ
1693 1219 1910 1292 Κρήτην

254 1307 426 1381 πλοῦ,
470 1309 564 1363 ἅτε
613 1306 703 1362 καὶ
752 1306 916 1364 αὐτὸν
967 1308 1174 1383 Δωριέα
1219 1305 1366 1378 ὅντα,
1413 1307 1468 1363 o'i
1516 1330 1572 1364 τε
1621 1312 1798 1373 Ἰωνες
1836 1308 1912 1370 είς

258 1399 365 1467 τὴν
410 1397 586 1453 Ἀσίαν
622 1397 758 1472 μετᾶ
789 1398 940 1472 σφῶν
969 1399 1361 1473 περαιωθῆναι.
1395 1401 1490 1472 Τῷ
1523 1396 1568 1453 δ’
1608 1397 1911 1474 ούδετέροις

266 1483 449 1542 ἐδόκει
521 1487 817 1561 συμπλεῖν,
884 1485 1031 1543 ἀλλὰ
1101 1488 1236 1543 κατὰ
1307 1489 1401 1543 τὸν
1473 1485 1697 1544 δοθέντα
1766 1490 1914 1562 αύτῷ

264 1579 535 1654 χρησμὸν
582 1575 675 1632 ἒπὶ
723 1576 818 1632 Δία
863 1576 954 1632 καί
991 1575 1192 1634 ’Ἥλιον
1241 1578 1582 1653 κομίζεσθαι,
1639 1579 1728 1634 καὶ
1785 1581 1914 1654 παρ’

268 1669 451 1724 αὐτῶν
501 1666 670 1723 αίτεῖν
716 1665 792 1729 είς
832 1668 1151 1739 κατοίκησιν
1187 1675 1288 1745 γῆν
1320 1687 1334 1702 ο
1367 1668 1501 1724 εἶναι
1546 1666 1604 1724 δὲ
1653 1670 1776 1731 Διὸς
1819 1670 1913 1742 μὶν

2009 590 2198 654 tertia,
2242 590 2518 647 fratribus
2565 593 2920 649 dissentiens
2966 597 3454 650 tumultuabatur.
3503 593 3656 649 Natu

2014 693 2143 749 ergo
2195 680 2472 736 minimus
2521 697 2651 738 cum
2709 692 2880 746 esset,
2934 683 3327 750 Pe10ponneso
3386 683 3664 739 discedit.

2017 768 2378 824 Doriensium
2405 787 2602 827 secum
2633 772 2848 843 ecpias,
2880 778 2934 827 et
2979 773 3346 843 Pelasgorum
3381 772 3667 844 quosdam

2016 856 2556 914 ducens.Miserunt
2572 865 2694 915 tum
2715 876 2947 933 quoque
2971 861 3351 918 Athenienses
3374 861 3668 918 coloniam

2016 961 2153 1000 cum
2195 945 2366 1002 Neleo
2405 947 2542 1019 (68),
2575 953 2633 1004 et
2679 949 2850 1004 Codri
2899 951 3166 1022 posteris.
3201 951 3490 1007 Similiter
3536 965 3668 1006 vero

2018 1037 2075 1088 et
2106 1033 2527 1091 Lacedaemonii
2551 1052 2615 1093 eo
2637 1037 2763 1108 ipso
2797 1043 3058 1111 tempore
3081 1040 3408 1096 Philonomi
3433 1039 3546 1111 (69)
3570 1054 3668 1111 po-

2020 1125 2222 1198 pulum
2242 1127 2356 1183 alio
2371 1129 2692 1186 habitatum
2719 1131 3025 1199 miserunt,
3044 1149 3216 1204 quem
3235 1132 3398 1188 duxit
3415 1131 3670 1205 Delphus

2022 1216 2261 1288 quidam
2297 1218 2551 1288 nomine,
2583 1228 2637 1275 et
2669 1220 2841 1276 Polis.
2874 1219 3114 1291 Utrique
3145 1220 3562 1277 Althremenem
3605 1221 3665 1276 in

2021 1307 2214 1376 operis
2263 1308 2590 1364 societatem
2641 1317 2938 1368 vocarunt.
2970 1309 3146 1368 Dores
3198 1311 3454 1382 quidem,
3500 1315 3566 1366 ut
3609 1309 3671 1366 in

2023 1395 2248 1451 Cretam
2309 1413 2427 1453 una
2486 1399 2808 1470 navigaret,
2865 1400 3017 1469 quod
3076 1408 3130 1456 et
3187 1399 3314 1472 ipse
3373 1398 3674 1456 Doriensis

2024 1490 2199 1542 esset.
2233 1485 2397 1542 lones
2446 1503 2602 1555 vero,
2654 1493 2720 1543 ut
2761 1488 2820 1543 in
2866 1488 3066 1546 Asiam
3120 1505 3315 1547 secum
3363 1489 3675 1561 trajiceret,

2025 1575 2372 1630 invitabant.
2417 1575 2630 1632 Verum
2689 1577 3038 1634 Althasmeni
3089 1595 3220 1634 cum
3270 1578 3493 1634 neutris
3551 1592 3680 1634 sese

2026 1665 2383 1736 conjungere
2414 1665 2652 1736 placuit,
2685 1665 3008 1738 maluitque
3038 1683 3106 1723 ex
3137 1666 3357 1724 oraculi
3400 1682 3679 1739 responso

269 1758 522 1832 Κρήτην,
571 1753 764 1811 Ἠλίου
813 1751 871 1811 δὲ
906 1732 1117 1813 Ῥόδον.
1167 1732 1530 1834 ’Ᾰναγόμενος
1572 1756 1664 1812 οὖν
1711 1757 1770 1813 ἐκ
1817 1732 1920 1814 ile-

2036 1732 2184 1825 quod
2210 1732 2530 1824 acceperat,
2550 1757 2620 1810 ad
2641 1756 2835 1811 Jovem
2859 1732 3134 1813 et-Solem
3169 1732 3684 1829 proficiat-atque

267 1844 627 1915 λοποννήσου
676 1845 966 1919 προσίσχει
1010 1844 1146 1921 πρὸς
1193 1846 1293 1915 τήν
1343 1848 1584 1921 Κρήτην,
1616 1846 1705 1901 καὶ
1757 1849 1919 1922 μέρος

265 1937 365 1989 τοῦ
391 1932 538 1988 λαοῦ
564 1932 696 1995 τοὺς
731 1933 1109 2010 βουλομένους
1140 1934 1330 1991 αὐτόθι
1360 1934 1527 1992 οἰκεῖν
1554 1936 1870 1992 καταλείπει
1902 1957 1915 1970 ·

267 2024 433 2085 αὐτὸς
465 2019 526 2078 δὲ
554 2021 682 2086 τοὺς
709 2022 936 2086 πλείους
967 2018 1112 2099 ἔχων
1137 2026 1379 2100 Δωρικὸν
1408 2019 1562 2081 ἔπλει
1593 2023 1680 2080 ἐπὶ
1711 2024 1916 2080 Ῥόδον.

270 2113 389 2180 Τὴν
423 2109 483 2167 δὶ
531 2107 717 2168 Ῥόδον
763 2111 826 2166 τὸ
878 2113 972 2184 μὶν
1019 2113 1251 2187 ἆρχαῖον
1302 2111 1437 2177 λαὸς
1483 2114 1768 2188 αὐτόχθων
1817 2112 1923 2169 ἐνέ-

277 2220 469 2274 μοντο,
522 2199 598 2253 ὧν
640 2199 783 2274 ἦρχε
825 2200 889 2254 τὸ
934 2196 1208 2255 Ἡλιαδῶν
1238 2201 1260 2237 ⁸
1305 2200 1483 2276 γένος,
1533 2201 1626 2264 οὓς
1675 2203 1925 2268 Φοίνικες

271 2290 576 2361 ἀνέστησαν
618 2291 710 2344 καὶ
745 2291 845 2360 τήν
885 2294 1048 2357 νῆσον
1087 2285 1252 2370 ἔσχον
1280 2309 1293 2323 ⁶
1331 2295 1455 2363 [456
1507 2295 1596 2365 R.]
1651 2292 1923 2348 Φοινίκων

270 2377 324 2434 δ’
352 2378 695 2434 ἐκπεσόντων
748 2381 921 2454 Κᾶρες
971 2375 1158 2455 ἔσχον,
1193 2379 1283 2436 ὅτε
1337 2381 1552 2445 καὶτὰς
1600 2380 1774 2444 ἄλλας
1821 2384 1928 2454 νή-

266 2488 405 2528 σους
433 2467 531 2530 τὰς
569 2466 694 2540 περὶ
724 2467 787 2522 τὸ
835 2466 1056 2542 Αἰγαῖον
1088 2470 1111 2506 δ
1139 2463 1381 2540 ᾤκησαν.
1411 2472 1508 2532 Οἷς
1565 2469 1923 2526 ἐπιπλεύσανυ

266 2578 361 2621 τες
393 2558 450 2612 οἱ
494 2562 746 2631 Δωριεῖς,
781 2557 1018 2631 πολέμῳ
1046 2558 1108 2613 τὸ
1142 2561 1377 2634 Καρικὸν
1409 2562 1924 2636 καταστρεψάμενοι,

275 2651 428 2721 τρεῖς
475 2645 672 2708 πόλεις
721 2641 957 2715 ἔκτισαν,
1013 2646 1226 2717 Λίνδον,
1278 2649 1526 2720 Ἰήλυσον
1576 2651 1665 2706 καὶ
1725 2652 1926 2724 Κάμει-

282 2756 374 2812 ρον
409 2740 455 2791 ⁵.
505 2737 570 2791 Ol
623 2737 717 2808 μὶν
775 2733 866 2791 οὖν
915 2742 1141 2812 Δωριεῖς
1179 2737 1284 2793 ἀπὸ
1326 2735 1718 2814 Ἀλθαιμένους
1769 2741 1931 2815 ἀρξά-

277 2847 439 2900 μενοι
487 2825 656 2900 μέχρι
703 2825 798 2880 καὶ
849 2822 1006 2900 δεῦρο
1035 2822 1469 2899 καταϐεϐήκασιν
1521 2848 1534 2862 ·
1578 2831 1633 2884 αἱ
1681 2826 1738 2884 δὲ
1783 2834 1929 2904 τρεῖς

269 2915 472 2977 πόλεις
539 2913 620 2978 είς
682 2913 806 2989 μίαν
887 2914 1306 2972 ἆποκλεισθεῖσα
1366 2917 1614 2994 μεγάλην
1681 2919 1771 2974 καὶ
1843 2919 1930 2974 εὖ·

2029 1842 2219 1899 abhis
2249 1843 2554 1898 habitandi
2603 1843 2794 1900 locum
2851 1847 3165 1916 postulare.
3198 1846 3426 1903 Cretam
3479 1851 3674 1901 autem

2028 1947 2157 1988 esse
2205 1931 2388 1998 Jovis,
2421 1932 2573 1989 Solis
2622 1933 2917 1992 Rhodum.
2958 1936 3202 1992 Evectus
3245 1935 3424 2008 igitur
3454 1952 3484 1991 e
3512 1934 3683 1991 Pelo-

2031 2038 2309 2096 ponneso,
2332 2022 2391 2078 in
2413 2025 2640 2080 Cretam
2666 2026 2917 2098 appulit,
2941 2025 3259 2099 populique
3284 2031 3532 2097 partem,
3555 2041 3683 2096 quae

2033 2111 2282 2168 residere
2323 2112 2404 2168 ibi
2453 2113 2643 2185 vellet,
2678 2114 2933 2186 reliquit.
2967 2115 3096 2186 Ipse
3144 2116 3428 2187 plurimos
3477 2129 3678 2170 secum

2033 2199 2256 2256 habens
2307 2202 2612 2259 Dorienses
2652 2204 2710 2259 in
2753 2203 3018 2260 Rhodum
3068 2204 3478 2278 adnavigavit:
3511 2217 3687 2276 quam

2035 2290 2266 2362 quidem
2300 2290 2555 2347 insulam
2590 2293 2916 2364 antiquitus
2959 2293 3160 2349 incolae
3188 2294 3411 2348 ibidem
3444 2292 3566 2348 nati
3597 2295 3682 2348 te-

2037 2385 2302 2448 nuerant,
2329 2381 2576 2438 Iliadum
2607 2383 2753 2454 ipsis
2773 2391 2940 2454 gente
2963 2385 3294 2455 praeposita,
3317 2399 3464 2455 quos
3487 2391 3682 2438 tamen

2037 2469 2342 2527 Phoenices
2383 2479 2514 2542 post
2560 2477 2901 2539 everterant,
2935 2477 2992 2528 et
3020 2472 3274 2528 insulam
3308 2476 3682 2542 occuparant,

2039 2558 2408 2615 Phcenicibus
2461 2577 2692 2632 quoque
2742 2561 3056 2633 aliquando
3098 2559 3318 2633 ejectis,
3352 2563 3522 2614 Cares
3554 2573 3689 2614 suc-

2039 2653 2369 2702 cesserant:
2416 2663 2536 2719 qua
2581 2654 2930 2720 tempestate
2977 2654 3034 2704 et
3076 2649 3222 2703 alias
3277 2647 3461 2703 maris
3517 2645 3690 2718 ΛΞδωί

2041 2735 2266 2792 insulas
2325 2735 2715 2793 incoluerunt.
2776 2738 2862 2792 Ad
2922 2737 3028 2792 hos
3085 2752 3220 2809 ergo
3274 2735 3690 2808 adnavigantes

2040 2826 2370 2895 Dorienses,
2401 2827 2579 2883 armis
2609 2827 2780 2884 Cares
2830 2827 3197 2900 pepulerunt,
3231 2834 3466 2899 tresque
3516 2824 3691 2881 urbes

2043 2918 2447 2986 condiderunt,
2483 2917 2758 2984 Lindum,
2791 2917 3044 2989 Ialysum
3076 2922 3133 2972 et
3161 2917 3476 2972 Camirum.
3513 2913 3698 2988 Igitur

274 3002 547 3080 δαίμονα,
599 3003 792 3062 ταύτδν
835 3001 1010 3080 ὄνομα
1049 3009 1116 3080 τῇ
1166 3009 1316 3081 νήσῳ
1346 3006 1534 3064 Ῥόδον
1586 3005 1775 3064 ἔδοσαν
1832 3029 1923 3064 κα-

2047 3007 2373 3076 Dorienses,
2405 3009 2581 3064 ducta
2624 3008 2696 3064 ab
2738 3008 3096 3063 Altbmmene
3141 3005 3389 3079 origine,
3420 3006 3494 3061 ad
3543 3004 3694 3060 hanc

280 3093 518 3152 λεῖσθαι.

358 3367 423 3419 Ἠ
468 3363 658 3436 μη’τὰ
723 3362 848 3438 περὶ
889 3363 1106 3436 Ῥώμου
1144 3363 1234 3419 καὶ
1291 3361 1587 3437 Ῥωμύλου
1645 3361 1941 3439 διηγεῖται,

283 3451 756 3528 παραλλάσσουσα
793 3453 932 3528 πρὸς
979 3452 1111 3515 τοὺς
1161 3453 1366 3516 ἄλλους
1404 3449 1459 3508 ἕν
1505 3475 1636 3510 τισι.
1683 3455 1848 3528 Φησὶ(
1887 3451 1942 3509 δὲ

280 3541 362 3600 ὡς
417 3541 696 3616 Ἀμόλιος
755 3539 1148 3606 ἐπιϐουλεύσας
1190 3541 1471 3620 Νεμέτορα
1499 3545 1521 3580 ⁵
1569 3545 1663 3598 τὸν
1709 3541 1944 3621 ἀδελφὸν

279 3631 506 3696 κτείνει,
565 3632 656 3684 καὶ
711 3632 812 3699 τὴν
885 3633 1051 3688 αὐτοῦ
1108 3633 1370 3708 θυγατέρα
1442 3631 1632 3701 Ἰλίαν,
1693 3630 1786 3688 ’ἱνα
1863 3635 1938 3708 μή

279 3719 439 3772 τέκοι
475 3715 608 3791 μηδ’
657 3715 989 3794 ἀνδρωθείη,
1027 3727 1125 3790 τῆς
1182 3720 1394 3784 Ἑστίας
1439 3720 1633 3796 ἱέρειαν
1681 3722 1936 3801 ἀπέφηνε.

283 3808 480 3880 Ταύτῃ
545 3807 766 3882 μιχθεὶς
817 3810 1011 3883 Ἄρης,
1069 3808 1456 3882 ἀπολυόμενος
1511 3817 1612 3882 τῆς
1666 3812 1791 3886 [236
1849 3813 1941 3884 11.]

288 3893 546 3968 ὁμιλίας,
589 3895 737 3957 ὅστις
776 3917 833 3952 τε
878 3897 944 3967 ἧν
991 3894 1260 3970 ἐδήλωσε,
1302 3899 1394 3955 καὶ
1451 3899 1534 3956 ὅτι
1592 3897 1688 3954 δύο
1745 3901 1941 3970 κόρους

285 3983 498 4046 τέξεται
555 3983 608 4058 ἐξ
666 3984 831 4040 αὐτοῦ
866 3986 959 4042 καὶ
1017 3989 1130 4063 χρὴ
1192 3988 1428 4066 θαρῥεῖν.
1457 3986 1631 4045 Ἀλλά
1683 3993 1940 4046 τεκοῦσαν

279 4074 462 4143 αὐτὴν
500 4074 598 4147 μὶν
631 4074 896 4147 ’Δμόλιος
936 4075 1013 4139 εἷς
1053 4074 1432 4154 δεσμωτήριον
1484 4073 1679 4154 ἔτρυχε
1735 4079 1942 4154 βαλὼν,

279 4164 394 4218 τινὶ
437 4160 500 4218 δέ
527 4164 752 4238 ποιμένι
797 4169 904 4221 τῶν
941 4165 1090 4239 αὐτῷ
1121 4173 1326 4225 πιστῶν
1373 4169 1440 4224 τὰ
1481 4170 1738 4245 τεχθέντα
1765 4171 1786 4206 ⁸
1818 4166 1938 4226 δια-

2050 3113 2235 3170 usque
2277 3101 2500 3153 aetatem
2551 3099 2997 3154 descenderunt.
3030 3097 3163 3152 Tria
3191 3111 3325 3151 vero
3354 3094 3457 3150 illa
3485 3092 3696 3166 oppida

2045 3189 2103 3244 in
2127 3205 2305 3244 unam
2339 3203 2639 3260 magnam,
2661 3189 2990 3259 opibusque
3012 3192 3308 3260 potentem
3332 3186 3538 3241 urbem
3561 3199 3690 3240 coa-

2045 3277 2302 3345 luerunt,
2334 3277 2427 3333 cui
2459 3282 2517 3333 et
2545 3277 2753 3333 insula
2783 3277 2968 3333 Rhodi
3001 3292 3212 3332 nomen
3245 3276 3602 3331 indiderunt.

2116 3365 2570 3439 Quadragesima
2615 3371 2817 3422 octava
2859 3366 2930 3422 de
2971 3365 3152 3421 Romo
3194 3364 3308 3437 (70)
3342 3369 3400 3420 et
3448 3360 3696 3419 Romulo

2046 3461 2262 3522 narrat,
2304 3456 2573 3512 nonnihil
2604 3473 2638 3512 a
2670 3456 2912 3527 reliquis
2961 3456 3207 3511 diversa.
3257 3453 3548 3518 Amulius,
3601 3451 3696 3507 in-

2047 3548 2195 3619 quit,
2245 3545 2527 3601 Numitori
2586 3544 2750 3600 l'ratri
2808 3560 3006 3600 necem
3057 3558 3124 3599 ex
3177 3543 3414 3598 insidiis
3474 3539 3697 3610 intulit,

2047 3637 2347 3707 ﬁliamque
2394 3636 2520 3705 ejus
2570 3633 2754 3701 Iliam,
2788 3649 2862 3690 ne
2912 3637 3160 3705 pareret,
3193 3647 3336 3687 neve
3388 3646 3523 3685 cum
3575 3629 3697 3683 viro

2046 3733 2467 3794 consuesceret,
2500 3722 2680 3780 Vestis
2728 3727 3085 3778 sacerdotem
3138 3721 3292 3778 fecit.
3323 3720 3455 3776 Hac
3505 3727 3697 3774 tamen

2044 3833 2076 3872 a
2107 3816 2289 3871 Marte
2340 3829 2677 3884 compressa
2725 3820 2830 3880 est,
2874 3811 2969 3881 qui
3020 3814 3151 3883 post
3193 3824 3598 3876 congressum,
3643 3809 3701 3862 et

2045 3905 2177 3977 quis
2229 3907 2381 3959 esset
2429 3901 2766 3969 declaravit,
2797 3911 2848 3955 et
2881 3901 3142 3972 geminos
3199 3897 3519 3970 parituram
3553 3911 3700 3966 prae-

2045 3993 2210 4058 dixit,
2247 3995 2396 4046 bono
2427 4005 2555 4046 eam
2585 3988 2783 4044 animo
2814 4004 2942 4043 esse
2985 3988 3222 4059 jubens.
3255 3985 3471 4042 Verum
3528 3988 3699 4056 partu

2043 4082 2352 4138 liberatam
2377 4078 2648 4136 Amulius
2672 4084 2917 4150 patruus
2937 4078 2995 4133 in
3018 4075 3248 4132 vincula
3274 4075 3515 4132 missam
3540 4088 3698 4130 com-

2047 4175 2206 4246 pegit
2233 4186 2248 4226 :
2274 4173 2452 4226 fetum
2483 4176 2679 4225 autem
2710 4169 2826 4224 fido
2859 4167 3089 4223 cuidam
3125 4165 3338 4239 pastori
3366 4164 3698 4222 necandum

277 4254 499 4330 φθεῖραι
534 4250 778 4311 δίδωσιν.
829 4255 890 4314 Ὀ
935 4253 992 4311 δὲ
1025 4255 1207 4313 λαϐὼν
1254 4257 1317 4314 τὸ
1351 4259 1444 4331 μὶν
1499 4257 1708 4331 μίασμα
1748 4260 1923 4334 χερσὶι

2046 4259 2308 4317 tradidit.
2332 4259 2514 4323 Quem
2545 4262 2606 4312 ut
2627 4257 2868 4329 accepit,
2893 4261 3121 4328 patrare
3150 4254 3246 4311 ille
3276 4254 3402 4311 suis
3424 4251 3700 4309 manibus

279 4341 456 4406 ἰδίαις
514 4345 713 4417 πρᾶξαι
771 4343 833 4400 ού
881 4345 1164 4420 προσίετο,
1225 4346 1301 4410 εἷς
1362 4347 1571 4424 σκάφην
1623 4345 1679 4403 δὲ
1739 4351 1923 4420 μεθῆκε

2048 4349 2243 4406 scelus
2275 4347 2483 4412 noluit,
2515 4347 2614 4402 sed
2664 4346 2825 4402 alveo
2874 4361 2976 4418 per
3018 4345 3276 4400 Tiberim
3307 4340 3702 4416 deportandos

269 4434 422 4488 κατὰ
458 4436 563 4488 τοῦ
593 4429 848 4510 Θύὸρεως
883 4437 904 4472 ⁷
926 4397 1208 4512 ῐρέρεσθοίι.
1257 4436 1400 4507 Αὕτη
1445 4409 1500 4492 δέ
1529 4397 1678 4511 ,μετᾶ
1725 4397 1923 4509 ἕολλήε

2049 4397 2570 4508 ἷιῖιᾷὂέυἷζίἶίὸ
2584 4397 2820 4491 Isim;
2848 4397 3053 4489 arui—em—
3070 4397 3707 4504 postﬁmult‘amjacta-

269 4524 459 4599 ςνορᾶν
492 4521 619 4598 περὶ
676 4519 1028 4599 προύχουσαν
1075 4523 1210 4600 ᾐόνα
1266 4527 1582 4601 κατίσγεται
1614 4526 1786 4600 ῥίζαις
1846 4526 1923 4598 ἒρι

2059 4526 2274 4584 tionem
2306 4525 2540 4581 tandem
2574 4524 2727 4580 circa
2771 4522 3196 4595 prominentem
3229 4519 3415 4592 ripam
3447 4517 3701 4591 capriﬁci

261 4616 422 4681 ναοῦ,
457 4611 519 4674 ὃς
557 4609 726 4687 μέγας
754 4611 926 4669 έκεῖσε
955 4613 1210 4693 ἐπεφύκει
1238 4615 1285 4673 ⁸.
1320 4616 1420 4674 Καὶ
1454 4618 1488 4686 ἡ
1533 4618 1709 4695 σκάφη
1744 4616 1923 4674 ἐκεῖθεε

2055 4617 2384 4688 cujusdam,
2435 4630 2559 4687 qua:
2607 4613 2816 4685 ingens
2868 4611 2950 4667 ibi
3008 4613 3356 4679 excreverat,
3405 4608 3702 4664 radicibus

255 4703 343 4756 τὰ
372 4697 573 4756 παιδία
621 4703 759 4776 πρὸς
788 4703 890 4772 τήν
936 4703 1074 4777 ᾐόνα
1104 4699 1365 4760 ἐκϐάλλει
1415 4703 1502 4760 ἐπὶ
1547 4703 1801 4781 μαλακῆς
1850 4727 1916 4761 κα

2052 4705 2304 4776 ἱιιὶιωεὶι,
2337 4709 2513 4776 atque
2543 4703 2680 4759 inde
2711 4717 2921 4774 pueros
2950 4700 3008 4756 in
3053 4701 3260 4772 ripam,
3295 4697 3456 4754 molli
3487 4703 3544 4752 et
3575 4709 3704 4752 are-

260 4788 638 4866 ψαμμώδους
668 4799 795 4871 γῆς.
829 4792 1010 4858 Λύκος
1043 4790 1102 4850 δὲ
1131 4794 1382 4858 νεοτόκος
1429 4793 1783 4872 ἐπιτυγχάνει
1823 4801 1923 4852 τοῖς

2047 4811 2192 4852 noso
2237 4794 2383 4864 solo,
2432 4792 2624 4866 ejecit.
2659 4791 2739 4847 Ibi
2775 4790 2934 4863 lupa,
2969 4806 3094 4862 qua
3128 4803 3329 4845 recens
3379 4788 3700 4860 pepererat,

1635 4925 1878 4982 VARIIE
1928 4922 2228 4980 LECTION
2239 4923 2338 4978 ES.

348 5032 398 5067 ⁸⁸
426 5029 589 5102 Tati

589 5052 683 5087 νου
750 5035 1038 5091 Kannius.
1133 5036 1178 5071 ”
1216 5033 1417 5106 Νηλὲῳ
1575 5033 1778 5088 ίέκάτε
1818 5053 1869 5087 οι
1928 5031 2020 5087 οὖν
2054 5037 2144 5086 A:
2194 5028 2285 5084 καὶ
2343 5027 2587 5103 ἑκάτεροι
2805 5029 2827 5062 ³
2873 5020 3148 5082 Ἡλιαδῶν
3207 5023 3484 5080 Jackson.
3544 5020 3700 5091 apud

607 5121 621 5159 :
683 5104 819 5160 libri
874 5102 1151 5160 Ἰλιάδων.
1228 5104 1468 5160 ³αἶ¹γεον
1525 5112 1588 5160 Δ.
1663 5105 1689 5142 ⁴
1729 5051 1959 5160 ίῆςυσαν
2017 5102 2105 5156 καὶ
2165 5099 2361 5160 ἄμιρον
2421 5107 2484 5155 Α.
2559 5097 2933 5160 δΝουμέτορα
2970 5095 3053 5160 ,ς’
3091 5093 3206 5149 ⁸τὰ
3257 5093 3516 5160 τεγθέντα
3565 5092 3696 5148 add.

253 5092 819 5180 Knnnilim_:_l_ib5i
874 5102 1151 5180 ’llté'o‘wv.
1228 5092 1588 5180 3aiyéov:A.
1663 5105 1689 5142 ⁴
1729 5092 1959 5175 ίήλυσαν
2017 5102 2105 5156 καὶ
2165 5099 2361 5175 ἄμιρον
2421 5092 2512 5155 Α.’
2559 5092 2933 5171 δΝὸυμέτορα
3091 5093 3206 5149 ⁸τὰ
3257 5093 3516 5169 τεχθέντα
3565 5092 3696 5148 add.

250 5190 405 5245 mg.
442 5180 511 5229 Δ.
585 5173 609 5209 ⁷
640 5170 932 5252 Θύμϐρεως
1128 5179 1149 5214 ⁸
1178 5170 1405 5258 πεφύκει

1891 5291 2099 5349 NOTAE

358 5399 480 5478 (69)
521 5398 790 5478 Meminit
830 5402 1330 5478 _Ste_ph.AByzant.
1376 5418 1514 5460 voce
1567 5399 1859 5478 κρητηνία,
1893 5403 1950 5457 et

243 5471 517 5536 Strabo,
549 5471 652 5528 lib.
679 5489 795 5541 xxv,
827 5473 885 5529 in
921 5471 1123 5532 Rhodo.

355 5542 476 5616 (61)
509 5547 583 5599 De
615 5560 731 5616 quo
763 5547 950 5602 multa
982 5551 1240 5604 Pausan.

359 5613 489 5684 (68)
512 5613 657 5673 Vide
683 5616 892 5674 IElian.
927 5618 1030 5675 lib.
1055 5635 1182 5690 vm,
1213 5635 1342 5692 cap.
1372 5619 1428 5688 5,
1467 5620 1596 5679 Var.
1627 5618 1774 5676 Hist.

619 5715 890 5780 Ρηιιοῐ..
935 5719 1049 5782 Gn.
1096 5717 1249 5781 Clll.
3307 5710 3382 5771 19

2129 5396 2241 5470 (69)
2270 5395 2416 5470 Vide
2447 5411 2610 5463 supr.
2646 5397 2862 5470 narrat.
2893 5394 2984 5451 36.

2123 5461 2237 5543 (70)
2261 5469 2354 5524 Sic
2385 5461 2620 5543 quoque
2651 5465 2947 5543 Appianus
2977 5481 3140 5537 supr.
3163 5463 3289 5521 cod.
3311 5462 3381 5518 57
3415 5461 3570 5519 hunc
3600 5477 3708 5518 no-

2056 5536 2266 5608 minat,
2299 5536 2466 5613 quem
2496 5536 2679 5594 Latini
2713 5536 2980 5595 Remum.
