4142 6214
436 278 558 340 587

1636 271 1897 334 PHOTII
1943 270 2470 332 PATRIARCHIE
2513 271 2630 331 CP.

3719 278 3830 337 588

439 412 499 468 in
530 410 807 485 puerulos
838 408 984 467 forte
1029 406 1252 472 incidit,
1282 414 1336 462 et
1365 406 1814 478 circumgressa,
1842 406 2078 477 vagien-

2192 400 2455 473 παιδίοις,
2487 424 2576 458 και
2634 398 2916 483 ἀμφιϐἄσα
2965 405 3533 480 κλαυθμυριζομένοις
3578 406 3669 461 καὶ
3713 412 3835 482 χεῖ-

441 502 616 569 tibus,
642 514 970 569 manusque
989 495 1359 553 tendentibus
1394 510 1678 550 mammas
1711 495 1980 565 praebuit.
2005 493 2088 550 lta

438 588 523 644 illi
573 589 882 645 alebantur
928 588 1052 642 solo
1097 601 1203 640 suo
1251 600 1386 640 casu
1433 584 1839 655 indignantem
1885 582 2085 655 lupam

440 682 895 750 compescentes.
943 675 1059 732 Hoc
1091 674 1189 730 ubi
1223 673 1365 728 vidit
1392 672 1714 729 Faustulus
1746 677 1964 744 pastor,
1999 672 2085 727 di-

437 768 639 823 vinum
694 767 831 838 quid
863 765 1038 821 latere
1071 768 1251 830 ratus,
1286 778 1496 834 pueros
1536 762 1708 829 tollit,
1740 767 1797 817 et
1830 779 1929 833 pro
1961 761 2086 818 suis

437 858 660 913 educat.
687 856 878 925 Longo
912 862 1036 926 post
1060 857 1319 923 tempore
1342 852 1397 907 in
1430 867 1563 908 eum
1596 852 1743 907 forte
1771 850 2085 907 Faustulus

436 953 727 1018 pastorem
777 943 1003 1011 incidit,
1039 946 1140 1015 qui
1183 946 1551 1015 exposuerat,
1585 957 1762 1012 reque
1808 940 1963 998 omni
2013 941 2085 996 de

434 1034 631 1107 pueris
663 1034 914 1106 cognita,
949 1036 1145 1090 narrat
1166 1032 1292 1103 jam
1333 1030 1575 1099 adultis,
1608 1031 1766 1103 regio
1798 1029 1929 1086 illos
1955 1045 2083 1086 esse

435 1128 747 1180 stemmate
778 1130 964 1191 natos,
998 1120 1319 1192 Martisque
1350 1120 1630 1185 sobolem,
1664 1135 1905 1191 qumque
1945 1134 2081 1175 cum

434 1212 630 1278 matri,
664 1218 785 1266 tum
816 1225 919 1266 avo
962 1215 1224 1265 materno
1274 1208 1626 1264 acciderant.
1659 1208 1837 1264 Erant
1882 1212 2079 1263 autem

433 1299 664 1372 egregia
702 1300 907 1367 forma,
940 1303 995 1353 et
1026 1298 1281 1369 corporis
1332 1296 1536 1353 robore
1578 1295 1799 1364 invicti,
1832 1295 2081 1367 insigni-

434 1396 605 1461 taque
634 1388 899 1445 audacia.
931 1386 1233 1458 Extemplo
1264 1385 1443 1458 igitur
1482 1386 1768 1458 pugiones
1816 1390 2079 1457 arreptos

432 1478 685 1535 vestibus
740 1481 966 1550 tegunt,
1014 1474 1341 1548 Albamque
1399 1475 1702 1531 accedunt.
1767 1476 1867 1529 llic
1922 1475 2078 1546 quod

434 1568 898 1639 inexspectatum
948 1570 1104 1620 esset
1149 1581 1352 1619 eorum
1402 1565 1747 1636 incmptum,
1779 1562 2079 1619 Amulium

433 1657 559 1713 sine
589 1654 848 1727 corporis
878 1654 1221 1711 custodibus
1252 1654 1569 1726 reperiunt,
1606 1670 1923 1725 pcenasque
1962 1652 2077 1707 exi-

2195 511 2292 563 ρας
2350 492 2602 566 ὀρέγουσι
2657 498 2894 573 παρεῖχε
2940 495 3037 557 τὰς
3092 494 3264 565 θηλάς
3296 512 3309 527 ⁸
3369 492 3437 548 τὰ
3483 489 3533 548 δ’
3584 493 3835 567 ἑτρέφετο

2199 580 2569 656 βαρυνομένην
2618 581 2957 639 ἀναπαύοντα
3003 583 3063 639 lx
3098 590 3196 651 τῆς
3256 586 3548 661 συντυχίας
3594 584 3694 652 τὴν
3740 583 3834 639 λύ·

2195 690 2307 727 κον.
2343 670 2658 734 Φαιστύλος
2708 668 2765 727 δὲ
2804 693 2888 734 τις
2944 669 3261 745 ποιμαίνων
3295 675 3316 709 ³
3367 677 3528 728 τοῦτο
3569 669 3699 728 ἰδὼν
3755 695 3828 729 κα

2194 761 2335 815 θεῖον
2394 759 2647 833 νομίσας,
2680 756 3115 833 ἀναλαμϐάνεται
3148 762 3238 817 καὶ
3295 762 3368 823 ὡς
3401 763 3593 817 ἑαυτοῦ
3649 760 3832 837 τρέφει

2191 848 2261 903 τὰ
2313 845 2523 906 παιδία.
2558 854 2723 925 Χριῳ
2777 847 2821 904 δ’
2854 850 3074 925 ὕστερον
3123 852 3515 928 περιτυγχάνει
3552 856 3632 923 τῷ
3686 850 3829 908 ἐκθε-

2196 936 2343 1012 μένῳ
2398 938 2639 1011 ποιμένι,
2696 940 2787 994 καὶ
2845 941 3051 997 ἅπαντα
3108 942 3235 1015 παρ’
3290 940 3455 996 αὐτοῦ
3524 941 3711 1013 μαθὼν
3765 942 3834 996 τὰ

2190 1029 2311 1103 περὶ
2346 1033 2454 1084 τῶν
2504 1026 2733 1098 παίδων,
2768 1028 3108 1107 ἀπαγγέλλει
3150 1030 3363 1092 τούτοις
3410 1026 3676 1101 ἡϐήσασιν
3718 1028 3828 1102 ἤδη

2190 1119 2263 1180 ὡς
2321 1118 2505 1189 εἴησαν
2558 1118 2837 1194 βασιλείου
2892 1140 2952 1176 τε
2999 1120 3183 1194 γένους
3241 1121 3331 1177 καὶ
3386 1122 3590 1196 ’Δρεως
3647 1122 3830 1195 γοναὶ,

2189 1210 2276 1263 καὶ
2317 1210 2478 1278 δσαὴ
2538 1211 2722 1282 μήτηρ
2771 1212 2861 1265 καὶ
2920 1210 2949 1265 ὁ
3005 1211 3377 1283 μητροπάτωρ
3436 1212 3618 1267 πάθοι.
3651 1212 3719 1268 Οἱ
3775 1209 3832 1267 δὲ

2188 1293 2381 1367 (ἤστην
2414 1296 2517 1371 γάρ
2549 1297 2594 1333 ¹⁰
2640 1294 2802 1351 καλοί
2849 1317 2908 1353 τε
2942 1294 3063 1371 ὄψει
3093 1296 3185 1353 καὶ
3237 1296 3429 1373 ῥώμην
3476 1296 3689 1377 ἄμαχοι
3742 1301 3829 1353 καὶ

2186 1385 2370 1460 τόλμῃ
2426 1388 2686 1462 γενναῖοι)
2742 1385 2932 1442 αὐτίκα
2989 1384 3291 1461 ἐγχειρίδια
3346 1382 3749 1462 ἀναλαϐόμενοι
3791 1390 3835 1426 ιι

2186 1475 2275 1529 καὶ
2306 1475 2603 1549 κρύψαντες
2658 1474 2746 1531 ἐπὶ
2800 1476 2897 1543 τήν
2930 1471 3141 1534 ’Δλῦαν
3191 1476 3460 1551 ἐχώρουν,
3495 1478 3584 1532 καὶ
3643 1475 3833 1532 ἐπιτυ-

2192 1563 2384 1641 χόντες
2414 1565 2669 1637 Ἀμολίῳ
2700 1567 2744 1602 ¹²
2774 1562 2865 1620 διά
2909 1566 2971 1620 τὸ
3000 1563 3414 1640 ἀπροσδόκητον
3452 1573 3551 1636 τῆς
3605 1561 3833 1622 επιϐου-

2192 1650 2296 1720 λῆς
2355 1650 2649 1729 ἀφυλάκτῳ
2706 1651 2967 1730 ἐπάγουσι
2996 1654 3094 1722 τήν
3149 1654 3440 1727 τιμωρίαν,
3482 1653 3684 1730 ξίφεσιν
3744 1654 3837 1708 ἀν-

432 1751 630 1817 gentes
663 1747 810 1801 ferro
841 1744 1204 1809 confodiunt,
1227 1748 1283 1799 et
1308 1748 1551 1798 matrem
1584 1759 1615 1798 e
1645 1742 1913 1798 custodia
1942 1746 2078 1796 edu-

2190 1738 2430 1812 ελόντες,
2461 1743 2549 1796 καὶ
2605 1742 2705 1811 τήν
2747 1742 2955 1817 μητέρα
3002 1742 3194 1797 λύουσι
3231 1747 3340 1798 τῶν
3397 1740 3629 1814 δεσμῶν,
3657 1743 3720 1798 τό
3776 1764 3836 1798 τε

432 1845 592 1893 cunt.
620 1838 787 1893 Plebs
805 1854 1033 1908 quoque
1050 1838 1503 1907 dextrasjungit,
1522 1840 1886 1907 regnantque
1900 1834 2079 1901 Albaa,

437 1933 493 1981 et
516 1927 781 1983 ﬁnitimis
802 1926 862 1981 in
886 1924 1049 1981 locis.
1073 1925 1300 1996 Ingenti
1325 1925 1534 1980 deinde
1557 1925 1862 1979 hominum
1886 1923 2082 1979 multi-

439 2016 640 2073 tudine
672 2018 743 2083 ad
774 2033 874 2072 eos
906 2014 1253 2082 conﬂuente,
1286 2012 1483 2069 relicta
1533 2015 1694 2080 Alba,
1728 2014 1929 2070 urbem
1975 2030 2081 2069 no-

439 2124 568 2163 vam
601 2107 911 2163 mdiﬁcant.
939 2105 1302 2175 Romamque
1324 2104 1643 2177 appellant,
1668 2121 1795 2175 quae
1818 2120 1998 2171 nunc,
2022 2110 2081 2158 ut

441 2197 525 2253 sic
562 2196 775 2262 dicam,
808 2195 1145 2251 mortalium
1196 2199 1354 2250 tenet
1394 2193 1727 2264 imperium.
1765 2193 1829 2248 In
1878 2208 2079 2248 eorum

439 2301 633 2358 porro,
665 2301 790 2356 qua:
838 2289 979 2340 tunc
1026 2284 1384 2348 acciderunt,
1424 2282 1599 2337 ﬁdem
1649 2282 1974 2338 ostenditur
2019 2281 2079 2337 in

439 2375 700 2430 Romano
753 2374 875 2429 foro
922 2390 1089 2429 sacra
1136 2372 1467 2442 caprificus,
1502 2372 1675 2428 ansis
1722 2374 1896 2427 curiae
1945 2387 2079 2427 cano

438 2465 600 2521 cellis
648 2466 1029 2521 circumdata.
1063 2463 1386 2535 Tugurium
1418 2465 1555 2520 item
1587 2464 1645 2518 in
1676 2462 1834 2519 Jovis
1864 2461 2079 2533 templo

432 2556 869 2626 (argumentum
903 2553 1059 2609 illius
1078 2553 1307 2609 vivendi
1330 2553 1547 2619 formae,
1572 2569 1745 2624 quam
1771 2551 2079 2607 Faustulus

432 2643 639 2716 tenuit)
670 2659 701 2699 e
732 2642 1066 2715 quisquiliis
1097 2651 1151 2699 et
1175 2640 1566 2699 tenerioribus
1611 2640 1883 2713 virgultis
1918 2646 2079 2697 stru-

430 2738 612 2802 ctum,
645 2738 1011 2791 conservant.

501 2822 961 2895 Quadragesima
989 2837 1172 2879 nona:
1198 2823 1262 2877 In
1287 2822 1530 2895 Anaphe
1560 2822 1675 2894 (71)
1706 2819 1917 2889 insula,
1951 2836 2081 2892 qum

431 2928 611 2984 supra
642 2911 891 2967 Theram
914 2910 1063 2981 jacet
1099 2927 1215 2966 non
1247 2912 1449 2981 procul
1484 2911 1907 2978 Lacedaemone,
1940 2915 2083 2966 tem-

2191 1830 2403 1900 πλῆθος
2465 1829 2758 1902 δεξιοῦνται
2792 1834 2856 1898 ⁸⁸,
2906 1833 2995 1887 καὶ
3057 1831 3434 1907 βασιλεύουσιν
3477 1827 3685 1894 Ἀλεας
3740 1833 3834 1888 καὶ

2189 1926 2297 1977 τῶν
2331 1923 2450 1996 περὶ
2486 1922 2677 1992 αὐτήν.
2713 1922 2933 1978 Πολλοῦ
2965 1920 3020 1977 δὲ
3050 1922 3232 1985 αὐτοῖς
3281 1921 3754 1999 προσεῤῥυηκότος
3788 1925 3835 1963 ¹⁴

2189 2009 2436 2081 πλήθους
2496 2012 2846 2084 μεταστάντες
2904 2007 3109 2073 Ἄλϐας
3166 2012 3410 2081 κτίζουσι
3449 2009 3638 2082 πόλιν,
3691 2013 3834 2070 Ῥώ-

2193 2122 2300 2173 μην
2350 2099 2800 2173 ἐπονομάσαντες,
2838 2102 2871 2169 ἦ
2917 2098 3007 2156 νῦν
3061 2101 3137 2163 ὡς
3189 2101 3358 2156 εἰπεῖν
3414 2102 3477 2157 τὸ
3533 2101 3828 2175 ἀνθρώπων

2188 2186 2303 2265 ἔχει
2341 2190 2561 2264 κράτος.
2594 2190 2869 2246 Δείκνυται
2902 2188 2960 2245 δὲ
2993 2189 3257 2266 μαρτυρία
3287 2191 3334 2228 ¹⁵
3361 2195 3467 2246 τῶν
3515 2192 3634 2247 τότε
3680 2191 3827 2266 παρὰ

2186 2278 2485 2350 Ῥωμαίοις
2516 2277 2600 2332 ἐπὶ
2632 2282 2732 2344 τῆς
2780 2278 2981 2354 ἀγορᾶς
3012 2278 3217 2352 ἐρινεὸς
3252 2278 3393 2353 ἱερὰ,
3439 2282 3537 2335 τοῦ
3588 2276 3826 2353 βουλευ-

2184 2367 2378 2443 τηρίου
2408 2367 2652 2444 κιγκλίσι
2696 2367 2933 2443 χαλκαῖς
2984 2369 3423 2444 περιειργομένη,
3471 2370 3560 2424 καὶ
3610 2364 3825 2441 καλύόη

2184 2478 2267 2519 τις
2298 2457 2349 2513 έν
2404 2462 2485 2530 τῷ
2513 2463 2610 2513 τοῦ
2668 2459 2794 2522 Διὸς
2841 2460 2974 2533 ἱερῷ
3028 2458 3309 2534 γνώρισμα
3354 2464 3453 2528 τῆς
3513 2457 3827 2514 Φαιστύλου

2187 2544 2398 2618 διαίτης
2433 2550 2497 2616 ⁸⁸,
2544 2549 2604 2617 ἢν
2662 2547 2721 2603 ἐκ
2759 2552 3012 2625 φορυτῶν
3070 2548 3160 2603 καὶ
3209 2548 3337 2605 νέων
3393 2548 3673 2626 φρυγάνων
3714 2568 3832 2603 συν·-

2190 2640 2435 2701 ιστῶντες
2468 2635 2843 2707 διασώζουσιν.

2257 2821 2323 2877 Ἠ
2384 2822 2493 2894 μθ’,
2552 2821 2627 2885 ὡς
2684 2820 2735 2876 ἐν
2788 2819 2990 2895 Ἀνάφῃ
3044 2826 3114 2896 τῇ
3169 2821 3321 2894 νήσῴ
3369 2824 3528 2896 (αῦτη
3590 2818 3635 2877 δ’
3688 2820 3833 2878 ἰστὶν

2194 2909 2325 2984 ὑπὲρ
2381 2912 2548 2979 νήσου
2607 2910 2809 2983 Θήρας,
2867 2908 2974 2984 οὐχ
3040 2909 3163 2973 ἱκάς
3211 2917 3312 2979 τῆς
3366 2906 3833 2985 Λακεδαιμονίων)

432 3000 595 3072 plum
644 3004 767 3055 erat
816 2999 1065 3071 Apollini
1114 2998 1351 3069 Eglette
1399 3016 1629 3056 sacrum
1678 3000 1820 3069 (72),
1862 2999 1921 3055 in
1965 3016 2078 3072 quo

2192 3000 2334 3073 ἱερὸν
2408 2998 2761 3061 Ἀπόλλωνος
2835 2998 3101 3075 αἰγλήτου
3169 2998 3408 3074 ἵδρυται,
3492 3000 3545 3056 ἐν
3613 3001 3661 3074 ᾧ
3737 3003 3833 3057 σὺν

431 3089 845 3147 sacriﬁcabant
892 3088 1148 3144 insulani
1196 3104 1331 3143 cum
1382 3088 1673 3157 irrisione,
1705 3088 1808 3143 tali
1850 3088 1966 3145 fere
2009 3090 2078 3145 de

2189 3091 2466 3161 τωθασμῷ
2525 3088 2577 3143 οἱ
2617 3088 2911 3164 ἐπιχώριοι
2952 3088 3137 3144 Θύουσι
3190 3086 3259 3143 δι’
3317 3090 3492 3144 αἰτίαν
3524 3091 3782 3161 τοιαύτην
3814 3112 3828 3125 ⁸

429 3196 639 3235 causa:
670 3178 965 3245 Jasonem,
995 3194 1026 3235 θ
1065 3178 1336 3236 Colchide
1381 3184 1549 3251 rapta
1596 3178 1795 3235 Medea
1841 3178 2077 3236 domum

428 3267 795 3334 redeuntem,
818 3266 1010 3322 valida
1039 3269 1334 3338 Oppressit
1356 3272 1693 3340 tempestas,
1718 3283 1893 3339 reque
1915 3268 2076 3325 omni

429 3358 755 3428 desperata,
788 3356 977 3426 Argivi
1022 3354 1081 3409 in
1132 3355 1263 3409 navi
1294 3356 1363 3411 ad
1401 3372 1597 3427 preces
1637 3362 1886 3427 votaque
1933 3373 2076 3412 con-

428 3446 686 3516 fugiunt.
708 3442 915 3514 Apollo
938 3443 1115 3515 igitur
1142 3460 1344 3499 arcum
1375 3444 1520 3515 ipsis
1551 3446 1894 3512 obtendens,
1924 3446 2076 3503 mala

425 3535 623 3591 omnia
644 3535 866 3601 avertit,
892 3539 949 3588 et
971 3533 1200 3605 fulgure
1220 3549 1251 3590 e
1273 3535 1416 3590 calo
1437 3540 1799 3605 erumpente,
1822 3535 2073 3591 insulam

431 3625 627 3681 subito
659 3629 812 3679 terra
840 3639 911 3679 ex
939 3621 1058 3679 imo
1090 3623 1266 3679 maris
1297 3623 1523 3695 gurgite
1562 3624 1778 3692 emisit,
1812 3623 1869 3680 in
1898 3640 2073 3696 quam

428 3714 787 3779 desilientes,
811 3713 968 3784 quod
997 3712 1248 3782 primum
1280 3728 1410 3769 eam
1444 3712 1531 3769 sol
1562 3722 1700 3769 tunc
1734 3713 2077 3785 aspexisset,

426 3801 709 3875 Anaphen
730 3802 803 3857 ab
825 3808 1031 3858 eventu
1056 3801 1441 3872 nominarunt,
1466 3808 1523 3859 et
1545 3807 1826 3875 tanquam
1847 3819 2075 3859 sacram

429 3894 611 3949 eadem
642 3891 896 3963 Apollini
928 3890 1158 3961 Egletaa
1192 3896 1542 3959 statuerunt,
1567 3892 1891 3964 festumque
1921 3892 2076 3949 diem

432 3980 614 4037 hilare
642 3986 888 4053 egerunt
907 3998 1036 4035 cum
1064 3979 1272 4053 epulis,
1291 3996 1357 4037 eo
1381 3982 1537 4053 quod
1570 3981 1905 4037 incredibile
1933 3982 2077 4038 effu-

428 4073 652 4144 gissent
701 4072 943 4128 malum.
975 4076 1173 4128 Medea
1222 4073 1460 4128 interim
1506 4089 1641 4128 cum
1673 4072 1795 4129 suis
1828 4072 2078 4141 ancillis,

429 4178 577 4234 quas
640 4163 710 4218 ad
770 4166 1098 4218 contractas
1148 4162 1345 4217 l42a
1384 4177 1519 4217 cum
1566 4162 1782 4218 Jasone
1845 4166 2079 4234 nuptias

430 4248 581 4305 dono
612 4250 724 4319 (73)
757 4255 1080 4322 acceperat,
1105 4255 1234 4320 post
1256 4250 1371 4305 vini
1406 4260 1604 4322 potum
1637 4250 1869 4321 ludens,
1894 4267 2086 4308 scom.

429 4338 603 4393 matis
652 4338 860 4395 heroas
908 4338 1207 4411 pervigilio
1256 4339 1596 4410 excipiebat.
1630 4340 1717 4394 llli
1766 4356 1900 4395 vero
1934 4356 2075 4397 con-

2189 4334 2481 4412 παννυχίδι
2542 4378 2555 4392 .

2188 3180 2313 3233 "Ora
2371 3178 2556 3234 Ἰάσων
2635 3177 2694 3233 ἐκ
2752 3175 2983 3253 Κόλχων
3041 3174 3285 3249 Μήδειαν
3354 3179 3595 3252 ἀρπάσας
3652 3176 3833 3234 οἴκαδ’

2187 3262 2362 3335 ἔπλει,
2395 3268 2607 3342 χειμὼν
2638 3267 2833 3328 αὐτοὺς
2880 3265 3081 3344 ἅφατος
3112 3267 3367 3342 περιέσχε
3418 3267 3508 3322 καὶ
3539 3268 3831 3343 ἀμηχανία

2183 3362 2324 3411 πᾶνα
2356 3375 2371 3390 ο
2427 3355 2747 3431 εὐχομένων
2798 3353 2855 3412 δὲ
2909 3356 3001 3412 καὶ
3044 3355 3231 3412 πολλά
3282 3362 3389 3413 τῶν
3433 3357 3487 3412 ὲν
3543 3361 3614 3431 τῇ
3642 3359 3833 3433 Ἀργοῖ

2184 3442 2476 3517 δεομένων,
2538 3444 2848 3517 Ἀπόλλων,
2885 3445 3040 3517 τόξον
3080 3446 3255 3500 αὐτῶν
3299 3446 3707 3521 ὑπερανασχὼν,
3762 3447 3833 3502 τὰ

2183 3532 2327 3589 δεινὰ
2385 3532 2627 3589 διέλυσεν
2688 3535 2918 3604 ἅπαντα,
2988 3537 3111 3608 [457
3173 3537 3261 3608 8.]
3330 3537 3417 3590 καὶ
3485 3534 3715 3597 σέλατος
3774 3536 3829 3607 ἐξ

2182 3623 2413 3698 ούρανοῦ
2480 3622 2812 3685 διαίσσοντος
2869 3632 3035 3694 νῆσον
3094 3623 3317 3700 ἀνέσχεν
3387 3628 3421 3694 ἡ
3481 3632 3552 3699 γῆ
3616 3627 3675 3680 ἐκ
3728 3630 3829 3680 τοῦ

2188 3713 2375 3787 βυθοῦ,
2409 3713 2485 3776 είς
2531 3714 2591 3781 ἣν
2633 3714 3017 3787 ὁρμισάμενοι,
3051 3714 3126 3776 ὡς
3162 3718 3378 3790 πρῶτον
3426 3713 3679 3791 ὀφθεῖσαν
3740 3715 3832 3793 ὑφ’

2183 3802 2351 3871 ἡλίου
2405 3802 2550 3873 τότε,
2612 3803 2843 3879 Ἀνάφην
2904 3803 3009 3858 ἀπὸ
3064 3809 3167 3872 τῆς
3219 3802 3512 3877 συντυχίας
3543 3801 3829 3874 ἐκάλεσαν,

2184 3891 2275 3946 καὶ
2329 3891 2473 3966 ἱερὸν
2523 3891 2569 3929 ¹⁷
2621 3890 2975 3953 Ἀπόλλωνος
3033 3891 3315 3967 Αίγλήτου
3372 3888 3680 3966 ἱδρύσαντο,
3739 3893 3832 3947 καὶ

2187 3978 2536 4057 εὐφραίνοντο
2584 3987 2685 4049 τῆς
2742 3978 3064 4035 ἀνελπίστου
3110 3984 3216 4035 τῶν
3276 3986 3457 4036 κακῶν
3504 3979 3837 4055 ἀπαλλαγῆς

2187 4071 2276 4123 καὶ
2308 4071 2349 4106 η
2378 4075 2495 4131 ταῖς
2527 4068 2723 4131 ἄλλαις
2758 4068 3037 4145 εὐωχίαις.
3081 4067 3296 4140 Μήδεια
3327 4068 3383 4125 δὲ
3414 4072 3508 4125 σῦν
3536 4076 3655 4133 ταῖς
3696 4071 3835 4150 ἀμφ’

2190 4158 2354 4229 αὐτὴν
2400 4160 2655 4235 γυναιξὶν,
2690 4159 2746 4214 αἳ
2795 4157 2968 4233 δῶρον
3011 4161 3147 4229 ἦσαν
3176 4160 3367 4236 γάμων
3412 4165 3519 4215 τῶν
3568 4162 3835 4230 Ἰάσονος,

2187 4248 2473 4319 παίζουσαι
2518 4248 2653 4321 μετά
2713 4247 2880 4320 μέθην
2939 4244 3215 4304 ἔσκωπτον
3273 4250 3398 4313 τοὺς
3431 4248 3619 4325 ἥρωας
3660 4248 3712 4305 ἓν
3766 4247 3839 4324 τῇ

2615 4336 2668 4391 οἱ
2728 4333 2786 4392 δί
2843 4337 3211 4406 ἀντετώθαζον
3268 4339 3363 4399 τὰς
3418 4344 3696 4412 γυναῖκας.
3739 4339 3840 4393 Ἐκ

425 4424 575 4481 vicia
616 4426 871 4483 vicissim
924 4428 1273 4485 mulieribus
1323 4428 1681 4499 regerebant.
1729 4427 1889 4485 Unde
1936 4434 2072 4487 nata

2189 4424 2377 4481 τούτου
2403 4428 2693 4500 τοιγαροῦν
2724 4424 2814 4480 καὶ
2843 4426 3078 4502 Ἀνάφης
3113 4426 3157 4464 ιθ
3185 4427 3306 4500 [236
3339 4427 3431 4499 Η.]
3454 4426 3483 4481 ὁ
3514 4424 3648 4488 λαός
3682 4425 3841 4499 (ᾠκί-

424 4517 808 4583 consuetudo,
844 4520 907 4573 ut
955 4517 1213 4574 insulani
1262 4517 1353 4572 isti
1402 4516 1685 4588 (habitata
1736 4519 1892 4574 enim
1944 4523 2075 4589 post

423 4604 666 4677 Anaphe
701 4608 807 4677 est)
849 4606 1247 4664 anniversario
1278 4606 1393 4663 ritu
1422 4605 1675 4677 Apollini
1720 4605 1949 4678 JEgletts
1991 4607 2079 4662 in-

423 4692 609 4751 vicem
640 4694 1051 4765 conviciantes,
1084 4697 1290 4752 festum
1324 4695 1478 4752 diem
1509 4695 1581 4751 ad
1613 4692 1847 4751 illorum
1884 4694 2081 4753 imita-

422 4784 640 4842 tionem
668 4783 1045 4842 celebrarent.

2185 4517 2283 4584 σθη
2316 4514 2420 4589 γὰρ
2450 4516 2485 4583 ἡ
2527 4515 2718 4585 νῆσος)
2758 4513 2857 4569 ἀνὰ
2904 4521 3010 4570 πᾶν
3054 4513 3172 4577 ἔτος
3218 4513 3535 4570 Ἀπόλλωνι
3587 4514 3831 4589 αίγλήτῃ

2184 4604 2575 4677 κερτομοῦντες
2625 4599 2933 4673 ἀλλήλους,
2965 4601 3159 4677 ἑορτὴν
3188 4603 3232 4638 ⁸ο
3260 4602 3395 4658 κατά
3426 4601 3662 4676 μίμησιν
3695 4601 3841 4659 ἐκεί-

2186 4713 2293 4747 νων
2326 4690 2565 4766 ἄγνυσιν.

1787 4910 2026 4970 VARIIE
2071 4913 2361 4971 LECTION
2373 4912 2472 4970 BS.

493 5021 516 5056 9
543 5019 820 5096 ποιμένων
850 5028 891 5077 Δ
918 5039 930 5077 :
988 5025 1093 5096 τῶν
1138 5018 1416 5096 ποιμένων
1595 5019 1650 5096 Α¹Α⁰
1670 5018 1784 5096 χᾷρ
1816 5022 2078 5096 radd._A

2189 5023 2360 5079 idem.
2417 5038 2532 5096 om.
2592 5042 2671 5096 τε.

424 5089 492 5146 λα
544 5088 835 5166 ϐανόμενοι
889 5098 953 5149 Α.
1032 5094 1079 5130 ¹²
1108 5088 1391 5166 ’Δμούλίῳ
1449 5088 1511 5148 Ᾰ.
1590 5091 1635 5127 ¹³
1666 5088 1931 5161 δέξὶοῦται
2124 5096 2168 5131 ⁸⁸
2196 5092 2563 5168 προσρυέντος
2765 5094 2809 5130 ⁸³
2843 5088 3118 5167 μαρτύριά
3151 5097 3409 5163 Heynius
3451 5112 3465 5149 :

424 5114 540 5218 ποῖ
578 5168 677 5218 τοῦ
739 5162 897 5218 Βουλ.
976 5165 1023 5200 ¹⁶
1063 5163 1359 5218 διαΐὲοντος
1418 5172 1480 5218 Α.
1558 5162 1602 5199 ‘7
1632 5163 1722 5218 καὶ
1780 5164 1853 5218 ὡς
1904 5165 2049 5218 ἱερὸν
2085 5164 2165 5218 C'.
2244 5167 2286 5201 η
2318 5164 2424 5218 καὶ]
2480 5166 2689 5218 θυσίαις
2744 5168 2834 5218 καὶ
2895 5168 3171 5218 llevnius.
3246 5166 3293 5203 η
3321 5164 3465 5218 ἀναφι

420 5162 526 5241 πρὸ
574 5162 690 5241 τοῦ
739 5162 922 5241 βουλε
976 5162 1377 5241 ίξλδιαίξοντοςξ
1418 5172 1515 5241 Α.-
1558 5162 1722 5241 "ita:
1780 5164 1853 5226 ὡς
1904 5162 2049 5239 ἱερὸν
2240 5162 2286 5201 η
2318 5162 2424 5239 καὶ]
2480 5162 2689 5227 θυσίᾶις
2744 5168 2833 5220 καὶ

420 5233 541 5306 leg.
574 5233 877 5311 Ἀναφαίων
899 5238 928 5294 ?
1000 5238 1048 5273 ²⁰
1078 5233 1207 5297 ἀλλ,
1242 5236 1332 5291 καὶ
1365 5236 1557 5312 ἑορτὴν
1600 5234 1683 5310 ς’.

2750 5019 3035 5106 ξίτόλμσιν
3094 5042 3233 5095 γενν.
3291 5020 3381 5106 καὶ
3410 5020 3533 5081 αὐτ.
3574 5021 3659 5097 ς’.
3700 5024 3835 5078 ἀνα·

3527 5112 3630 5166 qui
3696 5113 3837 5153 mox

2895 5164 3171 5238 lleynius.
3246 5164 3568 5243 ίθάναφὲωξ
3625 5173 3695 5225 Δ.
3756 5184 3835 5225 an

2021 5362 2232 5419 NOTzE

487 5470 601 5542 (71)
625 5469 705 5547 De
724 5487 839 5547 qua
850 5472 1053 5547 Steph.
1070 5474 1304 5547 Byzant.
1318 5474 1521 5531 Totam
1536 5488 1699 5547 porro
1715 5470 1967 5547 fabulam
1984 5473 2057 5530 le-

415 5543 698 5617 ges_apud
723 5544 909 5617 Apoll.
935 5543 1230 5617 Rhodium,
1251 5554 1507 5617 extremo
1538 5543 1640 5600 lib.
1666 5560 1720 5617 Iv
1750 5545 2055 5617 Arganuut.

486 5614 600 5693 (72)
634 5613 833 5689 Αἴθικο
864 5616 1068 5673 scribit
1096 5616 1358 5691 Apollod.
1388 5616 1490 5672 lib.
1521 5631 1559 5688 ι,
1594 5616 1689 5690 qui
1724 5613 2055 5691 tibi'lcgen-

2168 5472 2468 5618 “(ini)le
2500 5544 2668 5600 Arete
2695 5542 2918 5602 Alcinoi
2950 5544 3390 5604 Pheacensium
3422 5545 3581 5618 regis
3622 5561 3830 5618 uxore,

2169 5616 2473 5675 duOdecim
2500 5630 2767 5688 numero,
2800 5620 2863 5675 ut
2893 5624 3095 5676 narrat
3122 5618 3386 5694 Apollod.
3424 5616 3531 5675 liti.
3566 5634 3613 5676 ι.
