  <div class='ocr_page' id='page_1' title='image "/cluster/home/n/w/nwhite01/storage/ocr_20150623/103/hvd.32044054112495/314.png"; bbox 0 0 4142 6214; ppageno 0'>
   <div class='ocr_carea' id='block_1_1' title="bbox 285 298 398 361">
    <p class='ocr_par' dir='ltr' id='par_1_1' title="bbox 285 298 398 361">
     <span class='ocr_line' id='line_1_1' title="bbox 285 298 398 361; baseline -0.009 -1"><span class='ocrx_word' id='word_1_1' title='bbox 285 298 398 361; x_wconf 74' lang='grc'><strong>589</strong></span> 
     </span>
    </p>
   </div>
   <div class='ocr_carea' id='block_1_2' title="bbox 1342 294 2632 361">
    <p class='ocr_par' dir='ltr' id='par_1_2' title="bbox 1342 294 2632 361">
     <span class='ocr_line' id='line_1_2' title="bbox 1342 294 2632 361; baseline 0.002 -5"><span class='ocrx_word' id='word_1_2' title='bbox 1342 294 1887 360; x_wconf 81' lang='lat' dir='ltr'><strong>BIBLlOTHECA.</strong></span> <span class='ocrx_word' id='word_1_3' title='bbox 1946 332 2013 342; x_wconf 83' lang='lat'><strong>——</strong></span> <span class='ocrx_word' id='word_1_4' title='bbox 2055 299 2227 361; x_wconf 88' lang='lat' dir='ltr'><strong>COD.</strong></span> <span class='ocrx_word' id='word_1_5' title='bbox 2276 299 2632 361; x_wconf 82' lang='lat' dir='ltr'><strong>CLXXXVI.</strong></span> 
     </span>
    </p>
   </div>
   <div class='ocr_carea' id='block_1_3' title="bbox 3574 303 3693 364">
    <p class='ocr_par' dir='ltr' id='par_1_3' title="bbox 3574 303 3693 364">
     <span class='ocr_line' id='line_1_3' title="bbox 3574 303 3693 364; baseline 0 0"><span class='ocrx_word' id='word_1_6' title='bbox 3574 303 3693 364; x_wconf 68' lang='lat'><strong>590</strong></span> 
     </span>
    </p>
   </div>
   <div class='ocr_carea' id='block_1_4' title="bbox 352 423 1941 508">
    <p class='ocr_par' dir='ltr' id='par_1_4' title="bbox 352 423 1938 504">
     <span class='ocr_line' id='line_1_4' title="bbox 352 423 1938 504; baseline 0.001 -19"><span class='ocrx_word' id='word_1_7' title='bbox 352 431 418 486; x_wconf 85' lang='grc' dir='ltr'><strong>Ἡ</strong></span> <span class='ocrx_word' id='word_1_8' title='bbox 441 430 488 483; x_wconf 89' lang='grc' dir='ltr'>ν’</span> <span class='ocrx_word' id='word_1_9' title='bbox 518 429 594 490; x_wconf 86' lang='grc' dir='ltr'><strong>ὡς</strong></span> <span class='ocrx_word' id='word_1_10' title='bbox 627 423 981 499; x_wconf 74' lang='grc' dir='ltr'>Ἀλέξανδρον</span> <span class='ocrx_word' id='word_1_11' title='bbox 1028 427 1120 483; x_wconf 78' lang='grc' dir='ltr'><strong>τὸν</strong></span> <span class='ocrx_word' id='word_1_12' title='bbox 1168 425 1423 501; x_wconf 85' lang='grc' dir='ltr'>τύραννον</span> <span class='ocrx_word' id='word_1_13' title='bbox 1457 425 1610 499; x_wconf 87' lang='grc' dir='ltr'>Θήϐη</span> <span class='ocrx_word' id='word_1_14' title='bbox 1663 429 1877 504; x_wconf 83' lang='grc' dir='ltr'>ἀναιρεῖ</span> <span class='ocrx_word' id='word_1_15' title='bbox 1903 432 1938 499; x_wconf 81' lang='grc' dir='ltr'>ἡ</span> 
     </span>
    </p>
   </div>
   <div class='ocr_carea' id='block_1_5' title="bbox 2057 423 3694 508">
    <p class='ocr_par' dir='ltr' id='par_1_5' title="bbox 2124 432 3694 508">
     <span class='ocr_line' id='line_1_5' title="bbox 2124 432 3694 508; baseline 0.003 -21"><span class='ocrx_word' id='word_1_16' title='bbox 2124 432 2624 505; x_wconf 84' lang='lat' dir='ltr'><strong>Quinquagesima</strong></span> <span class='ocrx_word' id='word_1_17' title='bbox 2635 432 2923 490; x_wconf 85' lang='lat' dir='ltr'><strong>narratio:</strong></span> <span class='ocrx_word' id='word_1_18' title='bbox 2947 433 3694 508; x_wconf 59' lang='lat' dir='ltr'><strong>Alexanderﬂéﬁyrannua</strong></span> 
     </span>
    </p>
   </div>
   <div class='ocr_carea' id='block_1_6' title="bbox 290 510 1940 594">
    <p class='ocr_par' dir='ltr' id='par_1_6' title="bbox 290 510 1940 594">
     <span class='ocr_line' id='line_1_6' title="bbox 290 510 1940 594; baseline -0.003 -20"><span class='ocrx_word' id='word_1_19' title='bbox 290 516 449 574; x_wconf 77' lang='grc' dir='ltr'><strong>αύτοῦ</strong></span> <span class='ocrx_word' id='word_1_20' title='bbox 499 517 659 594; x_wconf 76' lang='grc' dir='ltr'>γυνή.</span> <span class='ocrx_word' id='word_1_21' title='bbox 711 514 860 585; x_wconf 71' lang='grc' dir='ltr'>Αὕτη</span> <span class='ocrx_word' id='word_1_22' title='bbox 895 510 944 569; x_wconf 89' lang='grc' dir='ltr'>δ’</span> <span class='ocrx_word' id='word_1_23' title='bbox 997 512 1065 583; x_wconf 71' lang='grc' dir='ltr'>ἦν</span> <span class='ocrx_word' id='word_1_24' title='bbox 1108 515 1346 577; x_wconf 87' lang='grc' dir='ltr'>Ἰάσονος</span> <span class='ocrx_word' id='word_1_25' title='bbox 1407 517 1500 589; x_wconf 78' lang='grc' dir='ltr'>μὲν</span> <span class='ocrx_word' id='word_1_26' title='bbox 1550 517 1811 592; x_wconf 79' lang='grc' dir='ltr'><strong>Θυγάτηρ,</strong></span> <span class='ocrx_word' id='word_1_27' title='bbox 1843 520 1940 572; x_wconf 81' lang='grc' dir='ltr'><strong>τοῦ</strong></span> 
     </span>
    </p>
   </div>
   <div class='ocr_carea' id='block_1_7' title="bbox 285 601 1940 681">
    <p class='ocr_par' dir='ltr' id='par_1_7' title="bbox 285 601 1940 681">
     <span class='ocr_line' id='line_1_7' title="bbox 285 601 1940 681; baseline -0.001 -19"><span class='ocrx_word' id='word_1_28' title='bbox 285 606 418 662; x_wconf 75' lang='grc' dir='ltr'>ποτὶ</span> <span class='ocrx_word' id='word_1_29' title='bbox 457 601 758 667; x_wconf 75' lang='grc' dir='ltr'><strong>Θεσσαλίας</strong></span> <span class='ocrx_word' id='word_1_30' title='bbox 807 606 852 642; x_wconf 75' lang='grc'><strong>³⁸</strong></span> <span class='ocrx_word' id='word_1_31' title='bbox 899 604 1352 678; x_wconf 87' lang='grc' dir='ltr'>τυραννήσαντος,</span> <span class='ocrx_word' id='word_1_32' title='bbox 1402 601 1673 680; x_wconf 81' lang='grc' dir='ltr'>ἀδελφοὺς</span> <span class='ocrx_word' id='word_1_33' title='bbox 1724 601 1770 659; x_wconf 77' lang='grc' dir='ltr'>δ’</span> <span class='ocrx_word' id='word_1_34' title='bbox 1825 603 1940 681; x_wconf 75' lang='grc' dir='ltr'>εἶχε</span> 
     </span>
    </p>
   </div>
   <div class='ocr_carea' id='block_1_8' title="bbox 285 691 1936 770">
    <p class='ocr_par' dir='ltr' id='par_1_8' title="bbox 285 691 1936 770">
     <span class='ocr_line' id='line_1_8' title="bbox 285 691 1936 770; baseline -0.002 -19"><span class='ocrx_word' id='word_1_35' title='bbox 285 700 450 770; x_wconf 82' lang='grc' dir='ltr'><strong>τρεῖς,</strong></span> <span class='ocrx_word' id='word_1_36' title='bbox 503 691 794 768; x_wconf 82' lang='grc' dir='ltr'>Τισίφονον</span> <span class='ocrx_word' id='word_1_37' title='bbox 854 692 942 747; x_wconf 73' lang='grc' dir='ltr'><strong>καὶ</strong></span> <span class='ocrx_word' id='word_1_38' title='bbox 999 693 1323 767; x_wconf 81' lang='grc' dir='ltr'>Λυκόφρονα</span> <span class='ocrx_word' id='word_1_39' title='bbox 1360 693 1451 748; x_wconf 80' lang='grc' dir='ltr'><strong>καὶ</strong></span> <span class='ocrx_word' id='word_1_40' title='bbox 1515 693 1796 749; x_wconf 84' lang='grc' dir='ltr'>Πυθόλαον</span> <span class='ocrx_word' id='word_1_41' title='bbox 1846 696 1936 731; x_wconf 64' lang='grc' dir='ltr'><strong>π’</strong></span> 
     </span>
    </p>
   </div>
   <div class='ocr_carea' id='block_1_9' title="bbox 287 780 1936 859">
    <p class='ocr_par' dir='ltr' id='par_1_9' title="bbox 287 780 1936 859">
     <span class='ocr_line' id='line_1_9' title="bbox 287 780 1936 859; baseline 0 -18"><span class='ocrx_word' id='word_1_42' title='bbox 287 787 631 859; x_wconf 74' lang='grc' dir='ltr'><strong>ὁμομήτριοι</strong></span> <span class='ocrx_word' id='word_1_43' title='bbox 666 781 713 838; x_wconf 83' lang='grc' dir='ltr'>δ’</span> <span class='ocrx_word' id='word_1_44' title='bbox 755 784 914 854; x_wconf 77' lang='grc' dir='ltr'>ἦσαν,</span> <span class='ocrx_word' id='word_1_45' title='bbox 947 784 1130 859; x_wconf 77' lang='grc' dir='ltr'>πατὴρ</span> <span class='ocrx_word' id='word_1_46' title='bbox 1175 780 1219 838; x_wconf 86' lang='grc' dir='ltr'>δ’</span> <span class='ocrx_word' id='word_1_47' title='bbox 1263 782 1440 838; x_wconf 79' lang='grc' dir='ltr'>αὐτῶν</span> <span class='ocrx_word' id='word_1_48' title='bbox 1483 782 1740 855; x_wconf 77' lang='grc' dir='ltr'>Εὐάλκης</span> <span class='ocrx_word' id='word_1_49' title='bbox 1773 784 1820 820; x_wconf 72' lang='grc'><strong>³³</strong></span> <span class='ocrx_word' id='word_1_50' title='bbox 1849 785 1936 854; x_wconf 84' lang='grc' dir='ltr'>ἦν.</span> 
     </span>
    </p>
   </div>
   <div class='ocr_carea' id='block_1_10' title="bbox 287 869 1938 949">
    <p class='ocr_par' dir='ltr' id='par_1_10' title="bbox 287 869 1938 949">
     <span class='ocr_line' id='line_1_10' title="bbox 287 869 1938 949; baseline -0.002 -17"><span class='ocrx_word' id='word_1_51' title='bbox 287 875 533 936; x_wconf 81' lang='grc' dir='ltr'><strong>Τούτους</strong></span> <span class='ocrx_word' id='word_1_52' title='bbox 575 869 931 948; x_wconf 82' lang='grc' dir='ltr'>Ἀλέξανδρος</span> <span class='ocrx_word' id='word_1_53' title='bbox 961 872 1120 935; x_wconf 78' lang='grc' dir='ltr'>οὗτος</span> <span class='ocrx_word' id='word_1_54' title='bbox 1150 873 1178 928; x_wconf 84' lang='grc' dir='ltr'>ὁ</span> <span class='ocrx_word' id='word_1_55' title='bbox 1212 877 1400 946; x_wconf 83' lang='grc' dir='ltr'>Φερῶν</span> <span class='ocrx_word' id='word_1_56' title='bbox 1435 871 1506 928; x_wconf 88' lang='grc' dir='ltr'>δι’</span> <span class='ocrx_word' id='word_1_57' title='bbox 1533 873 1763 945; x_wconf 75' lang='grc' dir='ltr'><strong>ὑποψίας</strong></span> <span class='ocrx_word' id='word_1_58' title='bbox 1795 871 1938 949; x_wconf 82' lang='grc' dir='ltr'>ἔχων</span> 
     </span>
    </p>
   </div>
   <div class='ocr_carea' id='block_1_11' title="bbox 288 956 1938 1039">
    <p class='ocr_par' dir='ltr' id='par_1_11' title="bbox 288 956 1938 1039">
     <span class='ocr_line' id='line_1_11' title="bbox 288 956 1938 1039; baseline -0.002 -20"><span class='ocrx_word' id='word_1_59' title='bbox 288 960 518 1036; x_wconf 77' lang='grc' dir='ltr'>ἰμελέτα</span> <span class='ocrx_word' id='word_1_60' title='bbox 557 961 767 1016; x_wconf 89' lang='grc' dir='ltr'>ἀνελεῖν</span> <span class='ocrx_word' id='word_1_61' title='bbox 801 981 816 996; x_wconf 90' lang='grc'><strong>·</strong></span> <span class='ocrx_word' id='word_1_62' title='bbox 869 958 1026 1023; x_wconf 87' lang='grc' dir='ltr'>εἰδὼς</span> <span class='ocrx_word' id='word_1_63' title='bbox 1078 958 1124 1016; x_wconf 85' lang='grc' dir='ltr'>δ’</span> <span class='ocrx_word' id='word_1_64' title='bbox 1174 959 1252 1023; x_wconf 87' lang='grc' dir='ltr'>ὡς</span> <span class='ocrx_word' id='word_1_65' title='bbox 1291 960 1390 1015; x_wconf 80' lang='grc' dir='ltr'><strong>οὐκ</strong></span> <span class='ocrx_word' id='word_1_66' title='bbox 1436 960 1737 1039; x_wconf 80' lang='grc' dir='ltr'><strong>ἀνάσχοιτο</strong></span> <span class='ocrx_word' id='word_1_67' title='bbox 1782 956 1938 1032; x_wconf 89' lang='grc' dir='ltr'>Θήϐη</span> 
     </span>
    </p>
   </div>
   <div class='ocr_carea' id='block_1_12' title="bbox 291 1047 1940 1126">
    <p class='ocr_par' dir='ltr' id='par_1_12' title="bbox 291 1047 1940 1126">
     <span class='ocr_line' id='line_1_12' title="bbox 291 1047 1940 1126; baseline -0.001 -20"><span class='ocrx_word' id='word_1_68' title='bbox 291 1048 553 1125; x_wconf 78' lang='grc' dir='ltr'><strong>περιιδεῖν</strong></span> <span class='ocrx_word' id='word_1_69' title='bbox 583 1052 710 1110; x_wconf 85' lang='grc' dir='ltr'>τοὺς</span> <span class='ocrx_word' id='word_1_70' title='bbox 761 1048 1141 1124; x_wconf 81' lang='grc' dir='ltr'><strong>ὁμομητρίους</strong></span> <span class='ocrx_word' id='word_1_71' title='bbox 1177 1049 1601 1124; x_wconf 72' lang='grc' dir='ltr'>ἀναιρουμένους</span> <span class='ocrx_word' id='word_1_72' title='bbox 1649 1047 1940 1126; x_wconf 75' lang='grc' dir='ltr'>ἀδελφοὺς,</span> 
     </span>
    </p>
   </div>
   <div class='ocr_carea' id='block_1_13' title="bbox 287 1134 1944 1216">
    <p class='ocr_par' dir='ltr' id='par_1_13' title="bbox 287 1134 1944 1216">
     <span class='ocr_line' id='line_1_13' title="bbox 287 1134 1944 1216; baseline -0.001 -21"><span class='ocrx_word' id='word_1_73' title='bbox 287 1141 377 1195; x_wconf 81' lang='grc' dir='ltr'><strong>καὶ</strong></span> <span class='ocrx_word' id='word_1_74' title='bbox 428 1139 602 1208; x_wconf 73' lang='grc' dir='ltr'>αὐτὴν</span> <span class='ocrx_word' id='word_1_75' title='bbox 632 1137 841 1193; x_wconf 82' lang='grc' dir='ltr'><strong>ἐπενόει</strong></span> <span class='ocrx_word' id='word_1_76' title='bbox 891 1139 1222 1195; x_wconf 82' lang='grc' dir='ltr'>συνανελεῖν.</span> <span class='ocrx_word' id='word_1_77' title='bbox 1257 1139 1360 1195; x_wconf 82' lang='grc' dir='ltr'>Καὶ</span> <span class='ocrx_word' id='word_1_78' title='bbox 1389 1140 1574 1216; x_wconf 81' lang='grc' dir='ltr'>νήφων</span> <span class='ocrx_word' id='word_1_79' title='bbox 1608 1139 1702 1212; x_wconf 76' lang='grc' dir='ltr'>μὲν</span> <span class='ocrx_word' id='word_1_80' title='bbox 1749 1134 1944 1212; x_wconf 81' lang='grc' dir='ltr'>ἔκρυϐε</span> 
     </span>
    </p>
   </div>
   <div class='ocr_carea' id='block_1_14' title="bbox 286 1224 1943 1305">
    <p class='ocr_par' dir='ltr' id='par_1_14' title="bbox 286 1224 1943 1305">
     <span class='ocr_line' id='line_1_14' title="bbox 286 1224 1943 1305; baseline -0.002 -20"><span class='ocrx_word' id='word_1_81' title='bbox 286 1228 350 1285; x_wconf 84' lang='grc' dir='ltr'>τὸ</span> <span class='ocrx_word' id='word_1_82' title='bbox 381 1227 690 1305; x_wconf 73' lang='grc' dir='ltr'>βούλευμα,</span> <span class='ocrx_word' id='word_1_83' title='bbox 735 1225 948 1301; x_wconf 89' lang='grc' dir='ltr'>μεθύων</span> <span class='ocrx_word' id='word_1_84' title='bbox 998 1224 1056 1283; x_wconf 73' lang='grc' dir='ltr'>δὲ</span> <span class='ocrx_word' id='word_1_85' title='bbox 1093 1227 1182 1300; x_wconf 75' lang='grc' dir='ltr'><strong>(ἦν</strong></span> <span class='ocrx_word' id='word_1_86' title='bbox 1231 1227 1332 1305; x_wconf 74' lang='grc' dir='ltr'><strong>γὰρ</strong></span> <span class='ocrx_word' id='word_1_87' title='bbox 1379 1226 1559 1296; x_wconf 79' lang='grc' dir='ltr'>ἥττων</span> <span class='ocrx_word' id='word_1_88' title='bbox 1590 1225 1762 1301; x_wconf 81' lang='grc' dir='ltr'>οἷ’νου)</span> <span class='ocrx_word' id='word_1_89' title='bbox 1811 1248 1943 1304; x_wconf 60' lang='grc' dir='ltr'>παρα</span> 
     </span>
    </p>
   </div>
   <div class='ocr_carea' id='block_1_15' title="bbox 291 1312 1943 1393">
    <p class='ocr_par' dir='ltr' id='par_1_15' title="bbox 291 1312 1943 1393">
     <span class='ocr_line' id='line_1_15' title="bbox 291 1312 1943 1393; baseline -0.001 -18"><span class='ocrx_word' id='word_1_90' title='bbox 291 1318 535 1393; x_wconf 83' lang='grc' dir='ltr'>εγύμνου</span> <span class='ocrx_word' id='word_1_91' title='bbox 579 1337 640 1373; x_wconf 88' lang='grc' dir='ltr'><strong>τε</strong></span> <span class='ocrx_word' id='word_1_92' title='bbox 695 1317 784 1372; x_wconf 83' lang='grc' dir='ltr'><strong>καὶ</strong></span> <span class='ocrx_word' id='word_1_93' title='bbox 835 1315 1208 1386; x_wconf 84' lang='grc' dir='ltr'>ἀπεκάλυπτε,</span> <span class='ocrx_word' id='word_1_94' title='bbox 1240 1312 1396 1388; x_wconf 88' lang='grc' dir='ltr'>Θήϐη</span> <span class='ocrx_word' id='word_1_95' title='bbox 1443 1314 1501 1373; x_wconf 72' lang='grc' dir='ltr'>δὲ</span> <span class='ocrx_word' id='word_1_96' title='bbox 1544 1317 1605 1373; x_wconf 87' lang='grc' dir='ltr'>τὸ</span> <span class='ocrx_word' id='word_1_97' title='bbox 1662 1317 1943 1393; x_wconf 73' lang='grc' dir='ltr'>βούλευμα</span> 
     </span>
    </p>
   </div>
   <div class='ocr_carea' id='block_1_16' title="bbox 297 1404 1940 1484">
    <p class='ocr_par' dir='ltr' id='par_1_16' title="bbox 297 1404 1940 1484">
     <span class='ocr_line' id='line_1_16' title="bbox 297 1404 1940 1484; baseline 0.001 -22"><span class='ocrx_word' id='word_1_98' title='bbox 297 1409 564 1482; x_wconf 80' lang='grc' dir='ltr'>μαθοῦσα,</span> <span class='ocrx_word' id='word_1_99' title='bbox 595 1411 712 1469; x_wconf 89' lang='grc' dir='ltr'>τοῖς</span> <span class='ocrx_word' id='word_1_100' title='bbox 763 1407 858 1479; x_wconf 76' lang='grc' dir='ltr'>μὶν</span> <span class='ocrx_word' id='word_1_101' title='bbox 891 1404 1150 1483; x_wconf 77' lang='grc' dir='ltr'>ἀδελφοῖς</span> <span class='ocrx_word' id='word_1_102' title='bbox 1198 1404 1504 1484; x_wconf 76' lang='grc' dir='ltr'>ἐγχειρίδια</span> <span class='ocrx_word' id='word_1_103' title='bbox 1546 1405 1712 1462; x_wconf 72' lang='grc' dir='ltr'>δοῦσα</span> <span class='ocrx_word' id='word_1_104' title='bbox 1758 1428 1940 1484; x_wconf 86' lang='grc' dir='ltr'>παρα-</span> 
     </span>
    </p>
   </div>
   <div class='ocr_carea' id='block_1_17' title="bbox 291 1494 1944 1573">
    <p class='ocr_par' dir='ltr' id='par_1_17' title="bbox 291 1494 1944 1573">
     <span class='ocr_line' id='line_1_17' title="bbox 291 1494 1944 1573; baseline -0.001 -20"><span class='ocrx_word' id='word_1_105' title='bbox 291 1498 642 1566; x_wconf 75' lang='grc' dir='ltr'>σκευάζεσθαι</span> <span class='ocrx_word' id='word_1_106' title='bbox 698 1496 835 1572; x_wconf 86' lang='grc' dir='ltr'>πρὸς</span> <span class='ocrx_word' id='word_1_107' title='bbox 892 1495 994 1565; x_wconf 76' lang='grc' dir='ltr'>τὴν</span> <span class='ocrx_word' id='word_1_108' title='bbox 1043 1496 1258 1573; x_wconf 77' lang='grc' dir='ltr'>σφαγὴν</span> <span class='ocrx_word' id='word_1_109' title='bbox 1317 1495 1635 1572; x_wconf 78' lang='grc' dir='ltr'>παρεκάλει,</span> <span class='ocrx_word' id='word_1_110' title='bbox 1695 1495 1830 1568; x_wconf 79' lang='grc' dir='ltr'>οἷ’νῳ</span> <span class='ocrx_word' id='word_1_111' title='bbox 1888 1494 1944 1551; x_wconf 75' lang='grc' dir='ltr'>δὲ</span> 
     </span>
    </p>
   </div>
   <div class='ocr_carea' id='block_1_18' title="bbox 285 1582 1944 1662">
    <p class='ocr_par' dir='ltr' id='par_1_18' title="bbox 285 1582 1944 1662">
     <span class='ocr_line' id='line_1_18' title="bbox 285 1582 1944 1662; baseline -0.001 -18"><span class='ocrx_word' id='word_1_112' title='bbox 285 1585 488 1660; x_wconf 81' lang='grc' dir='ltr'>πολλῷ</span> <span class='ocrx_word' id='word_1_113' title='bbox 574 1582 926 1662; x_wconf 78' lang='grc' dir='ltr'>Ἀλέξανδρον</span> <span class='ocrx_word' id='word_1_114' title='bbox 1015 1586 1318 1654; x_wconf 82' lang='grc' dir='ltr'>βαπτίσασα</span> <span class='ocrx_word' id='word_1_115' title='bbox 1401 1588 1490 1641; x_wconf 76' lang='grc' dir='ltr'>καὶ</span> <span class='ocrx_word' id='word_1_116' title='bbox 1582 1587 1944 1643; x_wconf 84' lang='grc' dir='ltr'>κατευνάσασα</span> 
     </span>
    </p>
   </div>
   <div class='ocr_carea' id='block_1_19' title="bbox 284 1675 1944 1756">
    <p class='ocr_par' dir='ltr' id='par_1_19' title="bbox 284 1675 1944 1756">
     <span class='ocr_line' id='line_1_19' title="bbox 284 1675 1944 1756; baseline -0.002 -22"><span class='ocrx_word' id='word_1_117' title='bbox 284 1676 555 1751; x_wconf 69' lang='grc' dir='ltr'>ἐκπέμπει</span> <span class='ocrx_word' id='word_1_118' title='bbox 609 1675 737 1739; x_wconf 76' lang='grc' dir='ltr'>τοὺς</span> <span class='ocrx_word' id='word_1_119' title='bbox 786 1680 884 1733; x_wconf 80' lang='grc' dir='ltr'><strong>τοῦ</strong></span> <span class='ocrx_word' id='word_1_120' title='bbox 923 1675 1177 1750; x_wconf 83' lang='grc' dir='ltr'>θαλάμου</span> <span class='ocrx_word' id='word_1_121' title='bbox 1234 1677 1502 1754; x_wconf 80' lang='grc' dir='ltr'>φύλακας,</span> <span class='ocrx_word' id='word_1_122' title='bbox 1544 1679 1809 1756; x_wconf 74' lang='grc' dir='ltr'>προφάσει</span> <span class='ocrx_word' id='word_1_123' title='bbox 1868 1677 1944 1738; x_wconf 81' lang='grc' dir='ltr'>ὡς</span> 
     </span>
    </p>
   </div>
   <div class='ocr_carea' id='block_1_20' title="bbox 2048 521 3694 595">
    <p class='ocr_par' dir='ltr' id='par_1_20' title="bbox 2048 521 3694 595">
     <span class='ocr_line' id='line_1_20' title="bbox 2048 521 3694 595; baseline 0.002 -18"><span class='ocrx_word' id='word_1_124' title='bbox 2048 539 2081 577; x_wconf 88' lang='lat' dir='ltr'><strong>a</strong></span> <span class='ocrx_word' id='word_1_125' title='bbox 2143 521 2336 578; x_wconf 90' lang='lat' dir='ltr'><strong>Thebe</strong></span> <span class='ocrx_word' id='word_1_126' title='bbox 2405 524 2654 595; x_wconf 75' lang='lat' dir='ltr'><strong>conjuge</strong></span> <span class='ocrx_word' id='word_1_127' title='bbox 2714 525 3054 581; x_wconf 86' lang='lat' dir='ltr'><strong>interfectus</strong></span> <span class='ocrx_word' id='word_1_128' title='bbox 3111 532 3214 582; x_wconf 83' lang='lat' dir='ltr'><strong>est.</strong></span> <span class='ocrx_word' id='word_1_129' title='bbox 3275 527 3406 580; x_wconf 67' lang='lat' dir='ltr'><strong>Haec</strong></span> <span class='ocrx_word' id='word_1_130' title='bbox 3459 523 3694 582; x_wconf 80' lang='lat' dir='ltr'><strong>Jasonis</strong></span> 
     </span>
    </p>
   </div>
   <div class='ocr_carea' id='block_1_21' title="bbox 2050 611 3695 687">
    <p class='ocr_par' dir='ltr' id='par_1_21' title="bbox 2050 611 3695 687">
     <span class='ocr_line' id='line_1_21' title="bbox 2050 611 3695 687; baseline 0.002 -20"><span class='ocrx_word' id='word_1_131' title='bbox 2050 611 2198 682; x_wconf 85' lang='lat' dir='ltr'><strong>ejus,</strong></span> <span class='ocrx_word' id='word_1_132' title='bbox 2229 612 2327 683; x_wconf 88' lang='lat' dir='ltr'><strong>qui</strong></span> <span class='ocrx_word' id='word_1_133' title='bbox 2362 612 2420 667; x_wconf 91' lang='lat' dir='ltr'><strong>in</strong></span> <span class='ocrx_word' id='word_1_134' title='bbox 2449 611 2749 668; x_wconf 75' lang='lat' dir='ltr'><strong>Thessalia</strong></span> <span class='ocrx_word' id='word_1_135' title='bbox 2779 615 3072 684; x_wconf 82' lang='lat' dir='ltr'><strong>quondam</strong></span> <span class='ocrx_word' id='word_1_136' title='bbox 3105 617 3391 687; x_wconf 78' lang='lat' dir='ltr'><strong>regnarat,</strong></span> <span class='ocrx_word' id='word_1_137' title='bbox 3415 613 3536 668; x_wconf 80' lang='lat' dir='ltr'><strong>ﬁlia</strong></span> <span class='ocrx_word' id='word_1_138' title='bbox 3565 614 3695 684; x_wconf 87' lang='lat' dir='ltr'><strong>fuit,</strong></span> 
     </span>
    </p>
   </div>
   <div class='ocr_carea' id='block_1_22' title="bbox 2052 701 3698 775">
    <p class='ocr_par' dir='ltr' id='par_1_22' title="bbox 2052 701 3698 775">
     <span class='ocr_line' id='line_1_22' title="bbox 2052 701 3698 775; baseline 0.001 -19"><span class='ocrx_word' id='word_1_139' title='bbox 2052 702 2373 772; x_wconf 83' lang='lat' dir='ltr'><strong>fratresque</strong></span> <span class='ocrx_word' id='word_1_140' title='bbox 2405 701 2662 757; x_wconf 89' lang='lat' dir='ltr'><strong>uterinos</strong></span> <span class='ocrx_word' id='word_1_141' title='bbox 2693 707 2831 769; x_wconf 89' lang='lat' dir='ltr'><strong>tres,</strong></span> <span class='ocrx_word' id='word_1_142' title='bbox 2867 707 3028 775; x_wconf 84' lang='lat' dir='ltr'><strong>patre</strong></span> <span class='ocrx_word' id='word_1_143' title='bbox 3052 701 3268 757; x_wconf 85' lang='lat' dir='ltr'><strong>Eulabe</strong></span> <span class='ocrx_word' id='word_1_144' title='bbox 3301 702 3414 773; x_wconf 85' lang='lat'><strong>(75)</strong></span> <span class='ocrx_word' id='word_1_145' title='bbox 3447 703 3698 773; x_wconf 87' lang='lat' dir='ltr'><strong>genitos,</strong></span> 
     </span>
    </p>
   </div>
   <div class='ocr_carea' id='block_1_23' title="bbox 2052 789 3699 864">
    <p class='ocr_par' dir='ltr' id='par_1_23' title="bbox 2052 789 3699 864">
     <span class='ocr_line' id='line_1_23' title="bbox 2052 789 3699 864; baseline 0.002 -19"><span class='ocrx_word' id='word_1_146' title='bbox 2052 789 2275 857; x_wconf 78' lang='lat' dir='ltr'><strong>habuit,</strong></span> <span class='ocrx_word' id='word_1_147' title='bbox 2299 790 2709 861; x_wconf 79' lang='lat' dir='ltr'><strong>Tisiphonum,</strong></span> <span class='ocrx_word' id='word_1_148' title='bbox 2728 791 3108 864; x_wconf 79' lang='lat' dir='ltr'><strong>Lchpbrona</strong></span> <span class='ocrx_word' id='word_1_149' title='bbox 3127 800 3182 847; x_wconf 90' lang='lat' dir='ltr'><strong>et</strong></span> <span class='ocrx_word' id='word_1_150' title='bbox 3206 791 3699 864; x_wconf 79' lang='lat' dir='ltr'><strong>Pytholaum.Hos</strong></span> 
     </span>
    </p>
   </div>
   <div class='ocr_carea' id='block_1_24' title="bbox 2049 879 3702 952">
    <p class='ocr_par' dir='ltr' id='par_1_24' title="bbox 2049 879 3702 952">
     <span class='ocr_line' id='line_1_24' title="bbox 2049 879 3702 952; baseline 0.001 -17"><span class='ocrx_word' id='word_1_151' title='bbox 2049 879 2375 935; x_wconf 80' lang='lat' dir='ltr'><strong>Alexander</strong></span> <span class='ocrx_word' id='word_1_152' title='bbox 2428 879 2527 935; x_wconf 89' lang='lat' dir='ltr'><strong>ille</strong></span> <span class='ocrx_word' id='word_1_153' title='bbox 2582 881 2948 936; x_wconf 70' lang='lat' dir='ltr'><strong>Pheraeorum</strong></span> <span class='ocrx_word' id='word_1_154' title='bbox 3011 886 3317 952; x_wconf 85' lang='lat' dir='ltr'><strong>suspectos</strong></span> <span class='ocrx_word' id='word_1_155' title='bbox 3366 881 3609 946; x_wconf 85' lang='lat' dir='ltr'><strong>habens,</strong></span> <span class='ocrx_word' id='word_1_156' title='bbox 3668 895 3702 936; x_wconf 82' lang='grc' dir='ltr'>θ</span> 
     </span>
    </p>
   </div>
   <div class='ocr_carea' id='block_1_25' title="bbox 2052 966 3700 1042">
    <p class='ocr_par' dir='ltr' id='par_1_25' title="bbox 2052 966 3700 1042">
     <span class='ocr_line' id='line_1_25' title="bbox 2052 966 3700 1042; baseline 0.001 -17"><span class='ocrx_word' id='word_1_157' title='bbox 2052 969 2245 1025; x_wconf 90' lang='lat' dir='ltr'><strong>medio</strong></span> <span class='ocrx_word' id='word_1_158' title='bbox 2302 966 2502 1024; x_wconf 88' lang='lat' dir='ltr'><strong>tollere</strong></span> <span class='ocrx_word' id='word_1_159' title='bbox 2561 970 2850 1025; x_wconf 90' lang='lat' dir='ltr'><strong>studebat.</strong></span> <span class='ocrx_word' id='word_1_160' title='bbox 2905 971 3150 1042; x_wconf 86' lang='lat' dir='ltr'><strong>Cognito</strong></span> <span class='ocrx_word' id='word_1_161' title='bbox 3207 975 3402 1026; x_wconf 87' lang='lat' dir='ltr'><strong>autem</strong></span> <span class='ocrx_word' id='word_1_162' title='bbox 3461 969 3700 1026; x_wconf 86' lang='lat' dir='ltr'><strong>Theben</strong></span> 
     </span>
    </p>
   </div>
   <div class='ocr_carea' id='block_1_26' title="bbox 2051 1058 3702 1129">
    <p class='ocr_par' dir='ltr' id='par_1_26' title="bbox 2051 1058 3702 1129">
     <span class='ocr_line' id='line_1_26' title="bbox 2051 1058 3702 1129; baseline 0.001 -16"><span class='ocrx_word' id='word_1_163' title='bbox 2051 1073 2426 1129; x_wconf 81' lang='lat' dir='ltr'><strong>nequaquam</strong></span> <span class='ocrx_word' id='word_1_164' title='bbox 2466 1074 2632 1128; x_wconf 68' lang='lat' dir='ltr'><strong>aequo</strong></span> <span class='ocrx_word' id='word_1_165' title='bbox 2668 1058 2914 1114; x_wconf 88' lang='lat' dir='ltr'><strong>laturam</strong></span> <span class='ocrx_word' id='word_1_166' title='bbox 2948 1059 3142 1114; x_wconf 90' lang='lat' dir='ltr'><strong>animo</strong></span> <span class='ocrx_word' id='word_1_167' title='bbox 3175 1059 3536 1115; x_wconf 88' lang='lat' dir='ltr'><strong>uterinorum</strong></span> <span class='ocrx_word' id='word_1_168' title='bbox 3570 1074 3702 1114; x_wconf 88' lang='lat' dir='ltr'><strong>suo-</strong></span> 
     </span>
    </p>
   </div>
   <div class='ocr_carea' id='block_1_27' title="bbox 2053 1146 3703 1219">
    <p class='ocr_par' dir='ltr' id='par_1_27' title="bbox 2053 1146 3703 1219">
     <span class='ocr_line' id='line_1_27' title="bbox 2053 1146 3703 1219; baseline -0.001 -15"><span class='ocrx_word' id='word_1_169' title='bbox 2053 1164 2181 1204; x_wconf 91' lang='lat' dir='ltr'><strong>rum</strong></span> <span class='ocrx_word' id='word_1_170' title='bbox 2215 1148 2454 1203; x_wconf 76' lang='lat' dir='ltr'><strong>fratrum</strong></span> <span class='ocrx_word' id='word_1_171' title='bbox 2487 1147 2728 1217; x_wconf 65' lang='lat' dir='ltr'><strong>cedem,</strong></span> <span class='ocrx_word' id='word_1_172' title='bbox 2758 1147 2945 1218; x_wconf 84' lang='lat' dir='ltr'><strong>ipsam</strong></span> <span class='ocrx_word' id='word_1_173' title='bbox 2980 1161 3212 1219; x_wconf 89' lang='lat' dir='ltr'><strong>quoque</strong></span> <span class='ocrx_word' id='word_1_174' title='bbox 3241 1146 3575 1202; x_wconf 73' lang='lat' dir='ltr'><strong>interimere</strong></span> <span class='ocrx_word' id='word_1_175' title='bbox 3602 1147 3703 1202; x_wconf 83' lang='lat' dir='ltr'><strong>de-</strong></span> 
     </span>
    </p>
   </div>
   <div class='ocr_carea' id='block_1_28' title="bbox 2051 1234 3698 1307">
    <p class='ocr_par' dir='ltr' id='par_1_28' title="bbox 2051 1234 3698 1307">
     <span class='ocr_line' id='line_1_28' title="bbox 2051 1234 3698 1307; baseline 0 -16"><span class='ocrx_word' id='word_1_176' title='bbox 2051 1235 2250 1291; x_wconf 86' lang='lat' dir='ltr'><strong>crevit.</strong></span> <span class='ocrx_word' id='word_1_177' title='bbox 2309 1236 2551 1291; x_wconf 86' lang='lat' dir='ltr'><strong>Sobrius</strong></span> <span class='ocrx_word' id='word_1_178' title='bbox 2607 1234 2786 1307; x_wconf 83' lang='lat' dir='ltr'><strong>igitur</strong></span> <span class='ocrx_word' id='word_1_179' title='bbox 2842 1235 3010 1292; x_wconf 82' lang='lat' dir='ltr'><strong>facile</strong></span> <span class='ocrx_word' id='word_1_180' title='bbox 3068 1235 3379 1292; x_wconf 84' lang='lat' dir='ltr'><strong>consilium</strong></span> <span class='ocrx_word' id='word_1_181' title='bbox 3428 1238 3698 1306; x_wconf 79' lang='lat' dir='ltr'><strong>tegebat:</strong></span> 
     </span>
    </p>
   </div>
   <div class='ocr_carea' id='block_1_29' title="bbox 2051 1325 3697 1398">
    <p class='ocr_par' dir='ltr' id='par_1_29' title="bbox 2051 1325 3697 1398">
     <span class='ocr_line' id='line_1_29' title="bbox 2051 1325 3697 1398; baseline -0.001 -17"><span class='ocrx_word' id='word_1_182' title='bbox 2051 1330 2112 1382; x_wconf 92' lang='lat' dir='ltr'><strong>at</strong></span> <span class='ocrx_word' id='word_1_183' title='bbox 2142 1325 2277 1382; x_wconf 93' lang='lat' dir='ltr'><strong>vino</strong></span> <span class='ocrx_word' id='word_1_184' title='bbox 2309 1331 2517 1396; x_wconf 89' lang='lat' dir='ltr'><strong>captus</strong></span> <span class='ocrx_word' id='word_1_185' title='bbox 2548 1325 2836 1398; x_wconf 87' lang='lat' dir='ltr'><strong>(ebriosus</strong></span> <span class='ocrx_word' id='word_1_186' title='bbox 2866 1326 3021 1382; x_wconf 84' lang='lat' dir='ltr'><strong>enim</strong></span> <span class='ocrx_word' id='word_1_187' title='bbox 3053 1328 3200 1398; x_wconf 88' lang='lat' dir='ltr'><strong>erat)</strong></span> <span class='ocrx_word' id='word_1_188' title='bbox 3232 1343 3352 1383; x_wconf 88' lang='lat' dir='ltr'><strong>rem</strong></span> <span class='ocrx_word' id='word_1_189' title='bbox 3385 1326 3697 1398; x_wconf 88' lang='lat' dir='ltr'><strong>aperiebat.</strong></span> 
     </span>
    </p>
   </div>
   <div class='ocr_carea' id='block_1_30' title="bbox 2053 1414 3699 1486">
    <p class='ocr_par' dir='ltr' id='par_1_30' title="bbox 2053 1414 3699 1486">
     <span class='ocr_line' id='line_1_30' title="bbox 2053 1414 3699 1486; baseline 0 -15"><span class='ocrx_word' id='word_1_190' title='bbox 2053 1414 2126 1472; x_wconf 89' lang='lat' dir='ltr'><strong>Ut</strong></span> <span class='ocrx_word' id='word_1_191' title='bbox 2180 1431 2316 1486; x_wconf 91' lang='lat' dir='ltr'><strong>ergo</strong></span> <span class='ocrx_word' id='word_1_192' title='bbox 2375 1414 2572 1471; x_wconf 89' lang='lat' dir='ltr'><strong>Thebe</strong></span> <span class='ocrx_word' id='word_1_193' title='bbox 2629 1414 2941 1471; x_wconf 87' lang='lat' dir='ltr'><strong>consilium</strong></span> <span class='ocrx_word' id='word_1_194' title='bbox 2999 1415 3145 1471; x_wconf 90' lang='lat' dir='ltr'><strong>illud</strong></span> <span class='ocrx_word' id='word_1_195' title='bbox 3201 1415 3508 1482; x_wconf 77' lang='lat' dir='ltr'><strong>intellexit,</strong></span> <span class='ocrx_word' id='word_1_196' title='bbox 3567 1416 3699 1472; x_wconf 89' lang='lat' dir='ltr'><strong>dato</strong></span> 
     </span>
    </p>
   </div>
   <div class='ocr_carea' id='block_1_31' title="bbox 2053 1503 3698 1576">
    <p class='ocr_par' dir='ltr' id='par_1_31' title="bbox 2053 1503 3698 1576">
     <span class='ocr_line' id='line_1_31' title="bbox 2053 1503 3698 1576; baseline 0 -16"><span class='ocrx_word' id='word_1_197' title='bbox 2053 1503 2308 1576; x_wconf 83' lang='lat' dir='ltr'><strong>singulis</strong></span> <span class='ocrx_word' id='word_1_198' title='bbox 2359 1503 2635 1560; x_wconf 82' lang='lat' dir='ltr'><strong>fratribus</strong></span> <span class='ocrx_word' id='word_1_199' title='bbox 2685 1504 2958 1576; x_wconf 81' lang='lat' dir='ltr'><strong>pugione,</strong></span> <span class='ocrx_word' id='word_1_200' title='bbox 2991 1506 3056 1560; x_wconf 89' lang='lat' dir='ltr'><strong>ad</strong></span> <span class='ocrx_word' id='word_1_201' title='bbox 3090 1506 3300 1561; x_wconf 65' lang='lat' dir='ltr'><strong>eadem</strong></span> <span class='ocrx_word' id='word_1_202' title='bbox 3353 1506 3698 1573; x_wconf 85' lang='lat' dir='ltr'><strong>faciendam,</strong></span> 
     </span>
    </p>
   </div>
   <div class='ocr_carea' id='block_1_32' title="bbox 2057 1592 3702 1665">
    <p class='ocr_par' dir='ltr' id='par_1_32' title="bbox 2057 1592 3702 1665">
     <span class='ocr_line' id='line_1_32' title="bbox 2057 1592 3702 1665; baseline 0.001 -17"><span class='ocrx_word' id='word_1_203' title='bbox 2057 1597 2121 1648; x_wconf 90' lang='lat' dir='ltr'><strong>ut</strong></span> <span class='ocrx_word' id='word_1_204' title='bbox 2150 1609 2211 1648; x_wconf 91' lang='lat' dir='ltr'><strong>se</strong></span> <span class='ocrx_word' id='word_1_205' title='bbox 2245 1597 2605 1665; x_wconf 80' lang='lat' dir='ltr'><strong>comparent,</strong></span> <span class='ocrx_word' id='word_1_206' title='bbox 2635 1592 2920 1650; x_wconf 83' lang='lat' dir='ltr'><strong>hortatur.</strong></span> <span class='ocrx_word' id='word_1_207' title='bbox 2955 1592 3088 1665; x_wconf 90' lang='lat' dir='ltr'><strong>Ipsa</strong></span> <span class='ocrx_word' id='word_1_208' title='bbox 3119 1593 3511 1650; x_wconf 84' lang='lat' dir='ltr'><strong>Alexandrum</strong></span> <span class='ocrx_word' id='word_1_209' title='bbox 3544 1609 3702 1651; x_wconf 87' lang='lat' dir='ltr'><strong>mero</strong></span> 
     </span>
    </p>
   </div>
   <div class='ocr_carea' id='block_1_33' title="bbox 2055 1681 3700 1752">
    <p class='ocr_par' dir='ltr' id='par_1_33' title="bbox 2055 1681 3700 1752">
     <span class='ocr_line' id='line_1_33' title="bbox 2055 1681 3700 1752; baseline 0.001 -15"><span class='ocrx_word' id='word_1_210' title='bbox 2055 1683 2306 1752; x_wconf 90' lang='lat' dir='ltr'><strong>implens</strong></span> <span class='ocrx_word' id='word_1_211' title='bbox 2337 1687 2394 1737; x_wconf 93' lang='lat' dir='ltr'><strong>et</strong></span> <span class='ocrx_word' id='word_1_212' title='bbox 2424 1681 2675 1752; x_wconf 88' lang='lat' dir='ltr'><strong>sopiens,</strong></span> <span class='ocrx_word' id='word_1_213' title='bbox 2707 1681 2970 1738; x_wconf 85' lang='lat' dir='ltr'><strong>dimissis</strong></span> <span class='ocrx_word' id='word_1_214' title='bbox 2991 1697 3022 1738; x_wconf 90' lang='lat' dir='ltr'><strong>e</strong></span> <span class='ocrx_word' id='word_1_215' title='bbox 3051 1683 3311 1740; x_wconf 84' lang='lat' dir='ltr'><strong>conclavi</strong></span> <span class='ocrx_word' id='word_1_216' title='bbox 3342 1682 3700 1749; x_wconf 81' lang='lat' dir='ltr'><strong>custodibus,</strong></span> 
     </span>
    </p>
   </div>
   <div class='ocr_carea' id='block_1_34' title="bbox 289 1760 1941 1845">
    <p class='ocr_par' dir='ltr' id='par_1_34' title="bbox 289 1763 1941 1845">
     <span class='ocr_line' id='line_1_34' title="bbox 289 1763 1941 1845; baseline 0 -22"><span class='ocrx_word' id='word_1_217' title='bbox 289 1769 548 1842; x_wconf 85' lang='grc' dir='ltr'>λουτροῖς</span> <span class='ocrx_word' id='word_1_218' title='bbox 578 1767 930 1843; x_wconf 73' lang='grc' dir='ltr'>χρησομένη,</span> <span class='ocrx_word' id='word_1_219' title='bbox 960 1767 1047 1822; x_wconf 80' lang='grc' dir='ltr'><strong>καὶ</strong></span> <span class='ocrx_word' id='word_1_220' title='bbox 1081 1767 1210 1828; x_wconf 83' lang='grc' dir='ltr'>τοὺς</span> <span class='ocrx_word' id='word_1_221' title='bbox 1255 1764 1527 1845; x_wconf 82' lang='grc' dir='ltr'>ἀδελφοὺς</span> <span class='ocrx_word' id='word_1_222' title='bbox 1555 1766 1644 1823; x_wconf 73' lang='grc' dir='ltr'>ἐπὶ</span> <span class='ocrx_word' id='word_1_223' title='bbox 1689 1768 1751 1824; x_wconf 89' lang='grc' dir='ltr'>τὸ</span> <span class='ocrx_word' id='word_1_224' title='bbox 1792 1763 1941 1844; x_wconf 78' lang='grc' dir='ltr'>ἔργον</span> 
     </span>
    </p>
   </div>
   <div class='ocr_carea' id='block_1_35' title="bbox 2057 1760 3700 1845">
    <p class='ocr_par' dir='ltr' id='par_1_35' title="bbox 2057 1771 3700 1845">
     <span class='ocr_line' id='line_1_35' title="bbox 2057 1771 3700 1845; baseline 0 -19"><span class='ocrx_word' id='word_1_225' title='bbox 2057 1771 2299 1845; x_wconf 60' lang='lat' dir='ltr'><strong>quaesito</strong></span> <span class='ocrx_word' id='word_1_226' title='bbox 2357 1771 2569 1838; x_wconf 89' lang='lat' dir='ltr'><strong>colore,</strong></span> <span class='ocrx_word' id='word_1_227' title='bbox 2630 1771 2800 1843; x_wconf 89' lang='lat' dir='ltr'><strong>quasi</strong></span> <span class='ocrx_word' id='word_1_228' title='bbox 2857 1771 2918 1827; x_wconf 89' lang='lat' dir='ltr'><strong>in</strong></span> <span class='ocrx_word' id='word_1_229' title='bbox 2980 1771 3184 1829; x_wconf 88' lang='lat' dir='ltr'><strong>balneo</strong></span> <span class='ocrx_word' id='word_1_230' title='bbox 3255 1772 3449 1828; x_wconf 87' lang='lat' dir='ltr'><strong>lavare</strong></span> <span class='ocrx_word' id='word_1_231' title='bbox 3507 1771 3700 1840; x_wconf 87' lang='lat' dir='ltr'><strong>vellet,</strong></span> 
     </span>
    </p>
   </div>
   <div class='ocr_carea' id='block_1_36' title="bbox 288 1852 1944 1926">
    <p class='ocr_par' dir='ltr' id='par_1_36' title="bbox 288 1852 1944 1926">
     <span class='ocr_line' id='line_1_36' title="bbox 288 1852 1944 1926; baseline 0 -13"><span class='ocrx_word' id='word_1_232' title='bbox 288 1854 499 1915; x_wconf 76' lang='grc' dir='ltr'>ἐκάλει.</span> <span class='ocrx_word' id='word_1_233' title='bbox 532 1857 602 1914; x_wconf 76' lang='grc' dir='ltr'><strong>Οἱ</strong></span> <span class='ocrx_word' id='word_1_234' title='bbox 634 1852 691 1911; x_wconf 72' lang='grc' dir='ltr'>δὶ</span> <span class='ocrx_word' id='word_1_235' title='bbox 729 1853 1074 1926; x_wconf 83' lang='grc' dir='ltr'>ἀπεδειλίων,</span> <span class='ocrx_word' id='word_1_236' title='bbox 1117 1855 1208 1912; x_wconf 76' lang='grc' dir='ltr'><strong>καὶ</strong></span> <span class='ocrx_word' id='word_1_237' title='bbox 1243 1854 1480 1926; x_wconf 88' lang='grc' dir='ltr'>μάλιστα</span> <span class='ocrx_word' id='word_1_238' title='bbox 1521 1855 1697 1913; x_wconf 82' lang='grc' dir='ltr'>αὐτῶν</span> <span class='ocrx_word' id='word_1_239' title='bbox 1731 1858 1758 1912; x_wconf 89' lang='grc' dir='ltr'><strong>ὁ</strong></span> <span class='ocrx_word' id='word_1_240' title='bbox 1810 1859 1944 1913; x_wconf 78' lang='grc' dir='ltr'>νεώ·</span> 
     </span>
    </p>
   </div>
   <div class='ocr_carea' id='block_1_37' title="bbox 285 1941 1944 2020">
    <p class='ocr_par' dir='ltr' id='par_1_37' title="bbox 285 1941 1944 2020">
     <span class='ocr_line' id='line_1_37' title="bbox 285 1941 1944 2020; baseline 0.001 -18"><span class='ocrx_word' id='word_1_241' title='bbox 285 1966 450 2009; x_wconf 89' lang='grc' dir='ltr'>τατος</span> <span class='ocrx_word' id='word_1_242' title='bbox 484 1947 556 2004; x_wconf 72' lang='lat'><strong>“.</strong></span> <span class='ocrx_word' id='word_1_243' title='bbox 590 1945 654 2000; x_wconf 86' lang='grc' dir='ltr'><strong><em>Ἦ</em></strong></span> <span class='ocrx_word' id='word_1_244' title='bbox 701 1941 758 2002; x_wconf 69' lang='grc' dir='ltr'>δὲ</span> <span class='ocrx_word' id='word_1_245' title='bbox 788 1942 934 2001; x_wconf 75' lang='grc' dir='ltr'>ἄλλα</span> <span class='ocrx_word' id='word_1_246' title='bbox 961 1966 1020 2001; x_wconf 89' lang='grc' dir='ltr'><strong>τε</strong></span> <span class='ocrx_word' id='word_1_247' title='bbox 1066 1942 1562 2020; x_wconf 79' lang='grc' dir='ltr'>διαπειλησαμένη,</span> <span class='ocrx_word' id='word_1_248' title='bbox 1594 1948 1683 2002; x_wconf 82' lang='grc' dir='ltr'><strong>καὶ</strong></span> <span class='ocrx_word' id='word_1_249' title='bbox 1728 1948 1804 2009; x_wconf 82' lang='grc' dir='ltr'>ὡς</span> <span class='ocrx_word' id='word_1_250' title='bbox 1849 1949 1944 2004; x_wconf 88' lang='grc' dir='ltr'><strong>τὸν</strong></span> 
     </span>
    </p>
   </div>
   <div class='ocr_carea' id='block_1_38' title="bbox 281 2032 1942 2112">
    <p class='ocr_par' dir='ltr' id='par_1_38' title="bbox 281 2032 1942 2112">
     <span class='ocr_line' id='line_1_38' title="bbox 281 2032 1942 2112; baseline -0.001 -19"><span class='ocrx_word' id='word_1_251' title='bbox 281 2032 651 2110; x_wconf 75' lang='grc' dir='ltr'>Ἀλέξανδρον</span> <span class='ocrx_word' id='word_1_252' title='bbox 725 2034 918 2092; x_wconf 81' lang='grc' dir='ltr'>αὐτίκα</span> <span class='ocrx_word' id='word_1_253' title='bbox 981 2037 1028 2072; x_wconf 75' lang='grc'>⁸⁸</span> <span class='ocrx_word' id='word_1_254' title='bbox 1093 2035 1336 2112; x_wconf 86' lang='grc' dir='ltr'>ἀνεγερεῖ</span> <span class='ocrx_word' id='word_1_255' title='bbox 1401 2035 1492 2092; x_wconf 75' lang='grc' dir='ltr'><strong>καὶ</strong></span> <span class='ocrx_word' id='word_1_256' title='bbox 1557 2037 1942 2111; x_wconf 82' lang='grc' dir='ltr'>καταγορεύσει</span> 
     </span>
    </p>
   </div>
   <div class='ocr_carea' id='block_1_39' title="bbox 285 2123 1943 2205">
    <p class='ocr_par' dir='ltr' id='par_1_39' title="bbox 285 2123 1943 2205">
     <span class='ocr_line' id='line_1_39' title="bbox 285 2123 1943 2205; baseline -0.001 -21"><span class='ocrx_word' id='word_1_257' title='bbox 285 2128 466 2184; x_wconf 74' lang='grc' dir='ltr'>αὐτῶν</span> <span class='ocrx_word' id='word_1_258' title='bbox 533 2127 628 2182; x_wconf 84' lang='grc' dir='ltr'><strong>τὸν</strong></span> <span class='ocrx_word' id='word_1_259' title='bbox 682 2126 865 2205; x_wconf 81' lang='grc' dir='ltr'>φόνον,</span> <span class='ocrx_word' id='word_1_260' title='bbox 920 2124 1135 2202; x_wconf 79' lang='grc' dir='ltr'>θαῤῥεῖν</span> <span class='ocrx_word' id='word_1_261' title='bbox 1196 2126 1391 2192; x_wconf 76' lang='grc' dir='ltr'>αὐτοὺς</span> <span class='ocrx_word' id='word_1_262' title='bbox 1453 2123 1708 2184; x_wconf 73' lang='grc' dir='ltr'>ἐϐιάσατο</span> <span class='ocrx_word' id='word_1_263' title='bbox 1766 2147 1782 2165; x_wconf 80' lang='grc' dir='ltr'><strong><em>ο</em></strong></span> <span class='ocrx_word' id='word_1_264' title='bbox 1851 2128 1943 2184; x_wconf 83' lang='grc' dir='ltr'><strong>καὶ</strong></span> 
     </span>
    </p>
   </div>
   <div class='ocr_carea' id='block_1_40' title="bbox 283 2212 1942 2290">
    <p class='ocr_par' dir='ltr' id='par_1_40' title="bbox 283 2212 1942 2290">
     <span class='ocr_line' id='line_1_40' title="bbox 283 2212 1942 2290; baseline -0.001 -17"><span class='ocrx_word' id='word_1_265' title='bbox 283 2217 560 2273; x_wconf 77' lang='grc' dir='ltr'>κτείνουσι</span> <span class='ocrx_word' id='word_1_266' title='bbox 593 2216 948 2290; x_wconf 89' lang='grc' dir='ltr'>κοιμώμενον</span> <span class='ocrx_word' id='word_1_267' title='bbox 987 2215 1082 2271; x_wconf 88' lang='grc' dir='ltr'>τὸν</span> <span class='ocrx_word' id='word_1_268' title='bbox 1116 2214 1492 2288; x_wconf 75' lang='grc' dir='ltr'>Ἀλέξανδρον.</span> <span class='ocrx_word' id='word_1_269' title='bbox 1523 2212 1681 2288; x_wconf 80' lang='grc' dir='ltr'>Θήϐη</span> <span class='ocrx_word' id='word_1_270' title='bbox 1715 2213 1771 2272; x_wconf 73' lang='grc' dir='ltr'>δὲ</span> <span class='ocrx_word' id='word_1_271' title='bbox 1815 2216 1942 2279; x_wconf 81' lang='grc' dir='ltr'>τοὺς</span> 
     </span>
    </p>
   </div>
   <div class='ocr_carea' id='block_1_41' title="bbox 283 2301 1940 2382">
    <p class='ocr_par' dir='ltr' id='par_1_41' title="bbox 283 2301 1940 2382">
     <span class='ocr_line' id='line_1_41' title="bbox 283 2301 1940 2382; baseline 0.002 -22"><span class='ocrx_word' id='word_1_272' title='bbox 283 2305 560 2382; x_wconf 72' lang='grc' dir='ltr'>ἡγεμόνας</span> <span class='ocrx_word' id='word_1_273' title='bbox 603 2308 712 2360; x_wconf 90' lang='grc' dir='ltr'><strong>τῶν</strong></span> <span class='ocrx_word' id='word_1_274' title='bbox 763 2302 1024 2380; x_wconf 84' lang='grc' dir='ltr'>φυλάκων</span> <span class='ocrx_word' id='word_1_275' title='bbox 1073 2301 1525 2379; x_wconf 78' lang='grc' dir='ltr'>εἷσκαλεσαμένη,</span> <span class='ocrx_word' id='word_1_276' title='bbox 1573 2307 1663 2362; x_wconf 82' lang='grc' dir='ltr'><strong>καὶ</strong></span> <span class='ocrx_word' id='word_1_277' title='bbox 1719 2308 1787 2361; x_wconf 82' lang='grc' dir='ltr'><strong>τὰ</strong></span> <span class='ocrx_word' id='word_1_278' title='bbox 1846 2309 1940 2380; x_wconf 74' lang='grc' dir='ltr'>μὲν</span> 
     </span>
    </p>
   </div>
   <div class='ocr_carea' id='block_1_42' title="bbox 286 2390 1941 2470">
    <p class='ocr_par' dir='ltr' id='par_1_42' title="bbox 286 2390 1941 2470">
     <span class='ocr_line' id='line_1_42' title="bbox 286 2390 1941 2470; baseline 0.001 -20"><span class='ocrx_word' id='word_1_279' title='bbox 286 2393 542 2458; x_wconf 81' lang='grc' dir='ltr'>ἀπειλαῖς</span> <span class='ocrx_word' id='word_1_280' title='bbox 601 2394 668 2448; x_wconf 81' lang='grc' dir='ltr'><strong>τὰ</strong></span> <span class='ocrx_word' id='word_1_281' title='bbox 735 2390 784 2448; x_wconf 83' lang='grc' dir='ltr'>δ’</span> <span class='ocrx_word' id='word_1_282' title='bbox 849 2392 1199 2470; x_wconf 70' lang='grc' dir='ltr'>ἐπαγγελίαις</span> <span class='ocrx_word' id='word_1_283' title='bbox 1265 2394 1570 2450; x_wconf 79' lang='grc' dir='ltr'>ὑπελθοῦσα</span> <span class='ocrx_word' id='word_1_284' title='bbox 1635 2397 1701 2465; x_wconf 75' lang='grc'><strong>³⁸,</strong></span> <span class='ocrx_word' id='word_1_285' title='bbox 1769 2395 1941 2452; x_wconf 88' lang='grc' dir='ltr'>πείθει</span> 
     </span>
    </p>
   </div>
   <div class='ocr_carea' id='block_1_43' title="bbox 289 2481 1943 2560">
    <p class='ocr_par' dir='ltr' id='par_1_43' title="bbox 289 2481 1943 2560">
     <span class='ocr_line' id='line_1_43' title="bbox 289 2481 1943 2560; baseline 0.002 -22"><span class='ocrx_word' id='word_1_286' title='bbox 289 2483 814 2559; x_wconf 80' lang='grc' dir='ltr'>συγκατασκευάζειν</span> <span class='ocrx_word' id='word_1_287' title='bbox 869 2483 1008 2558; x_wconf 72' lang='grc' dir='ltr'>αὐτῇ</span> <span class='ocrx_word' id='word_1_288' title='bbox 1056 2485 1156 2554; x_wconf 77' lang='grc' dir='ltr'>τὴν</span> <span class='ocrx_word' id='word_1_289' title='bbox 1211 2481 1518 2560; x_wconf 77' lang='grc' dir='ltr'>τυραννίδα.</span> <span class='ocrx_word' id='word_1_290' title='bbox 1583 2487 1679 2543; x_wconf 82' lang='grc' dir='ltr'>Καὶ</span> <span class='ocrx_word' id='word_1_291' title='bbox 1739 2487 1792 2542; x_wconf 72' lang='grc' dir='ltr'>οἱ</span> <span class='ocrx_word' id='word_1_292' title='bbox 1849 2488 1943 2560; x_wconf 77' lang='grc' dir='ltr'>μὲν</span> 
     </span>
    </p>
   </div>
   <div class='ocr_carea' id='block_1_44' title="bbox 285 2570 1941 2654">
    <p class='ocr_par' dir='ltr' id='par_1_44' title="bbox 285 2570 1941 2654">
     <span class='ocr_line' id='line_1_44' title="bbox 285 2570 1941 2654; baseline 0.002 -25"><span class='ocrx_word' id='word_1_293' title='bbox 285 2572 607 2648; x_wconf 69' lang='grc' dir='ltr'>ἐπέτρεπον.</span> <span class='ocrx_word' id='word_1_294' title='bbox 649 2571 752 2631; x_wconf 80' lang='grc' dir='ltr'>Καὶ</span> <span class='ocrx_word' id='word_1_295' title='bbox 782 2571 918 2643; x_wconf 81' lang='grc' dir='ltr'><strong>αύτή</strong></span> <span class='ocrx_word' id='word_1_296' title='bbox 951 2574 1050 2642; x_wconf 78' lang='grc' dir='ltr'>τὴν</span> <span class='ocrx_word' id='word_1_297' title='bbox 1087 2574 1182 2647; x_wconf 79' lang='grc' dir='ltr'>μὲν</span> <span class='ocrx_word' id='word_1_298' title='bbox 1217 2572 1375 2652; x_wconf 77' lang='grc' dir='ltr'>ἰσχὺν</span> <span class='ocrx_word' id='word_1_299' title='bbox 1409 2570 1648 2654; x_wconf 81' lang='grc' dir='ltr'>δέχεται,</span> <span class='ocrx_word' id='word_1_300' title='bbox 1697 2573 1941 2650; x_wconf 75' lang='grc' dir='ltr'>τοῦνομα</span> 
     </span>
    </p>
   </div>
   <div class='ocr_carea' id='block_1_45' title="bbox 287 2660 1938 2746">
    <p class='ocr_par' dir='ltr' id='par_1_45' title="bbox 287 2660 1938 2746">
     <span class='ocr_line' id='line_1_45' title="bbox 287 2660 1938 2746; baseline 0.002 -27"><span class='ocrx_word' id='word_1_301' title='bbox 287 2661 344 2719; x_wconf 73' lang='grc' dir='ltr'><strong>ὂὶ</strong></span> <span class='ocrx_word' id='word_1_302' title='bbox 374 2665 467 2719; x_wconf 77' lang='grc' dir='ltr'><strong>καὶ</strong></span> <span class='ocrx_word' id='word_1_303' title='bbox 500 2665 602 2732; x_wconf 76' lang='grc' dir='ltr'>τὴν</span> <span class='ocrx_word' id='word_1_304' title='bbox 653 2660 808 2734; x_wconf 78' lang='grc' dir='ltr'>δόξαν</span> <span class='ocrx_word' id='word_1_305' title='bbox 854 2667 958 2730; x_wconf 82' lang='grc' dir='ltr'><strong>τῆς</strong></span> <span class='ocrx_word' id='word_1_306' title='bbox 1003 2661 1322 2740; x_wconf 76' lang='grc' dir='ltr'>τυραννίδος</span> <span class='ocrx_word' id='word_1_307' title='bbox 1363 2665 1644 2746; x_wconf 85' lang='grc' dir='ltr'>Τισιφόνῳ</span> <span class='ocrx_word' id='word_1_308' title='bbox 1673 2671 1753 2739; x_wconf 78' lang='grc' dir='ltr'>τῷ</span> <span class='ocrx_word' id='word_1_309' title='bbox 1799 2687 1938 2743; x_wconf 81' lang='grc' dir='ltr'>πρε-</span> 
     </span>
    </p>
   </div>
   <div class='ocr_carea' id='block_1_46' title="bbox 285 2747 1276 2832">
    <p class='ocr_par' dir='ltr' id='par_1_46' title="bbox 285 2747 1276 2832">
     <span class='ocr_line' id='line_1_46' title="bbox 285 2747 1276 2832; baseline 0.003 -23"><span class='ocrx_word' id='word_1_310' title='bbox 285 2747 541 2826; x_wconf 82' lang='grc' dir='ltr'>σϐυτάτῳ</span> <span class='ocrx_word' id='word_1_311' title='bbox 571 2755 617 2792; x_wconf 77' lang='grc'><strong>³⁷</strong></span> <span class='ocrx_word' id='word_1_312' title='bbox 647 2758 755 2810; x_wconf 89' lang='grc' dir='ltr'><strong>τῶν</strong></span> <span class='ocrx_word' id='word_1_313' title='bbox 783 2749 1033 2832; x_wconf 84' lang='grc' dir='ltr'>ἀδελφῶν</span> <span class='ocrx_word' id='word_1_314' title='bbox 1066 2751 1276 2814; x_wconf 82' lang='grc' dir='ltr'>δίδωσι.</span> 
     </span>
    </p>
   </div>
   <div class='ocr_carea' id='block_1_47' title="bbox 355 2935 1938 3011">
    <p class='ocr_par' dir='ltr' id='par_1_47' title="bbox 355 2935 1938 3011">
     <span class='ocr_line' id='line_1_47' title="bbox 355 2935 1938 3011; baseline 0 -17"><span class='ocrx_word' id='word_1_315' title='bbox 355 2940 540 2995; x_wconf 74' lang='grc' dir='ltr'>Ταῦτα</span> <span class='ocrx_word' id='word_1_316' title='bbox 596 2935 695 3009; x_wconf 74' lang='grc' dir='ltr'>μὶν</span> <span class='ocrx_word' id='word_1_317' title='bbox 740 2939 848 2990; x_wconf 87' lang='grc' dir='ltr'><strong>τῶν</strong></span> <span class='ocrx_word' id='word_1_318' title='bbox 909 2935 1156 2998; x_wconf 75' lang='grc' dir='ltr'>Κόνωνος</span> <span class='ocrx_word' id='word_1_319' title='bbox 1202 2944 1242 2990; x_wconf 87' lang='grc' dir='ltr'>ν’</span> <span class='ocrx_word' id='word_1_320' title='bbox 1301 2935 1631 3011; x_wconf 78' lang='grc' dir='ltr'>διηγήσεων.</span> <span class='ocrx_word' id='word_1_321' title='bbox 1693 2937 1938 3001; x_wconf 82' lang='grc' dir='ltr'>Ἀττικὸς</span> 
     </span>
    </p>
   </div>
   <div class='ocr_carea' id='block_1_48' title="bbox 284 3023 1941 3103">
    <p class='ocr_par' dir='ltr' id='par_1_48' title="bbox 284 3023 1941 3103">
     <span class='ocr_line' id='line_1_48' title="bbox 284 3023 1941 3103; baseline 0.001 -21"><span class='ocrx_word' id='word_1_322' title='bbox 284 3027 342 3084; x_wconf 65' lang='lat' dir='ltr'><strong>Si</strong></span> <span class='ocrx_word' id='word_1_323' title='bbox 385 3028 488 3095; x_wconf 76' lang='grc' dir='ltr'><strong>τήν</strong></span> <span class='ocrx_word' id='word_1_324' title='bbox 540 3023 734 3103; x_wconf 85' lang='grc' dir='ltr'>φράσιν</span> <span class='ocrx_word' id='word_1_325' title='bbox 775 3023 914 3093; x_wconf 80' lang='grc' dir='ltr'>ἐστὶ,</span> <span class='ocrx_word' id='word_1_326' title='bbox 959 3029 1077 3087; x_wconf 87' lang='grc' dir='ltr'>ταῖς</span> <span class='ocrx_word' id='word_1_327' title='bbox 1107 3045 1165 3079; x_wconf 89' lang='grc' dir='ltr'><strong>τε</strong></span> <span class='ocrx_word' id='word_1_328' title='bbox 1213 3026 1504 3096; x_wconf 85' lang='grc' dir='ltr'>συνθήκαις</span> <span class='ocrx_word' id='word_1_329' title='bbox 1551 3026 1640 3081; x_wconf 85' lang='grc' dir='ltr'><strong>καὶ</strong></span> <span class='ocrx_word' id='word_1_330' title='bbox 1689 3032 1808 3090; x_wconf 87' lang='grc' dir='ltr'>ταῖς</span> <span class='ocrx_word' id='word_1_331' title='bbox 1850 3026 1941 3083; x_wconf 85' lang='grc' dir='ltr'><strong>λέ⁴</strong></span> 
     </span>
    </p>
   </div>
   <div class='ocr_carea' id='block_1_49' title="bbox 284 3111 1940 3194">
    <p class='ocr_par' dir='ltr' id='par_1_49' title="bbox 284 3111 1940 3194">
     <span class='ocr_line' id='line_1_49' title="bbox 284 3111 1940 3194; baseline 0.001 -23"><span class='ocrx_word' id='word_1_332' title='bbox 284 3117 394 3187; x_wconf 77' lang='grc' dir='ltr'>ξεσι</span> <span class='ocrx_word' id='word_1_333' title='bbox 444 3114 668 3190; x_wconf 82' lang='grc' dir='ltr'>χαρίεις</span> <span class='ocrx_word' id='word_1_334' title='bbox 723 3134 782 3169; x_wconf 89' lang='grc' dir='ltr'><strong>τε</strong></span> <span class='ocrx_word' id='word_1_335' title='bbox 831 3112 922 3169; x_wconf 82' lang='grc' dir='ltr'><strong>καὶ</strong></span> <span class='ocrx_word' id='word_1_336' title='bbox 961 3111 1344 3194; x_wconf 78' lang='grc' dir='ltr'>έπαφρόδιτος,</span> <span class='ocrx_word' id='word_1_337' title='bbox 1396 3112 1540 3190; x_wconf 77' lang='grc' dir='ltr'>ἔχων</span> <span class='ocrx_word' id='word_1_338' title='bbox 1593 3136 1646 3171; x_wconf 92' lang='grc' dir='ltr'><strong>τι</strong></span> <span class='ocrx_word' id='word_1_339' title='bbox 1693 3114 1782 3171; x_wconf 82' lang='grc' dir='ltr'><strong>καὶ</strong></span> <span class='ocrx_word' id='word_1_340' title='bbox 1839 3122 1940 3173; x_wconf 76' lang='grc' dir='ltr'><strong>τοῦ</strong></span> 
     </span>
    </p>
   </div>
   <div class='ocr_carea' id='block_1_50' title="bbox 283 3202 1872 3280">
    <p class='ocr_par' dir='ltr' id='par_1_50' title="bbox 283 3202 1872 3280">
     <span class='ocr_line' id='line_1_50' title="bbox 283 3202 1872 3280; baseline 0.002 -19"><span class='ocrx_word' id='word_1_341' title='bbox 283 3202 772 3280; x_wconf 66' lang='grc' dir='ltr'>συνεστραμμένου</span> <span class='ocrx_word' id='word_1_342' title='bbox 809 3203 900 3259; x_wconf 80' lang='grc' dir='ltr'>καὶ</span> <span class='ocrx_word' id='word_1_343' title='bbox 939 3202 1430 3280; x_wconf 77' lang='grc' dir='ltr'>ἀνακεχωρηκότος</span> <span class='ocrx_word' id='word_1_344' title='bbox 1458 3210 1578 3268; x_wconf 88' lang='grc' dir='ltr'>τοῖς</span> <span class='ocrx_word' id='word_1_345' title='bbox 1615 3204 1872 3269; x_wconf 89' lang='grc' dir='ltr'>πολλοῖς.</span> 
     </span>
    </p>
   </div>
   <div class='ocr_carea' id='block_1_51' title="bbox 358 3385 1948 3466">
    <p class='ocr_par' dir='ltr' id='par_1_51' title="bbox 358 3385 1948 3466">
     <span class='ocr_line' id='line_1_51' title="bbox 358 3385 1948 3466; baseline 0.001 -22"><span class='ocrx_word' id='word_1_346' title='bbox 358 3390 453 3449; x_wconf 81' lang='grc' dir='ltr'>Ἐν</span> <span class='ocrx_word' id='word_1_347' title='bbox 481 3391 564 3460; x_wconf 83' lang='grc' dir='ltr'><strong>τῷ</strong></span> <span class='ocrx_word' id='word_1_348' title='bbox 592 3388 744 3460; x_wconf 83' lang='grc' dir='ltr'>αύτῷ</span> <span class='ocrx_word' id='word_1_349' title='bbox 774 3385 834 3443; x_wconf 69' lang='grc' dir='ltr'>δὲ</span> <span class='ocrx_word' id='word_1_350' title='bbox 859 3387 1047 3463; x_wconf 84' lang='grc' dir='ltr'>τεύχει</span> <span class='ocrx_word' id='word_1_351' title='bbox 1089 3388 1180 3444; x_wconf 85' lang='grc' dir='ltr'><strong>καὶ</strong></span> <span class='ocrx_word' id='word_1_352' title='bbox 1212 3385 1641 3462; x_wconf 84' lang='grc' dir='ltr'>Ἀπολλοδώρου</span> <span class='ocrx_word' id='word_1_353' title='bbox 1693 3409 1948 3466; x_wconf 83' lang='grc' dir='ltr'>γραμμα-</span> 
     </span>
    </p>
   </div>
   <div class='ocr_carea' id='block_1_52' title="bbox 286 3471 1949 3555">
    <p class='ocr_par' dir='ltr' id='par_1_52' title="bbox 286 3471 1949 3555">
     <span class='ocr_line' id='line_1_52' title="bbox 286 3471 1949 3555; baseline -0.001 -19"><span class='ocrx_word' id='word_1_354' title='bbox 286 3482 448 3536; x_wconf 71' lang='grc' dir='ltr'>τικοῦ</span> <span class='ocrx_word' id='word_1_355' title='bbox 492 3471 843 3555; x_wconf 83' lang='grc' dir='ltr'>βιϐλιδάριον</span> <span class='ocrx_word' id='word_1_356' title='bbox 887 3477 1196 3551; x_wconf 81' lang='grc' dir='ltr'>ἀνεγνώσθη</span> <span class='ocrx_word' id='word_1_357' title='bbox 1234 3497 1328 3551; x_wconf 91' lang='grc' dir='ltr'><strong>μοι</strong></span> <span class='ocrx_word' id='word_1_358' title='bbox 1362 3494 1374 3509; x_wconf 88' lang='grc'><strong>·</strong></span> <span class='ocrx_word' id='word_1_359' title='bbox 1421 3473 1767 3549; x_wconf 79' lang='grc' dir='ltr'>Βιϐλιοθήκη</span> <span class='ocrx_word' id='word_1_360' title='bbox 1802 3479 1949 3553; x_wconf 79' lang='grc' dir='ltr'>αύτῷ</span> 
     </span>
    </p>
   </div>
   <div class='ocr_carea' id='block_1_53' title="bbox 290 3563 1950 3644">
    <p class='ocr_par' dir='ltr' id='par_1_53' title="bbox 290 3563 1950 3644">
     <span class='ocr_line' id='line_1_53' title="bbox 290 3563 1950 3644; baseline -0.001 -19"><span class='ocrx_word' id='word_1_361' title='bbox 290 3574 328 3641; x_wconf 72' lang='grc' dir='ltr'><strong>ἦ</strong></span> <span class='ocrx_word' id='word_1_362' title='bbox 361 3569 667 3644; x_wconf 75' lang='grc' dir='ltr'>ἐπιγραφή.</span> <span class='ocrx_word' id='word_1_363' title='bbox 713 3571 966 3643; x_wconf 79' lang='grc' dir='ltr'>Περιεῖχε</span> <span class='ocrx_word' id='word_1_364' title='bbox 995 3563 1053 3622; x_wconf 72' lang='grc' dir='ltr'>δὲ</span> <span class='ocrx_word' id='word_1_365' title='bbox 1082 3568 1127 3605; x_wconf 74' lang='grc'>³⁸</span> <span class='ocrx_word' id='word_1_366' title='bbox 1154 3567 1220 3624; x_wconf 75' lang='grc' dir='ltr'><strong>τὰ</strong></span> <span class='ocrx_word' id='word_1_367' title='bbox 1252 3565 1558 3623; x_wconf 85' lang='grc' dir='ltr'>παλαίτατα</span> <span class='ocrx_word' id='word_1_368' title='bbox 1593 3573 1701 3623; x_wconf 86' lang='grc' dir='ltr'><strong>τῶν</strong></span> <span class='ocrx_word' id='word_1_369' title='bbox 1742 3568 1950 3640; x_wconf 82' lang='grc' dir='ltr'>Ἐλλή-</span> 
     </span>
    </p>
   </div>
   <div class='ocr_carea' id='block_1_54' title="bbox 295 3655 1948 3733">
    <p class='ocr_par' dir='ltr' id='par_1_54' title="bbox 295 3655 1948 3733">
     <span class='ocr_line' id='line_1_54' title="bbox 295 3655 1948 3733; baseline 0 -20"><span class='ocrx_word' id='word_1_370' title='bbox 295 3682 429 3730; x_wconf 83' lang='grc' dir='ltr'>νων,</span> <span class='ocrx_word' id='word_1_371' title='bbox 477 3657 580 3714; x_wconf 78' lang='grc' dir='ltr'><strong>ὅσα</strong></span> <span class='ocrx_word' id='word_1_372' title='bbox 626 3677 686 3713; x_wconf 89' lang='grc' dir='ltr'><strong>τε</strong></span> <span class='ocrx_word' id='word_1_373' title='bbox 728 3655 851 3731; x_wconf 82' lang='grc' dir='ltr'>περὶ</span> <span class='ocrx_word' id='word_1_374' title='bbox 901 3657 1035 3712; x_wconf 91' lang='grc' dir='ltr'>θεῶν</span> <span class='ocrx_word' id='word_1_375' title='bbox 1081 3656 1171 3712; x_wconf 81' lang='grc' dir='ltr'><strong>καὶ</strong></span> <span class='ocrx_word' id='word_1_376' title='bbox 1221 3657 1420 3733; x_wconf 82' lang='grc' dir='ltr'>ἡρώων</span> <span class='ocrx_word' id='word_1_377' title='bbox 1451 3658 1478 3712; x_wconf 86' lang='grc' dir='ltr'>ὁ</span> <span class='ocrx_word' id='word_1_378' title='bbox 1518 3657 1718 3733; x_wconf 75' lang='grc' dir='ltr'>χρόνος</span> <span class='ocrx_word' id='word_1_379' title='bbox 1757 3658 1948 3720; x_wconf 81' lang='grc' dir='ltr'>αὐτοῖς</span> 
     </span>
    </p>
   </div>
   <div class='ocr_carea' id='block_1_55' title="bbox 298 3741 1950 3822">
    <p class='ocr_par' dir='ltr' id='par_1_55' title="bbox 298 3741 1950 3822">
     <span class='ocr_line' id='line_1_55' title="bbox 298 3741 1950 3822; baseline -0.002 -17"><span class='ocrx_word' id='word_1_380' title='bbox 298 3747 546 3820; x_wconf 77' lang='grc' dir='ltr'>δοξάζειν</span> <span class='ocrx_word' id='word_1_381' title='bbox 589 3741 814 3818; x_wconf 81' lang='grc' dir='ltr'>ἔδωκεν,</span> <span class='ocrx_word' id='word_1_382' title='bbox 874 3745 1170 3820; x_wconf 85' lang='grc' dir='ltr'>ὀνομασίας</span> <span class='ocrx_word' id='word_1_383' title='bbox 1220 3766 1277 3802; x_wconf 89' lang='grc' dir='ltr'><strong>τε</strong></span> <span class='ocrx_word' id='word_1_384' title='bbox 1318 3750 1580 3820; x_wconf 81' lang='grc' dir='ltr'>ποταμῶν</span> <span class='ocrx_word' id='word_1_385' title='bbox 1628 3747 1717 3801; x_wconf 81' lang='grc' dir='ltr'><strong>καὶ</strong></span> <span class='ocrx_word' id='word_1_386' title='bbox 1752 3752 1950 3822; x_wconf 90' lang='grc' dir='ltr'>χωρῶν</span> 
     </span>
    </p>
   </div>
   <div class='ocr_carea' id='block_1_56' title="bbox 295 3833 1948 3906">
    <p class='ocr_par' dir='ltr' id='par_1_56' title="bbox 295 3833 1948 3906">
     <span class='ocr_line' id='line_1_56' title="bbox 295 3833 1948 3906; baseline -0.002 -12"><span class='ocrx_word' id='word_1_387' title='bbox 295 3839 388 3894; x_wconf 75' lang='grc' dir='ltr'><strong>καὶ</strong></span> <span class='ocrx_word' id='word_1_388' title='bbox 421 3839 592 3893; x_wconf 79' lang='grc' dir='ltr'>έθνῶν</span> <span class='ocrx_word' id='word_1_389' title='bbox 641 3835 732 3891; x_wconf 78' lang='grc' dir='ltr'><strong>καὶ</strong></span> <span class='ocrx_word' id='word_1_390' title='bbox 769 3833 1007 3905; x_wconf 84' lang='grc' dir='ltr'>πόλεων,</span> <span class='ocrx_word' id='word_1_391' title='bbox 1047 3834 1189 3906; x_wconf 75' lang='grc' dir='ltr'>ὅθεν,</span> <span class='ocrx_word' id='word_1_392' title='bbox 1237 3836 1327 3892; x_wconf 77' lang='grc' dir='ltr'><strong>καὶ</strong></span> <span class='ocrx_word' id='word_1_393' title='bbox 1356 3835 1423 3891; x_wconf 86' lang='grc' dir='ltr'><strong>τά</strong></span> <span class='ocrx_word' id='word_1_394' title='bbox 1467 3833 1612 3892; x_wconf 77' lang='grc' dir='ltr'>ἄλλα</span> <span class='ocrx_word' id='word_1_395' title='bbox 1644 3838 1691 3874; x_wconf 79' lang='grc'><strong>²⁹</strong></span> <span class='ocrx_word' id='word_1_396' title='bbox 1737 3835 1834 3891; x_wconf 76' lang='grc' dir='ltr'><strong>ὅσα</strong></span> <span class='ocrx_word' id='word_1_397' title='bbox 1872 3837 1948 3900; x_wconf 81' lang='grc' dir='ltr'>εἷς</span> 
     </span>
    </p>
   </div>
   <div class='ocr_carea' id='block_1_57' title="bbox 299 3924 1946 4004">
    <p class='ocr_par' dir='ltr' id='par_1_57' title="bbox 299 3924 1946 4004">
     <span class='ocr_line' id='line_1_57' title="bbox 299 3924 1946 4004; baseline -0.002 -19"><span class='ocrx_word' id='word_1_398' title='bbox 299 3929 360 3985; x_wconf 78' lang='grc' dir='ltr'><strong>τὸ</strong></span> <span class='ocrx_word' id='word_1_399' title='bbox 391 3927 631 4004; x_wconf 74' lang='grc' dir='ltr'>ἂρχαῖον</span> <span class='ocrx_word' id='word_1_400' title='bbox 665 3924 976 4002; x_wconf 76' lang='grc' dir='ltr'>ἀνατρέχει,</span> <span class='ocrx_word' id='word_1_401' title='bbox 1008 3925 1097 3981; x_wconf 83' lang='grc' dir='ltr'><strong>καὶ</strong></span> <span class='ocrx_word' id='word_1_402' title='bbox 1145 3924 1350 3981; x_wconf 85' lang='grc' dir='ltr'>κάτεισι</span> <span class='ocrx_word' id='word_1_403' title='bbox 1405 3927 1572 4001; x_wconf 82' lang='grc' dir='ltr'>μέχρι</span> <span class='ocrx_word' id='word_1_404' title='bbox 1611 3930 1718 3981; x_wconf 87' lang='grc' dir='ltr'><strong>τῶν</strong></span> <span class='ocrx_word' id='word_1_405' title='bbox 1765 3927 1946 4002; x_wconf 76' lang='grc' dir='ltr'>Τρωϊ-</span> 
     </span>
    </p>
   </div>
   <div class='ocr_carea' id='block_1_58' title="bbox 299 4013 1948 4091">
    <p class='ocr_par' dir='ltr' id='par_1_58' title="bbox 299 4013 1948 4091">
     <span class='ocr_line' id='line_1_58' title="bbox 299 4013 1948 4091; baseline -0.002 -17"><span class='ocrx_word' id='word_1_406' title='bbox 299 4023 430 4089; x_wconf 65' lang='lat' dir='ltr'><strong>irin,</strong></span> <span class='ocrx_word' id='word_1_407' title='bbox 468 4015 565 4073; x_wconf 81' lang='grc' dir='ltr'><strong>καὶ</strong></span> <span class='ocrx_word' id='word_1_408' title='bbox 621 4013 834 4091; x_wconf 80' lang='grc' dir='ltr'>ἀνδρῶν</span> <span class='ocrx_word' id='word_1_409' title='bbox 872 4036 1036 4072; x_wconf 89' lang='grc' dir='ltr'>τινων</span> <span class='ocrx_word' id='word_1_410' title='bbox 1087 4015 1222 4090; x_wconf 82' lang='grc' dir='ltr'>πρὸς</span> <span class='ocrx_word' id='word_1_411' title='bbox 1270 4013 1558 4087; x_wconf 84' lang='grc' dir='ltr'>ἀλλήλους</span> <span class='ocrx_word' id='word_1_412' title='bbox 1621 4017 1802 4091; x_wconf 83' lang='grc' dir='ltr'>μάχας</span> <span class='ocrx_word' id='word_1_413' title='bbox 1857 4017 1948 4072; x_wconf 85' lang='grc' dir='ltr'><strong>καὶ</strong></span> 
     </span>
    </p>
   </div>
   <div class='ocr_carea' id='block_1_59' title="bbox 299 4103 1947 4184">
    <p class='ocr_par' dir='ltr' id='par_1_59' title="bbox 299 4103 1947 4184">
     <span class='ocr_line' id='line_1_59' title="bbox 299 4103 1947 4184; baseline -0.002 -20"><span class='ocrx_word' id='word_1_414' title='bbox 299 4108 432 4184; x_wconf 81' lang='grc' dir='ltr'>ἔργα</span> <span class='ocrx_word' id='word_1_415' title='bbox 472 4105 782 4182; x_wconf 73' lang='grc' dir='ltr'>ἐπιτρέχων</span> <span class='ocrx_word' id='word_1_416' title='bbox 828 4104 921 4161; x_wconf 76' lang='grc' dir='ltr'><strong>καὶ</strong></span> <span class='ocrx_word' id='word_1_417' title='bbox 965 4109 1074 4161; x_wconf 91' lang='grc' dir='ltr'><strong>τῶν</strong></span> <span class='ocrx_word' id='word_1_418' title='bbox 1114 4103 1221 4160; x_wconf 82' lang='grc' dir='ltr'>ἀπὸ</span> <span class='ocrx_word' id='word_1_419' title='bbox 1265 4105 1471 4178; x_wconf 86' lang='grc' dir='ltr'>Τροίας</span> <span class='ocrx_word' id='word_1_420' title='bbox 1515 4103 1729 4168; x_wconf 86' lang='grc' dir='ltr'>πλάνας</span> <span class='ocrx_word' id='word_1_421' title='bbox 1775 4107 1947 4177; x_wconf 71' lang='grc' dir='ltr'>τινὰς,</span> 
     </span>
    </p>
   </div>
   <div class='ocr_carea' id='block_1_60' title="bbox 304 4192 1950 4272">
    <p class='ocr_par' dir='ltr' id='par_1_60' title="bbox 304 4192 1950 4272">
     <span class='ocr_line' id='line_1_60' title="bbox 304 4192 1950 4272; baseline -0.001 -21"><span class='ocrx_word' id='word_1_422' title='bbox 304 4199 544 4272; x_wconf 78' lang='grc' dir='ltr'>μάλιστα</span> <span class='ocrx_word' id='word_1_423' title='bbox 575 4193 621 4250; x_wconf 86' lang='grc' dir='ltr'>δ’</span> <span class='ocrx_word' id='word_1_424' title='bbox 667 4192 992 4264; x_wconf 77' lang='grc' dir='ltr'>Ὀδυσσέως,</span> <span class='ocrx_word' id='word_1_425' title='bbox 1024 4193 1102 4258; x_wconf 77' lang='grc' dir='ltr'>εἰς</span> <span class='ocrx_word' id='word_1_426' title='bbox 1141 4193 1204 4249; x_wconf 84' lang='grc' dir='ltr'><strong>’ὸν</strong></span> <span class='ocrx_word' id='word_1_427' title='bbox 1247 4193 1395 4265; x_wconf 83' lang='grc' dir='ltr'><strong>αύτῷ</strong></span> <span class='ocrx_word' id='word_1_428' title='bbox 1425 4194 1516 4249; x_wconf 84' lang='grc' dir='ltr'><strong>καὶ</strong></span> <span class='ocrx_word' id='word_1_429' title='bbox 1564 4195 1598 4264; x_wconf 72' lang='grc' dir='ltr'><strong>ἦ</strong></span> <span class='ocrx_word' id='word_1_430' title='bbox 1646 4194 1950 4270; x_wconf 81' lang='grc' dir='ltr'>ἀρχαιολο-</span> 
     </span>
    </p>
   </div>
   <div class='ocr_carea' id='block_1_61' title="bbox 297 4279 1948 4363">
    <p class='ocr_par' dir='ltr' id='par_1_61' title="bbox 297 4279 1948 4363">
     <span class='ocr_line' id='line_1_61' title="bbox 297 4279 1948 4363; baseline -0.002 -21"><span class='ocrx_word' id='word_1_431' title='bbox 297 4288 388 4363; x_wconf 83' lang='grc' dir='ltr'><strong>γία</strong></span> <span class='ocrx_word' id='word_1_432' title='bbox 415 4285 744 4360; x_wconf 82' lang='grc' dir='ltr'>καταλήγει.</span> <span class='ocrx_word' id='word_1_433' title='bbox 778 4283 1014 4358; x_wconf 76' lang='grc' dir='ltr'>Σύνοψις</span> <span class='ocrx_word' id='word_1_434' title='bbox 1046 4280 1093 4338; x_wconf 87' lang='grc' dir='ltr'>δ’</span> <span class='ocrx_word' id='word_1_435' title='bbox 1123 4281 1234 4338; x_wconf 82' lang='grc' dir='ltr'>έστῖ</span> <span class='ocrx_word' id='word_1_436' title='bbox 1262 4283 1330 4338; x_wconf 74' lang='grc' dir='ltr'><strong>τά</strong></span> <span class='ocrx_word' id='word_1_437' title='bbox 1360 4282 1546 4340; x_wconf 84' lang='grc' dir='ltr'>πολλά</span> <span class='ocrx_word' id='word_1_438' title='bbox 1573 4287 1670 4339; x_wconf 80' lang='grc' dir='ltr'><strong>τοῦ</strong></span> <span class='ocrx_word' id='word_1_439' title='bbox 1705 4279 1948 4360; x_wconf 84' lang='grc' dir='ltr'>βιϐλίου,</span> 
     </span>
    </p>
   </div>
   <div class='ocr_carea' id='block_1_62' title="bbox 2054 1860 3704 1928">
    <p class='ocr_par' dir='ltr' id='par_1_62' title="bbox 2054 1860 3704 1928">
     <span class='ocr_line' id='line_1_62' title="bbox 2054 1860 3704 1928; baseline 0 -11"><span class='ocrx_word' id='word_1_440' title='bbox 2054 1863 2264 1918; x_wconf 82' lang='lat' dir='ltr'><strong>fratres</strong></span> <span class='ocrx_word' id='word_1_441' title='bbox 2323 1877 2458 1916; x_wconf 88' lang='lat' dir='ltr'><strong>mox</strong></span> <span class='ocrx_word' id='word_1_442' title='bbox 2503 1860 2576 1916; x_wconf 88' lang='lat' dir='ltr'><strong>ad</strong></span> <span class='ocrx_word' id='word_1_443' title='bbox 2630 1861 2859 1916; x_wconf 76' lang='lat' dir='ltr'><strong>facinus</strong></span> <span class='ocrx_word' id='word_1_444' title='bbox 2917 1861 3142 1917; x_wconf 88' lang='lat' dir='ltr'><strong>incitat.</strong></span> <span class='ocrx_word' id='word_1_445' title='bbox 3199 1862 3306 1928; x_wconf 89' lang='lat' dir='ltr'><strong>Qui</strong></span> <span class='ocrx_word' id='word_1_446' title='bbox 3367 1877 3500 1918; x_wconf 89' lang='lat' dir='ltr'><strong>cum</strong></span> <span class='ocrx_word' id='word_1_447' title='bbox 3548 1861 3704 1918; x_wconf 85' lang='lat' dir='ltr'><strong>timi-</strong></span> 
     </span>
    </p>
   </div>
   <div class='ocr_carea' id='block_1_63' title="bbox 2054 1950 3704 2018">
    <p class='ocr_par' dir='ltr' id='par_1_63' title="bbox 2054 1950 3704 2018">
     <span class='ocr_line' id='line_1_63' title="bbox 2054 1950 3704 2018; baseline 0 -12"><span class='ocrx_word' id='word_1_448' title='bbox 2054 1950 2189 2006; x_wconf 90' lang='lat' dir='ltr'><strong>dius</strong></span> <span class='ocrx_word' id='word_1_449' title='bbox 2258 1953 2513 2018; x_wconf 78' lang='lat' dir='ltr'><strong>agerent,</strong></span> <span class='ocrx_word' id='word_1_450' title='bbox 2574 1957 2630 2005; x_wconf 91' lang='lat' dir='ltr'><strong>et</strong></span> <span class='ocrx_word' id='word_1_451' title='bbox 2684 1951 2940 2005; x_wconf 79' lang='lat' dir='ltr'><strong>maxime</strong></span> <span class='ocrx_word' id='word_1_452' title='bbox 2995 1956 3132 2006; x_wconf 89' lang='lat' dir='ltr'><strong>natu</strong></span> <span class='ocrx_word' id='word_1_453' title='bbox 3191 1950 3492 2017; x_wconf 89' lang='lat' dir='ltr'><strong>minimus,</strong></span> <span class='ocrx_word' id='word_1_454' title='bbox 3550 1950 3704 2006; x_wconf 85' lang='lat' dir='ltr'><strong>inter</strong></span> 
     </span>
    </p>
   </div>
   <div class='ocr_carea' id='block_1_64' title="bbox 2054 2038 3701 2107">
    <p class='ocr_par' dir='ltr' id='par_1_64' title="bbox 2054 2038 3701 2107">
     <span class='ocr_line' id='line_1_64' title="bbox 2054 2038 3701 2107; baseline 0 -13"><span class='ocrx_word' id='word_1_455' title='bbox 2054 2038 2170 2095; x_wconf 90' lang='lat' dir='ltr'><strong>alia</strong></span> <span class='ocrx_word' id='word_1_456' title='bbox 2220 2039 2573 2096; x_wconf 85' lang='lat' dir='ltr'><strong>comminata</strong></span> <span class='ocrx_word' id='word_1_457' title='bbox 2617 2048 2725 2107; x_wconf 89' lang='lat' dir='ltr'><strong>est,</strong></span> <span class='ocrx_word' id='word_1_458' title='bbox 2757 2055 2820 2095; x_wconf 91' lang='lat' dir='ltr'><strong>se</strong></span> <span class='ocrx_word' id='word_1_459' title='bbox 2849 2044 2907 2095; x_wconf 91' lang='lat' dir='ltr'><strong>et</strong></span> <span class='ocrx_word' id='word_1_460' title='bbox 2949 2039 3344 2095; x_wconf 80' lang='lat' dir='ltr'><strong>Alexandrum</strong></span> <span class='ocrx_word' id='word_1_461' title='bbox 3393 2039 3701 2095; x_wconf 86' lang='lat' dir='ltr'><strong>confestim</strong></span> 
     </span>
    </p>
   </div>
   <div class='ocr_carea' id='block_1_65' title="bbox 2054 2126 3702 2198">
    <p class='ocr_par' dir='ltr' id='par_1_65' title="bbox 2054 2126 3702 2198">
     <span class='ocr_line' id='line_1_65' title="bbox 2054 2126 3702 2198; baseline -0.002 -14"><span class='ocrx_word' id='word_1_462' title='bbox 2054 2129 2529 2198; x_wconf 79' lang='lat' dir='ltr'><strong>excitaturam,et</strong></span> <span class='ocrx_word' id='word_1_463' title='bbox 2552 2131 2618 2183; x_wconf 89' lang='lat' dir='ltr'><strong>ut</strong></span> <span class='ocrx_word' id='word_1_464' title='bbox 2641 2128 2817 2184; x_wconf 66' lang='lat' dir='ltr'><strong>cedis</strong></span> <span class='ocrx_word' id='word_1_465' title='bbox 2836 2145 2962 2185; x_wconf 86' lang='lat' dir='ltr'><strong>reos</strong></span> <span class='ocrx_word' id='word_1_466' title='bbox 2980 2137 3406 2185; x_wconf 86' lang='lat' dir='ltr'><strong>accusaturam.</strong></span> <span class='ocrx_word' id='word_1_467' title='bbox 3427 2128 3520 2185; x_wconf 89' lang='lat' dir='ltr'><strong>Sic</strong></span> <span class='ocrx_word' id='word_1_468' title='bbox 3543 2128 3592 2183; x_wconf 81' lang='lat' dir='ltr'><strong>vi</strong></span> <span class='ocrx_word' id='word_1_469' title='bbox 3616 2126 3702 2183; x_wconf 93' lang='lat' dir='ltr'><strong>illi</strong></span> 
     </span>
    </p>
   </div>
   <div class='ocr_carea' id='block_1_66' title="bbox 2053 2216 3699 2283">
    <p class='ocr_par' dir='ltr' id='par_1_66' title="bbox 2053 2216 3699 2283">
     <span class='ocr_line' id='line_1_66' title="bbox 2053 2216 3699 2283; baseline -0.002 -7"><span class='ocrx_word' id='word_1_470' title='bbox 2053 2220 2125 2276; x_wconf 88' lang='lat' dir='ltr'><strong>ad</strong></span> <span class='ocrx_word' id='word_1_471' title='bbox 2186 2220 2520 2275; x_wconf 88' lang='lat' dir='ltr'><strong>audendum</strong></span> <span class='ocrx_word' id='word_1_472' title='bbox 2586 2216 2799 2283; x_wconf 84' lang='lat' dir='ltr'><strong>adacti,</strong></span> <span class='ocrx_word' id='word_1_473' title='bbox 2857 2218 3247 2275; x_wconf 82' lang='lat' dir='ltr'><strong>dormientem</strong></span> <span class='ocrx_word' id='word_1_474' title='bbox 3305 2217 3699 2275; x_wconf 79' lang='lat' dir='ltr'><strong>Alexandrum</strong></span> 
     </span>
    </p>
   </div>
   <div class='ocr_carea' id='block_1_67' title="bbox 2044 2307 3699 2381">
    <p class='ocr_par' dir='ltr' id='par_1_67' title="bbox 2044 2307 3699 2381">
     <span class='ocr_line' id='line_1_67' title="bbox 2044 2307 3699 2381; baseline -0.001 -17"><span class='ocrx_word' id='word_1_475' title='bbox 2044 2308 2338 2381; x_wconf 72' lang='lat' dir='ltr'><strong>jugulant.</strong></span> <span class='ocrx_word' id='word_1_476' title='bbox 2395 2309 2510 2364; x_wconf 88' lang='lat' dir='ltr'><strong>Nec</strong></span> <span class='ocrx_word' id='word_1_477' title='bbox 2571 2324 2728 2365; x_wconf 89' lang='lat' dir='ltr'><strong>mora</strong></span> <span class='ocrx_word' id='word_1_478' title='bbox 2782 2307 2997 2370; x_wconf 88' lang='lat' dir='ltr'><strong>Thebe,</strong></span> <span class='ocrx_word' id='word_1_479' title='bbox 3052 2309 3311 2380; x_wconf 89' lang='lat' dir='ltr'><strong>corporis</strong></span> <span class='ocrx_word' id='word_1_480' title='bbox 3390 2307 3699 2364; x_wconf 86' lang='lat' dir='ltr'><strong>custodum</strong></span> 
     </span>
    </p>
   </div>
   <div class='ocr_carea' id='block_1_68' title="bbox 2054 2397 3702 2471">
    <p class='ocr_par' dir='ltr' id='par_1_68' title="bbox 2054 2397 3702 2471">
     <span class='ocr_line' id='line_1_68' title="bbox 2054 2397 3702 2471; baseline -0.002 -17"><span class='ocrx_word' id='word_1_481' title='bbox 2054 2397 2338 2471; x_wconf 83' lang='lat' dir='ltr'><strong>praefectis</strong></span> <span class='ocrx_word' id='word_1_482' title='bbox 2398 2399 2469 2453; x_wconf 89' lang='lat' dir='ltr'><strong>ad</strong></span> <span class='ocrx_word' id='word_1_483' title='bbox 2528 2414 2591 2454; x_wconf 89' lang='lat' dir='ltr'><strong>se</strong></span> <span class='ocrx_word' id='word_1_484' title='bbox 2646 2399 2966 2468; x_wconf 86' lang='lat' dir='ltr'><strong>accersitis,</strong></span> <span class='ocrx_word' id='word_1_485' title='bbox 3027 2402 3086 2454; x_wconf 87' lang='lat' dir='ltr'><strong>et</strong></span> <span class='ocrx_word' id='word_1_486' title='bbox 3143 2415 3260 2471; x_wconf 90' lang='lat' dir='ltr'><strong>qua</strong></span> <span class='ocrx_word' id='word_1_487' title='bbox 3325 2397 3527 2465; x_wconf 89' lang='lat' dir='ltr'><strong>minis,</strong></span> <span class='ocrx_word' id='word_1_488' title='bbox 3587 2411 3702 2467; x_wconf 87' lang='lat' dir='ltr'><strong>qua</strong></span> 
     </span>
    </p>
   </div>
   <div class='ocr_carea' id='block_1_69' title="bbox 2053 2487 3700 2562">
    <p class='ocr_par' dir='ltr' id='par_1_69' title="bbox 2053 2487 3700 2562">
     <span class='ocr_line' id='line_1_69' title="bbox 2053 2487 3700 2562; baseline -0.003 -17"><span class='ocrx_word' id='word_1_489' title='bbox 2053 2488 2581 2562; x_wconf 86' lang='lat' dir='ltr'><strong>pollicitationibus</strong></span> <span class='ocrx_word' id='word_1_490' title='bbox 2636 2505 2766 2557; x_wconf 89' lang='lat' dir='ltr'><strong>usa,</strong></span> <span class='ocrx_word' id='word_1_491' title='bbox 2826 2489 3160 2561; x_wconf 83' lang='lat' dir='ltr'><strong>persuadet,</strong></span> <span class='ocrx_word' id='word_1_492' title='bbox 3211 2487 3323 2544; x_wconf 91' lang='lat' dir='ltr'><strong>sibi</strong></span> <span class='ocrx_word' id='word_1_493' title='bbox 3375 2495 3436 2542; x_wconf 90' lang='lat' dir='ltr'><strong>ut</strong></span> <span class='ocrx_word' id='word_1_494' title='bbox 3492 2487 3550 2540; x_wconf 91' lang='lat' dir='ltr'><strong>in</strong></span> <span class='ocrx_word' id='word_1_495' title='bbox 3605 2501 3700 2541; x_wconf 84' lang='lat' dir='ltr'><strong>ac-</strong></span> 
     </span>
    </p>
   </div>
   <div class='ocr_carea' id='block_1_70' title="bbox 2055 2575 3699 2652">
    <p class='ocr_par' dir='ltr' id='par_1_70' title="bbox 2055 2575 3699 2652">
     <span class='ocr_line' id='line_1_70' title="bbox 2055 2575 3699 2652; baseline -0.003 -19"><span class='ocrx_word' id='word_1_496' title='bbox 2055 2577 2339 2652; x_wconf 88' lang='lat' dir='ltr'><strong>quirendo</strong></span> <span class='ocrx_word' id='word_1_497' title='bbox 2388 2593 2564 2648; x_wconf 83' lang='lat' dir='ltr'><strong>regno</strong></span> <span class='ocrx_word' id='word_1_498' title='bbox 2615 2577 2830 2634; x_wconf 85' lang='lat' dir='ltr'><strong>adsint.</strong></span> <span class='ocrx_word' id='word_1_499' title='bbox 2872 2577 2961 2632; x_wconf 91' lang='lat' dir='ltr'><strong>Illi</strong></span> <span class='ocrx_word' id='word_1_500' title='bbox 3010 2578 3302 2649; x_wconf 89' lang='lat' dir='ltr'><strong>postulata</strong></span> <span class='ocrx_word' id='word_1_501' title='bbox 3351 2575 3699 2641; x_wconf 89' lang='lat' dir='ltr'><strong>concedunt,</strong></span> 
     </span>
    </p>
   </div>
   <div class='ocr_carea' id='block_1_71' title="bbox 2053 2663 3704 2738">
    <p class='ocr_par' dir='ltr' id='par_1_71' title="bbox 2053 2663 3704 2738">
     <span class='ocr_line' id='line_1_71' title="bbox 2053 2663 3704 2738; baseline -0.003 -15"><span class='ocrx_word' id='word_1_502' title='bbox 2053 2677 2226 2738; x_wconf 89' lang='lat' dir='ltr'><strong>atque</strong></span> <span class='ocrx_word' id='word_1_503' title='bbox 2256 2666 2383 2738; x_wconf 91' lang='lat' dir='ltr'><strong>ipsa</strong></span> <span class='ocrx_word' id='word_1_504' title='bbox 2411 2665 2724 2738; x_wconf 88' lang='lat' dir='ltr'><strong>imperium</strong></span> <span class='ocrx_word' id='word_1_505' title='bbox 2757 2666 2994 2737; x_wconf 89' lang='lat' dir='ltr'><strong>quidem</strong></span> <span class='ocrx_word' id='word_1_506' title='bbox 3039 2666 3152 2721; x_wconf 89' lang='lat' dir='ltr'><strong>sibi</strong></span> <span class='ocrx_word' id='word_1_507' title='bbox 3184 2663 3455 2736; x_wconf 89' lang='lat' dir='ltr'><strong>sumpsit,</strong></span> <span class='ocrx_word' id='word_1_508' title='bbox 3489 2676 3704 2719; x_wconf 88' lang='lat' dir='ltr'><strong>nomen</strong></span> 
     </span>
    </p>
   </div>
   <div class='ocr_carea' id='block_1_72' title="bbox 2051 2755 3702 2829">
    <p class='ocr_par' dir='ltr' id='par_1_72' title="bbox 2051 2755 3702 2829">
     <span class='ocr_line' id='line_1_72' title="bbox 2051 2755 3702 2829; baseline -0.004 -16"><span class='ocrx_word' id='word_1_509' title='bbox 2051 2773 2184 2813; x_wconf 85' lang='lat' dir='ltr'><strong>vero</strong></span> <span class='ocrx_word' id='word_1_510' title='bbox 2241 2755 2598 2828; x_wconf 88' lang='lat' dir='ltr'><strong>titulumque</strong></span> <span class='ocrx_word' id='word_1_511' title='bbox 2653 2755 2818 2829; x_wconf 86' lang='lat' dir='ltr'><strong>regni</strong></span> <span class='ocrx_word' id='word_1_512' title='bbox 2875 2755 3192 2826; x_wconf 88' lang='lat' dir='ltr'><strong>Tisiphono</strong></span> <span class='ocrx_word' id='word_1_513' title='bbox 3258 2755 3503 2812; x_wconf 88' lang='lat' dir='ltr'><strong>fratrum</strong></span> <span class='ocrx_word' id='word_1_514' title='bbox 3562 2755 3702 2808; x_wconf 88' lang='lat' dir='ltr'><strong>natu</strong></span> 
     </span>
    </p>
   </div>
   <div class='ocr_carea' id='block_1_73' title="bbox 2050 2845 2632 2903">
    <p class='ocr_par' dir='ltr' id='par_1_73' title="bbox 2050 2845 2632 2903">
     <span class='ocr_line' id='line_1_73' title="bbox 2050 2845 2632 2903; baseline -0.005 0"><span class='ocrx_word' id='word_1_515' title='bbox 2050 2846 2298 2903; x_wconf 80' lang='lat' dir='ltr'><strong>maximo</strong></span> <span class='ocrx_word' id='word_1_516' title='bbox 2325 2845 2632 2902; x_wconf 88' lang='lat' dir='ltr'><strong>concessit.</strong></span> 
     </span>
    </p>
   </div>
   <div class='ocr_carea' id='block_1_74' title="bbox 2125 2933 3704 3008">
    <p class='ocr_par' dir='ltr' id='par_1_74' title="bbox 2125 2933 3704 3008">
     <span class='ocr_line' id='line_1_74' title="bbox 2125 2933 3704 3008; baseline -0.001 -16"><span class='ocrx_word' id='word_1_517' title='bbox 2125 2938 2410 2992; x_wconf 81' lang='lat' dir='ltr'><strong>Hactenus</strong></span> <span class='ocrx_word' id='word_1_518' title='bbox 2460 2951 2529 2991; x_wconf 85' lang='lat' dir='ltr'><strong>ex</strong></span> <span class='ocrx_word' id='word_1_519' title='bbox 2575 2933 3006 3008; x_wconf 86' lang='lat' dir='ltr'><strong>quinquaginta</strong></span> <span class='ocrx_word' id='word_1_520' title='bbox 3034 2933 3154 2990; x_wconf 86' lang='lat' dir='ltr'><strong>illis</strong></span> <span class='ocrx_word' id='word_1_521' title='bbox 3200 2933 3450 2990; x_wconf 84' lang='lat' dir='ltr'><strong>Cononis</strong></span> <span class='ocrx_word' id='word_1_522' title='bbox 3497 2948 3704 2990; x_wconf 86' lang='lat' dir='ltr'><strong>narra-</strong></span> 
     </span>
    </p>
   </div>
   <div class='ocr_carea' id='block_1_75' title="bbox 2054 3021 3707 3094">
    <p class='ocr_par' dir='ltr' id='par_1_75' title="bbox 2054 3021 3707 3094">
     <span class='ocr_line' id='line_1_75' title="bbox 2054 3021 3707 3094; baseline -0.002 -12"><span class='ocrx_word' id='word_1_523' title='bbox 2054 3025 2337 3082; x_wconf 88' lang='lat' dir='ltr'><strong>tionibus.</strong></span> <span class='ocrx_word' id='word_1_524' title='bbox 2395 3024 2585 3080; x_wconf 87' lang='lat' dir='ltr'><strong>Attico</strong></span> <span class='ocrx_word' id='word_1_525' title='bbox 2647 3023 2832 3080; x_wconf 92' lang='lat' dir='ltr'><strong>utitur</strong></span> <span class='ocrx_word' id='word_1_526' title='bbox 2892 3039 3224 3092; x_wconf 87' lang='lat' dir='ltr'><strong>sermone;</strong></span> <span class='ocrx_word' id='word_1_527' title='bbox 3285 3021 3707 3094; x_wconf 86' lang='lat' dir='ltr'><strong>compositione</strong></span> 
     </span>
    </p>
   </div>
   <div class='ocr_carea' id='block_1_76' title="bbox 2054 3113 3707 3187">
    <p class='ocr_par' dir='ltr' id='par_1_76' title="bbox 2054 3113 3707 3187">
     <span class='ocr_line' id='line_1_76' title="bbox 2054 3113 3707 3187; baseline -0.002 -15"><span class='ocrx_word' id='word_1_528' title='bbox 2054 3133 2190 3174; x_wconf 87' lang='lat' dir='ltr'><strong>vero</strong></span> <span class='ocrx_word' id='word_1_529' title='bbox 2238 3131 2304 3172; x_wconf 90' lang='lat' dir='ltr'><strong>ac</strong></span> <span class='ocrx_word' id='word_1_530' title='bbox 2351 3115 2594 3172; x_wconf 89' lang='lat' dir='ltr'><strong>vocibus</strong></span> <span class='ocrx_word' id='word_1_531' title='bbox 2641 3115 2935 3187; x_wconf 88' lang='lat' dir='ltr'><strong>gratiosus</strong></span> <span class='ocrx_word' id='word_1_532' title='bbox 2980 3118 3070 3170; x_wconf 88' lang='lat' dir='ltr'><strong>est</strong></span> <span class='ocrx_word' id='word_1_533' title='bbox 3125 3118 3183 3170; x_wconf 89' lang='lat' dir='ltr'><strong>et</strong></span> <span class='ocrx_word' id='word_1_534' title='bbox 3237 3118 3564 3170; x_wconf 88' lang='lat' dir='ltr'><strong>venustus:</strong></span> <span class='ocrx_word' id='word_1_535' title='bbox 3605 3113 3707 3168; x_wconf 87' lang='lat' dir='ltr'><strong>ba-</strong></span> 
     </span>
    </p>
   </div>
   <div class='ocr_carea' id='block_1_77' title="bbox 2056 3200 3705 3276">
    <p class='ocr_par' dir='ltr' id='par_1_77' title="bbox 2056 3200 3705 3276">
     <span class='ocr_line' id='line_1_77' title="bbox 2056 3200 3705 3276; baseline -0.005 -12"><span class='ocrx_word' id='word_1_536' title='bbox 2056 3208 2156 3264; x_wconf 89' lang='lat' dir='ltr'><strong>bet</strong></span> <span class='ocrx_word' id='word_1_537' title='bbox 2191 3210 2391 3262; x_wconf 89' lang='lat' dir='ltr'><strong>tamen</strong></span> <span class='ocrx_word' id='word_1_538' title='bbox 2439 3203 2652 3260; x_wconf 86' lang='lat' dir='ltr'><strong>alicubi</strong></span> <span class='ocrx_word' id='word_1_539' title='bbox 2702 3207 3034 3260; x_wconf 88' lang='lat' dir='ltr'><strong>contortum</strong></span> <span class='ocrx_word' id='word_1_540' title='bbox 3085 3203 3247 3276; x_wconf 90' lang='lat' dir='ltr'><strong>quid,</strong></span> <span class='ocrx_word' id='word_1_541' title='bbox 3278 3208 3452 3276; x_wconf 88' lang='lat' dir='ltr'><strong>atque</strong></span> <span class='ocrx_word' id='word_1_542' title='bbox 3481 3219 3515 3259; x_wconf 91' lang='lat' dir='ltr'><strong>a</strong></span> <span class='ocrx_word' id='word_1_543' title='bbox 3542 3200 3705 3274; x_wconf 82' lang='lat' dir='ltr'><strong>vulgi</strong></span> 
     </span>
    </p>
   </div>
   <div class='ocr_carea' id='block_1_78' title="bbox 2057 3295 2726 3369">
    <p class='ocr_par' dir='ltr' id='par_1_78' title="bbox 2057 3295 2726 3369">
     <span class='ocr_line' id='line_1_78' title="bbox 2057 3295 2726 3369; baseline -0.001 -16"><span class='ocrx_word' id='word_1_544' title='bbox 2057 3295 2388 3369; x_wconf 91' lang='lat' dir='ltr'><strong>cognitione</strong></span> <span class='ocrx_word' id='word_1_545' title='bbox 2417 3303 2726 3352; x_wconf 90' lang='lat' dir='ltr'><strong>remotum.</strong></span> 
     </span>
    </p>
   </div>
   <div class='ocr_carea' id='block_1_79' title="bbox 2120 3380 3704 3455">
    <p class='ocr_par' dir='ltr' id='par_1_79' title="bbox 2120 3380 3704 3455">
     <span class='ocr_line' id='line_1_79' title="bbox 2120 3380 3704 3455; baseline -0.003 -13"><span class='ocrx_word' id='word_1_546' title='bbox 2120 3387 2184 3442; x_wconf 91' lang='lat' dir='ltr'><strong>In</strong></span> <span class='ocrx_word' id='word_1_547' title='bbox 2231 3385 2432 3442; x_wconf 88' lang='lat' dir='ltr'><strong>eodem</strong></span> <span class='ocrx_word' id='word_1_548' title='bbox 2483 3384 2619 3440; x_wconf 90' lang='lat' dir='ltr'><strong>item</strong></span> <span class='ocrx_word' id='word_1_549' title='bbox 2664 3381 2961 3440; x_wconf 84' lang='lat' dir='ltr'><strong>volumine</strong></span> <span class='ocrx_word' id='word_1_550' title='bbox 2992 3381 3106 3454; x_wconf 88' lang='lat' dir='ltr'><strong>legi</strong></span> <span class='ocrx_word' id='word_1_551' title='bbox 3131 3380 3464 3455; x_wconf 82' lang='lat' dir='ltr'><strong>Apollodori</strong></span> <span class='ocrx_word' id='word_1_552' title='bbox 3510 3396 3704 3455; x_wconf 89' lang='lat' dir='ltr'><strong>gram-</strong></span> 
     </span>
    </p>
   </div>
   <div class='ocr_carea' id='block_1_80' title="bbox 2058 3470 3704 3541">
    <p class='ocr_par' dir='ltr' id='par_1_80' title="bbox 2058 3470 3704 3541">
     <span class='ocr_line' id='line_1_80' title="bbox 2058 3470 3704 3541; baseline -0.003 -11"><span class='ocrx_word' id='word_1_553' title='bbox 2058 3473 2257 3531; x_wconf 88' lang='lat' dir='ltr'><strong>matici</strong></span> <span class='ocrx_word' id='word_1_554' title='bbox 2305 3472 2570 3530; x_wconf 90' lang='lat' dir='ltr'><strong>libellum</strong></span> <span class='ocrx_word' id='word_1_555' title='bbox 2619 3472 2714 3529; x_wconf 89' lang='lat' dir='ltr'><strong>cui</strong></span> <span class='ocrx_word' id='word_1_556' title='bbox 2761 3472 3124 3529; x_wconf 63' lang='lat' dir='ltr'><strong>Bibliotheca?</strong></span> <span class='ocrx_word' id='word_1_557' title='bbox 3168 3471 3283 3541; x_wconf 85' lang='lat'><strong>(76)</strong></span> <span class='ocrx_word' id='word_1_558' title='bbox 3321 3470 3532 3528; x_wconf 90' lang='lat' dir='ltr'><strong>titulus</strong></span> <span class='ocrx_word' id='word_1_559' title='bbox 3560 3474 3704 3527; x_wconf 86' lang='lat' dir='ltr'><strong>erat.</strong></span> 
     </span>
    </p>
   </div>
   <div class='ocr_carea' id='block_1_81' title="bbox 2059 3561 3706 3636">
    <p class='ocr_par' dir='ltr' id='par_1_81' title="bbox 2059 3561 3706 3636">
     <span class='ocr_line' id='line_1_81' title="bbox 2059 3561 3706 3636; baseline -0.004 -13"><span class='ocrx_word' id='word_1_560' title='bbox 2059 3565 2410 3624; x_wconf 87' lang='lat' dir='ltr'><strong>Continebat</strong></span> <span class='ocrx_word' id='word_1_561' title='bbox 2437 3563 2888 3636; x_wconf 81' lang='lat' dir='ltr'><strong>antiquissimae</strong></span> <span class='ocrx_word' id='word_1_562' title='bbox 2937 3578 3205 3636; x_wconf 87' lang='lat' dir='ltr'><strong>quasque</strong></span> <span class='ocrx_word' id='word_1_563' title='bbox 3235 3562 3563 3620; x_wconf 69' lang='lat' dir='ltr'><strong>Graecorum</strong></span> <span class='ocrx_word' id='word_1_564' title='bbox 3616 3561 3706 3617; x_wconf 88' lang='lat' dir='ltr'><strong>hi-</strong></span> 
     </span>
    </p>
   </div>
   <div class='ocr_carea' id='block_1_82' title="bbox 2060 3654 3709 3729">
    <p class='ocr_par' dir='ltr' id='par_1_82' title="bbox 2060 3654 3709 3729">
     <span class='ocr_line' id='line_1_82' title="bbox 2060 3654 3709 3729; baseline -0.005 -13"><span class='ocrx_word' id='word_1_565' title='bbox 2060 3659 2296 3727; x_wconf 88' lang='lat' dir='ltr'><strong>storias,</strong></span> <span class='ocrx_word' id='word_1_566' title='bbox 2323 3661 2380 3713; x_wconf 87' lang='lat' dir='ltr'><strong>et</strong></span> <span class='ocrx_word' id='word_1_567' title='bbox 2410 3673 2538 3729; x_wconf 83' lang='lat' dir='ltr'><strong>quae</strong></span> <span class='ocrx_word' id='word_1_568' title='bbox 2571 3656 2690 3712; x_wconf 87' lang='lat' dir='ltr'><strong>sive</strong></span> <span class='ocrx_word' id='word_1_569' title='bbox 2721 3657 2792 3712; x_wconf 89' lang='lat' dir='ltr'><strong>de</strong></span> <span class='ocrx_word' id='word_1_570' title='bbox 2823 3656 2958 3725; x_wconf 88' lang='lat' dir='ltr'><strong>diis,</strong></span> <span class='ocrx_word' id='word_1_571' title='bbox 2991 3657 3113 3712; x_wconf 89' lang='lat' dir='ltr'><strong>sive</strong></span> <span class='ocrx_word' id='word_1_572' title='bbox 3139 3655 3212 3710; x_wconf 89' lang='lat' dir='ltr'><strong>de</strong></span> <span class='ocrx_word' id='word_1_573' title='bbox 3253 3654 3528 3710; x_wconf 88' lang='lat' dir='ltr'><strong>heroibus</strong></span> <span class='ocrx_word' id='word_1_574' title='bbox 3559 3657 3709 3708; x_wconf 87' lang='lat' dir='ltr'><strong>tem-</strong></span> 
     </span>
    </p>
   </div>
   <div class='ocr_carea' id='block_1_83' title="bbox 2058 3739 3705 3820">
    <p class='ocr_par' dir='ltr' id='par_1_83' title="bbox 2058 3739 3705 3820">
     <span class='ocr_line' id='line_1_83' title="bbox 2058 3739 3705 3820; baseline -0.005 -16"><span class='ocrx_word' id='word_1_575' title='bbox 2058 3747 2215 3820; x_wconf 88' lang='lat' dir='ltr'><strong>poris</strong></span> <span class='ocrx_word' id='word_1_576' title='bbox 2274 3747 2421 3802; x_wconf 86' lang='lat' dir='ltr'><strong>ratio</strong></span> <span class='ocrx_word' id='word_1_577' title='bbox 2473 3746 2631 3801; x_wconf 86' lang='lat' dir='ltr'><strong>dedit</strong></span> <span class='ocrx_word' id='word_1_578' title='bbox 2681 3744 2994 3816; x_wconf 88' lang='lat' dir='ltr'><strong>opinanda,</strong></span> <span class='ocrx_word' id='word_1_579' title='bbox 3035 3761 3169 3799; x_wconf 88' lang='lat' dir='ltr'><strong>cum</strong></span> <span class='ocrx_word' id='word_1_580' title='bbox 3216 3739 3705 3814; x_wconf 86' lang='lat' dir='ltr'><strong>appellationibus</strong></span> 
     </span>
    </p>
   </div>
   <div class='ocr_carea' id='block_1_84' title="bbox 2061 3828 3698 3905">
    <p class='ocr_par' dir='ltr' id='par_1_84' title="bbox 2061 3828 3698 3905">
     <span class='ocr_line' id='line_1_84' title="bbox 2061 3828 3698 3905; baseline -0.004 -14"><span class='ocrx_word' id='word_1_581' title='bbox 2061 3835 2396 3903; x_wconf 87' lang='lat' dir='ltr'><strong>ﬂuminum,</strong></span> <span class='ocrx_word' id='word_1_582' title='bbox 2419 3834 2610 3891; x_wconf 71' lang='lat'><strong>1421)</strong></span> <span class='ocrx_word' id='word_1_583' title='bbox 2640 3833 2972 3905; x_wconf 88' lang='lat' dir='ltr'><strong>regionum,</strong></span> <span class='ocrx_word' id='word_1_584' title='bbox 3031 3831 3292 3903; x_wconf 90' lang='lat' dir='ltr'><strong>gentium</strong></span> <span class='ocrx_word' id='word_1_585' title='bbox 3351 3835 3408 3886; x_wconf 90' lang='lat' dir='ltr'><strong>et</strong></span> <span class='ocrx_word' id='word_1_586' title='bbox 3439 3828 3698 3884; x_wconf 90' lang='lat' dir='ltr'><strong>urbium.</strong></span> 
     </span>
    </p>
   </div>
   <div class='ocr_carea' id='block_1_85' title="bbox 2057 3918 3702 3996">
    <p class='ocr_par' dir='ltr' id='par_1_85' title="bbox 2057 3918 3702 3996">
     <span class='ocr_line' id='line_1_85' title="bbox 2057 3918 3702 3996; baseline -0.005 -15"><span class='ocrx_word' id='word_1_587' title='bbox 2057 3925 2203 3982; x_wconf 88' lang='lat' dir='ltr'><strong>Hinc</strong></span> <span class='ocrx_word' id='word_1_588' title='bbox 2250 3930 2302 3980; x_wconf 90' lang='lat' dir='ltr'><strong>et</strong></span> <span class='ocrx_word' id='word_1_589' title='bbox 2351 3923 2623 3996; x_wconf 85' lang='lat' dir='ltr'><strong>pleraque</strong></span> <span class='ocrx_word' id='word_1_590' title='bbox 2663 3921 2924 3993; x_wconf 88' lang='lat' dir='ltr'><strong>antiqua,</strong></span> <span class='ocrx_word' id='word_1_591' title='bbox 2960 3922 3030 3976; x_wconf 91' lang='lat' dir='ltr'><strong>ad</strong></span> <span class='ocrx_word' id='word_1_592' title='bbox 3064 3920 3192 3992; x_wconf 90' lang='lat' dir='ltr'><strong>ipsa</strong></span> <span class='ocrx_word' id='word_1_593' title='bbox 3234 3934 3420 3992; x_wconf 89' lang='lat' dir='ltr'><strong>usque</strong></span> <span class='ocrx_word' id='word_1_594' title='bbox 3448 3918 3702 3989; x_wconf 85' lang='lat' dir='ltr'><strong>Trojana</strong></span> 
     </span>
    </p>
   </div>
   <div class='ocr_carea' id='block_1_86' title="bbox 2057 4009 3702 4084">
    <p class='ocr_par' dir='ltr' id='par_1_86' title="bbox 2057 4009 3702 4084">
     <span class='ocr_line' id='line_1_86' title="bbox 2057 4009 3702 4084; baseline -0.007 -12"><span class='ocrx_word' id='word_1_595' title='bbox 2057 4021 2319 4084; x_wconf 88' lang='lat' dir='ltr'><strong>tempora</strong></span> <span class='ocrx_word' id='word_1_596' title='bbox 2365 4012 2723 4068; x_wconf 89' lang='lat' dir='ltr'><strong>descendens</strong></span> <span class='ocrx_word' id='word_1_597' title='bbox 2773 4011 2968 4068; x_wconf 88' lang='lat' dir='ltr'><strong>refert.</strong></span> <span class='ocrx_word' id='word_1_598' title='bbox 2999 4009 3268 4065; x_wconf 89' lang='lat' dir='ltr'><strong>Virorum</strong></span> <span class='ocrx_word' id='word_1_599' title='bbox 3299 4023 3530 4079; x_wconf 88' lang='lat' dir='ltr'><strong>quoque</strong></span> <span class='ocrx_word' id='word_1_600' title='bbox 3556 4023 3702 4062; x_wconf 86' lang='lat' dir='ltr'><strong>non-</strong></span> 
     </span>
    </p>
   </div>
   <div class='ocr_carea' id='block_1_87' title="bbox 2057 4103 3705 4173">
    <p class='ocr_par' dir='ltr' id='par_1_87' title="bbox 2057 4103 3705 4173">
     <span class='ocr_line' id='line_1_87' title="bbox 2057 4103 3705 4173; baseline -0.004 -12"><span class='ocrx_word' id='word_1_601' title='bbox 2057 4103 2352 4161; x_wconf 92' lang='lat' dir='ltr'><strong>nullorum</strong></span> <span class='ocrx_word' id='word_1_602' title='bbox 2403 4103 2558 4158; x_wconf 92' lang='lat' dir='ltr'><strong>inter</strong></span> <span class='ocrx_word' id='word_1_603' title='bbox 2583 4118 2646 4158; x_wconf 92' lang='lat' dir='ltr'><strong>se</strong></span> <span class='ocrx_word' id='word_1_604' title='bbox 2676 4117 2924 4173; x_wconf 81' lang='lat' dir='ltr'><strong>pugnas,</strong></span> <span class='ocrx_word' id='word_1_605' title='bbox 2957 4115 3168 4172; x_wconf 90' lang='lat' dir='ltr'><strong>resque</strong></span> <span class='ocrx_word' id='word_1_606' title='bbox 3215 4103 3408 4168; x_wconf 84' lang='lat' dir='ltr'><strong>gestas</strong></span> <span class='ocrx_word' id='word_1_607' title='bbox 3439 4111 3705 4154; x_wconf 88' lang='lat' dir='ltr'><strong>comme-</strong></span> 
     </span>
    </p>
   </div>
   <div class='ocr_carea' id='block_1_88' title="bbox 2059 4186 3704 4262">
    <p class='ocr_par' dir='ltr' id='par_1_88' title="bbox 2059 4186 3704 4262">
     <span class='ocr_line' id='line_1_88' title="bbox 2059 4186 3704 4262; baseline -0.004 -13"><span class='ocrx_word' id='word_1_608' title='bbox 2059 4197 2269 4261; x_wconf 90' lang='lat' dir='ltr'><strong>morat,</strong></span> <span class='ocrx_word' id='word_1_609' title='bbox 2301 4196 2360 4248; x_wconf 88' lang='lat' dir='ltr'><strong>et</strong></span> <span class='ocrx_word' id='word_1_610' title='bbox 2395 4199 2564 4262; x_wconf 88' lang='lat' dir='ltr'><strong>capta</strong></span> <span class='ocrx_word' id='word_1_611' title='bbox 2605 4192 2730 4261; x_wconf 87' lang='lat' dir='ltr'><strong>jam</strong></span> <span class='ocrx_word' id='word_1_612' title='bbox 2780 4190 2976 4262; x_wconf 88' lang='lat' dir='ltr'><strong>Troja,</strong></span> <span class='ocrx_word' id='word_1_613' title='bbox 3020 4203 3245 4245; x_wconf 87' lang='lat' dir='ltr'><strong>errores</strong></span> <span class='ocrx_word' id='word_1_614' title='bbox 3294 4186 3704 4260; x_wconf 89' lang='lat' dir='ltr'><strong>quorumdam,</strong></span> 
     </span>
    </p>
   </div>
   <div class='ocr_carea' id='block_1_89' title="bbox 2060 4279 3705 4357">
    <p class='ocr_par' dir='ltr' id='par_1_89' title="bbox 2060 4279 3705 4357">
     <span class='ocr_line' id='line_1_89' title="bbox 2060 4279 3705 4357; baseline -0.003 -20"><span class='ocrx_word' id='word_1_615' title='bbox 2060 4282 2346 4357; x_wconf 67' lang='lat' dir='ltr'><strong>praecipue</strong></span> <span class='ocrx_word' id='word_1_616' title='bbox 2377 4279 2624 4354; x_wconf 84' lang='lat' dir='ltr'><strong>Ulyssis,</strong></span> <span class='ocrx_word' id='word_1_617' title='bbox 2657 4281 2716 4336; x_wconf 94' lang='lat' dir='ltr'><strong>in</strong></span> <span class='ocrx_word' id='word_1_618' title='bbox 2748 4296 2920 4353; x_wconf 89' lang='lat' dir='ltr'><strong>quem</strong></span> <span class='ocrx_word' id='word_1_619' title='bbox 2952 4280 3082 4352; x_wconf 87' lang='lat' dir='ltr'><strong>ejus</strong></span> <span class='ocrx_word' id='word_1_620' title='bbox 3134 4279 3458 4352; x_wconf 86' lang='lat' dir='ltr'><strong>priscarum</strong></span> <span class='ocrx_word' id='word_1_621' title='bbox 3509 4291 3705 4333; x_wconf 89' lang='lat' dir='ltr'><strong>rerum</strong></span> 
     </span>
    </p>
   </div>
   <div class='ocr_carea' id='block_1_90' title="bbox 296 4367 1941 4452">
    <p class='ocr_par' dir='ltr' id='par_1_90' title="bbox 296 4369 1941 4451">
     <span class='ocr_line' id='line_1_90' title="bbox 296 4369 1941 4451; baseline -0.002 -19"><span class='ocrx_word' id='word_1_622' title='bbox 296 4377 387 4432; x_wconf 79' lang='grc' dir='ltr'><strong>καὶ</strong></span> <span class='ocrx_word' id='word_1_623' title='bbox 433 4375 536 4431; x_wconf 80' lang='grc' dir='ltr'><strong>ούκ</strong></span> <span class='ocrx_word' id='word_1_624' title='bbox 572 4372 855 4451; x_wconf 80' lang='grc' dir='ltr'>ἄχρηστος</span> <span class='ocrx_word' id='word_1_625' title='bbox 883 4378 1000 4438; x_wconf 86' lang='grc' dir='ltr'>τοῖς</span> <span class='ocrx_word' id='word_1_626' title='bbox 1042 4374 1110 4430; x_wconf 73' lang='grc' dir='ltr'>τὰ</span> <span class='ocrx_word' id='word_1_627' title='bbox 1150 4371 1359 4430; x_wconf 83' lang='grc' dir='ltr'>παλαιὰ</span> <span class='ocrx_word' id='word_1_628' title='bbox 1408 4372 1492 4430; x_wconf 74' lang='grc' dir='ltr'><strong>ἐπὶ</strong></span> <span class='ocrx_word' id='word_1_629' title='bbox 1546 4376 1770 4448; x_wconf 78' lang='grc' dir='ltr'>μνήμης</span> <span class='ocrx_word' id='word_1_630' title='bbox 1810 4369 1941 4449; x_wconf 60' lang='grc' dir='ltr'>ἔχειι</span> 
     </span>
    </p>
   </div>
   <div class='ocr_carea' id='block_1_91' title="bbox 2057 4367 3710 4452">
    <p class='ocr_par' dir='ltr' id='par_1_91' title="bbox 2066 4367 3710 4442">
     <span class='ocr_line' id='line_1_91' title="bbox 2066 4367 3710 4442; baseline -0.005 -11"><span class='ocrx_word' id='word_1_631' title='bbox 2066 4373 2323 4431; x_wconf 89' lang='lat' dir='ltr'><strong>narratio</strong></span> <span class='ocrx_word' id='word_1_632' title='bbox 2371 4372 2738 4429; x_wconf 88' lang='lat' dir='ltr'><strong>terminatur.</strong></span> <span class='ocrx_word' id='word_1_633' title='bbox 2782 4370 3212 4442; x_wconf 62' lang='lat' dir='ltr'><strong>Compentilosa</strong></span> <span class='ocrx_word' id='word_1_634' title='bbox 3257 4367 3523 4442; x_wconf 71' lang='lat' dir='ltr'><strong>quedam</strong></span> <span class='ocrx_word' id='word_1_635' title='bbox 3571 4382 3710 4424; x_wconf 87' lang='lat' dir='ltr'><strong>nar-</strong></span> 
     </span>
    </p>
   </div>
   <div class='ocr_carea' id='block_1_92' title="bbox 296 4460 1951 4540">
    <p class='ocr_par' dir='ltr' id='par_1_92' title="bbox 296 4460 1951 4540">
     <span class='ocr_line' id='line_1_92' title="bbox 296 4460 1951 4540; baseline -0.002 -19"><span class='ocrx_word' id='word_1_636' title='bbox 296 4463 462 4540; x_wconf 74' lang='grc' dir='ltr'>λόγον</span> <span class='ocrx_word' id='word_1_637' title='bbox 510 4465 563 4502; x_wconf 76' lang='grc'>³⁸</span> <span class='ocrx_word' id='word_1_638' title='bbox 618 4463 992 4539; x_wconf 77' lang='grc' dir='ltr'>ποιουμένοις.</span> <span class='ocrx_word' id='word_1_639' title='bbox 1043 4466 1202 4539; x_wconf 82' lang='grc' dir='ltr'>Ἔχει</span> <span class='ocrx_word' id='word_1_640' title='bbox 1262 4460 1319 4520; x_wconf 72' lang='grc' dir='ltr'>δὲ</span> <span class='ocrx_word' id='word_1_641' title='bbox 1362 4462 1453 4519; x_wconf 85' lang='grc' dir='ltr'><strong>καὶ</strong></span> <span class='ocrx_word' id='word_1_642' title='bbox 1511 4461 1835 4539; x_wconf 75' lang='grc' dir='ltr'>ἐπίγραμμα</span> <span class='ocrx_word' id='word_1_643' title='bbox 1889 4464 1951 4519; x_wconf 88' lang='grc' dir='ltr'>τὸ</span> 
     </span>
    </p>
   </div>
   <div class='ocr_carea' id='block_1_93' title="bbox 300 4549 1262 4631">
    <p class='ocr_par' dir='ltr' id='par_1_93' title="bbox 300 4549 1262 4631">
     <span class='ocr_line' id='line_1_93' title="bbox 300 4549 1262 4631; baseline 0.001 -22"><span class='ocrx_word' id='word_1_644' title='bbox 300 4549 653 4631; x_wconf 76' lang='grc' dir='ltr'>βιϐλιδάριον</span> <span class='ocrx_word' id='word_1_645' title='bbox 692 4551 792 4610; x_wconf 83' lang='grc' dir='ltr'><strong>ούκ</strong></span> <span class='ocrx_word' id='word_1_646' title='bbox 824 4556 1071 4629; x_wconf 72' lang='grc' dir='ltr'>ἄκομψον</span> <span class='ocrx_word' id='word_1_647' title='bbox 1116 4551 1262 4624; x_wconf 85' lang='grc' dir='ltr'>τόδε,</span> 
     </span>
    </p>
   </div>
   <div class='ocr_carea' id='block_1_94' title="bbox 367 4711 1954 4794">
    <p class='ocr_par' dir='ltr' id='par_1_94' title="bbox 367 4711 1954 4794">
     <span class='ocr_line' id='line_1_94' title="bbox 367 4711 1954 4794; baseline -0.004 -18"><span class='ocrx_word' id='word_1_648' title='bbox 367 4720 491 4793; x_wconf 74' lang='grc'><strong>[460</strong></span> <span class='ocrx_word' id='word_1_649' title='bbox 539 4720 632 4794; x_wconf 70' lang='grc'><strong>8.]</strong></span> <span class='ocrx_word' id='word_1_650' title='bbox 664 4716 878 4780; x_wconf 76' lang='grc' dir='ltr'>Δῖῶνος</span> <span class='ocrx_word' id='word_1_651' title='bbox 908 4715 1187 4793; x_wconf 84' lang='grc' dir='ltr'>σπείρημα</span> <span class='ocrx_word' id='word_1_652' title='bbox 1213 4718 1256 4756; x_wconf 71' lang='grc'><strong>³1</strong></span> <span class='ocrx_word' id='word_1_653' title='bbox 1286 4716 1656 4794; x_wconf 81' lang='grc' dir='ltr'>ἀφυσσάμενος</span> <span class='ocrx_word' id='word_1_654' title='bbox 1679 4716 1773 4771; x_wconf 83' lang='grc' dir='ltr'>ἀπ’</span> <span class='ocrx_word' id='word_1_655' title='bbox 1802 4711 1954 4789; x_wconf 73' lang='grc' dir='ltr'>ἐμεῖο</span> 
     </span>
    </p>
   </div>
   <div class='ocr_carea' id='block_1_95' title="bbox 371 4803 1516 4885">
    <p class='ocr_par' dir='ltr' id='par_1_95' title="bbox 371 4803 1516 4885">
     <span class='ocr_line' id='line_1_95' title="bbox 371 4803 1516 4885; baseline -0.002 -22"><span class='ocrx_word' id='word_1_656' title='bbox 371 4804 656 4880; x_wconf 82' lang='grc' dir='ltr'>Παιδιίης,</span> <span class='ocrx_word' id='word_1_657' title='bbox 692 4807 899 4882; x_wconf 84' lang='grc' dir='ltr'>μύθους</span> <span class='ocrx_word' id='word_1_658' title='bbox 927 4807 1098 4882; x_wconf 82' lang='grc' dir='ltr'>γνῶθι</span> <span class='ocrx_word' id='word_1_659' title='bbox 1127 4803 1516 4885; x_wconf 73' lang='grc' dir='ltr'>παλαιγενὲας,</span> 
     </span>
    </p>
   </div>
   <div class='ocr_carea' id='block_1_96' title="bbox 2065 4455 3708 4532">
    <p class='ocr_par' dir='ltr' id='par_1_96' title="bbox 2065 4455 3708 4532">
     <span class='ocr_line' id='line_1_96' title="bbox 2065 4455 3708 4532; baseline -0.007 -10"><span class='ocrx_word' id='word_1_660' title='bbox 2065 4465 2210 4522; x_wconf 88' lang='lat' dir='ltr'><strong>ratio</strong></span> <span class='ocrx_word' id='word_1_661' title='bbox 2241 4467 2338 4519; x_wconf 64' lang='lat' dir='ltr'><strong>est</strong></span> <span class='ocrx_word' id='word_1_662' title='bbox 2377 4460 2634 4519; x_wconf 82' lang='lat' dir='ltr'><strong>maxima</strong></span> <span class='ocrx_word' id='word_1_663' title='bbox 2679 4459 2858 4531; x_wconf 89' lang='lat' dir='ltr'><strong>hujus</strong></span> <span class='ocrx_word' id='word_1_664' title='bbox 2910 4456 3094 4516; x_wconf 89' lang='lat' dir='ltr'><strong>libelli</strong></span> <span class='ocrx_word' id='word_1_665' title='bbox 3143 4475 3300 4532; x_wconf 88' lang='lat' dir='ltr'><strong>pars,</strong></span> <span class='ocrx_word' id='word_1_666' title='bbox 3334 4457 3405 4514; x_wconf 90' lang='lat' dir='ltr'><strong>iis</strong></span> <span class='ocrx_word' id='word_1_667' title='bbox 3454 4472 3569 4513; x_wconf 91' lang='lat' dir='ltr'><strong>non</strong></span> <span class='ocrx_word' id='word_1_668' title='bbox 3615 4455 3708 4512; x_wconf 91' lang='lat' dir='ltr'><strong>in-</strong></span> 
     </span>
    </p>
   </div>
   <div class='ocr_carea' id='block_1_97' title="bbox 2060 4543 3704 4624">
    <p class='ocr_par' dir='ltr' id='par_1_97' title="bbox 2060 4543 3704 4624">
     <span class='ocr_line' id='line_1_97' title="bbox 2060 4543 3704 4624; baseline -0.006 -13"><span class='ocrx_word' id='word_1_669' title='bbox 2060 4553 2238 4621; x_wconf 85' lang='lat' dir='ltr'><strong>utilis,</strong></span> <span class='ocrx_word' id='word_1_670' title='bbox 2270 4551 2368 4624; x_wconf 91' lang='lat' dir='ltr'><strong>qui</strong></span> <span class='ocrx_word' id='word_1_671' title='bbox 2397 4562 2584 4609; x_wconf 88' lang='lat' dir='ltr'><strong>vetera</strong></span> <span class='ocrx_word' id='word_1_672' title='bbox 2613 4549 2916 4622; x_wconf 89' lang='lat' dir='ltr'><strong>complecti</strong></span> <span class='ocrx_word' id='word_1_673' title='bbox 2950 4548 3226 4604; x_wconf 88' lang='lat' dir='ltr'><strong>memoria</strong></span> <span class='ocrx_word' id='word_1_674' title='bbox 3253 4546 3477 4603; x_wconf 90' lang='lat' dir='ltr'><strong>volunt.</strong></span> <span class='ocrx_word' id='word_1_675' title='bbox 3513 4543 3704 4602; x_wconf 82' lang='lat' dir='ltr'><strong>Ascri-</strong></span> 
     </span>
    </p>
   </div>
   <div class='ocr_carea' id='block_1_98' title="bbox 2061 4635 3455 4717">
    <p class='ocr_par' dir='ltr' id='par_1_98' title="bbox 2061 4635 3455 4717">
     <span class='ocr_line' id='line_1_98' title="bbox 2061 4635 3455 4717; baseline -0.004 -17"><span class='ocrx_word' id='word_1_676' title='bbox 2061 4647 2228 4717; x_wconf 90' lang='lat' dir='ltr'><strong>ptum</strong></span> <span class='ocrx_word' id='word_1_677' title='bbox 2259 4641 2396 4698; x_wconf 87' lang='lat' dir='ltr'><strong>item</strong></span> <span class='ocrx_word' id='word_1_678' title='bbox 2426 4648 2547 4698; x_wconf 89' lang='lat' dir='ltr'><strong>erat</strong></span> <span class='ocrx_word' id='word_1_679' title='bbox 2574 4639 2839 4713; x_wconf 88' lang='lat' dir='ltr'><strong>lepidum</strong></span> <span class='ocrx_word' id='word_1_680' title='bbox 2871 4637 3025 4694; x_wconf 85' lang='lat' dir='ltr'><strong>istud</strong></span> <span class='ocrx_word' id='word_1_681' title='bbox 3055 4635 3412 4710; x_wconf 86' lang='lat' dir='ltr'><strong>epigramma</strong></span> <span class='ocrx_word' id='word_1_682' title='bbox 3439 4649 3455 4694; x_wconf 88' lang='lat'><strong>:</strong></span> 
     </span>
    </p>
   </div>
   <div class='ocr_carea' id='block_1_99' title="bbox 2157 4725 3380 4800">
    <p class='ocr_par' dir='ltr' id='par_1_99' title="bbox 2157 4725 3380 4800">
     <span class='ocr_line' id='line_1_99' title="bbox 2157 4725 3380 4800; baseline -0.007 -11"><span class='ocrx_word' id='word_1_683' title='bbox 2157 4731 2463 4790; x_wconf 60' lang='lat' dir='ltr'><strong>saeclorum</strong></span> <span class='ocrx_word' id='word_1_684' title='bbox 2491 4731 2688 4789; x_wconf 74' lang='lat' dir='ltr'><strong>seriem</strong></span> <span class='ocrx_word' id='word_1_685' title='bbox 2715 4737 2901 4787; x_wconf 78' lang='lat' dir='ltr'><strong>nostra</strong></span> <span class='ocrx_word' id='word_1_686' title='bbox 2929 4728 2980 4784; x_wconf 79' lang='grc' dir='ltr'>εἰ</span> <span class='ocrx_word' id='word_1_687' title='bbox 3009 4725 3212 4800; x_wconf 76' lang='lat' dir='ltr'><strong>legeris</strong></span> <span class='ocrx_word' id='word_1_688' title='bbox 3238 4734 3380 4793; x_wconf 80' lang='lat' dir='ltr'><strong>arte,</strong></span> 
     </span>
    </p>
   </div>
   <div class='ocr_carea' id='block_1_100' title="bbox 2242 4871 3293 4948">
    <p class='ocr_par' dir='ltr' id='par_1_100' title="bbox 2242 4871 3293 4948">
     <span class='ocr_line' id='line_1_100' title="bbox 2242 4871 3293 4948; baseline -0.004 -16"><span class='ocrx_word' id='word_1_689' title='bbox 2242 4875 2482 4948; x_wconf 76' lang='lat' dir='ltr'><strong>Antiqua</strong></span> <span class='ocrx_word' id='word_1_690' title='bbox 2513 4875 2643 4931; x_wconf 80' lang='lat' dir='ltr'><strong>hinc</strong></span> <span class='ocrx_word' id='word_1_691' title='bbox 2669 4875 2765 4946; x_wconf 78' lang='lat' dir='ltr'><strong>ﬁet</strong></span> <span class='ocrx_word' id='word_1_692' title='bbox 2788 4873 2978 4945; x_wconf 82' lang='lat' dir='ltr'><strong>[abula</strong></span> <span class='ocrx_word' id='word_1_693' title='bbox 3007 4876 3138 4930; x_wconf 80' lang='lat' dir='ltr'><strong>nota</strong></span> <span class='ocrx_word' id='word_1_694' title='bbox 3167 4871 3293 4929; x_wconf 80' lang='lat' dir='ltr'><strong>tibi.</strong></span> 
     </span>
    </p>
   </div>
   <div class='ocr_carea' id='block_1_101' title="bbox 1661 4983 2352 5045">
    <p class='ocr_par' dir='ltr' id='par_1_101' title="bbox 1661 4983 2352 5045">
     <span class='ocr_line' id='line_1_101' title="bbox 1661 4983 2352 5045; baseline -0.007 -1"><span class='ocrx_word' id='word_1_695' title='bbox 1661 4985 1908 5045; x_wconf 77' lang='lat' dir='ltr'><strong>VARUE</strong></span> <span class='ocrx_word' id='word_1_696' title='bbox 1953 4983 2352 5043; x_wconf 83' lang='lat' dir='ltr'><strong>LECTIONES</strong></span> 
     </span>
    </p>
   </div>
   <div class='ocr_carea' id='block_1_102' title="bbox 367 5085 1765 5165">
    <p class='ocr_par' dir='ltr' id='par_1_102' title="bbox 367 5085 1765 5165">
     <span class='ocr_line' id='line_1_102' title="bbox 367 5085 1765 5165; baseline -0.002 -18"><span class='ocrx_word' id='word_1_697' title='bbox 367 5092 410 5129; x_wconf 72' lang='grc'><strong>⁸⁸</strong></span> <span class='ocrx_word' id='word_1_698' title='bbox 443 5085 744 5165; x_wconf 68' lang='grc' dir='ltr'>Θεσσαλίαν</span> <span class='ocrx_word' id='word_1_699' title='bbox 776 5087 862 5165; x_wconf 86' lang='grc' dir='ltr'>ς’.</span> <span class='ocrx_word' id='word_1_700' title='bbox 940 5090 989 5126; x_wconf 78' lang='grc'><strong><em>³⁸</em></strong></span> <span class='ocrx_word' id='word_1_701' title='bbox 1020 5086 1300 5165; x_wconf 40' lang='grc' dir='ltr'>Πυθόλ-αον</span> <span class='ocrx_word' id='word_1_702' title='bbox 1333 5088 1690 5165; x_wconf 68' lang='grc' dir='ltr'>Ηωεριιθιίρε</span> <span class='ocrx_word' id='word_1_703' title='bbox 1749 5104 1765 5145; x_wconf 87' lang='lat'><strong>:</strong></span> 
     </span>
    </p>
   </div>
   <div class='ocr_carea' id='block_1_103' title="bbox 1823 5074 3711 5156">
    <p class='ocr_par' dir='ltr' id='par_1_103' title="bbox 1823 5074 3711 5156">
     <span class='ocr_line' id='line_1_103' title="bbox 1823 5074 3711 5156; baseline -0.005 -13"><span class='ocrx_word' id='word_1_704' title='bbox 1823 5086 1956 5143; x_wconf 90' lang='lat' dir='ltr'><strong>libri</strong></span> <span class='ocrx_word' id='word_1_705' title='bbox 2013 5081 2234 5156; x_wconf 81' lang='grc' dir='ltr'>θόλαον.</span> <span class='ocrx_word' id='word_1_706' title='bbox 2314 5083 2361 5119; x_wconf 77' lang='grc'><em>³³</em></span> <span class='ocrx_word' id='word_1_707' title='bbox 2389 5080 2642 5156; x_wconf 70' lang='grc' dir='ltr'>Εὐαλκής</span> <span class='ocrx_word' id='word_1_708' title='bbox 2695 5087 2786 5156; x_wconf 57' lang='grc' dir='ltr'><strong>ΔΞ</strong></span> <span class='ocrx_word' id='word_1_709' title='bbox 2842 5075 3097 5156; x_wconf 67' lang='grc' dir='ltr'>Εὒλαϐἡς</span> <span class='ocrx_word' id='word_1_710' title='bbox 3128 5080 3209 5156; x_wconf 67' lang='grc' dir='ltr'><strong>ς⁸</strong></span> <span class='ocrx_word' id='word_1_711' title='bbox 3229 5079 3281 5156; x_wconf 42' lang='grc'><strong>³1</strong></span> <span class='ocrx_word' id='word_1_712' title='bbox 3311 5075 3576 5156; x_wconf 86' lang='grc' dir='ltr'>νεώτερος</span> 
     </span>
    </p>
   </div>
   <div class='ocr_carea' id='block_1_104' title="bbox 300 5147 3713 5236">
    <p class='ocr_par' dir='ltr' id='par_1_104' title="bbox 300 5147 3713 5236">
     <span class='ocr_line' id='line_1_104' title="bbox 300 5147 3713 5236; baseline -0.005 -14"><span class='ocrx_word' id='word_1_713' title='bbox 300 5161 350 5198; x_wconf 71' lang='grc'><strong>²⁵</strong></span> <span class='ocrx_word' id='word_1_714' title='bbox 377 5170 508 5236; x_wconf 80' lang='lat' dir='ltr'><strong>post</strong></span> <span class='ocrx_word' id='word_1_715' title='bbox 565 5147 946 5236; x_wconf 45' lang='lat' dir='ltr'><strong>athleta-cum</strong></span> <span class='ocrx_word' id='word_1_716' title='bbox 1005 5163 1269 5236; x_wconf 33' lang='lat' dir='ltr'><strong>A‘pmigi</strong></span> <span class='ocrx_word' id='word_1_717' title='bbox 1315 5179 1426 5236; x_wconf 35' lang='grc' dir='ltr'>τε.-</span> <span class='ocrx_word' id='word_1_718' title='bbox 1461 5157 1726 5236; x_wconf 77' lang='grc' dir='ltr'>ἀνεγείρει</span> <span class='ocrx_word' id='word_1_719' title='bbox 1782 5163 1844 5214; x_wconf 83' lang='grc' dir='ltr'>Δ.</span> <span class='ocrx_word' id='word_1_720' title='bbox 1920 5153 2331 5236; x_wconf 41' lang='lat' dir='ltr'><strong>“paelicum</strong></span> <span class='ocrx_word' id='word_1_721' title='bbox 2381 5159 2446 5236; x_wconf 42' lang='grc' dir='ltr'><strong>Α..</strong></span> <span class='ocrx_word' id='word_1_722' title='bbox 2523 5147 2964 5236; x_wconf 58' lang='grc' dir='ltr'>³⁷’πρεσϐυτέρῳ</span> <span class='ocrx_word' id='word_1_723' title='bbox 3022 5147 3085 5211; x_wconf 72' lang='lat' dir='ltr'><strong>A.</strong></span> <span class='ocrx_word' id='word_1_724' title='bbox 3143 5147 3212 5188; x_wconf 74' lang='grc'><strong>’⁵⁸</strong></span> <span class='ocrx_word' id='word_1_725' title='bbox 3239 5147 3296 5206; x_wconf 62' lang='lat' dir='ltr'><strong>Si</strong></span> <span class='ocrx_word' id='word_1_726' title='bbox 3351 5154 3409 5207; x_wconf 86' lang='lat' dir='ltr'><strong>et</strong></span> <span class='ocrx_word' id='word_1_727' title='bbox 3464 5147 3600 5206; x_wconf 70' lang='lat' dir='ltr'><strong>mox</strong></span> <span class='ocrx_word' id='word_1_728' title='bbox 3643 5147 3713 5204; x_wconf 63' lang='grc' dir='ltr'>“τε</span> 
     </span>
    </p>
   </div>
   <div class='ocr_carea' id='block_1_105' title="bbox 304 5225 2681 5320">
    <p class='ocr_par' dir='ltr' id='par_1_105' title="bbox 304 5225 2681 5320">
     <span class='ocr_line' id='line_1_105' title="bbox 304 5225 2681 5320; baseline -0.007 -27"><span class='ocrx_word' id='word_1_729' title='bbox 304 5225 432 5294; x_wconf 77' lang='lat' dir='ltr'><strong>add.</strong></span> <span class='ocrx_word' id='word_1_730' title='bbox 463 5242 530 5320; x_wconf 84' lang='grc' dir='ltr'>Δ.</span> <span class='ocrx_word' id='word_1_731' title='bbox 609 5235 656 5271; x_wconf 72' lang='grc'><strong>³⁸</strong></span> <span class='ocrx_word' id='word_1_732' title='bbox 685 5229 834 5290; x_wconf 80' lang='grc' dir='ltr'>ἄλλα</span> <span class='ocrx_word' id='word_1_733' title='bbox 858 5239 901 5289; x_wconf 81' lang='grc' dir='ltr'><strong>Δ</strong></span> <span class='ocrx_word' id='word_1_734' title='bbox 936 5250 951 5290; x_wconf 90' lang='lat'><strong>:</strong></span> <span class='ocrx_word' id='word_1_735' title='bbox 982 5229 1170 5289; x_wconf 88' lang='grc' dir='ltr'>πολλά</span> <span class='ocrx_word' id='word_1_736' title='bbox 1335 5233 1381 5270; x_wconf 83' lang='grc' dir='ltr'><strong>⁸ο</strong></span> <span class='ocrx_word' id='word_1_737' title='bbox 1410 5225 1588 5306; x_wconf 75' lang='grc' dir='ltr'>λόγων</span> <span class='ocrx_word' id='word_1_738' title='bbox 1626 5225 2118 5305; x_wconf 76' lang='grc' dir='ltr'>μεταποιουμένοις</span> <span class='ocrx_word' id='word_1_739' title='bbox 2274 5227 2318 5263; x_wconf 61' lang='grc'><strong>³1</strong></span> <span class='ocrx_word' id='word_1_740' title='bbox 2347 5225 2591 5300; x_wconf 85' lang='grc' dir='ltr'>πείρημα</span> <span class='ocrx_word' id='word_1_741' title='bbox 2622 5225 2681 5282; x_wconf 64' lang='grc' dir='ltr'><strong>Αζ</strong></span> 
     </span>
    </p>
   </div>
   <div class='ocr_carea' id='block_1_106' title="bbox 1907 5335 2122 5395">
    <p class='ocr_par' dir='ltr' id='par_1_106' title="bbox 1907 5335 2122 5395">
     <span class='ocr_line' id='line_1_106' title="bbox 1907 5335 2122 5395; baseline -0.009 0"><span class='ocrx_word' id='word_1_742' title='bbox 1907 5335 2122 5395; x_wconf 58' lang='lat' dir='ltr'><strong>NOTAE</strong></span> 
     </span>
    </p>
   </div>
   <div class='ocr_carea' id='block_1_107' title="bbox 373 5441 1954 5519">
    <p class='ocr_par' dir='ltr' id='par_1_107' title="bbox 373 5441 1954 5519">
     <span class='ocr_line' id='line_1_107' title="bbox 373 5441 1954 5519; baseline -0.001 -19"><span class='ocrx_word' id='word_1_743' title='bbox 373 5446 483 5519; x_wconf 68' lang='grc'><strong>(74)</strong></span> <span class='ocrx_word' id='word_1_744' title='bbox 512 5445 818 5519; x_wconf 79' lang='lat' dir='ltr'><strong>Videndus</strong></span> <span class='ocrx_word' id='word_1_745' title='bbox 853 5445 1058 5519; x_wconf 66' lang='lat' dir='ltr'><strong>picero</strong></span> <span class='ocrx_word' id='word_1_746' title='bbox 1086 5445 1252 5519; x_wconf 71' lang='lat' dir='ltr'><strong>Ofﬁc.</strong></span> <span class='ocrx_word' id='word_1_747' title='bbox 1287 5458 1347 5519; x_wconf 68' lang='lat' dir='ltr'><strong>ri.</strong></span> <span class='ocrx_word' id='word_1_748' title='bbox 1380 5443 1548 5519; x_wconf 73' lang='lat' dir='ltr'><strong>init.;</strong></span> <span class='ocrx_word' id='word_1_749' title='bbox 1581 5442 1773 5499; x_wconf 86' lang='lat' dir='ltr'><strong>Valer.</strong></span> <span class='ocrx_word' id='word_1_750' title='bbox 1805 5441 1954 5498; x_wconf 85' lang='lat' dir='ltr'><strong>Max.</strong></span> 
     </span>
    </p>
   </div>
   <div class='ocr_carea' id='block_1_108' title="bbox 306 5515 1813 5590">
    <p class='ocr_par' dir='ltr' id='par_1_108' title="bbox 306 5515 1813 5590">
     <span class='ocr_line' id='line_1_108' title="bbox 306 5515 1813 5590; baseline -0.001 -18"><span class='ocrx_word' id='word_1_751' title='bbox 306 5515 404 5575; x_wconf 61' lang='lat' dir='ltr'><strong>lib&#39;.</strong></span> <span class='ocrx_word' id='word_1_752' title='bbox 437 5515 514 5584; x_wconf 63' lang='lat' dir='ltr'><strong>ni,</strong></span> <span class='ocrx_word' id='word_1_753' title='bbox 547 5534 678 5590; x_wconf 88' lang='lat' dir='ltr'><strong>cap.</strong></span> <span class='ocrx_word' id='word_1_754' title='bbox 717 5518 821 5580; x_wconf 80' lang='lat' dir='ltr'><strong>i3;</strong></span> <span class='ocrx_word' id='word_1_755' title='bbox 850 5515 1172 5588; x_wconf 70' lang='lat' dir='ltr'><strong>PlutarchL,</strong></span> <span class='ocrx_word' id='word_1_756' title='bbox 1201 5515 1501 5589; x_wconf 62' lang='lat' dir='ltr'><strong>Pelopida,</strong></span> <span class='ocrx_word' id='word_1_757' title='bbox 1531 5519 1813 5572; x_wconf 79' lang='lat' dir='ltr'><strong>extremo.</strong></span> 
     </span>
    </p>
   </div>
   <div class='ocr_carea' id='block_1_109' title="bbox 376 5590 850 5660">
    <p class='ocr_par' dir='ltr' id='par_1_109' title="bbox 376 5590 850 5660">
     <span class='ocr_line' id='line_1_109' title="bbox 376 5590 850 5660; baseline 0 -15"><span class='ocrx_word' id='word_1_758' title='bbox 376 5590 482 5660; x_wconf 64' lang='lat'><strong>(75)</strong></span> <span class='ocrx_word' id='word_1_759' title='bbox 509 5591 574 5646; x_wconf 85' lang='lat' dir='ltr'><strong>Al</strong></span> <span class='ocrx_word' id='word_1_760' title='bbox 587 5633 599 5646; x_wconf 98' lang='lat'><strong>.</strong></span> <span class='ocrx_word' id='word_1_761' title='bbox 633 5591 850 5648; x_wconf 78' lang='lat' dir='ltr'><strong>Evalce.</strong></span> 
     </span>
    </p>
   </div>
   <div class='ocr_carea' id='block_1_110' title="bbox 380 5657 1954 5736">
    <p class='ocr_par' dir='ltr' id='par_1_110' title="bbox 380 5657 1954 5736">
     <span class='ocr_line' id='line_1_110' title="bbox 380 5657 1954 5736; baseline -0.006 -16"><span class='ocrx_word' id='word_1_762' title='bbox 380 5657 489 5735; x_wconf 79' lang='lat'><strong>(76)</strong></span> <span class='ocrx_word' id='word_1_763' title='bbox 520 5662 662 5734; x_wconf 79' lang='lat' dir='ltr'><strong>Ejus</strong></span> <span class='ocrx_word' id='word_1_764' title='bbox 695 5666 920 5736; x_wconf 85' lang='lat' dir='ltr'><strong>partem</strong></span> <span class='ocrx_word' id='word_1_765' title='bbox 957 5662 1016 5720; x_wconf 91' lang='lat' dir='ltr'><strong>in</strong></span> <span class='ocrx_word' id='word_1_766' title='bbox 1047 5665 1168 5720; x_wconf 84' lang='lat' dir='ltr'><strong>tres</strong></span> <span class='ocrx_word' id='word_1_767' title='bbox 1213 5660 1460 5722; x_wconf 89' lang='lat' dir='ltr'><strong>divisam</strong></span> <span class='ocrx_word' id='word_1_768' title='bbox 1510 5659 1694 5718; x_wconf 87' lang='lat' dir='ltr'><strong>libros</strong></span> <span class='ocrx_word' id='word_1_769' title='bbox 1739 5657 1954 5715; x_wconf 90' lang='lat' dir='ltr'><strong>Bened.</strong></span> 
     </span>
    </p>
   </div>
   <div class='ocr_carea' id='block_1_111' title="bbox 2066 5431 3717 5509">
    <p class='ocr_par' dir='ltr' id='par_1_111' title="bbox 2066 5431 3717 5509">
     <span class='ocr_line' id='line_1_111' title="bbox 2066 5431 3717 5509; baseline -0.003 -16"><span class='ocrx_word' id='word_1_770' title='bbox 2066 5434 2291 5509; x_wconf 61' lang='lat' dir='ltr'><strong>JEgius,</strong></span> <span class='ocrx_word' id='word_1_771' title='bbox 2349 5435 2694 5509; x_wconf 81' lang='lat' dir='ltr'><strong>Graeco-Lat.</strong></span> <span class='ocrx_word' id='word_1_772' title='bbox 2746 5435 2836 5491; x_wconf 91' lang='lat' dir='ltr'><strong>ed.</strong></span> <span class='ocrx_word' id='word_1_773' title='bbox 2889 5433 3266 5509; x_wconf 63' lang='lat' dir='ltr'><strong>Bome,_ubi_</strong></span> <span class='ocrx_word' id='word_1_774' title='bbox 3306 5439 3360 5488; x_wconf 87' lang='lat' dir='ltr'><strong>et</strong></span> <span class='ocrx_word' id='word_1_775' title='bbox 3380 5431 3487 5509; x_wconf 87' lang='lat' dir='ltr'><strong>_de</strong></span> <span class='ocrx_word' id='word_1_776' title='bbox 3540 5431 3717 5509; x_wconf 64' lang='lat' dir='ltr'><strong>variis</strong></span> 
     </span>
    </p>
   </div>
   <div class='ocr_carea' id='block_1_112' title="bbox 2068 5502 3715 5580">
    <p class='ocr_par' dir='ltr' id='par_1_112' title="bbox 2068 5502 3715 5580">
     <span class='ocr_line' id='line_1_112' title="bbox 2068 5502 3715 5580; baseline -0.002 -15"><span class='ocrx_word' id='word_1_777' title='bbox 2068 5502 2404 5580; x_wconf 56' lang='lat' dir='ltr'><strong>Ap&#39;ollodori</strong></span> <span class='ocrx_word' id='word_1_778' title='bbox 2463 5507 2768 5580; x_wconf 75' lang='lat' dir='ltr'><strong>disseritur</strong></span> <span class='ocrx_word' id='word_1_779' title='bbox 2815 5523 2848 5563; x_wconf 92' lang='lat' dir='ltr'><strong>a</strong></span> <span class='ocrx_word' id='word_1_780' title='bbox 2888 5507 3060 5580; x_wconf 88' lang='lat' dir='ltr'><strong>_Scip.</strong></span> <span class='ocrx_word' id='word_1_781' title='bbox 3112 5502 3555 5580; x_wconf 30' lang='lat' dir='ltr'><strong>Tertio,_‘P_or_ro</strong></span> <span class='ocrx_word' id='word_1_782' title='bbox 3610 5503 3715 5562; x_wconf 91' lang='lat' dir='ltr'><strong>lib.</strong></span> 
     </span>
    </p>
   </div>
   <div class='ocr_carea' id='block_1_113' title="bbox 2067 5573 3719 5652">
    <p class='ocr_par' dir='ltr' id='par_1_113' title="bbox 2067 5573 3719 5652">
     <span class='ocr_line' id='line_1_113' title="bbox 2067 5573 3719 5652; baseline -0.003 -15"><span class='ocrx_word' id='word_1_783' title='bbox 2067 5573 2198 5637; x_wconf 74' lang='lat' dir='ltr'><strong>xiiv</strong></span> <span class='ocrx_word' id='word_1_784' title='bbox 2243 5579 2508 5652; x_wconf 90' lang='lat' dir='ltr'><strong>Apollod.</strong></span> <span class='ocrx_word' id='word_1_785' title='bbox 2552 5578 2731 5652; x_wconf 61' lang='lat' dir='ltr'><strong>hujus</strong></span> <span class='ocrx_word' id='word_1_786' title='bbox 2779 5577 2904 5649; x_wconf 83' lang='grc' dir='ltr'><strong>περί</strong></span> <span class='ocrx_word' id='word_1_787' title='bbox 2945 5581 3089 5632; x_wconf 86' lang='grc' dir='ltr'>Θεῶν</span> <span class='ocrx_word' id='word_1_788' title='bbox 3136 5577 3274 5632; x_wconf 81' lang='lat' dir='ltr'><strong>citat</strong></span> <span class='ocrx_word' id='word_1_789' title='bbox 3317 5573 3423 5630; x_wconf 84' lang='lat' dir='ltr'><strong>tibi</strong></span> <span class='ocrx_word' id='word_1_790' title='bbox 3473 5573 3719 5646; x_wconf 81' lang='lat' dir='ltr'><strong>Sopater</strong></span> 
     </span>
    </p>
   </div>
   <div class='ocr_carea' id='block_1_114' title="bbox 2069 5651 3586 5725">
    <p class='ocr_par' dir='ltr' id='par_1_114' title="bbox 2069 5651 3586 5725">
     <span class='ocr_line' id='line_1_114' title="bbox 2069 5651 3586 5725; baseline -0.004 -15"><span class='ocrx_word' id='word_1_791' title='bbox 2069 5669 2231 5725; x_wconf 85' lang='lat' dir='ltr'><strong>supr.</strong></span> <span class='ocrx_word' id='word_1_792' title='bbox 2264 5651 2391 5709; x_wconf 85' lang='lat' dir='ltr'><strong>cod.</strong></span> <span class='ocrx_word' id='word_1_793' title='bbox 2428 5652 2523 5707; x_wconf 80' lang='grc'><strong>161</strong></span> <span class='ocrx_word' id='word_1_794' title='bbox 2560 5652 2617 5707; x_wconf 91' lang='lat' dir='ltr'><strong>in</strong></span> <span class='ocrx_word' id='word_1_795' title='bbox 2650 5651 2835 5724; x_wconf 87' lang='lat' dir='ltr'><strong>princ.</strong></span> <span class='ocrx_word' id='word_1_796' title='bbox 3583 5692 3586 5693; x_wconf 44' lang='grc' dir='ltr'><em>ν</em></span> 
     </span>
    </p>
   </div>
  </div>
