4142 6214
428 302 539 363 591

421 432 703 491 Maeonide
731 448 799 490 ne
828 435 976 490 volve
1002 430 1307 496 volumina,
1338 445 1468 487 neve
1495 431 1749 502 elegiam,

492 581 568 635 Ne
598 577 868 649 tragicam
900 577 1125 642 Musam,
1156 590 1225 631 ne
1254 575 1474 631 melicos
1502 590 1776 631 numeros.

420 647 734 708 Multisonos
786 650 1065 721 Cyclz'cum
1112 663 1299 703 versus
1345 663 1415 701 ne
1462 664 1676 719 quaere:
1708 647 1854 718 quod
1892 648 1949 702 in
1979 662 2065 703 me

489 797 750 854 Invenias
784 795 1047 867 quidquid
1074 798 1353 851 maximus
1384 794 1529 851 orbis
1555 794 1737 851 habet.

1066 885 1410 941 CLXXXVII

416 978 734 1035 Nicomachi
782 976 1048 1032 θεν-αεεηὶ
1093 978 1581 1102 Alrgmmeticorum
1625 973 2064 1044 theologicorum

1155 1066 1171 1102 ι
1214 1065 1261 1102 fl
1294 1065 1354 1102 ιι.

1155 1065 1261 1103 ιονι
1294 1065 1354 1104 ιι.

491 1139 626 1211 Legi
659 1138 995 1194 Nicomachi
1027 1138 1302 1195 Geraseni
1343 1138 1416 1193 De
1465 1138 1815 1194 arithmetica
1855 1139 1935 1194 ad
1983 1153 2067 1194 res

418 1230 637 1285 divinas
702 1228 988 1300 applicata
1065 1228 1243 1283 libros
1313 1228 1475 1283 duos.
1538 1229 1672 1293 Quae
1746 1228 1901 1283 idem
1974 1226 2065 1282 in-

418 1319 657 1389 scriptio
708 1333 977 1389 magnam
1028 1317 1503 1387 admirationem,
1547 1316 2065 1386 vehementemque

418 1424 672 1464 amorem
707 1406 1001 1462 concitare
1033 1413 1243 1476 queat:
1277 1421 1409 1461 cum
1441 1421 1591 1476 opus
1631 1413 1823 1460 tamen
1871 1404 2063 1475 ipsum

418 1499 510 1569 (ne
558 1498 613 1551 id
668 1496 1138 1551 ratiocinationes
1188 1512 1392 1566 vanus,
1436 1495 1761 1566 perdilique
1812 1495 1914 1550 otii
1964 1511 2062 1549 oc-

417 1586 783 1657 cupationem
816 1601 945 1641 esse
976 1584 1188 1656 dicam)
1216 1585 1384 1655 longe
1413 1603 1445 1640 a
1476 1584 1644 1640 titulo
1675 1600 1781 1640 suo
1814 1600 2062 1639 recesse-

418 1675 513 1730 rit.
548 1674 746 1745 Neque
793 1675 948 1730 enim
1000 1676 1094 1729 bic
1119 1677 1190 1730 de
1222 1674 1481 1730 numeris
1510 1674 1580 1729 ab
1603 1673 1829 1729 unitate
1880 1690 2063 1744 usque

1632 298 1895 360 PHOTII
1939 298 2465 359 PA’l‘RlARCtlJE
2506 302 2622 361 ΟΡ.

2095 437 2144 498 Α
2178 428 2324 499 Μηδ⁹
2408 429 2460 491 ἐς

3708 303 3824 361 592

2553 430 2855 507 Ὁμηρείην
2942 427 3108 485 σελίδ⁹
3166 425 3432 503 ἔμόλεπε,
3516 428 3658 507 μηδ’Δ
3717 430 3835 487 ἐλε-

2625 503 2630 504 ⁷
2709 503 2717 507 ⁷
3616 503 3731 557 είτν

2252 574 2346 642 Μὴ
2377 575 2643 650 τραγικὴν
2674 576 2917 642 Μοῦσαν,
2993 571 3091 644 ηδὶ
3124 572 3525 665 μελογραιρίην,
3576 525 3610 580 γ
3687 542 3699 572 ⁸
3743 549 3759 574 ’

2252 646 2273 702 ἢ
2332 645 2572 702 κυκλίων
2651 649 2799 702 ζήτει
2872 596 3179 702 πολύθρουν
3237 666 3426 702 στιγον
3490 664 3503 678 ⁸
3577 644 3653 702 εἷς
3731 644 3817 702 iui

2180 645 2273 715 Μή
2332 644 2572 702 κυκλίων
2651 649 2799 718 ζήτει
2872 644 3179 719 πολύθρουν
3237 644 3426 771 στίχὲγ
3455 644 3829 791 άὸρᾶῗῖςθμίἰμέ

2251 790 2513 863 Εὑρήσεις
2545 789 2597 845 ἐν
2629 788 2751 863 ἰμοὶ
2781 791 2938 845 πάνθ’
2975 789 3075 845 ὅσα
3103 789 3306 862 κόσμος
3339 735 3552 863 ἔζίειῗυρ

2916 881 3081 938 PIIZ'.

2179 969 2510 1043 Νικομάχου
2579 974 2880 1044 Γιρασηνοῦ
2929 971 3373 1044 μ’ᾼριθμητικῶν
3452 966 3825 1042 θεολογουμὲο

2777 1037 2886 1096 νων
2922 1037 3215 1115 plenae:

2248 1132 2362 1203 [237
2398 1132 2485 1204 Η]
2535 1132 2874 1208 Ἀνεγνώσθη
2934 1132 3265 1205 Νικομάχου
3320 1136 3624 1206 Γερασηνοῦ
3672 1137 3827 1205 Ἀρι-

2176 1220 2456 1289 θμητικῶν
2491 1219 2934 1293 θεολογουμένων
2983 1214 3176 1293 βιϐλία
3321 1221 3385 1273 Ἦ
3420 1220 3515 1291 μὲν
3555 1216 3651 1273 οὖν
3701 1217 3824 1273 ἑπι-

2175 1310 2357 1384 γραφή
2412 1308 2557 1362 οὕτω
2626 1310 2900 1380 θαυμάσαι
2956 1309 3046 1363 καὶ
3103 1305 3301 1381 δριμὺν
3363 1303 3537 1382 ἔρωτα
3602 1314 3820 1375 κινῆσαι

2174 1395 2314 1465 ἀξία,
2357 1397 2383 1449 ὁ
2434 1395 2490 1451 δὲ
2539 1399 2721 1467 πόνος,
2770 1396 2863 1453 ’ίνα
2909 1398 2986 1469 μή
3036 1396 3182 1473 λέγω
3229 1396 3510 1473 λογισμῶν
3556 1392 3825 1470 κενεμὸα·

2172 1486 2412 1541 τούντων
2458 1484 2549 1540 καί
2610 1486 3034 1562 ματαιοσχόλων
3080 1484 3256 1561 ἔργον,
3315 1484 3504 1562 πόρῥω
3548 1493 3648 1555 τῆς
3697 1486 3828 1541 ἐπι-

2173 1582 2387 1651 γραφῆς
2455 1573 2855 1651 διερῥιμμένος.
2929 1572 3308 1649 Διαλαμϐάνει
3372 1577 3465 1649 μὲν
3526 1576 3628 1653 γὰρ
3696 1576 3823 1651 περὶ

2171 1669 2278 1718 τῶν
2311 1666 2416 1719 ἀπὸ
2450 1663 2683 1737 μονάδος
2719 1667 2886 1741 μέχρι
2919 1662 3141 1728 δεκάδος
3182 1665 3454 1741 ἀριθμῶν,
3498 1664 3605 1739 οὐχ
3634 1664 3824 1741 ὥσπερ

417 1764 488 1819 ad
540 1764 845 1820 denarium
895 1765 1188 1819 disserens
1235 1765 1411 1835 (quod
1444 1764 1504 1818 in
1536 1764 1903 1819 arithmetica
1948 1762 2053 1833 (77]

2170 1754 2222 1810 ἐν
2253 1761 2321 1829 τῇ
2371 1755 2708 1829 ἀριθμητικῆ
2758 1758 2924 1812 αὐτοῦ
2971 1757 3061 1811 καὶ
3109 1756 3215 1831 πρὸ
3262 1757 3465 1827 ταύτης
3516 1756 3821 1831 εἷσαγωγῇ,

420 1870 548 1919 sua,
581 1852 749 1924 eique
782 1854 1081 1922 praemissa
1114 1853 1348 1924 isagoge
1394 1852 1682 1921 praestitit)
1713 1851 1815 1907 illa
1845 1857 2063 1921 pertra-

422 1946 559 2008 ctat,
586 1958 712 2013 quae
743 1942 1005 1997 numeris
1032 1947 1237 2011 suapte
1269 1946 1475 1996 natura
1496 1941 1716 2010 insunt,
1741 1941 2062 2011 utilemque

425 2030 634 2085 habent
686 2029 1399 2100 contemplationemzsed
1449 2046 1515 2086 ea
1566 2030 1909 2101 plurimum,
1941 2045 2067 2099 quas

424 2118 583 2173 noxii
632 2126 773 2174 sunt
819 2118 1040 2190 ingenii
1087 2120 1399 2186 ﬁgmenta;
1439 2125 1495 2175 et
1525 2122 1654 2190 ejus
1693 2120 1925 2191 quidem
1974 2119 2067 2174 in-

418 2206 593 2277 genii,
627 2208 779 2279 quod
833 2224 924 2263 res
968 2207 1127 2279 ipsas
1156 2208 1227 2264 ad
1261 2225 1429 2264 suam
1483 2209 1677 2280 potius
1728 2208 2069 2280 speculatio-

418 2311 551 2351 nem
601 2295 957 2352 contentioso
1000 2302 1198 2368 aptare
1246 2297 1495 2366 studeat,
1556 2314 1733 2368 quam
1787 2299 1942 2369 quod
1994 2299 2065 2353 ad

419 2400 613 2439 rerum
665 2388 936 2440 naturam
986 2387 1198 2442 mentis
1251 2402 1374 2444 sua
1416 2387 1668 2459 cogitata
1700 2386 1948 2459 dirigere
1978 2403 2069 2443 co-

419 2481 607 2529 netur.
642 2474 926 2530 Caterum
972 2476 1127 2547 quod
1177 2476 1265 2531 vir
1304 2476 1401 2531 ille
1448 2492 1664 2544 rerum,
1696 2493 1822 2548 quas
1870 2476 2068 2532 subsi-

418 2566 599 2629 stunt,
633 2567 906 2618 naturam
939 2565 1007 2620 ad
1054 2580 1427 2621 numerorum
1472 2566 1781 2621 essentiam
1834 2566 2063 2634 referre,

416 2656 473 2706 et
503 2650 641 2707 huic
671 2653 886 2722 pariter
937 2653 1230 2709 includere
1263 2671 1573 2727 aggressus
1604 2656 1702 2722 sit,
1728 2655 2063 2723 resecando,

417 2739 706 2807 addendo,
767 2742 1177 2811 permutando,
1236 2760 1302 2798 ac
1372 2743 1722 2811 divellendo,
1770 2744 2065 2800 interdum

416 2826 653 2898 quidem
707 2844 794 2884 res
844 2830 1023 2901 ipsas,
1058 2848 1476 2904 nonnunquam
1526 2832 1701 2889 etiam
1751 2831 1882 2889 illos
1922 2832 2067 2889 ami-

414 2933 513 2972 cos
562 2919 706 2974 adeo
756 2920 869 2975 sibi
922 2936 1192 2978 numeros
1248 2937 1315 2978 ac
1370 2923 1529 2987 deos,
1585 2922 1759 2993 idque
1793 2921 1879 2978 vel
1930 2922 2069 2977 alte-

419 3024 542 3063 ram
621 3012 1025 3066 tantummodo
1099 3019 1345 3083 partem,
1404 3013 1487 3069 vel
1548 3023 1698 3069 certe
1756 3018 2065 3086 utramque

2173 1846 2271 1898 ὅσα
2302 1850 2417 1906 τοῖς
2451 1845 2708 1917 ἀριθμοῖς
2756 1845 2908 1923 φύσει
2941 1840 3198 1919 πρόσεστι
3236 1846 3341 1900 καῖ’
3379 1844 3604 1920 θεωρίας
3634 1842 3822 1919 ἔχεται

2172 1932 2487 2003 σπουδαίας,
2548 1932 2781 2005 διεξιὼν,
2840 1934 2986 1991 ἀλλὰ
3040 1935 3108 1991 τά
3160 1935 3393 1991 πλεῖστα
3451 1932 3687 1996 διανοίας
3754 1935 3821 1990 οὗ

2174 2027 2575 2101 καθαρευούσης
2625 2020 2839 2098 βλάϐης
2896 2024 3314 2098 ἀναπλάσματα,
3364 2024 3453 2079 καὶ
3503 2021 3633 2099 ουχὶ
3682 2025 3824 2097 πρὸς

2174 2116 2274 2183 τὴν
2322 2120 2429 2169 τῶν
2481 2112 2819 2191 πραγμάτων
2872 2114 3026 2189 φύσιν
3069 2115 3195 2176 τοὺς
3246 2113 3550 2189 λογισμοὺς
3604 2114 3827 2169 ίθυνοῦ-

2174 2224 2295 2273 σης,
2335 2205 2401 2258 τὰ
2440 2202 2498 2259 Si
2543 2204 2839 2281 πράγματα
2869 2205 3005 2279 πρὸς
3051 2204 3145 2266 τὰς
3181 2201 3318 2266 ἰδίας
3350 2203 3639 2281 φαντασίας
3688 2223 3828 2275 μετ-

2174 2287 2417 2360 αμείϐειν
2460 2292 2899 2371 φιλονεικοόσης.
2952 2290 3106 2348 Ἀλλ’
3154 2292 3251 2348 ὅσα
3304 2293 3398 2364 μὲν
3443 2293 3472 2345 ὁ
3528 2292 3661 2365 ἀνὴρ
3716 2291 3829 2359 τὴν

2172 2387 2279 2437 τῶν
2346 2380 2511 2438 ὄντων
2569 2383 2724 2459 φύσιν
2766 2382 2843 2444 εἰς
2900 2384 2997 2450 τήν
3051 2387 3158 2437 τῶν
3219 2382 3466 2453 ἀριθμῶν
3527 2380 3826 2435 ὑπόστασιν

2173 2470 2452 2548 ἀναφέρειν
2514 2491 2573 2526 τε
2648 2471 2737 2525 καὶ
2815 2468 3256 2547 συγκατακλείειν
3335 2466 3607 2539 διανέστη,
3668 2489 3832 2545 περι-

2174 2564 2413 2628 κόπτων,
2464 2560 2776 2634 περιτιθεὶς,
2829 2555 3092 2633 ἀμείϐων,
3134 2557 3376 2614 δαισπῶν
3425 2558 3556 2614 ποτὶ
3613 2560 3707 2631 μὲν
3759 2558 3830 2614 τὰ

2173 2652 2469 2726 πράγματα
2498 2653 2631 2707 ποτε
2680 2648 2735 2706 δὲ
2772 2650 2903 2714 τοὺς
2943 2650 3136 2727 φίλους
3184 2649 3452 2723 ἀριθμοός
3499 2648 3589 2704 καὶ
3639 2648 3828 2717 θεοὺς,

2172 2742 2262 2794 καὶ
2293 2744 2454 2796 τοῦτο
2480 2739 2514 2809 ἢ
2546 2742 2689 2815 παρὰ
2731 2742 2777 2777 ³³
2821 2740 2982 2814 μέρος
3015 2740 3263 2814 ἑκάτερον
3294 2739 3327 2808 ἢ
3375 2737 3465 2793 καὶ
3496 2735 3565 2792 δι’
3616 2736 3823 2812 ἀμφοῖν

2175 2828 2293 2901 ἰὼν,
2340 2829 2517 2884 καίτοι
2568 2827 2810 2904 μεγάλας
2869 2828 3083 2904 ὑπέχων
3136 2830 3377 2897 εὐθύνας,
3435 2829 3586 2900 ὅμως
3643 2826 3827 2882 ἐάσθω

2171 2923 2352 2975 τοῦτο,
2385 2918 2540 2973 Ἀλλ’
2588 2921 2668 2973 δτι
2719 2918 2874 2979 θεούς
2902 2919 2975 2973 τε¹
3007 2918 3097 2973 καὶ
3143 2920 3265 2981 θεας
3309 2917 3651 2989 ἐπιθυμήσας
3684 2913 3825 2971 ἰδεῖν

2172 3009 2297 3071 τοὺς
2357 3008 2641 3082 ἀριθμοὺς,
2682 3010 2773 3064 καὶ
2828 3012 2989 3063 τοῦτο
3049 3005 3232 3068 διδοὺς
3272 3006 3457 3069 αὐτοῖς
3499 3004 3586 3060 διὰ
3648 3005 3823 3077 μόνην

413 3096 713 3152 obeundo:
738 3098 845 3154 etsi
869 3098 1044 3169 hujus
1065 3100 1147 3155 rei
1173 3099 1369 3156 multas
1401 3107 1597 3158 essent
1621 3101 1732 3172 ipsi
1756 3101 2053 3159 reddenda

2175 3099 2273 3166 τήν
2309 3095 2616 3167 ἰδιάζουσαν
2648 3099 2737 3153 καὶ
2787 3098 3098 3173 ὡρισμένην
3131 3096 3359 3152 ἑκάστου
3404 3096 3704 3165 ποσότητα,
3758 3095 3824 3150 οὐ

411 3186 685 3256 rationes,
737 3187 795 3242 in
848 3188 1039 3244 medio
1083 3193 1275 3245 tamen
1327 3189 1381 3245 id
1429 3189 1812 3261 relinquatur.
1864 3190 1944 3247 De
1993 3208 2059 3248 eo

414 3278 639 3330 tantum
690 3274 944 3347 [loquor]
992 3277 1141 3347 quod
1192 3278 1331 3334 deos
1362 3288 1414 3332 et
1446 3277 1585 3334 deas
1617 3281 1811 3335 videre
1852 3296 2056 3337 nume-

411 3378 507 3417 ros
556 3369 858 3434 exoptans,
908 3364 1085 3436 idque
1133 3365 1276 3436 ipsis
1325 3366 1512 3422 solum
1564 3366 1913 3437 attribuens,
1964 3385 2055 3425 se-

410 3454 664 3508 cundum
727 3454 1020 3525 propriam
1067 3455 1350 3526 cujusque
1398 3457 1818 3528 definitumque
1877 3475 2057 3530 quan-

410 3538 673 3594 titatem:
709 3540 859 3596 banc
906 3546 1101 3598 tamen
1154 3544 1341 3615 ipsam
1377 3561 1490 3600 non
1521 3552 1708 3600 servet
1739 3549 2050 3617 integram,

408 3626 550 3681 dum
583 3626 641 3681 in
673 3628 912 3683 deorum
965 3630 1229 3686 ordinem
1280 3648 1553 3688 numeros
1595 3635 1791 3701 refert,
1823 3635 1923 3689 sed
1968 3640 2052 3705 (ut

406 3720 579 3770 antea
602 3718 725 3786 jam
760 3718 1037 3789 diximus)
1068 3721 1340 3787 secando,
1372 3724 1659 3793 augendo,
1692 3722 1779 3778 vel
1811 3723 2049 3778 omnino

403 3803 576 3859 etiam
629 3805 983 3876 dissipando,
1017 3808 1100 3863 sic
1147 3810 1383 3865 tandem
1435 3812 1593 3881 ipsos
1626 3817 1687 3866 ut
1728 3813 2045 3884 plurimum

402 3907 505 3960 pro
558 3893 669 3948 diis
718 3895 950 3950 adoret:
987 3897 1294 3954 destruens
1340 3900 1573 3955 interim
1624 3916 1747 3955 eam
1802 3918 1925 3973 quae
1974 3902 2046 3957 ab

400 3980 567 4037 initio
626 3984 825 4039 aderat
880 3991 1289 4057 quantitatem,
1350 3994 1412 4043 ut
1490 4006 1589 4061 per
1664 3990 1815 4045 hanc
1888 3998 2045 4047 Deus

398 4070 650 4143 [aliquis]
710 4074 831 4139 fiat,
865 4076 1055 4131 πιθα
1112 4082 1168 4131 et
1229 4080 1332 4133 bac
1380 4079 1532 4150 [ipsa
1581 4090 1835 4152 rursum]
1884 4100 2043 4139 eum-

395 4159 528 4215 dem
588 4163 754 4218 illum
814 4165 1086 4235 spolianti.
1135 4166 1334 4239 Neque
1381 4186 1514 4226 vero
1563 4176 1665 4225 aut
1710 4172 2037 4242 ineti'abilis,

392 4255 495 4303 aut
521 4259 719 4320 operta
771 4254 1108 4324 hujusmodi
1160 4258 1446 4331 theologia
1477 4265 1582 4315 est.
1617 4260 1729 4316 Sed
1760 4262 1880 4317 haec
1910 4265 2036 4333 ejus

2172 3186 2429 3264 φυλάττει
2482 3186 2684 3257 ταύτην
2740 3185 2990 3261 ἀκέραιον
3025 3185 3300 3262 ἀναφέρων
3334 3186 3382 3221 ³³
3440 3184 3517 3247 είς
3563 3184 3626 3239 τὸ
3683 3185 3825 3239 θεῶν

2169 3275 2322 3352 γένος
2390 3275 2603 3339 αὐτοὺς,
2674 3275 2801 3331 ἀλλ’
2878 3277 2951 3337 ὡς
3010 3275 3097 3330 καὶ
3164 3275 3519 3349 προείπομεν.
3576 3274 3818 3345 τέμνων,

2166 3362 2365 3436 αὔξων,
2424 3364 2694 3429 παντοίως
2744 3366 3027 3439 κεραΐζων,
3087 3366 3262 3428 οὕτως
3326 3363 3519 3425 αὐτοὺς
3583 3362 3644 3418 ἐκ
3718 3367 3821 3419 τοῦ

2165 3455 2253 3511 ἐπὶ
2310 3454 2566 3512 πλεῖστον
2624 3456 2779 3518 θεοὺς
2837 3461 3151 3531 προσκυνεῖ,
3203 3457 3301 3525 τὴν
3372 3455 3466 3528 μὲν
3521 3454 3571 3527 ig
3630 3454 3817 3530 ἀρχῆς

2163 3544 2397 3623 φθείρων
2453 3542 2753 3616 ποσότητα,
2788 3544 2877 3599 ’ἱνα
2934 3546 3052 3607 θεὸς
3198 3540 3287 3598 διὰ
3342 3544 3564 3612 ταύτην,
3605 3543 3815 3612 ταύτης

2163 3633 2209 3689 δ’
2235 3636 2395 3690 αύτὸν
2428 3635 2741 3709 ἀποστερῶν
2785 3653 2798 3666 ⁸
2834 3634 2895 3688 οὐ
2944 3634 3046 3709 γάρ
3088 3630 3397 3706 ἀπόρρητος
3425 3632 3516 3687 καὶ
3556 3632 3728 3699 σεπτὴ
3764 3634 3815 3669 ³⁸

2159 3726 2193 3794 ἡ
2239 3723 2543 3794 τηλικαύτη
2602 3722 2880 3797 θεολογία.
2912 3725 2990 3779 Τὸ
3049 3720 3107 3777 δὲ
3156 3722 3462 3798 σοφώτερον
3509 3722 3597 3775 καὶ
3645 3723 3809 3785 στέρ-

2158 3815 2341 3885 γεσθαι
2375 3810 2605 3882 δίκαιον,
2640 3810 2724 3867 δεῖ
2768 3813 2846 3884 τῷ
2900 3809 3160 3885 μὲλλοντι
3190 3813 3258 3883 τῇ
3308 3810 3580 3883 θαυμασία
3624 3810 3801 3884 rex-31p

2157 3899 2447 3975 ἐμϐαθῦναι
2499 3899 2753 3977 θεολογίᾳ
2782 3901 2871 3954 καὶ
2912 3907 3010 3969 τῆς
3059 3899 3422 3975 κρυφιότητος
3459 3896 3588 3953 εἷ’σω
3628 3894 3808 3953 διεισ-

2155 3989 2303 4046 δῦναι
2344 3991 2683 4065 γεωμετρίας
2734 3992 2830 4063 μὶν
2880 3989 2980 4044 οὐκ
3034 3988 3256 4062 ἀμαθῶς
3290 3984 3458 4062 ἔχειν,
3490 3986 3680 4042 ἐλάσαι
3747 3984 3806 4042 δὲ

2153 4081 2238 4136 καὶ
2272 4082 2406 4154 πρὸς
2438 4081 2804 4153 ἀριθμητικὴν
2856 4076 3269 4153 ἀκριϐολογίαν,
3301 4074 3426 4132 οὐδὲ
3462 4083 3558 4146 τῆς
3606 4076 3805 4151 ἀστρο-

2149 4171 2409 4244 θεάμονος
2466 4170 2654 4249 σοφίας
2712 4168 2764 4224 ἐν
2820 4174 2900 4241 τῷ
2965 4168 3223 4243 παρέργῳ
3267 4168 3367 4235 την
3413 4168 3642 4239 μάθησιν
3698 4187 3801 4222 πε-

2146 4262 2428 4330 ποιῆσθαι,
2468 4260 2559 4314 καὶ
2611 4260 2717 4331 μὴν
2746 4258 2792 4294 ³⁸
2845 4258 2935 4312 καὶ
2972 4262 3087 4318 τοῖς
3142 4260 3425 4328 μουσικοῖς
3470 4256 3799 4328 θεωρήμασι

392 4338 731 4409 sapientior,
782 4349 839 4397 et
882 4346 1064 4399 amari
1125 4346 1356 4416 dignior
1406 4365 1537 4418 pars
1585 4350 1828 4419 videtur,
1885 4353 2035 4417 quod

2167 4350 2232 4405 Lai
2282 4348 2349 4419 δὴ
2406 4351 2493 4403 καὶ
2547 4348 2804 4423 ὀργάνοις
2865 4345 3307 4423 ἐγγεγυμνάσθαι.
3355 4348 3473 4402 Ἵνα
3510 4345 3616 4419 γὰρ
3658 4344 3797 4407 τοὺς

392 4434 652 4496 Oporteat
699 4430 1103 4503 ingressurum
1146 4437 1201 4490 in
1237 4440 1386 4491 hanc
1415 4438 1815 4494 admirabilem
1868 4440 2028 4497 theo-

2167 4438 2406 4515 ιριθμοὺς
2465 4440 2766 4512 θεοποιήσῃ
2817 4438 2906 4493 καὶ
2947 4442 3055 4491 τῶν
3099 4435 3263 4491 ὄντων
3316 4443 3415 4505 τῆς
3473 4435 3795 4498 οὐσιώσεως

392 4514 625 4587 logiam,
678 4520 964 4593 altiusque
1014 4524 1071 4578 in
1122 4527 1459 4580 abscondita
1515 4526 1642 4596 ejus
1700 4536 2030 4600 penetratu-

388 4621 541 4677 rum,
590 4614 921 4679 geometriaa
978 4611 1266 4679 imprimis
1314 4616 1517 4669 rudem
1566 4632 1683 4671 non
1730 4633 1875 4684 esse,
1925 4618 2028 4672 sed

384 4698 731 4753 numerandi
762 4716 993 4773 quoque
1037 4704 1317 4759 rationem
1367 4710 1637 4760 accurate
1667 4715 1894 4761 tenere:
1929 4723 2029 4762 ne-

381 4800 495 4853 que
526 4784 662 4842 item
697 4796 987 4845 astrorum
1042 4790 1458 4863 inspectionem
1509 4794 1695 4849 obiter
1732 4795 2025 4865 didicisse,

378 4874 515 4943 quin
568 4878 758 4947 potius
790 4888 843 4934 et
884 4880 943 4935 in
999 4883 1239 4937 musicis
1295 4883 1817 4954 speculationibus,
1850 4892 2028 4959 atque

380 4964 522 5019 adeo
554 4965 710 5021 illius
740 4967 1152 5025 instrumentis
1182 4987 1305 5026 esse
1336 4971 1734 5029 exercitatum.
1771 4974 1839 5031 Ut
1870 4979 2026 5033 enim

376 5067 406 5106 e
437 5056 695 5112 numeris
748 5059 888 5113 deos
936 5064 1168 5129 et'tictat,
1201 5063 1557 5133 eosdemque
1588 5066 1778 5119 omnis
1826 5082 2023 5122 essen-

2142 4530 2349 4589 αἰτίους
2402 4530 2447 4566 ³⁸
2505 4528 2808 4601 ἀναπλάσῃ,
2868 4528 2955 4603 ἀφ’
3014 4526 3243 4595 ἑκάστης
3300 4529 3407 4579 τῶν
3486 4522 3796 4597 εἰρημένων

2140 4616 2458 4690 ἐπιστημῶν
2499 4614 2614 4671 ἔνιά
2668 4636 2785 4670 τινα
2840 4619 2948 4670 τῶν
3009 4612 3383 4689 θεωρημάτων
3440 4618 3508 4688 τῇ
3569 4615 3697 4689 περὶ
3747 4617 3793 4652 ιτ

2136 4707 2263 4768 τοὺς
2323 4704 2586 4780 ἀριθμοὺς
2637 4703 2901 4782 ἐνυφαίνει
2949 4700 3303 4774 θεοπλαστίᾳ,
3347 4702 3421 4756 ὧν
3478 4704 3511 4772 ἠ
3566 4706 3705 4776 ἀγνο
3758 4726 3793 4759 α

2138 4792 2392 4869 ἐμποδὼν
2421 4794 2481 4847 ἂν
2534 4792 2687 4863 σταίη
2734 4793 2868 4867 πρὸς
2924 4793 3024 4860 τὴν
3075 4796 3183 4846 τῶν
3223 4789 3568 4861 τηλικούτων
3612 4813 3795 4863 μυστ-

2138 4884 2399 4960 αγωγίαν,
2460 4882 2550 4938 καί
2611 4882 2783 4956 μάτην
2834 4883 2896 4937 τὸ
2954 4882 3234 4956 πρόθυμον
3294 4878 3613 4949 ἐπιδείξεται
3653 4880 3708 4915 ³⁸
3758 4882 3788 4935 ὁ

2135 4981 2252 5036 ταῖς
2313 4973 2627 5049 εἰρημέναις
2689 4973 2765 5044 μὴ
2823 4967 3203 5045 προτελεσθεὶς
3262 4967 3613 5042 ἐπιστήμαις.
3677 4969 3789 5025 Καὶ

2137 5062 2218 5119 δεῖ
2275 5062 2398 5141 ἄρα,
2447 5062 2523 5126 ὡς
2579 5060 2740 5133 ἔοικε,
2794 5061 2911 5135 βίον
2968 5059 3259 5134 ἀνθρώπου
3313 5062 3640 5133 κατατρῖψαι
3690 5060 3787 5114 καὶ

1740 5189 1982 5247 VARI/E
2022 5191 2409 5248 LECTIONES

445 5285 600 5378 3"?"
661 5314 727 5378 εέε
760 5295 1092 5378 ,γάιὶάίὶεῶϊ
1128 5298 1210 5378 ςῖ
1257 5300 1331 5378 .3‘
1364 5302 1506 5378 cepi
1551 5308 1606 5378 ,Α
1668 5321 1683 5362 =
1741 5305 1864 5378 περὶ

445 5305 516 5325 ἰ*
546 5305 600 5352 ες
661 5314 727 5364 με
783 5305 851 5371 γα
916 5305 1092 5370 ἀθρῶν
1128 5305 1210 5373 ς,
1286 5305 1331 5336 δι
1364 5305 1506 5375 παρὰ
1565 5308 1606 5358 Δ
1668 5321 1683 5362 :
1741 5305 1864 5378 περὶ

371 5360 461 5415 καὶ
492 5368 577 5419 A:
615 5367 722 5437 μὴν
756 5366 808 5422 ἐν
841 5313 922 5442 ξ’.
965 5370 1011 5404 ³⁸
1040 5368 1213 5435 αίτίας
1369 5375 1411 5410 ³⁷
1442 5374 1565 5451 περὶ
1596 5382 1638 5430 Δ
1673 5395 1687 5434 :
1720 5378 1855 5452 πρὸς

1971 5351 1983 5363 .
2016 5304 2375 5380 ,³³-ἀναφὲρων
2423 5310 2565 5380 post
2621 5302 2777 5380 γένος
2839 5304 3000 5375 ponit
3032 5301 3113 5376 ς.
3154 5302 3199 5337 ³⁸
3226 5299 3429 5368 σκεπτή
3585 5300 3634 5335 ⁸⁸
3670 5302 3793 5375 μὴν

2008 5379 2051 5414 ⁸⁸
2079 5365 2377 5448 ἐπιδείξεται

1955 5506 2185 5565 NOTAE.

438 5613 549 5691 (77)
579 5613 758 5688 Cujus
791 5617 918 5676 libri
952 5620 1068 5680 duo
1097 5626 1288 5684 Grece
1316 5627 1456 5684 editi
1486 5628 1727 5689 Parisiis
1756 5648 1851 5691 an.
1887 5631 2043 5689 1538.
