4198 6216
348 357 466 418 593
1392 354 1933 419 BIBLIOTHECA.
1983 387 2039 400 -
2100 356 2272 417 COD.
2323 356 2716 421 CLXXXVII.
3632 358 3753 420 σοι

342 484 734 562 προαναλῶσαι
796 488 897 555 τῆς
963 485 1223 562 θεολόγου
1277 488 1481 557 ταύτης
1563 490 1673 541 τῶν
1751 485 1999 560 ἀριθμῶν

2120 488 2205 544 tiae
2238 505 2429 545 rerum
2462 490 2913 547 subsistentium
2946 495 3211 548 auctores
3241 508 3306 547 ac
3349 506 3555 548 causas
3586 490 3755 546 eﬂin-

340 576 643 649 τερατείας,
672 574 763 631 καὶ
803 575 1173 654 φιλοσοφῆσαι
1220 582 1341 638 τοῖς
1392 579 1438 613 ³9
1497 578 1783 650 μαθήμασι
1831 597 2004 630 σπου-

2120 584 2232 650 gat,
2265 595 2295 632 θ
2345 579 2595 649 singulis
2620 581 2742 649 jam
2797 581 3115 635 nominatis
3169 580 3494 650 disciplinis
3528 578 3752 634 theore-

344 662 534 731 δαίως,
566 664 640 718 ’ίν’
673 665 762 740 ἐξῇ
821 664 910 719 καὶ
973 663 1416 742 ματαιολογῆσαι
1473 664 1716 727 τελείως.
1767 666 1856 729 Ὠς
1905 667 1999 738 μὲν

2120 673 2267 722 mata
2326 670 2593 737 quaedam
2654 668 2791 723 huic
2839 669 3081 723 deorum
3142 668 3420 722 effictioni
3469 669 3677 722 intexit
3737 685 3751 733 ;

343 753 435 809 οὖν
485 753 539 809 ἐν
598 753 901 831 κεφαλαίῳ,
942 752 1157 827 μᾶλλον
1227 752 1283 809 δὲ
1334 755 1471 829 πρὸς
1536 755 1637 823 τὴν
1697 752 2002 832 ἐπιγραφὴν

2120 773 2359 827 quorum
2394 756 2613 812 scilicet
2644 756 2933 829 ignoratio
2965 764 3125 812 tanto
3176 761 3249 813 sit
3300 758 3371 813 ad
3414 755 3755 826 huiusmodi

341 844 521 921 φάναι,
565 848 814 899 τοιοῦτον
864 846 900 913 ὴ
958 848 1056 898 τοῦ
1131 847 1435 917 Γερασηνοῦ
1491 845 1821 917 Νικομάχου
1880 845 2001 898 θεο-

2120 846 2969 918 mystagogiamimpedimento
3002 848 3219 912 futura,
3253 854 3310 901 ut
3344 848 3554 901 frustra
3583 861 3751 900 suam

341 933 527 1008 λογία.
2112 940 2179 989 ad
2231 936 2572 991 discendum
2604 936 2961 991 alacritatem
2996 952 3109 1005 pra:
3160 951 3221 991 se
3281 936 3421 990 ferat
3469 934 3587 1000 ille,
3621 934 3756 1006 qui-

341 1041 571 1097 cunque
592 1025 948 1097 supradictis
979 1026 1309 1097 disciplinis
1345 1026 1472 1097 jam
1505 1030 1677 1081 antea
1707 1026 1973 1081 imbutus
2006 1043 2122 1082 non
2167 1027 2360 1081 fuerit.
2406 1028 2593 1091 Quare
2636 1031 2921 1099 oporteat,
2957 1032 3021 1081 ut
3066 1031 3327 1098 apparet,
3359 1029 3589 1081 etatem
3621 1025 3758 1080 univ

342 1131 567 1171 versam
600 1116 674 1170 iis
708 1115 1041 1185 disciplinis
1073 1115 1384 1187 diligenter
1427 1115 1819 1171 inoumbendo
1853 1114 2220 1181 contrivisse,
2252 1120 2425 1185 atque
2447 1116 2912 1186 consumpsisse,
2943 1120 3252 1187 antequam
3283 1116 3354 1170 ad
3383 1116 3500 1170 haec
3529 1113 3754 1169 theolo-

339 1204 473 1275 gica
525 1206 680 1261 circa
712 1220 1014 1272 numeros,
1046 1208 1103 1259 et
1137 1204 1467 1274 prodigiosa
1509 1209 1841 1260 commenta
1889 1203 2174 1270 veniatur,
2221 1220 2335 1275 quo
2375 1204 2623 1259 delirare
2654 1206 2890 1260 tandem
2944 1205 3178 1277 penitus
3225 1204 3333 1258 tibi
3384 1203 3754 1260 concedatur.

339 1292 479 1348 Tale
511 1293 651 1365 quid
683 1292 867 1363 igitur
897 1292 1263 1360 summatim,
1295 1292 1384 1346 vel
1417 1292 1488 1346 de
1519 1291 1643 1347 solo
1675 1293 1869 1360 potius
1903 1292 2072 1347 titulo
2104 1291 2414 1359 loquendo,
2447 1292 2776 1348 Nicomachi
2813 1293 3084 1348 Geraseni
3119 1290 3403 1362 theologia
3433 1295 3542 1347 est.

417 1384 538 1455 [461
576 1383 667 1455 3.]
701 1381 858 1458 Λέγει
920 1378 978 1435 δὲ
1025 1381 1123 1449 τήν
1173 1377 1377 1454 μονάδα
1427 1378 1572 1435 ἄλλα
1610 1401 1668 1435 τε
1704 1380 1805 1435 οὐκ
1843 1380 2003 1457 ὀλίγα

340 1475 453 1527 τῶν
504 1469 846 1544 πλασμάτων
904 1472 973 1543 τῇ
1040 1468 1166 1544 περὶ
1222 1469 1389 1540 αὐτὴν
1450 1468 1680 1541 ἀληθείᾳ
1739 1469 1828 1524 καὶ
1885 1475 2002 1531 τοῖς

340 1562 604 1633 προσοῢσι
654 1559 702 1594 ⁴⁰
749 1563 998 1633 φυσικοῖς
1052 1554 1313 1631 ίδιώμασι
1380 1558 1739 1633 καταμιγνὺς,
1781 1559 1869 1613 καὶ
1926 1559 2001 1620 ὡς

336 1652 466 1709 νοῦς
523 1650 651 1721 [238
694 1652 786 1720 11.]
841 1667 898 1701 τε
952 1644 1061 1716 εἷή,
1112 1646 1225 1702 εἶτα
1292 1649 1383 1702 καὶ
1463 1647 1858 1721 ἆρσενόθηλυς,
1909 1648 2001 1702 καὶ

339 1738 492 1808 Θεὸς,
524 1737 615 1791 καὶ
674 1735 780 1806 ὕλη
843 1737 899 1791 δὲ
954 1756 1094 1799 πως,
1128 1737 1298 1790 πάντα
1347 1738 1610 1811 χρήματα
1667 1736 1863 1812 μιγνὺς
1927 1737 2003 1800 ὡς

342 1826 592 1896 άληθῶς,
633 1827 723 1880 καὶ
772 1822 1081 1900 πανδοχεὺς
1140 1824 1336 1880 λοιπὸν
1406 1825 1496 1880 καὶ
1568 1827 1857 1902 χωρητική
1910 1826 1999 1881 καὶ

341 1915 507 1993 χάος,
587 1913 877 1990 σύγχυσις,
953 1914 1263 1990 σύγκρασις,
1344 1912 1616 1987 ἀλαμπία,
1705 1912 1998 1983 σκοτωδία,

344 2004 556 2079 χάσμα,
598 2002 895 2077 Τάρταρος.
956 2002 1056 2057 Καὶ
1106 2002 1292 2077 Στύγα
1358 2001 1415 2058 δὲ
1464 2004 1634 2074 αὐτὴν
1702 2002 1998 2078 τερατολο-

340 2096 522 2166 γοῦσι,
582 2092 673 2146 καὶ
749 2088 1046 2167 φρικωδίαν
1119 2093 1209 2146 καὶ
1285 2092 1501 2165 ἀμιξίαν
1568 2092 1657 2147 καὶ
1730 2094 1997 2167 βάραθρον

347 2180 708 2255 ὑποχθόνιον,
753 2182 844 2234 καὶ
911 2181 1120 2250 Λήθην,
1153 2180 1244 2234 καὶ
1304 2182 1526 2260 στιφρὰν
1580 2183 1869 2257 παρθένον,
1907 2183 1997 2237 καὶ

346 2269 624 2328 ’Ἄτλαντα
656 2288 669 2303 ⁸
705 2268 841 2340 ἄξων
874 2270 930 2323 τέ
960 2267 1102 2323 ἐστιν
1135 2268 1318 2332 αὐτοῖς
1350 2271 1438 2325 καὶ
1477 2269 1641 2341 ἥλιος
1687 2271 1778 2327 καὶ
1832 2272 2001 2345 πυρά-

2184 1381 2264 1438 De
2296 1388 2518 1437 unitate
2548 1400 2684 1456 ergo
2709 1386 2937 1454 (preter
2966 1384 3080 1439 alia
3113 1384 3391 1455 ﬁgmenta
3412 1399 3525 1438 non
3549 1398 3753 1453 pauca,

2114 1490 2237 1544 quas
2270 1476 2442 1530 rebus
2474 1474 2543 1528 de
2592 1490 2660 1530 ea
2707 1475 2880 1543 veris,
2924 1474 3410 1546 naturalibusque
3440 1473 3758 1545 proprieta-

2112 1562 2275 1619 tibus
2321 1563 2379 1618 in
2432 1580 2560 1619 eam
2611 1564 3041 1636 quadrantibus
3072 1564 3372 1631 admiscet)
3406 1562 3578 1618 etiam
3608 1561 3754 1617 illud

2113 1654 2332 1708 refert:
2393 1657 2643 1708 Mentem
2676 1653 2827 1709 hanc
2858 1669 3007 1721 esse,
3038 1653 3248 1708 deinde
3298 1656 3354 1707 et
3409 1652 3528 1707 viro
3585 1650 3755 1707 femi-

2112 1759 2247 1799 nam
2287 1746 2423 1813 (78),
2455 1760 2520 1799 ac
2571 1744 2779 1813 Deum,
2819 1751 2877 1800 et
2935 1744 3237 1799 materiam
3299 1742 3753 1815 quodammodo.

2112 1834 2385 1889 Eamdem
2419 1848 2511 1888 res
2559 1848 2763 1888 omnes
2821 1849 3019 1889 revera
3074 1834 3336 1901 miscere,
3369 1836 3425 1888 et
3481 1830 3756 1902 deinceps

2110 1922 2372 1978 omnium
2420 1921 2797 1994 receptricem
2836 1937 2963 1977 esse
3013 1925 3187 1993 atque
3218 1936 3521 1993 capacem,
3554 1919 3752 1986 chaos,

2109 2009 2531 2075 confusionem,
2609 2008 3227 2081 contemperationem,
3313 2006 3753 2074 obscuritatem,

2110 2100 2396 2165 tenebras,
2460 2099 2710 2164 hiatum,
2751 2103 3060 2154 Tartarum
3124 2098 3367 2167 insuper
3414 2096 3585 2162 hanc,
3636 2095 3754 2149 imo

2108 2190 2284 2261 Styga
2314 2205 2443 2244 esse
2494 2192 2812 2261 nugantur,
2845 2192 2902 2243 et
2946 2188 3268 2254 horrorem,
3314 2192 3489 2257 atque
3532 2187 3757 2257 imper-

2111 2277 2444 2334 mistionem
2506 2293 2520 2332 :
2592 2277 2936 2332 barathrum
2998 2292 3226 2348 quoque
3287 2275 3756 2344 subterraneum,

351 2357 494 2427 λιος,
542 2359 632 2412 καὶ
714 2356 909 2434 μορφὼ
969 2354 1025 2411 δὶ
1067 2357 1157 2411 καὶ
1204 2358 1361 2419 Ζανὸς
1410 2358 1640 2434 πύργος,
1683 2362 1770 2415 καὶ
1832 2379 2000 2434 σπερ-

2120 2367 2349 2433 Lethen,
2400 2367 2646 2439 rigidam
2696 2367 2982 2439 virginem
3019 2367 3153 2434 (‘79),
3184 2368 3240 2421 et
3267 2364 3581 2419 Atlantem.
3616 2360 3753 2417 Axis

354 2446 587 2519 ματίτης
637 2441 822 2521 λόγος,
851 2443 1149 2503 Ἀπόλλων
1190 2467 1249 2501 τε
1295 2448 1384 2501 καὶ
1432 2450 1722 2525 προφήτης
1762 2450 1848 2503 καὶ
1902 2447 2000 2505 λό-

2120 2463 2386 2528 praeterea
2416 2456 2562 2528 ipsis
2592 2459 2700 2521 est,
2733 2460 2789 2513 et
2811 2454 2929 2523 Sol,
2962 2459 3017 2511 et
3038 2454 3317 2524 Pyralios,
3352 2452 3595 2524 Morpho
3620 2450 3755 2525 (80),

352 2555 492 2610 γιος.
526 2536 589 2591 Ἠ
623 2532 680 2590 δὲ
709 2536 816 2590 τῶν
866 2535 1153 2606 ὀνομάτων
1192 2535 1339 2589 αἰτία
1385 2539 1418 2605 ἡ
1464 2536 1557 2608 μὲν
1595 2537 1787 2613 φρενὸς
1833 2537 1999 2592 ἀστά-

2120 2547 2268 2604 iovis
2300 2564 2419 2612 arx,
2481 2561 2546 2601 ac
2606 2544 2909 2601 seminalis
2959 2544 3124 2598 ratio.
3164 2542 3367 2614 Apollo
3411 2542 3482 2597 ad
3524 2540 3645 2595 haec
3702 2542 3761 2593 et

352 2646 448 2681 του
494 2623 585 2679 καὶ
634 2619 1167 2696 δεισιδαιμονούσης,
1199 2623 1300 2693 ἠδὲ
1357 2622 1481 2680 οὐδὲ
1543 2629 1641 2690 τῆς
1699 2623 2001 2701 παιδαριώ-

2120 2636 2414 2709 propheta,
2436 2644 2488 2690 et
2524 2634 2814 2689 fatidicus.
2839 2633 3155 2688 Nominum
3189 2646 3317 2687 vero
3349 2630 3560 2685 horum
3590 2626 3760 2695 ratio,

353 2712 477 2777 δους
527 2714 919 2775 ἀνατυπώσὲως
968 2710 1398 2788 ἀπηλλαγμένη.
1423 2713 1583 2770 Ἀλλ’
1614 2718 1648 2783 ἡ
1685 2716 1781 2789 μὲν
1833 2718 2000 2789 μονάς

2120 2726 2322 2797 partim
2347 2740 2380 2778 a
2401 2727 2590 2778 mente
2605 2721 3076 2788 estinstabili,ac
3098 2719 3524 2791 superstitiosa,
3549 2717 3760 2788 partim

354 2805 499 2861 οὕτω
530 2804 844 2878 Νικομάχῳ
884 2802 971 2856 καὶ
1021 2806 1140 2864 τοῖς
1199 2803 1364 2858 αὐτοῦ
1412 2801 1762 2866 διδασκάλοις
1811 2806 2003 2861 Θεολο-

352 2892 523 2968 γεῖταί
551 2912 609 2947 τε
641 2892 753 2965 ἅμα
782 2890 872 2946 καὶ
906 2886 1169 2965 βάλλεται
1199 2887 1371 2967 ὕϐρει.

428 3161 493 3217 Ἦ
550 3158 607 3217 δὲ
664 3159 793 3224 δυάς
850 3164 1038 3236 τόλμα
1087 3165 1145 3218 τὲ
1203 3162 1344 3219 ἐστιν
1393 3163 1600 3234 αὐτοῖς,
1634 3167 1724 3221 καὶ
1756 3165 1888 3237 ὕλη,
1919 3169 2007 3223 καὶ

357 3254 464 3305 τῶν
524 3251 805 3325 ἀνομοίων
865 3252 1033 3323 αἰτία,
1087 3253 1178 3307 καὶ
1238 3253 1569 3329 μεταίχμιον
1628 3254 1878 3325 πλήθους
1925 3268 2014 3319 καὶ

366 3338 621 3412 μονάδος.
658 3342 753 3398 Ἐκ
813 3342 1107 3404 συνθέσεώς
1172 3363 1231 3397 τε
1298 3344 1388 3397 καὶ
1445 3344 1822 3418 κατακράσεως
1876 3347 2013 3420 μόνῃ

360 3427 477 3484 ἴσον
505 3436 676 3498 ποιεῖ,
710 3428 795 3486 διὸ
826 3430 916 3485 καὶ
942 3429 1063 3501 Ἰση.
1110 3431 1282 3488 Ἀλλὰ
1329 3432 1417 3487 καὶ
1469 3430 1670 3503 ἄνισος,
1694 3434 1783 3488 καὶ
1833 3432 2015 3489 ἔλλει-

360 3522 472 3593 ψις,
505 3521 596 3573 καὶ
656 3518 1025 3593 πλεονασμὸς,
1084 3520 1173 3575 καὶ
1258 3522 1399 3593 μόνη
1459 3520 1875 3597 ἀσχημάτιστος
1926 3526 2013 3578 καὶ

358 3607 613 3684 ἀόριστος
652 3609 742 3663 καὶ
796 3606 1036 3683 ἄπειρος,
1069 3609 1215 3685 ἀρχή
1266 3630 1325 3664 τε
1356 3610 1545 3681 ἀρτίου
1579 3613 1746 3682 μόνη,
1777 3614 1867 3666 καὶ
1918 3614 2018 3668 οὐκ

362 3695 569 3771 ἄρτιος,
605 3699 667 3753 οὐ
720 3698 828 3771 μὴν
874 3696 988 3753 οὐδ’
1018 3698 1263 3769 ἀρτιάκις
1314 3699 1492 3774 ἀρτία,
1544 3699 1672 3756 οὐδὲ
1726 3703 2018 3777 περισσάρ-

360 3808 500 3856 τιος,
526 3784 643 3843 οὐδ’
678 3786 1111 3861 ἀρτιοπέριττος.
1144 3786 1325 3845 Ἀλλά
1361 3790 1570 3845 τούτων
1625 3792 1719 3863 μὶ)
1747 3792 1814 3846 τὰ
1841 3790 2018 3847 πλείω

365 3876 531 3955 ὶγγύς
592 3876 706 3932 ἔστι
776 3880 844 3952 τῇ
908 3874 1103 3941 δυάδος
1154 3883 1353 3954 φυσικῇ
1412 3876 1687 3951 ἰδιότητι·
1721 3880 1754 3934 ἃ
1811 3880 1866 3936 δὲ
1921 3890 2020 3953 τῆς

364 3967 663 4042 τερατείας,
698 3968 847 4041 πηγή
880 3966 993 4023 ἐστι
1037 3968 1215 4039 πάσης
1264 3970 1603 4045 συμφωνίας,
1645 3972 1733 4025 καὶ
1784 3973 2018 4029 Μουσῶν

364 4058 400 4128 ὴ
460 4056 694 4131 Ἐρατὼ,
742 4058 829 4112 καὶ
908 4056 1145 4132 ἁρμονία
1217 4059 1285 4128 ⁴¹,
1344 4059 1434 4113 καὶ
1514 4057 1866 4133 τλημοσύνη,
1927 4060 2019 4116 καὶ

370 4145 514 4221 ῥίζα,
554 4145 625 4200 ού
668 4147 785 4200 κατ’
817 4144 1086 4220 ἕνέργειάν
1129 4168 1238 4216 πω,
1273 4147 1362 4201 καὶ
1414 4144 1667 4221 δύναμις,
1708 4149 1794 4205 καί
1860 4148 2025 4213 πόδες

369 4232 753 4291 πολυπιδάκου
793 4237 837 4271 ⁴²
862 4231 1037 4303 Ἴδης,
1068 4235 1158 4289 καὶ
1190 4237 1445 4310 κορυφαὶ,
1472 4238 1559 4291 καὶ
1609 4239 1815 4310 Φάνης.
1847 4238 2023 4295 Ἀλλά

2114 2830 2185 2869 ne
2208 2832 2239 2869 a
2265 2813 2474 2885 puerili
2498 2812 2734 2883 quidem
2760 2810 2997 2866 recessit
3020 2808 3460 2881 imaginatione.
3480 2807 3761 2862 Caeterum

2118 2905 2315 2961 unitas
2347 2904 2456 2960 hoc
2488 2907 2657 2974 pacto
2693 2919 2724 2956 a
2754 2900 3131 2967 Nicomacho,
3165 2900 3407 2971 ejusque
3454 2903 3764 2969 praecepto-

2044 3019 2095 3085 Ο
2124 2994 2289 3085 ribus
2337 2991 2514 3048 simul
2574 2992 2633 3046 in
2665 2991 2807 3046 deos
2840 2989 3110 3055 refertur,
3144 2992 3201 3044 et
3260 2986 3614 3044 contumelia
3643 2984 3769 3041 afﬁ-

2125 3087 2343 3245 clt3;as
2375 3170 2607 3238 deinde,
2640 3184 2739 3226 seu
2774 3167 3061 3236 binarius,
3094 3167 3337 3223 audacia
3374 3164 3520 3238 ipsis
3564 3167 3654 3220 est
3704 3179 3770 3220 ac

2128 3262 2395 3327 materia,
2427 3258 2920 3331 dissimiliumque
2952 3274 3152 3326 causa,
3184 3261 3241 3312 et
3289 3256 3573 3312 unitatem
3622 3254 3774 3310 inter

2127 3366 2193 3406 ac
2254 3349 2692 3405 multitudinem
2760 3347 3166 3402 interstitium.
3219 3346 3300 3401 Ex
3356 3342 3773 3415 compositione

2128 3444 2303 3512 atque
2336 3436 2717 3511 permislioue
2766 3435 2928 3491 solus
2958 3435 3054 3491 hic
3100 3434 3497 3507 aequalitatem
3549 3432 3771 3488 efﬁcit:

2128 3544 2309 3601 quare
2341 3527 2510 3583 etiam
2542 3525 2785 3599 aequalis
2817 3528 2927 3590 est,
2960 3525 3061 3580 sed
3103 3529 3160 3580 et
3188 3523 3492 3596 inaequalis
3522 3527 3630 3587 est,
3677 3521 3776 3576 de-

2128 3619 2430 3688 iectusque
2468 3621 2524 3671 et
2567 3615 2755 3671 143!)
2793 3615 3193 3669 abundantia:
3235 3613 3399 3669 solus
3428 3612 3565 3668 item
3597 3611 3777 3666 infor-

2130 3706 2264 3775 mis,
2297 3712 2355 3762 et
2386 3706 2748 3770 indeﬁnilus,
2782 3718 3106 3774 carensque
3136 3703 3407 3757 termino.
3440 3699 3609 3755 Solus
3632 3700 3782 3770 pari-

2128 3797 2263 3851 tatis
2295 3795 2645 3868 principium
2684 3810 2699 3850 :
2759 3809 2866 3849 nec
2915 3801 3105 3846 tamen
3158 3808 3281 3863 par,
3315 3805 3505 3861 neque
3543 3804 3775 3843 rursum

2130 3886 2345 3959 pariter
2377 3901 2498 3956 par,
2560 3898 2748 3955 neque
2801 3883 3102 3954 impariter
3145 3898 3264 3950 par,
3316 3893 3505 3950 neque
3561 3877 3777 3948 pariter

2131 3977 2341 4046 impar.
2372 3973 2585 4030 Verum
2609 3973 2816 4029 horum
2842 3972 3097 4044 plurima
3126 3969 3328 4025 afﬁnis
3358 3974 3494 4024 sunt
3526 3964 3779 4023 naturali

2130 4063 2343 4122 binarii
2374 4063 2562 4136 ipsius
2611 4061 2970 4134 proprietati.
3003 4060 3137 4124 Ome
3184 4074 3318 4115 vero
3350 4059 3419 4113 ad
3450 4055 3778 4129 prodigiosa

2131 4158 2463 4211 commenta
2491 4152 2805 4225 pertinent,
2830 4150 2952 4206 haec
2972 4150 3090 4206 fere
3121 4152 3279 4205 sunt.
3314 4147 3464 4203 Fons
3486 4150 3572 4202 est
3589 4144 3777 4201 omnis

2132 4251 2469 4308 concentus,
2518 4246 2577 4298 et
2624 4242 2774 4298 inter
2827 4242 3022 4296 Musas
3072 4238 3262 4308 Erato,
3328 4237 3590 4309 itemque
3635 4234 3779 4290 Har—

366 4324 457 4379 καὶ
505 4322 629 4379 ’ίσον
669 4326 768 4380 Δία
810 4326 858 4361 ⁴³
900 4327 998 4395 τήν
1052 4323 1219 4382 δυάδα
1248 4329 1282 4395 ἡ
1337 4327 1716 4400 μυθοπλαστία
1746 4329 2010 4407 θεολογεῖ,

2133 4333 2349 4390 monia.
2382 4331 2714 4387 Tolerantia
2743 4330 2963 4395 adhaac,
2997 4328 3303 4399 radixque,
3333 4326 3443 4382 etsi
3476 4342 3591 4381 non
3642 4327 3775 4378 actu

364 4414 457 4469 καὶ
510 4411 668 4483 δίκην
725 4417 790 4481 “,
835 4414 924 4469 καὶ
984 4417 1139 4482 Ἰσιν,
1196 4416 1285 4471 καὶ
1334 4416 1514 4497 φύσιν,
1563 4419 1652 4474 καὶ
1706 4419 1870 4489 Ῥέαν,
1931 4422 2020 4476 καὶ

366 4501 689 4576 διομάτερα,
720 4502 810 4558 καὶ
866 4504 1053 4580 πηγὴν
1106 4502 1375 4578 διανομῆς
1409 4525 1421 4538 ·
1466 4501 1576 4561 ἔστι
1627 4504 1674 4561 δ’
1703 4508 1889 4570 αὐτοῖς
1948 4509 2023 4572 ὡς

363 4592 489 4650 Ῥέα
528 4590 615 4647 καὶ
657 4592 871 4667 Φρυγία
912 4593 1001 4648 καὶ
1050 4591 1224 4649 Λυδία
1268 4595 1355 4649 καὶ
1407 4592 1745 4669 Δινδυμήνη,
1775 4598 1866 4651 καὶ
1915 4600 2020 4669 Δή-

368 4694 553 4758 μητρα
614 4680 706 4734 καὶ
766 4678 1099 4753 Ἐλευσινία,
1156 4683 1245 4737 καὶ
1305 4684 1586 4759 Ἀρτεμις,
1644 4686 1731 4741 καὶ
1776 4687 2019 4762 Ἵμερος,

362 4771 457 4828 καὶ
516 4769 793 4839 Δίκτυννα,
840 4771 932 4826 καὶ
988 4771 1191 4847 ’Δερία,
1242 4773 1333 4827 καὶ
1387 4774 1660 4851 Ἀστερία,
1717 4776 1809 4830 καὶ
1862 4776 2020 4833 Δίσα-

2132 4422 2586 4496 quodammodo,
2644 4425 2906 4492 potestas
2960 4421 3255 4490 praeterea,
3300 4421 3357 4472 et
3384 4416 3557 4487 pedes
3597 4412 3774 4469 fonti-

2132 4517 2241 4568 bus
2273 4512 2383 4580 (81)
2408 4509 2765 4566 abundantis
2788 4509 2919 4572 Idm,
2943 4523 3009 4564 ac
3030 4507 3295 4575 vertices,
3318 4509 3375 4560 et
3390 4506 3618 4561 Phanas
3640 4503 3774 4572 (82).

2132 4603 2280 4669 Quin
2313 4609 2372 4656 et
2400 4618 2434 4656 a
2468 4600 2692 4655 binario
2740 4615 2971 4670 aequum
3006 4611 3134 4652 esse
3168 4599 3391 4663 Jovem,
3444 4593 3773 4648 fabularum

2132 4693 2256 4749 haec
2287 4691 2484 4763 figlina
2530 4689 2852 4759 theologice
2883 4687 3180 4759 disputat:
3230 4683 3525 4740 Justitiam
3557 4681 3669 4755 (83)
3701 4681 3773 4737 ad

2132 4780 2255 4837 haec
2285 4796 2411 4837 esse
2465 4778 2684 4851 Dyada,
2716 4783 2775 4834 et
2831 4776 2973 4843 Isin,
3011 4774 3315 4841 Naturam,
3346 4788 3413 4828 ac
3444 4771 3683 4839 Rheam,
3716 4772 3773 4826 et

1742 4904 1985 4963 VARI/1‘3
2025 4904 2411 4962 LECTIONES

435 5013 650 5103 ⁸δίωξίς]
701 5018 995 5103 πξρῖρτοξίξ
1170 5018 1216 5055 ⁴⁶
1242 5022 1534 5103 προσιοῦσι
1564 5020 1646 5094 ς’.
1726 5023 1767 5059 ⁸³
1800 5020 2057 5096 ἁρμονία]
2100 5019 2335 5096 ἁρμονία
2364 5017 2515 5090 ωδυη
2573 5021 2688 5075 οἷον
2749 5018 3001 5091 ὑπομονή
3061 5022 3130 5073 Α.
3171 5016 3219 5052 ⁸³
3258 5009 3635 5073 πολυπίδακος
3685 5012 3770 5087 ς,

361 5085 411 5124 ⁸³
440 5084 537 5142 Δία
568 5082 660 5141 διά
685 5082 786 5159 τήν
940 5087 987 5123 ⁴⁵
1016 5087 1136 5158 ΐςην
1165 5106 1253 5161 pr.
1284 5082 1355 5151 Ἀ.

1966 5229 2175 5291 NOTAE

440 5339 552 5412 (78)
604 5338 1027 5418 ’ᾼρσενόθηλυα
1069 5342 1250 5418 _Quod
1297 5343 1368 5400 de
1426 5343 1696 5418 Minerva,
1755 5345 2020 5418 Orpheus

366 5428 600 5487 quoque
630 5411 851 5487 hymno
899 5413 1108 5487 cecinit
1139 5413 1347 5487 ’Δρσην
1400 5414 1495 5487 μὶν
1538 5417 1626 5471 καὶ
1679 5411 1852 5485 θῆλυὲ
1899 5413 2016 5487 ἔφυ.

440 5482 826 5559 (79)ΗΣτιφράν
889 5485 1172 5559 παρθᾶνον.
1211 5482 1307 5543 Ἰιο.
1350 5482 1596 5559 seneca,
1647 5482 1851 5557 Medea,
1887 5482 2021 5549 Dia-

367 5573 501 5614 nam
535 5556 978 5627 dixit'aspcram
1007 5557 1308 5627 virginem.

440 5626 840 5706 (80)_Veueris_
873 5627 929 5684 id
962 5626 1117 5706 apud
1162 5629 1637 5706 Lacedamouios
1666 5649 2018 5706 cognomen-

369 5701 520 5771 tum,
549 5699 620 5756 de
651 5714 770 5773 qua
803 5699 1057 5759 Pausan.
1088 5701 1338 5762 Laconia.

2224 5345 2315 5413 81)
2344 5349 2598 5400 Homero
2629 5358 2856 5414 quoque
2877 5346 3014 5399 nota
3043 5336 3350 5412 πολυπίδαξ
3381 5334 3519 5414 Ἱδη.

2224 5348 2315 5413 81)
2344 5349 2598 5400 Homero
2629 5358 2856 5414 quoque
2877 5348 3014 5399 nota
3043 5348 3350 5412 πολυπίδαξ
3381 5348 3519 5407 Ἰδη.

2200 5348 2313 5489 ίὸἓ)
2343 5417 2432 5472 Sol
2468 5416 2563 5489 hic
2581 5415 2959 5489 quibusdam.
2984 5414 3115 5469 aliis
3137 5415 3343 5489 Amor.
3362 5412 3499 5467 Vide
3528 5409 3771 5489 Suidam

2129 5484 2473 5561 et'GYrald.
2528 5484 2612 5561 De
2653 5487 2848 5541 Pbane
2895 5487 3146 5542 Thebae
3193 5484 3447 5556 quodam
3509 5484 3776 5555 meminit

2130 5560 2379 5617 Pausau.
2414 5561 2473 5615 in
2504 5560 2844 5617 Corinthius.

2204 5633 2321 5704 (83)
2352 5628 2483 5701 Δίκη
2516 5634 2587 5687 de
2608 5647 2725 5702 qua
2758 5628 3101 5702 mythologi.
