4198 6216
383 347 501 408 597

1356 362 1359 369 ε
1430 316 1972 405 memoreset,
2018 373 2096 391 -
2139 340 2308 403 con.
2356 341 2749 405 CLXXXVII.

3660 339 3789 401 ’598

387 477 668 552 Ἡρακλῆς
707 476 798 534 καὶ
848 477 1054 552 ἔξαρμα
1096 477 1186 533 καὶ
1237 475 1596 552 ἂλκιμωτάτη
1646 478 1736 532 καὶ
1784 477 2033 555 ἀῤῥενικὴ

2154 477 2225 533 iis
2256 476 2553 543 Hercules,
2586 481 2643 532 et
2671 477 2925 550 impetus
2946 494 3013 534 ac
3035 478 3353 536 maximum
3384 479 3582 547 robur,
3609 478 3792 536 virilis

384 570 476 625 καὶ
528 568 858 640 άθήλυντος,
898 570 1109 644 Ἑρμῆς
1151 589 1209 623 τε
1253 569 1343 623 καὶ
1380 572 1678 646 Ἥφαιστος
1716 567 1805 622 καὶ
1854 573 2037 623 Διόνυο

388 679 481 720 σος
511 660 604 712 καὶ
657 659 926 731 Σωρίτας,
971 659 1062 713 καὶ
1104 654 1375 717 Μαιαδεὺς
1404 664 1437 726 ἦ
1479 654 1731 727 Μαιάδης
1772 658 1893 731 (τῆς
1936 656 2037 732 γὰρ

387 748 572 808 Μαίας
612 747 730 809 υἱὸς
763 745 887 817 ἤτοι
917 754 1017 817 τῆς
1051 743 1246 808 δυάδος
1284 748 1318 815 ἡ
1351 746 1563 821 τετράς)
1601 746 1691 801 καὶ
1738 746 2037 819 Ἐριούνιος

388 838 479 892 καὶ
550 842 741 898 Σῶκος
797 837 889 892 καὶ
950 836 1248 908 Διάκτορος
1300 835 1366 907 ⁴⁷,
1433 838 1524 890 καὶ
1582 835 1887 906 Βασσαρεὺς
1948 834 2039 889 καὶ

390 925 667 1002 διμάτωρ,
729 926 938 1000 μητρὸς
988 925 1262 999 τετευχὼς
1314 920 1528 992 δυάδος,
1578 923 1936 1001 θηλύμορφὸς
1983 945 2040 979 τε

387 1016 480 1072 καὶ
538 1014 805 1091 ἶπανδρος
864 1016 955 1071 καὶ
996 1014 1361 1091 ἆρρενουργὸς
1418 1013 1504 1068 καὶ
1570 1013 1892 1091 βακχασμὸν
1947 1015 2042 1067 ἀν-

390 1105 613 1180 ιγείρων
648 1107 716 1176 ⁴⁸,
746 1105 835 1160 καὶ
864 1105 1151 1180 Ἃρμονῖα,
1182 1103 1272 1159 καὶ
1301 1108 1407 1159 τῶν
1454 1106 1681 1160 Μουσῶν
1712 1105 1746 1171 ἡ
1780 1101 2037 1176 Οὐρανία.

390 1193 546 1253 Ἀλλ’
591 1192 734 1249 οὕτω
797 1194 891 1268 μὶν
943 1194 1129 1258 αὐτοῖς
1182 1192 1272 1248 καὶ
1320 1195 1356 1263 ἡ
1402 1191 1595 1267 τετρὰς
1644 1190 2039 1268 τερατολογου-

395 1282 530 1357 μένη
564 1281 931 1358 θεολογεῖται,
972 1281 1062 1336 καὶ
1093 1281 1154 1337 τὸ
1184 1281 1231 1336 α’
1269 1285 1377 1336 τῶν
1423 1279 1872 1355 θεολογουμένων
1918 1281 2039 1355 ἀρι-

391 1374 545 1447 θμῶν
577 1372 891 1447 Νικομάχῳ
925 1370 1369 1445 συναπαρτίζεται
1406 1365 1646 1446 βιϐλίον.

457 1551 548 1608 Ἐν
598 1548 657 1606 δὶ
704 1553 783 1623 τῷ
920 1552 1057 1624 μετὰ
1107 1550 1170 1604 τὸ
1214 1548 1509 1626 προοίμιον
1559 1550 1595 1619 ἡ
1643 1549 1839 1612 πεντὰς
1888 1549 2035 1623 αὐτῷ

385 1639 600 1716 πληροῖ
642 1640 733 1695 τὸν
782 1640 981 1715 ἀγῶνα.
1022 1639 1087 1695 Ἦ
1114 1638 1216 1717 γὰρ
1266 1640 1458 1701 πεντὰς
1496 1638 1688 1715 πρώτη
1739 1640 2037 1713 μεσότητος

2150 567 2434 641 potentia,
2480 566 2745 639 nihilque
2802 567 3026 624 habens
3083 568 3421 625 femineum.
3479 569 3793 626 Mercurius

2148 655 2287 709 item
2310 660 2366 710 et
2394 653 2715 721 Vulcanus,
2750 655 3034 723 Bacchus,
3068 656 3312 725 Soritas,
3354 657 3669 727 Maiadeus,
3703 656 3792 714 vel

2148 743 2424 799 Maiades.
2478 744 2581 799 Est
2610 744 2767 799 enim
2826 744 2983 799 Maiae
3016 745 3193 814 illius,
3246 745 3353 801 hoc
3410 749 3501 800 est
3558 745 3788 812 binarii,

2148 832 2583 903 quaternarius.
2616 832 2892 889 Eriunius
2915 834 3022 904 (99)
3055 833 3273 902 adhzec,
3303 842 3355 889 et
3386 834 3588 899 Socus,
3619 837 3794 904 atque

2150 922 2455 977 Dioscorus
2487 924 2583 990 (l).
2635 922 2951 978 Bassareus
2982 923 3063 993 (2)
3118 923 3375 995 insuper,
3430 927 3487 979 et
3544 921 3793 979 Bimater

2151 1009 2420 1080 (matrem
2454 1016 2662 1066 nactus
2709 1010 3021 1081 binarium)
3067 1013 3317 1068 feminea
3357 1013 3564 1083 forma,
3603 1012 3790 1069 virilis

2147 1098 2448 1170 viriliaque
2466 1106 2725 1171 patrans,
2744 1101 3015 1157 bacchari
3036 1101 3273 1158 faciens.
3289 1102 3432 1159 Item
3452 1102 3793 1160 Harmonita

2149 1204 2248 1247 seu
2287 1191 2622 1258 Harmonia,
2653 1194 2709 1245 et
2760 1192 2819 1247 in
2850 1191 3033 1246 Musis
3063 1189 3298 1248 Urania.
3343 1192 3428 1247 Ad
3488 1192 3644 1249 hunc
3673 1192 3791 1249 fere

2149 1284 2388 1341 modum
2420 1281 2492 1335 de
2533 1279 2902 1351 quaternario
2956 1280 3223 1351 augendo
3276 1278 3787 1354 philosophantur,

2147 1373 2246 1430 ubi
2274 1380 2328 1429 et
2358 1370 2527 1443 primi
2576 1368 2711 1424 libri
2762 1368 3083 1441 theologice
3114 1368 3513 1441 expositorum
3545 1386 3578 1426 a
3621 1369 3789 1428 Nico-

2144 1462 2351 1521 macho
2382 1474 2764 1517 numerorum
2796 1459 3087 1516 terminus
3115 1462 3220 1517 est.

2218 1555 2406 1611 Altero
2437 1553 2618 1625 igitur
2645 1551 2795 1608 libro
2844 1568 2980 1608 mox
3024 1569 3058 1609 a
3107 1551 3383 1624 prooemio
3415 1568 3505 1609 res
3536 1550 3623 1609 illi
3653 1567 3787 1610 cum

2145 1642 2412 1717 quinario
2446 1657 2687 1698 numero
2709 1644 2815 1697 est.
2846 1640 2951 1697 Hic
2974 1642 3131 1697 enim
3162 1639 3389 1714 primus
3421 1641 3787 1698 medietatem

385 1739 487 1802 τῆς
532 1732 760 1808 ἀρίστης
807 1731 899 1786 καὶ
951 1730 1332 1809 φυσικωτάτης
1376 1728 1673 1809 ἕμφατική,
1721 1732 1857 1785 κατά
1907 1727 2032 1786 διά-

2146 1735 2449 1807 optimam,
2483 1731 2856 1803 maximeque
2888 1731 3209 1788 naturalem
3241 1730 3508 1802 designat
3540 1747 3642 1804 per
3670 1730 3786 1787 dis-

386 1807 576 1894 ζευξιν
605 1819 937 1901 ἀμφοτέροις
964 1807 1173 1897 Ἵπέρασι
1204 1825 1306 1876 τοῦ
1357 1807 1587 1900 φυσικοῦ
1635 1818 1890 1895 ἀριθμοῦ,
1935 1841 2033 1894 μο-

2145 1821 2505 1894 iunctionem
2537 1820 2608 1876 ab
2662 1824 2910 1891 utraque
2958 1820 3322 1876 extremitate
3355 1821 3584 1875 numeri
3616 1822 3785 1876 natu-

381 1908 502 1967 νάδι
539 1912 638 1985 μὲν
671 1912 746 1973 ὡς
796 1908 965 1987 ἂρχῇ,
1002 1907 1185 1965 δεκάδι
1234 1907 1291 1966 δὲ
1321 1909 1395 1966 ὡς
1442 1907 1592 1965 τέλει
1623 1910 2032 1985 συνεζευγμένη,

381 2001 470 2057 καὶ
523 2000 879 2071 συλληπτική
913 2005 1020 2054 τῶν
1071 1997 1123 2054 ἒν
1169 2004 1238 2075 τῇ
1287 2002 1529 2074 κοσμικῇ
1571 1999 1725 2073 φύσει
1772 2000 2034 2079 φαινομέ-

380 2112 488 2146 νων
518 2106 533 2121 ·
567 2089 659 2144 καὶ
704 2090 807 2167 γὰρ
847 2089 983 2144 κατά
1033 2090 1130 2162 μὲν
1160 2090 1259 2158 τήν
1316 2086 1522 2163 μονάδα
1554 2090 1583 2143 ὁ
1630 2084 1836 2162 κόσμος
1886 2087 2031 2165 ὶρῥί-

383 2184 572 2250 ζωται,
615 2178 841 2249 ἤνυσται
887 2174 945 2233 δὲ
973 2176 1062 2232 καὶ
1110 2176 1371 2258 πέφανται
1402 2178 1448 2215 ⁴⁹
1488 2176 1625 2233 κατὰ
1668 2178 1767 2247 τήν
1815 2174 2029 2233 δεκάδα·

380 2267 564 2326 Ἀλλᾶ
611 2268 702 2323 καὶ
749 2265 831 2323 ὅτι
879 2266 1313 2344 προσεχέστατον
1360 2268 1450 2321 καὶ
1503 2268 1666 2341 μόνον
1720 2268 1885 2342 μέρος
1931 2270 2031 2333 τῆς

382 2355 630 2420 δεκάδος.
665 2359 767 2415 Καὶ
828 2356 895 2412 τὰ
935 2361 1184 2433 στοιχεῖα
1242 2354 1300 2412 δὶ
1354 2361 1452 2412 τοῦ
1511 2358 1705 2419 παντὸς
1746 2357 1883 2412 κατᾶ
1931 2359 2029 2425 τὴν

380 2445 662 2505 marcida"
690 2447 1017 2521 προστίθησι
1053 2447 1156 2522 γὰρ
1184 2451 1302 2510 τοῖς
1337 2447 1589 2521 τέσσαρσι
1635 2447 1726 2501 καὶ
1757 2448 1846 2503 τὸν
1889 2446 2029 2502 αἷθέ-

385 2557 470 2613 ρα,
501 2538 531 2593 ’ὁ
562 2536 663 2592 οὐκ
692 2535 756 2591 ἂν
787 2535 1026 2609 ἇνέξοιτο
1060 2535 1240 2607 ὑμνῶν
1280 2535 1380 2603 τήν
1412 2532 1662 2611 τετράδα.
1695 2537 1797 2594 Καὶ
1847 2535 2032 2592 πολλᾶ

376 2630 623 2683 τοιαῦτα.
669 2624 829 2683 Ἀλλ’
879 2621 1034 2681 οὔπω
1082 2629 1249 2680 ταῦτα
1294 2626 1487 2700 κομψᾶ
1532 2625 1620 2679 καὶ
1661 2627 1825 2703 σοφὰ,
1873 2626 1939 2680 τὰ
1985 2626 2029 2681 δ’

380 2716 571 2795 ἐφεξῆς
602 2718 814 2772 σκόπει.
866 2714 1104 2774 ’Δνεικία
1134 2717 1239 2792 γὰρ
1282 2718 1317 2786 ἠ
1350 2717 1542 2778 πεντὰς
1590 2717 1680 2772 καὶ
1729 2716 2028 2780 ἀλλοίωσις

378 2806 469 2861 καὶ
508 2808 645 2883 φάος
676 2806 766 2860 καὶ
813 2802 1155 2876 δικαιοσύνη,
1195 2805 1283 2859 καὶ
1336 2803 1603 2880 ἐλαχίστη
1653 2806 1890 2881 ἀκρότης
1927 2813 2028 2877 τῆς

379 2896 685 2967 ζωότητος,
733 2894 822 2950 καὶ
862 2893 1120 2967 Νέμεσις,
1164 2894 1254 2948 καὶ
1306 2890 1627 2962 Βουϐάστια,
1675 2895 1770 2949 καὶ
1818 2893 2029 2967 δίκησις

377 2984 466 3041 καὶ
498 2981 819 3060 Ἀφροδίτη,
852 2982 944 3039 καί
991 2982 1273 3056 Γαμηλία,
1313 2982 1403 3037 καὶ
1448 2983 1801 3060 Ἀνδρογυνία
1830 2986 1896 3051 ιθ,
1937 2985 2026 3040 καὶ

2146 1910 2285 1967 ralis
2318 1926 2332 1966 :
2367 1924 2497 1966 cum
2532 1908 2765 1964 interim
2799 1909 3011 1964 unitati
3049 1909 3285 1981 quidem
3319 1916 3595 1981 tanquam
3630 1908 3784 1980 prin-

2145 2001 2316 2072 cipio,
2350 1997 2589 2054 denario
2642 2014 2775 2054 vero
2832 2002 3114 2069 tanquam
3147 1997 3249 2054 ﬁni
3302 2001 3782 2070 coagmentetur:

2145 2087 2634 2161 comprehendere
2685 2084 2859 2141 simul
2915 2090 3119 2157 potens
3150 2102 3218 2141 ea
3273 2086 3490 2157 omnia,
3550 2102 3677 2159 qua
3725 2086 3784 2142 in

2144 2177 2345 2235 mundi
2379 2181 2589 2233 natura
2609 2179 2910 2248 apparent.
2938 2176 3048 2231 Per
3070 2174 3350 2231 unitatem
3385 2176 3597 2233 etenim
3621 2192 3787 2232 munc

2142 2268 2254 2324 dus
2282 2272 2565 2339 tanquam
2589 2265 2718 2321 ﬁxis
2749 2264 3044 2321 radicibus
3075 2264 3371 2321 stabilitus
3400 2272 3482 2321 est
3511 2283 3524 2333 ;
3557 2281 3660 2336 per
3688 2265 3786 2322 de-

2144 2357 2373 2413 narium
2407 2372 2539 2411 vero
2572 2355 2885 2428 perfectus,
2918 2362 3086 2424 atque
3115 2354 3174 2409 in
3216 2354 3406 2412 lucem
3440 2354 3785 2427 productus.

2141 2448 2250 2503 Sed
2280 2446 2335 2501 id
2374 2461 2489 2500 non
2520 2444 2635 2500 nisi
2658 2445 2727 2500 ad
2760 2451 3073 2500 extremam
3104 2443 3329 2499 denarii
3363 2448 3587 2517 partem
3623 2445 3787 2517 [con-

2143 2536 2357 2606 ﬁcitur]
2390 2551 2522 2590 cum
2558 2534 2811 2589 universi
2843 2534 3131 2589 elementa
3162 2550 3264 2605 per
3294 2532 3789 2606 quinarium[per-

2140 2627 2438 2690 ficiantur,
2469 2624 2725 2697 atquein
2752 2624 2940 2681 lucem
2964 2623 3405 2696 producantur].
3436 2623 3580 2680 Nam
3611 2623 3786 2678 etiam

2140 2716 2357 2773 aethera
2388 2716 2458 2770 ad
2519 2719 2765 2785 quatuor
2804 2714 2907 2768 illa
2936 2713 3139 2784 adjicit
3170 2729 3185 2767 :
3219 2712 3327 2768 etsi
3360 2712 3510 2767 hanc
3540 2711 3788 2768 additio-

2142 2822 2278 2863 nem
2311 2820 2613 2876 nunquam
2640 2805 2991 2869 admitteret,
3017 2801 3067 2859 ei
3098 2800 3182 2857 vel
3217 2801 3276 2857 in
3302 2801 3677 2874 quaternarii,
3700 2801 3787 2857 vel

2141 2895 2459 2952 multorum
2484 2893 2768 2950 similium
2799 2894 2972 2949 laude
3002 2896 3349 2949 versaretur.
3384 2892 3495 2947 Sed
3527 2891 3788 2947 nondum

2138 2986 2261 3042 hac
2282 2984 2592 3057 elegantia,
2624 2990 2717 3039 aut
2750 2983 2917 3048 scita,
2952 2998 3081 3055 quas
3112 2986 3575 3053 consequuntur,
3599 2980 3791 3037 consi-

380 3076 665 3148 Κυθέρεια,
697 3073 786 3129 καὶ
828 3071 1061 3142 Ζωναία,
1094 3070 1183 3127 καί
1223 3070 1584 3148 κυκλιοῦχος,
1616 3076 1706 3128 καὶ
1758 3073 2031 3147 Ἀμίθεος,

2145 3074 2403 3131 deranda
2432 3081 2589 3129 sunt.
2614 3072 2931 3137 Quinarius
2962 3071 3117 3125 enim
3150 3073 3270 3125 sive
3302 3074 3505 3142 pentas
3527 3065 3604 3142 (3)
3628 3068 3789 3138 quies

376 3164 466 3219 καὶ
518 3163 685 3224 Ζανὸς
734 3162 967 3237 πύργος,
1000 3163 1089 3216 καὶ
1149 3160 1445 3237 Διδυμαία,
1478 3162 1567 3219 καὶ
1627 3161 1764 3233 ἄξων
1825 3161 2031 3236 ὲδραία.

379 3248 697 3327 Ἅμϐροτόν
731 3272 789 3309 τε
846 3251 1012 3321 αὐτὴν
1041 3254 1086 3290 ⁵¹
1140 3250 1554 3328 ὑψηλολογοῦσι
1611 3254 1701 3307 καὶ
1749 3249 2030 3321 Παλλάδα,

376 3341 468 3397 καὶ
509 3338 806 3417 Κραδεᾶτιν
839 3341 888 3377 ⁵³
932 3341 1023 3395 καὶ
1069 3340 1413 3417 Ἀγεμονίαν,
1456 3341 1543 3395 καὶ
1595 3341 1913 3415 Ἀκρεῶτιν,
1947 3340 2035 3397 καὶ

377 3429 708 3500 ἂτάλαντον,
765 3430 856 3484 καὶ
910 3427 1107 3509 ἄζυγα,
1164 3430 1254 3486 καὶ
1313 3430 1602 3505 Ὀρθιᾶτιν,
1653 3429 1744 3485 καὶ
1803 3431 2035 3488 Μουσῶν

378 3518 769 3593 Μελπομένην,
799 3518 890 3573 καὶ
938 3514 1309 3593 ἀμειϐομένην
1359 3518 1453 3573 ὀπὶ
1497 3517 1666 3593 καλῇ,
1713 3518 1803 3574 καὶ
1855 3519 2032 3593 μὲσων

382 3608 555 3684 μέσην
587 3608 678 3663 καὶ
726 3607 1007 3683 ἂκρότητα
1044 3608 1310 3682 γονίμων.
1357 3608 1478 3664 Ἐπὶ
1523 3607 1742 3671 τούτοις
1794 3609 1889 3682 μὲν
1940 3607 2032 3664 οὖν

381 3697 639 3774 σεμνύνει
666 3696 757 3752 καὶ
788 3698 888 3767 τήν
921 3694 1177 3753 πεντάδα.

2145 3167 2236 3219 est
2265 3181 2298 3218 a
2329 3161 2492 3231 rixis,
2526 3166 2583 3216 et
2613 3160 2895 3229 alteratio,
2946 3160 3116 3230 jubar
3173 3174 3408 3231 quoque
3446 3174 3513 3214 ac
3535 3157 3786 3227 justitia,

2147 3252 2509 3322 minimaque
2538 3248 2870 3305 extremitas
2902 3246 3197 3303 facultatis
3239 3246 3494 3303 vivendi.
3526 3245 3790 3302 Nemesis

2146 3341 2365 3409 adhaec,
2396 3348 2450 3396 et
2508 3339 2780 3395 Bubastis
2811 3338 2908 3410 (4),
2940 3336 3296 3410 jurisdictio,
3330 3338 3548 3404 Venus,
3582 3334 3789 3391 Game-

2146 3430 2225 3487 lia
2255 3432 2357 3503 (5),
2383 3429 2749 3503 Androgynia
2780 3428 2882 3499 (6),
2934 3427 3230 3501 Cythereia
3262 3442 3276 3484 :
3316 3426 3520 3483 Zonaea
3546 3425 3646 3498 ('7),
3679 3424 3791 3481 cir-

2146 3522 2410 3579 culorum
2444 3538 2680 3594 praases,
2714 3520 3005 3588 Semidea,
3047 3535 3148 3574 arx
3171 3518 3354 3587 Jovis,
3391 3517 3702 3588 Didymaea,
3734 3518 3793 3571 et

2149 3611 2272 3668 axis
2295 3610 2546 3667 stabilis.
2572 3610 2732 3667 Hanc
2755 3609 2929 3666 etiam
2957 3608 3213 3665 divinam
3255 3623 3384 3664 esse
3441 3604 3791 3663 sublimibus

2144 3701 2339 3757 verbis
2385 3701 2725 3771 praedicant,
2777 3703 2834 3755 et
2864 3697 3123 3767 Pallada,
3173 3701 3230 3754 et
3260 3696 3597 3763 Credeaten,
3636 3693 3789 3750 Duc-

373 3791 585 3847 tricem
622 3788 724 3862 (8),
754 3788 1047 3857 Acreotin,
1094 3786 1481 3861 equilibrem,
1512 3792 1807 3860 expertem
1854 3790 2005 3863 jugi.
2057 3790 2351 3847 Orthiatin
2395 3790 2496 3863 (9),
2547 3794 2721 3862 atque
2762 3788 2915 3844 inter
2962 3788 3153 3843 Musas
3184 3785 3629 3858 Melpomenem,
3666 3781 3791 3854 pul-

376 3881 636 3953 chraque
656 3897 793 3938 voce
817 3881 1271 3954 respondentem
1294 3880 1431 3953 (10),
1464 3880 1909 3953 mediorumque
1940 3882 2217 3954 medium,
2250 3886 2307 3938 et
2336 3881 2720 3937 fecundarum
2750 3879 3007 3937 culmen.
3037 3879 3106 3934 Et
3136 3878 3219 3934 sic
3250 3876 3488 3949 quidem
3527 3873 3624 3931 ille
3655 3873 3788 3947 qui-

375 3970 611 4028 narium
642 3969 888 4028 extollit.

446 4062 577 4134 [240
610 4061 703 4134 Η.]
733 4059 799 4116 Ἠ
846 4056 905 4113 δὲ
953 4058 1071 4131 ἑξὰς
1098 4056 1241 4124 εἶδος
1271 4056 1450 4122 εἷ’δους
1499 4060 1650 4133 αὖτῷ
1701 4058 2034 4135 αἰτιολογεῖ.

372 4170 485 4221 ται,
546 4147 637 4204 καὶ
702 4151 772 4223 τῇ
831 4150 988 4228 ψυχῇ
1061 4148 1230 4222 μόνος
1296 4148 1545 4225 ἀριθμῶν
1607 4149 1884 4225 ἁρμόζων³
1943 4148 2033 4205 καὶ

2145 4150 2263 4207 dita
2294 4149 2531 4219 dicitur,
2563 4153 2621 4205 et
2641 4146 2803 4204 solus
2834 4148 2986 4204 inter
3016 4162 3290 4203 numeros
3322 4145 3529 4202 anima:
3560 4158 3788 4201 accom-

354 4232 704 4315 νδιάρθρωσις
748 4241 845 4293 τοῦ⁹
892 4239 1089 4301 παντὸς
1139 4239 1451 4315 ψυχοποιὸς
1499 4240 1590 4293 καὶ
1636 4246 1736 4309 τῆς
1798 4245 2032 4310 ζωτικῆς

2145 4241 2378 4309 modus,
2402 4245 2577 4313 atque
2598 4238 2850 4296 universi
2872 4236 3225 4302 articulatio,
3248 4236 3427 4292 animi
3450 4236 3705 4303 effector,
3727 4235 3785 4289 et

370 4312 535 4403 ἕξεως
578 4331 624 4369 ⁸³
671 4330 1009 4404 ἐμποιητική
1062 4312 1366 4407 (παρὸνκαὶ
1426 4330 1563 4404 ἑξὰς)
1622 4331 1710 4385 καὶ
1767 4332 2032 4407 Ἁρμονία

2145 4334 2239 4406 qui
2269 4312 2501 4389 vitalem
2555 4330 2878 4405 appetitum
2917 4328 3117 4385 indere
3168 4326 3328 4385 solet.
3389 4326 3551 4383 Unde
3604 4325 3783 4382 etiam

1760 4442 1844 4497 VA
1853 4442 1994 4499 RIE
2031 4441 2418 4499 LECTIONES

448 4548 495 4584 ⁴⁷
529 4546 835 4621 Διόσκορος
994 4546 1039 4584 ⁴⁸
1071 4552 1205 4620 post
1260 4547 1406 4621 ἀνεγ.
1441 4547 1532 4601 καὶ
1589 4563 1724 4605 cum
1785 4548 1956 4605 Roth.
1998 4550 2175 4606 omisi
2231 4546 2501 4622 ἀρμονίτα
2530 4548 2588 4616 ἤ.
2666 4546 2713 4583 ‘9
2749 4545 2909 4640 ne?)
2958 4544 3286 4619 πεπέρανται
3344 4544 3566 4612 Aetius,
3606 4560 3783 4617 προσ-

448 4620 672 4653 :--..-....
723 4624 747 4653 Α
793 4637 806 4651 .
839 4618 975 4653 ..κλμ
1006 4610 1242 4653 ἓηηρν...
1274 4617 1337 4653 ν-
1433 4618 1481 4653 so
1509 4615 1863 4653 u..k.-......l..
1893 4619 1981 4653 ..-ξ
2025 4620 2189 4653 7-...ι-
2219 4621 2428 4653 ...ιημυ
2458 4621 2547 4653 ..-ι
2580 4619 2642 4653 τ-
2704 4619 2748 4653 u
2781 4638 2951 4653 ηπ-..
2996 4618 3105 4653 ..τιτι
3174 4623 3199 4653 Α
3267 4616 3314 4653 u
3346 4610 3645 4653 ruant.“
3697 4612 3759 4653 Γ·

371 4620 690 4764 Saltim:
712 4610 1242 4764 ἑρᾶἰίςςέἓατον
1274 4617 1337 4692 ς·
1344 4610 1377 4675 .’
1433 4618 1481 4653 ⁵ο
1509 4615 1866 4694 ’Δνδρογυνία
1893 4619 1984 4675 καὶ
2022 4620 2189 4683 Ζανός
2219 4610 2428 4697 πόργος
2458 4610 2661 4694 καῖ’ς.
2704 4619 2748 4655 ⁸1
2780 4610 2951 4687 αὖτῆν
2995 4610 3131 4674 add.
3164 4623 3227 4671 Α.
3267 4616 3314 4653 ⁸³
3346 4610 3662 4688 Κρεδεάτην’
3697 4612 3780 4687 ς,

2214 4061 2404 4118 1441)
2438 4058 2713 4117 Senarius
2736 4059 2807 4114 ab
2837 4057 2935 4116 illo
2970 4058 3166 4115 forma
3198 4056 3641 4125 forma,ratione
3661 4054 3785 4110 red-

1970 4793 2183 4850 ΝΟΤΛΕ

448 4900 562 4974 (99)
618 4897 1214 4974 Mercurii‘epith‘eta.
1266 4899 1414 4972 Lege
1445 4898 1623 4956 Notas
1680 4899 2028 4974 exemplaris
2136 4900 2380 4967 indicat,
2414 4917 2592 4974 quam
2642 4918 2677 4959 a
2724 4899 2970 4957 Roman.
3006 4898 3353 4956 mulieribus
3390 4900 3642 4953 erectam
3673 4896 3775 4951 de-

376 4969 584 5041 Grisci,
617 4976 675 5027 et
704 4969 1058 5026 Eustathﬁin
1096 4971 1262 5028 Hom.
1349 4969 1373 4972 ⁷
1851 4969 1868 4974 ⁷
2135 4974 2337 5031 scribit
2368 4969 2530 5030 Stiid.
2551 4974 2580 5029 ?

445 5046 524 5126 (_t_)
568 5041 1155 5126 _Qua§i.Jovis‘i‘1lius
1184 5043 1367 5112 dicas,
1402 5058 1517 5117 quo
1570 5044 1743 5101 modo
1800 5043 2025 5117 Apollo;

374 5109 671 5183 Aritliolog.
702 5109 923 5174 διόπαις
949 5114 1187 5170 dicitur.

449 5189 521 5258 (2)
552 5184 764 5258 Bacchi
796 5190 1202 5258 cognomenta.

408 5331 420 5345 .
447 5255 521 5330 (3)
546 5255 803 5329 Ἀνιικία,
832 5255 962 5329 qua
992 5274 1097 5314 vox
1126 5257 1304 5315 etiam
1335 5256 1482 5316 alias
1511 5258 1771 5316 admittit
1800 5259 2027 5332 exposi-

376 5337 857 5476 tloagséubastirl
900 5401 974 5456 ab
1031 5396 1319 5476 Egyptiis
1348 5400 1564 5460 dictam
1619 5402 2022 5461 esseDianam

375 5471 784 5547 docetﬁerod.
818 5471 1194 5547 Euterpefet'
1211 5473 1332 5547 alii.

446 5547 529 5620 (5)
545 5538 633 5604 De
652 5543 885 5601 Junone
913 5538 1176 5601 Gamelia
1196 5541 1606 5618 eiveNuptiali
1630 5546 1760 5605 vide
1788 5547 2021 5621 Gyrald.

378 5619 998 5765 syﬁ‘ihuhiformem
1050 5687 1481 5763 'barhatamque
1528 5689 1688 5750 illam
1742 5690 2023 5750 Venerem

2206 5045 2291 5128 (7_)_
2316 5041 2677 5128 Ἀπατουρίαν
2710 5044 2951 5128 forsitan
2990 5042 3153 5098 illam
3202 5037 3773 5128 Minervamir‘inuit,

2137 5110 2229 5173 cui
2247 5110 2674 5190 Traazeniorum
2697 5116 2953 5190 virgines
2972 5132 3150 5190 zonas
3171 5119 3308 5190 ante
3328 5112 3560 5190 nuptias
3580 5110 3773 5190 dicere

2132 5189 2335 5244 solitas
2352 5189 2589 5250 scripsit
2610 5182 2861 5245 Pausa'n.
2897 5187 3236 5243 Corinthian.
3269 5185 3371 5241 Est
3399 5182 3457 5240 et
3485 5182 3770 5250 Λυσιζώνη

2132 5260 2317 5390 Ῑέἱαρο.
2341 5255 2495 5333 apud
2528 5260 2797 5335 Apollon.
2830 5263 2888 5318 et
2918 5258 3067 5315 alios
3098 5264 3163 5314 ut
3212 5255 3418 5313 αἰπεῖα
3446 5257 3591 5311 Juno
3615 5255 3770 5326 apud

2176 5349 2235 5388 es
2271 5349 2388 5389 om.

2176 5338 2388 5389 catum.

2201 5402 2285 5479 (8)
2320 5405 2496 5479 (Unde
2533 5403 2872 5479 'Uyepdtng
2898 5401 3131 5460 nomine
3191 5399 3373 5458 Diana
3402 5398 3513 5456 coli
3559 5400 3768 5473 empta,

2130 5474 2361 5533 dooebit
2390 5474 2637 5532 Pausan‘.
2672 5474 2920 5532 Arcadio.

2224 5548 2279 5607 9)
2311 5549 2391 5605 De
2421 5548 2624 5606 Orthia
2652 5547 2837 5605 Diana
2866 5546 3050 5605 multa
3081 5546 3329 5602 Pausan.

2224 5550 2279 5607 9)
2311 5550 2391 5605 De
2421 5550 2624 5606 Orthia
2652 5550 2837 5605 Diana
2866 5550 3050 5605 multa
3081 5550 3329 5602 Pausan.

2199 5550 2314 5690 (10)
2352 5620 2721 5692 Periphrasis
2776 5625 2866 5676 est
2919 5616 3227 5689 Calliopes,
3245 5631 3431 5689 quam
3472 5613 3599 5681 hic,
3628 5611 3770 5670 stibi

2130 5707 2427 5764 nusquam
2457 5691 2742 5751 nominat.
