4198 6216
395 238 512 299 599

1580 218 1845 281 ΡΗΟΤΠ
1888 217 2417 281 ΡΑΤΗΙΑΗΟΗλΕ
2452 219 2569 282 GP.

3675 226 3801 289 600

391 371 661 429 senarius
693 364 1001 424 Harmonia
1023 367 1197 432 atque
1220 360 1489 413 universa
1512 360 1645 410 natu
1657 371 1739 419 ra,
1763 359 1821 409 et
1851 354 2033 423 magis

2153 354 2274 425 [465
2426 353 2515 408 καὶ
2550 354 2881 427 ούλομέλεια
2910 359 2982 428 5",
3024 358 3113 415 καὶ
3143 359 3348 431 κυρίως
3394 359 3527 431 αὕτη
3563 362 3608 397 ⁸⁵
3650 360 3802 433 μᾶλ-

390 460 621 530 proprie
651 457 894 524 ipsamet
951 450 1170 513 Venus,
1212 464 1343 502 cum
1376 446 1531 516 luga,
1573 448 1696 497 tum
1732 442 2029 511 nuptialis,

389 552 446 605 et
490 546 857 615 androgynea
920 536 1241 607 theologice
1272 536 1343 589 ab
1394 549 1460 589 eo
1508 531 1899 587 constituitur.
1932 530 2031 584 Ju-

385 635 535 707 galis
573 632 769 687 adhmc
825 633 881 683 et
922 626 1197 680 illecebra
1234 640 1248 679 :
1313 639 1421 694 pax
1476 637 1727 693 quoque,
1761 619 2032 688 amicitia,

385 723 625 789 sanitas,
649 723 705 774 et
738 723 959 771 Acmon
980 715 1134 783 (10'),
1160 730 1226 767 ac
1263 712 1501 769 veritas.
1541 710 1769 765 tlexada
1800 709 2037 777 insuper

382 811 588 867 volunt
616 808 673 862 hi
706 813 926 862 Parcas
958 803 1109 858 inter
1142 802 1423 858 Lachesin
1465 816 1613 870 esse,
1656 799 2036 871 principium-

386 914 500 970 que
530 913 595 951 ac
626 892 936 949 dimidium
970 891 1171 957 totius,
1205 896 1263 945 et
1306 890 1475 961 longe
1502 888 1866 958 jaculantem
1900 890 2037 958 (t1),

388 1004 455 1044 ac
486 985 761 1050 Triviam,
797 980 1163 1037 Dichroniam
1199 980 1357 1051 (11'),
1405 979 1698 1034 Perseiam
1745 979 1878 1049 (12),
1913 978 2038 1033 Tri-

388 1077 655 1138 formem,
687 1070 1099 1142 Amphitriten,
1154 1068 1477 1124 Auchidica
1520 1069 1653 1138 (13),
1708 1072 1767 1122 et
1803 1068 1875 1122 de
1908 1067 2037 1122 Mu-

385 1179 584 1221 sarum
618 1176 858 1216 numero
894 1158 1220 1227 Thaleiam,
1253 1168 1319 1213 ac
1338 1157 1704 1213 Panaceiam.
1740 1158 1822 1211 Ita
1854 1171 2036 1225 neque

384 1252 647 1309 senarius
678 1251 750 1305 ab
778 1249 932 1321 ipsis
966 1247 1293 1320 praeteritus
1327 1254 1434 1314 est,
1469 1247 1613 1317 quin
1636 1247 1809 1300 deum
1842 1245 2037 1301 deam-

388 1358 503 1414 que
532 1357 656 1396 esse
686 1338 844 1395 omni
876 1337 1070 1392 studio
1104 1336 1465 1408 probaretur.

463 1431 592 1482 Jam
642 1426 963 1482 bebdomas
992 1424 1155 1497 (quid
1215 1423 1438 1494 dicas?)
1469 1421 1774 1478 confestim
1810 1423 1873 1475 ﬁt
1918 1421 2033 1491 (14)

399 1514 615 1577 σεπτὰς·
641 1515 741 1571 ubi
774 1514 823 1570 si
844 1514 1386 1584 consuetudo(15)2
1418 1512 1560 1566 forte
1590 1514 1834 1576 exterat,
1858 1509 2037 1565 trahit

387 1609 499 1665 hoc
533 1606 696 1663 facile
726 1622 794 1661 ex
844 1605 1060 1674 duplici
1120 1603 1310 1659 littera
1341 1604 1412 1667 Ξ,
1446 1618 1617 1673 quam
1650 1601 1775 1669 ipsa
1831 1604 2038 1655 natura

2140 440 2237 496 λον
2292 440 2587 519 Ἀφροδίτη
2642 446 2799 520 ζυγία
2854 467 2910 501 τε
2954 448 3044 502 καὶ
3086 445 3342 525 γαμηλία
3384 449 3475 502 καὶ
3524 446 3805 523 ἀνδρογύ-

2137 531 2221 586 νία
2251 532 2296 566 ⁶⁶
2344 530 2704 607 θεολογεῖται.
2755 534 2925 591 Ἀλλὰ
2976 538 3063 591 καὶ
3110 542 3312 611 ζυγῖτις
3356 537 3448 592 καὶ
3498 539 3806 614 φιλοτησῖα

2137 621 2228 675 καὶ
2261 621 2450 696 εἰρήνη
2483 623 2574 676 καὶ
2619 623 2779 701 φιλία
2827 626 2916 679 καὶ
2950 626 3127 702 ὑγεία,
3159 632 3392 699 ’Ἃκμων
3422 648 3483 682 τε
3527 630 3618 683 καὶ
3658 629 3805 702 ἀλή-

2135 713 2272 765 θεια.
2308 711 2410 766 Καὶ
2448 717 2655 785 μοιρῶν
2709 710 2766 767 δὲ
2796 714 3035 789 Λάχεσιν
3079 714 3248 783 αὐτὴν
3279 721 3524 787 ποιοῦσι,
3563 717 3656 772 καὶ
3708 719 3807 793 ἀρ-

2135 802 2243 878 χὴν
2266 801 2354 854 καὶ
2386 801 2560 873 ἥμισυ
2584 804 2804 871 παντὸς,
2829 804 2919 857 καὶ
2952 800 3359 877 ἒκατηϐελέτιν,
3378 807 3469 861 καὶ
3491 807 3802 882 Τριοδῖτιν,

2132 889 2222 942 καὶ
2257 890 2563 964 Διχρονίαν,
2596 890 2686 945 καὶ
2720 894 3001 967 Περσείαν,
3032 894 3122 947 καὶ
3160 896 3505 972 Τρίμορφον,
3540 896 3629 951 καὶ
3663 898 3808 972 Ἀμ-

2136 977 2403 1053 φιτρίτην,
2437 981 2527 1032 καὶ
2572 978 2920 1054 Ἀγχιδίκαν,
2971 982 3063 1036 καὶ
3113 987 3344 1038 Μουσῶν
3405 983 3656 1051 Θάλειαν,
3708 986 3805 1042 καὶ

2140 1066 2458 1125 Πανάκειαν.
2508 1067 2665 1124 Οὕτω
2710 1070 2804 1142 μὲν
2856 1067 2969 1124 οὐδ’
3000 1072 3035 1137 ἡ
3092 1072 3210 1141 ἑξὰς
3252 1070 3442 1135 αὐτοῖς
3490 1075 3612 1138 θεὸς
3660 1075 3803 1131 εἶναι

2139 1155 2227 1208 καὶ
2261 1156 2403 1217 θεοῖς
2433 1156 2477 1192 ⁸⁷
2511 1155 2730 1232 διέφυγε
2760 1158 3191 1233 φιλοτιμεῖσθαι.

2213 1411 2275 1466 Ἠ
2336 1409 2392 1466 δὲ
2469 1408 2730 1484 ἑϐδομὰς,
2787 1414 2840 1467 τί
2914 1414 2973 1467 ἂν
3046 1431 3128 1471 τις
3206 1416 3295 1470 καὶ
3374 1415 3560 1487 ε’ίποις
3639 1418 3803 1483 εὐθὺς

2149 1501 2242 1574 μὲν
2271 1503 2373 1577 γὰρ
2402 1500 2512 1555 ἐστι
2557 1502 2753 1561 σεπτὰς
2797 1522 2808 1535 ·
2862 1502 2957 1557 κᾶν
2985 1505 3049 1558 τὸ
3100 1504 3143 1558 σ⁹
3172 1504 3383 1580 φθείροι
3436 1509 3469 1575 ἡ
3514 1509 3798 1579 συνήθειαν

2143 1586 2294 1643 ἕλκει
2324 1594 2485 1645 τοῦτο
2517 1590 2684 1666 ῥᾷστα
2713 1590 2774 1646 ἐκ
2804 1589 3005 1647 διπλοῦ
3036 1597 3132 1647 τοῦ
3164 1595 3222 1666 ξ’,
3256 1596 3390 1667 ὅπερ
3422 1601 3500 1668 τῷ
3539 1599 3645 1672 πρὸ
3697 1600 3806 1655 αὐ-

395 1698 465 1752 ad
499 1694 881 1768 praeedentis
915 1694 1026 1765 (16)
1052 1691 1471 1747 uumerifinem
1495 1689 1674 1745 veluti
1695 1694 1848 1746 sorte
1872 1690 2037 1743 attri-

2153 1683 2235 1734 τοῦ
2268 1680 2487 1753 ἀριθμῷ
2516 1682 2550 1748 ἡ
2603 1680 2759 1757 φύσις
2795 1682 2930 1755 πρὸς
2969 1688 3047 1768 τῷ
3096 1683 3242 1738 τέλει
3275 1684 3699 1759 ἀπεκλήρωσεν,
3724 1687 3805 1743 ἵν’

389 1788 541 1855 buit,
575 1790 637 1842 ut
694 1786 811 1841 haec
872 1782 1227 1839 adminiculo
1282 1783 1562 1837 adversus
1604 1781 1759 1849 vulgi
1793 1779 2036 1835 insidias

390 1878 641 1947 augusto
674 1874 759 1928 illi
805 1889 1050 1927 numero
1083 1875 1253 1926 esset.
1304 1874 1492 1941 Atque
1524 1871 1644 1923 haec
1701 1869 2039 1923 admiranda

393 1964 495 2020 illa
554 1962 976 2018 demonstratio
1027 1967 1133 2026 est,
1192 1976 1308 2030 qua
1391 1960 1473 2013 ita
1548 1958 1824 2013 exsistere
1880 1959 2042 2011 docet

390 2051 628 2125 [vocem]
688 2048 907 2111 σεπτὰς,
960 2056 1013 2103 et
1070 2048 1227 2103 cultu
1260 2048 1501 2119 dignum
1548 2062 1852 2101 numerum
1886 2044 2039 2102 ἑπτὰ.

395 2145 467 2196 At
497 2155 732 2194 rursum
774 2138 947 2192 etiam
982 2138 1093 2206 (17)
1127 2136 1221 2191 hic
1280 2137 1521 2191 unitatis
1562 2140 1651 2191 est
1699 2151 1763 2189 ac
1820 2132 2041 2190 denarii

392 2228 695 2286 medietas.
761 2227 1015 2282 Fortuna
1072 2225 1235 2294 item,
1296 2230 1355 2280 et
1423 2224 1683 2290 Occasio,
1761 2224 2039 2294 Minerva,

395 2320 569 2388 Mars,
600 2315 875 2379 Acreotis,
910 2314 1111 2385 Agelia
1134 2314 1269 2385 (18),
1294 2316 1590 2382 Atrytone,
1623 2315 1678 2367 et
1718 2313 1895 2379 Capta
1926 2312 2038 2383 (t9)

403 2409 719 2477 eademque
786 2403 977 2459 valido
1037 2402 1148 2473 (‘20)
1204 2405 1365 2472 patre
1437 2406 1592 2468 nata,
1652 2401 2035 2471 Tritogeneia,

395 2495 593 2550 casios
637 2493 861 2548 habens
903 2491 1125 2558 oculos,
1159 2490 1583 2546 Alalcomeneia
1612 2490 1749 2561 (21),
1786 2494 2034 2546 Pantau-

392 2582 679 2652 chia(22),
713 2582 940 2653 Ergana
983 2580 1094 2651 (23)
1128 2584 1184 2635 et
1216 2580 1419 2634 multis
1460 2578 1730 2650 precibus
1761 2580 2033 2650 expetita,

386 2671 697 2744 integritas
719 2676 960 2734 naturae,
1006 2668 1350 2723 Amaltheiae
1382 2669 1583 2739 stirps,
1620 2669 1791 2740 Egis,
1834 2668 2035 2738 Osiris,

384 2775 656 2827 somnus,
686 2774 818 2824 vox,
850 2773 1053 2824 sonus,
1087 2764 1139 2811 et
1184 2757 1253 2811 de
1286 2758 1583 2811 Musarum
1618 2773 1859 2813 numero
1891 2756 2032 2814 Clio.

383 2849 441 2904 Si
466 2847 634 2911 libet,
662 2845 829 2903 etiam
854 2844 1166 2916 judicium,
1211 2848 1267 2899 et
1306 2843 1628 2913 Adrasteia,
1660 2852 1717 2899 et
1745 2847 2034 2916 ejusmodi

2144 1768 2181 1842 ᾖ
2221 1773 2382 1823 τοῦτο
2433 1768 2780 1841 ἐπικούρημα
2818 1774 2897 1842 τῷ
2944 1766 3188 1845 σεϐαστῷ
3229 1773 3447 1848 ἀριθμῷ
3504 1778 3638 1850 πρὸς
3697 1780 3801 1848 τὴν

2152 1853 2451 1927 ἐπιϐουλὴν
2484 1859 2582 1927 τήν
2617 1859 2721 1913 ἀπὸ
2750 1863 2858 1914 τῶν
2891 1858 3139 1916 πολλῶν.
3175 1863 3419 1933 Τοιαύτη
3458 1866 3552 1936 μὲν
3587 1868 3621 1935 ἡ
3664 1868 3807 1923 από-

2152 1947 2312 2020 δειξις
2369 1953 2710 2024 θοαυμαστή,
2771 1954 2844 2014 ὡς
2903 1948 3015 2007 ἔστι
3072 1954 3291 2017 πάντως
3344 1957 3391 1992 ⁵⁷
3459 1958 3653 2020 σεπτᾶς
3710 1961 3806 2015 καὶ

2152 2033 2424 2113 σεϐασμοῦ
2456 2039 2602 2112 ἄξιος
2646 2042 2673 2094 ὁ
2718 2041 2870 2096 έπτά.
2921 2041 3091 2097 Πάλιν
3141 2039 3199 2097 δὲ
3237 2043 3325 2098 καὶ
3372 2043 3509 2114 αύτή
3562 2050 3806 2119 μεσότης

2154 2124 2387 2200 μονάδος
2435 2129 2523 2182 καὶ
2583 2126 2826 2196 δεκάδος,
2873 2130 3016 2205 τύχη
3077 2132 3166 2185 καὶ
3207 2133 3417 2205 καιρὸς,
3461 2135 3660 2204 Ἀθηνᾶ
3708 2136 3805 2192 καὶ

2150 2219 2451 2292 ’Δρης,καὶ
2485 2224 2799 2292 Ἀκρεῶτις,
2833 2220 2921 2274 καὶ
2954 2220 3207 2295 Ἀγελεία
3239 2225 3303 2292 ⁵⁸,
3336 2224 3426 2278 καὶ
3460 2224 3803 2298 Ἀτρυτώνη,

2150 2307 2458 2384 φυλακῖτις,
2531 2304 2938 2383 ὀϐριμοπάτρα,
3014 2314 3377 2387 Τριτογένεια,
3453 2312 3802 2388 γλαυκῶπις,

2150 2395 2601 2470 Ἀλαλκομένεια,
2637 2400 2966 2475 ΙΙαντευχία,
3000 2402 3261 2474 Ἐργάνη,
3301 2402 3654 2477 πολυαρήτη,
3708 2406 3801 2461 ού-

2149 2486 2433 2560 λομέλεια,
2478 2489 2803 2560 ’Δμαλθείας
2834 2489 3010 2563 γένος,
3065 2491 3246 2565 Αἰγίς,
3286 2493 3522 2568 Ὄσιρις,
3568 2489 3801 2569 ὄνειρος,

2148 2578 2327 2649 φωνὴ,
2361 2574 2519 2646 αὐδὴ,
2552 2579 2641 2633 καὶ
2692 2581 2927 2635 Μουσῶν
2973 2581 3007 2648 ἡ
3042 2579 3249 2650 Κλειὼ,
3282 2580 3331 2635 εἴ
3373 2580 3566 2656 βούλει
3599 2581 3677 2654 δὲ,
3710 2588 3805 2640 καὶ

2145 2666 2321 2740 κρίσις
2353 2667 2443 2720 καὶ
2500 2664 2824 2740 Ἀδράστεια
2882 2667 2970 2721 καὶ
3028 2666 3203 2729 πολὺς
3242 2666 3485 2744 φλύαρος
3516 2671 3562 2705 ⁸⁹
3607 2675 3804 2726 τοιοῦ-

2146 2774 2259 2815 τος.
2321 2755 2481 2811 Οὕτω
2545 2756 2638 2827 μὲν
2717 2757 2751 2823 ἡ
2812 2756 3114 2818 πάνσεπτος
3185 2756 3371 2819 αὐτοῖς
3447 2759 3613 2821 ἒπτὰς
3693 2780 3804 2832 μα-

2150 2843 2394 2917 κροτέρῳ
2433 2844 2586 2917 πόνῳ
2621 2842 2789 2919 μέγας
2828 2845 2918 2898 καὶ
2946 2844 3119 2908 πολὺς
3154 2846 3272 2906 θεὸς
3305 2847 3637 2920 ἀνυμνεῖται.

390 2944 629 3015 ἱοθρῐὶω
659 2943 874 3000 multm.
910 2943 1001 2998 Sic
1034 2943 1202 3014 plane
1233 2941 1329 2997 ille
1359 2942 1693 2998 adorandus
1740 2943 2123 3015 septenarius,
2147 2944 2371 3015 ingenti
2401 2943 2691 3017 longoque
2739 2945 2957 3012 labore,
2991 2954 3048 3000 ut
3099 2960 3348 3017 magnus
3380 2948 3809 3021 multiplexque

387 3038 531 3093 deus
562 3036 633 3091 ab
664 3034 810 3106 ipsis
843 3033 1113 3089 laudibus
1145 3032 1484 3089 celebratur.

461 3124 806 3182 Octonarius
835 3123 1075 3193 deinde,
1108 3124 1218 3178 etsi
1247 3139 1615 3194 nequaquam
1646 3128 1871 3180 tantam
1908 3124 2035 3181 lau-
2068 3132 2109 3197 (ς

397 3216 529 3271 dem
556 3214 652 3286 (ne
678 3217 879 3269 octava
906 3213 1138 3284 quidem
1174 3229 1241 3269 ex
1273 3214 1454 3283 parte)
1477 3214 1769 3268 obtinuit:
1804 3215 2040 3285 quando

396 3308 596 3360 tamen
634 3318 735 3373 pro
769 3303 873 3358 deo
903 3303 1079 3357 etiam
1112 3301 1207 3357 hic
1246 3301 1392 3372 ipsis
1422 3306 1528 3367 est,
1561 3318 1591 3358 e
1624 3303 1756 3357 sede
1787 3320 1893 3359 sua
1926 3322 2040 3360 non

397 3391 627 3449 excidit.
654 3392 915 3447 Adorant
946 3390 1100 3446 enim
1133 3391 1326 3463 ipsum
1361 3391 1530 3462 quasi
1586 3408 1874 3448 summam
1910 3394 2045 3448 Har-

404 3481 660 3537 moniam
702 3484 759 3535 et
807 3480 1145 3535 Cadmeiam
1203 3481 1316 3550 (24)
1375 3484 1639 3548 matrem,
1689 3498 1753 3536 ac
1822 3482 2040 3538 Rheam

398 3568 811 3626 mulieriﬁcam
862 3569 999 3639 (25),
1059 3567 1330 3641 Cybelen,
1381 3568 1647 3640 Cybeben
1692 3569 2043 3642 Dindymen,

397 3659 679 3730 urbisque
709 3660 1033 3724 custodem,
1057 3658 1211 3713 velut
1231 3674 1489 3713 amorem
1514 3658 1673 3726 item,
1706 3663 1881 3731 atque
1907 3661 2044 3715 ami-

399 3748 622 3814 citiam,
656 3746 1053 3819 prudentiam,
1096 3746 1570 3819 intelligentiam,
1622 3749 1848 3805 Oreiam
1909 3750 2042 3820 (26),

397 3836 646 3893 Themin
703 3836 846 3909 (27),
899 3835 1105 3907 legem,
1176 3844 1377 3892 natum
1436 3837 1548 3908 (28)
1604 3842 1740 3894 ante
1815 3842 2045 3895 exactos

403 3941 658 3994 menses,
691 3930 747 3981 et
777 3925 1082 3982 Musarum
1114 3926 1425 3997 Euterpen.

470 4014 831 4071 Novenarius
888 4014 1028 4070 item
1064 4016 1463 4087 posthabetur,
1495 4022 1553 4073 et
1609 4018 1670 4074 in
1728 4017 1960 4083 deitate,
1991 4010 2049 4073 et

2220 3125 2283 3179 'H
2325 3122 2381 3179 δὲ
2412 3125 2593 3191 ὀκτὰς,
2626 3125 2671 3180 εἰ
2720 3125 2810 3179 καὶ
2864 3127 2940 3197 μὴ
2973 3132 3090 3187 τοῖς
3143 3123 3281 3189 ἴσοις
3314 3123 3446 3199 μηδ’
3494 3124 3675 3200 ὀγδόῳ
3709 3129 3808 3196 μέ-

2151 3236 2252 3290 ρει,
2294 3214 2421 3271 ἀλλ’
2474 3213 2564 3270 οὖν
2601 3221 2680 3287 τῷ
2738 3217 2856 3278 θεὸς
2918 3214 3106 3278 αὐτοῖς
3164 3215 3301 3269 εἶναι
3353 3212 3467 3270 οὐδ’
3514 3216 3651 3284 αύτή
3709 3223 3809 3274 τοῦ

2150 3304 2346 3379 θρὸνου
2404 3304 2678 3384 ἀπερρίφη
2741 3322 2755 3338 ’
2815 3304 3187 3379 Παναρμονίαν
3244 3304 3349 3378 γὰρ
3407 3305 3577 3375 αὐτὴν
3633 3325 3813 3381 προσ-

2150 3395 2393 3463 κυνοῦσι,
2443 3393 2533 3448 καὶ
2592 3390 2871 3466 Καδμείαν
2914 3394 2961 3429 ⁶⁰
3022 3392 3230 3466 μητέρα
3259 3413 3318 3447 τε
3374 3392 3465 3447 καὶ
3518 3395 3669 3450 Ῥέαν
3717 3396 3810 3450 καὶ

2152 3482 2452 3552 θηλυποιὸν
2513 3484 2604 3537 καὶ
2664 3478 2939 3552 Κυϐέλην,
2973 3476 3237 3553 Κυϐήόην
3286 3502 3345 3537 τε
3402 3483 3491 3537 καὶ
3534 3480 3810 3557 Δινδύμην

2151 3575 2237 3628 καὶ
2273 3572 2605 3647 πολιοῦχον,
2638 3568 2813 3646 ἔρωτά
2843 3591 2901 3626 τε
2931 3570 3020 3625 καὶ
3052 3569 3261 3648 φιλίαν,
3297 3577 3488 3644 μῆτιν,
3537 3569 3805 3629 ἐπίνοιαν,

2155 3662 2392 3736 Ὀρείαν,
2434 3661 2623 3735 Θέμιν,
2652 3661 2840 3735 νόμον,
2869 3658 3239 3733 ἠλιτομήναν,
3271 3658 3362 3715 καὶ
3411 3664 3520 3715 τῶν
3572 3666 3804 3718 Μουσῶν

2153 3754 2250 3820 τὴν
2283 3749 2588 3827 Εὐτέρπην.

2230 4012 2329 4070 Καὶ
2360 4013 2393 4080 ἡ
2429 4010 2577 4071 ἒννὰς
2610 4006 2667 4063 δὲ
2727 4010 2936 4083 ὑστερεῖ
2986 4009 3079 4081 μὲν
3110 4008 3201 4063 καὶ
3256 4011 3358 4075 τῆς
3388 4009 3667 4081 θειότητος
3717 4012 3807 4067 καὶ

392 4103 456 4160 1n
478 4102 652 4176 longa
685 4104 1093 4175 descriptione,
1146 4121 1259 4176 qua
1318 4107 1683 4177 septenarius
1738 4108 1795 4163 in
1856 4108 2039 4163 altum

2153 4110 2247 4172 τῆς
2281 4105 2489 4174 μακρᾶς
2544 4102 2882 4176 συγγραφῆς,
2917 4102 3002 4159 οἷς
3029 4100 3073 4136 ⁶¹
3112 4101 3146 4167 ἡ
3197 4093 3437 4172 ἑϐδομὰς
3479 4100 3756 4175 ὑπερῆρτο
3791 4121 3806 4134 ο

1767 4204 2007 4260 VARl/E
2046 4200 2442 4260 LECTIONES

476 4290 525 4325 ⁵⁸
552 4287 859 4367 ορκομελία
1030 4290 1251 4367 fauit?)
1448 4294 1490 4329 ⁸⁸
1518 4289 1876 4367 ἀνδρογυναία
2036 4293 2124 4367 καὶ
2153 4365 2160 4367 _
2190 4297 2321 4365 post

2376 4294 2577 4364 ζυγῖτις
2612 4289 2743 4364 add.
2768 4357 2777 4364 ι
2805 4286 2989 4364 A._‘7
3021 4288 3115 4341 θεὰ
3305 4287 3377 4322 ⁵⁷⁸
3409 4287 3621 4364 πᾴντως
3689 4296 3733 4344 Α
3795 4306 3809 4344 ε

402 4360 662 4440 ούτυζς.
698 4356 707 4362 ’
740 4361 785 4396 ⁵⁸
818 4360 1010 4434 ἁγελία
1040 4363 1173 4419 libri
1228 4356 1494 4437 ἀκρέωσις
1686 4356 1733 4401 δν
1762 4368 1849 4420 καὶ
1908 4356 2302 4440 πολυφλύάρος
2452 4356 2462 4364 ”
2492 4362 2540 4397 ⁶⁰
2575 4356 2843 4431 Καδμείας
3016 4380 3075 4414 τι
3132 4356 3264 4415 add.
3325 4366 3387 4414 A.
3464 4359 3511 4395 σί
3542 4361 3630 4422 οἷς
3690 4366 3732 4415 Δ
3799 4380 3811 4415 :

398 4432 590 4505 ἦςς-

1999 4535 2213 4591 ΝΟΤᾸΕ

481 4622 617 4700 (10")
653 4621 959 4700 Eustatbio
992 4626 1278 4694 Oceanus,
1310 4629 1368 4682 et
1401 4626 1635 4682 Saturni
1668 4631 1848 4700 pater.
1881 4631 2050 4682 Cons.

405 4703 461 4753 et
492 4694 687 4751 Varini
719 4695 984 4750 Lexicon.

484 4763 1008 4861 (“Ltftinoelétw
1051 4768 1241 4861 Oianm
1271 4768 1450 4861 epith.

480 4837 618 4907 (11‘)
652 4837 1048 4908 Bitempoream
1074 4841 1275 4895 Latina
1307 4842 1491 4896 forma
1518 4840 1697 4897 dicas.

482 4910 865 4985 (12)_tlecates
894 4928 930 4964 a
960 4917 1120 4985 patre
1150 4913 1378 4985 Perseo,
1401 4914 1580 4983 epith.
1615 4914 1768 4985 apud
1794 4913 1979 4970 Valer.

417 4981 709 5055 Flacjrlib.
736 4998 811 5055 vi.
837 4984 1097 5055 efopol.
1132 4984 1234 5037 lib.
1268 5000 1353 5049 ιιι,
1387 4981 1713 5055 etOrpheb.

484 5053 593 5127 (13)
618 5053 795 5120 Quasi
826 5054 1005 5127 vicinia
1026 5054 1274 5125 justz'tz'a,
1309 5062 1365 5109 et
1422 5053 1558 5127 qua!
1583 5057 1653 5111 ad
1690 5073 1925 5113 manum
1957 5059 2052 5114 sit.

485 5126 591 5196 (14)
643 5126 898 5199 Septem‘o
958 5126 1164 5199 Latina
1197 5128 1561 5199 formatione.
1618 5129 1692 5184 De
1734 5130 2054 5199 septenario

416 5195 609 5270 autem
638 5195 1071 5270 multaiquoque
1096 5197 1255 5252 Philo
1288 5199 1526 5270 scripsit
1548 5199 1646 5254 lib.
1684 5201 1754 5256 De
1782 5195 2058 5256 creatione

412 5267 627 5340 mundi,
650 5268 717 5340 in_
732 5267 944 5336 quibus
964 5270 1161 5340 aliqua
1177 5270 1265 5326 his
1285 5267 1705 5327 nonabsimilia
1720 5272 1797 5328 M.
1812 5272 2052 5328 Varroa.

413 5337 813 5415 (hebdomadam
849 5340 977 5415 libri
1012 5337 1452 5415 interciderunt,
1488 5343 1692 5415 quales
1733 5360 1918 5414 nuper
1947 5344 2053 5399 Fa-

416 5409 548 5464 bius
581 5407 860 5465 Paulinus
891 5410 1150 5469 Venetiis
1182 5413 1357 5469 dedit.

486 5480 601 5555 (te)
635 5478 769 5555 ἑπτρι
798 5482 1151 5555 enimvulgo
1177 5484 1448 5542 dicimus.

491 5546 602 5622 (16)
633 5548 693 5604 τὸ
723 5546 774 5622 εξ
808 5546 1091 5623 intelligit:

2235 4626 2346 4695 (17)
2382 4623 2454 4679 Ut
2486 4640 2665 4693 supra
2697 4621 3020 4695 quinarius.

2238 4692 2349 4764 (18)
2384 4697 2531 4766 Lege
2564 4698 2785 4766 Eustat.
2820 4694 2879 4766 in
2912 4697 3078 4749 Hom.
3103 4696 3160 4747 et
3190 4692 3424 4764 Gyrald.
3458 4692 3691 4766 Syntsg.
3728 4710 3813 4763 ιι,

2166 4786 2302 4825 voce
2322 4763 2731 4837 ἇλαλῖιομενηὶς
2774 4763 2997 4833 Ἀθηνᾶ.

2239 4842 2350 4911 (19)
2400 4834 2727 4911 suum“.
2760 4838 2923 4911 Ovid.
2956 4834 3379 4911 inspiciendus,
3408 4850 3558 4911 xxxv
3586 4838 3737 4892 Rau.

2239 4842 2328 4911 (19
2401 4842 2727 4897 Φυλακῖτες.
2760 4842 2923 4892 Ovid.
2956 4842 3379 4907 inspiciendus,
3408 4850 3558 4890 xxxv
3586 4842 3737 4892 Rau.

2238 4842 2352 4983 (20)
2391 4905 2774 4980 ὀϐριμοπάτρη
2796 4908 3079 4964 rationem
3108 4907 3367 4963 nominis
3390 4906 3559 4962 docet
3583 4911 3812 4965 Eustat.

2236 4987 2348 5053 (21)
2380 4982 2609 5051 Gyrald.
2645 4997 2807 5049 supr.

2236 5050 2349 5124 (22)
2378 5050 2535 5118 Quod
2569 5054 2728 5109 omni
2760 5066 3057 5124 armorum
3082 5066 3293 5124 genere
3315 5050 3603 5107 instructa
3630 5055 3810 5108 esset.

2236 5122 2349 5197 (23)
2383 5125 2581 5181 Multis
2612 5142 2645 5180 a
2679 5124 2928 5180 Pausan.
2952 5122 3260 5197 celebrata.

2239 5192 2350 5268 (24)
2382 5197 2671 5268 Semelen,
2706 5200 2865 5268 puto,
2912 5192 3054 5247 vult.

2237 5263 2345 5341 (25)
2379 5263 2720 5341 θηλυποιόνί
2763 5266 2838 5341 ob_
2866 5266 3253 5341 emasculatos
3282 5263 3488 5337 gallos.

2238 5333 2528 5412 (‘26,)Suid.
2560 5338 2610 5393 ἐν
2637 5333 2781 5412 ὄρεσι
2813 5333 3309 5412 ἀναστρεφομένηνῖ

2238 5357 2528 5412 (20)δυια.
2560 5357 2610 5393 εν
2637 5357 2781 5411 ορεσι
2813 5357 3309 5464 αναστρεφοὲενην,

2165 5415 2327 5540 13:57
2330 5419 2346 5481 )
2369 5413 2450 5467 De
2482 5429 2597 5483 qua
2626 5409 2856 5481 copiose
2887 5408 3087 5480 Steph-
3158 5409 3345 5478 igilius
3380 5406 3575 5465 libello
3604 5406 3816 5481 singu.

2189 5502 2292 5541 an.

2238 5554 2351 5626 (28)
2382 5550 2743 5625 Ἦλιτόμηνα.
2776 5549 3065 5608 Bacchum
3099 5550 3338 5623 accipio.
