4198 6216
322 346 435 411 601

1372 347 1914 411 BlBLlOTHECA.
1966 383 2035 396 --
2082 352 2256 412 COD.
2306 350 2693 412 CLXXXVII.

3620 352 3738 414 602

320 478 472 547 πλὴν
518 485 621 547 τῆς
677 474 905 539 ὀκτάδος
963 475 1125 553 ἔγγὺς
1173 476 1534 553 θεολογεῖται.
1587 481 1835 541 Ὠκεανὸς
1875 479 1971 555 γὰρ

2096 482 2344 538 nimium
2392 486 2673 553 quantum
2720 488 2952 539 evectus
3004 483 3228 540 fuerat:
3289 489 3350 541 at
3400 484 3736 556 proximum

296 569 507 630 αὐτοῖς
569 566 706 637 αὕτη
749 566 1084 642 περιῤῥεῖται
1131 569 1200 636 ⁸³,
1232 567 1323 621 καὶ
1382 568 1578 641 ὁρίζων
1618 569 1935 641 νᾶνυμνεῖται
1963 589 1976 603 ·

315 654 627 733 Προμηθέα
664 676 723 711 τε
760 656 929 725 αὐτὴν
980 656 1071 709 καὶ
1105 656 1361 728 ὁμόνοιαν
1393 656 1481 712 καθ
1536 658 1788 733 Περσείαν
1817 661 1862 695 ⁸³
1889 660 1976 713 καὶ

311 748 527 805 ’Ἄλιον
569 745 972 821 ἱερολογοῦσιν,
1022 744 1277 814 ἀνεικίαν,
1320 747 1615 819 ὁμοίωσιν,
1655 750 1977 824 Ἥφαιστον,

312 840 517 913 "Hpav,
552 837 678 899 Διὸς
705 832 948 911 ἀδελφὴν
982 835 1069 889 καὶ
1109 834 1378 905 σύνευνον,
1411 837 1697 913 ἑκάεργου,
1747 843 1975 907 Παιᾶνα,

316 923 628 997 Νυσσηῖδα,
704 926 949 1000 Ἀγυιέα,
1017 922 1322 993 Ἐνυάλιον,
1376 924 1671 999 Ἀγελείαν,
1720 928 1974 1001 Τριτογὲ-

311 1037 487 1085 νειαν,
538 1010 851 1087 Ὁμόνοιαν,
894 1014 1092 1082 Πειθὼ,
1148 1013 1459 1088 Κουρητιδά
1506 1036 1565 1071 τε
1620 1017 1710 1070 καὶ
1771 1018 1971 1090 Κόρην,

315 1107 606 1181 Ὑπερίονα
636 1106 704 1171 ⁸⁴,
736 1102 825 1159 καὶ
855 1107 1087 1159 Μουσῶν
1128 1106 1500 1179 Τερψιχόρην.

2091 571 2295 627 saltem
2346 571 2405 626 in
2455 572 2755 627 divinitate
2802 573 3048 642 gradum
3095 588 3224 628 cum
3270 576 3564 629 octonario
3590 575 3739 630 obti-

2092 666 2206 716 net.
2240 660 2740 715 Circumfundilur
2772 661 2927 716 enim
2958 661 3030 716 ab
3065 662 3209 732 ipsis
3241 667 3522 734 tanquam
3555 663 3735 719 Ocea-

2089 765 2223 816 nus,
2269 754 2446 821 atque
2496 756 2560 805 ut
2604 752 2793 805 visum
2839 750 3050 805 finiens
3100 751 3353 806 circulus
3403 752 3738 823 [Horizonta

2087 838 2267 894 Graeci
2344 840 2573 910 vocant]
2654 838 3001 895 celebratur.
3092 840 3436 896 Promethea
3502 857 3735 912 quoque

2085 927 2278 998 ipsum
2331 928 2573 997 faciunt,
2606 933 2666 983 et
2711 928 3114 983 Concordiam.
3158 929 3478 999 Perseiam,
3518 934 3575 984 et
3625 929 3739 985 So-

2084 1018 2203 1072 lem
2238 1018 2566 1085 indigitant.
2614 1018 2877 1083 Quietem
2927 1033 3162 1089 quoque
3202 1034 3235 1072 a
3285 1018 3446 1083 rixis,
3478 1024 3535 1073 et
3573 1018 3734 1073 simi-

2080 1106 2410 1173 litudinem,
2439 1106 2788 1171 Vulcanum,
2810 1106 3129 1174 Junonem,
3153 1106 3313 1162 Jovis
3345 1109 3537 1164 145a
3566 1124 3732 1163 soro-

316 1212 446 1253 rem
498 1203 556 1252 et
601 1198 928 1264 conjugem,
978 1194 1209 1249 eminus
1258 1201 1597 1267 operantem
1664 1198 1773 1265 (‘29)
1826 1196 2051 1265 Paeana,
2097 1196 2401 1268 Nysseida,
2446 1197 2670 1266 Agyrea
2718 1195 2852 1263 (30),
2896 1194 3204 1265 Enyalium
3254 1196 3391 1266 (31),
3440 1196 3727 1268 Ageliam,

312 1284 743 1357 Tritogeniam,
776 1283 1185 1349 Concordiam,
1213 1283 1493 1355 Suadam,
1526 1284 1875 1353 Curetidem,
1928 1284 2358 1356 Proserpinam,
2409 1287 2465 1340 et
2514 1283 2921 1355 Hyperionem,
2970 1285 3267 1338 Musarum
3301 1284 3552 1355 denique
3590 1285 3731 1340 Ter-

312 1372 555 1443 psichor
565 1387 657 1427 en.

399 1462 461 1518 Ἦ
496 1463 679 1533 μέντοι
720 1456 878 1520 δεκὰς
936 1458 1071 1528 αὕτη
1124 1457 1266 1514 ἐστὶν
1326 1459 1509 1524 αὐτοῖς
1552 1463 1615 1517 τὸ
1671 1468 1797 1533 πᾶν,
1844 1464 1972 1525 Θεὸς

314 1548 582 1625 ὺπέρθεος
620 1550 707 1603 καὶ
760 1549 889 1610 Θεὸς
949 1550 1104 1619 θεῶν,
1137 1548 1218 1605 ὅτι
1265 1548 1391 1605 δέκα
1448 1557 1650 1627 χειρῶν
1697 1552 1787 1607 καὶ
1847 1551 1973 1609 δέκα

312 1636 507 1695 ποδῶν
538 1636 824 1705 δάκτυλοι,
852 1638 945 1692 καὶ
995 1636 1121 1693 δέκα
1163 1640 1509 1714 κατηγορίαι,
1538 1641 1627 1695 καὶ
1672 1645 1768 1695 τοῦ
1798 1641 1971 1720 λόγου

315 1726 450 1783 δέκα
484 1726 624 1802 μὲρη
661 1743 675 1757 ⁶
702 1724 796 1781 ’ίνα
847 1728 950 1801 γὰρ
992 1726 1028 1803 ᾖ
1061 1726 1244 1789 αὐτοῖς
1299 1729 1471 1784 πάντα
1500 1732 1534 1798 ἡ
1596 1729 1770 1801 δεκὰς,
1803 1752 1969 1806 προσ-

312 1818 524 1873 τιθέασι
568 1822 687 1879 τοῖς
716 1820 813 1871 τοῦ
869 1813 1041 1890 λόγου
1073 1819 1195 1890 [241
1232 1819 1325 1891 Η.]
1361 1818 1543 1893 μέρεσι
1600 1821 1972 1895 προσηγορίαν

309 1909 404 1963 καὶ
460 1907 920 1983 παραπλήρωμα.
952 1906 1019 1962 Τί
1057 1904 1139 1961 δεῖ
1198 1906 1375 1982 λέγειν
1410 1909 1485 1971 ὡς
1540 1908 1593 1963 ἐν
1626 1910 1763 1982 αὐτῇ
1817 1930 1969 1985 περι-

308 1991 671 2070 λαμϐάνουσι
719 1996 787 2049 τά
831 2015 889 2049 τε
918 1994 965 2031 ⁸⁸
1009 1998 1196 2068 στερεά
1252 1998 1341 2050 καὶ
1390 1998 1457 2051 τὰ
1514 1996 1762 2067 ἐπίπεδα,
1796 1996 1972 2073 ἄρτια,

316 2085 572 2161 περισσὰ,
606 2084 1014 2161 ἆρτιοπέρισσα,
1047 2084 1230 2140 τέλεια
1260 2086 1329 2154 ⁸⁸,
1351 2090 1543 2161 πρῶτα
1570 2093 1664 2141 καῖ
1692 2087 1975 2158 ἀσῦνθετα,

2157 1461 2440 1517 Denarius
2462 1461 2715 1532 denique
2740 1460 2885 1532 ipsis
2907 1467 2995 1517 est
3014 1462 3371 1528 universum,
3396 1461 3549 1518 Deus
3571 1478 3732 1519 sum-

2083 1567 2235 1619 mus,
2264 1556 2322 1606 et
2368 1551 2607 1606 deorum
2652 1550 2826 1618 Deus,
2876 1552 3025 1622 quod
3078 1566 3355 1607 manuum
3404 1553 3733 1624 pedumque

2082 1642 2279 1697 decem
2313 1641 2435 1696 sint
2464 1639 2655 1711 digiti,
2678 1641 2997 1712 decemque
3020 1640 3108 1713 [ut
3131 1640 3305 1713 logici
3327 1641 3557 1711 vocant]
3593 1659 3731 1712 prae-

2080 1731 2427 1798 dicamenta,
2461 1735 2517 1785 et
2536 1729 2816 1785 orationis
2850 1734 3041 1801 partes
3073 1731 3294 1785 decem.
3329 1730 3541 1785 Omnia
3570 1732 3727 1788 enim

2079 1820 2224 1891 ipsis
2255 1820 2427 1874 decas
2460 1824 2524 1874 ut
2572 1819 2669 1883 sit,
2714 1818 3127 1875 allocutionem
3177 1820 3403 1875 celeris
3446 1820 3727 1875 orationis

2078 1909 2343 1981 partibus
2373 1913 2678 1980 apponunt
2715 1912 2774 1963 et
2808 1908 3302 1979 supplementum.
3336 1908 3485 1974 Quid
3518 1908 3727 1965 attinet

2072 1998 2287 2065 dicere,
2338 1996 2647 2069 complecti
2695 1995 2829 2051 illos
2888 1996 2982 2051 hic
3027 1996 3235 2065 solida,
3290 1997 3484 2067 plana,
3538 1998 3720 2067 paria,

2069 2086 2337 2159 imparia,
2372 2086 2584 2156 pariter
2612 2086 2881 2158 imparia,
2907 2086 3178 2158 perfecta,
3204 2085 3391 2157 prima
3412 2095 3464 2141 et
3490 2087 3727 2158 simpli-

315 2173 552 2245 ἲσότητα
581 2176 671 2229 καὶ
704 2174 1019 2243 ἀνισότητα,
1048 2174 1145 2236 τὰς
1177 2171 1305 2229 δέκα
1336 2177 1571 2251 σχέσεις,
1602 2179 1669 2231 τὰ
1702 2178 1961 2251 σφαιρικὰ

2082 2177 2177 2240 :ia,
2212 2175 2482 2248 aequalia,
2516 2174 2844 2247 inmqualia,
2878 2176 3073 2230 decem
3120 2176 3283 2246 ipsas
3325 2175 3725 2243 habitudines,

313 2266 384 2320 τά
412 2263 669 2331 κυκλικᾶ,
699 2263 1020 2339 γεννητικὰ,
1068 2262 1372 2335 τελεπικᾶ,
1405 2264 1717 2341 ἰναρμόνια,
1759 2269 1824 2321 τὰ
1863 2288 1974 2323 τοι-

318 2357 496 2423 αὖτα;
528 2352 656 2409 ἀλλ’
688 2352 837 2415 ὅπως
870 2352 1053 2415 αὐτοῖς
1086 2354 1296 2428 κόσμος
1326 2357 1360 2424 ἡ
1394 2352 1552 2417 δεκὰς
1590 2357 1678 2411 καὶ
1728 2357 1974 2430 οὐρανὸς,

322 2443 657 2517 εἱμαρμένη,
711 2442 869 2511 αίὼν,
909 2443 1127 2516 κρᾶτος,
1178 2444 1383 2514 πίστις,
1432 2444 1666 2516 ἀνάλκη,
1702 2449 1826 2519 [468
1885 2450 1972 2521 [1.]

319 2531 558 2601 νΑτλας,
589 2531 803 2604 ἀκάμας
835 2532 975 2602 θεὸς,
1010 2532 1220 2603 Φάνης,
1261 2531 1479 2603 ’Ἡλιος,
1513 2535 1767 2609 Οὐρανία,
1818 2538 1973 2607 Μνή-

322 2622 779 2695 μη,Μνημοσύνη
810 2638 823 2688 ;
872 2623 963 2676 καὶ
994 2622 1169 2677 πάντα
1214 2620 1275 2677 ἂν
1305 2623 1461 2695 οἶμαι
1491 2624 1558 2677 τὰ
1605 2624 1978 2699 προειρημένα

315 2715 431 2765 τῶν
487 2710 621 2764 θεῶν
650 2709 825 2765 αὐτῶν
888 2709 1136 2782 ὀνόματα
1164 2714 1233 2784 τῇ
1285 2708 1469 2766 δεκάδι
1511 2714 1783 2786 ἀνήψαντο
1823 2712 1903 2784 ἂν,
1932 2714 1977 2769 εἰ

320 2800 403 2873 μὴ
455 2792 828 2874 προλαϐόντες
858 2798 905 2837 ⁸⁷
959 2796 1154 2854 ἰκτῖνοι
1192 2800 1360 2855 ταῦτα
1420 2798 1832 2873 ίδιοποιήσαντο
1889 2802 1979 2857 καὶ

311 2892 562 2961 συνεχῶς
601 2888 668 2942 τὰ
697 2887 830 2943 αὐτᾶ
857 2888 996 2943 κατᾶ
1042 2889 1260 2943 πάντων
1291 2886 1466 2965 λέγειν
1516 2891 1663 2946 οὗτοι
1705 2892 1971 2962 ἀπώκνη-

308 2998 430 3044 σαν,
472 2976 586 3032 ἐπεὶ
620 2976 879 3051 ὑπέρθεός
926 2998 990 3053 γε
1026 2979 1213 3041 αὐτοῖς
1244 2982 1279 3049 ἡ
1330 2977 1509 3041 δεκὰς.
1540 2981 1631 3035 καὶ
1662 2981 1725 3037 τὸ
1768 2982 1967 3055 κράτος

310 3073 416 3137 τῆς
464 3066 517 3121 ἰν
570 3067 824 3141 ἀριθμοῖς
878 3062 1081 3142 ἔχουσα
1136 3068 1412 3140 θεότητος.
1452 3071 1558 3134 Διά
1613 3074 1774 3126 τοῦτο
1813 3078 1971 3126 Νικο-

2070 2266 2375 2335 ερὴωτίοα,
2435 2264 2768 2330 circularia,
2812 2264 2884 2318 ad
2930 2263 3231 2334 genituras
3292 2268 3467 2333 atque
3532 2263 3723 2317 imita-

2071 2357 2260 2411 tiones
2310 2355 2655 2425 spectantia,
2706 2358 2765 2409 et
2810 2353 2900 2409 his
2948 2353 3395 2409 consentientia.
3434 2351 3503 2407 Ut
3532 2351 3728 2407 itidem

2074 2445 2219 2516 ipsis
2251 2444 2424 2500 decas
2457 2444 2536 2499 sit
2566 2444 2842 2512 mundus,
2875 2442 3107 2510 cmlum,
3145 2443 3349 2509 fatum,
3380 2459 3589 2506 arvum,
3623 2459 3723 2512 po-

2074 2535 2281 2603 tentia,
2305 2534 2471 2603 fides,
2497 2535 2834 2599 necessitas,
2856 2533 3039 2599 Atlas,
3069 2532 3401 2587 indefessus
3422 2532 3567 2587 deus
3587 2532 3723 2602 (32),

2076 2624 2323 2693 Phanas,
2374 2622 2491 2691 Sol,
2553 2622 2788 2690 Urania,
2847 2621 3149 2685 Memoria,
3208 2620 3603 2688 Mnemosyne.
3658 2621 3723 2674 Et

2074 2729 2208 2769 vero
2240 2712 2461 2777 omnia,
2493 2711 2720 2782 Opinor,
2768 2709 3041 2781 praedicta
3077 2709 3320 2764 deorum
3355 2709 3592 2764 nomina
3621 2708 3725 2762 de-

2074 2803 2201 2858 cadi
2233 2800 2667 2857 attribuissent:
2714 2800 2825 2855 nisi
2873 2798 2965 2853 his
3010 2797 3154 2868 ipsis
3196 2801 3368 2852 antea
3399 2786 3721 2867 occupatis,

2079 2892 2312 2964 propria
2338 2891 2455 2960 jam
2487 2889 2587 2944 illa
2616 2888 2747 2943 aliis
2791 2887 3083 2955 fecissent,
3126 2888 3183 2941 et
3222 2885 3593 2941 continenter
3631 2902 3725 2938 ea-

2079 2982 2210 3035 dem
2261 2980 2333 3034 de
2381 2976 2627 3048 singulis
2688 2978 2879 3032 dicere
2928 2973 3228 3046 piguisset.
3278 2974 3521 3037 Quando
3570 2973 3725 3028 enim

2078 3069 2401 3142 superdeus
2432 3068 2545 3140 (33)
2586 3066 2774 3138 ipsius
2801 3065 3080 3121 denarius
3118 3072 3226 3128 est,
3256 3063 3349 3133 qui
3382 3062 3557 3119 etiam
3589 3079 3713 3119 om—

316 3152 491 3231 μάχῳ
518 3158 613 3208 καῖ
658 3154 1021 3230 πολύστιχος,
1065 3157 1093 3211 ὁ
1142 3157 1266 3231 περὶ
1316 3157 1483 3229 αὐτὴν
1533 3160 1717 3221 πόνος.
1751 3158 1819 3216 Εἴ
1864 3160 1970 3234 γάρ

2082 3174 2210 3216 nem
2244 3158 2373 3229 ejus
2403 3156 2729 3211 divinitatis
2761 3155 2901 3221 vim,
2941 3169 3073 3225 quae
3100 3152 3161 3207 in
3207 3151 3469 3208 numeris
3498 3152 3725 3207 inveni-

306 3224 643 3314 {afﬁne
671 3242 721 3279 ⁸⁸
753 3224 1272 3323 μακρο-στιχώτερος
1306 3244 1336 3299 ὅ
1373 3224 1564 3316 τεητῆς
1598 3245 1832 3321 μονάδος
1871 3224 1958 3303 καί

2082 3255 2191 3316 tur,
2223 3224 2521 3304 obtineat:
2569 3249 2873 3316 propterea
2912 3224 3149 3315 quoque
3180 3241 3348 3297 fusus
3380 3241 3522 3296 adeo
3552 3240 3725 3295 Nico-

308 3325 647 3401 δεδομάδος,
704 3330 832 3386 ἀλλ’
885 3332 911 3385 ὁ
968 3333 1063 3406 μὶν
1113 3340 1214 3403 τῆς
1276 3333 1533 3407 μονάδος,
1567 3336 1649 3391 ὅτι
1698 3336 1788 3391 καί
1836 3337 1960 3411 περὶ

307 3423 425 3474 τῶν
454 3420 578 3489 ἑξῆς
618 3418 866 3493 ἀριθμῶν
907 3421 1007 3477 οὐκ
1046 3420 1211 3497 ὀλίγα
1250 3421 1583 3504 διεξέρχεται
1632 3426 1720 3481 καὶ
1769 3446 1962 3498 προοι-

314 3510 473 3596 μίοις
506 3508 848 3567 πλατύνεται.
884 3512 1035 3582 Πλὴν
1070 3513 1120 3567 ἐν
1161 3517 1207 3553 ⁸ο
1230 3513 1434 3596 ἀμφοῖν
1485 3515 1670 3572 πολλα
1700 3518 1785 3572 καὶ
1838 3518 1961 3592 περὶ

308 3605 415 3668 τῆς
448 3594 671 3661 δεκάδος
720 3599 1127 3681 ἐμφιλοχωρεῖ,
1163 3594 1342 3676 ὥσπερ
1392 3607 1479 3660 καὶ
1520 3606 1574 3661 ἰν
1601 3611 1679 3679 τῷ
1709 3606 1832 3681 περὶ
1864 3614 1964 3677 τῆς

306 3684 578 3750 πεντάδος
613 3687 767 3766 λόγῳ
804 3696 1003 3767 μικροῦ
1050 3693 1186 3767 πρὸς
1214 3694 1307 3749 τὸν
1337 3702 1438 3764 τῆς
1487 3690 1791 3769 ἑϐδομάδος
1823 3716 1963 3771 παρ-

312 3796 433 3831 ισου
442 3777 589 3850 μένῳ
619 3778 753 3832 κατᾶ
786 3786 985 3851 μῆκος.

2074 3338 2316 3393 machus
2346 3336 2406 3390 in
2439 3335 2548 3390 hoc
2576 3332 2959 3389 describenda
2990 3346 3119 3387 esse
3144 3329 3349 3393 voluit,
3382 3346 3719 3401 quanquam

2073 3426 2260 3483 multo
2287 3425 2481 3481 adhuc
2512 3422 2740 3494 longior
2769 3422 2845 3477 sit
2874 3422 2934 3476 iu
2973 3422 3214 3475 monade
3243 3422 3419 3490 atque
3447 3423 3687 3490 septena
3711 3449 3726 3459 -

2075 3516 2179 3573 rio.
2214 3516 2423 3571 Verum
2458 3515 2514 3571 id
2550 3516 2628 3569 ita
2651 3512 2711 3570 in
2743 3512 2994 3568 monade
3025 3510 3259 3578 accidit,
3298 3509 3455 3581 quod
3487 3510 3555 3563 de
3584 3508 3721 3563 reli.

2076 3608 2209 3680 quis
2240 3606 2378 3661 item
2413 3604 2674 3660 numeris
2695 3619 2811 3658 non
2835 3602 3065 3657 modica
3086 3599 3166 3654 ibi
3187 3600 3468 3670 disputat,
3502 3605 3555 3654 et
3577 3615 3719 3667 prae-

2078 3696 2396 3752 fationibus
2428 3694 2667 3765 insuper
2704 3690 3053 3747 extenditur.
3091 3687 3194 3745 Ubi
3235 3694 3291 3743 et
3321 3686 3430 3743 hoc
3459 3687 3721 3751 observo,

2077 3784 2357 3841 libentius
2383 3799 2517 3839 eum
2541 3781 2797 3838 sermoni
2831 3782 2899 3835 de
2930 3778 3170 3844 decade,
3203 3776 3342 3830 dum
3378 3775 3447 3829 de
3478 3779 3726 3845 utroque

309 3867 419 3923 illo
468 3883 712 3925 numero
762 3869 1048 3942 disputat,
1099 3872 1421 3930 inhaerere:
1476 3876 1626 3948 quod
1679 3877 1831 3933 idem
1886 3876 1951 3933 in
2000 3874 2270 3948 quinario
2320 3872 2477 3938 facit,
2528 3872 2598 3927 de
2647 3886 2759 3941 quo
2809 3883 2971 3940 eque
3018 3882 3163 3938 pene
3208 3862 3415 3919 multis
3448 3867 3625 3934 atque
3657 3863 3736 3917 de

318 3958 652 4029 septenario
684 3959 944 4016 disserit.

392 4042 571 4101 Ἀλλὰ
601 4047 707 4121 γάρ
753 4048 889 4117 αὕτη
921 4068 1028 4118 σοι,
1060 4048 1106 4103 ὦ
1153 4049 1381 4128 φίλτατε
1428 4050 1698 4131 ἀδελφῶν,
1735 4054 1825 4110 καὶ
1857 4057 1966 4109 τῶν

321 4134 649 4210 Νικομάχου
680 4134 929 4211 ἀριθμῶν
962 4138 1036 4200 ὡς
1064 4136 1118 4193 ἐν
1148 4141 1427 4220 κεφαλαίῳ
1458 4144 1493 4211 ἡ
1546 4141 1971 4219 πολυθρύλητος

317 4224 410 4279 καὶ
455 4222 771 4300 δυσεύρετος
810 4227 1090 4304 θεολογία,
1138 4229 1199 4284 οὐ
1247 4234 1351 4304 (μὰ
1397 4234 1497 4302 τὴν
1526 4236 1569 4270 ⁷ο
1614 4233 1766 4306 ὑμῶν
1810 4233 1969 4310 ἂρχί-

317 4334 466 4369 νοιαν
498 4316 591 4369 καὶ
636 4315 980 4393 φιλοπονίαν)
1034 4316 1125 4375 διὰ
1150 4321 1212 4375 τὸ
1243 4320 1295 4376 ἐν
1357 4321 1492 4397 αὐτῇ
1525 4318 1860 4396 δυσέμὸατόν
1916 4344 1974 4379 τε

315 4401 403 4455 καὶ
439 4398 897 4473 δυσκατάληπτον
941 4410 1141 4481 μικροῦ
1188 4412 1294 4463 τῶν
1344 4408 1642 4481 ἀνθρώπων
1692 4410 1977 4485 ἀνακεχω-

319 4496 543 4563 ρηκυῖα,
591 4488 707 4546 ἐπεὶ
755 4498 844 4547 νῦν
878 4495 947 4549 τά
986 4515 1045 4550 τε
1102 4498 1449 4573 γεωμετρικά
1496 4498 1585 4554 καὶ
1634 4498 1974 4573 ἀριθμητικᾶ

316 4580 401 4634 καὶ
443 4578 627 4635 τᾶλλα
656 4585 765 4636 τῶν
798 4584 1159 4656 μαθημάτων,
1192 4586 1267 4647 ὡς
1316 4586 1406 4642 καὶ
1448 4588 1510 4641 σὺ
1561 4590 1967 4659 συνεπίστασαι,

314 4666 527 4723 πολλοὶ
564 4672 673 4724 τῶν
702 4672 850 4744 ἡμᾶς
909 4668 1224 4746 ἐγνωκότων
1279 4675 1380 4731 οὐκ
1409 4673 1633 4732 ἔλαττον
1673 4678 1825 4752 οἶμαι
1871 4680 1969 4733 τοῦ

312 4754 511 4820 παιδὸς
561 4758 821 4833 Ἑρμείου
879 4759 1054 4836 (οἶδας
1112 4764 1155 4800 τί
1214 4766 1426 4828 πάντως
1474 4766 1575 4836 τὴς
1633 4766 1754 4841 περί
1805 4770 1970 4821 ταῦτα

315 4843 600 4919 δεξιότητα
656 4853 753 4904 τοῦ
807 4851 1157 4926 ’Δμμωνίου)
1218 4850 1581 4931 διακριϐοῦσι,
1648 4856 1738 4911 καὶ
1814 4853 1967 4911 οὐδὲν

2150 4054 2232 4109 En
2281 4051 2408 4116 tibi,
2460 4047 2807 4107 charissima
2852 4047 3051 4114 frater,
3104 4059 3206 4116 per
3252 4058 3488 4099 summa
3537 4040 3731 4110 capita

2080 4142 2429 4201 recensitam
2486 4138 2823 4213 Nicomachi
2887 4135 3050 4190 illam
3102 4132 3408 4202 celebrem,
3471 4137 3733 4202 repertu-

2082 4249 2195 4305 que
2223 4230 2521 4287 difﬁcilem
2553 4229 2612 4283 in
2645 4226 2907 4282 numeris
2945 4222 3322 4296 theologiam,
3369 4237 3496 4293 qua:
3538 4224 3733 4274 tamen

2083 4321 2277 4378 hercle
2306 4321 2379 4377 ob
2410 4320 2710 4374 inaccessa
2759 4330 2907 4388 pene
2952 4329 3082 4379 sua,
3132 4313 3540 4383 praeceptuque
3583 4306 3734 4362 difﬁ-

2085 4410 2219 4467 cilia
2249 4425 2444 4475 sensa,
2491 4420 2854 4478 nequaquam
2913 4402 3215 4476 perspicax
3262 4403 3526 4455 vestrum
3569 4396 3733 4468 inge-

2084 4500 2248 4555 nium
2280 4503 2455 4570 atque
2486 4495 2847 4568 diligentiam
2890 4498 3049 4548 extra
3082 4490 3399 4545 humanam
3436 4502 3736 4558 propemo-

2082 4591 2221 4646 dum
2256 4587 2646 4645 conditionem
2671 4590 2973 4642 removere
2998 4579 3224 4653 potuit:
3257 4574 3734 4650 quandoquidem

2076 4680 2195 4751 jam
2254 4676 2629 4749 geometrica,
2676 4670 3067 4736 arithmetica,
3111 4672 3466 4737 ceterasque
3505 4662 3736 4719 mathe-

2082 4768 2323 4823 maticas
2370 4764 2708 4835 disciplinas
2756 4763 2842 4830 (ut
2887 4765 2945 4815 et
2988 4766 3045 4813 tu
3087 4757 3224 4825 scis)
3267 4755 3525 4825 plerique
3564 4752 3733 4807 nobis

2080 4873 2195 4911 non
2245 4855 2424 4927 ignoti
2476 4851 2657 4909 nihilo
2716 4846 3126 4923 negligentius,
3176 4844 3404 4916 opinor,
3453 4846 3731 4906 tractant,

1688 4955 1916 5013 VARIE
1957 4953 2368 5013 LECTIONES.

386 5043 435 5078 σε
462 5049 763 5128 ,ειριριὲαι
942 5048 1314 5128 πιρξερῥεῖτς,
1458 5054 1727 5128 Ροειεεεφ
1783 5054 2098 5128 legendum
2157 5048 2404 5128 περιῤῥεξί
2431 5070 2510 5128 τε,
2533 5122 2548 5128 Α
2587 5049 2634 5085 ea
2668 5047 2894 5128 Πιερίαν
2937 5050 3019 5128 Α.
3095 5044 3142 5079 οι
3160 5037 3451 5128 Iurat-ova
3473 5042 3623 5128 Α..)
3645 5032 3734 5128 καὶ

316 5114 722 5209 nervias.
755 5121 843 5209 ..οι
871 5114 1108 5209 τινας·
1131 5114 1210 5209 λυ.
1270 5124 1317 5209 το
1350 5114 1481 5209 ἐρα

316 5125 610 5190 Ὑπερίονα
798 5125 843 5157 ⁸⁵
871 5140 929 5176 τι
961 5125 1106 5181 add.
1131 5128 1194 5179 Δ.
1270 5125 1317 5161 ⁸⁸
1350 5125 1481 5181 τέλα
1628 5125 1719 5179 καὶ
1751 5125 1885 5183 ante
1917 5125 2053 5185 ἄνις.
2088 5129 2145 5179 et
2174 5141 2308 5179 mox
2335 5125 2402 5177 τὰ
2439 5125 2575 5181 add.
2608 5128 2702 5208 Ac,
2747 5125 2793 5156 ⁵⁷
2823 5139 2862 5172 π
2902 5138 2925 5171 ο

311 5184 343 5241 δ
382 5206 441 5241 τε
470 5192 549 5245 A:
599 5189 720 5244 οὒτε
910 5192 957 5229 ⁶⁹
986 5192 1039 5248 ἐν
1067 5201 1109 5250 Α
1142 5211 1156 5251 :
1189 5193 1244 5249 ’ἐν
1278 5194 1330 5251 ἐν
1552 5198 1575 5233 ⁰
1604 5196 1667 5251 οὐ
1700 5197 1775 5269 μὰ
1804 5197 1927 5268 τήν]
1960 5196 1995 5264 ἡ
2032 5195 2107 5267 μᾶ
2129 5201 2228 5263 τῆν
2258 5211 2409 5252 οοιῬο
2445 5200 2507 5248 Α·
2542 5191 2603 5247 οὐ
2634 5209 2809 5265 ματην

1751 5105 2145 5185 αἷᾶἷᾶνῖξῗὲι
2174 5105 2402 5179 ’τὰ
2439 5122 2575 5181 add.
2608 5128 2670 5176 A.
2744 5105 2794 5156 ³⁵⁷
2823 5112 3238 5187 προϐάντες-ς.
3301 5105 3357 5187 1⁸⁸
3397 5105 3626 5187 πολλῶν
3670 5114 3733 5160 Α.

3001 5189 3045 5225 τί
3080 5178 3228 5245 οίδᾶς
3259 5181 3363 5257 γὰρ
3395 5200 3455 5235 π.

1908 5296 2143 5353 NOTAE.

382 5378 493 5456 (23)
524 5377 847 5456 Ἑκάεργον,
882 5382 939 5456 id
972 5388 1084 5456 est.
1117 5385 1468 5456 Apollinem.

288 5506 328 5534 -_
384 5450 505 5534 (30)_
530 5450 821 5534 Appllinjs
850 5450 1353 5534 epitheton-apud
1396 5460 1644 5534 μιαροὶ).
1679 5459 1780 5515 lib.
1816 5476 1834 5515 ι
1864 5459 1967 5515 Sa-

307 5521 999 5604 tufgql.‘_y_ida_Pa_us'ap_.
1033 5533 1091 5583 et
1121 5521 1354 5604 Gyrald.
1390 5531 1630 5604 Syntag.
1662 5548 1759 5588 vn.

389 5592 499 5673 (ξε)
531 5592 772 5673 Vidua.
808 5598 891 5655 St.
926 5592 1192 5673 Thamar:
1227 5592 1450 5673 linguai
1467 5592 1645 5673 Orio.

392 5663 503 5731 (32)
561 5664 806 5738 Ἀκάμας
877 5670 1028 5731 Θεός.
1095 5663 1398 5738 Ωιιοωοᾞο
1457 5672 1742 5747 ἀκάμαντα
1805 5672 1966 5742 ἥλιον

2083 5402 2197 5441 non
2231 5384 2407 5439 semel
2440 5382 2587 5438 dixit
2617 5381 2927 5437 Homerus.

2155 5459 2267 5526 (33)
2298 5454 2602 5528 Ὑπερίδης.
2633 5450 3165 5528 Quemadmodum
3222 5444 3308 5528 ὑφ’⁹
3338 5440 3392 5497 ’ἐν
3425 5441 3733 5528 legendum

2081 5515 2277 5585 censet
2333 5515 2571 5585 Servius
2630 5515 2775 5582 illud
2827 5522 2986 5596 Virg.
3052 5515 3424 5591 semperdeus,
3473 5515 3738 5587 aliasque

2080 5599 2199 5657 alii.
