4198 6216
459 331 591 391 ’603

1671 337 1936 398 ΡΗΟΤΙΙ
1979 332 2518 396 ΡΑἹῊΙΑΒΟΗΕ
2559 334 2675 395 ΟΡ.

3757 327 3882 389 604

475 485 651 542 quam
676 471 951 527 Hermeise
982 472 1318 544 [quondam]
1344 472 1497 526 [ilius
1520 475 1734 544 (neque
1755 471 1911 526 enim
1945 471 2107 541 igno-

2238 466 2419 527 ιύτοὺς
2480 464 2638 520 λάθοι
2690 463 2750 519 ἃν
2806 471 2916 520 τῶν
2955 462 3354 540 θεωρημάτων,
3386 463 3421 518 ἃ
3475 466 3885 518 συνεπεισκυλεῖ

473 577 570 616 ras
601 560 891 614 Ammonii
913 561 970 614 in
1003 560 1092 614 his
1115 560 1336 614 artibus
1359 561 1784 628 dexteritatem)
1811 577 1825 627 ;
1859 559 2027 632 plane
2049 563 2112 614 ut

2238 555 2547 628 νικόμαχος
2601 558 2679 626 τῷ
2731 555 2854 628 περῖ
2907 555 3150 628 ἀριθμῶν
3212 554 3384 626 πόνῳ.
3435 551 3616 609 Ἀλλὰ
3665 551 3882 618 πόθεν;

473 648 701 703 nullum
752 649 908 718 ipsos
955 648 1132 703 latere
1185 649 1365 711 possit
1410 666 1609 705 eorum
1656 649 2108 714 theorematum,

471 752 597 806 qua:
630 752 1007 791 numerorum
1042 736 1176 792 huic
1205 738 1399 793 studio
1419 737 1803 794 Nicomachus
1825 737 2106 792 innexuit.

472 823 660 881 1451)
713 822 926 878 Verum
988 828 1144 880 unde
1207 826 1328 882 haec
1392 827 1774 882 defecerunt?
1841 827 2109 895 Tempus,

2218 642 2529 700 Ἐσπάνισεν
2587 644 2614 697 ὁ
2674 642 2897 717 χρόνος,
2958 642 3138 716 οἶμαι,
3196 640 3284 696 καὶ
3344 640 3406 695 τὸ
3470 642 3545 712 μή
3607 638 3882 717 φείδεσθαι

2216 737 2325 789 τῶν
2383 733 2678 807 χρησίμων
2720 731 2779 786 ἐκ
2836 735 2933 786 τοῦ
2987 732 3155 805 ῥᾷστα
3211 731 3276 785 τὰ
3333 728 3589 805 ἄχρηστα
3647 730 3884 806 φθείρειν

2219 822 2338 885 ἔθος
2379 819 2542 878 ἔλαϐε
2586 822 2724 896 μέγα
2762 823 2854 875 καὶ
2905 819 3124 895 ἄμαχον
3183 821 3402 893 κράτος,
3457 820 3547 874 καὶ
3602 816 3882 890 ἐκέρδανεν

469 913 693 984 Opinor,
726 921 779 968 et
811 914 963 985 quod
1000 931 1069 969 ne
1103 915 1345 971 utilibus
1377 915 1613 987 quidem
1649 924 1935 987 parcatur,
1976 915 2110 970 dum

2238 911 2280 966 iv
2309 914 2398 967 καί
2440 915 2474 981 ἡ
2507 912 2837 986 Νικομάχου
2870 908 3079 979 σπουδή
3134 911 3196 965 τὸ
3231 911 3364 983 μετὰ
3403 909 3632 964 πολλῶν
3679 908 3886 986 χρησί-

469 1002 707 1056 inutilia
755 1018 998 1074 quaeque
1049 1004 1318 1061 facillime
1375 1005 1813 1073 labefactentur,
1859 1003 2109 1060 validam

2223 1024 2340 1074 μων
2396 1006 2591 1076 μικροῦ
2631 1001 2947 1074 νομίζεσθαι
3006 997 3348 1073 διεφθάρθαι.
3401 996 3561 1054 Ἀλλ’
3617 998 3729 1053 ἔστι
3789 997 3884 1052 καὶ

466 1090 683 1146 invexit
704 1093 1185 1148 consuetudinem
1218 1093 1610 1166 invictamque
1636 1096 1775 1160 vim,
1809 1111 1909 1165 per
1939 1110 2111 1165 quam

2238 1093 2534 1166 πράττεται,
2579 1090 2677 1145 οὐκ
2726 1090 2922 1165 ὀλίγην
2955 1087 3132 1158 δόξαν,
3166 1090 3242 1152 ὡς
3287 1089 3415 1163 ὁρᾷς
3462 1088 3552 1142 καὶ
3594 1085 3714 1142 οἶδα
3759 1082 3884 1160 ὄψει

467 1181 643 1237 etiam
678 1181 733 1234 id
766 1181 1057 1238 commodi
1102 1185 1389 1255 acceperit
1435 1183 1580 1239 illud
1613 1183 1950 1239 Nicomachi
1989 1188 2111 1238 stu-

2221 1181 2569 1259 σαφέστερον,
2612 1178 3037 1253 ἀποκειραμένη.

466 1269 652 1334 dium,
712 1271 866 1340 quod
927 1286 1072 1342 pene
1124 1287 1257 1328 cum
1317 1272 1516 1328 multis
1574 1272 1808 1328 utilibus
1865 1275 2203 1328 censeretur
2260 1271 2522 1343 periisse.
2574 1273 2918 1341 Quanquam
2996 1269 3286 1340 hodieque
3345 1272 3646 1324 attonsum
3705 1271 3887 1340 atque

466 1360 726 1415 accisum
795 1365 857 1416 ut
921 1366 1029 1428 est,
1091 1379 1207 1418 non
1263 1364 1526 1436 exigeam
1582 1363 2098 1435 (quemadmodum
2129 1369 2183 1417 et
2233 1363 2406 1417 modo
2453 1361 2637 1430 vides,
2689 1366 2746 1416 et
2795 1364 2922 1430 post
2952 1359 3154 1426 etiam,
3209 1359 3350 1426 scio,
3383 1357 3600 1413 clarius
3632 1357 3889 1424 videbis)

472 1448 722 1520 gloriam
757 1450 926 1522 parit.

1121 1541 1478 1598 CLXXXVIII

467 1629 791 1704 Alexandri
839 1631 1272 1687 Admirabilium
1332 1633 1625 1704 Collectio,
1678 1637 1734 1687 et
1791 1636 2119 1704 Protagorae

755 1701 1074 1760 Geometriae
1110 1706 1364 1760 universi
1392 1705 1538 1760 orbis
1583 1703 1717 1759 libri
1754 1720 1830 1759 vx.

544 1791 716 1846 Lecta
747 1799 832 1847 est
865 1791 1305 1848 Admirabilium
1345 1792 1660 1849 Alexandri
1692 1793 1804 1865 (34)
1837 1791 2116 1847 Collectio.

471 1880 580 1945 Qui
621 1880 804 1935 multa
834 1881 1066 1951 quidem
1120 1883 1449 1955 prodigiosa
1491 1882 1598 1938 hoc
1630 1881 1918 1938 volumine
1949 1886 2120 1952 atque

474 1969 840 2024 incredibilia
872 1978 1308 2039 commemorat,
1344 1974 1445 2028 sed
1477 1972 1618 2028 alios
1650 1988 1766 2026 non
1798 1971 2119 2026 incelebres

476 2059 672 2115 laudat
704 2068 989 2129 auctores,
1024 2062 1121 2130 qui
1145 2062 1347 2117 eadem
1372 2064 1532 2132 prius
1563 2061 1878 2117 narrarint.
1911 2060 2122 2116 Scribit

481 2151 674 2202 autem
723 2148 796 2202 de
843 2148 1218 2217 animalibus,
1269 2150 1340 2205 de
1389 2149 1626 2219 plantis,
1674 2152 1743 2205 de
1787 2149 2122 2220 regionibus

480 2236 802 2302 nonnullis,
819 2239 890 2292 de
912 2238 1274 2304 ﬂuminibus,
1291 2240 1360 2295 de
1379 2239 1931 2304 iontibusetherhis,
1949 2244 2122 2310 atque

478 2325 532 2382 id
565 2341 750 2396 genus
781 2326 931 2382 aliis.
965 2327 1130 2383 Clara
1158 2330 1287 2399 ejus
1317 2334 1402 2384 est
1432 2329 1630 2396 dictio,
1660 2329 2123 2400 summatimque

479 2430 613 2469 cum
648 2422 864 2480 narret,
901 2434 1016 2473 non
1047 2417 1284 2473 omnino
1325 2419 1723 2488 jucunditatis
1767 2434 1968 2489 expers
2010 2422 2119 2474 est.

554 2505 616 2559 In
652 2505 756 2559 hoc
785 2506 987 2560 eodem
1034 2507 1329 2563 volumine
1373 2508 1695 2578 Protagora
1729 2525 1962 2580 quoque
1999 2506 2124 2563 Geo-

474 2593 717 2658 metriae,
746 2609 871 2664 quae
907 2596 1166 2652 Universi
1193 2596 1345 2651 orbis
1375 2597 1609 2652 titulum
1643 2613 1754 2666 pra:
1786 2612 1847 2652 se
1879 2597 2121 2665 ferebat,

475 2680 606 2737 libri
639 2699 740 2738 sex
782 2686 1247 2740 continebantur.
1294 2686 1512 2742 Horum
1545 2687 1823 2758 quinque,
1857 2686 1966 2741 etsi
2007 2703 2122 2741 non

475 2773 821 2838 studiosam,
887 2789 1074 2846 neque
1135 2778 1220 2843 (ut
1282 2781 1481 2847 postea
1544 2776 1702 2846 fecit)
1759 2780 2114 2841 accuratam,

2971 1539 3144 1594 PUH'.

2232 1624 2597 1700 Ἀλεξάνδρου
2679 1625 3001 1700 Θαυμασίων
3080 1628 3406 1700 Συναγωγή,
3455 1625 3573 1700 Δκαὶ
3642 1630 3892 1700 -ῌρωτα-

2369 1694 2538 1775 γόρου
2581 1694 2924 1773 Γεωμετρίας
2961 1705 3064 1766 τῆς
3094 1694 3424 1770 οἰκουμένης
3455 1694 3614 1772 λόγοι
3641 1694 3720 1767 ἓξξ

2301 1789 2637 1862 Ἀνεγνώσοη
2716 1785 3080 1861 Ἀλεξάνδρου
3148 1787 3473 1859 Θαυμασίων
3555 1787 3883 1861 Συναγωγή.

2230 1878 2387 1952 Λέγει
2424 1878 2518 1948 μὲν
2562 1877 2614 1931 ἐν
2643 1880 2722 1948 τῷ
2758 1871 2964 1950 βιϐλίῳ
2994 1874 3181 1931 πολλὰ
3207 1873 3487 1948 τερατώδη
3519 1875 3611 1930 καὶ
3661 1874 3883 1943 ἄπιστα,

2229 1966 2377 2036 πλὴν
2418 1965 2624 2027 ἄλλους
2680 1971 2788 2020 τῶν
2850 1965 2949 2021 οὐκ
2999 1964 3215 2042 ἀφανῶν
3277 1964 3483 2041 εἰσάγει
3521 1969 3694 2020 ταῦτα
3749 1984 3888 2038 προ⁹

2228 2057 2640 2130 ϊστορήσαντας.
2673 2053 2832 2130 Λέγει
2873 2051 2931 2109 δὲ
2988 2054 3112 2129 περὶ
3141 2075 3199 2108 τε
3230 2055 3383 2124 ζώων
3435 2054 3527 2108 καὶ
3557 2058 3737 2130 φυτῶν
3793 2051 3891 2107 καὶ

2232 2151 2433 2223 χωρῶν
2465 2167 2624 2201 τινων
2656 2145 2746 2200 καὶ
2776 2145 2824 2181 ⁷³
2855 2149 3140 2217 ποταμῶν,
3180 2145 3269 2199 καὶ
3310 2149 3552 2218 κρηνῶν,
3583 2143 3672 2198 καὶ
3715 2144 3894 2218 βοτα-

2231 2239 2359 2304 νῶν,
2413 2235 2502 2289 καὶ
2559 2240 2665 2290 τῶν
2701 2233 2987 2291 τοιούτων.
3041 2235 3228 2309 Σαφής
3289 2233 3347 2289 δὲ
3401 2234 3500 2302 τὴν
3554 2232 3745 2313 φράσιν
3787 2233 3886 2288 καὶ

2230 2321 2614 2400 κεφαλαιώδης
2668 2323 2803 2391 ἐστὶ,
2866 2322 2956 2377 καὶ
3016 2319 3141 2378 οὐδὲ
3197 2326 3296 2377 τοῦ
3371 2319 3536 2392 ἡδέος
3596 2322 3898 2395 ἀπεστερη·

2237 2415 2416 2485 μὲνος.

2305 2502 2391 2558 Ἐν
2449 2500 2630 2573 ταύτῷ
2688 2499 2743 2557 δὲ
2798 2502 2889 2556 καὶ
2951 2503 3321 2576 Πρωταγόρου
3380 2499 3726 2574 Γεωμετρίας
3789 2503 3894 2564 τῆς

2232 2591 2576 2664 Οἰκουμένης
2605 2591 2911 2669 ἐπιγραφὴν
2952 2589 3106 2667 ἔχον,
3144 2592 3303 2666 λόγοι
3347 2592 3410 2660 ς’,
3464 2592 3536 2646 ὧν
3589 2591 3656 2646 τά
3692 2591 3790 2662 μὶν
3829 2597 3890 2658 ε’,

2233 2680 2278 2736 εἰ
2318 2679 2408 2736 καὶ
2452 2682 2527 2752 μὴ
2574 2678 2886 2742 σπουδαίως
2917 2682 3004 2735 καὶ
3037 2682 3112 2742 ὡς
3162 2683 3214 2736 οἱ
3251 2683 3299 2716 ⁷⁴
3341 2679 3567 2754 ὕστερον
3618 2673 3890 2753 ἀκριϐῶς,

2232 2767 2360 2823 ἀλλ’
2390 2769 2483 2824 οὖν
2521 2771 2620 2839 τὴν
2672 2777 2772 2838 τῆς
2805 2769 2986 2831 Ἀσίας
3035 2772 3125 2825 καὶ
3175 2765 3408 2838 Λιϐύης,
3453 2768 3602 2824 ἀλλὰ
3648 2768 3740 2823 καὶ
3783 2768 3891 2825 Εὖ-

473 2861 619 2916 Αοὶω
650 2826 867 2928 tamen,
901 2826 1206 2931 etltfric‘ae,
1231 2826 1370 2936 quin
1393 2871 1449 2920 et
1471 2826 1709 2934 Europa;
1732 2865 1879 2920 situs
1902 2826 2114 2920 descri:

2238 2861 2420 2928 οώπης
2450 2861 2778 2935 περιήγησιν
2811 2865 3070 2916 ποιεῖται.
3112 2861 3192 2917 Τὸ
3223 2858 3280 2914 δὲ
3307 2855 3460 2914 ἓκτον
3509 2859 3802 2932 σόστοιχόν
3845 2861 3892 2894 ⁷⁸

475 2950 729 3021 ptionem
763 2953 1251 3022 complectuntur.
1299 2955 1505 3010 Sextus
1538 2971 1668 3010 vero
1701 2954 1845 3010 liber
1871 2954 2116 3011 Alexan-

475 3039 562 3093 dri
606 3040 1041 3110 quodammodo
1079 3041 1417 3098 Collectiooi
1463 3045 1787 3113 respondet.
1840 3042 2119 3098 Describit

474 3128 657 3195 enim,
690 3145 817 3198 quas
849 3129 907 3184 in
956 3131 1176 3185 mundo
1218 3131 1491 3188 universo
1524 3133 1815 3203 paradoxa
1851 3133 2118 3187 referun—

474 3221 606 3272 tur:
667 3233 916 3287 quorum
976 3220 1253 3291 pleraque
1310 3223 1600 3278 veteribus
1657 3227 1888 3291 accepta
1947 3222 2118 3278 refert

475 3304 854 3376 scriptoribus
884 3323 897 3363 :
933 3309 1180 3378 plurima
1225 3311 1399 3366 etiam
1433 3328 1466 3366 a
1497 3327 1559 3366 se
1598 3312 1722 3366 visa
1754 3318 1967 3376 narrat,
2001 3327 2114 3366 non

475 3394 674 3450 minus
704 3398 966 3452 omnium
990 3399 1345 3468 Opinionem,
1371 3416 1548 3470 quam
1573 3400 1874 3471 superiora
1895 3400 1995 3455 illa
2023 3417 2113 3456 ex-

472 3485 825 3556 superantia.
859 3486 1164 3558 Perspicua
1187 3498 1240 3542 et
1271 3488 1451 3559 hujus
1481 3489 1657 3546 dictio
1687 3494 1796 3557 est,
1827 3505 1893 3545 ac
1925 3490 2114 3546 brevis

471 3575 747 3641 narratio,
780 3574 887 3631 hoc
919 3581 1078 3632 sexto
1111 3576 1260 3632 libro
1292 3579 1558 3635 maxime.

1139 3667 1437 3723 CLXXXIX

470 3752 660 3808 Sotion
699 3756 778 3808 De
815 3754 1159 3821 ﬂuminibus,
1195 3757 1467 3822 fontibus,
1511 3773 1574 3810 ac
1625 3756 1873 3812 lacubus.
1907 3788 1972 3800 —-
2003 3757 2112 3813 Ni-

538 3824 685 3880 colai
708 3829 1037 3880 Damascem'
1056 3826 1267 3882 Marum
1296 3828 1710 3883 incredibilium
1747 3829 2109 3886 Collectanea.

539 3926 608 3936 -—
639 3896 965 3952 Acestoridw
995 3897 1344 3970 blythologiz
1380 3900 1621 3971 politiore
1654 3901 1788 3956 libri
1820 3918 1894 3956 1v.

542 4056 670 4121 Legi
695 4074 823 4129 qum
844 4059 1038 4112 Sotion
1064 4058 1175 4129 (35)
1202 4060 1452 4130 sparsim
1477 4060 1779 4131 inopinata
1800 4061 1870 4116 de
1893 4059 2105 4128 ﬂuviis,

2228 2948 2351 3001 πώσ
2382 2946 2491 3002 ἐστι
2540 2950 2610 3020 τῇ
2662 2944 3016 3020 Ἀλεξάνδρου
3065 2951 3367 3025 Συναγωγῇ
3399 2965 3411 2976 ·
3461 2951 3570 3002 τῶν
3600 2948 3706 3020 γάρ
3751 2947 3895 3002 κατὰ

2227 3038 2326 3106 τὴν
2379 3035 2704 3109 οἷ’κουμένην
2751 3033 3385 3110 παραδοξολογουμένων
3445 3035 3745 3110 ἀναγράφει
3786 3036 3891 3104 τήν

2228 3126 2490 3199 ἱστορίαν,
2559 3122 2633 3179 ὦν
2702 3125 2769 3180 τὰ
2827 3127 2922 3198 μὶν
2992 3125 3068 3187 εἷς
3137 3124 3532 3200 ἀρχαιοτέρους
3611 3125 3891 3201 ἂναφέρει,

2225 3214 2413 3270 πολλὰ
2443 3211 2500 3269 δὲ
2530 3215 2620 3268 καὶ
2654 3215 2731 3276 εἷς
2759 3214 3017 3289 αὐτοψίαν
3052 3218 3180 3288 [242
3214 3217 3306 3287 Η.]
3328 3213 3499 3280 ἕλκει,
3534 3215 3633 3269 οὐκ
3655 3208 3890 3269 ἔλαττον

2225 3309 2332 3358 τῶν
2364 3301 2550 3359 ἄλλων
2606 3298 3035 3378 προϐαλλόμενα
3091 3305 3153 3359 τὸ
3203 3301 3529 3378 παράδοξον.
3583 3305 3774 3382 Σαφής
3831 3301 3893 3357 δὲ

2223 3394 2312 3447 καὶ
2346 3392 2504 3455 οὗτος
2564 3394 2654 3448 καὶ
2684 3391 3070 3470 κεφαλαιώδης
3123 3395 3262 3449 κατὰ
3301 3394 3362 3450 τὸ
3401 3389 3557 3448 ἕκτον
3599 3393 3697 3460 τὴν
3749 3393 3888 3470 φρά-

2224 3502 2305 3536 σιν
2342 3481 2598 3554 μάλιστα.

2957 3665 3127 3721 ΡΗΘ’.

2225 3753 2536 3828 Σωτίωνος,
2569 3757 2683 3828 Τῶν
2744 3751 3023 3828 σποράδην
3056 3753 3209 3828 ⁸Περ-ἱ
3267 3757 3531 3828 ποταμῶν
3583 3751 3674 3807 καὶ
3733 3771 3870 3828 κρ-η-

2289 3831 2391 3898 νῶν
2455 3827 2547 3881 καὶ
2625 3822 2862 3898 λιμνῶν’
2904 3822 3563 3898 παραδοξολογουμένων.
3622 3857 3690 3898 ξ-
3767 3822 3871 3881 Νι-

2289 3895 2496 3970 κολάου
2557 3895 2897 3970 Παραδόξων,
2929 3895 3061 3951 ἐθῶν
3123 3895 3444 3970 Συναγωγή.
3486 3928 3562 3970 ς-
3618 3897 3872 3952 Ἀκεστο-

2293 3919 2496 3951 κοΛαου
2557 3919 2633 3952 ιια
2674 3919 2876 3967 αοοςων
2929 3919 3061 3951 εοων
3123 3919 3260 3950 ιυνα
3307 3919 3444 3970 ωγη.
3493 3930 3547 3939 -

2293 3967 2446 4042 ρίδου
2479 3972 2599 4026 Τῶν
2633 3919 2780 4025 ἐατᾶ
2809 3967 2973 4024 πόλιν
3007 3970 3248 4042 μυθικῶν
3267 3919 3448 4047 γλόγοι
3482 3965 3547 4024 δ’.

2293 4060 2418 4131 [469
2479 4059 2570 4129 R.]
2641 4058 2976 4133 Ἀνεγνώσθη
3051 4057 3340 4117 Σωτίωνος
3395 4061 3512 4111 Τῶν
3592 4054 3871 4129 σποράδην

472 4145 727 4202 fontibus
755 4163 821 4202 ac
856 4146 1098 4203 lacubus
1131 4149 1330 4204 referri
1377 4149 1627 4218 scripsit.
1680 4150 2011 4222 Respondet
2058 4155 2114 4206 et

2238 4149 2339 4222 τερὶ
2401 4153 2663 4220 ποταμῶν
2725 4145 2813 4200 καὶ
2871 4167 3088 4222 κρηνων
3145 4146 3236 4200 καὶ
3295 4147 3508 4220 λιμνων
3569 4143 3875 4219 παραδοξο-

471 4236 566 4293 hic
599 4236 847 4301 libellus,
890 4238 1275 4311 convenitque
1307 4257 1436 4296 cum
1487 4245 1816 4314 Protagora
1846 4246 2029 4307 sexto,
2060 4246 2116 4298 et

472 4325 784 4380 Alexandri
816 4326 1219 4394 Collectaneis,
1271 4328 1382 4383 nisi
1433 4331 1587 4401 quod
1630 4329 1723 4386 hic
1754 4331 1823 4385 de
1857 4330 2116 4386 fontibus

473 4419 701 4470 tantum
733 4419 788 4470 et
816 4415 1064 4473 lacubus
1103 4417 1468 4474 incredibilia
1506 4424 1943 4487 commemoret,
1984 4436 2115 4476 cum

475 4505 562 4560 illi
621 4505 907 4576 ejusmodi
961 4509 1032 4564 de
1086 4507 1215 4563 aliis
1271 4508 1446 4565 etiam
1504 4508 1775 4581 plurimis
1833 4509 2114 4568 scribant.

475 4595 681 4651 Sermo
732 4600 927 4652 autem
975 4613 1091 4653 non
1140 4597 1307 4670 longe
1356 4597 1427 4655 ab
1464 4598 1698 4655 illorum
1740 4599 1987 4655 dictione
2032 4616 2116 4656 re-

471 4684 666 4740 cessit.

544 4776 608 4832 In
641 4775 750 4832 hoc
795 4776 932 4833 item
978 4776 1271 4835 volumine
1316 4779 1503 4836 lectus
1546 4782 1635 4835 est
1679 4778 1900 4836 Nicolai
1945 4778 2112 4848 liber,

471 4865 683 4922 Herodi
715 4867 826 4935 (36)
859 4866 1186 4923 Iudaeorum
1219 4869 1338 4940 regi
1370 4868 1707 4941 inscriptus,
1741 4886 1852 4941 quo
1883 4868 2115 4926 Incredi-

472 4956 673 5012 bilium
717 4971 932 5012 morum
979 4956 1234 5014 Collectio
1283 4958 1709 5017 continebatur.
1761 4959 1970 5017 Incidit
2016 4975 2117 5015 au-

2225 4236 2603 4314 λογουμένων.
2638 4236 2944 4311 Σῦστοιχον
2978 4235 3071 4290 καὶ
3100 4239 3264 4290 τοῦτο
3304 4236 3367 4291 τὸ
3403 4229 3748 4310 βιϐλιδάριον
3798 4237 3877 4306 τῷ

2223 4326 2364 4400 ἕκτῳ
2394 4348 2451 4382 τε
2479 4331 2588 4383 τῶν
2640 4326 3007 4401 Πρωταγόρου
3055 4326 3142 4380 καὶ
3176 4325 3245 4400 τῇ
3299 4321 3657 4398 Ἀλεξάνδρου
3709 4330 3878 4379 Συναο

2224 4421 2400 4492 γωγῇ,
2429 4413 2575 4485 πλὴν
2607 4414 2690 4471 ὅτι
2741 4413 2965 4470 ἐνταῦθα
2994 4415 3061 4468 τὰ
3090 4413 3214 4489 περὶ
3247 4418 3461 4489 κρηνῶν
3508 4412 3670 4486 μόνον
3704 4413 3748 4449 ⁷⁸
3787 4412 3877 4466 καὶ

2227 4505 2439 4580 λιμνῶν
2482 4502 3074 4581 παραδοξολογούμενα
3111 4505 3429 4578 ἱστορεῖται,
3471 4501 3523 4556 ἐν
3558 4500 3789 4564 ἐκείνοις
3821 4499 3879 4558 δὲ

2224 4597 2311 4651 καὶ
2373 4595 2642 4651 πλειόνῶν
2713 4592 2926 4650 ἄλλων.
2987 4594 3049 4649 Ἡ
3112 4590 3170 4647 δὲ
3222 4591 3415 4671 φράσις
3488 4591 3876 4664 παραπλήσιος

2226 4685 2474 4749 ἐκείνοις.

2300 4778 2387 4832 Ἐν
2419 4776 2600 4848 ταύτῷ
2633 4771 2690 4830 δὲ
2729 4774 3141 4849 συνανεγνώσθη
3169 4773 3212 4810 ⁷⁷
3241 4773 3332 4827 γαὶ
3383 4770 3656 4827 Νικολάου
3709 4769 3879 4848 λόγος

2223 4863 2446 4940 Ἡρώδῃ
2494 4869 2574 4936 τῷ
2622 4861 2904 4920 Ἰουδαίων
2946 4860 3166 4937 βασιλεῖ
3214 4861 3776 4939 προσπεφωνημὲνος,
3825 4860 3877 4916 ἐν

2225 4957 2271 5029 ᾦ
2334 4951 2655 5029 Παραδόξῶν
2719 4951 2852 5008 ἐθῶν
2911 4953 3023 5009 ἔστι
3083 4953 3406 5028 Συναγωγή,
3478 4946 3776 5023 Συμϐαίνει
3834 4951 3879 4987 ⁷³

1839 5060 2073 5117 VARl/E
2112 5056 2517 5116 LECTIONES.

544 5145 596 5236 7"
620 5143 709 5236 καὶ
743 5152 874 5236 ante
904 5148 1168 5231 ποταμῶν
1227 5165 1344 5236 0132.
1516 5148 1564 5184 ’⁷³
1595 5145 1724 5236 δξΑ
1758 5169 1770 5207 :
1805 5145 1997 5236 γὰρυδὲ
2136 5169 2168 5224 γ

473 5223 604 5303 post
634 5216 830 5307 ,Ἄσίας
851 5289 864 5306 ς
892 5216 1061 5310 omisi
1117 5239 1193 5307 τε.
1272 5216 1998 5310 πρσέποιχον]-στοίχεῖον

477 5287 571 5359 μὶν
606 5288 680 5350 εἰς
708 5287 905 5344 ταύτὸν
947 5297 986 5346 Α
1022 5308 1034 5348 :
1077 5293 1164 5345 καὶ
1199 5287 1478 5364 συμϐαίνει
1523 5287 1618 5365 μέν

2174 5145 2482 5223 εωγραφίας
2499 5144 2940 5223 _Casa_ubonus_.
3017 5142 3063 5177 “
3093 5141 3331 5223 oi‘add.
3443 5154 3456 5200 ξ
3491 5158 3624 5223 cum
3675 5143 3878 5223 eodem

2055 5207 2118 5278 Ά.
2149 5207 2160 5224 ’
2196 5219 2241 5256 ⁷⁸
2262 5207 2454 5292 ’μόνων
2646 5215 2692 5249 ’⁷⁷
2733 5215 3034 5290 συνανεγνω
3065 5245 3132 5256 -
3164 5209 3330 5287 λόγον
3384 5220 3446 5276 Δ,
3523 5215 3565 5250 ⁷³
3596 5207 3880 5286 συμϐαίνει

2068 5363 2300 5422 ΝΟΤιΕ.

547 5461 662 5538 (34)
696 5459 1072 5530 Polyhistoris
1115 5464 1276 5521 illius
1317 5463 1547 5536 Milesii,
1596 5467 1669 5522 de
1719 5474 1834 5538 quo
1872 5464 2033 5523 Suid.
2072 5469 2130 5521 et

473 5533 801 5588 Athenaus.

571 5603 662 5674 35)
692 5605 929 5682 An_hic_
973 5605 1071 5662 ille
1097 5607 1360 5682 forsitan
1398 5609 1853 5681 Alexandrinus,
1903 5610 2006 5682 qui
2051 5608 2122 5666 ab

483 5675 756 5733 Athenaao
795 5675 1072 5734 laudatur
1095 5679 1119 5732 Ρ

2306 5462 2418 5531 (36)
2450 5459 2817 5538 Hujus_enim
2853 5457 3166 5538 ὑπογραςέα
3185 5459 3366 5538 fuisse
3394 5457 3884 5538 Nicolaumgscrj-

2234 5529 2326 5587 bit
2353 5529 2584 5602 qucque
2625 5529 3048 5604 constantinus
3081 5529 3524 5604 'Porphyrogen.
3570 5529 3767 5589 libello
3808 5531 3887 5588 De

2235 5605 2574 5661 Thematibus
2603 5603 2814 5661 Orioni.
