4198 6216
325 364 445 425 805

1132 363 1676 430 BIBLIOTHECA.
1722 402 1799 415 —-
1841 368 2070 431 CODD.
2114 369 2531 444 CLXXXVIII,
2580 371 2936 433 CLXXXIX.

3620 369 3741 431 606

328 499 426 572 μὲν
478 498 557 561 είς
616 500 810 555 ταύτὸν
861 498 1027 562 ἐνίοις
1077 482 1187 556 τω
1239 501 1340 556 ὑπὸ
1402 498 1759 576 Ἀλεξάνδρου
1807 522 1967 577 παρα-

2090 510 2205 562 tem
2233 506 2524 564 interdum
2557 507 2613 562 in
2646 508 2850 562 eadem
2882 506 3200 578 inopinata,
3223 521 3351 578 qua:
3373 503 3444 559 ab
3478 504 3692 561 Alexan
3723 540 3733 547 -

292 584 496 658 -δόξων
547 588 996 662 συνειλεγμένων,
1037 590 1128 644 καὶ
1185 591 1311 664 περὶ
1370 591 1443 644 ὧν
1504 587 1561 645 δὲ
1618 590 1808 647 Κόνων
1851 612 1979 647 συν-

320 677 521 751 ἔταξεν,
583 678 685 733 ούκ
742 677 910 753 ὀλίγα
965 679 1313 755 προσέγραψε
1368 680 1417 717 7’
1478 697 1495 714 ο
1551 678 1699 750 πλὴν
1760 678 1813 735 ἔν
1869 702 1981 736 τισι

318 764 705 838 παραλλάσσει
760 772 881 829 ταῖς
941 768 1236 842 ἱστορίαις,
1286 769 1661 844 ὲτεροτρόπως
1710 767 1845 824 αὐτὰ
1904 768 1981 825 δι-

319 856 502 927 εξιών.
545 857 656 923 Τὴν
715 853 770 911 δὲ
812 858 1009 933 φράσιν
1061 857 1175 913 ἐστὶ
1230 859 1277 894 ⁸ο
1336 859 1429 932 μὲν
1468 858 1557 912 καὶ
1598 857 1758 922 αύτὸς
1815 880 1978 937 κεφα-

321 941 597 1015 λαιώδης,
654 943 716 999 ού
775 946 882 1018 μὴν
941 944 1065 1001 οὐδὲ
1120 951 1217 1001 τοῦ
1259 950 1460 1023 σαφοῦς
1515 947 1976 1022 ἂνακεχωρηκὼς,

325 1035 575 1111 μετέχων
631 1031 688 1089 δέ
726 1054 845 1095 πως
884 1035 975 1089 καὶ
1013 1040 1122 1091 τῶν
1167 1037 1583 1111 προειρημένων
1621 1035 1834 1110 μᾶλλον
1884 1060 1979 1092 συ-

318 1128 564 1199 στροφῆς
613 1143 757 1185 τινος
787 1125 829 1163 "
885 1125 971 1178 καὶ
1015 1120 1352 1193 δεινότητος.
1395 1124 1550 1199 Λέγει
1610 1124 1658 1180 δ’
1717 1122 1829 1181 ἔνια
1885 1128 1978 1199 μὲν

316 1209 581 1283 πολλοῖς,
629 1211 674 1266 εί
721 1212 812 1267 καὶ
865 1213 1137 1286 ξενίζοντα
1180 1211 1288 1284 είή,
1331 1215 1483 1287 ὅμως
1524 1214 1974 1291 ὁμολογούμενα,

312 1302 443 1356 τινὰ
484 1299 531 1356 δ’
588 1300 929 1377 ἀγνοούμενα
990 1303 1104 1374 μὲν,
1145 1301 1207 1358 ού
1270 1304 1380 1376 μὴν
1441 1304 1502 1358 ἑκ
1550 1309 1647 1359 τοῦ
1705 1304 1980 1382 ἐμφανοῦς

314 1392 461 1465 πρὸς
492 1390 676 1465 μάχην
703 1395 784 1462 τῷ
830 1393 1038 1463 πιθανῷ
1085 1393 1445 1468 καθιστάμενα
1480 1414 1492 1427 ο
1525 1391 1619 1464 ἔθη
1662 1393 1767 1469 γὰρ
1814 1394 1979 1449 ἐθνῶν

312 1478 612 1553 ἲδιότροπα
638 1480 706 1535 τὰ
746 1478 934 1535 πολλᾶ
964 1479 1359 1556 περιαγγέλλει
1393 1502 1407 1517 α
1440 1483 1615 1557 εὑρεῖν
1653 1479 1703 1537 δ’
1731 1481 1874 1539 ἔστιν
1918 1483 1973 1538 ἒν

2090 599 2191 653 dro
2220 598 2459 652 collecta
2492 596 2746 663 fuerunt,
2779 596 3044 667 ascriptis
3074 596 3251 650 etiam
3286 611 3399 650 non
3433 592 3635 666 paucis
3665 608 3733 648 ex

2089 686 2340 743 Cononis
2372 687 2483 755 (37)
2507 686 2961 742 narrationibus.
2992 687 3262 740 Attamen
3285 684 3344 739 in
3377 683 3731 755 quibusdam

2088 774 2371 843 historiis,
2404 774 2570 830 aliter
2599 774 2861 829 instituta
2905 773 3256 841 narratione,
3290 772 3578 827 dissentit.
3613 770 3733 827 Hu~

2082 865 2182 935 jus
2216 880 2451 937 quoque
2504 866 2686 919 oratio
2719 865 2912 921 πιθα
2968 862 3223 919 summis
3254 861 3411 932 quasi
3446 859 3734 932 capitibus

2088 953 2426 1017 absolvitur,
2476 970 2582 1008 nec
2626 970 2658 1009 a
2704 954 3114 1026 perspicuitate
3155 967 3406 1021 unquam
3447 949 3733 1005 discedit:

2086 1043 2351 1099 adhibita
2369 1042 2599 1098 interim
2626 1044 3219 1115 frequentiore,quam
3249 1040 3731 1112 praedicti,inver-

2086 1133 2249 1188 sione
2280 1148 2347 1187 ac
2377 1133 2677 1204 gravitate.
2713 1133 2898 1187 Refert
2927 1133 3063 1187 item
3098 1131 3400 1194 nonnulla,
3433 1145 3559 1201 quae
3592 1126 3728 1184 licet

2085 1238 2189 1277 sua
2238 1222 2490 1277 novitate
2548 1222 2805 1289 turbent,
2864 1220 3065 1276 multis
3112 1224 3307 1276 tamen
3357 1219 3415 1273 in
3466 1218 3727 1273 confesso

2084 1316 2251 1368 sunt:
2277 1317 2334 1367 et
2354 1327 2585 1365 rursum
2610 1311 2904 1383 incognita
2924 1309 3125 1376 multa,
3146 1311 3244 1364 sed
3268 1325 3396 1380 qua!
3421 1307 3725 1363 manifesto

2080 1404 2276 1456 tamen
2312 1416 2443 1456 cum
2477 1401 2712 1456 veritate
2752 1416 2866 1457 non
2918 1404 3201 1472 pugnent.
3251 1398 3521 1453 Gentium
3575 1396 3725 1452 enim

2082 1506 2271 1546 mores
2295 1489 2609 1562 unicuique
2632 1490 2912 1561 proprios,
2939 1494 3004 1543 ut
3027 1487 3350 1561 plurimum
3376 1500 3727 1542 commemo-

313 1568 505 1631 αὐτοῖς
553 1571 639 1625 καὶ
704 1569 768 1623 τὸ
814 1568 1076 1625 ἀπίθανον
1132 1572 1535 1647 προΐσχόμενα.
1568 1574 1629 1630 Ὀ
1685 1573 1744 1629 ἐκ
1792 1584 1976 1648 Δαμα-

313 1663 452 1714 σκοῦ
484 1656 533 1714 δ’
574 1657 717 1715 ἔστιν
766 1660 947 1729 οὗτος,
982 1659 1157 1733 οἶμαι,
1194 1660 1491 1733 Νικόλαος,
1523 1664 1550 1718 ὁ
1582 1661 1670 1719 ἐπὶ
1717 1670 1826 1720 τῶν
1858 1664 1973 1722 Αύ-

274 1749 555 1823 δγούστου
580 1749 799 1824 χρόνων
832 1748 1078 1822 ἀκμάσας
1108 1751 1197 1805 καὶ
1229 1750 1389 1829 φίλος
1418 1750 1567 1825 αυτῷ
1601 1754 1967 1828 χρηματίσας·

2084 1774 2190 1831 ego
2220 1757 2509 1826 existimo,
2542 1756 2809 1813 Nicolaus
2837 1755 2936 1812 ille
2965 1762 3071 1823 est,
3104 1756 3205 1828 qui
3237 1752 3480 1825 Augusti
3512 1760 3727 1821 tempo-

312 1837 371 1909 ἆε
414 1837 476 1892 οὔ
522 1836 613 1891 καὶ
653 1836 1011 1893 πλακούντων
1056 1860 1110 1894 τι
1143 1836 1312 1911 εἶδος,
1344 1840 1378 1895 ’ἃ
1425 1838 1690 1915 διέπεμπε
1721 1842 1967 1914 Καίσαρι,

2081 1847 2243 1902 ribus
2264 1846 2675 1918 ﬂoruit,eoque
2688 1851 2776 1901 est
2801 1862 2943 1901 usus
2960 1844 3229 1900 familiari
3246 1842 3401 1913 (37⁸).
3424 1844 3595 1912 Aque
3610 1839 3721 1907 (38)

313 1926 395 1989 εἰς
453 1926 624 1997 τιμήν
680 1930 778 1980 τοῦ
827 1924 1169 2001 δεξιουμένου
1228 1930 1276 1966 ⁸³
1330 1930 1620 2007 νικογάους
1679 1932 1708 1986 ὁ
1766 1933 1967 2005 Καῖσαρ

2080 1942 2136 1993 et
2167 1936 2561 2009 placentarum
2601 1952 2785 2008 genus
2824 1935 3086 1992 nicolaos
3125 1936 3310 1989 Caesar
3359 1929 3719 1998 nominabat,

313 2014 590 2072 ἰκάλεσεν.
643 2016 815 2078 Οὗτος
863 2017 953 2071 καὶ
1004 2018 1367 2093 Ἀσσυριακήν
1396 2021 1444 2057 δ³
1472 2020 1734 2095 Ἱστορίαν
1775 2018 1827 2075 ἒν
1876 2044 1967 2078 πο.

2079 2044 2223 2099 quas
2252 2025 2378 2081 ideo
2410 2026 2481 2081 ad
2515 2025 2664 2081 hunc
2695 2024 2791 2079 ille
2822 2024 3062 2080 honoris
3094 2021 3279 2094 gratia
3310 2020 3540 2076 mittere
3574 2018 3721 2072 so|e~

311 2107 568 2182 λυστίχῳ
600 2102 829 2182 βιϐλίῳ,
863 2106 963 2163 ὅσα
1000 2109 1237 2165 παλαιὰν
1278 2112 1502 2185 μνήμην
1539 2112 1586 2149 ⁸⁴
1614 2113 1967 2187 ἂναγνωσμά-

2079 2116 2192 2184 bat,
2226 2115 2381 2189 quod
2413 2131 2609 2187 parem
2642 2112 2755 2170 sibi
2786 2112 3181 2168 familiaritate
3212 2108 3579 2167 reddidisset.
3615 2106 3720 2161 Hic

310 2216 425 2251 των
457 2191 685 2273 ἔχομεν,
716 2194 1131 2257 καταλέλοιπεν.

2079 2206 2230 2262 idem
2263 2204 2486 2277 ingenti
2533 2202 2827 2259 volumine
2873 2200 3169 2274 Assyriam
3221 2198 3334 2271 (39)
3380 2194 3717 2259 Historiam,

2076 2298 2360 2366 quantum
2393 2291 2581 2365 potuit
2610 2308 2678 2347 ex
2710 2290 2953 2362 antiqua
2984 2288 3269 2345 memoria
3294 2284 3537 2360 legendo
3568 2296 3723 2337 asse-

2074 2384 2196 2456 qui,
2237 2383 2495 2454 reliquit.
3256 2435 3260 2439 .

2144 2473 2220 2528 Eo
2249 2474 2377 2544 ipso
2408 2472 2467 2526 in
2491 2471 2686 2527 codice
2712 2469 2962 2540 legimus
2985 2465 3328 2524 Acestcridm
3348 2463 3720 2520 Politicarum

2069 2561 2413 2619 Fabularum
2446 2562 2558 2631 (40)
2590 2559 2769 2614 libros
2800 2563 3070 2631 qnatuor.
3096 2555 3346 2610 Videtur
3377 2558 3572 2608 autem
3627 2552 3722 2608 hic

2068 2651 2314 2720 scriptor
2344 2650 2565 2721 majore
2588 2648 2826 2704 solertia
2850 2648 2907 2701 in
2931 2645 3065 2701 libri
3096 2646 3185 2701 sui
3207 2642 3378 2698 titulo
3402 2657 3543 2696 usus
3565 2655 3715 2705 esse,

2082 1583 2191 1636 rat.
2226 1581 2573 1651 Quanquam
2606 1584 2664 1634 et
2692 1578 2750 1633 in
2782 1580 2870 1634 his
2893 1580 3164 1650 reperias,
3188 1593 3313 1650 quae
3339 1591 3470 1631 mox
3501 1572 3723 1631 nullam

2083 1670 2289 1725 mereri
2320 1667 2494 1724 fidem
2525 1668 2805 1723 indicent.
2840 1667 3237 1723 Damascenus
3268 1670 3463 1721 autem
3497 1662 3613 1731 hic,
3646 1664 3727 1718 uti

382 2467 475 2523 Ἐν
524 2467 703 2541 ταύτῷ
752 2465 810 2525 δὶ
852 2467 1038 2545 τεύχει
1100 2472 1508 2547 συνανεγνώσθη
1558 2471 1611 2527 ἐν
1672 2472 1865 2548 λόγοις
1926 2471 1969 2529 δ’

308 2555 697 2632 Ἀκεστορίδου
756 2561 879 2616 Τῶν
937 2558 1089 2617 Κατᾶ
1144 2559 1309 2616 πόλιν
1367 2563 1623 2617 Μυθικῶν
1662 2564 1727 2621 ⁸⁸.
1781 2565 1965 2621 Ἐοικε

311 2645 411 2718 μὶν
445 2643 540 2700 οὗν
585 2646 739 2709 οὗτος
791 2648 818 2702 ὁ
869 2648 1006 2723 ἀνὴρ
1051 2648 1154 2704 ούκ
1193 2648 1395 2726 ὀλίγων
1446 2651 1852 2727 εύστοχώτερον
1894 2660 1959 2724 τῆ

306 2734 584 2814 ὶπιγραφῇ
633 2739 940 2813 κεχρῆσθαι
972 2756 987 2770 ο
1023 2737 1056 2793 ἃ
1096 2740 1197 2816 γάρ
1238 2736 1417 2814 ἕτεροι
1448 2739 1483 2809 ἢ
1535 2738 1587 2794 ο¹ί
1616 2762 1679 2816 γε
1721 2744 1964 2816 μετριώ-

2079 2755 2240 2814 quam
2273 2738 2532 2811 plerique
2572 2736 2691 2791 alii.
2740 2738 2874 2803 Qua:
2906 2735 3062 2789 enim
3096 2732 3285 2788 caeteri
3318 2730 3377 2785 in
3410 2731 3536 2786 suis
3570 2728 3719 2785 scri-

304 2843 458 2897 τεροι
494 2822 663 2897 μηδὶν
712 2823 1211 2901 ἐπισημηνάμενοι,
1251 2830 1287 2900 ἢ
1336 2823 1471 2885 ἔνιοι
1515 2830 1603 2885 καὶ
1652 2830 1726 2894 ὡς
1778 2830 1954 2903 ἀληθῆ

2079 2828 2203 2901 ptis,
2237 2826 2443 2897 partim
2498 2825 2914 2882 moderatiores
2954 2838 3086 2879 cum
3132 2826 3347 2887 essent,
3392 2837 3464 2876 ne
3496 2821 3719 2877 indica-

307 2910 921 2989 σπουδαιολογήσαντες
952 2916 1000 2952 ⁸⁸
1028 2918 1419 2995 ἀνεγράψαντο,
1470 2920 1619 2975 ταῦθ’
1650 2920 1812 2984 οὗτος
1870 2921 1961 2977 σὺν

2079 2921 2210 2973 runt
2241 2917 2497 2988 quidem,
2526 2915 2737 2988 partim
2773 2931 2876 2986 pro
2905 2913 3058 2969 veris
3088 2911 3265 2968 etiam
3300 2912 3597 2967 venditare
3625 2926 3718 2966 vo-

302 3006 386 3073 τῷ
430 3000 727 3076 φιλαλήθει
763 3005 971 3077 μύθους
1013 3004 1246 3069 καλέσας
1294 3010 1395 3078 τὴν
1432 3008 1555 3085 περῖ
1600 3008 1776 3065 αὐτῶν
1814 3011 1966 3066 ἱστο-

2079 3007 2327 3077 luerunt,
2350 3008 2552 3064 eadem
2579 3006 2669 3061 hic
2692 3005 2951 3061 veritatis
2973 3004 3169 3060 studio
3188 3002 3436 3059 Fabulas
3458 3004 3719 3057 nomina-

306 3091 428 3166 ρίαν
468 3091 503 3160 ἢ
540 3092 897 3169 μυθολογίαν,
929 3095 1005 3160 ὡς
1046 3098 1136 3152 καὶ
1170 3097 1330 3160 αὐτὸς
1380 3098 1562 3173 χαίρει
1595 3096 1799 3175 λέγων,
1834 3121 1961 3155 συν-

2079 3098 2173 3166 vit,
2206 3101 2263 3152 et
2293 3110 2493 3152 earum
2540 3111 2736 3151 rerum
2784 3094 3111 3158 historiam,
3164 3108 3267 3147 seu
3300 3090 3716 3161 mythologiam

302 3182 551 3252 ετάξατο.
582 3182 774 3239 Πολλὰ
834 3184 928 3258 μὲν
967 3183 1059 3240 οὖν
1120 3184 1262 3241 ἔστιν
1312 3185 1363 3241 ἐν
1421 3186 1637 3251 τούτοις
1697 3189 1892 3264 εὑρεῖν,
1928 3190 1961 3245 ἅ

2079 3185 2380 3259 [quomodo
2410 3184 2661 3240 libenter
2691 3183 2815 3253 ipse
2846 3183 3122 3253 appellat)
3155 3180 3505 3252 composuit.
3539 3179 3718 3233 Multa

300 3291 365 3326 τε
392 3269 729 3328 συνείλεκται
757 3270 990 3343 Κόνωνι,
1031 3275 1121 3329 καὶ
1155 3274 1584 3353 Ἀπολλόδωρος
1616 3277 1666 3333 ἐν
1696 3282 1763 3353 τῇ
1798 3279 1961 3334 αὑτοῦ

2079 3276 2246 3346 igitur
2274 3273 2335 3329 in
2383 3272 2473 3327 his
2512 3271 2789 3345 reperias,
2840 3287 2966 3343 quae
2999 3275 3057 3324 et
3104 3271 3301 3325 Conon
3350 3266 3607 3339 collegit,
3662 3272 3719 3321 et

302 3359 421 3416 εἶπε
453 3354 801 3436 Βιϐλιοθήκῃ
850 3361 941 3418 καὶ
988 3360 1340 3440 Ἀλέξανδρος
1383 3362 1606 3440 ἤθροισε
1653 3367 1745 3422 καὶ
1783 3368 1958 3424 Νικό-

2079 3362 2524 3437 Apollodorusin
2546 3378 2713 3417 suam
2734 3360 2935 3415 retulit
2950 3356 3719 3427 Bibliothecam,cengessit-

304 3446 442 3511 λαος
520 3452 908 3530 προσεφώνησε
991 3452 1081 3508 καὶ
1159 3455 1521 3531 Πρωταγόρας
1575 3452 1960 3531 προδιὲλαϐενο

304 3531 416 3594 ἔστι
452 3535 497 3593 δ’
539 3538 893 3617 ’Λκεστορίδῃ
926 3543 1104 3616 τούτῳ
1134 3544 1225 3598 καὶ
1255 3541 1444 3600 πολλᾶ
1475 3544 1569 3618 μὶν
1596 3550 1704 3602 τῶν
1732 3544 1959 3609 ἐκείνοις

305 3625 616 3705 ἀφειμένων
677 3628 1156 3709 ἀναγεγραμμένα,
1216 3631 1364 3704 πλὴν
1421 3634 1511 3689 καὶ
1586 3633 1639 3690 ἐν
1698 3635 1957 3706 πολλοῖς,

308 3718 431 3793 περί
463 3719 540 3772 ὧν
590 3718 747 3781 οὗτός
803 3741 861 3775 τε
906 3721 1146 3777 κάκεῖνοι
1200 3720 1592 3800 διεξέρχονται,
1642 3720 1957 3799 άσύμϐατον

306 3805 449 3863 ἔστιν
511 3807 687 3863 αὐτῶν
741 3808 1027 3866 θεάσασθαι
1081 3812 1182 3882 τὴν
1239 3811 1539 3891 ἀφήγησιν.
1602 3814 1795 3869 Πολλᾶ
1862 3816 1955 3889 μὲν

309 3894 400 3952 οὖν
461 3898 491 3952 ὁ
549 3897 685 3973 ἀνὴρ
742 3900 832 3954 καὶ
888 3899 1155 3978 ἱστορίαις
1209 3900 1480 3974 ἐπιδόξοις
1543 3904 1959 3980 μαρτυρούμενα

308 3984 508 4049 ἐντοῖς
558 3988 723 4043 αὑτοῦ
763 3986 956 4065 λόγοις
1006 3990 1319 4070 ἀναγράφει,
1353 3987 1465 4048 ἔστι
1520 3990 1567 4048 δ’
1616 3992 1649 4048 ἆ
1695 3994 1783 4048 καὶ
1840 3999 1962 4058 ταῖς

307 4074 606 4152 ἆναργείαις
654 4078 714 4131 τὸ
754 4077 944 4134 πιστὸν
977 4079 1024 4116 ⁸⁷
1062 4077 1422 4136 ἐνδείκνυσθαι
1472 4079 1820 4157 δεδυνημένα.
1851 4082 1958 4141 Καὶ

307 4162 451 4223 ἔοικε
485 4164 704 4240 μᾶλλον
752 4168 813 4223 τὸ
867 4171 1094 4242 μυθικὸν
1132 4169 1232 4227 ούκ
1279 4170 1366 4226 ἐπὶ
1397 4167 1633 4248 διαϐολῇ
1679 4178 1789 4228 τῶν
1833 4195 1960 4228 συν-

305 4254 652 4328 τεταγμένων
708 4256 859 4330 αύτῷ
909 4259 1254 4332 ἔπειρῆσθαι,
1304 4257 1453 4314 ἀλλὰ
1507 4261 1570 4315 τὸ
1628 4260 1817 4336 χαρίεν

266 4417 277 4423 ὀ
308 4342 642 4420 ψυχαγωγὸν
691 4343 867 4402 αύτῶν
915 4344 1323 4423 ἐνδεικνυμὲνῳ,
1361 4351 1487 4423 [472
1519 4350 1608 4425 R.]
1637 4334 1784 4419 πλὴν
1835 4334 1963 4405 ἀλλ’

306 4428 503 4511 ἔμοιγε
532 4437 694 4509 κριτῇ
745 4435 1091 4513 εὐγνώμονος
1136 4434 1196 4492 ἃν
1247 4438 1530 4514 ἀπενέγκοι
1565 4441 1690 4514 [243
1724 4442 1816 4511 Η.]
1868 4436 1965 4494 δό-

307 4522 418 4593 ξαν,
445 4520 531 4576 ὅτι
563 4520 751 4609 πολλᾷ
779 4522 951 4597 ψευδῆ
981 4530 1098 4587 τοῖς
1126 4528 1510 4605 γεγενημένοις
1541 4527 1962 4605 συναναγράφειν

310 4608 536 4697 μέλλων
571 4606 869 4690 ἀμφιϐόλῳ
917 4612 1124 4690 ῥήματι
1154 4622 1255 4685 τῆς
1304 4614 1607 4694 ἐπιγραφῆς
1640 4616 1960 4697 ἀφοσιοῦται

305 4699 407 4769 τὴν
438 4698 668 4775 μέμψιν.
702 4700 1093 4776 Παραπλήσιος
1121 4701 1177 4761 δὲ
1206 4706 1306 4776 τήν
1339 4704 1531 4784 φράσιν
1563 4708 1649 4763 καὶ
1685 4707 1864 4770 οὗτος.

2070 3469 2183 3526 que
2216 3452 2554 3519 Alexander,
2587 3456 2644 3506 et
2673 3448 2944 3507 Nicolaus
2975 3449 3087 3521 (41)
3120 3446 3427 3514 dedicavit,
3459 3462 3708 3518 occupa-

2068 3543 2264 3614 vitque
2290 3542 2651 3613 Protagoras.
2684 3538 3049 3597 Acestorides
3082 3554 3250 3609 porro
3282 3534 3537 3609 plurima
3566 3551 3713 3607 quo-

2072 3648 2186 3705 que
2214 3632 2285 3687 ab
2316 3629 2434 3686 illis
2468 3630 2749 3700 praeterita
2790 3629 3079 3685 memoria:
3112 3625 3446 3693 mandavit;
3496 3625 3602 3680 etsi
3652 3625 3711 3680 in

2070 3720 2388 3794 plerisque,
2423 3734 2545 3790 qua:
2575 3724 2631 3774 et
2662 3718 2755 3773 hic
2784 3721 2840 3773 et
2872 3716 2954 3772 illi
2989 3720 3250 3783 narrant,
3281 3713 3712 3784 discrepantem

2069 3811 2266 3866 videas
2296 3809 2557 3881 ipsorum
2590 3807 2913 3862 historiam.
2948 3804 3202 3861 Plurima
3234 3802 3409 3873 igitur
3440 3802 3535 3857 hic
3565 3801 3718 3856 scri-

2071 3904 2221 3973 ptor,
2274 3899 2445 3953 certis
2494 3897 2837 3953 confirmata
2894 3892 3179 3958 historiis,
3232 3906 3372 3947 suos
3422 3890 3480 3944 in
3532 3888 3715 3945 libros

2069 3988 2304 4046 retulit:
2337 3993 2391 4043 et
2421 4002 2555 4042 vero
2596 3985 2896 4054 nonnulla,
2942 3999 3068 4055 quze
3107 3982 3401 4037 evidenter
3432 3984 3495 4034 ut
3527 3978 3713 4050 pluri-

2071 4094 2234 4134 mum
2259 4076 2647 4133 demonstrari
2671 4078 2902 4145 queant,
2920 4078 2984 4128 ut
3007 4071 3337 4127 fabularum
3360 4068 3707 4125 vocabulum

2068 4185 2185 4225 non
2216 4171 2335 4222 tam
2369 4166 2440 4222 ad
2490 4163 2900 4221 calumnianda
2946 4164 3076 4233 ejus
3125 4160 3364 4232 scripta,
3413 4174 3587 4230 quam
3640 4160 3710 4213 ad

2071 4273 2274 4315 eorum
2306 4255 2548 4330 gratiam
2572 4254 3129 4327 jucunditatemque
3150 4250 3523 4308 indicandam
3556 4248 3720 4303 addi-

2071 4351 2201 4405 tum
2232 4362 2361 4403 esse
2390 4345 2674 4402 videatur.
2713 4346 2785 4400 At
2824 4360 2977 4409 vero,
3013 4358 3105 4398 me
3127 4340 3352 4414 judice,
3383 4353 3587 4409 aequus
3618 4338 3716 4394 hic

2074 4452 2270 4494 rerum
2291 4436 2608 4492 mstimator
2627 4433 2825 4490 haberi
2850 4437 3164 4499 mereatur,
3187 4431 3336 4503 quod
3361 4428 3508 4485 falsa
3531 4427 3718 4484 multa

2073 4526 2247 4585 rebus
2275 4541 2404 4581 vere
2433 4524 2617 4598 gestis
2646 4522 2974 4591 additurus,
3007 4521 3283 4592 ambiguo
3324 4523 3514 4575 tamen
3543 4517 3716 4573 titulo

2070 4614 2511 4689 reprehensioni
2554 4613 2921 4671 satisfecerit.
2964 4612 3051 4668 Ad
3106 4610 3322 4685 stylum
3371 4623 3505 4664 vero
3558 4607 3711 4679 quod

2073 4707 2306 4775 attinet,
2337 4704 2509 4761 etiam
2540 4702 2635 4760 hic
2664 4700 2874 4759 similis
2902 4709 2988 4757 est
3017 4696 3494 4773 pracedentium.

1657 4822 1900 4879 VABLE
1947 4819 2364 4878 LECTIONES.

382 4924 429 5003 τι
456 4924 864 5003 προσανέγραψι
903 4927 986 5003 ς.

1061 4928 1109 4965 80
1138 4926 1251 4985 ἐστὶ
1280 4930 1418 4988 add.
1451 4937 1516 4989 A.
1590 4932 1633 4969 ⁸¹
1666 4931 1811 4994 τινὸς
1852 4938 1895 4987 Α
1930 4948 1943 4987 :
1972 4948 2031 4983 τε

266 4999 272 5004 ’
309 4995 537 5072 μνήμης
568 5029 635 5041 -
665 4995 1211 5074 ἰξόμὲναᾮοαιὶεον.
1285 4999 1335 5037 ⁸⁵
1365 5001 1641 5057 Σκυθικῶν
1676 5002 1757 5077 ς’.
1834 5002 1881 5039 ⁸⁸
1910 4995 2428 5076 δικαιολογήσαντες
2462 4995 2544 5073 ς.

2071 4927 2155 5056 ἱ.
2230 4929 2275 4963 ⁸³
2303 4924 2481 4998 ἐξισου
2535 4926 2654 4982 ἑνου
2836 4926 2882 4963 ⁸³
2913 4924 3236 4999 ’Δσυριακήν
3270 4929 3335 4980 Δ.
3402 4920 3448 4957 ⁸⁴
3479 4916 3718 4981 παλαιᾶς

2071 5020 2087 5055 3
2134 5000 2428 5056 ογήσαντες
2620 4998 2669 5033 ⁸⁷
2697 4998 2885 5054 πιστὸν
2917 5003 2961 5054 Δ
2993 5017 3006 5055 :
3041 4994 3297 5051 πλεῖστον
3332 4992 3415 5056 ς’.

2620 4998 2669 5033 ⁸⁷
2697 4992 2885 5054 πιστὸν
2917 5003 2961 5054 Δ
2993 5017 3006 5055 :
3041 4992 3297 5051 πλεῖστον

1905 5119 1953 5174 Ν
1957 5117 2139 5174 ΟΤᾸΞ.

380 5212 511 5303 es.
530 5211 752 5303 9.9-929
779 5229 969 5303 sane
986 5214 1138 5303 909:.
1160 5215 1284 5303 187-

379 5281 514 5366 (37‘)
543 5281 1005 5366 'It-raipoguh'abet
1053 5286 1359 5366 Athenaeus
1390 5286 1638 5366 lib._.xtv
1682 5287 1783 5366 qui
1828 5286 1952 5366 pal-

306 5358 484 5415 mulae
516 5354 752 5411 misisse
769 5355 1062 5413 Nicolaum
1086 5359 1294 5415 refert:
1325 5366 1385 5414 ut
1407 5364 1464 5415 et
1485 5354 1781 5416 Plutarch.
1817 5354 1956 5417 Con-

303 5425 481 5500 υἱυαζ.
514 5425 619 5500 lib.
648 5442 775 5500 vn},
808 5443 935 5500 cap.
975 5429 1029 5485 4.

380 5499 493 5577 (38)
525 5498 1008 5577 Teste‘Hesychio
1034 5498 1246 5577 illustri
1277 5502 1337 5577 in
1385 5503 1628 5577 Nicolao,
1666 5506 1724 5559 et
1749 5501 1955 5577 Suida,

301 5569 650 5698 ἓῗὶιιέἒϐὴβφισ
673 5569 861 5626 multa
893 5570 1204 5641 meminit;
1241 5573 1506 5644 ejusdem
1542 5590 1660 5632 non
1689 5573 1869 5631 semel
1898 5569 1957 5630 et

378 5684 392 5699 .
420 5656 650 5709 aesepn.

382 5713 494 5786 (39)
546 5716 735 5769 Monet
789 5714 1024 5782 Suidas,
1084 5712 1300 5787 aliique
1358 5715 1599 5791 ἱστορίας
1653 5718 1752 5776 sed
1796 5716 1957 5772 καθο-

2065 5211 2257 5284 λικῆς,
2293 5214 2739 5286 octogesimum
2807 5213 3066 5285 explesse
3124 5212 3361 5268 librum.
3418 5208 3710 5282 Josephus

2062 5302 2197 5342 vero
2227 5285 2398 5341 etiam
2429 5286 2501 5341 ad
2534 5287 2633 5343 124
2665 5303 2772 5342 nos
2802 5287 3049 5357 ablegat.

2136 5357 2251 5431 (40)
2282 5358 2389 5431 Pro
2414 5357 2696 5431 Σκυθικῶν
2732 5357 2842 5425 hic,
2871 5353 3004 5431 cu'm
3041 5372 3182 5431 mss.
3216 5353 3457 5431 aliquoi
3467 5355 3705 5431 μυθικῶν

2062 5425 2190 5500 lego
2215 5425 2241 5483 ε’
2264 5434 2319 5483 et
2349 5428 2499 5485 infra
2544 5430 2670 5484 cod.
2723 5445 2839 5499 seq.
2889 5429 2992 5500 lit).
3029 5445 3083 5484 ν.
3103 5425 3708 5500 __Ptolom.-Hepbgst.

2064 5496 2341 5628 εἱὲξῗοδί
2388 5501 2699 5570 OOJUIdam
2746 5496 2815 5556 τᾶ
2854 5498 3000 5556 κατᾶ
3044 5496 3208 5554 πόλιν
3252 5497 3451 5570 μυθικά
3481 5496 3711 5554 laudata

2062 5588 2251 5629 νιαθο.

2138 5644 2250 5716 (41)
2281 5644 2490 5703 Herodi
2523 5658 2646 5703 suo.
