4198 6216
464 382 584 446 607

474 592 759 648 Ptolemai
800 585 1194 657 Hephaestionis
1226 513 1391 657 (ivga
1433 580 1762 657 aduertam
1804 580 2113 652 parandam

825 652 1191 716 eruditionem
1230 654 1478 711 historzae
1517 652 1651 708 libri
1679 669 1759 709 vr.

548 751 675 818 Legi
710 746 1000 805 Ptolemaei
1032 743 1449 817 Hephaestionis
1476 743 1582 812 (42)
1614 744 1777 800 Novae
1804 743 1874 797 ad
1903 745 2117 798 variam

470 839 783 911 parandam
840 835 1205 893 eruditionem
1252 834 1441 888 146b
1497 833 1737 887 historia:
1786 832 1951 886 libros
1996 848 2112 886 sex.

477 927 675 999 Opem
725 926 972 995 pretium
1025 939 1162 980 sane
1217 922 1324 977 hoc
1374 938 1522 992 Opus
1566 921 1638 976 iis
1688 920 1963 987 attulerit,
2014 920 2114 991 qui

470 1016 529 1071 in
564 1016 891 1087 multijugm
935 1013 1179 1068 lectione
1206 1011 1463 1066 historia
1498 1012 1668 1067 horas
1699 1009 1977 1066 collocare
2008 1018 2117 1065 sat-

470 1114 668 1175 agunt.
740 1102 903 1160 Brevi
969 1102 1124 1158 enim
1193 1106 1455 1169 tempore
1521 1099 1809 1169 ejusmodi
1877 1098 2116 1154 collecta

472 1192 649 1249 simul
679 1192 1085 1265 cognoscenda
1128 1190 1475 1262 suppeditat,
1510 1206 1633 1260 quas
1673 1187 1908 1244 nonnisi
1942 1189 2115 1260 longo

471 1281 746 1352 temporis
803 1278 1104 1335 intervallo
1154 1278 1445 1351 quispiam
1503 1296 1604 1350 per
1658 1279 1837 1336 libros
1892 1279 2110 1350 passim

473 1372 736 1442 dispersa
783 1369 1071 1425 laboriose
1126 1374 1488 1439 comportare
1550 1369 1749 1439 possit.
1809 1367 2115 1425 Continent

472 1465 667 1517 autem
692 1458 1020 1529 prodigiosa
1039 1456 1247 1522 multa,
1278 1461 1335 1512 et
1357 1456 1500 1512 falso
1522 1457 1767 1514 conﬁcta
1792 1475 1805 1513 :
1841 1457 2114 1530 quodque

468 1547 787 1605 absurdum
805 1546 1010 1617 magis,
1029 1546 1414 1617 quarumdam
1429 1546 1603 1602 etiam
1625 1546 1966 1602 fabellarum
1982 1563 2116 1601 cau-

472 1654 594 1703 sas,
626 1637 698 1691 ob
732 1652 879 1708 quas
910 1651 1040 1692 vere
1089 1635 1349 1691 evenisse
1383 1635 1650 1706 putandae
1697 1636 1835 1704 sint,
1877 1637 2118 1692 reddere

472 1731 736 1783 conatur.
772 1726 900 1797 Ipse
922 1730 1115 1780 tamen
1144 1741 1341 1780 earum
1372 1724 1642 1780 collector
1672 1726 1977 1781 subinanis
2007 1728 2116 1791 est,

1671 374 1937 438 PHOTII
1983 375 2510 437 PATRIARCHJ‘J
2553 372 2669 433 ΟΡ.

3756 373 3883 433 608

2992 503 3103 582 ρι’.

2226 593 2575 669 Πτολεμαίου
2631 598 2726 669 τοῦ
2799 594 3217 669 ἩφαιστίωνοςΔ
3274 594 3407 669 lippi
3464 602 3567 669 τῆς
3640 594 3718 657 εἰς
3784 616 3886 652 πο.

2508 666 2780 737 λυμαθίαν
2812 665 3007 735 καινῆς
3039 666 3283 740 ἱστορέας
3316 665 3474 741 λόγοι
3508 668 3572 730 ς’.

2297 753 2741 829 Ἀνεγνώσθησαν
2774 753 3120 827 Πτολεμαίου
3163 758 3262 809 τοῦ
3310 754 3706 833 Ἠφαιστίωνος
3747 756 3883 832 Περὶ

2222 850 2320 913 τῆς
2379 842 2456 904 εἷς
2514 844 2858 915 πολυμαθίαν
2915 843 2963 879 ⁸⁸
3025 850 3217 912 καινῆς
3266 842 3510 917 ἱστορίας
3583 842 3748 919 λόγοι
3808 847 3875 910 ς’.

2225 936 2515 1009 Χρήσιμον
2549 935 2621 996 ὡς
2653 933 2873 1004 ἀληθῶς
2903 935 2964 988 τὸ
2999 929 3216 1010 βιϐλίον
3264 939 3382 997 τοῖς
3430 934 3555 1011 περῖ
3585 937 3688 1003 τὴν
3728 937 3884 994 ἱστο-

2225 1027 2379 1098 ρικήν
2436 1022 2780 1095 πολυμαθίαν
2838 1028 3019 1078 πονεῖν
3087 1021 3449 1097 ὡρμημένοις
3508 1041 3523 1057 ’
3584 1018 3702 1099 ἔχει
3772 1026 3882 1101 γὰρ

2226 1111 2414 1166 δοῦναι
2446 1110 2831 1187 συνειλεγμένα
2862 1113 2909 1148 ⁸ο
2942 1113 3147 1186 βραχεῖ
3176 1111 3364 1186 χρόνῳ
3406 1109 3625 1181 εἰδέναι,
3659 1112 3693 1167 ἆ
3740 1135 3884 1169 σπο-

2226 1200 2393 1276 ράδην
2441 1222 2524 1262 τις
2572 1206 2677 1256 τῶν
2742 1196 2975 1275 βιϐλίων
3010 1200 3291 1276 ἀναλέγειν
3344 1202 3509 1257 πόνον
3560 1199 3887 1278 δεδεγμένος

2227 1292 2433 1365 μακρὸν
2460 1290 2777 1365 κατατρίψει
2824 1290 2943 1364 βίον
2968 1292 3033 1347 ⁹⁰.
3065 1292 3228 1365 Ἔχει
3262 1289 3319 1345 δὲ
3366 1290 3555 1347 πολλὰ
3583 1292 3674 1346 καὶ
3723 1312 3893 1366 τερα-

2219 1377 2370 1449 τώδη
2417 1380 2505 1433 καὶ
2563 1377 2936 1448 κακόπλαστα,
2969 1380 3059 1434 καὶ
3113 1380 3176 1435 τὸ
3234 1379 3605 1454 ἀλογώτερον,
3660 1380 3745 1435 δτι
3795 1380 3891 1436 καὶ

2230 1467 2390 1524 ἔνίων
2445 1469 2719 1545 μυθαρίων
2756 1469 2954 1539 αἰτίας,
2987 1466 3057 1523 δι’
3107 1467 3168 1531 ἃς
3218 1468 3539 1540 ὑπέστησαν,
3568 1467 3894 1526 ἀποδιδόναι

2236 1564 2508 1634 πειρᾶται.
2542 1560 2599 1613 Ὀ
2642 1560 2826 1631 μέντοι
2874 1559 3090 1614 τούτων
3123 1558 3468 1634 συναγωγεὺς
3520 1559 3779 1623 ὑπόκενός
3828 1558 3895 1616 τέ

2226 1649 2336 1704 ἐστι
2415 1651 2506 1703 καὶ
2577 1649 2712 1723 πρὸς
2790 1647 3112 1718 ἀλαζονείαν
3188 1648 3544 1722 ἐπτοημένος,
3601 1650 3692 1704 καὶ
3769 1646 3894 1704 οὐδ’

2227 1738 2437 1800 ἀστεῖος
2482 1740 2585 1807 τήν
2644 1736 2806 1808 λέξιν.
2852 1743 3170 1815 ΙῙροσφωνεῖ
3200 1735 3257 1793 δὲ
3302 1739 3364 1793 τὸ
3422 1738 3702 1813 σύνταγμα
3749 1742 3900 1812 Τερ-

474 1823 531 1871 et
552 1816 611 1871 in
634 1816 1028 1887 arrogantiam
1051 1813 1340 1885 proclivis,
1358 1830 1544 1884 neque
1564 1815 1707 1870 satis
1723 1815 1980 1870 urbanus
1992 1814 2118 1882 ejus

2241 1826 2403 1898 ιύλλᾳ
2433 1829 2562 1895 τινὶ,
2612 1828 2675 1895 ἣν
2723 1829 2813 1882 καὶ
2873 1825 3158 1881 δέσποιναν
3203 1826 3427 1899 ἀνυμνεῖ
3472 1828 3563 1881 καὶ
3614 1829 3677 1882 τὸ
3727 1825 3895 1904 φιλο-

475 1919 691 1961 sermo.
717 1903 954 1959 Dedicat
976 1919 1147 1960 suum
1177 1919 1323 1974 cpus
1350 1903 1619 1960 Tertulla
1649 1903 1878 1959 cuidam
1908 1918 2120 1974 ;quam

479 2013 593 2053 non
627 1995 925 2051 dominam
950 1995 1135 2051 solum
1172 1997 1458 2059 nominat,
1481 1995 1580 2050 sed
1613 2010 1741 2050 eam
1765 1994 2006 2066 insuper
2034 1993 2124 2049 lit-

477 2085 617 2141 teris
646 2085 933 2155 variaaque
961 2084 1239 2139 doctrinas
1262 2084 1515 2138 deditam
1544 2083 1835 2155 praedicat.
1868 2081 2123 2140 Nonnul-

478 2172 821 2229 losinterim
856 2172 1227 2245 reprehendit
1257 2189 1478 2237 eorum,
1513 2172 1612 2244 qui
1644 2178 1775 2228 ante
1799 2189 1860 2228 se
1891 2173 2000 2228 hoc
2031 2190 2122 2228 ar-

481 2272 827 2335 gumentum
862 2278 976 2318 non
1009 2267 1164 2318 recte
1195 2266 1556 2318 tractassent.
1592 2262 1713 2318 Etsi
1744 2260 2019 2334 pleraque
2050 2264 2122 2319 ab

484 2350 613 2422 ipso
646 2356 908 2406 enarrata
941 2349 1061 2422 (illa
1092 2352 1361 2419 maxime,
1412 2368 1538 2423 quas
1584 2368 1687 2407 nec
1715 2352 2125 2424 improbabilia

484 2439 629 2508 sint,
660 2457 765 2496 nec
788 2440 898 2495 fide
917 2440 1178 2512 indigna)
1201 2440 1443 2510 variam,
1466 2444 1522 2496 et
1541 2440 1776 2512 cognitu
1801 2458 1915 2498 non
1936 2441 2127 2514 ingra-

483 2531 606 2584 tam
649 2530 954 2584 scientiam
986 2533 1323 2600 suggerunt.

555 2617 745 2673 Primo
792 2617 965 2690 igitur
1013 2618 1180 2684 libro,
1233 2616 1536 2687 Sephoclis
1586 2626 1823 2675 mortem
1874 2628 2125 2685 enarrat,

482 2704 785 2775 praemissa
817 2704 992 2759 etiam
1018 2703 1338 2761 Protesilai.
1369 2704 1504 2760 Dein
1526 2721 1754 2777 quoque
1783 2706 1854 2761 de
1885 2707 2127 2762 Hercule

482 2795 703 2859 scribit,
738 2800 803 2850 ut
833 2795 968 2866 igne
1004 2795 1182 2849 vitam
1226 2794 1339 2850 sibi
1371 2795 1696 2863 abstulerit,
1741 2797 1896 2869 quod
1929 2813 2127 2852 arcum

482 2900 655 2941 suum
690 2882 987 2940 intendere
1009 2899 1124 2939 non
1149 2889 1367 2955 posset,
1390 2901 1575 2941 annos
1602 2886 1724 2956 jam
1751 2890 1922 2942 natus
1954 2886 2125 2957 quin-

483 2973 783 3045 quaginta.
818 2972 898 3028 De
946 2971 1135 3029 Crasso
1185 2977 1414 3029 servato
1463 2975 1521 3029 in
1556 2991 1731 3045 rogo:
1782 2977 1852 3031 de
1880 2976 2124 3031 Achillis

2230 1916 2395 1991 λόγον
2426 1915 2565 1989 αὐτῇ
2596 1916 2685 1971 καὶ
2718 1914 3033 1988 πολυμαθὶς
3055 1914 3398 1991 ὲπιφημίζει.
3435 1911 3736 1971 Διαϐἀλλει
3770 1913 3818 1970 δ’
3840 1916 3890 1955 ⁹¹

2228 2006 2402 2067 ἐνίους
2433 2007 2519 2061 καὶ
2552 2010 2659 2059 τῶν
2706 2006 2812 2079 πρὸ
2845 2005 3013 2060 αὐτοϋ
3063 2006 3176 2079 οὐχ
3216 2005 3382 2081 ὑγιῶς
3418 1999 3780 2067 ἐπιϐαλόντας
3821 2007 3895 2077 τῇ

2232 2096 2499 2153 ὑποθέσει.
2535 2098 2619 2154 Τά
2663 2117 2724 2172 γε
2764 2098 2873 2169 μὴν
2920 2095 3153 2152 πλεῖστα
3190 2101 3298 2151 τῶν
3344 2095 3750 2171 ἱστορουμένων
3801 2095 3896 2149 ὑπ’

2232 2187 2417 2253 αὐτοῦ,
2450 2186 2541 2240 καὶ
2587 2184 2687 2240 ὅσα
2732 2190 2833 2241 τοῦ
2872 2184 3134 2240 ἀπιθάνου
3164 2188 3255 2240 καὶ
3301 2184 3529 2239 ἀπίστου
3576 2183 3889 2257 καθαρεύει,

2229 2273 2711 2348 παρηλλαγμένην
2737 2275 2892 2347 ὅμως
2923 2276 3016 2328 καὶ
3048 2273 3147 2329 οὐκ
3177 2275 3376 2348 ἄχαριν
3405 2271 3600 2329 ειδέναι
3631 2275 3731 2342 τήν
3784 2274 3897 2346 μάο

2233 2366 2392 2435 θησιν
2416 2364 2747 2440 ἓμπαρέχει.

2306 2621 2561 2699 Περιὲχει
2612 2618 2707 2692 μὶν
2740 2615 2835 2673 οὖν
2880 2617 2942 2673 τὸ
2991 2618 3036 2672 α’
3091 2611 3311 2691 βιϐλίον
3365 2615 3487 2689 περὶ
3541 2612 3897 2690 Σοφοκλέους

2232 2716 2334 2779 τῆς
2363 2709 2645 2777 τελευτῆς,
2676 2708 2767 2763 καὶ
2818 2707 2924 2783 πρὸ
2955 2706 3119 2761 αὐτοῦ
3167 2706 3287 2775 περὶ
3320 2708 3426 2770 τῆς
3478 2703 3893 2777 ιιρῶτεσιλάου,

2237 2801 2356 2855 εἶτα
2411 2798 2503 2852 καὶ
2551 2796 2675 2873 περὶ
2724 2803 2826 2865 τῆς
2878 2793 3232 2870 Ἡρακλέους,
3284 2794 3359 2855 ὡς
3412 2794 3545 2865 πυρὶ
3607 2792 3766 2847 αὐτὸν
3811 2793 3906 2846 ἂν·

2234 2887 2347 2944 εῖλε
2408 2890 2483 2959 μὴ
2544 2884 2791 2955 δυνηθεὶς
2848 2884 2913 2940 τὸ
2971 2884 3170 2939 οἰκεῖον
3213 2882 3436 2938 ὶντεῖναι
3492 2881 3647 2952 τόξον
3698 2901 3903 2950 πεντη-

2234 2974 2535 3044 κοντοότης
2591 2971 2901 3048 γενόμενος,
2959 2970 3081 3046 περί
3140 2990 3198 3025 τε
3253 2976 3356 3039 τῆς
3416 2968 3649 3044 Κροίσου
3718 2967 3769 3022 ἰν
3826 2972 3901 3040 τῇ

485 3063 745 3129 interitu,
781 3062 851 3117 de
882 3061 1054 3118 Laide
1076 3063 1377 3119 meretrice
1405 3063 1558 3120 ossis
1578 3064 1693 3134 (43)
1723 3062 1881 3120 olivas
1914 3065 2125 3121 haustu

2241 3069 2385 3137 πυρᾷ
2440 3062 2732 3136 σωτηρίας.
2790 3059 2913 3136 περί
2968 3080 3026 3115 τι
3081 3066 3182 3129 τῆς
3236 3057 3552 3133 Ἀχιλλέως
3609 3056 3903 3126 τελευτῆς,

490 3150 794 3208 exstincta.
841 3152 975 3215 Quae
1008 3150 1105 3206 ubi
1152 3151 1492 3223 singulatim
1525 3152 1742 3220 retulit,
1780 3155 1982 3209 eadem
2015 3171 2130 3209 non

485 3246 641 3297 recte
672 3241 744 3296 ab
775 3240 907 3296 aliis
938 3248 1109 3297 antea
1142 3240 1324 3297 fuisse
1354 3246 1605 3298 traclata
1634 3243 1819 3298 docet.
1854 3244 2136 3315 Deinceps

483 3345 617 3385 vero
650 3329 720 3383 de
751 3328 1074 3384 Alexandro
1110 3344 1242 3401 rege
1272 3335 1711 3397 commemorat,
1747 3332 1886 3388 dum
1926 3332 2133 3402 Ephesi

490 3417 859 3474 Palamedem
894 3418 1007 3489 (44)
1033 3435 1130 3489 per
1160 3418 1355 3475 dolum
1388 3420 1641 3476 occisum
1674 3421 1735 3476 in
1766 3421 1967 3478 tabula
1997 3438 2137 3492 spe-

492 3512 695 3572 ctaret,
716 3508 1015 3562 turbatum
1043 3508 1240 3563 animo
1264 3508 1462 3575 fuisse,
1478 3510 1625 3580 quod
1645 3509 1728 3564 illi
1751 3526 1847 3580 per
1869 3511 2134 3568 fraudem

491 3596 839 3667 interempto
868 3594 1081 3652 similis
1110 3601 1261 3652 esset
1300 3598 1688 3655 Aristoneicus
1735 3599 2045 3657 Alexandri
2075 3599 2135 3657 in

500 3684 630 3756 pilai
671 3684 805 3740 lusu
854 3684 1060 3741 socius.
1111 3691 1283 3741 Tanta
1336 3687 1613 3743 nimirum
1663 3696 1786 3745 erat
1829 3689 2135 3745 Alexandri

499 3774 682 3831 animi
711 3776 1120 3843 mansuetudo,
1143 3780 1485 3847 tantumque
1507 3777 1824 3835 amicorum
1849 3780 2132 3838 studium.

497 3862 646 3919 Illud
678 3864 889 3920 deinde
919 3866 1071 3936 apud
1104 3865 1532 3936 Euphorionem
1566 3868 1679 3937 (45)
1721 3868 1780 3924 in
1816 3870 2135 3939 Hyacintho

492 3954 823 4027 ignoratum
848 3970 863 4008 :

563 4041 719 4097 Solus
740 4042 971 4113 Cocytus
989 4058 1091 4097 sua
1120 4044 1353 4099 vulnera
1382 4044 1520 4101 lavit
1552 4044 1783 4102 Adonim
1809 4047 1961 4119 (46);

494 4131 604 4187 hoc
635 4131 759 4202 [ait]
790 4132 1123 4205 signiﬁcat:
1154 4133 1402 4205 Cocytus
1432 4134 1668 4205 quidam
1711 4137 1967 4205 nomine,
2000 4138 2131 4195 Chi-

495 4220 653 4277 ronis
684 4221 741 4275 in
777 4237 836 4278 re
867 4221 1094 4276 medica
1143 4220 1480 4291 discipulus,
1514 4225 1757 4281 Adonim
1806 4227 2032 4282 curavit
2061 4228 2132 4283 ab

494 4328 635 4382 apro
667 4313 1009 4366 sauciatum.
1046 4310 1238 4366 Refert
1262 4311 1401 4367 item
1431 4312 1622 4381 illum,
1651 4316 1749 4386 qui
1782 4317 1929 4383 apud
1965 4316 2135 4372 Hero-

2244 3154 2333 3209 καὶ
2364 3152 2489 3227 περὶ
2530 3148 2732 3214 Λαῖδος
2779 3157 2880 3220 τῆς
2930 3150 3168 3225 ἑταίρας,
3217 3148 3293 3211 ὡς
3342 3146 3660 3217 τελευτήσοι
3706 3145 3905 3200 ὀστοῦν

2246 3241 2432 3305 ἐλαίας
2485 3244 2841 3296 καταπιοῦσα.
2897 3239 3121 3297 Τούτων
3173 3234 3396 3292 ἕκαστον
3474 3233 3683 3309 διεξιὼν
3766 3234 3905 3289 ἀπο-

2246 3331 2487 3409 φαίνεται
2519 3332 2644 3390 τοὺς
2684 3330 2790 3405 πρὸ
2830 3328 2993 3384 αὐτοῦ
3032 3326 3385 3405 ἐσφαλμένως
3415 3326 3481 3380 τὰ
3520 3324 3644 3399 περὶ
3691 3324 3904 3379 τούτων

2248 3416 2542 3477 ὑπολαϐεῖν
2569 3441 2628 3476 τε
2662 3420 2751 3474 καὶ
2801 3419 3131 3494 ἀναγράψαι.
3165 3417 3393 3495 Ἐφεξῆς
3443 3412 3501 3470 δὲ
3547 3414 3671 3487 περὶ
3711 3412 3906 3484 Ἀλεξ-

2246 3507 2444 3585 άνδρου
2474 3513 2571 3565 τοῦ
2634 3505 2904 3583 βασιλέως
2962 3508 3150 3587 φησὶν,
3184 3506 3258 3566 ὡς
3315 3503 3368 3561 ἰν
3430 3503 3639 3581 Ἐφέσῳ
3706 3503 3904 3558 θεασᾶ-

2249 3620 2410 3673 μενος
2468 3595 2812 3671 Παλαμήδην
2874 3594 3349 3674 δολοφονούμενον
3383 3593 3434 3649 ἐν
3492 3592 3676 3647 πίνακι
3718 3590 3906 3664 ἔθορυο

2246 3684 2417 3760 ϐήθη,
2464 3686 2605 3744 διότι
2653 3687 2809 3759 ἐῴκει
2852 3691 2932 3757 τῷ
2991 3683 3449 3760 δολοφονουμὲνῳ
3497 3682 3904 3755 ’Δριστόνεικος

2246 3778 2273 3832 ὁ
2306 3778 2629 3854 σφαιριστὴς
2680 3772 3033 3849 Ἀλεξάνδρου
3067 3778 3084 3805 ‘
3133 3770 3383 3835 τοιοῦτος
3430 3772 3534 3847 γὰρ
3593 3772 3659 3840 ἦν
3709 3770 3901 3839 Ἀλέξ-

2244 3864 2436 3941 ανδρος
2478 3867 2541 3921 τὸ
2598 3866 2753 3934 ἦθος,
2802 3863 3049 3932 ἐπιεικὴς
3095 3861 3185 3917 καὶ
3244 3860 3581 3938 φιλέταιρος.
3619 3861 3752 3917 Εἶτα
3812 3860 3897 3915 δτι

2244 3956 2307 4011 τὸ
2345 3958 2477 4031 παρ’
2516 3953 2825 4033 Εὔφορίωνι
2854 3952 2907 4008 ἐν
2939 3952 3200 4024 Ὑακίνθῳ
3240 3949 3639 4025 ἀπορούμενον,

2316 4044 2569 4104 Κωκυτὸς
2626 4044 2674 4078 ³³
2730 4046 2928 4114 μοῦνος
3006 4042 3098 4119 ἀφ’
3147 4036 3311 4095 ’ἕλκεα
3385 4038 3535 4112 νίψεν
3594 4033 3833 4094 Ἄδωνιν
3877 4054 3894 4069 ·

2242 4132 2486 4189 τοιοῦτόν
2542 4132 2651 4187 ἐστι
2706 4150 2718 4163 ·
2780 4130 3030 4191 Κωκυτὸς
3087 4126 3282 4201 ὄνομα,
3341 4127 3613 4200 Χείρωνος
3671 4124 3759 4179 ἐπὶ
3826 4130 3893 4198 τῇ

2246 4222 2463 4296 ἰατρικῇ
2499 4222 2773 4295 μαθητὴς,
2806 4218 3124 4294 ἐθεράπευσε
3153 4221 3198 4255 ⁸³
3245 4217 3337 4271 τὸν
3366 4214 3600 4273 Ἄδωνιν
3652 4214 3756 4268 ὑπό
3796 4218 3895 4268 τοῦ

2245 4311 2369 4373 συὸς
2418 4311 2709 4385 τρωθέντα.
2744 4306 2903 4384 Λέγει
2937 4304 2984 4362 δ’
3032 4307 3117 4375 δτς
3150 4308 3177 4361 ὁ
3208 4305 3335 4380 παρ’
3389 4300 3671 4377 Ἡροδότῳ
3724 4301 3777 4356 ὲν
3827 4304 3896 4374 τῇ

493 4401 717 4463 dotum,
750 4398 893 4454 libro
925 4416 943 4454 ι
980 4399 1373 4468 Historiarum,
1414 4403 1485 4457 ab
1515 4403 1759 4459 Adrasto
1789 4404 1985 4461 Gordii
2018 4406 2125 4462 ﬂlic

2246 4402 2438 4476 πρώτῃ
2471 4405 2578 4456 τῶν
2618 4401 2895 4475 Ἱστοριῶν
2928 4398 3033 4454 ὐπὸ
3066 4395 3366 4473 Ἀδράστου
3390 4398 3489 4450 τοῦ
3539 4390 3769 4468 Γορδίου
3801 4392 3902 4448 ἀν-

2421 4492 2430 4501 Ι
2564 4491 2577 4501 ι
2599 4494 2608 4501 .
2684 4489 2729 4501 s-
2863 4487 2877 4501 0
2957 4486 2975 4501 ι
3022 4493 3044 4501 ..ι
3248 4485 3263 4501 \
3335 4485 3347 4501 9
3513 4485 3576 4501 Δ-
3776 4481 3791 4501 Ι
3842 4482 3857 4501 ἱ

495 4488 835 4542 interfectus
869 4487 1106 4555 dicitur,
1151 4490 1514 4561 Agathonem
1551 4490 1729 4547 fuisse
1756 4493 2135 4563 appellatum,

434 4578 441 4583 ”
496 4581 551 4630 et
580 4575 650 4629 de
680 4575 973 4632 coturnice
1015 4576 1246 4647 quidem
1287 4580 1724 4636 contendentem
1769 4582 2132 4640 occubuisse.

495 4664 773 4721 Cadmum
792 4681 1019 4736 quoque
1039 4671 1096 4722 et
1112 4665 1486 4724 Harmoniam
1509 4670 1567 4725 in
1587 4670 1781 4726 leones
1798 4688 1927 4728 esse
1946 4677 2136 4729 trans-

497 4754 779 4810 formatos
810 4752 946 4825 (47).
977 4754 1259 4812 Tiresiam
1303 4757 1375 4812 ad
1410 4757 1531 4815 hac
1562 4759 1809 4815 formam
1840 4777 2008 4817 suam
2039 4778 2134 4818 se-

2247 4512 2355 4566 ῃρη
2368 4492 2526 4565 μένος
2564 4489 2811 4565 Ἀγάθων
2859 4486 3128 4555 ἐκαλεῖτο,
3176 4485 3267 4542 καὶ
3324 4485 3672 4559 ἀναιρεθῆναι
3730 4481 3895 4536 αὑτὸν

2245 4582 2368 4655 περὶ
2428 4576 2659 4655 ὄρτυγος
2716 4577 3150 4658 φιλονεικοῦντα.
3211 4576 3317 4631 Καὶ
3376 4575 3450 4637 ὡς
3511 4569 3736 4644 Κάδμος
3806 4571 3895 4624 καὶ

2244 4669 2503 4743 ’Δρμονία
2550 4668 2625 4731 εἷς
2670 4668 2890 4729 λέοντας
2941 4665 3469 4745 μετεμορφώθησαν,
3507 4662 3593 4717 καὶ
3645 4660 3721 4721 ὡς
3774 4662 3899 4716 Τει-

2248 4760 2425 4836 ρεσίας
2456 4759 2675 4821 ἑπτάκις
2727 4757 3150 4831 μετεμορφώθη,
3184 4752 3275 4810 διὰ
3309 4753 3362 4808 τί
3406 4774 3465 4809 τε
3513 4751 3616 4806 ὑπὸ
3666 4751 3899 4823 Κρητῶν

1848 4878 2084 4936 νΑΒΙΔε
2123 4878 2430 4936 LECTION
2437 4879 2538 4935 ES.

564 4981 607 5016 ⁸³
637 4976 1012 5052 πολυμάθειαν
1182 4977 1251 5063 ,⁸³
1282 4978 1669 5055 συνειλεγμένα
1697 4983 2054 5114 ροειῐῶρόνιὶ
2075 4984 2235 5058 ponit
2425 4984 2473 5069 9?
2507 4984 2625 5054 βίον
2657 4987 2704 5042 Α
2740 5000 2754 5039 :
2784 4982 2986 5058 χρόνον
3127 5053 3155 5066 η
3176 4980 3219 5016 ⁹¹
3263 4974 3309 5032 δ’
3340 4993 3457 5035 om.
3493 4979 3558 5032 A.
3635 4976 3680 5011 ’³
3710 4974 3904 5032 Κωκυ-

564 5053 608 5114 ς]
642 5049 901 5112 Κωκυτός
929 5070 1017 5105 τοι
1046 5050 1320 5114 Scaliger.
1354 5050 1590 5114 ἂφέλκεα
1618 5056 1687 5111 A.
1720 5056 1794 5113 cf.
1887 5074 2013 5114 etne
2060 5098 2072 5110 .
2108 5058 2178 5114 de
2208 5056 2563 5114 Euohorlon.
2599 5074 2653 5114 D.
2685 5058 2774 5112 92.
2851 5055 2895 5091 ⁸³
2932 5054 3250 5114 θεραπευσαι
3281 5055 3349 5105 A.

489 5050 608 5125 τὸς]
642 5049 901 5112 Κωκυτός
929 5070 1017 5105 τοι
1046 5049 1320 5124 Scaliger.
1354 5049 1590 5129 ἄφελκεα
1618 5049 1794 5113 Α.ὀί.

2108 5058 2178 5114 de
2208 5054 2563 5130 Euphorion.
2599 5074 2653 5128 p.
2685 5054 2895 5112 92C“
2932 5054 3250 5128 θεραπεῦσαι
3281 5055 3349 5105 Α.

2078 5176 2309 5233 NOTE.

559 5281 680 5351 (42)
722 5280 933 5354 Suidas
979 5279 1152 5354 etiam
1203 5278 1393 5354 χέννον
1447 5282 1888 5352 agnominalum
1938 5287 2132 5342 tradit.

494 5352 643 5421 Lege
664 5353 813 5421 apud
847 5368 978 5407 eum
1007 5351 1175 5420 plura
1201 5351 1611 5410 :"ohserva’bic
1642 5354 1998 5413 latissimum
2019 5360 2134 5418 τοῖς

538 5420 825 5493 ιλομῦθοις
854 5422 1240 5496 ματαιόπονοις
1262 5441 1533 5496 campum
1564 5429 1797 5496 aperiri,
1819 5429 1961 5485 dum
1994 5447 2024 5485 e
2056 5436 2137 5486 tot

538 5444 825 5493 ιΛομυυοις
854 5444 1240 5493 ματαιοπονοις
1262 5444 1533 5496 campum
1564 5444 1789 5496 aperiri,

494 5444 671 5569 Eleis
696 5495 1096 5569 mendaciores
1129 5497 1333 5552 fabulis
1367 5498 1789 5569 procuduntur.

568 5566 678 5635 (43)
713 5566 784 5622 Ut
816 5569 981 5623 acino
1012 5584 1134 5623 uva:
1183 5566 1380 5638 passm'
1406 5571 1707 5627 Anacreon
1756 5577 1901 5628 teste
1932 5571 2136 5638 Plinio,

497 5637 598 5695 lib.
632 5653 712 5695 ιι.
744 5654 870 5695 can.
909 5639 966 5693 7.
1894 5685 1903 5688 -

519 5653 598 5695 ιι).
632 5653 712 5704 1x,
744 5654 870 5704 cap.
910 5653 966 5693 'I.
1894 5685 1903 5688 -

1020 5708 1274 5782 plurima
1312 5710 1556 5769 Philost.
1617 5713 1837 5772 Heroic.
1870 5685 2031 5771 sold.
2082 5719 2139 5772 et

2246 5290 2418 5343 Paus.
2460 5284 2680 5341 Phocis.

2340 5358 2429 5430 45)
2464 5358 2547 5430 Ad
2582 5355 2861 5430 Athenaeo
2891 5354 2999 5409 iste
3032 5352 3328 5430 gdductus
3358 5364 3473 5430 non
3513 5342 3716 5403 semel.

2343 5418 2429 5493 46)
2480 5429 2576 5484 Sic
2622 5433 2679 5483 et
2726 5426 2979 5494 Propert.
3032 5424 3188 5497 Eleg.
3238 5423 3345 5479 ult.
3397 5420 3500 5475 ltb.
3551 5435 3591 5485 ι,
3642 5418 3898 5473 mortuus

2246 5498 2902 5574 interna_vulneraluvit
2929 5512 3095 5568 aqua.
3203 5565 3229 5574 Δ
3322 5563 3351 5574 __
3412 5561 3448 5574 Α
3495 5560 3508 5573 _

2318 5572 2427 5641 (47)
2464 5572 2527 5626 In
2568 5586 2786 5642 angues
2834 5557 3146 5626 conversos
3196 5563 3362 5636 tingit
3408 5560 3573 5620 Ovid.
3616 5557 3901 5615 Metamor-

2246 5643 2398 5715 ρΙιοε.
2434 5658 2509 5698 ιν.
