4198 6216
275 328 392 388 609

1425 319 1966 383 BlBLIOTHECA.
2015 353 2091 366 --
2135 321 2305 384 COD.
2353 323 2528 384 CXC.

3563 329 3684 390 6l0

271 455 433 518 οὗτος
489 450 806 530 Φόρϐαντος
848 453 987 530 κόρη
1037 451 1305 509 ἰκαλεῖτο.
1356 455 1475 508 Ὅτι
1525 451 1864 526 Ἐρύμανθος
1895 452 1923 506 ὁ

2039 454 2187 527 pties
2210 464 2465 513 mutasse
2487 458 2621 531 (48),
2645 461 2822 515 etcur
2849 460 2998 530 apud
3026 461 3224 516 Cretas
3244 460 3371 534 ipse
3391 460 3689 519 Phorban-

270 555 404 614 παῖς
451 546 808 609 ’Λπόλλωνος
860 543 1174 624 ἐτυφλώθη,
1223 541 1363 600 διότι
1411 542 1519 599 ἴδοι
1567 543 1840 617 λουμένην
1885 546 1929 580 ⁸⁸

268 636 604 714 Ἀφροδίτην
659 637 766 692 ἀπὸ
812 636 912 706 τῆς
963 632 1256 696 Ἀδώνιδος
1305 635 1524 707 μίξεως,
1574 635 1662 688 καὶ
1721 633 1931 691 Ἀπόλ-

268 727 384 785 λων
432 726 664 800 μηνίσας
715 726 902 781 ἑαυτὸν
962 724 1040 787 εἷς
1095 724 1328 799 σύαγρον
1380 722 1787 798 μετεμόρφωσε,
1838 721 1928 776 καὶ

266 824 392 880 τοῖς
425 814 617 871 ὀδοῦσι
647 813 862 884 πλήξας
899 810 1081 868 ἀνεῖλε
1109 813 1200 866 τὸν
1242 807 1500 866 Ἀδωνιν.
1535 812 1663 882 [-573
1698 811 1788 884 R.]
1834 811 1930 865 Διὰ

263 907 317 962 τί
349 907 479 978 [244
520 904 668 978 1].]6
698 904 940 971 ποιητὴς
980 898 1270 960 πελειάδας
1310 898 1532 970 ἐποίησε
1569 905 1670 968 τῆς
1719 906 1929 976 τροφῆς

270 1000 382 1051 τῶν
433 997 569 1049 θεῶν
621 991 930 1060 διακόνους,
979 989 1067 1044 καὶ
1114 987 1235 1044 τίνα
1293 984 1642 1061 Ἀλέξανδρος
1690 988 1718 1041 6
1771 988 1929 1062 βασι-

275 1083 407 1146 λεὺς
464 1083 554 1138 καὶ
612 1078 1002 1157 Ἀριστοτέλης
1058 1077 1136 1140 εἷς
1191 1082 1351 1133 τοῦτο
1427 1077 1598 1145 εἷπον,
1655 1078 1746 1131 καὶ
1804 1076 1929 1151 περὶ

266 1173 522 1247 Ὀμήρου
550 1171 641 1226 καὶ
672 1165 999 1226 πελειάδων.
1053 1170 1170 1223 Ὅτι
1220 1166 1565 1240 Ἐπίγαρμος
1618 1167 1646 1220 6
1689 1167 1926 1236 ποιητὴς

265 1261 366 1316 ἀπ’
397 1259 710 1336 ’Δχιλλέως
738 1262 836 1313 τοῦ
869 1254 1099 1327 Πηλέως
1129 1255 1277 1311 εἷλκε
1323 1255 1384 1310 τὸ
1426 1253 1600 1330 γένος,
1648 1257 1766 1309 Ὅτι
1817 1254 1926 1309 1Ιᾶ-

263 1350 510 1425 τροκλον
570 1348 778 1426 ἐξόχως
835 1349 1085 1419 Ὅμηρος
1148 1342 1316 1400 ἱππέα
1363 1342 1524 1398 καλεῖ
1569 1344 1643 1406 ὡς
1691 1343 1838 1416 παρὰ
1882 1343 1928 1380 (⁵⁵

270 1436 621 1499 Ποσειδῶνος
667 1436 895 1511 ἐραστοῦ
941 1436 1229 1510 γεγονότος
1281 1433 1518 1506 μαθόντα
1567 1433 1665 1501 τὴν
1717 1434 1930 1507 ἡνιοχι-

265 1533 397 1600 κήν.
432 1532 552 1585 Ὅτι
586 1524 896 1596 Ὀδυσσεὺς,
928 1521 1067 1579 διότι
1110 1521 1225 1578 ὦτα
1283 1521 1495 1596 μεγάλα
1551 1523 1719 1600 εἶχεν.
1767 1522 1927 1583 Οὖτις

265 1620 540 1694 πρότερον
569 1617 842 1673 ἐκαλεῖτο·
877 1615 1034 1670 ὑετοῦ
1067 1610 1124 1668 δέ
1153 1634 1284 1690 φησι
1314 1610 1602 1687 γινομένου
1645 1613 1720 1684 μή
1774 1611 1932 1666 ἀντι-

266 1711 517 1783 σχοῦσαν
571 1708 672 1774 τὴν
725 1704 934 1778 μητέρα
991 1699 1184 1778 ἔγκυον
1243 1699 1401 1755 οὖσαν
1463 1699 1600 1754 κατᾶ
1652 1700 1749 1767 τὴν
1809 1696 1931 1754 ὁδὸν

264 1804 470 1864 τεκεῖν,
509 1795 602 1852 καὶ
631 1797 725 1851 τὸν
759 1791 1011 1850 Ὀδυσσέα
1060 1789 1152 1847 διὰ
1191 1795 1356 1846 τοῦτο
1404 1789 1578 1852 οὕτως
1629 1789 1930 1862 ὀνομασθῆ-

264 1909 379 1946 ναι.
439 1889 567 1944 Ὀτι
629 1885 920 1959 Περιτάνος
980 1883 1026 1918 ⁹⁶
1079 1902 1160 1944 τις
1228 1876 1403 1952 ὄνομα
1461 1878 1652 1954 Ἀρκὰς
1704 1880 1926 1949 Ἑλένην

269 1980 538 2032 συνοῦσαν
607 1969 947 2047 Ἀλεξάνδρῳ
1012 1971 1063 2025 ἐν
1132 1966 1388 2044 Ἀρκαδίᾳ
1478 1968 1523 2004 9"
1590 1967 1926 2043 ἐμοίχευσεν,

267 2062 626 2139 Ἀλέξανδρος
671 2061 719 2118 δ’
765 2062 927 2118 αὐτὸν
971 2062 1164 2130 ποινήν
1217 2066 1318 2128 τῆς
1370 2059 1622 2133 μοιχείας
1672 2058 1925 2132 εἰσπρατ-

263 2157 503 2229 τόμενος
535 2151 878 2227 έξευνοῦχισε
905 2153 970 2222 ⁸⁸,
1001 2151 1088 2205 καὶ
1137 2147 1187 2218 ἐξ
1238 2145 1444 2203 ἐκείνου
1493 2143 1752 2221 Ἀρκάδες
1796 2145 1924 2207 τοὺς

254 2243 560 2319 εὐνούχους
592 2245 639 2279 ’θ
667 2239 987 2311 περιτάνους
1044 2236 1322 2315 λέγουσιν.
1368 2237 1458 2297 Ὠς
1501 2235 1770 2310 Ἀχιλλέα
1825 2236 1920 2308 μὲν

258 2335 628 2408 ’Δριστόνικος
681 2333 708 2386 6
751 2333 1064 2404 Ταραντῖνος
1105 2321 1454 2399 διατρίϐοντα
1502 2325 1554 2381 ἐν
1604 2331 1722 2389 ταῖς
1780 2347 1922 2400 παρ-

256 2424 435 2485 Θένοις
463 2423 611 2497 παρὰ
643 2416 957 2493 Λυκομήδει
1010 2415 1348 2492 Κερκυσέραν
1399 2415 1677 2470 καλεῖσθαί
1731 2436 1917 2492 φησιν,

251 2511 514 2569 ὲκαλεῖτο
572 2509 629 2566 δὲ
691 2509 779 2564 καὶ
829 2507 1000 2563 Ἰσσᾶιν
1049 2505 1140 2560 καὶ
1199 2504 1413 2582 Πυῤῥάν
1459 2505 1546 2558 καὶ
1601 2505 1866 2566 ’Ἄσπετος
1899 2511 1917 2544 ί

246 2603 348 2657 καί
383 2599 723 2674 Προμηθεύς.
753 2601 876 2653 Ὅτι
908 2601 1150 2671 Βοτρύας
1173 2595 1201 2648 6
1232 2591 1468 2655 Μύνδιος
1495 2593 1624 2654 τοὺς
1655 2594 1675 2628 ³
1705 2588 1917 2664 Νιόϐης

247 2686 457 2751 παῖδας
512 2688 710 2750 πάντας
767 2687 868 2742 ὑπὸ
933 2682 1294 2745 Ἀπόλλωνός
1368 2703 1530 2760 φησιν
1593 2683 1913 2756 ἀνῃρῆσθαι.

249 2784 380 2836 Ὀτι
427 2777 672 2834 Ὀδυσσεῖ
725 2771 948 2832 ἕπεσθαι
1005 2771 1226 2829 δίδωσιν
1285 2773 1315 2828 6
1368 2774 1549 2848 πατὴρ
1611 2775 1918 2846 μνήμονα⁸

251 2867 500 2927 Μυΐσκον
549 2865 813 2940 τοῦνομα,
875 2863 1224 2938 Κεφαλλῆνα.
1275 2861 1474 2918 Εἵπετο
1521 2862 1610 2916 καὶ
1659 2859 1916 2938 Ἀχιλλεῖ

254 2962 504 3034 μνήμων
560 2952 808 3030 τοῦνομα
866 2957 1134 3026 Νοήμων,
1185 2950 1325 3028 γένει
1377 2947 1782 3026 Καρχηδόνιος,
1822 2951 1914 3007 καὶ

251 3045 570 3124 Πατρόκλῳ
602 3042 880 3120 Εὔδωρος.
931 3042 1286 3116 Ἀντίπατρος
1337 3037 1396 3096 δέ
1439 3061 1601 3119 φησιν
1647 3041 1675 3096 ὁ
1720 3042 1917 3096 ’Δκάν-

249 3141 377 3198 Θιος
447 3137 686 3211 Δάρητα,
743 3133 852 3208 πρὸ
902 3133 1148 3206 Ὀμήρου
1202 3130 1478 3206 γράψαντα
1531 3129 1631 3199 τὴν
1687 3127 1916 3198 Ἰλιάδα,

257 3229 526 3301 μνήμονα
577 3224 821 3301 γενέσθαι
886 3225 1159 3298 ’Έκτορος
1220 3220 1350 3295 ὑπὲρ
1405 3224 1502 3274 τοῦ
1576 3221 1654 3293 μή
1712 3219 1920 3275 ἀνελεῖν

253 3319 475 3391 ἑταῖρον
507 3311 844 3390 Ἀχιλλέως.
902 3312 1008 3369 Καὶ
1059 3308 1448 3386 Πρωτεσιλάου
1497 3306 1555 3364 δέ
1603 3330 1735 3387 φησι
1785 3310 1924 3383 Δάρ-

255 3403 426 3461 δανον
470 3405 733 3478 γενέσθαι,
788 3401 940 3477 γένος
997 3400 1292 3457 Θεσσαλόν.
1353 3398 1451 3453 Καὶ
1512 3397 1817 3474 Ἀντιλόχῳ
1867 3395 1923 3453 δὲ

257 3493 546 3554 Χάλκωνα
606 3493 950 3560 ὑπασπιστὴν
1008 3491 1095 3546 καὶ
1157 3491 1410 3562 μνήμονα
1479 3489 1583 3544 ὑπὸ
1648 3489 1920 3562 Νέστορος

260 3584 615 3658 συνεζεῦχθαι
645 3586 743 3638 τοῦ
783 3579 1009 3658 πατρός.
1049 3582 1230 3635 Ταῦτα
1277 3579 1372 3652 μὲν
1432 3576 1482 3632 ἐν
1530 3580 1598 3652 τῇ
1643 3579 1688 3632 α’
1741 3572 1921 3652 βίϐλῳ

253 3675 326 3730 τὰ
358 3672 646 3752 κεφάλαια.

336 3765 396 3819 ’Π
450 3760 507 3818 δὲ
618 3760 746 3836 περὶ
793 3757 1148 3836 Ἡρακλέους,
1199 3759 1273 3821 ὡς
1327 3757 1461 3831 μετᾶ
1508 3760 1530 3794 ⁴
1581 3759 1679 3828 τήν
1732 3759 1921 3831 μανίαν

264 3845 553 3925 ἐλλεϐόρῳ
609 3847 900 3924 καθαρθείη
963 3848 1067 3903 ὑπὸ
1126 3847 1479 3921 ’Δντικυρέως
1543 3849 1640 3901 τοῦ
1713 3845 1803 3900 καὶ
1858 3846 1921 3900 τὸ

263 3940 554 4019 φάρμακον
606 3937 858 4012 εὑρόντος
913 3937 976 3993 τὸ
1035 3935 1086 3992 έν
1155 3934 1443 4010 Ἀντικύρᾳ
1503 3941 1605 4004 τῆς
1672 3931 1922 3997 Φωκίδος

260 4027 598 4098 πλεονάζον,
627 4026 725 4082 κᾶν
766 4024 932 4082 ἄλλοι
962 4024 1151 4088 ἄλλως
1193 4024 1354 4082 αὐτόν
1406 4045 1536 4101 φασι
1568 4025 1919 4098 καθαρθῆναι.

258 4121 385 4173 ’Ότι
427 4116 674 4190 Νέστορά
720 4135 877 4194 φασιν
903 4117 928 4150 ⁵
956 4113 1233 4190 ἰρώμενον
1282 4110 1612 4187 Ἡρακλέους
1659 4112 1918 4189 γενέσθαι.

2040 549 2116 604 tis
2155 546 2231 603 sit
2272 547 2390 603 tilia
2438 547 2646 604 dictus.
2683 549 3105 622 Erymanthum
3153 550 3438 622 Apollinis
3491 551 3681 608 filium

2037 647 2404 704 excaecatum,
2436 640 2588 710 quod
2640 646 2771 710 post
2817 655 3192 712 congressum
3241 657 3372 698 cum
3423 643 3688 698 Adonide

2036 729 2324 785 lavantem
2364 730 2553 784 147a
2584 729 2866 785 Venerem
2934 731 3201 800 vidisset,
3233 735 3290 788 et
3354 731 3684 803 Apollinem

2037 816 2427 890 indignatum,
2460 817 2585 888 apri
2635 817 2822 873 forma
2851 818 3082 885 induta,
3113 820 3388 876 dentibus
3418 820 3685 876 vulnera-

2037 910 2163 962 tum
2214 921 2453 962 necesse
2490 906 2760 962 Adonim.
2795 909 2982 974 Quare
3031 913 3198 978 poeta
3245 908 3540 964 columbas
3569 909 3683 980 (49)

2038 995 2148 1050 cibi
2201 996 2441 1050 deorum
2491 995 2789 1052 ministras
2837 996 3053 1062 fecerit,
3085 1003 3139 1052 et
3168 996 3312 1068 quid
3357 998 3688 1054 Alexander

2035 1098 2154 1150 rex,
2177 1087 2354 1154 atque
2383 1083 2526 1139 adeo
2554 1083 2897 1139 Aristoteles
2921 1101 3099 1155 super
3128 1086 3236 1141 hac
3269 1101 3328 1140 re
3359 1087 3683 1142 censuerit:

2035 1175 2095 1228 et
2124 1173 2196 1226 de
2229 1175 2474 1228 Homero
2522 1172 2648 1239 ipso
2699 1177 2875 1243 atque
2917 1172 3226 1230 columbis.
3273 1175 3683 1247 Epicharmum

2038 1269 2264 1333 poetam
2297 1263 2366 1317 ab
2396 1261 2619 1319 Achille
2649 1261 2804 1318 Pelei
2835 1262 2952 1318 ﬁlio
2982 1278 3168 1334 genus
3215 1264 3445 1320 ducere.
3480 1265 3686 1320 Patro-

2037 1349 2189 1407 clum
2235 1368 2335 1421 per
2374 1351 2774 1408 excellentiam
2808 1351 3078 1422 Equitem
3113 1351 3185 1408 ab
3216 1356 3463 1410 Homero
3498 1354 3688 1410 nomi-

2038 1441 2163 1494 nari
2187 1441 2321 1513 (50),
2339 1441 2501 1509 quasi
2527 1458 2560 1494 ιι
2581 1442 2846 1512 Neptuno
2869 1441 3172 1513 aurigandi
3193 1448 3379 1498 artem
3395 1443 3686 1510 didicerit,

2038 1545 2171 1583 cum
2203 1528 2362 1584 illius
2395 1530 2488 1584 hic
2521 1534 2746 1586 amator
2776 1529 2901 1585 fuit.
2934 1529 3223 1602 Ulyssem,
3257 1532 3406 1600 quod
3440 1547 3688 1603 magnas

2041 1633 2210 1673 aures
2257 1616 2516 1684 haberet,
2564 1617 2740 1672 Outin
2791 1619 2958 1674 initio
2997 1618 3380 1691 appellatum.
3427 1623 3501 1675 At
3549 1618 3690 1690 quia

2043 1706 2236 1778 pluvia
2267 1706 2584 1780 aliquando
2613 1713 2836 1772 exorta,
2864 1725 2998 1763 cum
3045 1708 3294 1780 amplius
3327 1712 3557 1779 partum
3588 1723 3690 1781 ge-

2039 1802 2191 1852 stare
2243 1801 2427 1852 mater
2473 1796 2712 1868 gravida
2741 1813 2854 1851 non
2892 1802 3108 1868 posset.
3138 1798 3197 1852 in
3231 1797 3321 1873 via
3363 1805 3683 1870 pepererat,

2035 1885 2292 1957 Odyssea
2321 1885 2456 1941 inde
2485 1901 2612 1941 esse
2642 1886 3029 1942 nominatum.
3053 1890 3232 1943 Arcas
3254 1888 3492 1958 quidam
3526 1887 3687 1943 Peri-

2037 1982 2207 2029 tanus
2260 1973 2495 2030 nomine
2529 1973 2802 2030 Helenam
2852 1977 3004 2046 apud
3058 1976 3322 2032 Paridem
3355 1977 3415 2031 in
3447 1975 3687 2032 Arcadia

2034 2071 2298 2134 agentem
2327 2061 2686 2118 adulterarat
2708 2080 2722 2118 :
2747 2080 2928 2135 quare
2957 2063 3117 2119 Paris
3147 2064 3414 2122 adulterii
3450 2081 3678 2136 poenam

2031 2151 2316 2224 irrogans,
2349 2151 2622 2224 genitalia
2667 2151 2752 2206 illi
2800 2151 3079 2208 exsecuit.
3131 2151 3292 2208 Unde
3339 2154 3580 2221 factum,
3618 2157 3684 2208 ut

2029 2243 2281 2298 Arcades
2308 2243 2392 2297 sic
2421 2243 2659 2298 atl‘ectos
2697 2248 2874 2314 atque
2920 2252 3178 2300 exsectos
3224 2242 3550 2316 περιτάνους
3577 2261 3679 2300 v0-

2030 2336 2180 2389 cent.
2213 2330 2498 2388 Achillem
2541 2331 2907 2388 Aristonicus
2936 2333 3286 2389 Tarentinus
3333 2348 3468 2389 cum
3507 2332 3682 2404 virgi-

2030 2421 2203 2476 nibus
2259 2422 2414 2492 apud
2475 2421 2860 2493 Lycomedem
2919 2427 3246 2478 versantem
3305 2422 3680 2494 Cercyseram

2027 2509 2382 2582 appellatum
2441 2525 2567 2566 esse
2628 2510 2854 2566 scribit.
2905 2512 3070 2566 Issen
3122 2526 3357 2583 quoque
3403 2510 3681 2580 Pyrrham

2026 2603 2329 2670 Aspetum,
2361 2603 2534 2670 atque
2567 2598 2927 2666 Promethea,
2963 2600 3200 2672 Botryas
3230 2599 3371 2655 item
3405 2599 3680 2672 Myndius

2025 2687 2466 2744 Niobesliberos
2478 2704 2681 2744 omnes
2695 2688 2768 2743 ab
2783 2687 3050 2759 Apolline
3073 2688 3458 2758 interemptos
3478 2688 3679 2744 tradit.

2024 2777 2213 2850 Ulyssi
2256 2777 2384 2848 [ait]
2429 2777 2772 2833 monitorem
2822 2779 2932 2846 (51)
2986 2793 3196 2849 parens
3253 2777 3478 2833 addidit
3534 2775 3679 2846 Myi-

2023 2882 2190 2924 scum
2224 2867 2478 2934 nomine,
2511 2883 2579 2921 ex
2610 2865 2805 2922 insula
2829 2867 3199 2936 Cephalenia.
3231 2867 3595 2937 Sequebatur
3623 2868 3683 2922 et

2023 2954 2304 3013 Achillem
2337 2955 2592 3010 monitor
2621 2954 2889 3026 [Phoenix
2919 2955 3056 3026 (52)]
3089 2955 3346 3023 nomine,
3388 2956 3675 3026 prudens,

2031 3042 2379 3114 Calydonius
2410 3043 2521 3114 (53)
2554 3059 2796 3114 genere:
2831 3049 2897 3100 ut
2925 3050 2982 3100 et
3021 3043 3353 3101 Patroclum
3387 3044 3673 3100 Eudorus.

2030 3133 2310 3189 Caeterum
2353 3136 2657 3204 Antipater
2684 3133 3006 3188 Acantbius
3037 3133 3209 3190 refert
3246 3138 3500 3189 Daretem
3534 3132 3673 3205 (54),

2033 3223 2132 3294 qui
2162 3229 2296 3276 ante
2324 3222 2640 3278 Homerum
2673 3222 2898 3278 Iliadem
2928 3223 3296 3294 conscripsit,
3332 3222 3678 3279 monitorem

2033 3312 2214 3367 fuisse
2234 3310 2520 3380 Hectoris,
2543 3316 2957 3383 auctoremque
2980 3327 3052 3369 ne
3069 3311 3313 3368 Achillis
3334 3313 3561 3368 socium
3595 3311 3681 3365 in-

2030 3403 2342 3456 terimeret.
2375 3400 2470 3457 Sic
2499 3399 2811 3458 Protesilao
2842 3401 3009 3457 docet
3040 3401 3374 3457 Dardanum
3419 3398 3684 3464 etfuisse,

2032 3488 2252 3561 origine
2299 3488 2682 3546 Thessalum:
2724 3495 2782 3545 et
2823 3488 3133 3546 Antilocbo
3176 3488 3524 3546 Chalconem
3573 3490 3682 3543 Ar-

2036 3579 2318 3651 migerum
2340 3578 2605 3647 simul,et
2620 3579 2960 3636 monitorem
2975 3577 3257 3636 aNestore
3275 3585 3436 3651 patre
3457 3578 3678 3633 datum.

2033 3668 2161 3724 llaec
2193 3668 2367 3740 primi
2398 3667 2533 3723 libri
2563 3670 2776 3740 capita.

2101 3756 2294 3812 Altero
2324 3755 2532 3814 deinde
2572 3756 2719 3813 libro
2746 3757 2814 3812 de
2846 3757 3084 3813 Hercule
3111 3757 3251 3828 agit,
3284 3760 3349 3812 ut
3375 3774 3406 3812 a
3437 3756 3684 3812 demen-

2031 3847 2111 3902 tia
2163 3846 2416 3902 elleboro
2448 3846 2525 3901 sit
2552 3843 2830 3901 liberatus
2861 3846 2932 3900 ab
2960 3847 3288 3918 Anticyreo,
3320 3844 3420 3917 qui
3452 3844 3559 3900 hoc
3593 3859 3684 3900 re-

2032 3935 2290 3992 medium
2346 3935 2636 4006 Anticyraa
2690 3936 2804 4005 (55)
2859 3935 3127 3991 Phocidis
3186 3933 3350 3990 valde
3410 3935 3682 4005 frequens

2032 4025 2260 4097 primus
2288 4022 2534 4094 reperit:
2568 4025 2673 4080 etsi
2706 4025 2805 4080 alii
2838 4023 3009 4079 aliter
3038 4029 3346 4095 purgatum
3389 4022 3680 4079 memoria:

2033 4114 2430 4185 prodiderunt.
2445 4115 2489 4168 A
2506 4112 2746 4169 Nestore
2766 4129 2996 4185 quoque
3014 4113 3317 4169 Herculem
3342 4112 3682 4168 adamatum

255 4211 384 4263 Ὅτι
415 4206 477 4262 οὐ
531 4185 911 4277 Φιλοκτήτης,
952 4185 1136 4281 φησίν,
1183 4185 1730 4277 ἀλλὰ-Μόρσιμοςὸ
1778 4208 1921 4277 Τρα-

2034 4207 2246 4260 narrat.
2283 4202 2427 4259 Item
2459 4219 2572 4258 non
2604 4201 3007 4272 Philoctetem,
3040 4205 3139 4259 sed
3173 4202 3514 4259 Morsimum
3547 4200 3692 4257 Tra-

1629 4301 1866 4358 VARl/E
1915 4301 2215 4358 LECTION
2225 4301 2326 4358 ES.

338 4403 385 4438 ⁹⁴
419 4400 694 4474 λουμένην
738 4419 826 4473 pr.
860 4403 942 4457 A:
976 4397 1285 4471 λουομένην
1478 4399 1524 4434 οδ
1551 4398 1625 4459 ὡς
1674 4419 1748 4452 πα
1791 4399 1847 4526 ἓιὲ
1886 4399 2016 4455 libri
2067 4395 2270 4469 ὥσπερ.
2347 4399 2394 4435 ⁹⁶
2425 4397 2777 4471 Περιτέτανος
2975 4397 3021 4435 ’7
3072 4393 3335 4472 Ἀρκαδία
3397 4413 3546 4453 corr.
3580 4397 3624 4453 Α
3658 4412 3674 4453 :

338 4472 480 4526 δκάδι
508 4473 588 4526 C'.
667 4473 718 4508 ’8
746 4470 1086 4526 ἐξευνούγισε
1140 4475 1232 4526 A:
1287 4490 1353 4524 τα
1399 4465 1701 4526 παιδογόνα
1748 4417 1822 4526 Ξπ
1851 4491 1980 4526 reus
2011 4470 2090 4526 ς’.
2168 4472 2212 4506 ’9
2259 4469 2558 4526 εὖνούγους
2602 4475 2695 4526 A:
2753 4464 2896 4524 οὕτω
2945 4470 3209 4526 παθόντας
3266 4468 3357 4524 καὶ
3413 4467 3674 4526 ἐκτετμη-

262 4472 480 4546 Δρκάδι
651 4465 718 4508 ’θδ
741 4465 1086 4546 ἕξευνοόχισε
1119 4465 1186 4527 Ἀ
1219 4465 1356 4546 {ft}:—
1399 4465 1701 4546 παιδογόνα
1748 4465 1822 4526 ἆπ

368 4491 480 4530 ιαοι
508 4491 521 4512 ί
575 4515 588 4529 .
669 4491 718 4508 ὀ
746 4491 1086 4546 εξευνουχισε
1140 4491 1232 4528 ΛΞ
1287 4491 1353 4524 τα
1399 4491 1561 4524 παιοο
1605 4491 1701 4524 ova
1748 4491 1858 4526 απε·

368 4567 461 4620 ους
610 4545 956 4620 ζνΔσπετος]
983 4543 1283 4620 Plutarchi
1315 4544 1516 4620 locum
1531 4491 1737 4620 (ἄγνω-
1757 4546 1858 4616 οι.)

262 4610 561 4695 Κεφαλῆ·ἶα
751 4617 776 4653 ⁴
803 4610 1051 4689 κατῖ
1127 4615 1152 4648 ⁵
1181 4633 1342 4693 τρησιν
1372 4617 1435 4669 Α.
1469 4610 1554 4686 οὺ]
1587 4610 1615 4668 6
1647 4619 1712 4671 A.

1851 4491 1980 4542 τεμε
2011 4470 2099 4545 ς.
2155 4467 2558 4545 -θθίεύνούχους
2602 4475 2695 4545 Α]
2753 4467 2896 4545 οὕτω
2945 4467 3228 4545 παθόντας
3266 4468 3357 4524 καὶ
3408 4467 3679 4545 έκτετμη-

1889 4537 2132 4616 appJnit
2155 4537 2512 4617 Leichiua"p.
2552 4559 2608 4602 x.
2641 4543 2661 4576 ²
2692 4540 2824 4606 τοὺς
2852 4546 2900 4598 A
2925 4557 2937 4597 :
2966 4548 3066 4612 τῆς
3097 4540 3180 4615 ς.
3211 4543 3232 4577 ⁸
3263 4537 3676 4616 μημόσυνας.

1861 4713 2096 4770 NOT/E.

339 4816 455 4886 (38)
487 4815 637 4886 Lege
665 4812 935 4886 E_ustath_.
960 4811 1030 4866 ad
1064 4809 1250 4886 Qdyss.
1285 4810 1350 4886 Κ.

339 4882 458 4956 (t9)
491 4882 813 4946 Ηελειάδας.
875 4883 1018 4939 Vide
1077 4883 1341 4938 Eustath.
1400 4883 1470 4938 ad
1528 4899 1758 4940 versum
1813 4884 1921 4938 639

267 4958 461 5015 0duss.
496 4959 567 5012 Μ.

487 4977 634 5083 θίόο
663 5026 929 5100 Eustatb.
957 5025 1029 5082 ad
1062 5041 1302 5100 versum,
1321 5025 1392 5100 83
1422 5025 1610 5100 Odyss.
1641 5030 1710 5100 Μ.

339 5097 453 5167 (Si)
481 5100 777 5170 Μνήμονα.
815 5099 1259 5170 Ρωᾶοεοεοιιυιῃ
1293 5097 1382 5170 id,
1405 5099 1522 5153 sive
1555 5098 1746 5169 potius
1775 5115 1917 5170 con-

265 5167 627 5228 siliariorum
648 5167 1211 5238 Intimorum'ge’nus,
1227 5168 1501 5225 beroihus
1523 5167 1655 5224 addi
1680 5167 1916 5226 solitum

264 5242 889 5312 maximejunioribus.
913 5241 1119 5312 Quales
1151 5242 1267 5295 fere
1299 5239 1468 5296 hOdIO
1497 5244 1917 5312 gubernatores

263 5315 514 5384 majoris
536 5311 852 5397 potestatis
890 5311 1310 5384 signiﬁcativos
1350 5311 1737 5385 appellamus.
1772 5313 1918 5377 Quo-

266 5388 444 5443 modo
475 5391 650 5441 etiam
684 5389 830 5441 dixit
858 5384 1026 5441 Stat.:

266 5400 444 5444 ωοαο
475 5400 650 5441 etiam
684 5400 830 5441 αιχιι
858 5400 1026 5441 διελς

405 5457 668 5516 Indomiti
697 5455 934 5514 Phamix
961 5453 1273 5512 moderator
1297 5454 1532 5511 alumni.

727 5529 864 5601 (ενι.
894 5544 948 5596 v,
984 5526 1216 5599 Epiced.
1247 5526 1306 5581 in
1341 5531 1610 5601 patrem.)

257 5599 522 5659 Similem
555 5599 696 5657 huic
741 5599 1186 5671 piadagogorum
1235 5599 1561 5671 catalogum
1594 5599 1674 5669 (in

259 5674 507 5734 Phanix
550 5668 764 5733 Achilli
815 5668 1090 5742 tributus)
1123 5668 1246 5744 lege
1277 5668 1642 5744 apudGlem.

1747 5615 1821 5656 uo
1860 5604 1916 5656 et

1745 5686 1912 5730 01811.

2169 4829 2186 4866 ι
2217 4811 2533 4884 Paedagogi,
2565 4828 2614 4870 ο.
2647 4811 2702 4866 8.
2737 4809 2820 4868 Cf.
2855 4811 3145 4868 Plutarch.
3180 4812 3236 4866 in
3269 4811 3538 4883 Praecch
3577 4824 3677 4882 po-

2055 4900 2074 4938 ι
2100 4900 2187 4938 12.

2055 4885 2187 4939 ilia.

2101 4957 2210 5024 (5'2)
2243 4956 2434 5011 Ausus
2456 4971 2586 5011 sum
2619 4954 3135 5027 celebratissimum
3160 4956 3310 5027 apud
3335 4969 3544 5027 omnes
3572 4967 3678 5008 no-

2031 5041 2163 5081 men
2195 5023 2293 5099 bicﬁ
2345 5027 2637 5083 inserere:
2672 5025 2816 5081 nihil
2861 5026 3139 5082 dubitans
3187 5023 3328 5099 quin
3358 5025 3420 5079 τὸ
3449 5023 3672 5095 νοήμων

2029 5098 2463 5168 prudentissimi
2496 5100 2599 5153 viri
2628 5099 2923 5168 epitheton
2959 5101 3147 5154 fuerit.

2101 5170 2213 5241 (53)
2237 5173 2327 5226 Sic
2350 5171 2506 5242 enim
2541 5170 2634 5224 hic
2667 5162 2815 5224 h1an
2841 5170 3024 5241 legere
3049 5187 3221 5242 quam
3246 5162 3631 5242 Καρχηδόνιος
3653 5181 3668 5222 :

2027 5239 2132 5312 etsi
2182 5257 2296 5296 non
2343 5241 2624 5307 ignorem,
2656 5239 2959 5311 Scepsium
3003 5239 3157 5312 apud
3208 5239 3405 5296 Strab.
3439 5239 3539 5295 lib.
3572 5255 3671 5308 xu,

2028 5311 2259 5368 Thessal.
2292 5315 2628 5369 Ormenium
2662 5313 2950 5368 Phoenicis
2983 5311 3230 5384 patriam
3263 5314 3469 5367 facere.

2099 5385 2209 5454 (54)
2242 5385 2414 5440 Dares
2444 5386 2616 5439 etiam
2645 5385 2884 5453 quidam
2933 5381 3204 5441 sacerdos
3257 5385 3559 5454 Troianus,
3595 5381 3670 5438 ab

2023 5457 2273 5512 Homero
2304 5456 2572 5511 laudatus
2603 5454 2758 5511 Iliad.
2785 5454 2844 5512 E.
2867 5458 2939 5527 At
2969 5457 3120 5527 quod
3153 5459 3213 5511 in
3247 5457 3520 5511 manibus
3543 5453 3667 5523 jam

2023 5529 2094 5584 de
2125 5527 2275 5584 bello
2316 5528 2568 5600 Trojano
2600 5528 2832 5594 Poema,
2866 5525 3057 5584 Dareti
3108 5529 3254 5584 falso
3303 5527 3670 5600 suppositum

2023 5604 2265 5656 censent
2293 5599 2528 5655 eruditi.

2093 5670 2204 5746 (55)
2240 5671 2382 5729 Vide
2411 5667 2734 5731 Proverbia.
