4198 6216
457 324 575 382 611

1668 318 1927 381 ΡΗΟΤΠ
1974 321 2508 385 ΡΑΤΒΙΑΒΟΗᾸΞ
2550 322 2667 383 CP.

3758 321 3885 387 812

454 451 719 510 cbinium
752 467 949 523 pyram
984 450 1213 507 Herculi
1244 451 1592 508 incendisse.
1625 450 1932 508 Herculem
1965 468 2111 525 prm-

2224 452 2403 533 χίνιος
2455 452 2663 530 ὑφῆψεν
2714 448 2977 526 Ἡρακλεῖ
3020 452 3121 521 τὴν
3170 450 3365 522 πυράν.
3426 451 3549 506 Ὅτι
3599 449 3883 522 Ἡρακλῆς

456 539 1265 609 terea,devoratoaNemezeo
1313 542 1475 597 leone
1516 541 1699 597 14Ὶὺ
1739 540 1919 611 digito
1966 557 2107 611 uno,

460 649 664 688 novem
687 634 970 686 duntaxat
990 631 1204 702 digitos
1228 630 1527 697 habuisse,
1555 637 1894 703 exstareque
1916 636 2111 689 tumu-

458 722 579 777 lum
613 720 779 791 digiti
811 719 1017 775 avulsi.
1052 719 1162 774 Alii
1193 725 1389 775 tamen
1441 720 1752 791 pastinaca
1782 721 1895 792 (56)
1931 721 2113 791 piscis

457 810 659 865 aculeo
708 808 955 880 digitum
1007 810 1291 865 amissum
1325 810 1537 865 ferunt.
1576 811 1819 866 Leonem
1866 826 2002 866 vero
2040 826 2109 865 ex

456 898 649 970 lapide
677 898 1087 956 Lacedaemone
1108 898 1302 955 videre
1324 904 1412 955 est
1432 899 1596 971 digiti
1625 899 1848 955 tumulo
1870 898 2110 971 imposi-

458 998 601 1055 tum,
648 987 977 1061 symbolum
1031 988 1313 1044 nimirum
1360 987 1619 1045 Herculei
1670 988 1912 1046 roboris.
1950 988 2111 1045 Unde

460 1095 587 1136 mos
617 1078 855 1135 inolevit
885 1080 947 1136 in
979 1079 1336 1151 reliquorum
1369 1095 1603 1152 quoque
1633 1079 1941 1151 sepulcris,
1964 1077 2110 1149 lapi-

460 1172 599 1227 deos
631 1175 889 1228 statuere
920 1169 1136 1226 leones.
1172 1173 1386 1226 Verum
1419 1169 1518 1225 alii
1548 1169 1712 1226 aliter
1744 1170 1815 1225 de
1846 1170 2011 1225 leone
2050 1168 2110 1223 in

461 1260 630 1333 cippo
681 1260 1077 1316 monumentis
1123 1259 1395 1331 imposito
1439 1259 1697 1314 tradunt.
1734 1258 1810 1314 Ex
1850 1257 2111 1314 Herculis

462 1366 595 1421 rogo
628 1364 900 1419 magnam
934 1347 1297 1404 locustarum
1329 1348 1443 1403 vim
1474 1353 1730 1417 enatam,
1762 1364 1891 1419 qua
1922 1346 2114 1419 regio-

465 1456 596 1496 ncm
630 1438 809 1495 veluti
842 1444 1003 1511 peste
1033 1438 1301 1506 vastavit,
1332 1442 1388 1493 et
1418 1454 1532 1509 quo
1565 1438 1738 1493 modo
1769 1452 1832 1492 ea
1864 1436 1988 1492 lues
2009 1452 2113 1492 ex-

462 1528 676 1585 stincta
700 1528 892 1583 fuerit.
923 1527 991 1583 Ut
1012 1526 1210 1582 Venus
1242 1532 1472 1597 propter
1490 1525 1835 1593 Adonidem,
1858 1542 2030 1582 suum
2054 1529 2112 1580 et

461 1618 728 1674 Herculis
766 1617 1073 1684 amasium,
1107 1615 1355 1672 Nessum
1385 1615 1759 1686 Centaurum,
1792 1631 1941 1686 quas
1972 1615 2109 1671 Her-

459 1706 575 1762 culi
600 1705 842 1762 insidias
866 1710 1136 1771 strueret,
1158 1704 1472 1761 edocuerit.
1502 1708 1573 1759 Ut
1594 1704 1827 1771 Nireus,
1853 1705 2115 1777 Symzeus

2216 537 2632 617 ἀποϐρωθέντος
2680 540 2830 612 αὐτῷ
2876 539 2902 576 ⁸
2947 542 3055 594 τῶν
3113 536 3398 595 δακτύλων
3458 536 3578 600 ὶνὸς
3630 536 3736 593 ὑπό
3783 540 3885 594 τοῦ

2221 632 2490 707 Νεμεαίου
2557 632 2779 693 λέοντος
2848 628 3265 693 ἰννεαδάκτυλος
3332 628 3542 705 γέγονε,
3612 629 3703 683 καὶ
3768 624 3882 685 ἔστι

2216 725 2386 799 τάφος
2452 726 2553 778 τοῦ
2620 717 3024 795 ἐκκεκομμένου
3083 718 3375 775 δακτύλου·
3437 719 3488 774 οἱ
3556 716 3614 774 δὶ
3674 720 3882 795 κέντρῳ

2217 813 2476 887 τρυγόνος
2512 805 2812 867 ἀποϐαλεῖν
2860 810 2951 864 τὸν
3003 806 3269 864 δάκτυλον
3322 805 3542 887 ἔφασαν.
3596 809 3802 863 Λέοντα
3835 804 3882 863 δ’

2218 896 2360 956 ἔστιν
2406 897 2537 955 ἰδεῖν
2580 904 2658 972 τῷ
2699 902 2798 955 τοῦ
2838 895 3112 955 δακτύλου
3161 896 3315 975 τάφῳ
3355 897 3629 975 ἐφεστῶτα
3668 896 3882 952 λίθινον

2219 990 2270 1046 ἐν
2306 986 2694 1063 Λακεδαίμονι,
2746 982 3027 1061 σύμϐολον
3079 993 3179 1057 τῆς
3228 990 3325 1042 τοῦ
3372 984 3557 1061 ἥρωος
3605 987 3625 1023 ⁷
3677 984 3881 1055 ἀλκῆς.

2219 1080 2305 1150 Ἐξ
2336 1076 2541 1135 ἐκείνου
2589 1076 2645 1135 δὲ
2684 1077 2773 1133 καὶ
2823 1081 2939 1139 τοῖς
2988 1074 3177 1131 ἄλλων
3232 1075 3425 1154 τάφοις
3485 1074 3725 1137 λιθίνους
3784 1073 3884 1149 ἑφ-

2224 1172 2409 1223 ιστῶσι
2439 1170 2460 1205 ⁸
2493 1168 2736 1231 λέοντας.
2772 1164 2971 1222 ’Δλλοι
3003 1163 3051 1220 δ’
3081 1163 3272 1229 ἄλλως
3300 1164 3423 1239 περί
3453 1170 3554 1233 τῆς
3580 1168 3676 1219 τοῦ
3717 1162 3884 1219 λέον-

2217 1279 2311 1320 τος
2376 1257 2812 1328 ἀναστηλώσεώς
2870 1277 3050 1335 φασιν.
3118 1256 3207 1318 Ὠς
3272 1254 3332 1309 ἐκ
3397 1261 3495 1325 τῆς
3547 1254 3884 1329 Ἡρακλέους

2219 1353 2393 1423 πυρᾶς
2443 1344 2679 1423 ἀκρίδων
2721 1346 2746 1382 9
2782 1342 2999 1416 πλῆθος
3040 1345 3359 1423 ἀνήφθησαν
3404 1344 3497 1399 καὶ
3536 1342 3742 1417 λοιμοῦ
3792 1341 3886 1399 δί-

2220 1458 2320 1508 κην
2378 1436 2479 1505 τήν
2530 1436 2717 1515 χώραν
2779 1432 3041 1505 ἐσίνοντο,
3098 1432 3189 1488 καὶ
3245 1433 3321 1493 ὡς
3376 1432 3734 1508 ἀνῃρέθησαν.
3795 1433 3887 1494 Ὧς

2220 1522 2516 1603 Ἀφροδίτη
2552 1521 2622 1579 δι’
2669 1521 2900 1579 ’Ἄδωνιν
2950 1523 3045 1578 τὸν
3090 1521 3259 1592 αὐτῆς
3303 1541 3362 1577 τε
3407 1522 3497 1577 καὶ
3544 1520 3888 1595 Ἡρακλέους

2223 1615 2497 1689 ἐρώμενον
2546 1611 2745 1668 Νέσσον
2798 1613 2893 1668 τὸν
2951 1613 3250 1685 Κένταυρον
3306 1608 3537 1681 διδάξειε
3593 1613 3694 1680 τὴν
3742 1610 3883 1666 κατὰ

2223 1704 2554 1780 Ἡρακλέους
2613 1699 2848 1777 ἐνέδραν.
2917 1708 3003 1763 Ὠς
3070 1700 3270 1778 Νιρεὺς
3327 1701 3355 1755 6
3423 1705 3669 1773 Συμαῖος
3724 1700 3889 1775 Ἡρα⁶

457 1793 719 1851 Herculis
750 1794 1036 1861 amasius,
1069 1797 1270 1849 contra
1314 1792 1675 1849 lleliconium
1723 1791 1949 1848 leonem
2003 1808 2111 1849 una

2222 1759 2417 1857 xl‘éouc
2455 1759 2864 1865 ﬁv'éptbpsvoc,
2918 1759 3047 1865 [265
3095 1759 3192 1861 Hi]
3238 1759 3328 1846 καὶ
3379 1759 3884 1865 συγκατειργάσατο

457 1883 766 1957 pugnarit:
802 1882 1043 1954 quidam
1095 1886 1291 1937 tamen
1324 1882 1581 1937 Herculis
1615 1882 1797 1936 tilium
1830 1880 2002 1937 Nirea
2032 1880 2117 1937 fa-

460 1975 645 2030 ciunt.
682 1974 958 2038 Quasnam
998 1972 1114 2028 sint
1147 1971 1258 2027 illas
1284 1972 1436 2043 apud
1472 1976 1704 2043 poetam
1738 1972 1959 2043 gratias,
1983 1986 2114 2027 cum

460 2062 679 2134 quibus
711 2060 1006 2132 Euphorbi
1039 2061 1227 2116 crines
1258 2064 1551 2130 componit
1578 2062 1716 2130 (57).
1743 2060 2050 2116 Herculem
2083 2077 2119 2117 α

460 2151 636 2206 natali
668 2150 866 2205 Nilum
901 2149 1079 2206 fuisse
1108 2148 1462 2221 appellatum
1490 2150 1690 2205 asserit
1715 2165 1730 2204 :
1755 2156 1811 2205 at
1834 2155 1963 2220 post
1993 2166 2113 2206 ser-

460 2245 657 2299 vatam
706 2239 1022 2307 Junonem,
1064 2240 1382 2297 interfectis
1422 2239 1523 2311 qui
1563 2239 1723 2294 illam
1767 2239 2117 2294 invadebant

460 2332 766 2399 Anonymo
789 2333 847 2384 et
871 2329 1154 2401 Peripnoo
1178 2328 1539 2401 gigantibus,
1563 2328 1767 2384 exinde
1790 2330 1963 2400 (quod
1992 2328 2115 2386 bel-

461 2418 583 2474 lum
608 2418 885 2474 aJunone
908 2417 1295 2489 proﬂigasset)
1315 2434 1526 2473 nomen
1553 2432 1831 2474 mutasse.
1850 2417 2115 2474 Auderus

458 2506 721 2562 Herculis
760 2508 1039 2573 amasius,
1064 2522 1197 2562 cum
1230 2508 1298 2562 de
1330 2507 1507 2579 hujus
1538 2523 1677 2580 rogo
1709 2508 1930 2564 Theseo
1961 2524 2113 2563 nun-

456 2598 682 2665 tiuseet,
700 2596 774 2651 ab
798 2597 1000 2652 eodem
1024 2604 1107 2651 est
1133 2597 1538 2669 interemptus.
1564 2598 1881 2653 Dimidium
1906 2597 2111 2670 Hydra

455 2690 630 2759 caput
658 2702 901 2742 aureum
934 2685 1132 2754 fuisse,
1159 2691 1359 2743 auctor
1389 2692 1477 2743 est
1506 2688 1869 2743 Aristonicus
1894 2692 2112 2742 Taren-

456 2781 636 2834 tinus.
687 2776 1015 2833 Alexander
1059 2793 1194 2834 vero
1242 2778 1512 2851 Myudius
1556 2782 1752 2846 refert,
1793 2780 2108 2835 draconem

454 2871 604 2924 terra
632 2867 893 2939 genitum
930 2882 1045 2923 una
1074 2883 1208 2923 cum
1231 2867 1476 2925 Hercule
1500 2884 1809 2941 pugnasse,
1834 2870 2109 2925 adversus

454 2956 787 3013 Nemeaeum
850 2956 1110 3013 leonem:
1153 2975 1328 3029 quem
1386 2963 1443 3015 et
1502 2959 1819 3015 enutritum
1872 2960 1986 3031 (58)
2033 2958 2107 3016 ab

455 3046 723 3115 Hercule,
746 3046 1086 3119 Thebasque
1109 3046 1351 3104 ductum
1380 3048 1435 3104 in
1461 3049 1635 3120 hujus
1666 3049 1913 3105 tentorio
1947 3064 2109 3104 man-

454 3137 624 3204 sisse,
648 3136 1038 3208 eumdemque
1065 3135 1233 3192 illum
1259 3152 1408 3207 esse,
1432 3138 1526 3208 qui
1552 3137 1745 3209 pullos
1772 3138 1883 3211 (59)
1908 3152 2107 3210 passe-

452 3224 531 3280 ris
574 3240 704 3280 cum
747 3225 1103 3291 devorasset,
1138 3226 1194 3280 in
1247 3225 1499 3297 lapidem
1551 3241 1864 3282 conversus
1912 3224 2107 3281 fuerit.

456 3317 608 3387 Argo
637 3330 839 3370 navem
872 3315 929 3370 in
952 3318 1094 3379 Ossa
1110 3314 1423 3371 Thessalia:
1457 3321 1652 3371 monte
1683 3315 1953 3370 Hercules
1977 3312 2109 3385 qui-

458 3404 591 3460 dem
609 3402 1019 3460 exasdiflcavit:
1045 3419 1255 3460 nomen
1278 3420 1410 3460 vero
1429 3405 1538 3477 ipsi
1567 3405 1817 3460 inditum
1843 3404 1913 3460 ab
1936 3405 2110 3475 Argo,

456 3492 692 3549 Jasonis
724 3493 865 3559 filio,
890 3494 990 3564 qui
1020 3492 1133 3565 ipsi
1165 3493 1222 3548 in
1256 3493 1481 3549 deliciis
1512 3498 1654 3561 erat,
1680 3498 1914 3567 propter
1935 3509 2109 3565 quem

460 3583 636 3639 etiam
667 3582 766 3638 ille
798 3599 915 3638 una
945 3597 1075 3638 cum
1106 3581 1319 3639 Jasone
1350 3582 1423 3638 ad
1451 3582 1692 3656 Scythas
1724 3583 2109 3655 adnavigavit.

458 3671 750 3729 Junonem
784 3688 915 3728 cum
951 3672 1205 3743 Geryone
1231 3678 1581 3745 pugnantem
1620 3673 1690 3727 ab
1722 3672 1964 3728 Hercule
1995 3671 2115 3727 vul-

454 3777 568 3817 nus
627 3762 919 3832 accepisse
978 3762 1305 3816 secundum
1355 3762 1657 3816 dexterum
1708 3763 1867 3829 uber,
1898 3768 1950 3819 et
1982 3777 2110 3833 qua

453 3850 591 3906 inde
620 3853 932 3905 consecuta
964 3849 1101 3905 sint.
1127 3848 1433 3919 Corythus,
1465 3865 1673 3922 genere
1706 3850 1911 3905 Iberus
1942 3855 2113 3922 atque

460 3938 725 3996 IIerculis
772 3937 1052 4009 amasius,
1082 3939 1309 4010 galeam
1344 3939 1571 4011 primus
1615 3938 1935 3995 fabricavit.
1968 3938 2114 3996 Hinc

458 4032 515 4083 et
545 4028 636 4083 his
664 4027 842 4084 armis
875 4044 1084 4084 nomen
1118 4026 1176 4082 id
1211 4028 1466 4099 primum
1508 4029 1734 4083 datum.
1768 4027 2111 4101 Sepulcrum

459 4116 604 4172 illud
637 4117 695 4173 in
727 4117 909 4185 Creta,
943 4117 1098 4188 quod
1134 4116 1290 4173 Jovis
1319 4116 1667 4189 appellatur,
1692 4116 1920 4189 Olympi
1952 4116 2114 4173 illius

458 4204 753 4263 Cretensis
783 4222 932 4275 esse,
966 4207 1065 4278 qui
1096 4212 1356 4277 ereptum
1387 4207 1635 4262 Saturno
1664 4206 1862 4263 Jovem
1896 4206 2109 4263 educa-

458 4296 555 4362 vit,
591 4295 1047 4367 religionemque
1095 4296 1342 4351 edocuit.
1379 4296 1584 4352 Verum
1615 4297 1771 4351 enim
1821 4311 1954 4352 vero
2001 4312 2110 4351 nu-

454 4385 721 4441 tritorem
745 4386 1159 4456 doctoremque
1181 4401 1289 4441 suu
1304 4402 1357 4441 m
1372 4384 1603 4458 Jupiter
1617 4385 1880 4453 fulmine,
1893 4384 2108 4457 inquit,

454 4472 768 4546 percussit,
793 4474 945 4545 quod
975 4473 1165 4530 148a
1200 4474 1464 4546 gigantes
1507 4489 1746 4545 regnum
1788 4475 1917 4545 ejus
1950 4474 2111 4529 inva-

456 4564 593 4620 dere
623 4562 765 4619 velle
796 4564 1217 4637 suspicaretur.
1250 4567 1322 4620 At
1352 4581 1485 4620 cum
1524 4564 1723 4622 Jovem
1771 4570 1970 4637 postea
2009 4563 2107 4620 icti

455 4653 700 4708 cadaver
747 4653 871 4723 jam
930 4652 1246 4710 habentem
1296 4654 1431 4710 facti
1486 4652 1872 4727 pmnituisset,
1922 4670 2109 4726 neque

452 4746 646 4815 posset
677 4742 845 4800 aliter
874 4741 1131 4801 dolorem
1179 4742 1379 4813 lenire,
1413 4760 1588 4801 suum
1640 4742 1845 4800 saltem
1896 4759 2107 4802 nomen

2222 1885 2315 1941 τὸν
2364 1882 2679 1939 Ἑλικώνιον
2731 1880 2939 1936 λέοντα’
2994 1881 3047 1935 o't
3100 1877 3157 1934 δὲ
3214 1880 3331 1935 υἱὸν
3389 1875 3721 1953 Ἡρακλέους
3787 1880 3887 1934 τὸν

2224 1973 2384 2049 Νιρέα
2415 1971 2564 2049 φασί.
2610 1972 2762 2032 Τίνες
2808 1970 2863 2025 αἱ
2918 1968 3064 2044 παρὰ
3111 1972 3191 2042 τῷ
3234 1971 3447 2044 ποιητῇ
3495 1968 3739 2045 χάριτες,
3791 1969 3883 2031 αῖς

2220 2058 2563 2139 παραϐάλλει
2620 2062 2715 2122 τὰς
2776 2054 3063 2137 Εὐφόρϐου
3134 2057 3332 2132 κόμας.
3406 2060 3523 2114 Ὅτι
3591 2054 3791 2117 Νεῖλος
3851 2058 3881 2112 ὁ

2220 2150 2498 2228 Ἡρακλῆς
2556 2150 2661 2205 ἀπὸ
2720 2149 2982 2225 γενέσεώς
3028 2168 3191 2225 φησιν
3243 2150 3289 2183 ¹⁰
3340 2144 3611 2221 ἐκαλεῖτο,
3663 2145 3780 2202 ἐπεὶ
3832 2143 3885 2201 δ’

2220 2246 2389 2317 Ἥραν
2449 2235 2647 2295 ἔσωσεν
2697 2236 3071 2314 ἐπερχόμενον
3130 2236 3269 2310 αὐτῇ
3327 2235 3536 2292 ἀνελὼν
3597 2236 3690 2291 τὸν
3731 2234 3885 2291 ἀνώ-

2217 2353 2388 2407 νυμον
2429 2330 2518 2385 καὶ
2557 2329 2859 2401 πυρίπνοον
2908 2329 3164 2403 Γίγαντα,
3221 2328 3354 2400 [476
3407 2326 3498 2398 R.]
3548 2324 3743 2381 ἐκεῖθεν
3788 2323 3885 2381 διὰ

2216 2423 2280 2478 τὸ
2309 2417 2648 2476 ἀπαλαλκεῖν
2702 2422 2743 2456 ίί
2786 2424 2887 2487 τῆς
2935 2418 3112 2491 ’Ἥρας
3158 2418 3251 2472 τὸν
3307 2414 3561 2490 πόλεμον
3611 2409 3882 2488 μετέϐαλε

2217 2512 2317 2580 τὴν
2366 2508 2589 2579 κλῆσιν.
2636 2510 2759 2565 ’Ὁτι
2808 2503 3084 2582 Ἀϐδηρος
3119 2507 3166 2542 ¹²
3207 2506 3235 2560 6
3273 2505 3609 2580 Ἡρακλέους
3663 2503 3884 2578 ἐρώμε-

2218 2620 2308 2661 νος
2339 2600 2405 2654 τὰ
2434 2600 2557 2672 περί
2603 2603 2703 2667 τῆς
2750 2601 2926 2671 πυρᾶς
2982 2594 3149 2651 αὐτοῦ
3205 2600 3373 2665 Θησεῖ
3416 2592 3739 2670 ἀναγγείλας
3788 2592 3882 2648 ὑπ’

2218 2691 2386 2746 αὐτοῦ
2452 2688 2772 2758 ἀναιρεῖται.
2839 2688 2962 2744 ’Ότι
3039 2685 3139 2754 τὴν
3229 2684 3398 2757 μέσην
3462 2681 3707 2761 κεφαλήν
3769 2687 3874 2750 τῆς

2219 2778 2385 2854 ὕδρας
2440 2778 2809 2856 Ἀριστόνικός
2865 2778 2911 2815 ⁸³
2969 2797 3133 2854 φησιν
3184 2776 3213 2831 6
3270 2780 3603 2849 Ταραντῖνος
3662 2775 3877 2853 χρυσῆν

2220 2871 2371 2928 εἶναι.
2426 2873 2548 2927 Ὅτι
2608 2864 2958 2942 Ἀλέξανδρος
3008 2868 3037 2922 6
3094 2862 3333 2927 Μύνδιός
3390 2886 3521 2943 φησι
3608 2861 3885 2939 δράκοντα

2217 2966 2426 3037 γηγενῆ
2498 2964 2867 3035 συμμαχῆσαι
2929 2954 3193 3032 ’Πρακλεῖ
3252 2956 3389 3030 πρὸς
3460 2956 3553 3010 τὸν
3605 2958 3885 3026 Νεμεαῖον

2216 3049 2432 3121 λέοντα,
2486 3049 2544 3104 ὃν
2599 3049 2690 3103 καὶ
2757 3048 3125 3124 ἆνατραφῆναι
3193 3043 3296 3101 ὐπὸ
3361 3042 3717 3120 Ἡρακλέους,
3784 3041 3881 3097 καὶ

2220 3136 2768 3208 συνακολουθήσαντα
2818 3134 2963 3208 αὐτῷ
3012 3135 3065 3197 ές
3103 3129 3289 3205 Θήϐας
3336 3132 3388 3189 ἐν
3438 3129 3624 3189 αὕλιδι
3676 3137 3879 3207 μεῖναν

2219 3228 2307 3284 καὶ
2337 3231 2529 3284 τοῦτον
2564 3227 2697 3282 εἶναι
2737 3226 2830 3281 τὸν
2874 3223 3003 3289 τοὺς
3053 3224 3309 3285 νεοσσοὺς
3354 3218 3729 3300 καταφαγόντα
3777 3228 3884 3291 τῆς

2221 3320 2482 3395 στρουθοῦ
2558 3315 2648 3372 καὶ
2736 3312 3167 3373 ἀπολιθωθέντα.
3255 3317 3345 3376 Ὠς
3410 3314 3510 3382 τήν
3578 3313 3755 3387 Ἀργὼ
3822 3310 3879 3367 έν

2218 3411 2385 3481 Ὄσσῃ
2421 3412 2520 3476 τῆς
2570 3402 2866 3461 Θεσσαλίας
2898 3402 3182 3477 Ἡρακλῆς
3235 3406 3279 3442 ¹⁴
3330 3402 3423 3476 μὶν
3471 3401 3879 3470 κατασκευάζει,

2221 3496 2391 3569 ὅνομα
2430 3493 2476 3549 δ’
2526 3494 2662 3569 αὐτῇ
2706 3494 2918 3565 τίθησιν
2968 3493 3074 3548 ἀπὸ
3122 3500 3326 3567 Ἄργου
3368 3494 3465 3546 τοῦ
3510 3490 3768 3560 Ἰάσονος,
3821 3490 3885 3553 ὃς

2218 3590 2285 3656 ἦν
2319 3586 2593 3661 ἐρώμενος
2644 3586 2812 3657 αὐτῷ,
2866 3583 2935 3640 δι’
2984 3585 3041 3639 ’όν
3092 3583 3183 3639 καὶ
3233 3583 3425 3639 Ἰάσονι
3464 3582 3556 3637 τὸν
3596 3580 3684 3637 έπὶ
3735 3588 3880 3637 Σκυ-

2219 3676 2335 3737 θίας
2368 3677 2635 3751 συνήρατο
2666 3673 2860 3731 πλοῦν.
2893 3674 2981 3735 Ὠς
3032 3674 3171 3747 Ἦρα
3222 3674 3592 3749 συμμαχοῦσα
3631 3674 3710 3742 τῷ
3760 3676 3879 3741 Γη-

2220 3766 2383 3841 ρυόνῃ
2422 3767 2464 3803 ³⁸
2492 3764 2851 3839 τιτρώσκεται
2895 3764 2981 3841 ὑφ’
3011 3760 3345 3837 Ἡρακλέους
3385 3761 3521 3815 κατᾶ
3557 3761 3649 3816 τὸν
3701 3756 3874 3832 δεξιὸν

2225 3856 2415 3927 μαζὸν,
2475 3853 2565 3908 καὶ
2614 3854 2713 3907 ὅσα
2770 3850 2821 3922 ἐξ
2878 3850 3083 3906 ἐκείνου
3131 3850 3390 3906 τελεῖται.
3452 3851 3541 3910 Ὠς
3610 3849 3875 3924 Κόρυθος,

2221 3937 2379 4017 Ἴϐηρ
2426 3941 2489 3997 τὸ
2534 3940 2687 4015 γένος
2736 3938 2807 3995 ὢν
2854 3939 2943 3994 καὶ
2982 3937 3317 4014 Ἡρακλέους
3364 3937 3661 4013 ἐρώμενος,
3720 3941 3878 4013 πρῶ-

2222 4051 2312 4093 τος
2362 4030 2564 4105 κόρυθα
2612 4028 3012 4097 κατεσκεύασεν,
3071 4026 3123 4099 ἐξ
3172 4029 3233 4083 οὗ
3274 4027 3364 4083 καὶ
3410 4029 3508 4096 τήν
3559 4026 3879 4099 ἐπωνυμίαν

2225 4116 2413 4177 λαϐεῖν
2446 4141 2576 4191 φησι
2617 4120 2679 4176 τὸ
2710 4118 2906 4178 ὅπλον.
2947 4124 3031 4177 Ὠς
3074 4120 3103 4174 6
3149 4119 3197 4156 ¹⁶
3244 4117 3296 4174 ἐν
3332 4119 3525 4193 Κρήτῃ
3567 4118 3737 4191 τάφος
3782 4114 3879 4172 λε-

2220 4211 2459 4287 γόμενος
2523 4214 2621 4265 τοῦ
2676 4210 2798 4270 Διὸς
2850 4207 3140 4281 Ὀλύμπου
3190 4211 3287 4267 τοῦ
3343 4208 3560 4279 Κρητός
3605 4204 3765 4277 ἐστιν,
3817 4206 3880 4270 ’ὸς

2218 4298 2363 4373 παρὰ
2392 4302 2491 4353 τοῦ
2533 4298 2738 4372 Κρόνου
2780 4292 2964 4352 λαϐὼν
3007 4298 3096 4353 τὸν
3132 4296 3229 4352 Δία
3266 4291 3453 4373 ἔτρεψέ
3480 4316 3538 4351 τε
3574 4294 3665 4351 καὶ
3713 4293 3877 4350 ἐπαί-

2141 4375 2187 4439 D
2220 4384 2339 4443 δευε
2368 4388 2433 4443 τὰ
2462 4388 2596 4443 θεῖα.
2657 4384 2832 4443 Ἀλλὰ
2881 4387 2983 4463 γὰρ
3028 4385 3224 4462 βάλλει
3284 4388 3489 4464 (φησιν)
3538 4386 3567 4441 6
3616 4383 3743 4447 Ζεὺς
3784 4386 3877 4440 τὸν

2216 4478 2416 4553 τροφέα
2454 4476 2543 4531 καὶ
2577 4472 2907 4532 διδασκαλον
2944 4475 3212 4551 κεραυνῷ,
3246 4475 3330 4530 ὅτι
3377 4472 3443 4545 δὴ
3494 4475 3621 4537 τοὺς
3672 4474 3879 4550 Γίγαν-

2216 4586 2311 4627 τας
2368 4564 2530 4621 αὐτοῦ
2580 4569 2648 4640 τῇ
2711 4565 2964 4641 βασιλείᾳ
3019 4563 3293 4621 ἐπιθέσθαι
3350 4563 3652 4620 ὑπετίθετο.
3700 4561 3879 4619 Ἀλλᾶ

2221 4652 2405 4730 βαλὼν
2433 4654 2522 4709 καὶ
2554 4654 2740 4730 νεκρὸν
2765 4649 2909 4730 ἔχων
2934 4652 3311 4728 μετεμελεῖτο’
3340 4654 3416 4729 μὴ
3440 4648 3583 4728 ἔχων
3606 4649 3652 4707 δ’
3675 4650 3871 4715 ἄλλως

2216 4745 2278 4799 τὸ
2310 4745 2481 4806 πάθος
2511 4742 2779 4817 ἐκκλῖναι,
2829 4741 3019 4800 δίδωσι
3074 4743 3138 4800 τὸ
3183 4739 3321 4798 ἴδιον
3368 4737 3541 4817 ὄνομα
3583 4745 3665 4815 τῷ
3710 4742 3873 4823 τάφῳ

1806 4880 2044 4937 VARIIE
2095 4882 2503 4940 LECTIONES.

520 4990 544 5026 ⁸
573 4988 737 5047 αὐτοῦ
786 4994 854 5048 Α.

449 5132 603 5209 ρυδνι
634 5139 702 5193 Α.
756 5132 829 5173 ἰδ
859 5134 888 5190 6
921 5137 1054 5194 add.
1087 5139 1173 5193 A:
1207 5132 1499 5213 λεγόμενος
1538 5133 1705 5213 τάφος
1739 5133 1821 5209 ς’.

958 4990 1219 5069 (illatae:
1267 4994 1373 5069 Α)
1427 4988 1757 5069 ᾘρεικλέοιξς
1791 4990 1889 5069 ς’
1955 4987 2277 5069 {famast
2311 4991 2411 5069 ξι,
2462 4992 2493 5069 .’
2540 4988 2763 5069 ἀκρίβοε
2813 4998 2882 5048 A-

450 5063 498 5097 ¹⁰
532 5082 688 5140 φασιν
903 5062 947 5099 ¹¹
982 5058 1347 5191 ἀπαλαλκεῖνέ
1378 5058 1669 5131 παλαλκήν
1698 5066 1765 5118 Α.
1806 5058 1891 5099 ἠ
1933 5058 2171 5137 αῧδὴρος
2326 5058 2413 5102 ’¹³
2462 5058 2865 5138 Ἀριστόνεικος
2916 5066 2984 5121 Α.

450 5136 603 5191 ουδνι
634 5139 702 5191 Α.
783 5134 829 5173 ιδ
859 5134 888 5190 6
921 5137 1054 5191 add.
1087 5139 1173 5191 A:
1207 5132 1305 5191 λεν
1344 5154 1499 5191 μενος
1538 5133 1705 5191 τάφος
1739 5133 1821 5191 ς’.

2985 4988 3355 5066 ὅινήφθησοιν]Δ
3377 4990 3493 5066 imo
3539 4984 3866 5066 ᾅνιπτῃσαν.

3092 5060 3135 5099 ί’⁴
3166 5060 3479 5139 Ἡρακλέως
3527 5064 3593 5119 Λ.
3682 5062 3729 5100 ¹⁸
3756 5064 3871 5132 Γη-

2034 5269 2267 5329 NOTIE.

524 5377 639 5448 (56)
672 5381 749 5434 De
800 5379 1108 5449 pastinaca
1155 5378 1466 5437 incurahili
1516 5393 1736 5448 morsu,
1764 5378 1971 5437 Elian.
2001 5394 2102 5436 va-

460 5448 563 5505 riis
595 5449 760 5515 locis,
793 5448 849 5506 et
877 5451 975 5507 alii
1008 5451 1199 5508 multi.

2214 5377 2593 5436 Philostratus
2649 5380 2863 5438 Heroic.
2916 5380 2976 5437 in
3031 5380 3207 5452 Ajace
3255 5382 3417 5436 Locr.
3470 5374 3862 5452 De_aliorum

2211 5451 2582 5520 draconibus,
2616 5453 2736 5509 alii.
2769 5452 3053 5510 Heroibus
3076 5448 3240 5509 enim
3273 5467 3474 5509 sacros
3510 5448 3693 5507 fuisse
3722 5449 3868 5506 dra-

521 5520 636 5591 (57)
662 5522 827 5597 iliaci.
861 5524 920 5577 P.
956 5538 1106 5579 vers.
1135 5526 1222 5581 51.
1270 5523 1351 5582 De
1401 5523 1708 5597 Euphorbo
1741 5521 1924 5580 multa
1951 5521 2096 5578 Phi-
2209 5539 2383 5597 conss
2413 5540 2447 5597 a
2478 5524 2683 5581 multis
2711 5526 3100 5582 observatum.

454 5591 615 5648 lostr.
653 5594 859 5649 Heroic.

2278 5594 2401 5669 (5‘9),
2424 5595 2506 5651 De
2552 5598 2761 5669 quibus
2808 5597 3038 5656 Homer.
3091 5596 3252 5655 Iliad.
3286 5596 3351 5665 Β,
3379 5613 3434 5655 v.
3469 5593 3572 5652 334
3608 5599 3664 5650 et
3695 5609 3863 5669 seqq.

522 5664 635 5737 (58)
664 5664 746 5723 De
777 5664 1046 5739 χειρέκθει
1076 5666 1327 5725 dracone
1356 5667 1551 5726 Atacis
1580 5667 1768 5725 Locrii
1816 5666 2098 5739 legendus
2207 5664 2295 5724 Tu
2325 5664 2407 5723 ibi
2434 5664 2698 5726 Eustath.
2727 5667 2873 5743 lege.
