4198 6216
283 328 412 391 613

1453 325 1995 389 BlBLIO'l‘HECA.
2046 358 2120 374 --
2163 325 2337 386 COD.
2386 322 2554 387 CXC.

3586 325 3704 388 6M

283 461 389 513 τοῦ
436 451 814 532 ἀνῃρημένου.
873 453 1032 520 Τίνος
1078 455 1123 494 ιτ
1181 455 1292 512 ἐστὶ
1340 456 1402 512 τὸ
1451 457 1539 512 ὑπ’
1587 454 1944 531 Ἀλεξάνδρου

2070 452 2394 526 interempti
2442 451 2707 523 sepulcro
2755 450 2988 508 indidit.
3018 449 3198 521 Cuius
3228 449 3444 510 sithoc
3484 452 3705 511 dictum

280 546 389 600 τοῦ
418 543 710 600 Φιλίππου
739 542 858 618 είρη
870 543 1049 617 μένον.

362 651 613 726 Πρωτέα,
644 651 736 721 τῇ,
766 648 859 705 πίε
889 651 1038 706 οἶνον
1066 649 1181 707 έπεὶ
1212 650 1377 730 φάγες
1406 647 1696 727 ἀνδρόμεα,
1727 650 1876 726 κρέα.

285 758 390 814 Καὶ
422 758 591 814 πάλιν
643 757 691 795 ¹⁸
730 754 1012 832 Πρωτέου,
1064 757 1289 814 «Ποίαν
1340 755 1490 831 ᾠδὴν
1541 760 1681 836 εἶχεν
1730 759 1781 818 ἐν
1830 781 1951 815 συν-

284 850 452 918 ηθείᾳ
503 845 904 920 Ἀλέξανδροςς
944 872 965 898 ο
1017 848 1107 904 καὶ
1157 847 1304 910 τίνος
1348 849 1416 918 ἦν
1447 847 1664 922 ποίημα
1710 850 1787 912 εἷς
1833 850 1953 904 τίνα

284 935 526 1015 ἔγραψεν
557 934 870 1007 ἐπικήδειον
902 937 929 992 6
959 937 1122 1000 αὐτὸς
1163 933 1517 1012 Ἀλέξανδρος
1569 938 1596 992 6
1638 939 1949 996 Φιλίππου.

285 1031 469 1082 Ταῦτα
498 1025 590 1081 καὶ
620 1026 684 1080 τὰ
712 1030 812 1082 τοῦ
848 1027 895 1101 β’
923 1025 1192 1104 κεφάλαια
1224 1021 1469 1103 βιϐλίου.

363 1117 440 1171 Τὸ
491 1113 548 1170 δὲ
588 1121 636 1192 γ’
685 1115 808 1187 περὶ
856 1119 954 1170 τοῦ
996 1113 1205 1170 Ὕλλου
1262 1119 1359 1170 τοῦ
1418 1114 1751 1189 Ἡρακλέους
1807 1117 1950 1187 υἱοῦ,

289 1206 370 1269 ὡς
399 1205 562 1279 κέρας
594 1206 710 1280 εἶχε
740 1203 865 1280 περὶ
909 1203 974 1260 τὸ
1023 1205 1302 1279 ἀριστερὸν
1353 1204 1516 1280 μέρος
1562 1212 1662 1275 τῆς
1713 1205 1954 1276 κεφαλῆς

288 1294 597 1373 ἐκπεφυκὸς
659 1295 880 1370 μικρὸν,
937 1295 1027 1350 καὶ
1084 1298 1245 1350 τοῦτο
1339 1290 1500 1351 λάϐοι
1561 1297 1588 1352 6
1653 1295 1951 1360 Σικυώνιος

288 1382 609 1454 Ἐπωπεὺς,
649 1382 709 1438 ἐκ
759 1383 1108 1459 μονομαχίας
1153 1382 1360 1440 ἀνελὼν
1409 1383 1594 1454 αὐτὸν,
1644 1386 1734 1440 καὶ
1783 1385 1953 1459 κομί-

290 1494 389 1528 σοι
420 1471 473 1527 έν
502 1476 580 1545 τῷ
599 1472 782 1545 κέρατι
811 1472 873 1528 τὸ
908 1474 1110 1549 Στυγὸς
1141 1469 1310 1548 ὕδωρ,
1343 1473 1430 1528 καὶ
1484 1473 1796 1550 βασιλεύσοι
1849 1483 1950 1546 τῆς

290 1563 513 1639 χώρας.
569 1563 688 1616 Ὅτι
738 1561 862 1638 περὶ
911 1566 1008 1617 τοῦ
1066 1561 1118 1618 έν
1179 1561 1435 1638 ’Δρκαδίᾳ
1493 1563 1701 1640 Στυγὸς
1757 1562 1950 1628 ὕδατος

288 1651 442 1708 οὕτω
492 1652 674 1732 φασὶν,
724 1652 800 1715 ὡς
847 1653 1118 1728 Δημήτηρ
1176 1653 1444 1708 πενθοῦσα
1498 1653 1600 1721 τήν
1660 1656 1948 1730 θυγατέρα,

287 1740 413 1797 insi
476 1738 755 1797 Ποσειδῶν
807 1739 976 1811 αὐτὴν
1024 1742 1068 1778 ¹⁹
1107 1740 1158 1796 έν
1206 1741 1474 1820 κατηφείᾳ
1523 1741 1681 1798 οὖσαν
1743 1744 1949 1820 ἐπείρα,
1986 1782 2031 1847 Β

322 1829 348 1847 ι
401 1827 428 1847 η
607 1831 624 1847 ι
749 1830 764 1847 .
1046 1829 1059 1847 .
1375 1829 1394 1847 κ
1502 1833 1515 1847 .
1719 1832 1808 1847 ..λ
1852 1839 1878 1847 ..

291 1829 379 1892 εἷς
401 1827 574 1885 ἵππον
607 1830 804 1900 έαυτήν
859 1829 1246 1908 μετεμόρφωσε
1294 1829 1673 1908 χαλεπήνασα,
1717 1832 1952 1890 ἐλθοῦσα

290 1917 346 1976 δ’
405 1919 496 1976 έπὶ
552 1921 654 1992 τὴν
711 1921 895 1997 πηγήν
955 1921 1003 1958 ²⁰
1053 1921 1144 1977 καὶ
1203 1923 1504 1996 Θεασαμένη
1564 1926 1663 1994 τήν
1735 1926 1950 2003 μορφήν

291 2007 565 2085 ἒσπῦγησέ
593 2030 654 2066 τε
681 2009 771 2065 καὶ
799 2011 862 2065 τὸ
911 2007 1056 2086 ὕδωρ
1111 2009 1278 2084 μέλαν
1324 2008 1566 2083 ἐποίησε.
1610 2013 1739 2089 Περί
1801 2013 1949 2069 Ἐκά-

293 2099 427 2169 λης,
461 2099 551 2155 καὶ
584 2100 779 2164 πόσαις
824 2100 869 2138 ²¹
927 2097 1143 2178 γέγονεν
1190 2098 1476 2175 ἐπώνυμον
1525 2099 1788 2176 τοῦνομα.
1831 2106 1953 2159 Ὅτι

295 2187 663 2264 Ἀλεξάνδρου
692 2191 872 2265 πατὴρ
905 2191 1012 2264 οὐχ
1047 2192 1075 2246 6
1116 2190 1396 2254 Φίλιππος
1427 2193 1659 2268 γένοιτο,
1695 2191 1840 2248 ἁλλᾶ
1869 2215 1952 2256 τις

295 2277 547 2353 τοῦνομα
577 2281 822 2355 Δράκων,
854 2280 1008 2357 γένος
1039 2281 1257 2356 Ἀρκὰς,
1292 2280 1341 2354 ἐξ
1375 2282 1436 2337 οὗ
1468 2283 1557 2337 καὶ
1587 2283 1677 2338 τὸν
1701 2284 1822 2357 περὶ
1855 2288 1954 2339 τοῦ

299 2367 601 2440 δράκοντος
632 2371 800 2442 μῦθον
833 2369 1048 2444 ῥυῆναι.
1085 2369 1215 2445 Περὶ
1246 2376 1341 2426 τοῦ
1375 2371 1723 2444 Πτολεμαίου
1771 2373 1954 2443 κυνὸς,

294 2460 396 2515 καὶ
419 2460 493 2522 ὡς
511 2458 806 2539 συνεμάχει
829 2463 909 2528 τῷ
927 2456 1180 2534 δεσπότῃ,
1215 2463 1452 2536 [2461].]
1479 2461 1569 2516 καὶ
1597 2462 1672 2524 ὡς
1706 2463 1839 2534 μετὰ
1869 2484 1957 2518 τε·

298 2548 510 2618 λευτην
555 2551 600 2586 ³³
632 2549 976 2626 ἀναοχισθεῖς
1003 2551 1103 2620 τήν
1135 2547 1357 2625 καρδίαν
1382 2550 1571 2624 εὑρέθη
1606 2548 1748 2627 ἔχων
1779 2572 1959 2628 τετρι-

299 2639 594 2718 χωμένην·
625 2639 693 2708 ἧν
727 2635 784 2693 δὲ
814 2638 862 2675 ³³
889 2637 1044 2713 γένος
1083 2638 1392 2711 Μολοττὸς,
1441 2635 1614 2713 ὄνομα
1662 2641 1954 2717 Βριάρεωςο

301 2729 438 2802 Περὶ
477 2725 944 2802 Πουλυδάμαντος
969 2729 1036 2788 ²⁴.
1070 2729 1136 2786 Τί
1167 2727 1278 2785 ἐστι
1303 2730 1364 2786 τὸ
1413 2731 1557 2806 παρᾶ
1603 2735 1683 2803 τῷ
1727 2735 1956 2807 ποιητῇ.

409 2839 500 2897 Ὠς
529 2831 574 2890 δ’
601 2833 690 2890 ὅτε
730 2831 1040 2908 Πανδαρέου
1070 2836 1118 2872 ³⁵
1144 2835 1320 2911 κούρη
1353 2834 1608 2912 χλωρηῒς
1641 2835 1860 2910 ἀηδών;

301 2939 398 2998 καὶ
449 2941 596 3014 ὶξῆς.
654 2940 786 3011 Περί
838 2945 937 2996 τοῦ
1006 2939 1346 3012 Παλλαδίου,
1409 2941 1494 2999 ὅτι
1552 2940 1648 3000 δύο
1704 2942 1962 3019 κλέψιιαν

301 3027 596 3104 Διομήδης
652 3028 742 3085 καὶ
802 3027 1115 3094 Ὀδυσσεύς.
1174 3031 1307 3107 Περὶ
1364 3035 1464 3087 τοῦ
1544 3030 1798 3106 καλάμου
1861 3037 1959 3089 τοῦ

302 3119 559 3182 εἰπόντος
625 3120 710 3175 ὅτι
775 3117 954 3183 Μίδας
1031 3121 1154 3176 δνου
1243 3119 1359 3196 ἔχει
1443 3119 1576 3179 ὦτα.
1663 3123 1793 3197 Περὶ
1857 3126 1966 3178 τῶν

303 3209 458 3284 παρὰ
507 3209 553 3246 ³⁸
605 3208 940 3284 Στησιχόρῳ
1001 3207 1347 3284 ζητουμένων
1401 3209 1764 3267 Ἀκεσταλίων
1815 3211 1971 3287 ὀρνί-

305 3302 442 3358 θων.
508 3299 638 3375 Περί
702 3306 804 3369 τῆς
865 3301 1015 3376 παρὰ
1079 3301 1172 3356 τὸν
1239 3299 1476 3356 ὠκεανὸν
1542 3301 1806 3377 Ιίγωνίας
1865 3300 1971 3357 πέ-

302 3407 465 3464 τρας,
511 3389 603 3443 καὶ
660 3387 745 3444 ὅτι
806 3387 955 3462 μόνῳ
1012 3386 1304 3468 ἀσφοδελῷ
1361 3395 1612 3460 κινεῖται,
1671 3392 1810 3466 πρὸς
1856 3397 1970 3447 πᾶ-

309 3499 406 3534 σαν
447 3477 567 3553 βίαν
599 3476 994 3550 ἀμετακίνητος
1027 3479 1179 3535 οὖσα.
1232 3481 1356 3553 [477
1389 3481 1437 3537 R
1466 3482 1483 3554 ]
1534 3482 1654 3536 Ὅτι
1703 3479 1970 3544 Ῥόπαλος

308 3567 432 3630 υἱὸς
490 3564 826 3642 Ἡρακλέους
875 3568 964 3637 ἦν,
1012 3568 1071 3631 ὃς
1128 3569 1172 3605 ²⁷
1235 3567 1286 3624 έν
1351 3568 1533 3642 ἡμέρᾳ
1590 3574 1690 3643 μιᾷ
1743 3571 1835 3626 καὶ
1893 3570 1968 3634 ὡς

308 3657 463 3731 ῗρωϊ
489 3660 569 3730 τῷ
617 3655 782 3732 πατρὶ
836 3655 1057 3733 ἐνήγισε
1121 3659 1210 3714 καί
1268 3658 1343 3720 ὡς
1398 3661 1505 3732 θεῷ
1560 3658 1786 3720 Θύσειεν.
1847 3663 1968 3717 Ὃτι

311 3745 656 3825 Ἀμφιάραος
691 3743 928 3817 ἐκλήθη,
985 3743 1101 3801 ἐπεὶ
1150 3744 1316 3825 ἄμφω
1364 3749 1416 3804 οἳ
1459 3755 1560 3818 τῆς
1617 3750 1824 3824 μητρὸς
1879 3772 1972 3827 γοα

309 3843 424 3899 νεῖς
453 3837 725 3910 ἠράσαντο
765 3836 936 3906 αὐτὴν
969 3832 1095 3891 ἄνευ
1142 3842 1314 3892 τεκεῖν
1368 3837 1566 3913 μόγου.
1619 3843 1773 3901 Τίνος
1823 3839 1966 3895 ἐστὶν

312 3928 342 3982 6
372 3926 545 4000 ὕμνος
576 3925 604 3980 6
652 3921 916 3998 ᾁδόμενος
966 3923 1019 3981 έν
1071 3919 1336 3996 Θηϐαίοις
1369 3927 1418 3963 ³⁸
1448 3925 1526 3991 εἴς
1573 3925 1866 4000 Ἡρακλέα,
1914 3927 1968 3984 ἐν

310 4015 358 4089 ᾧ
388 4015 542 4091 λέγει
589 4014 712 4076 Διὸς
761 4013 849 4068 καί
897 4016 1068 4089 Ἥρας
1119 4013 1254 4076 υἲός.
1301 4016 1462 4071 Ἔνθα
1509 4017 1631 4090 περὶ
1679 4020 1788 4071 τῶν
1835 4018 1972 4073 κατᾶ

313 4103 508 4166 πόλεις
538 4103 666 4165 τοὺς
693 4101 900 4176 ὕμνους
941 4102 1311 4175 ποιησάντων,
1361 4105 1452 4159 καὶ
1502 4103 1577 4166 ὡς
1626 4103 1968 4184 Φιλοστέφα-

309 4215 399 4258 νος
446 4194 475 4248 ό
525 4193 823 4255 Μαντινεὺς
870 4193 899 4247 6
950 4195 1189 4264 ποιητὴς
1239 4191 1297 4248 έκ
1353 4193 1577 4270 γενετῆς
1620 4193 1826 4268 ἱματίῳ
1873 4194 1974 4250 οὐκ

2062 546 2132 602 ab
2161 544 2484 601 Alexandro
2516 541 2766 616 Philippi
2797 543 2915 600 tilio
2948 551 3289 614 usurpatum
3315 556 3332 600 :

2060 656 2280 718 Protea,
2299 667 2447 724 cape,
2467 649 2619 706 bibas
2636 652 2726 706 vin
2735 667 2828 705 um
2849 648 3095 705 humana
3112 665 3285 705 carne
3304 649 3544 722 refectus
3568 651 3706 724 (60).

2061 760 2132 816 Et
2159 776 2393 816 rursum
2429 759 2679 816 Protea:
2712 779 2742 809 α
2773 756 2938 823 Quali
2983 756 3286 815 consuevit
3323 758 3589 814 cautione
3622 756 3708 813 uti

2059 848 2431 905 Alexander?
2461 869 2490 898 »
2521 852 2578 904 et
2611 869 2640 898 «
2669 847 2847 920 Cujus
2878 847 2933 902 id
2969 847 3075 902 fuit
3124 846 3376 919 poema?
3404 847 3467 903 In
3497 862 3709 920 quem-

2063 955 2198 994 nam
2247 938 2570 1011 epicedium
2603 938 2757 994 idem
2791 936 2884 993 ille
2916 936 3168 1010 Philippi
3199 937 3354 994 illius
3384 938 3712 995 Alexander

2061 1027 2456 1099 conscripsit?
2485 1048 2514 1078 ››
2545 1029 2733 1099 Atque
2761 1026 2883 1082 haec
2913 1027 3153 1082 secundi
3185 1025 3320 1082 libri
3353 1028 3563 1099 capita.

2132 1118 2324 1175 Tertio
2372 1135 2502 1176 vero
2542 1118 2690 1175 libro
2721 1117 2791 1173 de
2823 1116 2984 1188 Hyllo
3012 1116 3274 1174 Herculis
3306 1117 3427 1174 ﬂlio
3458 1133 3713 1176 comme-

2063 1216 2270 1276 morat,
2291 1225 2471 1266 cornu
2495 1224 2624 1264 eum
2647 1223 2887 1280 parvum
2921 1206 2990 1262 ad
3023 1205 3224 1262 levem
3248 1207 3458 1280 capitis
3490 1213 3710 1278 partem

2061 1295 2346 1356 adustum
2396 1299 2693 1367 habuisse,
2721 1297 2871 1371 quod
2909 1300 3167 1369 Epopeus
3213 1296 3540 1370 Sicyonius,
3573 1314 3709 1357 cum

2062 1393 2125 1449 in
2147 1408 2344 1464 pugna
2364 1389 2531 1444 illum
2555 1389 2887 1458 occidisset,
2907 1387 3541 1460 acceperit,tuleritque
3563 1388 3620 1442 in
3644 1403 3710 1444 eo

2061 1481 2249 1550 Stygis
2278 1479 2389 1551 (61)
2420 1493 2658 1550 aquam,
2691 1481 2750 1532 et
2780 1491 3022 1548 regnum
3057 1492 3168 1532 orae
3202 1474 3359 1533 illius
3387 1492 3714 1548 occupave-

2064 1570 2156 1626 rit.
2191 1576 2268 1624 De
2319 1568 2512 1640 Stygis
2564 1583 2715 1638 aqua
2762 1565 2824 1622 in
2873 1565 3125 1622 Arcadia
3174 1565 3253 1622 ita
3300 1566 3546 1634 narrari,
3579 1581 3712 1623 cum

2061 1657 2328 1714 Cererem
2378 1656 2508 1712 filia:
2557 1663 2791 1728 raptum
2840 1653 3138 1726 lugentem
3172 1671 3236 1711 eo
3266 1654 3394 1726 ipso
3445 1656 3713 1712 maeroris

2063 1754 2326 1820 tempore
2369 1746 2676 1818 Neptunus
2726 1743 3084 1810 sollicitaret,
3117 1745 3177 1799 in
3209 1761 3418 1818 equam
3453 1744 3555 1800 illa
3585 1760 3713 1802 sese

2064 1853 2177 1910 prae
2230 1835 2634 1908 indignatione
2678 1834 3134 1890 transformavit.
3164 1835 3360 1891 Delala
3407 1833 3603 1907 itaque
3642 1834 3714 1892 ad

2062 1927 2302 1993 fontem,
2337 1924 2434 1979 ubi
2466 1926 2709 1980 formam
2745 1923 2895 1978 hanc
2937 1939 3103 1978 suam
3154 1925 3475 1994 conspexit,
3506 1923 3714 1980 exhor-

2063 2014 2202 2084 ruit,
2230 2014 2542 2086 ipsamque
2571 2029 2786 2084 aquam
2829 2011 3054 2084 nigram
3088 2011 3358 2068 reddidit.
3393 2017 3474 2068 De
3507 2011 3714 2075 Hecale

2063 2108 2196 2180 (62),
2218 2112 2276 2164 et
2305 2123 2482 2179 quam
2516 2104 2718 2161 multis
2751 2103 2895 2159 illud
2931 2120 3142 2160 nomen
3175 2118 3486 2160 commune
3517 2101 3710 2170 fuerit,

2062 2197 2372 2254 Alexandri
2400 2201 2624 2269 patrem
2656 2209 2772 2250 non
2802 2193 3138 2264 Philippum
3171 2191 3373 2261 fuisse,
3396 2192 3498 2249 sed
3529 2199 3711 2248 Area-

2063 2288 2192 2342 dem
2228 2285 2538 2359 quemdam
2569 2299 2802 2357 genere,
2835 2281 2928 2338 cui
2959 2281 3202 2339 Draconi
3248 2299 3481 2340 nomen.
3522 2282 3714 2352 Atque

2064 2376 2204 2432 hinc
2233 2375 2395 2431 illam
2434 2375 2505 2430 de
2531 2375 2782 2430 dracone
2831 2372 3090 2428 fabulam
3135 2388 3427 2429 manasse.
3459 2371 3539 2428 De
3577 2371 3715 2428 Pto-

2063 2463 2251 2520 lemaei
2299 2480 2463 2530 cane,
2515 2463 2614 2534 qui
2667 2477 2768 2534 pro
2828 2459 2967 2517 hero
3025 2460 3396 2533 depugnarit,
3447 2470 3623 2532 utque
3680 2477 3716 2517 a

2066 2560 2252 2611 morte
2281 2558 2477 2609 sectus
2508 2551 2720 2608 habere
2752 2551 3020 2605 inventus
3051 2550 3130 2606 sit
3159 2567 3258 2606 cor
3291 2550 3421 2621 pilis
3459 2549 3715 2605 obsitum

2067 2643 2204 2717 (63).
2236 2644 2374 2697 Erat
2403 2649 2596 2697 autem
2628 2655 2835 2710 genere
2867 2637 3180 2708 Molossus,
3205 2639 3422 2694 Briarei
3455 2638 3716 2696 nomine.

2068 2733 2149 2790 De
2180 2731 2618 2800 Polydamante.
2651 2728 2798 2793 Quid
2832 2729 2909 2784 sit
2937 2728 3091 2799 apud
3126 2732 3353 2800 poetam
3382 2743 3396 2783 :

2179 2841 2240 2897 Ut
2271 2855 2396 2894 cum
2425 2837 2706 2894 Pandarei
2734 2834 2943 2892 soboles
2975 2835 3218 2892 Chloreis
3246 2834 3418 2892 aedon
3451 2835 3566 2908 (6i)
3587 2836 3616 2890 ?

2070 2953 2128 3005 et
2157 2965 2284 3021 quas
2307 2951 2661 3019 sequuntur.
2685 2944 2764 3002 De
2787 2943 3046 3000 Palladio
3066 2944 3180 3016 (65)
3205 2960 3238 2999 a
3257 2944 3506 3011 duobus,
3530 2943 3588 2999 id
3611 2949 3721 3011 est,

2080 3037 2352 3094 Diomede
2383 3041 2440 3093 et
2469 3033 2690 3108 Ulysse,
2725 3034 2878 3089 furto
2928 3032 3109 3088 fuisse
3159 3031 3477 3088 sublatum.
3509 3036 3586 3087 De
3624 3047 3726 3088 oa-

2078 3127 2231 3184 lamo
2259 3126 2374 3198 (66)
2408 3127 2490 3182 sic
2523 3128 2808 3182 sonante:
2842 3123 3132 3178 Auriculas
3160 3123 3310 3178 asini
3347 3120 3518 3177 Midas
3547 3121 3724 3176 habet.

2080 3223 2160 3274 De
2191 3217 2393 3272 avibus
2412 3213 2717 3271 Acestaliis
2738 3213 2891 3284 apud
2913 3211 3310 3268 Stesichorum
3333 3209 3617 3282 quaesitis.
3647 3209 3727 3265 De

2081 3307 2268 3375 lapide
2287 3304 2715 3377 Gigoniojuxta
2737 3317 3046 3370 oceanum,
3068 3301 3342 3372 quodque
3361 3299 3486 3355 solo
3513 3298 3728 3369 aspho-

2081 3394 2211 3452 delo
2241 3399 2556 3462 moveatur,
2587 3408 2723 3448 eum
2751 3390 2804 3446 vi
2829 3390 2993 3447 nulla
3023 3389 3136 3446 alia
3167 3389 3306 3446 cieri
3351 3392 3452 3445 aut
3509 3386 3728 3443 moveri

2081 3490 2276 3558 queat.
2300 3483 2586 3558 Ropalum
2612 3483 2878 3540 Herculis
2909 3481 3093 3538 filium
3125 3481 3324 3548 fuisse,
3347 3479 3580 3537 ethunc
3611 3494 3730 3534 una

2078 3575 2403 3647 eademque
2433 3574 2526 3630 die
2557 3573 2708 3645 patri
2753 3578 2817 3628 ut
2855 3570 3018 3627 heroi
3051 3576 3412 3642 parentasse,
3444 3576 3500 3624 et
3532 3573 3595 3624 ut
3622 3567 3730 3623 deo

2080 3665 2464 3722 sacriﬁcasse.
2513 3662 2940 3735 Amphiaraum
2999 3661 3082 3716 sic
3129 3659 3514 3730 appellatum,
3572 3655 3730 3728 quod

2079 3760 2323 3826 uterque
2371 3757 2576 3808 matrts
2626 3766 2840 3823 parens
2888 3753 3161 3821 precatus
3194 3747 3294 3812 sit,
3327 3751 3393 3800 ut
3422 3745 3555 3800 filias
3603 3745 3732 3800 sine

2077 3845 2271 3900 labore
2302 3857 2502 3912 parere
2531 3839 2965 3897 concederetur.
2999 3837 3176 3908 Cujus
3208 3835 3286 3892 sit
3315 3835 3594 3906 hymnus,
3627 3834 3730 3904 qui

2079 3934 2231 4005 apud
2259 3931 2568 3987 Thebanos
2599 3932 2659 3984 in
2683 3925 2946 3984 Herculis
2978 3926 3258 3982 honorem
3281 3923 3616 3987 cauebatur,
3639 3921 3732 3977 di-

2081 4024 2364 4092 cebatque
2389 4019 2440 4075 ei
2465 4035 2479 4075 :
2509 4019 2659 4074 lovis
2685 4033 2754 4073 ac
2781 4018 3016 4074 lunonis
3042 4015 3128 4086 fili
3146 4031 3169 4080 ;
3201 4013 3530 4084 ibidemque
3560 4011 3632 4068 de
3662 4011 3732 4066 iis

2081 4111 2170 4185 qui
2205 4111 2450 4183 hymnos
2481 4124 2580 4180 per
2610 4107 2873 4180 singulas
2899 4105 3071 4161 urbes
3099 4101 3230 4160 cani
3260 4102 3462 4158 solitos
3493 4115 3729 4171 compo-

2080 4203 2343 4258 suerunt.
2381 4197 2912 4268 Philostephanum
2952 4192 3142 4251 14811
3184 4196 3376 4248 vatem
3399 4206 3465 4246 ac
3500 4197 3725 4262 poetam

315 4283 616 4358 ἐχρήσατο,
675 4285 767 4337 καί
825 4282 900 4345 ὡς
956 4282 1164 4357 Μάτρις
1224 4283 1252 4337 6
1310 4277 1550 4353 Θηϐαῖος
1622 4284 1959 4364 ὑμνογράφοι

2070 4292 2195 4363 jam
2227 4289 2364 4346 inde
2394 4303 2428 4343 a
2458 4285 2638 4344 natali
2689 4285 2783 4340 die
2829 4287 2988 4340 veste
3035 4297 3337 4354 nunquam
3370 4295 3497 4337 esse
3529 4295 3724 4336 usum.

317 4370 580 4446 μυρσίνας
605 4369 736 4444 παρ’
764 4369 893 4426 ὅλον
923 4371 1018 4426 τὸν
1051 4370 1168 4446 βίον
1208 4368 1457 4426 ἐσιτεῖτο.
1492 4371 1590 4426 Καὶ
1622 4371 1697 4434 ὡς
1736 4373 1969 4445 Εὐπόμ-

313 4481 420 4518 που
450 4463 548 4514 τοῦ
595 4458 833 4534 Σαμίου,
882 4460 942 4522 ὃς
991 4457 1258 4536 δράκοντα
1305 4461 1497 4533 θηρίον
1544 4461 1702 4537 τέρας
1752 4457 1966 4541 ἔτρεφεν

313 4549 541 4606 ἄπιστον
570 4549 662 4604 καὶ
703 4549 871 4604 εἰπεῖν
919 4550 1008 4605 καὶ
1055 4552 1302 4619 ἀκοῦσαι,
1341 4549 1541 4604 τούτου
1587 4554 1686 4605 τοῦ
1734 4552 1970 4625 Εὐπόμ-

313 4660 421 4695 που
451 4635 622 4695 παῖδα
665 4639 938 4716 Δράκοντα
986 4635 1228 4713 τοῦνομα
1276 4638 1680 4709 ὀξυωπέστατον
1726 4641 1966 4716 γενέσθαι

2006 4361 2048 4426 D
2074 4361 2313 4436 iMatrim
2345 4391 2578 4448 quoque
2598 4374 2946 4430 Thebanum
2966 4371 3079 4445 (67)
3105 4370 3454 4443 hymnorum
3486 4369 3731 4440 scripto-

2079 4481 2201 4523 rem
2235 4480 2338 4536 per
2365 4477 2602 4520 omnem
2633 4460 2810 4516 vitam
2846 4459 3015 4532 myrti
3047 4457 3240 4514 haccis
3289 4456 3520 4514 assidue
3558 4457 3734 4514 victi-

2077 4559 2254 4612 tasse.
2283 4554 2652 4625 Eupompum
2685 4549 2951 4607 Samium
2981 4546 3123 4620 (qui,
3147 4548 3304 4620 quod
3335 4548 3462 4604 visu
3495 4547 3733 4604 auditu-

2079 4659 2193 4717 que
2221 4641 2562 4699 incredibile
2591 4644 2700 4710 est,
2725 4639 2913 4696 ferum
2944 4637 3266 4696 admodum
3297 4641 3622 4694 monstrum
3647 4637 3729 4706 [id

1663 4739 1905 4797 νΑΒΙίΕ
1953 4740 2372 4800 LECTIONES.

353 4828 402 4864 ⁸⁷
437 4825 622 4935 rivocl
646 4829 891 4886 fortasse
919 4829 1234 4900 legendum
1286 4829 1359 4886 τί.
1437 4829 1488 4865 1⁸
1523 4826 1721 4917 πᾶλινέ
1758 4826 2048 4905 πολλάπερ
2079 4834 2162 4887 A:
2200 4836 2262 4887 ut
2330 4845 2461 4886 cum
2515 4827 2808 4901 Stephano
2867 4827 3183 4898 legendum
3232 4824 3502 4881 videatur
3541 4819 3731 4878 πολλὰ

353 4899 444 4935 ..λι
574 4901 591 4935 1
651 4899 820 4935 ...ἀν-ὲ..
855 4932 920 4935 _
952 4900 1112 4935 ΑΜ-..
1141 4900 1331 4935 Z-.l.-
1369 4903 1397 4935 Δ
1429 4917 1442 4933 ο
1469 4897 1633 4935 ...ζει-ζμ
1659 4919 1824 4935 ..ηρ-...ρ
1857 4899 2032 4935 3-4....
2061 4902 2124 4935 β·
2239 4903 2282 4935 αο
2311 4900 2497 4935 ..ς-..μὶν
2551 4916 2652 4935 mn
2722 4899 2854 4935 lib-ul
2885 4904 2988 4935 υέυ
3089 4898 3132 4934 ει
3180 4895 3404 4935 alr/senet]
3455 4895 3615 4935 σκίρτη-
3669 4899 3698 4935 Δ

574 4901 591 4936 ι

315 4899 466 4976 περί.
574 4899 622 4936 ¹⁹
651 4899 820 4969 αὐτὴν
853 4932 921 4944 -
951 4900 1112 4955 οὖσαν
1141 4900 1332 4978 ἐπείρα
1360 4903 1442 4959 A:
1469 4899 1633 4972 αὐτῆς
1659 4899 1824 4969 οὔσης

314 4975 434 5048 e.
465 4971 680 5048 πόσοις.
755 4973 808 5048 ’³.
835 4972 969 5048 μὶτᾶ
997 4974 1099 5048 τῂν
1137 4973 1256 5048 τελ.
1453 4968 1583 5048 "ﬁt
1630 4971 1698 5048 t6
1739 4993 1794 5046 γ.
1836 5014 1852 5030 .

316 5045 367 5082 ³⁸
394 5043 544 5120 παρᾶ
571 5047 618 5101 Α
644 5060 659 5101 :
689 5041 812 5118 περὶ
1003 5039 1138 5110 π’ὸς
1170 5039 1406 5104 add.'A.
1486 5042 1535 5080 ⁸⁸
1563 5039 1764 5102 malim
1788 5039 2017 5116 Θήϐαις.

651 4899 820 4969 αὐτὴν
853 4932 921 4944 -
951 4897 1112 4955 οὖσαν
1141 4900 1332 4978 ἐπείρα
1360 4903 1442 4959 A:
1469 4897 1633 4972 αὐτῆς
1659 4897 1824 4969 οὔσης
1857 4899 1996 5008 έπήρ

651 4992 658 5003 .
755 4973 801 5007 ss
836 4972 968 5010 ..ε-..ι
997 4974 1098 5010 ...λυ
1137 4973 1224 5010 ...Α
1289 4972 1352 5010 τ·
1453 4972 1498 5008 as
1527 4968 1581 5010 xz
1630 4971 1691 5010 φλ
1739 4993 1773 5010 υ
1929 4976 1950 5010 2

2005 4895 2035 4956 ἀ
2061 4902 2144 4976 ς.
2179 4969 2196 4976 -
2226 4903 2282 4976 ,ίο
2311 4895 2699 4976 «artiums;
2721 4895 3013 4976 unde».
3078 4898 3132 4976 ξ
3180 4895 3415 4976 πάξαιςι
3455 4895 3615 4976 τεέςις
3652 4899 3730 4976 Α.

2020 4965 2467 5045 Πόλυδάμαντός
2614 4965 2700 5006 ’³⁸
2751 4965 3032 5046 Πανδαρέη
3208 4967 3301 5023 καὶ
3356 4967 3426 5022 τὰ
3472 4966 3593 5036 ἑξῆς

1908 5143 2138 5201 NOTAE.

533 5304 658 5378 Quo
675 5319 806 5360 vero
828 5321 961 5361 vase
979 5307 1162 5363 teneri
1187 5309 1380 5378 posset
1399 5319 1552 5378 aqua
1567 5303 1754 5378 stygia
1775 5305 1971 5363 docui-

317 5376 638 5450 mus_V[tis
665 5383 1020 5450 comparatis
1051 5379 1121 5434 ad
1155 5376 1538 5450 Olympi“,
1572 5376 1752 5450 anfl.

393 5447 506 5518 (62)
535 5445 930 5517 0vidius,’l|b.
964 5467 1026 5507 ιι.
1061 5451 1132 5506 οε
1161 5445 1361 5506 νοὶηεά.
1398 5447 1646 5504 Hecalen
1687 5448 1969 5518 feminam

316 5534 640 5595 pauperem
689 5520 968 5595 adducita
996 5522 1259 5595 δρία-ιενὴ
1291 5518 1465 5594 ἡρωὶς
1496 5518 1711 5595 ή-παρᾲ
1760 5517 1968 5595 [ξαλλι-

323 5588 514 5664 μάχὶν,
544 5589 580 5658 ἡ
633 5589 777 5664 πρὸς
819 5590 1013 5664 ἑαυτὴν
1058 5588 1473 5664 καλοῦσα,ὀιο.
1523 5588 1794 5650 Ροιίἰίυηὶ
1839 5594 1970 5650 Μίε-

318 5663 526 5722 cum.
557 5677 685 5737 cap.
716 5663 809 5735 24,
839 5663 981 5738 lege.

390 5230 732 5427 (wi’Odyss.
767 5247 846 5302 rx,
874 5249 1027 5292 vers.
1059 5235 1188 5294 347.

411 5305 478 5359 61
533 5304 658 5370 Quo
675 5319 806 5360 vero
828 5321 961 5361 vase
979 5307 1162 5363 teneri
1187 5326 1188 5329 η

390 5391 456 5427 us
539 5376 638 5427 itis
665 5383 1020 5427 comparatis
1051 5379 1120 5427 ad
1155 5378 1188 5427 ί]

2150 5233 2265 5302 (63)
2295 5232 2438 5288 Vide
2468 5231 2580 5305 inf.
2607 5231 2664 5286 in
2696 5232 3080 5305 egcerptisex
3113 5230 3214 5288 lib.
3246 5243 3324 5285 νιι
3358 5223 3649 5298 Hephest.

2177 5307 2264 5372 64)
2297 5307 2463 5360 Hom.
2497 5303 2694 5374 Odyss.
2727 5303 2793 5374 Τ,
2827 5303 2885 5360 νζ
2911 5303 3039 5360 518.

2172 5378 2264 5447 65)
2297 5374 2439 5447 Vide
2471 5373 2631 5444 supr.
2663 5373 2884 5434 Conon.
2919 5377 3136 5432 narrat.
3165 5373 3254 5432 34.

2119 5442 2266 5522 (66)
2296 5446 2440 5522 Vide
2495 5442 2660 5522 Οθξᾶ.
2718 5447 3075 5522 Metamorph.
3121 5462 3230 5514 xr;
3280 5442 3452 5501 Persii
3503 5443 3622 5498 Sat.
3669 5458 3730 5513 ις

2079 5524 2136 5578 et
2163 5519 2469 5575 Scholiast.
2501 5519 2798 5589 Aristoph.
2833 5521 2888 5573 in
2922 5520 3169 5575 Plutum.

2148 5593 2258 5664 (67)
2291 5586 2952 5664 Athen._Dipn6s0phisI.
2985 5607 3042 5660 ιι,
3076 5588 3497 5648 Atheniensem
3547 5586 3728 5644 facit:

2081 5665 2130 5720 is
2157 5661 2294 5736 ergo
2323 5661 2634 5720 videndus.
