4198 6216
444 317 560 378 615

1641 307 1902 370 PHOTII
1949 306 2185 368 PATRI
2196 303 2479 366 ARCH/E
2521 302 2639 363 ΟΡ.

3726 307 3843 369 616

443 450 555 522 est]
594 450 904 506 draconem
956 444 1169 511 alebat)
1216 442 1395 498 ﬁlium
1446 440 1716 497 habuisse
1764 441 2084 497 Draconem

2218 434 2383 514 ρασῖν,
2434 434 2509 494 ὡς
2558 431 2646 487 διὰ
2702 430 2931 488 σταδίων
2986 441 3035 489 κ’
3089 437 3313 511 θεωρεῖν
3370 434 3594 510 ῥᾳδίως·
3648 438 3710 492 ’ὸν
3761 438 3857 493 καὶ

444 541 699 608 nomine,
731 535 1059 595 acutissimi
1101 533 1279 599 visus,
1313 531 1480 603 plane
1513 537 1577 587 ut
1609 548 1709 602 per
1750 530 1946 601 viginti
1981 530 2092 601 (68)

445 630 635 685 stadia
664 625 969 683 commode
998 628 1275 679 cerneret.
1302 622 1465 676 Hunc
1487 621 1661 691 igitur
1684 621 1841 675 mille
1863 620 2095 675 talentis

446 720 820 782 conductum,
845 724 900 770 et
919 712 1085 768 Xerxi
1110 713 1220 767 sub
1250 727 1426 766 aurea
1455 710 1689 781 platano
1720 710 2092 774 assidentem,

448 822 717 863 narrasse
747 821 922 875 quam
969 803 1187 857 videret
1223 804 1551 856 Grecorum
1596 817 1662 855 ac
1704 798 2093 854 Barbarorum

448 898 708 951 navalem
761 908 1039 965 pugnam,
1072 894 1129 946 et
1156 889 1475 945 Artemisiae
1518 889 1633 959 (69)
1674 886 2096 970 fortitudinem,

450 984 843 1040 Plesirrboum
885 980 1232 1037 Thessalum
1267 978 1617 1051 hymnorum
1652 977 1989 1048 scriptorem
2026 978 2097 1029 ab

450 1073 739 1129 Herodoto
779 1074 1139 1138 adamatum,
1172 1069 1574 1139 bonorumque
1608 1067 1891 1122 heredem
1934 1063 2100 1119 insti-

448 1167 639 1217 tutum
675 1161 860 1218 fuisse
885 1179 897 1217 :
922 1160 1188 1217 eumdem
1223 1158 1395 1213 etiam
1430 1156 1729 1212 exordium
1764 1153 1894 1210 libri
1926 1152 2101 1226 primi

452 1250 821 1306 Historiarum
854 1247 1126 1305 Herodoti
1158 1245 1581 1302 Halicarnassei
1616 1245 1855 1300 fecisse:
1891 1242 2101 1316 princi-

458 1340 615 1410 pium
669 1339 819 1395 enim
869 1336 1245 1393 Historiarum
1303 1334 1574 1391 Herodoti
1635 1332 1933 1405 prOprium
1993 1330 2104 1385 hoc

454 1431 636 1487 fuisse
662 1445 674 1485 :
704 1452 730 1479 ‹‹
767 1428 1073 1483 Persarum
1104 1425 1396 1481 doctiores
1428 1428 1764 1490 memorant,
1791 1420 2107 1476 dissensio-

455 1533 596 1574 num
649 1522 913 1573 auctores
964 1515 1253 1571 exstitisse
1283 1513 1609 1579 Phoenicas,
1643 1509 1963 1583 Polyzelum
1996 1509 2104 1577 Cy-

455 1624 711 1663 renaeum
770 1605 968 1662 risisse
1008 1604 1127 1676 .(70)
1173 1618 1507 1672 nunquam:
1542 1602 1792 1672 indeque
1850 1597 2106 1671 Agelasti

456 1704 908 1768 cognomentum
959 1692 1041 1749 illi
1097 1692 1322 1748 datum.
1366 1691 1615 1747 Deorum
1666 1689 1825 1744 cultu
1875 1692 2112 1744 caeteros

2202 524 2376 599 Ξέρξῃ
2406 522 2493 578 ἐπὶ
2520 520 2732 597 χιλίοις
2756 524 3149 598 συγγενόμενον
3181 523 3473 588 ταλάντοις
3502 528 3593 581 καὶ
3626 530 3861 604 συγκαθ-

2204 614 2461 685 εζόμενον
2521 612 2625 667 ὑπὸ
2682 614 2751 686 τῇ
2811 617 2992 687 χρυσῆ
3046 612 3306 687 πλατάνῳ
3365 612 3669 690 διηγεῖσθαι
3732 616 3867 692 βλέ-

2202 722 2375 757 ποντα
2432 702 2530 770 τῆν
2586 701 2635 737 ²⁹
2692 699 2977 773 Ἑλλήνων
3035 704 3123 757 καὶ
3195 699 3486 781 βαρϐάρων
3545 708 3864 782 ναυμαχίαν

2204 792 2293 847 καὶ
2332 793 2430 860 τὴν
2478 792 2826 867 Ἀρτεμισίας
2865 790 3109 866 ἀνδρίαν.
3162 796 3260 850 Καὶ
3310 798 3382 858 ὡς
3432 795 3781 874 Πλησὶῤῥοος
3838 797 3868 851 6

2207 881 2478 944 Θεσσαλὸς
2548 884 2575 936 ὁ
2645 883 3013 960 ὑμνογράφος,
3076 884 3346 959 ἐρώμενος
3404 888 3641 962 γεγονώς
3700 892 3870 961 Ἡρο-

2208 971 2371 1029 δότου
2400 972 2489 1027 καὶ
2520 971 2874 1048 κληρονόμος
2915 979 3024 1028 τῶν
3058 975 3246 1043 αὐτοῦ,
3296 977 3452 1038 οὗτος
3506 980 3755 1049 ποιήσειε
3803 980 3870 1033 τὸ

2206 1064 2503 1136 προοίμιον
2546 1070 2644 1131 τῆς
2691 1063 2917 1138 πρώτης
2967 1063 3212 1138 ἱστορίας
3263 1063 3561 1138 Ἡροδότου
3612 1066 3873 1140 Ἀλικαρ-

2208 1148 2447 1215 νασσέως
2476 1153 2541 1188 ⁸ο·
2574 1153 2676 1222 τὴν
2709 1151 2811 1229 γὰρ
2854 1152 2990 1207 κατὰ
3030 1153 3187 1228 φύσιν
3226 1155 3360 1209 εἶναι
3408 1160 3516 1209 τῶν
3571 1152 3874 1230 Ἡροδότου

2211 1243 2487 1315 Ἰστοριῶν
2516 1240 2696 1315 ἀρχὴν
2732 1266 2760 1293 ‹‹
2795 1241 3044 1315 Περσέων
3074 1244 3123 1297 οἱ
3159 1242 3342 1320 λόγιοι
3366 1245 3623 1307 Φοίνικας
3656 1246 3870 1307 αἰτίους

2211 1332 2458 1405 γενέσθαι
2512 1330 2639 1408 φασὶ
2685 1337 2786 1399 τῆς
2838 1327 3123 1409 διαφορῆς.
3162 1355 3186 1385 ν
3240 1334 3343 1389 Καὶ
3393 1335 3468 1396 ὡς
3517 1340 3816 1410 Κυρηναῖος
3846 1335 3876 1389 6

2216 1417 2544 1489 Πολύζηλος
2569 1419 2694 1473 οὐδέ
2724 1440 2856 1476 ποτε
2884 1419 3183 1496 γελάσειεν
3220 1421 3268 1495 ἐξ
3301 1424 3362 1479 οὗ
3411 1422 3500 1479 καὶ
3546 1425 3609 1479 τὸ
3650 1421 3875 1478 ἐπώνυ-

2220 1530 2317 1581 μον
2349 1508 2500 1580 αὖτῷ
2549 1509 2576 1562 6
2624 1507 2940 1585 ἀγέλαστος.
2991 1510 3089 1565 Καὶ
3143 1511 3217 1573 ὡς
3268 1510 3355 1567 ἐπὶ
3413 1507 3687 1583 θεοσεϐείᾳ
3736 1514 3876 1568 πάν-

2216 1619 2322 1653 των
2371 1595 2658 1673 διενεγκεῖν
2712 1598 2763 1651 οἱ
2824 1598 2919 1672 μὶν
2986 1600 3289 1677 Ἀντίγονον
3340 1602 3434 1657 τὸν
3493 1601 3762 1680 Ἐφέσιον,
3822 1603 3879 1657 οἱ

2224 1684 2280 1741 δὲ
2320 1686 2518 1741 Λυκίαν
2555 1687 2598 1724 ³¹
2653 1688 2743 1743 τὸν
2797 1688 3112 1762 Ἑρμιονέα,
3172 1691 3234 1743 οὗ
3287 1690 3376 1746 καὶ
3436 1690 3773 1770 Θεόφραστος
3823 1690 3879 1746 ἐν

456 1800 661 1840 omnes
710 1797 1019 1854 superasse
1069 1780 1284 1845 ferunt,
1318 1779 1414 1834 alii
1466 1777 1700 1848 quidem
1750 1776 2105 1848 Antigonum

2219 1776 2531 1839 ἐπιστολαῖς
2572 1776 2921 1849 μνημονεύει,
2973 1778 3129 1856 φασίν
3180 1782 3243 1839 ⁸³,
3289 1779 3393 1836 Καὶ
3443 1780 3518 1843 ὡς
3566 1779 3882 1855 ’Δχιλλέως

457 1872 795 1943 Ephesium,
821 1870 916 1926 alii
944 1870 1178 1926 Lucium
1213 1868 1627 1934 Hermionium,
1651 1867 1821 1937 cujus
1846 1872 1901 1921 et
1920 1866 2106 1922 Theo-

459 1963 738 2031 phrastus
770 1963 830 2016 in
863 1959 1125 2031 epistolis
1158 1958 1444 2013 meminit.
1473 1955 1682 2012 Achilli
1714 1961 1884 2025 atque
1909 1954 2109 2011 Deida-

458 2050 621 2105 mciai
654 2054 821 2105 natos
850 2048 1001 2103 filios
1033 2049 1202 2115 duos,
1224 2045 1667 2116 Neoptolemum
1702 2050 1759 2098 et
1791 2043 2108 2099 Oneirum:

457 2141 834 2209 occisumque
888 2138 958 2191 ab
1018 2135 1389 2207 imprudente
1460 2134 1657 2190 Oreste
1714 2132 1991 2188 Oneirum
2049 2132 2111 2188 in

2217 1866 2307 1919 καὶ
2362 1861 2666 1938 Δηϊδαμῖας
2720 1862 2815 1921 δύο
2879 1866 3162 1942 έγενέσθην
3212 1867 3423 1937 παῖδες,
3484 1869 3882 1942 Νεοπτόλεμος

2217 1954 2304 2007 καὶ
2339 1954 2603 2028 Ὀνειροςο
2654 1954 2742 2009 καὶ
2788 1954 3083 2029 ἀναιρεῖται
3132 1958 3250 2011 κατ’
3301 1956 3522 2032 ἄγνοιαν
3570 1958 3673 2013 ὑπὸ
3724 1959 3883 2033 Ὀρέ-

2220 2063 2346 2096 στου
2378 2040 2428 2096 ἐν
2473 2040 2686 2097 Φωκίδι
2736 2043 2764 2097 6
2813 2044 3075 2120 Ὀνειρος,
3135 2046 3258 2120 περὶ
3318 2047 3689 2123 σκηνοπηγίας
3733 2046 3886 2120 αύτῷ

2229 2131 2634 2205 μαχεσάμενος.

456 2227 734 2297 phocide,
768 2243 901 2281 cum
934 2225 1029 2281 hic
1062 2225 1132 2279 de
1170 2224 1419 2296 ﬁgendis
1454 2222 1719 2278 tentoriis
1750 2223 2030 2277 adversus
2056 2219 2221 2277 illum
2255 2234 2476 2276 certare
2506 2224 2812 2293 coepisset.

532 2318 773 2373 Disserit
802 2317 1012 2373 deinde
1041 2319 1097 2371 et
1130 2317 1201 2370 de
1234 2314 1527 2370 historicis
1559 2313 1914 2385 quibusdam
1966 2314 2114 2367 casi-

459 2408 591 2463 bus.
623 2408 822 2479 Amyci
868 2406 1138 2477 sepulcro
1190 2403 1671 2475 rhododaphnem
1705 2403 1818 2474 (7t)
1850 2401 2109 2458 innatam

459 2496 560 2562 ait,
596 2513 770 2567 quam
822 2495 922 2566 qui
970 2499 1327 2566 gustassent,
1380 2493 1673 2564 pugilatus
1730 2492 1923 2548 studio
1984 2492 2109 2562 capi

458 2586 682 2641 solitos.
717 2586 1080 2640 Antodorum
1128 2585 1343 2655 itaque,
1374 2599 1506 2638 cum
1541 2598 1609 2638 ex
1640 2599 1706 2638 ea
1735 2582 1902 2637 lauro
1956 2582 2112 2637 edis-

460 2680 569 2742 set,
594 2676 871 2731 victorem
907 2674 1191 2729 tredecies
1223 2689 1492 2729 coronam
1522 2673 1814 2728 retulisse:
1838 2678 2109 2727 eumdem

462 2770 661 2819 tamen
693 2780 727 2819 a
766 2763 1042 2818 Dioscoro
1074 2762 1311 2817 Theraeo
1344 2762 1401 2816 in
1432 2768 1639 2833 quarto
1672 2760 1897 2815 decimo
1924 2765 2110 2815 certa-

463 2854 622 2910 mine
652 2854 891 2922 victum,
917 2851 1415 2924 quemadmodum
1450 2862 1502 2907 et
1536 2854 1661 2923 ipse
1683 2854 1937 2923 Amycus
1968 2848 2109 2905 dici-

460 2949 557 2998 tur
585 2942 657 2998 ab
688 2942 867 2998 altero
894 2944 1294 2997 Dioscurorum
1325 2940 1482 2996 lucta
1504 2945 1829 3012 superatus.
1850 2939 2108 2995 Croesum

2292 2309 2425 2365 Εἶτα
2482 2306 2844 2385 διαλαμϐάνει
2900 2312 3023 2387 περὶ
3085 2315 3514 2387 συνεμπτώσεως
3564 2316 3610 2354 ⁸³
3665 2316 3880 2392 ἱστορι-

2219 2405 2346 2469 κῆς,
2389 2398 2462 2460 ὡς
2496 2398 2737 2471 Ἀμύκου
2788 2406 2869 2473 τῷ
2914 2402 3069 2477 τάφῳ
3128 2400 3435 2481 ῥοδοδάφνη
3493 2399 3609 2485 ἔφν,
3666 2405 3757 2460 καὶ
3823 2404 3881 2459 οἱ

2220 2487 2478 2563 φαγόντες
2541 2487 2705 2558 αὐτῆς
2756 2489 3060 2565 ἐπεθύμουν
3098 2496 3388 2563 πυκτικὴν,
3432 2494 3521 2549 καὶ
3567 2494 3641 2555 ὡς
3692 2495 3883 2551 Ἀντό-

2221 2574 2396 2650 δωρος
2448 2578 2637 2651 φαγὼν
2698 2575 2866 2649 αὒτῆς
2923 2576 3202 2656 δεκατρεῖς
3261 2583 3547 2662 στεφάνους
3606 2582 3881 2653 ἀνείλετο,

2228 2662 2377 2731 πλὴν
2424 2666 2527 2720 ὑπὸ
2581 2668 2877 2742 Διοσκόρου
2924 2673 3022 2723 τοῦ
3082 2670 3321 2746 Θηραίου
3379 2670 3430 2726 ἐν
3479 2675 3547 2746 τῇ
3605 2692 3885 2746 τεσσαρεσ-

2219 2750 2511 2829 καιδεκάτῃ
2590 2756 2794 2831 ἀγωνίᾳ
2875 2759 3117 2830 ἡττήθη,
3207 2760 3387 2835 ὥσπερ
3469 2760 3561 2815 καῖ’
3626 2762 3787 2823 αὐτὸς
3853 2762 3883 2816 6

2220 2844 2465 2915 Ἀμυκος
2495 2842 2706 2919 λέγεται
2752 2846 2839 2924 ὑφ’
2888 2847 3008 2909 ἑνὸς
3065 2852 3173 2903 τῶν
3234 2850 3577 2925 Διοσκούρων
3637 2871 3883 2905 καταπαο

2222 2928 2532 3001 λαισθῆναι.
2580 2933 2678 2987 Καὶ
2729 2935 2822 2990 τὸν
2876 2937 3111 3010 Κροῖσόν
3169 2959 3296 3015 φασι
3346 2940 3393 2973 ³⁴
3442 2940 3770 3013 γεννηθῆναι
3830 2938 3886 2993 έν

461 3047 697 3103 quoque
729 3034 870 3087 festo
898 3031 1131 3087 Veneris
1153 3030 1245 3086 die
1269 3038 1468 3086 natum
1499 3046 1511 3083 :
1538 3046 1653 3101 quo
1682 3030 1820 3084 item
1853 3028 1945 3084 die
1974 3027 2107 3100 Lydi

2218 3021 2383 3095 ἓορτῇ
2432 3020 2781 3097 ’Δφροδίτης,
2812 3026 2930 3079 καθ’
2968 3026 3035 3095 ἢν
3086 3024 3251 3083 Λυδοὶ
3300 3028 3395 3083 τὸν
3446 3029 3657 3083 ἅπαντα
3704 3026 3887 3083 πλοῦ-

460 3093 663 3177 omnes
713 3120 939 3175 divitias
990 3136 1211 3191 pompae
1255 3119 1490 3175 nomine
1520 3093 1603 3173 illi
1638 3120 1753 3174 deae
1784 3093 2107 3190 apponunt.

2218 3132 2308 3167 τον
2376 3110 2735 3186 περιτιθέντες
2801 3113 2938 3189 αὐτῇ
3034 3116 3402 3190 πομπεύουσι.

458 3211 713 3266 Taurum
772 3209 1089 3281 aliquando
1149 3208 1501 3264 sacrificanti
1552 3208 1700 3281 patri
1752 3208 2109 3273 nuntiatum,

461 3306 663 3355 natum
700 3298 811 3370 ipsi
843 3314 969 3354 esse
1000 3297 1479 3362 Themistoclem,
1510 3304 1569 3353 et
1607 3313 1738 3353 vero
1768 3296 1971 3351 hausto
2002 3295 2110 3367 (72)

462 3388 614 3444 idem
646 3389 879 3443 taurino
903 3388 1190 3459 sanguine
1214 3387 1381 3459 perit.
1400 3385 1608 3442 Darius
1631 3386 1935 3458 Hystaspis
1959 3384 2115 3440 ﬁlius

461 3495 493 3532 a
526 3482 710 3531 matre
759 3476 1080 3549 expositus,
1113 3492 1271 3547 equae
1314 3476 1592 3531 uberibus
1622 3475 1868 3531 laetatus
1899 3480 2007 3541 est,
2039 3473 2111 3529 ab

463 3566 815 3638 Spargapiza
844 3581 1127 3636 equorum
1163 3574 1387 3637 pastore
1417 3580 1429 3619 ε
1465 3564 1737 3636 idemque
1768 3572 1959 3636 postea
1989 3564 2114 3618 hin-

469 3653 593 3710 nitu
618 3654 753 3726 equi
777 3670 874 3709 rex
896 3659 1143 3710 creatur.
1163 3654 1315 3726 Ibyei
1341 3660 1518 3727 poetas
1543 3652 1731 3709 melici
1751 3670 1951 3708 servus
1972 3654 2114 3709 Her-

472 3738 631 3795 cules
655 3738 767 3809 t73)
790 3740 1045 3807 nomine,
1070 3739 1235 3794 vivus
1256 3748 1517 3801 exustus,
1538 3739 1691 3809 quod
1715 3754 1847 3794 cum
1873 3738 2117 3793 latroni-

476 3829 585 3885 bus
606 3829 663 3883 in
688 3830 991 3885 dominum
1025 3830 1438 3901 conspirasset.
1462 3829 1693 3885 Orestes
1714 3830 1936 3884 Cereris
1957 3828 2117 3883 illius

473 3919 619 3974 festo
652 3919 766 3985 die,
824 3919 1018 3974 149a
1060 3935 1189 3990 quas
1258 3918 1507 3991 Erinnys
1555 3919 1729 3989 dicta,
1791 3928 1960 3973 natus
2005 3922 2109 3974 est.

467 4006 777 4079 Philippus
821 4024 963 4080 puer
1010 4010 1335 4063 etiamnum
1364 4008 1494 4063 illas
1524 4009 1689 4080 quasi
1719 4008 1944 4074 stellas,
1971 4023 2116 4079 quas

468 4112 575 4151 suo
626 4095 876 4151 decursu
925 4094 1162 4151 desilire
1211 4095 1569 4163 advertebat,
1619 4097 1841 4168 vesperi
1891 4096 2116 4167 sagittis

464 4194 651 4257 petere
682 4186 1044 4241 conabatur:
1077 4190 1135 4240 et
1164 4184 1497 4254 Diognetum
1543 4191 1728 4240 vatem
1778 4186 2113 4256 praedixisse

465 4278 679 4339 ferunt,
705 4273 1147 4329 dominaturum
1173 4274 1375 4329 multis
1408 4274 1856 4329 adolescentem.
1878 4278 1952 4329 Et
1974 4289 2114 4329 sane

461 4360 628 4415 Aster
656 4361 768 4433 (⁸74)
802 4362 885 4416 illi
918 4378 1127 4418 nomen
1162 4362 1289 4427 fuit,
1325 4362 1421 4433 qui
1454 4363 1637 4417 eidem
1670 4363 1903 4418 oculum
1936 4362 2112 4434 sagit-

3502 3118 3599 3172 Καὶ
3680 3120 3882 3191 ταῦρον

2218 3202 2400 3256 θύοντι
2428 3206 2509 3274 τῷ
2559 3202 2722 3279 πατρὶ
2773 3202 3119 3280 ἀπήγγελται
3156 3208 3423 3285 τεχθῆναι
3471 3205 3881 3281 Θεμιστοκλῆς,

2218 3292 2305 3344 καὶ
2336 3289 2537 3365 ταύρου
2562 3290 2701 3346 πιὼν
2735 3293 2877 3365 αἷμα
2916 3289 3125 3349 ἀπεϐίω
3173 3298 3302 3366 [2'17
3337 3298 3429 3369 H].
3472 3298 3563 3357 Ὧς
3610 3297 3637 3350 6
3685 3294 3881 3349 ’Υστά-

2220 3402 2356 3436 σπου
2390 3386 2609 3456 Δαρεῖος
2639 3381 2869 3445 ἐκτεθεὶς
2904 3383 3006 3439 ὑπὸ
3047 3392 3147 3455 τῆς
3195 3388 3404 3461 μητρὸς
3450 3384 3626 3441 ’ίππου
3675 3383 3881 3457 θηλαῖς

2219 3471 2486 3549 ἀνετράφη
2577 3472 2679 3527 ὑπὸ
2770 3476 3129 3550 Σπαργαπίσῃ
3207 3477 3285 3548 τῷ
3372 3471 3723 3554 ἱπποφορϐᾦ,
3792 3490 3884 3544 καὶ

2215 3557 2389 3614 ἵππου
2449 3566 2808 3636 χρεμετισμῷ
2863 3562 3159 3638 βασιλεύει.
3220 3565 3317 3620 Καὶ
3388 3566 3465 3627 ὡς
3520 3561 3735 3621 Ἰϐύκου
3785 3567 3887 3618 τοῦ

2226 3646 2531 3722 μελοποιοῦ
2588 3650 2857 3724 θεράπων,
2912 3649 3156 3725 τοῦνομα
3216 3652 3493 3726 Ἡρακλῆς
3561 3658 3664 3722 ζῶν
3725 3652 3887 3707 ἐκαύ-

2224 3740 2315 3808 θη,
2375 3739 2740 3811 συναράμενος
2802 3745 2918 3802 τοῖς
2976 3740 3203 3814 λῃσταῖς
3261 3744 3395 3797 κατὰ
3435 3746 3532 3799 τοῦ
3592 3739 3885 3801 δεσπότου.

2223 3829 2313 3887 Ὠς
2355 3828 2612 3901 Ὀρέστης
2640 3829 2775 3883 κατὰ
2802 3831 2903 3897 τὴν
2932 3831 3125 3905 ἑορτήν
3172 3832 3392 3907 τεχθείη
3433 3838 3534 3901 τῆς
3578 3834 3888 3908 Δήμητρος

2221 3922 2322 3986 τῆς
2359 3915 2708 3988 καλουμένης
2758 3918 3050 3989 Ἐριννύος.
3101 3921 3188 3983 Ὠς
3240 3920 3522 3984 Φίλιππος
3557 3919 3633 3977 ἔτι
3666 3924 3712 3958 ⁸⁵
3750 3927 3886 3986 παῖς

2224 4003 2297 4059 ὥν
2348 4003 2474 4067 τοὺς
2529 4004 2950 4082 ἀφαλλομένους
3005 4011 3106 4079 τῆς
3151 4011 3421 4081 κινήσεως
3481 4011 3603 4085 [ὡς]
3655 4011 3885 4086 ἀστέρας

2224 4093 2473 4167 ἐπειρᾶτο
2514 4096 2627 4149 καθ’
2680 4095 2907 4171 ἑσπέραν
2964 4099 3221 4171 τοξεύειν,
3281 4099 3371 4154 καὶ
3428 4099 3720 4173 Διόγνητον
3787 4100 3885 4172 μὲν

2227 4184 2393 4239 είπεῖν
2461 4185 2552 4240 τὸν
2624 4186 2814 4258 μάντιν
2874 4186 3107 4263 ἐγκρατῆ
3166 4186 3395 4245 πολλῶν
3468 4191 3531 4246 τὸ
3588 4188 3881 4266 παιδάριον

2222 4271 2453 4329 ἔσεσθαι.
2508 4275 2707 4349 Ἀστήρ
2751 4272 2794 4330 δ’
2845 4278 2911 4346 ἧν
2956 4276 3129 4351 ὄνομα
3173 4278 3261 4334 καὶ
3306 4284 3385 4351 τῷ
3439 4278 3730 4354 ἐκκόψαντι
3779 4279 3882 4335 αύ-

2221 4366 2315 4417 τοῦ
2347 4363 2395 4398 ³⁸
2438 4362 2585 4438 βέλει
2631 4366 2723 4420 τὸν
2766 4366 3070 4443 ὀφθαλμόν.
3122 4372 3211 4433 Ὧς
3256 4368 3508 4443 Μαρσύας
3539 4370 3568 4423 6
3601 4366 3881 4439 αὐλητὴς,

463 4452 521 4502 ta
549 4448 718 4505 eruit.
751 4454 1010 4520 Marsyas
1042 4451 1279 4518 tibicen,
1315 4449 1411 4506 ille
1441 4450 1537 4522 qui
1589 4449 1737 4521 pelle
1766 4451 1877 4522 (75)
1907 4457 2107 4507 exutus

2222 4452 2281 4513 ὃς
2314 4436 2561 4526 έξεδάρη,
2600 4450 2652 4508 ἐν
2702 4436 2864 4530 ἑορτῇ
2910 4436 3267 4520 ’Δπόλλωνος
3317 4436 3539 4533 ἐτέχθη,
3591 4456 3643 4513 ἐν
3675 4436 3885 4531 ᾗνπάνελ

1807 4548 2048 4605 VARI/E
2089 4551 2128 4606 L
2144 4552 2401 4609 ECTION
2414 4553 2513 4609 ES.

532 4637 577 4673 "
757 4640 866 4726 τξὺν
1037 4637 1083 4722 ξθ
1114 4634 1547 4726 ’Δλικαρνασέως
1728 4639 1783 4726 ’ξ’
1806 4638 2121 4726 ΛύκιργΛς.

460 4710 751 4783 graphum
781 4710 1059 4783 Stephani
1096 4727 1109 4764 :
1142 4710 1557 4771 συνεκπτώσεως
1723 4711 1798 4766 Cf.
1841 4728 1898 4782 p.
1940 4710 2109 4767 149ἀ
2140 4713 2226 4768 14.

2218 4641 2264 4676 ⁸³
2292 4639 2448 4715 φασίν
2490 4658 2603 4715 om.
2624 4648 2706 4715 Α.
2741 4640 3073 4715 Δηϊδαμείας

3222 4664 3235 4701 :
3268 4646 3698 4720 συνεμπτῴσεως
3733 4664 3881 4720 ερρ-

2326 4712 2375 4747 ³⁴
2403 4712 2531 4789 φασί
2564 4714 2699 4770 add.
2741 4720 2806 4772 A.

2910 4712 2954 4751 ⁸⁵
2984 4712 3086 4790 ἔτι]
3115 4712 3329 4793 ἳτταιρος
3362 4712 3430 4779 Ᾰ.
3521 4718 3570 4753 ³⁸
3608 4712 3879 4793 αὐτῷ’ς.

2060 4810 2273 4868 NOTAE

530 4897 645 4970 (68)
677 4900 762 4954 Ita
788 4914 858 4954 ex
878 4898 1067 4971 Strab.
1092 4897 1330 4971 quidam
1366 4899 1658 4970 Lyncerus
1681 4914 1783 4971 per
1806 4900 1907 4955 135
1929 4899 2111 4956 millia

457 4969 739 5040 paesuuni
774 4970 1085 5041 perspexit,
1114 4978 1171 5024 ut
1192 4985 1261 5025 ex
1282 4969 1539 5025 Varrone
1570 4969 1812 5026 narrant
1830 4971 1981 5026 Plin.
2006 4971 2108 5028 lib.

456 5059 557 5110 vn,
590 5058 717 5114 cap.
749 5044 849 5109 2i;
882 5041 1007 5097 Val.
1044 5041 1193 5096 Max.
1230 5041 1329 5095 llb.
1364 5058 1402 5107 ι,
1438 5058 1565 5112 cap.
1598 5044 1668 5110 8;
1697 5042 1877 5098 Solin.
1902 5044 2107 5115 cap.6.

454 5112 599 5168 Vide
631 5124 843 5195 etquae
874 5112 1745 5195 narrantur.inﬁde-Candauli
1778 5116 2028 5187 conjuge
2051 5117 2107 5171 in

456 5183 751 5253 excerptis
774 5203 843 5240 ex
874 5186 972 5241 lib.
1006 5201 1037 5238 ν
1068 5183 1509 5253 Hephaestionis.

526 5257 640 5325 (69)
670 5256 852 5319 Quam
888 5257 1067 5311 babes
1098 5257 1445 5327 descriptam
1480 5256 1634 5327 apud
1678 5256 1945 5314 Herodot.

526 5327 641 5393 ('70)
675 5329 829 5400 idem
862 5330 931 5383 de
960 5330 1301 5400 Anaxagora
1322 5328 1685 5384 Clazomenio
1708 5331 1880 5385 refert
1895 5329 2103 5387 Elian.

454 5402 553 5465 τῆς
591 5395 857 5471 Ποικίλης
902 5415 1022 5467 νιιι,
1055 5395 1189 5471 ειερῖ
1217 5400 1303 5467 13,
1334 5406 1390 5458 et
1436 5401 1508 5456 de
1555 5401 1623 5454 Μ.
1670 5401 1876 5457 Crasso
1919 5402 2103 5457 Solin.

455 5468 669 5543 cap_.__L
702 5470 895 5543 Cicero
928 5468 1432 5529 semel'duntaxat
1462 5471 1679 5543 risisse,
1712 5473 1785 5529 De
1812 5472 2017 5543 ﬁnibus
2046 5489 2102 5528 ν.

454 5537 691 5606 θίῬΙίη.
729 5540 824 5597 lib.
862 5558 959 5609 vn,
994 5558 1122 5615 cap.
1160 5543 1243 5597 19.

2292 4900 2742 4980 (71)-1)ιιε;οι·ἱι)ᾕιΔ
2764 4920 2893 4962 eam
2943 4905 3095 4963 Plin.
3138 4906 3239 4964 lib.
3268 4922 3381 4977 xv1,
3413 4924 3539 4980 cap.
3571 4908 3663 4963 20.
3699 4908 3879 4980 Apul-

2221 4988 2377 5028 rosea
2410 4974 2603 5030 laurea
2633 4976 2870 5033 dicitur.

2217 5045 2610 5172 magrzicdes
2658 5048 2811 5105 Ctes.
2845 5049 3048 5107 Persio.
3082 5068 3245 5123 supr.
3280 5051 3337 5107 in
3368 5054 3631 5123 Excerpt.
3668 5066 3735 5108 ex
3771 5050 3877 5109 lib.

2288 5187 2401 5259 (73)
2435 5188 2719 5247 Heracles.

2286 5261 2397 5330 (74)
2426 5264 2576 5331 Lege
2630 5262 2799 5340 βαιά.
2856 5264 2943 5340 in_
2973 5264 3252 5340 Kaipavoc:
3298 5270 3356 5325 et
3408 5264 3570 5325 Vitas
3618 5284 3653 5323 a
3700 5266 3876 5325 nobis

2214 5340 2583 5401 comparatas
2611 5334 2788 5393 Arist.
2823 5341 2880 5391 et
2909 5334 3209 5395 Demosth.

2287 5404 2396 5475 (75)
2426 5404 2679 5484 Abuipso
2715 5407 3013 5484 Apolline,
3065 5415 3129 5467 ut
3177 5410 3351 5469 refert
3396 5409 3657 5484 Xenopb.
3694 5410 3795 5469 lib.
3828 5427 3871 5481 ι,

2215 5475 2291 5529 De
2315 5474 2753 5549 ex’pedit.’Cyri.
