4198 6216
268 325 382 386 617

1414 312 1958 376 BIBLIOTHECA‘
2005 340 2084 357 —
2125 313 2297 377 COD.
2345 315 2521 376 CXC.

3557 319 3678 381 618

265 474 371 510 των
419 457 529 510 τῶν
573 449 848 525 θυομένων
892 450 1046 519 ζώων
1094 447 1163 502 τὰ
1205 444 1446 520 δέρματα
1481 445 1629 516 αύτῷ
1685 442 1908 519 ἐκδερόο

2034 450 2126 514 est,
2150 464 2352 503 auram
2373 446 2606 504 vitalem
2640 447 2874 506 haurire
2904 449 3078 521 cmpit
3098 464 3165 506 eo
3187 450 3336 506 festo
3365 449 3676 522 Apollinis,

272 564 400 619 μενα
447 542 775 598 ἀνατίθεται.
830 539 961 613 Περῖ
1009 539 1211 595 Τιτυοῦ
1254 535 1298 572 ⁸⁷
1345 540 1444 590 τοῦ
1488 529 1909 591 έπιϐουλεύσαν·

269 655 362 697 τος
405 629 761 703 Ἀλέξανδρον
794 629 841 666 ³⁸
890 629 1019 701 [480
1058 627 1149 700 R.]
1197 626 1284 688 Ὧς
1319 623 1591 683 Κλαύδιον
1637 624 1839 680 κύούσα
1877 625 1912 693 ἡ

274 725 455 796 μήτηρ
491 720 767 796 βωλητῶν
797 716 926 779 τοὺς
963 717 1211 790 μύκητας
1240 715 1618 787 ἐπιθυμήσασα
1647 717 1695 751 ³³
1725 715 1914 791 φάγοι,

267 813 353 867 καὶ
421 807 694 871 Κλαύδιος
782 807 1028 882 μύκητας
1110 805 1663 885 πεφαρμακευμένους
1731 803 1912 882 φαγὼν

270 895 542 972 ἁποόιῷη.
587 898 717 972 Περί
764 894 1067 969 Κενταύρου
1101 899 1199 950 τοῦ
1249 893 1477 966 Λαμίου,
1511 893 1584 954 ὡς
1637 891 1913 967 μοιχεύων

271 989 519 1064 ληφθεὶς,
572 988 624 1043 οἱ
687 987 782 1060 μὶν
845 986 949 1040 ὑπὸ
1005 983 1256 1059 Πειρίθου
1312 987 1408 1038 τοῦ
1465 981 1725 1056 εὐνούχου
1756 982 1824 1052 ⁴⁰,
1865 981 1917 1036 οἱ

275 1077 319 1135 δ’
353 1081 454 1136 ὑπὸ
507 1078 727 1150 Θησέως
778 1077 1144 1150 ἀναιρεθῆναι.
1177 1073 1332 1130 Οὕτω
1381 1071 1565 1128 πολλὰ
1608 1077 1727 1136 ταῖς
1772 1073 1925 1126 ἱστο-

276 1171 413 1246 ρίαις
451 1174 562 1225 τῶν
611 1167 1041 1240 συνεμπτώσεων
1090 1161 1298 1220 ἕπεται.
1333 1161 1511 1219 Ἀλλὰ
1564 1161 1744 1217 καὶτὸ
1793 1161 1842 1236 γ’
1870 1159 1921 1215 ἐν

269 1259 486 1322 τούτοις
519 1252 758 1333 βιϐλίον.

346 1439 424 1495 Τὸ
464 1435 522 1492 δὲ
571 1433 614 1490 δ’
664 1432 1000 1513 διεξέρχεται
1048 1433 1124 1496 ὡς
1169 1429 1364 1501 Ἑλένη
1425 1431 1615 1505 πρώτη
1668 1429 1926 1499 ἐπενόησε

269 1527 359 1582 τὸν
414 1522 504 1580 διὰ
553 1521 837 1580 δακτύλων
889 1521 1120 1597 κλῆρον,
1150 1521 1240 1576 καὶ
1291 1516 1628 1594 Ἀλεξάνδρῳ
1676 1517 1927 1594 λαχοῦσα

270 1615 482 1685 ἐνίκησε
530 1633 543 1647 °
587 1614 677 1669 καὶ
727 1615 801 1674 ὼς
863 1608 1196 1689 Ἀφροδίτης
1257 1608 1341 1676 εἷ’-η
1384 1608 1646 1685 θυγάτηρ.
1697 1609 1801 1665 Καὶ
1850 1608 1927 1670 ὡς

276 1704 477 1775 Ελένης
534 1703 624 1758 καὶ
693 1700 1009 1777 Ἀχιλλέως
1073 1699 1126 1755 ἐν
1211 1699 1479 1772 μακάρων
1539 1701 1730 1770 νήσοις
1795 1702 1927 1759 παῖς

2022 553 2138 609 quo
2171 538 2263 593 die
2288 537 2552 594 omnium
2595 555 2719 610 quae
2769 539 3235 595 sacrilicarentur
3281 539 3671 597 animantium

2025 626 2204 697 pelles
2259 629 2509 699 dereptae
2559 628 2641 683 illi
2701 629 3143 686 dedicahantur.
3197 629 3276 684 De
3330 633 3518 702 Tityo,
3573 627 3681 700 qui

2028 718 2343 772 Alexandro
2375 719 2588 773 struxit
2626 719 2890 775 insidias.
2924 720 3227 776 Claudium
3275 721 3675 791 imperatorem

2025 806 2264 877 gravida
2285 813 2510 876 gestans
2536 815 2740 877 mater,
2765 809 3024 864 boletum
3053 812 3358 882 fungorum
3385 811 3677 866 desiderio

2026 903 2194 969 capta
2225 900 2474 953 comedit
2503 900 2636 970 (76),
2670 905 2728 954 et
2757 899 3036 956 Claudius
3089 903 3299 972 fungos
3338 918 3558 957 veneno
3587 901 3680 956 iu'

2029 986 2208 1040 fectos
2238 986 2522 1042 devorans
2572 987 2757 1058 periit.
2795 990 2871 1044 De
2901 988 3189 1045 Centauro
3223 990 3432 1044 Lamias
3465 989 3583 1044 filio
3615 992 3682 1045 ut

2034 1075 2375 1131 adulterans
2404 1080 2612 1148 captus
2643 1076 2738 1142 sit,
2774 1093 2948 1148 quem
2980 1078 3077 1133 alii
3110 1095 3144 1133 a
3173 1078 3464 1134 Peirithoo
3493 1093 3679 1135 eunu-

2035 1165 2162 1233 cho,
2203 1165 2298 1220 alii
2332 1183 2365 1221 a
2393 1166 2615 1222 Theseo
2665 1166 3039 1224 interfectum
3094 1170 3275 1224 aiunt.
3319 1168 3491 1225 Tales
3537 1168 3683 1223 varii

2036 1253 2095 1308 in
2129 1254 2258 1310 istis
2282 1254 2537 1310 historiis
2563 1272 2735 1312 casus
2756 1266 2925 1329 atque
2947 1264 3151 1313 eventa
3174 1258 3522 1326 referuntur,
3550 1257 3685 1330 qui-

2037 1343 2145 1398 bus
2175 1345 2344 1398 etiam
2381 1343 2527 1399 liber
2557 1345 2762 1400 tertius
2793 1347 3028 1401 tandem
3063 1347 3405 1402 absolvitur.

2110 1431 2279 1488 Libro
2335 1439 2530 1488 autem
2587 1440 2789 1504 quarto
2837 1434 2958 1491 haec
3007 1446 3355 1494 narrantur:
3407 1437 3684 1494 Helenam

2037 1522 2294 1592 primum
2328 1524 2686 1594 excogitasse
2707 1525 2904 1594 digitis
2929 1526 3202 1583 micando
3226 1528 3606 1593 sortitionem,
3630 1531 3690 1584 et

2037 1627 2166 1667 cum
2199 1610 2525 1667 Alexandro
2557 1613 2890 1669 sortientem
2922 1615 3154 1682 vicisse,
3179 1618 3477 1689 fuisseque
3496 1620 3686 1672 Vene-

2037 1701 2119 1755 ris
2152 1700 2348 1754 ﬁliam.
2375 1700 2591 1757 Helena
2619 1702 2820 1758 adhaec
2849 1708 2906 1758 et
2933 1704 3152 1760 Achille
3185 1705 3368 1760 ﬁlium
3403 1707 3461 1760 in
3496 1706 3692 1761 Beato-

279 1758 372 1761 _-.,
433 1758 476 1775 ,,
711 1758 804 1777 --η
996 1758 1007 1764 ,
1211 1758 1220 1772 ,
1371 1758 1378 1771 ,
1592 1758 1602 1770 ,
1719 1758 1723 1759 ν
1915 1758 1921 1759 ,

276 1795 555 1869 πτερωτὸς
613 1792 854 1870 γεγόνοι,
915 1792 974 1846 ὂν
1035 1788 1125 1845 διὰ
1179 1790 1242 1844 τὸ
1297 1796 1398 1857 τῆς
1455 1789 1640 1864 χώρας
1700 1784 1923 1863 εὔφορον

2039 1805 2166 1843 rum
2201 1789 2413 1844 insulis
2442 1805 2578 1844 cum
2610 1790 2719 1846 alis
2751 1798 2978 1858 natum,
3004 1809 3177 1864 quem
3202 1796 3276 1850 oh
3308 1795 3559 1864 regionis
3584 1795 3690 1850 ler-

276 1883 597 1960 Εύφορίωνα
647 1881 934 1954 ὠνόμασαν
971 1899 984 1911 °
1018 1881 1108 1934 καὶ
1149 1879 1222 1940 ὡς
1271 1878 1366 1952 ἐρᾷ
1409 1876 1607 1933 τούτου
1649 1875 1798 1943 Ζεὺς,
1837 1875 1927 1930 καὶ

273 1959 564 2047 οποτυχὼν
611 1975 863 2045 κεραυνοὶ
923 1967 977 2024 έν
1036 1966 1220 2040 Μήλῳ
1276 1970 1345 2040 τῇ
1394 1968 1548 2038 νήσῳ
1604 1959 1928 2021 καταλαϐὼν

271 2058 632 2134 διωκόμενον,
666 2060 755 2114 καὶ
807 2059 903 2118 τὰς
951 2057 1184 2136 νύμφας,
1218 2055 1301 2111 ὅτι
1349 2055 1572 2129 θάψειαν
1621 2054 1802 2121 αὐτὸν,
1847 2052 1924 2115 εἷς

273 2150 591 2224 βατράχους
654 2142 936 2222 μετέϐαλε.
997 2146 1100 2203 Καὶ
1159 2145 1232 2207 ὡς
1299 2142 1636 2220 κυνηγοῦσαν
1693 2141 1919 2213 Ἑλένην

270 2233 397 2293 ἔνιοί
440 2259 605 2317 φασιν
660 2236 712 2291 έν
750 2240 828 2307 τῷ
881 2235 1160 2307 Παρθενίῳ
1191 2235 1234 2271 ⁴ί
1285 2233 1397 2307 ὄρει
1447 2234 1785 2306 ἁρπασθῆναι
1833 2230 1920 2285 ὑπ’

275 2325 660 2402 Ἀλεξάνδρου,
714 2328 804 2381 καὶ
854 2324 1214 2400 έκπλαγεῖσαν
1256 2325 1318 2379 τὸ
1365 2321 1572 2384 κάλλος
1621 2321 1929 2390 ἀκολουθῆ-

272 2439 354 2473 σαι
396 2419 474 2480 ὡς
509 2415 636 2489 θεῷ.
681 2416 809 2490 Περὶ
857 2413 954 2471 τοῦ
983 2418 1174 2470 κεστοῦ
1223 2413 1475 2486 ἲμάντος,
1516 2413 1590 2474 ὡς
1635 2409 1797 2466 λάϐοι
1832 2411 1926 2484 μέν

272 2507 432 2563 αὐτὸν
455 2508 601 2579 ’Ἡρα
630 2507 676 2542 η
708 2505 852 2578 παρὰ
885 2500 1211 2581 Ἀφροδίτης
1242 2501 1370 2572 δοίη
1405 2499 1451 2556 δ’
1484 2498 1698 2574 Ἑλένῃ,
1728 2498 1925 2573 κλέψοι

267 2593 312 2650 δ’
341 2597 512 2652 αὐτὸν
550 2598 586 2665 ἡ
627 2593 850 2664 Ἑλένης
891 2593 1188 2667 θεράπαινα
1229 2592 1621 2655 Ἀστυάνασσα,
1653 2586 1847 2666 ἀφέλοι
1879 2585 1926 2643 δ’

269 2687 425 2742 αὐτὸν
496 2686 549 2757 ἐξ
607 2685 775 2754 αὐτῆς
832 2682 999 2738 πάλιν
1050 2678 1374 2761 Ἀφροδίτη.
1426 2680 1494 2737 Τί
1534 2679 1643 2734 ἐστι
1691 2679 1753 2733 τὸ
1802 2681 1924 2752 παρ’

279 2778 514 2850 Ὁμήρῳ
545 2777 588 2812 ⁸³
619 2773 742 2849 περὶ
773 2779 874 2842 τῆς
898 2769 1127 2843 Ἑλένης
1159 2770 1471 2847 εἰρημένονσ

335 2957 567 3013 Πάντων
651 2952 910 3029 Ἀργείων
985 2953 1172 3030 φωνὴν
1244 2948 1446 3005 ἴσκουσ’
1503 2950 1550 2985 *³
1614 2945 1924 3022 ἀλόχοισιν.

2039 1878 2301 1932 tilitatem
2361 1877 2793 1950 Euphorionem
2853 1883 3248 1952 appellarint:
3312 1884 3438 1954 ejus
3497 1888 3688 1939 autem

2036 1983 2234 2023 amore
2263 1973 2500 2039 captum
2531 1968 2751 2033 Jovem,
2774 1970 3090 2026 etminime
3123 1974 3458 2044 potientem,
3485 1972 3688 2028 fulmi-

2035 2073 2106 2112 ne
2127 2057 2183 2112 in
2211 2056 2359 2113 Melo
2383 2058 2576 2114 insula
2599 2059 2958 2128 percussisse
2978 2061 3348 2132 fugitantem,
3369 2062 3686 2135 nymphas-

2033 2163 2167 2219 que,
2199 2148 2349 2218 quod
2401 2162 2536 2203 eum
2583 2153 2748 2204 terra:
2799 2150 3198 2217 mandassent,
3230 2151 3286 2206 in
3320 2169 3490 2207 ranas
3521 2168 3684 2207 com-

2035 2242 2314 2293 mutasse.
2346 2235 2623 2293 Helenam
2672 2240 2957 2310 quosdam
3007 2242 3217 2296 referre
3254 2242 3336 2295 ait
3367 2247 3680 2298 venantem

2035 2325 2092 2380 in
2125 2324 2391 2397 virginali
2441 2336 2637 2382 monte
2676 2331 2905 2399 raptam
2941 2346 2971 2383 a
3003 2329 3228 2398 Paride,
3263 2335 3320 2384 et
3343 2330 3521 2400 hujus
3551 2330 3682 2402 pul-

2034 2414 2365 2471 chritudine
2416 2421 2639 2487 captam
2675 2423 2955 2489 tanquam
3001 2419 3176 2474 deum
3220 2436 3349 2475 esse
3380 2426 3686 2476 secutam:

2035 2504 2114 2560 De
2160 2521 2306 2560 zona
2331 2506 2448 2577 (77)
2478 2521 2584 2561 acu
2637 2505 2790 2577 picta
2838 2523 3016 2578 quam
3050 2527 3083 2562 a
3114 2507 3337 2564 Venere
3385 2512 3682 2578 acceptam

2032 2593 2188 2650 Juno
2218 2595 2440 2650 dederit
2468 2594 2718 2661 Helena,
2750 2613 2784 2651 a
2813 2612 2930 2668 qua
2961 2613 3196 2652 rursum
3230 2597 3444 2654 ancilla
3475 2601 3691 2670 Astya-

2036 2699 2212 2740 nassa
2235 2683 2386 2738 furto
2409 2682 2736 2752 sustulerit,
2757 2685 2939 2740 donec
2962 2702 3086 2741 eam
3115 2689 3313 2742 Venus
3334 2691 3390 2741 et
3412 2685 3546 2741 huic
3566 2687 3691 2743 abs-

2037 2771 2187 2829 tulit.
2237 2772 2382 2838 Quid
2439 2773 2517 2828 sit
2573 2773 2715 2828 illud
2775 2773 2846 2828 ab
2905 2774 3153 2831 Homero
3205 2775 3277 2832 de
3324 2775 3541 2831 Helena
3597 2774 3684 2831 sic

2037 2862 2256 2917 dictum
2285 2876 2300 2917 :

2114 2951 2384 3021 Argivum
2415 2965 2615 3006 uxores
2643 2951 2866 3008 imitata
2887 2958 2968 3009 est
2995 2953 3214 3009 vocibus
3243 2969 3434 3011 omnes
3463 2954 3601 3026 (78).

264 3053 333 3107 Ως
378 3044 585 3102 Ἠλίου
644 3043 887 3116 θυγάτηρ
944 3041 1035 3095 καὶ
1094 3037 1276 3111 Λήδας
1316 3037 1511 3108 Ἑλένη
1560 3035 1805 3091 ἐκαλεῖτο
1861 3032 1918 3090 δὲ

281 3144 289 3150 .
458 3134 470 3150 ι
558 3131 657 3150 υς
735 3131 749 3150 ε
954 3130 966 3150 .
1031 3129 1046 3150 ,
1141 3130 1154 3148 ς
1247 3130 1293 3150 ,.
1366 3125 1519 3150 ηερ-γ
1565 3148 1578 3150 _
1640 3126 1735 3150 JH
1782 3125 1916 3150 _-;_

2034 3040 2260 3096 Dictum
2295 3039 2446 3096 Solis
2476 3046 2532 3096 et
2564 3040 2722 3097 Ledaa
2753 3041 2935 3098 tiliam
2970 3043 3149 3100 fuisse
3179 3043 3476 3111 Helenam,
3511 3060 3683 3100 voca-

266 3134 502 3203 Λεοντή.
558 3131 660 3190 Καὶ
720 3131 795 3194 ὡς
849 3130 966 3185 κατ’
1022 3129 1192 3205 ὀργήν
1247 3125 1579 3205 Ἀφροδίτης
1637 3126 1735 3194 τὴν
1781 3125 1916 3199 πρὸς

267 3223 553 3282 Μενέλαον
611 3222 710 3290 τὴν
765 3221 1016 3296 ἁρπαγὴν
1071 3218 1323 3294 λέγουσιν
1380 3215 1604 3285 Ἑλένης
1658 3213 1924 3290 γενέσθαι,

262 3311 377 3368 ἐπεὶ
445 3310 836 3385 ὑποσχόμενος
897 3305 1197 3384 Ἀφροδίτῃ
1259 3300 1568 3378 ἑκατόμϐην
1631 3303 1762 3376 ὑπὲρ
1828 3305 1925 3357 τοῦ

262 3404 449 3478 γάμου
513 3399 614 3455 οὐκ
670 3395 941 3453 ἀπέδωκει
989 3397 1120 3470 Περὶ
1177 3404 1278 3466 τῆς
1334 3393 1606 3453 Ἑλενείου
1669 3392 1922 3469 βοτάνης,

262 3493 295 3562 ἢ
332 3493 384 3547 έν
422 3486 608 3561 Ῥόδῳ
639 3487 849 3567 φύεται,
881 3486 967 3541 ὅτι
1006 3506 1063 3542 τε
1093 3487 1139 3522 ⁸⁵
1176 3485 1283 3540 ἀπὸ
1311 3491 1412 3554 τῆς
1444 3481 1667 3553 Ἑλένης
1714 3481 1921 3537 έπωνο⁹

269 3583 450 3654 μασθη
519 3578 684 3650 (παρὰ
731 3577 833 3652 γὰρ
893 3577 996 3643 τὴν
1047 3572 1174 3650 δρῦν
1223 3571 1378 3652 ὤφθη
1440 3577 1652 3650 φυεῖσα,
1712 3571 1802 3643 ἀφ’
1857 3573 1924 3639 ἧς

266 3671 466 3739 ἑαυτὴν
525 3668 757 3742 ἀπῆγξεν
808 3663 1022 3736 Ἑλένη)
1071 3664 1162 3719 καὶ
1223 3665 1296 3727 ὡς
1343 3663 1400 3717 οἱ
1452 3663 1713 3738 φαγόντες
1758 3659 1926 3729 αὐτῆς

260 3763 487 3821 πάντως
539 3757 614 3819 εἷς
669 3755 779 3830 ἔριν
831 3755 1188 3810 καθίστανται.
1250 3756 1339 3814 Ὦς
1391 3751 1669 3807 Μενελάου
1717 3751 1928 3824 ἠράσθη

257 3850 494 3920 Ἑλένη,
552 3847 642 3901 καὶ
691 3845 862 3908 οὕτως
893 3845 940 3880 ⁸⁸
993 3840 1198 3919 ἔγημεν
1260 3841 1448 3913 αὐτήν.
1508 3841 1596 3901 Ὠς
1653 3837 1784 3894 ἔνιοι
1822 3839 1922 3906 τήν

266 3939 507 4010 Ἑλένην
568 3935 694 4014 φασὶ
756 3936 802 3970 ⁴⁷
886 3932 1333 4009 παραγενομένην
1392 3929 1468 3993 εἷς
1512 3929 1755 4003 Ταύρους
1827 3932 1926 3996 τῆς

272 4030 516 4089 Σκυθίας
576 4027 668 4080 σὺν
734 4023 1000 4096 Μενελάῳ
1058 4022 1144 4077 ἐπὶ
1201 4024 1301 4092 τήν
1379 4019 1634 4094 Ὀρέστου
1703 4019 1926 4088 ζήτησιν

275 4118 674 4198 σφαγιασθῆναι
755 4114 857 4168 ὑπὸ
928 4110 1246 4190 Ἰφιγενείας
1335 4113 1404 4183 τῇ
1482 4104 1760 4183 Ἀρτέμιδι
1837 4105 1926 4161 σὺν

269 4196 546 4277 Μενελάῳ
582 4246 594 4259 .
622 4205 751 4277 [248
781 4203 874 4275 Η.]
916 4202 967 4256 οἱ
1027 4198 1085 4256 δὲ
1123 4220 1281 4277 φασιν
1310 4201 1385 4260 ὡς
1433 4196 1584 4259 Θέτις
1630 4197 1797 4265 αύτὴν
1848 4196 1930 4250 ἁν-

268 4296 390 4354 έλοι
425 4296 483 4351 ἐν
505 4298 586 4366 τῷ
617 4290 853 4364 ἀπόπλῳ
881 4296 988 4346 τῶν
1008 4288 1314 4360 Ἑλλήνων,
1339 4289 1720 4344 ἀπεικασθεῖσα
1746 4286 1926 4362 φώκη.

2040 3134 2274 3201 tamque
2298 3129 2612 3186 Leontem:
2650 3136 2875 3203 raptam
2925 3139 3122 3188 autem
3165 3133 3347 3189 fuisse
3377 3135 3449 3188 ob
3482 3134 3688 3189 iratam

2035 3217 2296 3275 Menelao
2343 3218 2648 3287 Venerem,
2699 3221 2850 3292 quod
2908 3221 3290 3278 hecatomben
3332 3239 3435 3294 pro
3470 3222 3689 3291 nuptiis

2036 3307 2352 3380 pollicitus,
2385 3307 2502 3364 voti
2549 3325 2687 3364 reus
2740 3309 2862 3366 deae
2911 3327 3026 3366 non
3085 3311 3368 3368 solvisset.
3404 3310 3484 3366 De
3525 3309 3689 3367 Hele-

2037 3397 2166 3452 neio
2195 3395 2312 3468 (79)
2343 3397 2543 3463 herba,
2575 3414 2702 3470 qua:
2734 3400 2791 3454 in
2824 3398 3026 3455 Rhodo
3059 3402 3336 3467 nascitur,
3370 3401 3442 3455 ab
3474 3401 3691 3456 Helena

2036 3503 2248 3542 nomen
2300 3486 2450 3542 hanc
2498 3487 2845 3558 sumpsisse.
2877 3489 3078 3545 Visam
3129 3489 3281 3546 enim
3316 3491 3384 3543 ad
3420 3489 3685 3545 eamdem

2035 3577 2194 3632 nasci
2217 3591 2520 3646 quercum,
2545 3593 2613 3632 ex
2638 3595 2752 3648 qua
2773 3594 2835 3634 se
2858 3578 3074 3634 Helena
3097 3578 3518 3648 strangularit;
3545 3579 3686 3648 quin

2035 3671 2092 3721 et
2111 3680 2235 3720 eam
2261 3665 2359 3736 qui
2382 3665 2606 3721 ederint
2634 3667 2704 3720 ad
2731 3666 2914 3721 rixam
2947 3667 3180 3722 omnino
3211 3667 3511 3723 concitari.
3534 3667 3688 3721 Ada-

2038 3760 2255 3810 matum
2289 3755 2453 3826 prius
2475 3755 2546 3810 ab
2571 3754 2786 3810 Helena
2814 3756 3155 3820 Menelaum,
3178 3756 3263 3811 sic
3293 3757 3527 3810 tandem
3559 3770 3685 3809 eam

2037 3859 2272 3898 uxorem
2305 3843 2560 3898 duxisse.
2586 3843 2762 3899 Addit
2784 3861 3021 3900 narrare
3045 3845 3348 3914 quosdam,
3375 3843 3433 3898 in
3463 3843 3687 3898 Tauros

2033 3931 2281 4004 Scythia
2314 3934 2628 4004 profectam
2662 3949 2794 3988 cum
2829 3933 3092 3990 Menelao
3127 3935 3395 3988 Helenam
3425 3933 3495 3986 ad
3527 3932 3688 3986 inve-

2035 4021 2371 4092 stigandum
2417 4023 2702 4087 Orestem,
2737 4021 3099 4078 immolatam
3142 4022 3221 4076 ibi
3272 4022 3422 4077 hanc
3470 4022 3624 4076 149
3658 4021 3686 4074 b

2037 4111 2230 4166 Diana
2262 4127 2380 4166 una
2409 4127 2543 4168 cum
2568 4111 2830 4167 Menelao
2854 4113 3032 4168 fuisse
3056 4113 3126 4167 ab
3151 4110 3505 4184 Iphigeneia.
3535 4109 3690 4164 Velle

2038 4204 2230 4255 tamen
2277 4198 2423 4255 alios
2452 4217 2486 4254 a
2516 4200 2710 4264 Theti,
2757 4201 2966 4256 marini
3017 4202 3201 4256 forma
3252 4198 3413 4253 vituli
3464 4200 3686 4278 induta,

2039 4289 2328 4345 sublatam
2359 4289 2545 4354 illam,
2577 4290 2715 4344 dum
2751 4289 2928 4345 Graaci
2964 4291 3208 4345 navibus
3260 4289 3500 4343 domum
3533 4287 3678 4343 redi-

271 4386 416 4443 Φασὶ
461 4383 513 4440 δ’
561 4385 719 4458 Ἠχὼ
772 4383 864 4455 μὲν
905 4382 1005 4450 τὴν
1051 4379 1273 4450 Ἑλένην
1316 4381 1378 4435 τὸ
1425 4378 1610 4451 κύριον
1657 4375 1923 4446 κληθῆναι

2041 4383 2189 4434 rent.
2236 4377 2467 4446 Ferunt,
2511 4381 2610 4445 ait,
2658 4380 2811 4435 Echo
2861 4381 3154 4451 proprium
3209 4379 3434 4436 Helenae
3479 4395 3692 4434 nomen

270 4475 363 4533 διὰ
417 4476 488 4531 τὸ
537 4473 861 4551 φωνόμιμον
919 4469 1084 4540 αὐτὴν
1131 4469 1388 4545 γενέσθαι,
1437 4468 1660 4534 Ἑλένην
1718 4464 1775 4520 δὲ
1827 4466 1932 4520 ἀπὸ

269 4572 368 4622 τοῦ
401 4566 456 4621 έν
511 4560 627 4618 ’έλει
661 4561 766 4616 ὑπὸ
818 4557 1001 4631 Λήδας
1031 4561 1316 4638 τεχθῆναι.
1345 4559 1469 4615 ’Ότι
1518 4557 1545 4612 ὁ
1576 4556 1624 4592 ’⁵⁸
1661 4555 1711 4610 έν
1754 4562 1930 4609 Λακε-

274 4654 507 4730 δαίμονι
544 4651 713 4713 τόπος
766 4651 831 4705 τὸ
881 4648 1182 4705 Σανδάλιον
1239 4647 1345 4702 ἀπὸ
1393 4649 1490 4703 τοῦ
1536 4652 1657 4715 τῆς.
1705 4643 1928 4714 Ἑλένης

276 4743 602 4813 σανδαλίου,
661 4739 980 4802 ἐκπεσόντος
1035 4739 1203 4809 αὐτῆς
1259 4738 1312 4793 ἐν
1374 4736 1521 4808 αύτῷ
1585 4733 1929 4809 διωκομένης

276 4837 370 4892 ὑπ’
399 4829 789 4908 Ἀλεξάνδρου,
819 4828 969 4888 ἕλκει
1007 4830 1108 4899 τήν
1152 4828 1373 4899 κλῆσιν.
1406 4827 1496 4891 Ὠς
1539 4823 1754 4900 γένοιτο
1805 4827 1933 4885 παῖς

2038 4467 2308 4536 inditum,
2344 4470 2501 4538 quod
2535 4468 2783 4524 aliorum
2821 4469 2916 4524 illa
2948 4486 3145 4525 vocem
3195 4467 3414 4524 imitari
3462 4467 3694 4539 egregie

2039 4562 2271 4628 posset:
2307 4557 2577 4613 Helenam
2629 4576 2764 4614 vero
2813 4558 3048 4627 dictam,
3083 4561 3238 4630 quod
3288 4574 3418 4613 eam
3449 4557 3603 4613 Leda
3636 4552 3690 4609 ἐν

2036 4642 2153 4700 ἕλει
2177 4646 2259 4718 [in
2285 4645 2516 4718 palude]
2538 4648 2809 4704 ediderit.
2839 4649 3249 4704 Lacedaemone
3271 4648 3462 4703 locum
3489 4662 3696 4718 quem-

2040 4736 2174 4792 dam
2223 4735 2568 4792 Sandalium
2621 4737 2978 4809 appellatum
3022 4737 3093 4793 ab
3125 4737 3354 4793 Helena:
3403 4735 3694 4802 sandalio,

2041 4825 2196 4895 quod
2229 4823 2349 4880 illic
2400 4824 2699 4891 exciderit,
2731 4827 2874 4881 dum
2927 4825 3084 4882 illam
3133 4824 3454 4883 Alexander
3503 4839 3700 4897 perae-

1638 4972 1885 5030 VARUE
1928 4969 2347 5028 LECTIONES.

348 5118 395 5158 ³⁷
427 5119 631 5180 Τίτυος
691 5137 744 5181 ς.
821 5115 870 5152 ³⁸
899 5110 1241 5186 Ἀλεξάνδρῳ
1273 5133 1323 5175 ς.
1401 5106 1917 5186 ³9--έπιθυμήσουσα
1950 5124 2024 5186 .5.
2100 5104 2149 5139 ⁴⁰
2178 5102 2544 5186 εὖνούχουωΑ
2582 5121 2616 5186 ε
2674 5105 3005 5186 ημιάῥρινος
3045 5127 3119 5186 ,ςε
3189 5105 3234 5142 ⁴¹
3285 5102 3579 5186 παρθενίωι
3635 5111 3701 5186 Α.

278 5195 327 5230 ιιι
359 5174 525 5247 αὖξδν
584 5174 848 5264 ἠ’“’ῄρας,
925 5174 1255 5261 48⁸ὀμήρόυ
1290 5174 1362 5248 ές,
1442 5174 1742 5236 ⁴⁴ἷ¹σκυσαν
1800 5182 1868 5235 Α.
1944 5178 1989 5213 ⁸³
2019 5196 2079 5231 τε
2135 5193 2251 5233 om.
2285 5174 2368 5234 ΑΪ
2434 5175 2482 5213 ⁴⁸
2508 5174 2599 5231 καὶ
2639 5174 2942 5255 οὗθἐγημεν
3001 5177 3159 5234 αὐτὸν
3216 5196 3304 5252 pr.
3359 5174 3429 5236 Α.

277 5266 380 5335 τήν
419 5264 541 5320 Ἐλ.
584 5261 667 5336 ς.
732 5261 794 5297 ‘48
822 5261 851 5316 δ
891 5261 1028 5319 add.
1062 5267 1130 5317 Α.

3505 5177 3549 5211 ⁴⁷
3577 5175 3704 5253 φασὶ

1875 5376 2112 5434 ΝΟΤΛΕ.

357 5531 479 5603 (76)
511 5530 711 5586 Narrat
766 5529 824 5583 et
872 5523 1194 5605 Dion._.lib.
1226 5538 1340 5605 ..ιιι
1390 5515 1952 5605 οΧιτΘωυδῆἁᾲθυε

289 5592 601 5677 propterea
626 5595 1200 5677 Senecamlibellum
1224 5596 1304 5651 De
1323 5592 1501 5664 hujus
1535 5598 1716 5647 morte
1744 5592 1952 5641 ἀποκο-

296 5670 627 5730 νοκύντωσιν
655 5670 1051 5744 inscripsisse.

608 5771 878 5834 Parnm.
928 5769 1036 5831 Ga.
1085 5765 1244 5828 CIII.

2136 5511 2248 5581 (77)
2280 5511 2582 5583 Legendus
2599 5517 2832 5568 Homer.
2855 5512 3018 5569 Iliad.
3035 5515 3095 5567 E.
3115 5516 3171 5567 et
3186 5511 3316 5583 ejus
3337 5510 3706 5582 interpretes.

2141 5583 2255 5656 (:78)
2281 5582 2570 5656 Homerus
2602 5585 2792 5656 Odyss.
2826 5593 2896 5652 Δ,
2927 5601 3078 5640 vers.
3108 5582 3236 5638 279.

2136 5653 2244 5730 (79)
2272 5655 2557 5712 Describit
2587 5653 2828 5727 Plinius,
2864 5657 2962 5714 lib.
2996 5673 3110 5725 xxx,
3139 5673 3265 5726 cap.
3301 5655 3367 5710 10
3395 5659 3454 5710 et
3481 5655 3571 5710 21.

3298 5755 3376 5812 20
