4198 6216
503 329 620 388 619

1701 322 1966 384 PHOTII
2014 322 2541 383 PATRIARCHE
2587 324 2702 381 ΟΡ.

3788 324 3912 386 620

504 467 723 539 quitur.
770 462 1088 522 Sustulisse
1135 458 1523 519 Alexandrum
1573 472 1643 513 ex
1691 456 1910 513 Helena
1956 456 2148 524 ﬁliam,

2266 454 2460 526 θήλεια
2511 452 2561 526 ἐξ
2618 450 2979 528 Ἀλεξάνδρου
3036 451 3253 529 Ἑλένῃ,
3313 452 3912 531 διαφιλονεικησάντων

504 566 742 628 ortaque
798 559 866 610 de
924 555 1161 609 nomine
1236 550 1627 616 contentione,
1692 547 1861 603 illum
1915 548 2153 620 quidem

502 646 915 711 Alexandrum,
962 643 1108 696 hanc
1156 647 1349 696 autem
1403 637 1677 694 Helenam
1731 638 2021 694 nominari
2065 652 2161 692 vo-

504 734 699 789 luisse.
735 731 958 787 Vicisse
1001 730 1230 785 tandem
1267 728 1537 783 llelenaiii
1580 729 1829 783 talorum
1864 730 2020 797 jactu
2064 742 2160 781 su.

505 823 813 893 perierem,
858 819 1153 889 atquelita
1198 819 1376 873 tiliam
1426 818 1594 873 matri
1636 819 2040 889 cognominem
2078 818 2160 871 fa-

503 920 679 974 ctam,
711 926 885 980 quam
919 910 991 963 ab
1024 909 1278 973 Hecuba,
1320 913 1487 979 capto
1529 908 1655 977 jam
1705 906 1829 973 Ilio,
1877 907 2152 962 interem-

506 1005 663 1073 ptam
722 1000 933 1053 ferunt.
986 999 1069 1051 Ab
1122 996 1314 1052 Iliacis
1374 1012 1558 1068 usque
1605 996 1989 1067 temporibus,
2045 995 2147 1060 ait,

506 1089 730 1144 Helenae
762 1089 953 1142 multa:
986 1102 1195 1142 nomen
1246 1091 1385 1142 sunt
1429 1092 1702 1141 mutuatae
1730 1102 1742 1139 :
1780 1090 1840 1139 ut
1868 1085 2067 1157 {Egisti
2096 1090 2148 1139 et

503 1179 940 1250 Clytemnestrai
993 1177 1129 1241 lilia,
1164 1177 1235 1230 ab
1286 1174 1485 1230 Oreste
1534 1174 1873 1239 interfecta;
1905 1173 2147 1229 Veneris

504 1267 641 1321 item
676 1267 732 1320 in
766 1282 1080 1335 congressu
1113 1281 1243 1319 cum
1274 1265 1537 1319 Adonide
1569 1264 1851 1329 ministra,
1887 1265 2149 1335 Epidam-

506 1355 585 1408 nii
620 1356 758 1419 lilia,
782 1363 847 1413 et
879 1359 947 1409 ab
980 1354 1323 1424 Epidauniis
1358 1351 1595 1407 Veneris
1637 1353 1820 1421 figura
1850 1356 2028 1419 culta,
2060 1353 2147 1406 di-

504 1445 667 1498 vitias
697 1443 1060 1497 iiihiantibus
1091 1442 1381 1509 largiens;
1408 1439 1657 1495 Fatis-tuli
1691 1451 1962 1510 praeterea
1994 1442 2149 1497 illius

504 1532 647 1599 filia,
672 1533 769 1601 qui
797 1531 1039 1585 Remum
1073 1540 1123 1584 et
1150 1529 1463 1584 Romulum
1495 1529 1861 1584 educandum
1893 1529 2148 1584 curavit:

506 1628 568 1675 ut
595 1629 651 1676 et
683 1621 783 1675 illa
813 1627 899 1675 est
935 1618 1150 1673 Helena
1197 1618 1504 1690 appellata,
1541 1634 1665 1689 quas
1716 1624 1913 1673 ternos
1947 1622 2152 1674 edebat

504 1714 757 1779 quotidie
789 1709 999 1764 haedos.
1035 1708 1345 1762 Dicaearchi
1396 1723 1627 1777 quoque
1669 1706 1920 1761 Telesini
1966 1722 2147 1775 mror,

2270 542 2327 599 δὲ
2368 544 2490 617 περὶ
2538 549 2640 612 τῆς
2685 541 2935 614 κλήσεως
2977 543 3026 615 t6
3069 543 3162 615 μὶν
3209 544 3313 618 γάρ
3361 540 3733 617 Ἀλεξάνδραν,
3783 544 3818 613 ἡ
3862 540 3911 598 δ’

2267 632 2492 703 Ἑλένην
2543 631 2829 705 ὀνομάζειν
2858 632 3059 704 ⁴ἠξίου),
3108 636 3231 703 νικᾷ
3276 632 3493 704 Ἑλένη,
3547 633 3915 707 ἀστραγάλοις

2269 716 2507 777 λαϐοῦσα
2552 722 2615 777 τὸ
2666 726 2853 797 κῦρος,
2885 721 2973 777 καὶ
3021 724 3057 791 ἡ
3109 728 3236 784 παῖς
3273 726 3343 796 τῇ
3392 723 3560 798 μητρῖ
3612 723 3912 795 ὁμώνυμος

2265 809 2502 886 ἐγεγόνει
2555 830 2567 843 ·
2627 811 2826 877 ταύτην
2886 810 3231 885 ἀναιρεθῆναί
3292 831 3448 887 φασιν
3508 812 3610 865 ὑπὸ
3670 806 3913 881 Ἑκάϐης

2264 899 2317 955 ἐν
2357 906 2424 974 τῇ
2473 900 2643 956 Ἰλίου
2691 899 2913 958 ἁλώσει.
2954 901 3076 957 Ὅτι
3120 900 3227 955 ἀπὸ
3257 904 3364 956 τῶν
3413 898 3664 957 Ἰλιακῶν
3702 900 3914 973 ὀνομα-

2261 992 2375 1045 σταὶ
2411 991 2690 1067 γεγόνασιν
2734 989 2946 1047 Ἑλέναι
2982 1009 2994 1022 ·
3036 993 3071 1059 ἡ
3126 988 3386 1066 Αἷγίσθου
3416 991 3505 1045 καὶ
3555 991 3912 1062 Κλυταιμνή-

2260 1102 2419 1154 στρας
2475 1080 2736 1155 θυγάτηρ,
2778 1081 2844 1149 ἢν
2895 1078 3106 1134 ἀνεῖλεν
3159 1081 3445 1155 Ὀρέστης,
3486 1080 3575 1135 καὶ
3632 1082 3667 1148 ἡ
3714 1076 3908 1134 διακο-

2258 1172 2464 1240 νήσασα
2517 1166 2816 1247 Ἀφροδίτῃ
2876 1167 2930 1223 έν
2979 1172 3049 1242 τῇ
3103 1170 3239 1243 πρὸς
3298 1166 3531 1224 ’Ἄδωνιν
3597 1167 3811 1241 ὁμιλίᾳ,
3870 1170 3906 1237 ἡ

2259 1255 2613 1331 Ἐπιδαμνίου
2656 1259 2703 1293 ⁴⁹
2759 1259 3024 1332 θυγάτηρ,
3082 1259 3143 1325 ἣν
3200 1256 3545 1331 Ἐπιδάμνιοι
3604 1260 3655 1312 έν
3711 1258 3911 1333 ’Δφρο-

2261 1344 2413 1417 δίτης
2446 1351 2693 1421 σχήματι
2724 1350 2948 1419 τιμῶσι,
2983 1348 3245 1419 χρήματα
3276 1345 3648 1419 λιμώττουσιν
3682 1344 3908 1401 ἐπιδοῦ-

2260 1456 2351 1489 σαν
2402 1438 2465 1503 ⁵ο,
2516 1435 2605 1488 καὶ
2652 1436 2687 1504 ἡ
2740 1433 3051 1489 Φαιστύλου
3099 1434 3337 1511 θυγάτηρ
3388 1439 3485 1491 τοῦ
3529 1434 3909 1510 ἀναθρεψαμέ-

2258 1546 2352 1580 νου
2408 1525 2622 1596 Ῥῶμον
2691 1523 2781 1578 καὶ
2837 1521 3146 1595 Ῥωμύλον.
3215 1524 3318 1579 Καὶ
3372 1526 3407 1593 ἡ
3473 1529 3619 1598 τρεῖς
3685 1522 3910 1598 ἐρίφους

2259 1612 2507 1668 ἐσθίουσα
2536 1614 2651 1667 καθ’
2699 1612 2908 1685 ἡμέραν
2947 1611 3139 1682 Ἑλένη
3190 1610 3460 1684 ἐκαλεῖτο,
3492 1614 3583 1667 καὶ
3631 1614 3666 1682 ἡ
3717 1613 3759 1648 ⁵¹
3809 1621 3908 1667 Δι-

2257 1702 2527 1777 καιάρχου
2582 1705 2680 1756 τοῦ
2738 1699 3026 1757 Τελεσίνου
3074 1703 3120 1737 ⁸²
3174 1698 3409 1775 ἀδελφὴ,
3469 1704 3588 1776 [4Βὶ
3662 1703 3755 1775 R.]
3811 1702 3908 1756 καὶ

498 1801 748 1869 aliaeque
797 1797 1141 1865 octodecim,
1176 1798 1233 1850 in
1266 1796 1480 1867 quibus
1512 1810 1563 1850 ei
1595 1812 1663 1851 ea
1704 1795 1953 1851 Homero
2002 1798 2148 1851 anti-

2259 1791 2430 1867 ἕτεραι
2481 1788 2974 1861 ὀκτώκαίδεκα,ὧν
3025 1790 3115 1845 καὶ
3147 1792 3180 1859 ἡ
3232 1792 3338 1865 πρὸ
3388 1793 3634 1865 Ὁμήρου
3683 1789 3905 1861 Ἑλένη,

507 1889 675 1957 quior
696 1887 911 1941 Helena
928 1893 1037 1954 est,
1056 1903 1179 1955 quae
1208 1886 1425 1940 bellum
1448 1884 1759 1953 Trojanum
1784 1884 2150 1954 conscripsit,

508 1976 705 2031 Musaei
738 1975 1108 2031 Atheniensis
1132 1974 1251 2028 {ilia
1274 1991 1286 2029 :
1313 1992 1346 2028 a
1376 1991 1489 2043 qua
1520 1980 1574 2027 et
1600 1977 1881 2028 Homerus
1912 1973 2022 2043 (80)
2056 1988 2150 2027 ac-

508 2066 729 2135 cepisse
756 2070 1169 2134 argumentum
1201 2062 1477 2130 creditur,
1503 2067 1558 2116 et
1582 2062 1899 2133 bilinguem
1933 2078 2149 2131 agnum

508 2154 843 2222 possedisse.
870 2152 1052 2223 Tityri
1085 2153 1323 2221 insuper
1346 2151 1510 2205 IEtoli
1544 2152 1682 2217 lilia,
1707 2168 1833 2221 qua;
1864 2148 2151 2221 singulari

505 2242 791 2296 Achillem
825 2243 1141 2296 certamine
1174 2257 1517 2310 provocans,
1540 2240 1683 2294 laesit
1704 2241 1938 2309 quidem
1963 2240 2147 2307 illum,

506 2331 725 2386 inflicto
761 2331 985 2385 mortali
1022 2347 1165 2401 pene
1197 2333 1519 2385 secundum
1554 2336 1727 2399 caput
1757 2328 2014 2398 vulnere,
2046 2330 2148 2383 sed

502 2421 625 2492 ipsa
658 2422 955 2474 occubuit.
988 2421 1199 2474 Helena
1230 2435 1463 2489 quoque
1495 2419 1551 2472 in
1587 2419 1741 2473 hunc
1773 2434 2012 2473 censum
2059 2434 2147 2472 re-

503 2515 687 2563 tertur
719 2511 818 2562 illa
852 2510 1124 2579 pingendi
1171 2510 1373 2578 perita,
1402 2508 1663 2562 Timonis
1706 2507 1955 2579 Egyptii
2006 2508 2148 2575 filia,

500 2613 623 2666 quae
657 2597 781 2651 suis
811 2599 1175 2667 temporibus
1206 2605 1432 2667 gestum
1468 2596 1710 2650 lssicuni
1743 2600 1960 2650 bellum
1995 2594 2150 2665 peni-

501 2688 634 2739 cillo
664 2686 947 2757 pinxit,et
978 2688 1033 2739 in
1068 2688 1233 2739 Pacis
1265 2684 1482 2755 templo
1514 2702 1549 2739 a
1578 2684 1931 2755 Vespasiano
1965 2686 2148 2753 impe-

500 2782 685 2829 ratore
733 2775 1013 2829 collocata
1062 2786 1285 2845 pictura
1318 2786 1420 2827 est.
1456 2774 1773 2828 Archelaus
1821 2791 1992 2845 porro
2040 2775 2148 2844 Cy-

501 2881 685 2934 prius,
744 2863 1051 2917 Sesicbori
1121 2872 1295 2933 poetae
1356 2866 1601 2917 amicam
1667 2866 1830 2917 unice
1882 2863 2148 2923 dilectam

502 2955 683 3007 fuisse
733 2954 812 3007 ait
861 2957 1136 3007 Helenam
1190 2956 1528 3023 quamdam,
1564 2951 1798 3023 Micythi
1848 2953 2151 3006 ﬁliamzet

502 3041 845 3095 discessisse
872 3040 1022 3093 hanc
1054 3058 1083 3093 a
1105 3039 1449 3107 Stesiclioro,
1473 3045 1655 3110 atque
1683 3040 1749 3093 ad
1786 3040 2061 3109 Bupalum
2088 3054 2150 3093 se

502 3129 817 3183 contulisse
846 3144 857 3181 :
884 3128 1097 3181 iratum
1132 3144 1268 3198 ergo
1292 3128 1427 3181 hinc
1450 3132 1543 3183 sui
1566 3134 1894 3199 contemptu
1920 3135 2150 3199 poetam

503 3218 809 3287 scripsisse
841 3216 1122 3288 [carmen]
1147 3232 1157 3269 :
1185 3216 1389 3271 Helena
1419 3218 1599 3271 volens
1627 3217 1893 3272 discessit.
1921 3217 2148 3272 Falsam

503 3311 697 3361 autem
732 3320 859 3360 esse
902 3304 1020 3359 vult
1063 3304 1457 3360 narrationem
1499 3306 1658 3359 illam
1704 3308 1774 3360 de
1818 3306 2149 3361 Stesichoro

502 3402 783 3448 excaecata
832 3394 965 3463 (81).
1008 3393 1087 3447 De
1139 3396 1293 3464 moly
1342 3394 1455 3463 (82.)
1506 3393 1713 3449 deinde
1763 3394 1945 3451 herba
1992 3395 2149 3465 apud

502 3481 809 3536 Homerum
845 3485 978 3551 agit,
1000 3498 1176 3552 quam
1199 3498 1229 3536 e
1252 3484 1537 3553 sanguine
1570 3484 1849 3539 interfecti
1876 3485 1934 3538 in
1958 3484 2149 3541 Circes

501 3570 695 3625 insula
716 3571 968 3642 gigantis
991 3578 1218 3627 enatam
1247 3573 1459 3639 ferunt,
1482 3572 1808 3645 habereque
1830 3575 2147 3629 candidum

502 3659 696 3714 ﬂorem
717 3678 731 3728 ;
756 3660 943 3715 Circes
975 3668 1169 3716 autem
1193 3663 1251 3716 in
1278 3678 1469 3731 pugna
1498 3664 1719 3717 socium
1743 3664 2147 3731 Solem,etiam

504 3751 657 3805 150
689 3755 763 3819 (ιι)
814 3752 1106 3823 gigantem
1157 3751 1549 3818 interemisse,
1583 3758 1753 3823 atque
1802 3755 1959 3821 inde,
1992 3754 2146 3823 quod

507 3841 696 3908 μῶλος
732 3857 989 3911 pugnam
1038 3841 1344 3912 signiticet,
1375 3840 1623 3896 inditum
1674 3842 1866 3896 herbis
1915 3859 2148 3897 nomen.

506 3928 699 3983 Refert
730 3946 955 3999 quoque
983 3930 1320 4000 Dionysium
1344 3931 1525 3985 fuisse
1546 3931 1813 3987 Chironis
1836 3932 2148 3999 amasium,

505 4024 560 4073 et
589 4021 658 4072 ab
692 4020 891 4073 eodem
912 4018 1391 4086 comessationes,
1416 4021 1942 4092 bacchationesque
1963 4038 2028 4076 ac
2050 4038 2153 4076 sa-

504 4106 717 4161 criﬁcia
750 4106 1042 4161 didicisse.
1071 4107 1148 4161 De
1174 4106 1559 4178 Myrtillorum
1594 4110 1705 4179 (83)
1738 4114 1919 4181 patris
1952 4127 2018 4165 ac
2048 4110 2149 4166 lilii

503 4196 828 4267 Taraxippo
861 4196 917 4249 in
952 4197 1236 4267 Olympia.
1269 4197 1472 4252 Solum
1517 4200 1654 4253 item
1704 4199 2148 4270 Neoptolemum

504 4282 800 4338 Maeiotcin
836 4286 946 4355 (84)
980 4287 1278 4340 oraculum
1314 4286 1671 4343 Phemonoes
1701 4290 1774 4343 ab
1804 4288 1994 4355 zEtho,
2031 4304 2145 4344 uno

500 4386 529 4425 ο
562 4372 835 4426 fratribus
885 4376 1172 4427 audivisse
1222 4374 1406 4441 aiunt,
1439 4392 1504 4429 ac
1548 4376 1619 4429 de
1648 4376 1756 4430 hoc
1784 4379 1953 4431 )Etho
1995 4378 2144 4435 libro

498 4458 685 4525 primo
717 4460 1085 4514 Historiarum
1132 4460 1484 4517 Herodotum
1537 4463 1765 4518 dicere:
1799 4465 1913 4519 Etsi
1942 4483 2141 4523 nomen

496 4548 609 4614 eius
637 4548 781 4603 mihi
808 4554 1018 4615 notum,
1050 4567 1159 4606 non
1207 4560 1384 4607 tamen
1437 4557 1766 4609 memorabo.
1802 4555 1882 4609 De
1922 4556 2141 4627 duplici

495 4636 651 4706 apud
710 4636 1023 4693 Homerum
1082 4642 1491 4711 appellatione,
1542 4643 1726 4698 altera
1773 4643 1930 4714 apud
1979 4646 2139 4711 deos,

493 4725 675 4779 altera
688 4724 954 4783 homines
976 4732 1168 4800 quodq
1183 4729 1528 4785 ueXanthus
1552 4732 1713 4786 solus
1732 4734 1881 4787 inter
1899 4734 2144 4791 ﬂumina

493 4814 839 4871 fueritJovis
870 4817 1048 4873 filius.
1074 4824 1150 4873 Ue
1172 4820 1302 4873 aliis
1335 4820 1466 4874 item
1498 4822 1713 4890 duplici
1746 4822 2007 4892 praditis
2038 4840 2143 4878 no—

2183 3102 2224 3168 C

2173 4421 2223 4485 Ι)

2262 1884 2295 1951 ἡ
2327 1883 2418 1936 τὸν
2451 1878 2688 1936 Ἰλιακὸν
2728 1881 3150 1956 συγγραψαμένη
3182 1878 3448 1952 πόλεμον,
3483 1879 3759 1938 Μουσαίου
3806 1883 3909 1934 τοῦ

2264 1968 2546 2040 Ἀθηναίου
2586 1968 2823 2044 θυγάτηρ
2884 1969 3152 2043 γενομένη
3210 1989 3221 2001 ·
3284 1970 3405 2042 παρ’
3456 1971 3522 2039 ἧς
3579 1968 3669 2023 καὶ
3723 1970 3912 2041 ’Ὁμηο

2264 2080 2353 2134 ρον
2398 2058 2606 2133 λέγεται
2656 2052 2840 2113 λαϐεῖν
2880 2058 2979 2126 τήν
3012 2059 3059 2093 ⁵³
3113 2058 3360 2112 ὑπόθεσιν
3397 2074 3411 2088 ·
3461 2059 3521 2127 ἦν
3576 2058 3662 2113 καὶ
3708 2060 3910 2126 κτήσα-

2260 2153 2380 2205 σθαι
2408 2150 2471 2205 τὸ
2512 2148 2820 2225 δίγλωσσον
2866 2148 3046 2223 ἀρνίον
3076 2169 3087 2182 ·
3119 2150 3207 2203 καὶ
3238 2152 3272 2218 ἠ
3324 2150 3554 2225 Τιτύρου
3583 2153 3680 2204 τοῦ
3729 2148 3907 2205 Αἰτω-

2262 2239 2361 2294 λοῦ
2411 2239 2673 2313 θυγάτηρ,
2705 2239 2821 2305 ἣτις
2862 2237 2937 2299 εἲς
2992 2238 3339 2313 μονομαχίαν
3386 2236 3650 2312 Ἀχιλλέα
3704 2257 3918 2313 προκα-

2260 2326 2529 2400 λεσαμένη
2566 2329 2615 2363 ⁵⁵
2667 2327 2867 2381 ἐκεῖνον
2932 2327 3025 2400 μὶν
3084 2328 3223 2382 κατὰ
3277 2333 3378 2396 τῆς
3436 2324 3680 2401 κεφαλῆς
3746 2325 3915 2402 ἐγγὺς

2258 2419 2481 2472 θανατου
2538 2415 2806 2489 τραύματι
2858 2417 2906 2451 ⁵⁵
2962 2415 3215 2491 ἔτρωσεν,
3273 2416 3409 2484 αὐτὴ
3482 2414 3526 2471 δ’
3592 2416 3678 2471 ὑπ’
3740 2416 3915 2471 αὐτοῦ

2260 2506 2548 2581 ἀνῄρηται.
2610 2507 2711 2561 Καὶ
2764 2508 2798 2575 ἡ
2862 2506 3149 2583 ζωγράφος
3198 2504 3393 2576 Ἑλένη
3444 2510 3543 2560 τοῦ
3595 2505 3911 2581 καταλόγου

2260 2596 2373 2650 ἐστι
2419 2595 2638 2664 τούτου,
2688 2594 2937 2668 Τίμωνος
2980 2599 3077 2649 τοῦ
3133 2594 3437 2670 Αἰγυπτίου
3479 2596 3748 2671 θυγάτηρ,
3787 2596 3912 2664 ἣτις

2260 2686 2358 2754 την
2419 2684 2469 2739 ἐν
2523 2686 2568 2721 ⁵⁵
2626 2685 2783 2755 Ἰσσῷ
2841 2686 3052 2758 μάχην,
3102 2682 3152 2738 έν
3213 2682 3439 2746 ἐκείνοις
3493 2682 3809 2755 ἀκμάζουτα
3864 2684 3913 2720 ⁸⁷

2257 2779 2374 2837 τοῖς
2415 2773 2663 2847 χρόνοις,
2696 2770 2896 2849 ἔγραψε
2931 2793 2943 2805 ’
2976 2772 3065 2826 καὶ
3121 2772 3172 2827 ἐν
3203 2773 3281 2845 τῷ
3312 2779 3414 2842 τῆς
3465 2773 3701 2846 Εἰρήνης
3741 2773 3911 2845 τεμέ-

2259 2884 2335 2916 νει
2386 2862 2469 2916 ἐπὶ
2512 2863 2920 2919 Οὐεσπασιανοῦ
2976 2861 3215 2917 ἀνέκειτο
3265 2864 3299 2931 ἡ
3348 2864 3550 2938 γραφή.
3603 2862 3912 2937 Ἀρχέλαος

2262 2948 2318 3006 δὲ
2351 2953 2378 3006 ὁ
2419 2952 2661 3026 Κύπριος
2708 2950 3051 3026 Ζτησιχόρου
3083 2952 3216 3027 φησὶ
3258 2955 3354 3005 τοῦ
3404 2954 3637 3021 ποιητοῦ
3683 2950 3913 3023 Ἑλένην

2262 3042 2529 3115 Ἱμεραίαν
2586 3040 2863 3115 ἐρωμένην
2929 3041 3195 3115 γενέσθαι,
3266 3040 3512 3098 Μικύθου
3577 3040 3844 3115 θυγατέρα
3892 3058 3909 3075 ·

2258 3130 2560 3185 ἀποστᾶσαν
2613 3128 2669 3184 δὲ
2728 3129 3073 3204 Στησιχόρου
3120 3130 3209 3183 καὶ
3259 3129 3395 3201 πρὸς
3444 3127 3731 3186 Βούπαλον
3793 3150 3911 3185 πο-

2260 3222 2532 3295 ρευθεῖσαν
2587 3218 2927 3293 ἀμυνόμενον
2984 3225 3084 3288 τῆς
3153 3218 3448 3293 υπεροψίας
3502 3220 3593 3273 τὸν
3662 3222 3908 3289 ποιητὴν

2258 3309 2460 3383 γράψαι
2520 3308 2593 3370 ὡς
2634 3311 2675 3344 ⁸⁸
2726 3306 2919 3377 Ἑλένη
2971 3309 3163 3363 έκοῦσα
3210 3309 3385 3383 ἀπῆρε
3420 3329 3431 3342 ·
3484 3305 3654 3382 ψευδῆ
3708 3305 3765 3363 δὲ
3810 3310 3909 3365 τὸν

2256 3399 2379 3471 περί
2436 3403 2535 3466 τῆς
2602 3397 2904 3470 πηρώσεως
2964 3396 3099 3450 εἶναι
3168 3395 3350 3471 λόγον.
3420 3397 3546 3471 Περὶ
3612 3401 3709 3452 τοῦ
3778 3399 3909 3471 παρ’

2258 3488 2488 3560 Ὁμήρῳ
2521 3486 2744 3558 μώλυος
2772 3492 2870 3555 τῆς
2914 3486 3167 3559 βοτάνης,
3201 3487 3261 3553 ἢν
3295 3485 3352 3539 ἐκ
3390 3490 3485 3540 τοῦ
3526 3483 3761 3558 αἳματος
3806 3491 3909 3542 τοῦ

2259 3573 2617 3648 ἀναιρεθέντος
2666 3572 2715 3629 ἐν
2766 3578 2833 3645 τῇ
2892 3575 3100 3647 Κίρκης
3144 3576 3295 3645 νήσῳ
3364 3574 3626 3651 Γίγαντος
3687 3574 3912 3649 λέγουσι

2258 3669 2438 3739 φῦναι,
2470 3666 2504 3732 ἢ
2533 3665 2621 3718 καὶ
2652 3664 2713 3719 τὸ
2760 3665 2914 3727 ἃνθος
2946 3663 3061 3743 ἔχει
3107 3662 3298 3719 λευκόν
3339 3684 3352 3697 ·
3406 3666 3488 3718 ὅτι
3535 3666 3563 3719 ὁ
3595 3669 3913 3744 συμμαχῶν

2255 3759 2324 3828 τῇ
2358 3756 2533 3829 Κίρκῃ
2566 3753 2657 3808 καὶ
2704 3753 2908 3809 ἀνελὼν
2940 3756 3030 3809 τὸν
3071 3759 3303 3827 Γιγαντα
3333 3755 3361 3807 ὁ
3414 3754 3611 3817 ’Ἥλιος
3641 3756 3705 3822 ἦν
3739 3774 3750 3785 ·
3789 3758 3912 3828 μῶ-

2261 3841 2357 3903 λος
2392 3840 2439 3895 δ’
2470 3844 2503 3910 ἡ
2556 3841 2735 3915 μάχη,
2767 3840 2815 3911 ἐξ
2864 3842 2925 3896 οὗ
2954 3843 3044 3897 καὶ
3094 3844 3128 3909 ἡ
3173 3842 3402 3915 βοτάνη.
3438 3847 3524 3904 Ὡς
3573 3845 3831 3905 Διόνυσος
3864 3844 3911 3880 ⁸9

2259 3931 2531 4007 ἐρώμενος
2560 3930 2861 4004 Χείρωνος,
2896 3930 2945 4001 ἐξ
2995 3932 3055 3986 οὗ
3086 3932 3175 3985 καὶ
3210 3932 3374 4004 μάθοι
3425 3932 3553 3996 τούς
3580 3953 3638 3987 τε
3682 3933 3911 4005 κώμους

2258 4022 2347 4075 καὶ
2405 4022 2499 4083 τας
2564 4021 2823 4095 βακχείας
2878 4021 2967 4074 καὶ
3026 4022 3119 4083 τάς
3185 4020 3427 4083 τελετὰς.
3490 4023 3617 4097 Περὶ
3689 4026 3789 4077 τοῦ
3856 4019 3909 4077 ἓν

2260 4109 2539 4183 Ὀλυμπίᾳ
2569 4109 2922 4183 Ταραξίππου
2966 4110 3056 4165 καὶ
3087 4112 3133 4147 ⁶⁰
3163 4114 3271 4165 τῶν
3319 4109 3652 4186 Μυρτίλλων
3699 4112 3906 4185 πατρὸς

2258 4201 2345 4254 καὶ
2376 4197 2591 4263 παιδός.
2630 4201 2755 4257 ’Ότι
2802 4200 2893 4255 τὸν
2929 4200 3032 4256 ὑπὸ
3074 4200 3376 4274 Φημονόης
3428 4202 3682 4279 χρησμὸν
3738 4201 3907 4275 μόνον

2258 4286 2642 4362 Νεοπτόλεμον
2693 4290 2785 4343 τὸν
2837 4289 3136 4360 Μακιώτην
3188 4290 3333 4362 παρὰ
3382 4288 3551 4346 ΑίὈΟυ
3599 4291 3747 4351 τινὸς
3796 4294 3905 4345 τῶν

2255 4376 2477 4451 Δελφῶν
2538 4379 2583 4412 ⁶¹
2660 4378 2883 4433 ἀκοῦσαί
2950 4400 3077 4456 φασι
3142 4398 3155 4412 '
3216 4380 3340 4454 περὶ
3424 4378 3620 4434 τούτου
3682 4375 3740 4434 δὲ
3804 4384 3905 4435 τοῦ

2252 4464 2417 4522 Α’ίθου
2468 4468 2557 4521 καὶ
2608 4465 2900 4543 Ἡρόδοτός
2942 4490 3103 4543 φησιν
3145 4469 3263 4505 δΜδ
3310 4470 3437 4542 [249
3484 4469 3579 4543 IL]
3610 4467 3662 4522 ἐν
3713 4469 3908 4544 πρώτῃ

2251 4559 2505 4630 ἱστοριῶν
2563 4556 2645 4612 ὅτι
2701 4555 2883 4619 Εἰδὼς
2932 4559 3099 4613 αὐτοῦ
3150 4559 3213 4613 τὸ
3271 4554 3467 4631 ὄνομα,
3518 4558 3621 4612 οὐκ
3669 4556 3907 4631 ἐπιμνηο

2252 4646 2551 4717 σθήσομαι.
2612 4646 2738 4718 Περὶ
2798 4652 2897 4714 τῆς
2942 4646 3069 4719 παρ’
3126 4648 3352 4719 Ὁμήρῳ
3403 4642 3702 4718 διωνυμίας
3755 4645 3906 4720 παρᾶ

2251 4736 2393 4795 θεοῖς
2421 4734 2508 4788 καὶ
2550 4734 2882 4808 ἀνθρώποις,
2915 4736 3005 4790 καὶ
3054 4736 3140 4791 ὅτι
3171 4736 3377 4798 Ξάνθος
3433 4735 3597 4808 μόνος
3636 4738 3900 4806 ποταμῶν

2252 4824 2373 4885 Διὸς
2413 4824 2551 4893 υἱὸς,
2613 4823 2703 4877 καὶ
2759 4824 2883 4899 περὶ
2941 4823 3130 4880 ἄλλων
3186 4822 3494 4899 διωνύμων.
3559 4824 3656 4879 Καὶ
3712 4823 3789 4884 ὡς
3848 4821 3900 4878 ἐν

1849 4948 1942 5003 VA
1952 4949 2089 5005 l1le
2132 4951 2431 5008 LECTION
2442 4953 2541 5008 ES.

560 5058 604 5146 :9
660 5055 1103 5146 'Ei'fidd’iViinQ
1186 5060 1231 5095 "°
1269 5057 1714 5146 ἐπιιδιδοῦσανὲη
1767 5065 1807 5098 ⁵⁸
1947 5069 2082 5125 add.
2140 5072 2204 5125 A.
2282 5069 2327 5104 ⁵²
2357 5067 2669 5124 τελεστίνου
2727 5089 2779 5133 ς.
2854 5072 2902 5108 ⁵³
2929 5072 3029 5141 τήν
3087 5078 3145 5131 et
3199 5073 3259 5142 ἢν
3313 5074 3447 5132 add.
3506 5078 3572 5131 Δ.
3649 5073 3698 5107 ⁵⁴
3732 5092 3899 5146 μετα.

486 5128 828 5205 καλεσαμένη
863 5150 914 5193 ς.
1016 5132 1065 5165 ⁵⁵
1092 5133 1426 5205 τραυματίαν
1461 5153 1511 5196 ς.
1623 5138 1670 5170 ⁸⁸
1699 5133 1750 5188 έν
1810 5128 1944 5195 add.
2014 5149 2081 5196 A.

485 5202 531 5236 ⁶⁰
559 5204 646 5254 καὶ
688 5207 822 5260 add.
854 5216 923 5260 Δ.
1000 5205 1043 5239 ⁶¹
1074 5202 1325 5281 ἀδελφῶν
1360 5225 1411 5267 ς.
1484 5208 1611 5242 ⁶²“⁶³
1642 5228 1797 5284 φασιν
1833 5215 1897 5264 Α.

2182 5142 2225 5177 ⁸⁷
2265 5143 2401 5199 libri
2460 5141 2824 5215 ἆκμάξουσαν.

2932 5145 3005 5205 ὡς
3064 5148 3197 5203 add.
3247 5149 3308 5204 Δ.
3412 5146 3457 5181 ⁶⁹
3485 5142 3772 5207 διόνυσσός
3828 5150 3897 5203 Α.

2072 5341 2307 5400 NOTAE.

506 5509 515 5518 ἡ
551 5437 665 5508 (80)
683 5437 955 5519 .gimilem
997 5442 1151 5515 leges
1201 5448 1416 5501 narrat.
1451 5444 1583 5500 infr.
1622 5446 1681 5500 in
1710 5446 2009 5519 Excerptis
2059 5466 2127 5506 ex

480 5506 581 5564 lib.
615 5506 651 5562 vi
678 5510 965 5579 Hephaest.

477 5580 660 5710 et(i513
688 5587 855 5653 δορυ.
899 5590 1113 5643 narrat.
1149 5587 1234 5653 18,
1268 5587 1484 5645 Conon.
1535 5589 1701 5646 Plato
1746 5590 1805 5647 in
1858 5592 2123 5663 Phaedro,

2310 5452 2420 5529 (8})
2454 5450 2621 5529 Hom.
2657 5451 2845 5529 Qdyss.
2880 5454 2940 5511 K.
2969 5472 3021 5529 ν,
3055 5456 3181 5526 304,
3210 5462 3267 5514 et
3286 5457 3411 5529 ejus
3443 5458 3743 5529 interpret.

2308 5525 2415 5593 (83)
2454 5523 2601 5595 Lege
2676 5527 2927 5584 Pausan.
2982 5523 3173 5585 Eliac.’
3226 5523 3496 5603 ir,'pag.
3563 5523 3669 5585 499
3744 5531 3891 5589 edit.

2236 5595 2507 5652 German.

2305 5666 2416 5743 (84)
2452 5670 2526 5723 De
2554 5666 2662 5724 hac
2692 5675 2819 5726 vate
2851 5670 3101 5731 Pausan.
3137 5673 3368 5731 Phocia:
3399 5689 3516 5731 non
3546 5674 3751 5732 semel.
