4198 6216
496 349 612 409 623

1692 334 1961 399 PHOTIl
2005 334 2155 396 PAT
2167 330 2530 393 RIARCH/E
2571 330 2693 391 GP.

3773 326 3899 389 624

494 480 752 545 emersit,
783 481 840 534 et
869 474 1134 547 sepulcro
1182 472 1514 545 appositum
1562 468 1844 542 postridie
1892 466 2128 524 fulmine

2244 464 2325 517 τῶ
2354 460 2510 537 τάφῳ
2554 462 2623 533 τῇ
2680 456 2936 531 ἐπαύριον
2981 456 3346 547 ἐκεραυνώθη.
3395 458 3486 518 Ὧς
3534 456 3564 510 6
3613 454 3902 533 Ἡρακλῆς

493 576 583 628 est
630 571 833 624 ictum.
882 565 1181 622 Herculem
1236 579 1349 619 non
1393 560 1642 618 Nemeaei
1692 558 1878 615 leonis
1927 557 2135 631 pellem

493 664 755 731 gestasse
784 657 883 722 ait,
917 654 1019 710 sed
1049 652 1255 709 Leonis
1302 652 1613 723 cujusdam
1644 665 1675 705 e
1703 650 1998 722 gigantum
2029 662 2136 702 nu-

492 764 688 804 mero:
722 747 794 801 ob
845 749 1215 817 provocatum
1244 740 1318 798 ad
1346 742 1644 813 singulare
1674 746 1964 795 certamen
1997 736 2137 792 Her-

492 836 680 893 culem
737 835 810 890 ab
865 834 1069 889 eodem
1129 832 1591 903 interemptum:
1640 833 1697 884 et
1752 844 1927 883 aurea
1986 824 2140 880 mala

491 925 824 982 custodiens
854 924 1044 991 draco,
1079 922 1179 990 ait,
1213 922 1447 977 fratrem
1482 918 1689 976 habuit
1715 918 1942 975 leonem
1974 914 2137 971 illum

489 1014 838 1071 Nemeaeum.
863 1012 989 1068 Irus
1018 1014 1171 1085 apud
1204 1011 1517 1067 Homerum
1549 1008 1799 1064 Bmotius
1830 1007 1957 1062 fuit.
1990 1006 2139 1062 Can-

491 1103 678 1160 daula
709 1103 1040 1175 conjugem,
1065 1102 1234 1173 cujus
1266 1100 1586 1156 Herodotus
1616 1097 1727 1169 (9'2)
1762 1112 1969 1152 nomen
2002 1092 2138 1150 reti-

491 1196 603 1263 cet,
636 1192 853 1248 dictam
885 1207 1014 1247 esse
1043 1189 1333 1262 Nyssiam.
1372 1190 1507 1243 Eam
1541 1192 1600 1243 et
1629 1185 1842 1257 daplici
1893 1182 2134 1256 pupilla,

490 1288 545 1339 et
570 1280 892 1337 acutissimi
915 1279 1027 1352 (93)
1051 1280 1213 1335 visus
1236 1280 1435 1344 fuisse,
1460 1276 1612 1348 quod
1647 1273 2027 1330 dracontitem
2059 1270 2138 1327 la-

490 1372 685 1443 pidem
718 1374 1007 1441 gestaret:
1046 1372 1109 1423 ut
1156 1383 1261 1438 per
1307 1366 1463 1437 ipsas
1507 1366 1681 1419 etiam
1733 1364 1885 1418 fores
1915 1360 2133 1433 Gygen,

491 1462 562 1516 ad
596 1459 1012 1531 inquirendum
1042 1474 1367 1530 egressum,
1400 1455 1625 1511 viderit.
1660 1453 1907 1521 Quidam
1940 1457 2133 1506 tamen

491 1548 677 1619 ipsam
710 1548 937 1603 Tudum
973 1546 1186 1602 dictam
1209 1545 1431 1612 volunt,
1456 1544 1554 1599 alii
1576 1541 1835 1614 Clytiam.
1860 1540 2015 1596 Abas
2039 1555 2136 1595 au-

490 1642 607 1693 tem
637 1637 790 1692 Abro
809 1641 1205 1708 nuncupatam
1229 1633 1424 1691 tradit.
1447 1633 1579 1689 Ideo
1601 1647 1734 1687 vero
1756 1631 1883 1701 ejus
1906 1629 2132 1685 femina

487 1743 700 1783 nomen
732 1726 803 1781 ab
836 1726 1119 1782 Herodoto
1166 1724 1395 1780 silentio
1446 1737 1713 1793 pressum
1762 1720 1947 1787 aiunt,
1975 1718 2131 1790 quod

2246 549 2375 626 οὐχῖ
2405 550 2467 604 τὸ
2504 553 2602 604 τοῦ
2635 548 2905 623 Νεμεαίου
2938 545 3153 609 λέοντος
3183 542 3342 621 δέρας
3373 545 3713 621 ἠμπίσχετο,
3748 543 3901 601 ἀλλὰ

2248 639 2479 701 Λέοντός
2532 660 2682 703 τινος
2735 639 2850 700 ἑνὸς
2890 642 3000 694 τῶν
3051 637 3350 714 Γιγάντων,
3400 635 3492 692 ἐπὶ
3544 637 3904 712 μονομαχίας

2248 728 2551 804 προκλήσει
2577 730 2625 766 ⁷-⁸
2682 730 2770 810 ὕφ’
2828 727 3163 800 Ἡρακλέους
3222 727 3589 803 ἀνῃρημένου.
3636 730 3765 801 [250
3804 728 3906 801 [1.]

2249 824 2337 883 Ὠς
2378 818 2615 899 ἀδελφὸς
2654 821 2719 889 ἦν
2767 821 2795 874 ὁ
2827 816 3038 892 δράκων
3074 820 3102 873 6
3152 819 3218 873 τὰ
3268 821 3445 893 χρυσᾶ
3489 815 3641 890 μῆλα
3689 815 3908 895 φυλάσ-

2250 931 2355 965 σων
2384 910 2431 947 ⁷³
2458 913 2554 965 τοῦ
2582 909 2854 982 Νεμεαίου
2886 908 3129 969 λέοντος.
3162 915 3234 969 Ως
3265 908 3292 961 6
3324 908 3451 981 παρ’
3490 908 3725 980 Ὁμήρῳ
3755 907 3908 979 Ἰρος

2248 1002 2487 1062 Βοιωτὸς
2536 1001 2624 1068 ἦν.
2683 1004 2771 1063 Ὡς
2819 1002 2853 1068 ἡ
2907 996 3224 1053 Κανδαύλου
3274 998 3435 1073 γυνὴ,
3482 1000 3549 1066 ἧς
3599 994 3904 1072 Ἡρόδοτος

2244 1090 2308 1144 ού
2342 1089 2486 1165 λέγει
2516 1086 2780 1163 τοῦνομα,
2814 1088 2983 1143 Νυσία
3013 1088 3059 1124 ’⁷⁸
3107 1086 3360 1143 ἐκαλεῖτο
3394 1129 3406 1143 .
3440 1087 3501 1155 ἦν
3543 1087 3631 1141 καὶ
3684 1084 3911 1160 δίκορον

2244 1178 2333 1233 καὶ
2393 1178 2805 1248 όξυωπεστάτην
2862 1176 2989 1254 φασὶ
3048 1175 3313 1253 γενέσθαι,
3380 1175 3471 1230 τὸν
3544 1172 3907 1249 δρακοντίτην

2244 1269 2595 1341 κτησαμένην
2656 1266 2838 1335 λίθον,
2914 1264 3000 1321 διὸ
3072 1266 3163 1320 καὶ
3223 1262 3497 1319 αἷσθέσθαι
3571 1265 3664 1319 τὸν
3723 1266 3908 1340 Γύγην

2243 1355 2452 1429 ἐξιόντα
2481 1358 2529 1392 77
2562 1355 2650 1412 διὰ
2697 1362 2805 1411 τῶν
2835 1358 3009 1430 θυρῶν
3048 1374 3061 1388 ⁸
3095 1354 3261 1410 ἄλλοι
3312 1350 3546 1409 Τουδοῦν
3587 1352 3754 1422 αὐτὴν
3794 1372 3905 1407 καο

2244 1444 2473 1518 λεῖσθαι,
2534 1447 2585 1501 οἱ
2640 1443 2695 1501 δὲ
2757 1445 3011 1515 Κλυτίαν,
3072 1438 3246 1507 ’Ἄϐας
3302 1440 3358 1498 δὲ
3425 1438 3608 1518 Ἀόρὼ
3683 1441 3898 1511 ταύτην

2240 1536 2546 1593 καλεῖσθαι.
2593 1538 2822 1611 Σιγῆσαι
2883 1533 2941 1590 δέ
2998 1532 3245 1608 τοῦνομά
3292 1554 3421 1612 φασι
3471 1539 3573 1602 τῆς
3631 1531 3895 1606 γυναικὸς

2238 1627 2329 1683 τὸν
2375 1625 2692 1703 Ἡρόδοτον,
2722 1627 2840 1683 επεὶ
2889 1628 2917 1682 6
2966 1626 3240 1700 ἐρώμενος
3282 1621 3581 1699 Ἡροδότου
3634 1620 3899 1696 Πλησίρ-

2243 1717 2373 1794 ῥοος
2433 1718 2632 1778 Νυσίας
2662 1717 2707 1754 ⁷⁸
2774 1717 3002 1789 ὀνόματι
3063 1714 3326 1789 ἐρασθεὶς,
3386 1712 3801 1785 Ἀλικαρνασίας
3830 1713 3900 1767 τὸ

491 1832 621 1870 cum
645 1816 772 1885 ejus
794 1814 1047 1869 amasius
1066 1812 1425 1868 Plesirrhous
1446 1811 1708 1883 Nyssiam
1736 1808 1973 1864 nomine
1994 1807 2128 1862 ami-

2243 1808 2418 1883 γένος,
2451 1808 2565 1864 ἐπεὶ
2600 1810 2677 1882 μὴ
2710 1807 2871 1883 τύχοι
2902 1813 3001 1877 τῆς
3054 1804 3292 1877 ἑταίρας,
3326 1803 3425 1858 ούκ
3472 1802 3812 1877 ἀνεχόμενος
3845 1802 3900 1839 ⁷9

490 1920 617 1959 cam
651 1904 909 1971 haberet,
934 1902 1435 1958 Halicarnasseam
1470 1915 1699 1972 genere,
1722 1913 1827 1955 nec
1850 1912 1914 1951 ea
1938 1895 2132 1967 potiri,

488 1993 782 2064 repulsam
818 2008 1046 2062 passus,
1071 1990 1377 2063 potuisset,
1402 1990 1471 2045 de
1499 1986 1782 2059 superiori
1805 1984 1930 2041 loco
1959 1984 2131 2039 vitam

487 2081 598 2137 sibi
655 2082 863 2152 laqueo
912 2080 1227 2151 abruperit.
1279 2080 1422 2134 Hinc
1470 2077 1620 2133 velut
1668 2076 1957 2141 odiosum,
2006 2075 2132 2144 ejus

488 2169 703 2240 ubique
722 2185 931 2225 nomen
956 2169 1241 2239 refugisse
1262 2168 1640 2223 Herodotum.
1656 2165 1975 2221 Centauros
1994 2163 2131 2218 Her-

482 2258 671 2314 culem
705 2259 988 2330 fugientes
1013 2275 1110 2329 per
1132 2258 1467 2329 Tyrseniam
1497 2257 1646 2311 fame
1676 2254 1938 2326 periisse,
1962 2252 2124 2307 suavi

482 2347 817 2402 Sirenarum
855 2348 965 2418 (94)
997 2352 1169 2402 cantu
1200 2347 1489 2416 deceptos.
1517 2346 1811 2400 Abderum
1860 2341 2125 2398 Herculis

480 2436 791 2502 amasium,
824 2434 1067 2489 Patrocli
1114 2434 1351 2489 fratrem
1395 2434 1595 2488 fuisse.
1628 2430 1912 2503 Epipolim
1946 2431 2122 2502 Cary-

474 2526 672 2591 stiam,
689 2524 1024 2579 Tracbionis
1045 2523 1247 2593 filiam,
1264 2523 1604 2579 muliebrem
1626 2538 1824 2577 sexum
1847 2521 2120 2576 dissimu-

474 2614 693 2669 lantem
728 2631 861 2670 cum
903 2615 1118 2671 Graecis
1164 2614 1466 2683 militasse,
1495 2614 1598 2670 sed
1629 2630 1729 2684 per
1759 2611 2120 2667 Palamedem

472 2702 709 2759 tandem
734 2704 1039 2771 detectam,
1064 2720 1097 2757 a
1117 2703 1331 2759 Graecis
1352 2704 1622 2759 obrutam
1645 2718 1773 2759 esse
1803 2700 2120 2773 lapidibus.

476 2791 598 2855 Quo
632 2798 891 2864 tempore
921 2792 1246 2848 Alexander
1294 2792 1569 2847 Helenam
1620 2792 1900 2862 rapiebat,
1931 2790 2126 2844 Mene-

475 2883 633 2937 laum
659 2883 944 2954 Gortynis,
970 2884 1123 2953 quod
1147 2882 1508 2937 Cretensium
1540 2882 1817 2953 oppidum
1857 2884 1969 2941 est.
2001 2877 2126 2933 Jovi

484 2970 858 3026 hecatomben
893 2970 1252 3027 immolasse.
1288 2970 1652 3025 Palamedem
1690 2985 1789 3038 pro
1817 2970 2128 3039 Agamem-

477 3076 628 3115 none
642 3059 855 3115 Grecis
870 3059 1207 3131 imperasse.
1223 3063 1363 3114 Cum
1378 3059 1531 3114 enim
1547 3058 1604 3113 in
1616 3058 1883 3113 Aulidem
1899 3058 2125 3111 delatus

479 3157 885 3219 Agamemnon
945 3155 1229 3219 agrestem
1306 3164 1561 3219 capram,
1622 3147 1818 3203 Dianae
1875 3161 2124 3211 sacram,

479 3237 595 3289 telo
626 3236 981 3301 conflxisset,
1006 3244 1183 3307 atque
1213 3236 1349 3291 hinc
1384 3238 1528 3292 I5!
1566 3252 1601 3290 a
1640 3236 1851 3291 Graecis
1896 3235 2127 3305 naviga-

475 3325 633 3379 tione
664 3324 970 3394 prohibitis
1002 3324 1245 3381 Calchas
1276 3332 1434 3381 vates
1465 3326 1875 3397 respondisset,
1910 3322 2126 3394 placari

478 3429 716 3480 numen,
735 3414 1070 3485 expiarique
1089 3414 1310 3469 malum
1330 3431 1522 3484 posse,
1538 3416 1583 3469 si
1602 3413 1990 3485 Iphigeneiam
2010 3411 2123 3483 (95)

473 3502 656 3558 filiam
696 3502 959 3572 Neptuno
980 3503 1305 3559 immolaret
1321 3506 1720 3574 Agamemnon
1744 3518 1757 3557 :
1780 3502 2124 3558 detrectauti

476 3592 532 3645 id
571 3593 755 3646 facere
787 3591 1072 3661 indignati
1100 3592 1282 3647 Graeci
1315 3593 1623 3663 imperium
1673 3592 2035 3659 ademerunt,
2067 3595 2125 3647 et

474 3680 844 3736 Palamedem
890 3697 1081 3751 regem
1132 3687 1427 3737 crearunt.
1466 3682 1643 3737 Addit
1692 3681 2046 3737 Philocteten
2092 3697 2126 3736 a

471 3776 739 3841 serpente
775 3786 1115 3842 percussum
1150 3770 1422 3842 periisse:
1448 3781 1501 3827 et
1525 3770 1787 3826 Paridem
1810 3788 1841 3826 a
1864 3770 2124 3826 Menelao

472 3860 665 3916 femur
688 3860 857 3915 hasta
889 3862 1088 3929 ictum,
1108 3861 1545 3932 interemptum.
1576 3861 1862 3916 Demetrio
1889 3860 2123 3931 [inquit]

472 3949 708 4021 Scepsio
769 3956 1016 4018 mortuo,
1076 3950 1311 4006 Tellidis
1358 3951 1572 4005 librum
1634 3952 1707 4005 ad
1766 3960 1937 4021 caput
1995 3950 2123 4019 ejus

471 4045 766 4111 repertum
829 4041 1070 4093 ferunt:
1123 4044 1187 4094 ut
1232 4045 1289 4095 et
1333 4039 1632 4095 Alcmanis
1682 4045 1950 4096 natantes
2008 4039 2120 4109 (96)

472 4128 764 4199 [feminas]
818 4130 889 4183 ad
935 4129 1175 4185 cervical
1226 4129 1528 4201 Titonychi
1579 4129 2016 4185 Chalcidensis:
2067 4136 2123 4183 et

478 4219 773 4287 Eupolidis
806 4220 917 4289 (97)
950 4218 1386 4291 Hybristodicas
1408 4219 1521 4289 (98)
1540 4220 1611 4275 ad
1638 4218 1893 4290 Ephialti
1924 4223 2121 4290 caput.

470 4309 806 4380 Cratinique
855 4312 1110 4365 Eunidas
1140 4310 1252 4380 (99)
1294 4312 1449 4380 apud
1498 4309 1885 4366 Alexandrum
1936 4308 2124 4365 Mace-

2246 1898 2439 1973 βρόχῳ
2496 1899 2685 1954 ἑαυτὸν
2743 1898 3011 1970 ἀνήρτησε
3071 1937 3085 1951 .
3164 1892 3248 1949 διὸ
3300 1894 3346 1930 ⁸⁸
3418 1890 3750 1969 φυλάξασθαι
3813 1891 3895 1954 ὠς

2240 1987 2476 2063 ἀπεχθὲς
2514 1990 2555 2024 ⁸¹
2618 1988 2786 2042 εἰπεῖν
2832 1988 2894 2041 τὸ
2941 1990 3041 2050 τῆς
3088 1984 3288 2045 Νυσίας
3336 1984 3512 2057 ὄνομα
3562 1979 3890 2058 Ἡρόδοτον.

2240 2079 2329 2139 Ὦς
2389 2078 2440 2131 οἱ
2495 2076 2787 2150 Κένταυροι
2844 2074 3127 2154 φεύγοντες
3188 2071 3459 2147 Ἡρακλέα
3524 2070 3613 2126 διὰ
3667 2077 3889 2147 Τυρση-

2236 2166 2350 2228 νίας
2383 2166 2533 2239 λιμῷ
2564 2164 2948 2243 διεφθάρησαν,
2982 2162 3299 2238 θελχθέντες
3334 2162 3439 2216 ὑπὸ
3468 2168 3569 2231 τῆς
3602 2163 3883 2235 Σειρήνων

2234 2252 2569 2334 ἡδυφωνίας.
2620 2260 2708 2317 Ὠς
2786 2251 3059 2329 Ἀεδηρος
3123 2255 3150 2309 6
3212 2250 3543 2327 Ἡρακλέους
3606 2250 3887 2327 ἐρώμενος

2234 2343 2467 2423 ἀδελφὸς
2515 2346 2582 2413 ἧν
2630 2344 2975 2420 Πατρόκλου.
3024 2348 3111 2404 Ὠς
3162 2340 3439 2411 Ἐπιπόλη
3487 2344 3520 2410 ἡ
3583 2343 3858 2413 Καρυστία

2232 2436 2265 2503 ἡ
2325 2432 2649 2509 Τραχίωνος
2708 2433 2969 2508 θυγάτηρ,
3026 2433 3339 2507 κρύπτουσα
3395 2432 3494 2500 τήν
3567 2432 3882 2505 γυναικείαν

2232 2527 2385 2602 φύσιν
2460 2526 2895 2600 συνεστρατεύετο
2962 2528 3078 2585 τοῖς
3142 2520 3400 2593 Ἕλλησι,
3476 2523 3772 2595 μηνυθεῖσα
3834 2518 3884 2576 δ’

2235 2614 2337 2669 ὑπὸ
2395 2612 2766 2685 Παλαμήδους
2820 2612 2924 2667 ὕπὸ
2983 2616 3090 2667 τῶν
3167 2608 3454 2680 Ἑλλήνων
3518 2608 3882 2680 κατελεύσθη.

2234 2706 2323 2767 Ὡς
2369 2700 2725 2778 Ἀλεξάνδρου
2767 2703 3099 2777 ἁρπάζοντος
3148 2698 3373 2770 Ἑλένην
3408 2702 3457 2737 ⁸³
3506 2698 3775 2761 Μενέλαος
3829 2698 3883 2754 ἐν

2237 2795 2470 2869 Γορτύνῃ
2512 2800 2612 2863 τῆς
2659 2796 2880 2869 Κρήτης
2940 2787 3252 2864 ἑκατόμϐην
3313 2789 3432 2846 ἔθυε
3488 2794 3569 2861 τῷ
3623 2790 3727 2845 Διί.
3788 2790 3884 2851 Ὠς

2238 2880 2586 2954 Παλαμήδης
2626 2883 2736 2937 ἀντ’
2769 2883 3173 2957 Ἀγαμέμνονος
3224 2879 3509 2951 Ἐλλήνων
3547 2876 3831 2953 βασιλεύοι
3869 2894 3886 2909 ·

2236 2971 2287 3027 ἐν
2358 2969 2559 3031 Αὐλίδι
2633 2974 2737 3048 γὰρ
2813 2971 3249 3045 παραγενόμενος
3308 2968 3673 3044 Ἀγαμέμνων
3752 2967 3889 3041 αἶγα

2154 3086 2196 3151 C
2236 3061 2422 3137 ἀγρίαν
2481 3060 2627 3135 ἱεράν
2692 3057 3009 3135 Ἀρτέμιδος
3087 3058 3456 3129 κατατοξεύοι,
3514 3057 3746 3119 ἀπλοίας
3826 3054 3889 3112 δὲ

2233 3150 2525 3226 γενομένης
2566 3156 2681 3213 τοῖς
2722 3150 2963 3220 Ἕλλησι
3012 3155 3123 3225 χρᾷ
3165 3151 3212 3186 ⁸³
3259 3148 3489 3224 Κάλχας
3537 3147 3761 3217 λυθῆναι
3814 3149 3880 3203 τὸ

2234 3237 2426 3310 δεινὸν,
2458 3238 2503 3294 εἷ
2564 3238 2740 3293 θύσειε
2780 3240 2880 3308 τὴν
2940 3240 3204 3313 θυγατέρα
3262 3234 3579 3316 Ἰφιγένειαν
3637 3238 3884 3311 Ἀγαμέ-

2237 3350 2379 3402 μνων
2408 3326 2709 3386 Ποσειδῶνι
2751 3346 2763 3360 ·
2810 3334 2906 3383 τοῦ
2940 3326 2996 3383 δέ
3029 3329 3105 3402 μὴ
3156 3326 3553 3401 ἀνασχομένου,
3608 3326 3889 3402 όργισθένο

2232 3438 2317 3481 τες
2377 3419 2428 3474 οἳ
2484 3417 2755 3489 Ἕλληνες
2826 3416 3115 3495 ἀφείλοντο
3185 3415 3349 3473 αύτοῦ
3426 3418 3489 3472 τὸ
3540 3416 3740 3488 κράτος
3794 3418 3890 3471 καὶ

2232 3508 2563 3577 κατέστησαν
2600 3506 2826 3581 βασιλέα
2859 3503 3228 3580 Παλαμήδηνζ
3266 3510 3393 3580 [485
3423 3507 3512 3581 Βο]
3558 3512 3645 3568 Ὠς
3708 3506 3893 3562 Φιλο-

2232 3598 2439 3667 κτήτης
2481 3597 2583 3651 ὑπὸ
2623 3592 2797 3672 ὄφεως
2830 3597 3060 3671 πληγεὶς
3100 3596 3352 3670 ἀνῃρέθη,
3383 3595 3473 3651 καὶ
3524 3592 3890 3670 Ἀλέξανδρος

2237 3686 2339 3741 ὑπὸ
2369 3683 2615 3742 Μενελάο
2661 3683 2849 3760 δόρατι
2889 3687 2983 3741 τὸν
3020 3686 3195 3760 μηρὸν
3246 3685 3479 3759 πληγεὶς
3515 3686 3722 3740 πίπτει.
3757 3688 3887 3743 ’Ὁτι

2229 3774 2652 3845 τελευτήσαντος
2708 3774 3029 3848 Δημητρίου
3078 3778 3175 3830 τοῦ
3233 3776 3484 3847 Σκηψίου
3540 3775 3600 3828 τὸ
3664 3769 3885 3849 βιϐλίον

2229 3862 2497 3926 Τέλλιδος
2527 3864 2664 3935 πρὸς
2692 3868 2759 3937 τῇ
2803 3862 3013 3941 κεφαλῇ
3045 3862 3211 3919 αὐτοῦ
3255 3862 3445 3936 εὑρέθη
3473 3882 3486 3895 ·
3533 3863 3629 3924 τὰς
3661 3859 3716 3917 δέ
3766 3869 3889 3919 Κο-

2234 3949 2532 4027 λυμϐώσας
2564 3952 2904 4027 Ἀλκμάνους
2934 3953 2981 3989 ⁸⁴
3009 3954 3145 4027 πρὸς
3180 3957 3247 4027 τῇ
3278 3951 3489 4031 κεφαλῇ
3517 3952 3825 4027 Τυρονίχου
3843 3955 3892 3989 ⁸⁵

2230 4041 2326 4098 τοῦ
2378 4039 2691 4104 Χαλκιδέως
2748 4041 3032 4117 εὑρεθῆναί
3093 4063 3250 4117 φασιν
3298 4043 3364 4112 ³⁸,
3416 4039 3543 4102 τοὺς
3600 4038 3645 4095 δ’
3702 4036 3888 4116 Ὑϐρι-

2232 4129 2482 4194 στοδίκας
2541 4129 2850 4195 Εὐπόλιδος
2908 4132 3044 4206 πρὸς
3113 4130 3182 4205 τῇ
3252 4128 3569 4208 Ἐφιάλτου,
3627 4130 3756 4192 τοὺς
3828 4128 3884 4186 δέ

2231 4220 2490 4284 Εὐνείδας
2528 4222 2575 4256 ⁸⁷
2607 4221 2879 4295 Κρατίνου
2906 4221 3041 4295 πρὸς
3071 4224 3139 4294 τῇ
3183 4217 3544 4293 Ἀλεξάνδρου
3574 4223 3671 4275 τοῦ
3718 4222 3886 4293 βασι-

2232 4310 2371 4373 λέως
2428 4308 2751 4368 Μακεδόνων
2783 4312 2849 4381 ⁸⁸,
2897 4310 2965 4365 τά
3021 4307 3067 4364 δ’
3125 4311 3295 4385 Ἔργα
3349 4309 3441 4364 καὶ
3504 4310 3601 4370 τάς
3642 4306 3885 4383 Ἡμέρας

470 4402 691 4455 donum
740 4418 953 4473 regem.
988 4402 1075 4457 Ita
1129 4402 1357 4457 Hesiodi
1389 4419 1563 4473 opera
1592 4410 1645 4457 et
1676 4403 1802 4457 dies
1850 4402 2123 4457 Seleucus

2235 4398 2486 4457 Ἡσιόδου
2543 4401 2679 4477 πρὸς
2752 4403 2821 4474 τῇ
2896 4403 2993 4454 τοῦ
3063 4398 3334 4454 Σελεύκου
3408 4395 3506 4453 τοῦ
3574 4398 3885 4472 Νικάτορος

474 4488 759 4545 Nicatoris
789 4490 946 4547 tilius
976 4491 1047 4547 ad
1078 4496 1257 4563 caput
1306 4507 1539 4562 semper
1575 4490 1854 4547 admovit.
1885 4490 2035 4555 Quin
2066 4495 2125 4546 et

2232 4490 2467 4569 κεφαλῇ.
2538 4491 2600 4548 Ὀ
2660 4485 2843 4564 μέντοι
2900 4488 3202 4562 νομοθέτης
3271 4485 3553 4563 Ἀρκάδων
3617 4485 3887 4563 Κερκίδας

1831 4598 2067 4655 VARl/E
2111 4600 2517 4657 LECTlONES.

540 4693 588 4769 7‘
618 4693 1064 4769 προσκλήσειςνς.

1168 4696 1269 4774 7‘6
1329 4694 1456 4774 φυλ.
1516 4695 1580 4751 τά

472 4761 561 4819 διὰ
592 4785 641 4829 ς,

748 4694 985 4761 ι’κλήσεις
1014 4715 1064 4759 ς.
1168 4698 1211 4733 ⁷⁵
1242 4696 1269 4749 6
1329 4694 1456 4774 φυλ.
1516 4695 1580 4751 τά
1610 4715 1714 4802 χρ.
1759 4694 1912 4769 μῆλα
1967 4695 2180 4772 δράκων
2239 4696 2365 4753 ἀδελ
2414 4699 2471 4759 ὸς
2528 4699 2645 4767 ἧνς

748 4767 794 4854 ῖδ
833 4768 1150 4854 Νυσσίαςῃς.
1221 4772 1507 4854 οἱοληέία.
1551 4840 1589 4854 m
1637 4768 2056 4854 ¹ςδινεσχιομιένηξ
2120 4771 2312 4854 ὑψόθεν
2367 4720 2562 4854 ἕρὸχερ
2596 4790 2645 4833 ς.

466 4839 512 4915 ff
570 4836 875 4915 'El._&pn_.
935 4860 993 4915 ς.
1062 4841 1335 4915 ⁸³-κιχρᾷ
1550 4840 1597 4875 ⁸⁸
1645 4836 1965 4915 Ἀλκμάνοςν
2012 4836 2415 4899 Εκειιίὼοηυὲξ

2782 4697 2827 4732 ⁷⁸
2860 4698 3036 4753 Μυσία
3068 4718 3117 4761 ς.
3192 4766 3197 4767 γ
3224 4698 3266 4735 ⁷⁷
3297 4696 3500 4767 ἐξιόντα
3550 4696 3625 4757 εἷς
3656 4700 3887 4766 ζήτησιν

2750 4770 2795 4806 ⁸ο
2827 4767 2910 4824 διὸ
2968 4772 3058 4824 καὶ
3114 4766 3222 4841 φυλ
3270 4766 3343 4832 ς(
3423 4769 3468 4806 δι
3503 4767 3606 4823 ἀπε
3652 4768 3772 4821 θέον
3835 4787 3888 4831 ς.

2750 4842 2890 4892 νίνου
2951 4849 2994 4892 Α
3055 4859 3069 4892 2
3119 4841 3439 4892 Τιτωνύγου
3473 4840 3556 4892 ε’.
3610 4788 3888 4892 ξυννίγου

3055 4859 3090 4917 ςΔ
3119 4841 3439 4917 Τιτωνύχου
3613 4840 3890 4917 ῖυννίχου

2414 4699 2471 4759 ὸς
2528 4699 2595 4767 ἦν
2626 4718 2675 4761 ς.

2518 4845 2561 4877 ⁸⁵
2594 4842 2890 4915 τυρονίχου
2950 4849 2995 4899 Α

466 4896 1902 5003 Hrenrgyajesi‘usXap‘udjn'o's'tgommentarzkcrit.
1943 4896 2450 5003 'inP‘latoﬁn'e—m'p.‘
2493 4915 2589 5003 xl)
2621 4896 3269 5003 ιιίρΝιίέιξίυξφδφτὶῑ.
3319 4896 3572 5003 ξιμοΪῆ
3615 4913 3730 5003 39-);
3755 4896 3886 5003 ﬁni

465 4984 704 5055 offendit
736 4981 1217 5040 Kusterus‘Suid.
1260 5002 1313 5041 ν.
1366 4981 1630 5055 Ἀλκμάν.

1729 4983 1789 5073 '9‘:
1821 4984 1933 5057 εὑρ.
1977 4985 2142 5073 ξρησίν
2176 4993 2222 5041 Α
2258 5004 2271 5042 :
2324 4982 2482 5065 φοίσῖν
2517 4982 2632 5056 εὕρ.
2798 4985 2925 5046 τοὺς
2956 4982 3224 5042 Valesius
3257 5004 3273 5039 :
3323 4984 3460 5041 libri
3487 4982 3606 5045 τάς.
3680 4982 3893 5039 "libri

462 5050 665 5115 εὐνίδας
711 5072 722 5109 :
756 5057 827 5111 cf.
863 5057 1088 5113 Muller.
1123 5055 1400 5114 Orchom.
1443 5050 1659 5129 p.304.
1741 5054 1790 5089 ⁸⁸
1831 5050 2133 5129 μάκεδόνος
2166 5066 2231 5114 Α.

2055 5165 2287 5224 ΝΟΤᾸΕ.

461 5260 643 5386 legi?
679 5262 803 5317 ωδ·
837 5278 877 5330 ¹’
913 5262 1013 5318 “bi
1044 5279 1278 5320 omnem
1326 5278 1473 5335 Pene
1503 5265 1573 5321 de
1602 5264 1758 5338 Gyge
1808 5264 2113 5322 historiam

486 5348 639 5387 828$.

851 5422 1009 5477 supr.
1044 5408 1103 5462 in
1136 5412 1385 5479 excerpt.
1420 5408 1611 5465 exlib.
1644 5424 1737 5466 ιιι.

534 5476 645 5551 (ῼῤ)
680 5476 816 5551 Σίόθ
847 5476 1056 5551 θιςεοᾳ.
1091 5496 1223 5551 pag.

677 5546 1219 5630 Iragcediam'lian'c
1253 5552 1452 5608 docuit
1485 5552 1681 5630 Eurip.

676 5617 1179 5699 Τὰςκολυμοώσας
1222 5640 1467 5693 quarum
1511 5617 1687 5681 etiam
1736 5624 1947 5680 Suidas
1999 5637 2112 5679 me-

466 5692 640 5747 minit
667 5706 803 5747 voce
831 5692 1076 5749 Alcman.

2302 5265 2412 5335 (97)
2443 5265 2580 5335 Ejus
2626 5267 2803 5324 vitam
2852 5264 3083 5338 collegit
3130 5264 3239 5322 Lil.
3284 5262 3575 5338 Gyraldus
3609 5260 3758 5319 Dial.
3803 5279 3885 5333 vi,

2273 5342 2294 5392 t
2325 5343 2381 5393 et
2409 5338 2648 5393 Cratini.

2229 5347 2294 5393 ut
2325 5347 2381 5393 et
2409 5347 2648 5394 Cratini.

2296 5410 2407 5481 (98)
2466 5404 2883 5482 Ὑϐριστοδίκαι,
2940 5407 2991 5463 οἱ
3041 5404 3492 5482 μὴγβουλόμενοι
3557 5405 3655 5482 τ-ἀς
3724 5402 3883 5482 δίκας

2223 5477 2729 5555 εἰσαγαγεῖν,ξερυι1
2777 5482 2996 5539 Polluc.
3031 5477 3087 5537 et
3137 5477 3349 5554 Hesyd.
3394 5481 3524 5537 vide
3571 5480 3773 5552 Sigon.
3809 5480 3885 5537 Dc

2220 5554 2446 5620 magi“.
2480 5554 2675 5609 Athan.

2294 5620 2691 5699 (99)(Εὐνείδας
2732 5622 2887 5699 γένος
2918 5644 2983 5699 τι
3028 5622 3291 5699 Ἀθήνῃσι
3337 5624 3687 5699 κιθαριστῶν.
3730 5622 3877 5681 Vide

2222 5695 2465 5769 llesych.
2499 5714 2564 5754 ac
2595 5695 2758 5755 Suid.
2791 5704 2847 5755 et
2876 5698 3132 5754 citantur
3162 5695 3235 5755 ab
3263 5695 3477 5754 Athen.
