4198 6216
454 336 573 395 627
1650 328 1919 390 ΡΗΟΤΙΙ
1963 327 2108 387 ΡΑΤ

2217 323 2491 386 ΑΒΟΗιΕ
2536 322 2649 384 CP.
3748 327 3875 385 628

456 465 839 540 Philopatoris
858 464 1222 536 temporibus
1252 462 1610 518 astronomia
1639 459 1853 516 clarus.
1879 458 2102 534 Ἐψιλὸν

2222 461 2314 512 τοῦ
2352 476 2378 511 ι
2422 456 2447 490 ⁸
2498 450 2952 532 συμπεριφέρεται
3013 454 3139 528 [488
3170 454 3261 540 R1]
3319 456 3401 525 τῷ
3448 458 3549 521 τῆς
3610 451 3880 524 σελήνης,

456 536 647 614 dictus
676 563 764 613 est
786 573 817 610 a
840 556 1027 626 figura
1057 554 1257 608 litterae
1284 552 1343 619 E,
1369 569 1498 623 qua:
1519 551 1938 623 circumagitur
1970 568 2103 606 cum

2224 545 2337 618 περὶ
2398 545 2465 613 ἦν
2521 543 2719 605 ἐκεῖνος
2783 542 3023 615 μάλιστα
3079 536 3383 615 ἡκρίὸωτο.
3440 544 3679 616 Σάτυρος
3740 540 3791 597 δ’
3854 545 3882 598 ὁ

458 648 617 712 luna,
651 647 707 700 in
741 660 912 716 quam
947 642 1044 697 ille
1076 642 1327 696 multum
1364 641 1543 695 studii
1574 641 1921 697 contulerat.
1945 641 2109 712 Saty-

2222 638 2588 712 Ἀριστάρχου
2619 637 2895 713 γνώριμος
2932 641 3066 705 ζῆτα
3106 634 3354 690 ἐκαλεῖτο
3398 632 3486 689 διὰ
3533 635 3594 690 τὸ
3645 642 3880 706 ζητητι-

460 752 558 791 rus
590 736 723 789 item
756 730 1071 787 Aristarchi
1098 729 1403 784 familiaria
1424 731 1569 796 Ζῆτα
1591 735 1679 784 est
1709 735 2104 800 nuncupatus,

2223 728 2308 782 κὸν
2343 726 2529 783 αὐτοῦ.
2581 724 2686 781 Καὶ
2737 723 2995 780 Αἴσωπόν
3049 744 3209 800 φασιν
3254 728 3299 790 ⁷,
3341 724 3416 784 ὡς
3466 723 3571 779 ὑπὸ
3621 722 3881 796 Ἴδμονος

457 825 529 879 ab
560 820 939 891 investigandi
993 835 1187 873 rerum
1238 834 1446 875 causas
1493 818 1713 873 studio.
1759 822 2005 873 Narrant
2053 826 2109 873 et

2224 821 2312 873 τοῦ
2343 814 2605 872 δεσπότου
2636 819 2778 879 θῆτα
2808 814 3057 870 ἐκαλεῖτο
3090 811 3179 868 διὰ
3207 813 3271 868 τὸ
3314 810 3571 874 δουλικὸς
3602 834 3683 875 τις
3738 815 3882 868 εἶναι

458 914 733 981 ίΕεορυω
778 910 849 963 ab
891 909 1131 964 Idmone
1183 908 1317 963 hero
1371 924 1477 963 suo
1525 912 1676 974 Θῆτα
1724 906 2104 977 appellatum,

2226 907 2305 962 mi
2359 905 2728 980 πολύτροπος*
2782 908 2943 974 θῆτες
2994 905 3097 978 γάρ
3146 905 3198 958 οἱ
3244 900 3455 958 δοῦλοι.
3509 904 3606 957 Καὶ
3654 906 3674 941 ⁸
3706 906 3742 973 ἡ
3778 910 3884 958 Κυ-

460 1001 612 1073 quod
646 997 835 1054 servili
871 1003 1024 1053 esset
1079 997 1277 1052 indole
1305 1014 1369 1051 ac
1402 996 1744 1068 versipellis.
1778 998 1916 1052 Nim
1947 996 2107 1063 θῆτες

2225 996 2389 1071 ψέλου
2422 993 2481 1050 δὲ
2514 996 2699 1068 μήτηρ
2731 997 2793 1061 ⁸⁵,
2827 992 2992 1069 χωλή
3042 993 3194 1061 οὖσα,
3228 987 3460 1064 Λάμϐδα
3510 991 3719 1063 ἐκλήθη
3778 992 3883 1047 ὑπὸ

460 1105 656 1145 servos
687 1086 997 1157 significat.
1030 1086 1260 1157 Cupseli
1292 1085 1487 1140 adhaec
1520 1092 1724 1153 mater,
1756 1087 1907 1157 quod
1956 1086 2110 1155 pedi-

2231 1090 2312 1141 τοῦ
2371 1086 2594 1141 Πυθίου.
2665 1080 2993 1155 Δημοκῦδης
3054 1079 3111 1136 δὲ
3167 1082 3477 1156 Πυθαγόραν
3537 1081 3671 1160 φησί
3714 1082 3761 1151 θ,
3795 1103 3889 1136 κα-

460 1180 571 1235 bus
620 1176 788 1248 valga
834 1180 1007 1244 esset,
1054 1168 1289 1246 Λάμϐδα
1337 1181 1536 1232 vocata
1586 1174 1832 1246 Apollini
1881 1176 2105 1248 Pythio.

2227 1175 2568 1249 ταγράψαντα
2599 1173 2801 1236 πάντας
2836 1171 2966 1232 τοὺς
3018 1168 3303 1245 ἀριθμοὺς.
3352 1173 3430 1241 τῷ
3458 1170 3505 1241 γ’
3536 1172 3580 1205 θ’
3615 1167 3885 1245 στοιχείῳ

460 1268 846 1340 Pythagoram
905 1265 1148 1336 insuper
1202 1281 1357 1330 eum,
1420 1264 1520 1337 qui
1576 1281 1853 1320 numeros
1907 1280 2109 1320 omnes

1691 1281 1853 1320 ueros
1907 1280 2109 1320 omnes
2219 1262 2515 1335 κληθῆναι.
2548 1265 2789 1317 Τοσαῦτα
2816 1266 2904 1315 καὶ
2943 1260 3006 1315 τὸ
3033 1260 3069 1314 ε’
3104 1254 3349 1335 βιϐλίον.

459 1356 791 1428 descripsit,
845 1355 1023 1413 refert
1080 1355 1439 1429 Democydes
1471 1374 1501 1411 a
1534 1356 1701 1411 tertia
1758 1355 2241 1427 cognominatum
2301 1371 2431 1412 esse
2489 1355 2700 1410 littera.
2736 1355 2806 1411 Et
2854 1352 2975 1408 haec
3033 1351 3268 1423 quidem
3327 1351 3569 1424 quintus
3618 1350 3886 1410 continet

460 1446 631 1502 liber.

529 1536 739 1591 Sextus
788 1538 987 1604 postea
1038 1533 1187 1589 liber
1242 1534 1431 1603 capita
1488 1534 1607 1589 hac
1676 1533 2107 1605 complectitur.

2293 1534 2364 1587 Τὸ
2397 1529 2453 1587 δὲ
2494 1533 2537 1593 ς’
2573 1526 2790 1589 Βιδλίον
2821 1528 3092 1606 κεφάλαια
3122 1528 3367 1602 περιέχει
3397 1524 3543 1595 τάδε,
3577 1528 3651 1589 ὡς
3687 1523 3890 1606 Ἀχιλ-

464 1623 731 1681 Occisum
757 1622 1120 1679 Penthesilea
1142 1622 1443 1691 Achillem,
1466 1622 1728 1677 Thetidis
1753 1624 1956 1678 matris
1984 1638 2108 1693 pre-

2232 1620 2349 1684 λεὺς
2407 1623 2512 1679 ὑπὸ
2572 1619 2943 1682 Πενθεσιλείας
3004 1618 3324 1693 ἀναιρεθεὶς,
3382 1615 3670 1687 δεηθείσης
3725 1616 3890 1672 αὐτοῦ

466 1714 630 1769 cibus
670 1714 727 1768 in
777 1713 952 1767 vitam
1004 1719 1362 1781 revocatum,
1414 1717 1470 1767 et
1519 1711 1881 1767 Penthesilea
1938 1712 2115 1766 inter-

2234 1718 2323 1781 τῆς
2356 1712 2565 1786 μητρὸς
2589 1707 2828 1779 Θέτιδος,
2860 1704 3078 1763 ἀναϐιοῖ
3115 1707 3204 1763 καὶ
3254 1704 3460 1762 ἀνελὼν
3506 1704 3892 1765 Ηενθεσιλεῖαν

468 1809 683 1875 empta,
717 1819 951 1857 rursum
1002 1803 1070 1855 ad
1123 1801 1331 1857 Orcum
1384 1802 1645 1857 rediisse.
1691 1800 2121 1872 Lchphronem

2237 1801 2307 1863 εἰς
2352 1796 2484 1872 ᾅδου
2541 1800 2706 1855 πάλιν
2757 1797 3101 1877 ὑποστρέφει.
3162 1802 3249 1859 Ὧς
3308 1795 3363 1851 ἐν
3426 1799 3497 1870 τῇ
3557 1793 3895 1871 Ἀλεξάνδρᾳ

469 1893 528 1947 in
562 1892 894 1947 Alexandra
926 1896 1190 1961 poemate
1221 1890 1508 1945 dicentem
1539 1906 1552 1945 :

1161 1907 1190 1945 e
1221 1890 1508 1945 dicentem
1539 1906 1552 1945 ζ
2231 1892 2527 1970 Λυκόφρων
2554 1890 2719 1946 εἰπὼν
2754 1891 2819 1959 ¹⁰,

749 1980 940 2048 Qualis
975 1979 1204 2035 Lacinia
1233 1980 1439 2035 sterilis
1470 1978 1851 2035 centauricida

2426 1981 2563 2037 Ποία
2594 1980 2641 2035 δ’
2681 1978 2863 2050 ἀηδὼν
2907 1984 3090 2053 στεῖρα
3122 1979 3187 2013 ¹⁰⁸
3214 1978 3699 2051 κενταυροκτόνος,

544 2072 781 2126 Sirenas
820 2070 897 2137 (5)
939 2069 1017 2123 ibi
1068 2070 1484 2124 centauricidas
1530 2068 1910 2135 significasse.
1952 2067 2120 2122 Hele-

2235 2071 2324 2133 τάς
2385 2077 2646 2145 Σειρῆνας
2712 2069 3196 2143 κενταυροκτόνους
3256 2066 3418 2123 εἶπεν.
3506 2071 3595 2131 Ὣς
3662 2064 3893 2130 "Elaver

472 2177 615 2217 num
651 2158 866 2215 Priami
900 2158 1111 2225 tilium,
1135 2158 1415 2213 dilectum
1448 2158 1522 2232 ab
1552 2157 1841 2229 Apolline,
1866 2156 2121 2212 nzuneri-

2233 2161 2261 2215 6
2320 2160 2571 2235 Πριάμου
2627 2156 2988 2219 ’Λπόλλωνος
3056 2155 3329 2230 ἐρώμενος
3379 2159 3421 2193 ¹¹
3483 2156 3729 2229 γὲνοιτο,
3802 2158 3891 2212 καὶ

472 2265 582 2321 qua
631 2248 925 2319 accepisse
955 2262 1153 2303 arcum
1187 2248 1535 2315 eburneum,
1569 2263 1687 2319 quo
1716 2246 1999 2302 Achillem
2032 2262 2123 2301 se-

2234 2242 2396 2304 ἔλαϐε
2425 2268 2533 2323 παρ
2564 2248 2728 2302 αὐτοῦ
2767 2246 2942 2321 δῶρον
2973 2245 3124 2315 τόξον
3177 2243 3540 2322 ἐλεφάντινον,
3592 2245 3638 2316 ᾦ
3690 2243 3892 2320 ’Δχιλ-

471 2340 729 2395 cundum
765 2353 1000 2393 manum
1037 2337 1271 2404 feriret;
1308 2336 1600 2391 Priamum
1633 2352 1766 2392 cum
1796 2336 2123 2392 Androma-

2234 2337 2331 2394 λὲα
2374 2338 2641 2409 τοξεύσειε
2689 2336 2826 2392 κατὰ
2890 2344 2990 2406 τῆς
3039 2336 3245 2410 χειρός.
3296 2339 3414 2391 "Ott
3469 2333 3604 2407 μετά
3665 2331 3892 2409 Ἀνδρο-

472 2428 600 2494 cba,
635 2427 883 2498 suisque
913 2425 1113 2481 liberis
1146 2424 1469 2497 supplicem
1517 2426 1839 2481 accessisse
1886 2426 2040 2483 152
2088 2442 2123 2481 a

2234 2429 2422 2503 μάχης
2452 2429 2539 2483 καὶ
2571 2432 2677 2482 τῶν
2710 2429 2842 2482 υἱῶν
2871 2427 3039 2481 αὐτοῦ
3078 2426 3325 2500 Πρίαμος
3378 2424 3513 2499 ὑπὲρ
3543 2428 3653 2479 τῶν
3700 2426 3892 2479 Ἕκτο-

472 2519 544 2574 ad
577 2516 861 2573 Achillem
916 2533 1018 2587 pro
1069 2517 1329 2571 Hectoris
1376 2515 1607 2571 ossibus
1637 2516 1710 2587 (6)
1738 2533 1751 2583 ;
1784 2516 1993 2571 Thetin
2024 2532 2121 2572 sex

2238 2538 2324 2591 ρος
2357 2518 2527 2572 ὀστῶν
2572 2516 2758 2587 ἱκέτης
2813 2515 3037 2594 ἀφίκετο
3088 2514 3162 2575 ὡς
3212 2510 3481 2589 Ἀχιλλέα
3519 2514 3584 2568 η.
3622 2516 3718 2574 Ὡς
3748 2516 3896 2576 Θὲτις

472 2623 716 2664 numero
747 2606 959 2661 liberos
990 2621 1019 2660 θ
1050 2605 1216 2661 Peleo
1257 2614 1557 2676 susceptos
1590 2604 1791 2661 latenti
1824 2606 1955 2670 igne
1985 2622 2118 2661 sus-

2231 2605 2356 2670 τοὺς
2414 2605 2473 2661 ἐκ
2512 2603 2740 2673 Ιιηλέως
2791 2604 2926 2678 αὐτῇ
2977 2603 3301 2678 γινομένους
3347 2599 3544 2664 παῖδας
3594 2600 3729 2677 πυρὶ
3786 2603 3889 2659 λα-

470 2695 699 2760 tulisse,
733 2698 1082 2767 tandemque
1127 2694 1413 2751 Achillem
1459 2710 1584 2751 esse
1627 2709 1983 2766 aggressam.
2019 2695 2119 2751 Pe-

2233 2695 2401 2772 θραίῳ
2458 2693 2793 2765 κατηνάλου,
2850 2693 2902 2765 ’ἐξ
2964 2694 3279 2768 γεγονότας’
3343 2692 3419 2754 ὡς
3478 2689 3535 2747 δὲ
3610 2694 3744 2765 [252
3800 2693 3891 2765 11.]

468 2784 626 2841 leum
675 2800 812 2856 ergo
841 2801 900 2840 re
931 2784 1183 2856 cognita,
1215 2783 1269 2837 vi
1298 2784 1452 2840 hunc
1481 2786 1789 2855 eripuisse,
1822 2783 1940 2840 talo
1987 2790 2117 2840 tan-

2230 2786 2317 2841 καὶ
2346 2783 2620 2860 Ἀχιλλέα
2651 2784 2997 2859 ἐπεχείρησε,
3043 2781 3207 2859 γνοὺς
3256 2779 3472 2851 Ηηλεὺς
3518 2778 3757 2851 ἐξείλετο
3802 2782 3888 2837 τὸν

467 2878 593 2930 tum
628 2874 845 2929 dexteri
882 2874 1043 2943 pedis
1073 2874 1305 2939 adusto,
1325 2878 1383 2929 et
1412 2876 1562 2945 apud
1596 2873 1904 2930 Chironem
1938 2873 2114 2930 collo-

2234 2873 2563 2951 ἀστράγαλον
2596 2873 2758 2946 μόνον
2812 2876 2909 2927 τοῦ
2960 2868 3135 2942 δεξιοῦ
3183 2868 3350 2935 ποδὸς
3405 2868 3760 2944 κεκαυμένον,
3804 2871 3892 2925 καὶ

468 2978 650 3029 casse,
686 2962 783 3035 qui
817 2964 1028 3018 effosso
1059 2961 1293 3035 Dainysi
1342 2962 1598 3035 gigantis
1628 2979 1885 3032 corpore,
1920 2964 1977 3019 in
2012 2968 2118 3019 Pa-

2234 2964 2475 3039 Χείρωνι
2548 2963 2933 3037 παρατίθησιν·
2996 2962 3025 3015 6
3083 2958 3141 3015 δὲ
3198 2959 3458 3034 ἀνορύξας
3511 2960 3573 3015 τὸ
3640 2960 3892 3033 Δαμόσου

472 3053 599 3109 lene
622 3053 733 3107 sito
755 3051 873 3122 (hic
886 3058 1190 3122 gigantum
1206 3053 1469 3107 omnium
1489 3051 1891 3108 velocissimus
1914 3054 2124 3122 fuerat)

2235 3023 2820 3129 105.1‘lyatv10c.a&’ip.a'
2853 3051 2904 3107 ἐν
2956 3048 3223 3124 Παλλήνῃ
3274 3023 3518 3123 κείμενον
3562 3023 3893 3129 (ταχότατος

472 3139 818 3211 sublatoque
859 3139 988 3209 ejus
1037 3139 1171 3205 talo,
1206 3139 1447 3196 Achillis
1491 3143 1703 3212 aptavit
1737 3141 1888 3212 pedi,
1920 3150 1973 3198 et
2004 3158 2126 3198 me-

2238 3140 2282 3197 δ’
2331 3144 2398 3212 ἦν
2451 3143 2479 3197 6
2529 3142 2777 3215 Δάμυσος
2826 3141 3042 3196 πάντων
3089 3138 3378 3215 γιγάντων)
3430 3137 3518 3193 καὶ
3565 3136 3890 3211 ἀνελόμενος

474 3228 823 3283 dicamentis
871 3229 1142 3283 firmavit.
1178 3227 1342 3283 Hunc
1374 3234 1571 3300 postea
1612 3230 1795 3286 talum
1845 3232 2129 3288 excidisse

2236 3231 2404 3287 αὐτοῦ
2434 3232 2523 3287 τὸν
2557 3230 2901 3306 ἀστράγαλον
2936 3228 3220 3304 ἐναρμόζει
3252 3233 3330 3301 τῷ
3373 3226 3691 3307 Ἀχιλλέως
3742 3226 3889 3298 ποδὶ,

475 3317 668 3384 refert,
694 3317 1040 3387 insequente
1073 3317 1265 3388 ipsum
1298 3317 1587 3389 Apolline,
1613 3324 1668 3374 et
1690 3319 2011 3391 collapsum
2044 3323 2126 3377 sic

2235 3322 2325 3376 καὶ
2380 3321 2689 3395 φαρμάκοις
2748 3319 2910 3374 αὐτὸν
2970 3322 3366 3392 σωματοποιεῖ.
3425 3322 3627 3372 Τοῦτον
3694 3315 3752 3372 δὶ
3804 3318 3892 3373 τὸν

475 3422 602 3463 esse
656 3405 1093 3476 interemptum.
1146 3407 1363 3463 Ferunt
1420 3418 1615 3464 autem
1663 3417 1717 3464 et
1762 3408 1833 3464 ab
1881 3408 2126 3466 Homero

2237 3410 2580 3485 ἀστράγαλον
2613 3406 2902 3464 ἀποπεσεῖν
2937 3405 3285 3481 διωκομένου
3325 3405 3490 3461 αὐτοῦ
3532 3407 3634 3462 ὑπὸ
3685 3404 3888 3463 Ἀπόλ-

476 3492 754 3569 ποδάρκην
805 3495 884 3567 (7)
948 3495 1247 3565 appellari,
1308 3495 1465 3568 quod
1513 3498 1685 3553 Arces
1743 3497 1865 3555 alas
1922 3499 2128 3555 infanti

2239 3498 2435 3568 λωνος,
2496 3500 2583 3554 καὶ
2638 3499 2813 3560 οὕτως
2882 3498 3042 3552 αὐτὸν
3103 3496 3443 3568 ἀναιρεθῆναι
3503 3496 3884 3550 καταπεσόντα.

477 3591 614 3641 nato
662 3585 861 3640 Thetis
910 3585 1237 3641 addiderit:
1272 3592 1336 3641 ut
1384 3587 1460 3641 sit
1509 3582 1813 3661 ποδάρκης,
1857 3589 2019 3661 quasi
2068 3588 2127 3644 in

2239 3586 2378 3642 Φασὶ
2411 3583 2468 3641 δὲ
2498 3583 2779 3660 ποδάρκην
2825 3585 2988 3640 αὐτὸν
3044 3584 3147 3639 ὑπὸ
3195 3586 3292 3639 τοῦ
3331 3585 3578 3653 ποιητοῦ
3623 3580 3888 3658 λέγεσθαι,

478 3675 725 3747 pedibus
755 3675 930 3729 Arces
957 3674 1081 3730 alas
1112 3679 1334 3731 tenens.
1370 3678 1508 3733 Arce
1539 3676 1681 3744 hac,
1716 3680 1902 3747 aiunt,
1934 3679 2125 3734 Thau-

2237 3676 2319 3730 ὅτι
2365 3676 2491 3752 φασὶ
2538 3679 2636 3745 τῆς
2692 3677 2898 3749 Ἀρκης
2950 3675 3017 3728 τά
3064 3671 3233 3746 πτερά
3286 3673 3384 3740 τὴν
3440 3671 3592 3729 Θὲτιν
3654 3673 3888 3745 περιθεῖ-

478 3762 695 3820 mantis
727 3768 848 3819 erat
878 3763 1019 3828 filia,
1053 3776 1105 3820 et
1136 3766 1310 3820 Iridis
1341 3782 1527 3834 soror,
1560 3782 1691 3838 quas
1722 3775 1975 3835 utrisque
2005 3767 2129 3824 alas

2236 3786 2321 3819 ναι
2382 3766 2427 3802 ¹³
2483 3770 2561 3837 τῷ
2600 3762 2752 3819 παιδὶ
2810 3761 3135 3840 γεννηθέντι,
3187 3762 3277 3817 καὶ
3327 3760 3457 3816 εἶναι
3501 3762 3564 3817 τὸ
3609 3758 3882 3835 ποδάρκης

476 3852 828 3910 habuerunt.
862 3852 1019 3908 Bello
1051 3869 1182 3909 vero
1227 3856 1468 3910 deorum
1510 3871 1641 3911 cum
1675 3856 2004 3923 Titanibus,
2030 3862 2127 3914 de-

2237 3856 2264 3909 6
2300 3857 2343 3892 ¹⁴
2371 3853 2422 3908 ἐν
2455 3859 2569 3915 τοῖς
2603 3854 2728 3909 ποσὶ
2760 3853 2827 3909 τά
2863 3860 2962 3922 τῆς
3010 3854 3221 3927 Ἀρκης
3269 3850 3438 3926 πτερά
3485 3844 3655 3929 ἔχῶν.
3718 3855 3778 3906 Ἡ
3825 3846 3878 3903 δὲ

477 3944 738 3998 sciscens
770 3960 803 3997 a
834 3942 947 3997 diis
997 3945 1141 3999 Arce
1169 3944 1239 3998 ad
1271 3944 1505 4000 Titanas
1557 3947 1912 4017 transfugit:
1946 3963 2127 4019 quare

2234 3944 2409 4019 Ἀρκη
2448 3942 2775 4017 ζθαύμαντος
2825 3944 2891 4011 ἦν
2949 3942 3213 4018 Θυγάτηρ,
3262 3942 3329 4009 ἧς
3372 3943 3405 4008 ἡ
3457 3937 3670 4017 ἀδελφὴ
3730 3942 3877 4014 Ἶρις,

476 4032 778 4103 proﬂigato
820 4032 945 4103 jam
983 4032 1154 4099 bello,
1198 4040 1476 4106 partaque
1523 4036 1785 4102 victoria,
1817 4035 2047 4107 Jupiter
2076 4037 2127 4094 ei

2233 4036 2402 4109 πτερὰ
2460 4033 2505 4089 δ’
2555 4036 2702 4110 εἶχεν
2764 4034 3006 4109 ἑκατέρα.
3066 4034 3154 4089 Ἐν
3204 4030 3261 4086 δὲ
3316 4032 3394 4103 τῷ
3452 4031 3589 4105 πρὸς
3657 4036 3878 4092 Τιτᾶνας

476 4121 534 4177 in
563 4122 863 4177 Tartarum
916 4123 1167 4177 detrusaa
1194 4122 1317 4179 alas
1348 4125 1584 4180 ademit.
1620 4126 1703 4181 Ad
1736 4125 1889 4181 Pelei
1920 4126 2128 4181 deinde

2231 4128 2338 4178 τῶν
2372 4125 2502 4178 θεῶν
2538 4121 2774 4197 πολέμῳ
2805 4122 3089 4177 ἆποπτᾶσα
3135 4126 3245 4175 τῶν
3295 4121 3427 4175 θεῶν
3457 4122 3491 4189 ἡ
3522 4121 3701 4194 ’Ἄρκη
3754 4120 3881 4194 πρὸς

476 4216 534 4267 et
551 4211 815 4266 Thetidis
840 4211 1072 4283 nuptias
1091 4214 1397 4280 accedens,
1422 4214 1646 4270 muneri
1672 4214 1790 4271 alas
1815 4215 1958 4271 istas
1983 4216 2128 4272 The-

2232 4212 2358 4274 τοὺς
2389 4218 2618 4275 Τιτᾶνας
2648 4210 2803 4282 ἦλθε
2845 4211 2977 4285 μετά
3019 4208 3076 4266 δὲ
3118 4211 3216 4277 τήν
3271 4208 3425 4279 νίκην
3457 4209 3484 4263 6
3516 4210 3643 4271 Ζεὺς
3691 4208 3755 4264 τά
3790 4208 3878 4281 μὲν

476 4300 581 4356 tidi
634 4298 866 4365 obtulit,
912 4300 1064 4356 sicut
1110 4302 1279 4357 Peleo
1310 4302 1367 4357 in
1402 4304 1629 4374 nuptiis
1677 4304 1924 4361 donasse
1961 4306 2127 4360 aiunt

2233 4303 2404 4374 πτερά
2453 4302 2621 4371 αὐτῆς
2669 4301 2943 4379 ἀφείλετο,
3000 4299 3168 4369 αὐτην
3216 4298 3591 4373 ταρταρώσας,
3643 4318 3876 4373 παραγε-

2283 4393 2295 4407 r
2495 4390 2537 4407 ἢκ
2582 4393 2621 4407 ιε
2659 4390 2672 4407 9
2727 4393 2739 4406 ι
2813 4395 2840 4406 «ρ
2894 4397 2931 4407 π
2986 4389 3006 4407 \
3033 4389 3044 4407 Ι
3245 4388 3259 4405 \
3308 4386 3364 4407 nl
3434 4384 3458 4407 5
3622 4388 3632 4405 1
3783 4384 3841 4407 δι’

478 4390 795 4446 Vulcanum
827 4408 1024 4447 ensem
1054 4417 1069 4458 ;
1098 4392 1378 4449 Venerem
1413 4396 1698 4467 scyphum
1730 4413 1992 4465 aureum,
2025 4397 2123 4468 qui

2235 4393 2458 4465 νόμενος
2492 4390 2547 4448 δὲ
2582 4393 2627 4431 ¹⁵
2655 4390 2741 4446 ἐπὶ
2773 4395 2852 4462 τῷ
2894 4389 3124 4459 Πηλέως
3172 4388 3261 4443 καὶ
3304 4384 3522 4449 Θέτιδος
3568 4388 3733 4463 γάμῳ
3780 4384 3877 4441 δῶ-

477 4478 841 4549 insculptum
886 4482 1134 4538 habebat
1164 4483 1508 4554 Cupidinem
1535 4503 1550 4551 ;
1583 4484 1914 4555 Neptunum
1946 4502 2126 4557 equos

2238 4502 2331 4556 ρον
2364 4482 2431 4537 τά
2460 4483 2629 4556 πτερά
2655 4486 2723 4555 τῇ
2757 4476 2933 4536 Θέτιδι
2978 4479 3264 4555 προσάγει.
3318 4480 3406 4539 Ὦς
3456 4477 3633 4546 Πηλεῖ
3677 4476 3762 4531 ἐπὶ
3806 4479 3878 4544 τῷ

478 4568 645 4632 duos,
694 4566 987 4625 Xanthum
1029 4578 1081 4626 et
1115 4572 1356 4638 Balium,
1391 4571 1678 4629 Junonem
1732 4573 1996 4644 pallium,
2030 4574 2129 4629 Mi-

2234 4572 2398 4647 γάμῳ
2455 4571 2582 4650 φασὶ
2650 4568 2997 4645 δωρήσασθαι
3076 4571 3372 4645 ’Ἡφαιστον
3433 4567 3527 4638 μὶν
3589 4567 3879 4641 μάχαιραν,

479 4671 722 4713 nervum
756 4656 947 4721 tibias,
980 4658 1162 4715 Nerea
1192 4660 1440 4733 denique
1470 4661 1685 4728 Salem,
1719 4678 1891 4733 quem
1924 4671 2129 4718 vocant

2237 4658 2568 4738 Ἀφροδίτην
2638 4657 2695 4714 δὲ
2743 4657 2945 4734 φιάλην
2995 4656 3441 4734 ἐγγεγλυμμένην
3490 4657 3706 4729 Ἔρωτα
3760 4673 3882 4728 χρυ-

479 4744 743 4802 divinum
775 4746 832 4801 in
865 4747 1078 4813 arcula,
1102 4748 1201 4820 qui
1225 4747 1312 4805 sal
1344 4748 1742 4807 incredibilem
1774 4750 1985 4807 habeat
2013 4752 2125 4807 vir-

2238 4757 2362 4819 σῆν,
2392 4748 2703 4805 Ποσειδῶνα
2736 4746 2793 4804 δὲ
2817 4745 3022 4808 ἵππους
3064 4747 3274 4801 Ξάνθον
3303 4744 3391 4799 καὶ
3443 4742 3667 4811 Βαλίον,
3715 4746 3877 4816 Ἦραν

479 4837 662 4890 tutam
700 4835 769 4890 ad
811 4834 1131 4906 juvaudam
1181 4836 1543 4904 edacitatem,
1573 4838 1902 4910 edendique
1949 4855 2128 4912 appe—

2240 4836 2296 4893 δὲ
2354 4836 2614 4913 χλαμύδα
2665 4837 2756 4893 καὶ
2814 4839 3039 4908 Ἀθηνᾶν
3099 4833 3326 4903 αὐλοὺς,
3385 4832 3567 4909 Νηρέα
3632 4829 3689 4888 δὶ
3758 4831 3878 4892 τοὺς

1834 4991 2073 5049 VARUS
2114 4994 2525 5051 LECTIONES.

551 5111 803 5202 fms‘im
830 5112 1185 5202 ιυειφέρεξξιιο
1219 5112 1617 5202 sua!»
1652 5111 1893 5202 δέφασξν
1938 5116 2417 5202 minati:
2461 5121 2528 5176 Α·
2628 5119 2676 5202 ξ’,
2717 5117 2925 5202 erit.an
2976 5117 3137 5202 μιθιὶλ
3186 5117 3267 5202 A.-.
3330 5113 3536 5202 ἔτεσί
3576 5117 3644 5202 Αι
3739 5110 3782 5146 θ’
3816 5109 3881 5199 ι’]

551 5135 803 5199 ςωᾱιιω
834 5135 1185 5202 συεξφερεται.
1294 5135 1304 5146 ⁸
1340 5135 1496 5201 φασιν
1525 5135 1570 5171 A
1605 5135 1617 5170 :
1652 5135 1707 5170 οε
1738 5136 1893 5193 φασιν
1938 5135 1978 5191 5
2006 5160 2020 5174 .
2096 5135 2116 5153 °
2146 5137 2235 5172 και
2282 5135 2417 5175 add.
2461 5135 2528 5176 Α.
2628 5135 2668 5153 °‘
2717 5135 2925 5191 μητηρ]
2976 5138 3051 5190 μη
3093 5137 3137 5171 ω
3186 5135 3251 5172 Λ.
3358 5135 3378 5148 ν
3408 5135 3536 5191 φασι
3576 5135 3644 5168 Α.
3742 5135 3760 5146 '
3816 5135 3881 5199 γ]

481 5183 757 5328 τρινῳςς·
828 5184 875 5219 ¹⁰
904 5203 1024 5239 ειπε
1219 5186 1284 5222 ¹⁶⁶
1314 5193 1515 5255 στειρα]
1549 5185 1657 5277 ἤρα
1688 5194 1755 5272 Δ..
1787 5198 1869 5274 est
1900 5206 1951 5246 ν.
1983 5192 2089 5245 670
2217 5189 2260 5278 ξί
2313 5187 2586 5280 ἐρώμενος
2634 5187 2988 5254 ’Λπόλλωνος
3220 5187 3267 5224 ¹³
3317 5184 3391 5249 ὡς
3434 5185 3559 5264 Ἀχ.
3610 5186 3655 5242 Α
3688 5200 3704 5242 ζ
3753 5200 3884 5257 προς

498 5258 606 5326 Ax.
708 5298 721 5312 .
798 5254 843 5291 ¹³
872 5256 1186 5328 παραοειναι
1390 5260 1435 5296 ⁸⁸
1458 5258 1486 5313 6
1516 5264 1558 5315 A
1586 5276 1599 5315 :
1632 5278 1747 5315 αντι
1778 5279 1873 5314 του
1902 5260 1929 5316 ὁ
1960 5260 2042 5328 ς’.
2124 5262 2167 5298 ¹⁸
2197 5257 2254 5316 δε
2285 5264 2370 5319 A:
2405 5259 2462 5316 δε
2487 5280 2578 5315 και
2615 5260 2699 5328 ς’.

498 5258 606 5326 Ax.
798 5254 843 5291 ¹³
872 5254 1186 5330 παραθεῖναι
1390 5260 1435 5296 ⁸⁸
1458 5254 1601 5315 6A7:-
1632 5258 1747 5315 ἀντί
1778 5264 1873 5314 τοῦ
1902 5260 1929 5316 ὁ
2124 5262 2167 5298 ¹⁸
2197 5257 2254 5316 δὲ
2285 5254 2370 5319 ΑΞ
2405 5254 2462 5316 δὲ
2487 5258 2579 5315 καὶ

2075 5414 2289 5475 ΝΟΤΔΕ

667 5533 819 5613 Ῐᾴθῖη
853 5534 1671 5613 ίειάίρει,ῐυω,ευρθτίοιιθμε.
1746 5611 1755 5613 _
2249 5606 2269 5613 Α
2317 5540 2393 5613 (7_)
2434 5541 2522 5601 Ὡς
2574 5537 2899 5613 ἐξαρκοῦντα
2952 5541 3070 5613 τοῖς
3110 5535 3260 5606 ποσὶ,
3309 5531 3399 5589 καὶ
3457 5528 3690 5588 ὖπιπολὺ
3750 5528 3883 5585 θιιιν

559 5606 632 5678 (6)
670 5606 808 5682 Vide
836 5608 1089 5682 quanhic
1121 5606 1451 5682 referuntur
1493 5606 1662 5667 al'ite'r
1706 5611 1980 5682 pleraque
2013 5627 2137 5667 nar-
2247 5606 2565 5682 δυνάμενον,
2599 5606 2821 5669 notavit
2850 5610 3109 5669 Eustath.

492 5682 618 5732 rata
648 5679 795 5748 apud
828 5677 1088 5749 Apollod.
1123 5680 1223 5733 lib.
1260 5696 1321 5733 in
1359 5680 1673 5739 Bibliother.
