4198 6216
340 287 462 349 629

1504 281 2040 344 BIBLIOTHECA.
2089 315 2167 330 -
2207 282 2376 345 COC.
2422 283 2589 345 CXC.

3639 288 3758 351 630

338 421 519 482 θείους
561 416 699 480 ἅλας
741 413 1114 491 καλουμένους
1164 414 1216 471 ἐν
1253 412 1453 472 κοίτιδι
1486 435 1502 450 ο
1533 416 1763 479 τούτους
1802 413 1860 472 δὲ
1908 412 1987 470 δύ-

2116 417 2308 488 litum,
2339 423 2393 475 et
2423 418 2686 476 ciborum
2719 419 3169 478 concoctionem.
3196 422 3379 495 Atque
3410 421 3542 480 hinc
3571 422 3764 481 locum

338 531 504 584 ναμιν
553 504 706 584 ἔχειν
764 507 1056 582 ἀμήχανον
1095 506 1233 580 πρὸς
1288 504 1626 584 πολυφαγίαν
1679 508 1771 562 καὶ
1827 501 1998 582 ὄρεξιν

339 601 432 656 καὶ
463 601 652 673 πέψιν,
684 598 734 670 ἐξ
765 598 828 652 οὗ
859 597 1046 652 λύεταί
1077 617 1161 651 σοι
1199 596 1290 651 καὶ
1317 597 1400 651 τό·

484 689 666 744 Πάσσε
698 684 746 741 δ’
776 681 911 748 ἁλός
944 685 1135 743 θείοιο.

337 778 471 854 Περὶ
503 775 825 856 ’Δχιλλέως
872 779 970 831 τοῦ
1001 779 1291 850 γηγενοῦς,
1323 774 1411 829 καὶ
1461 775 1567 830 ἀπὸ
1595 779 1702 831 τῶν
1747 774 1995 832 Ἰλιακῶν

337 871 460 925 ὅσοι
493 869 541 904 ¹⁶
571 865 821 943 ἐγένοντο
853 863 1145 939 Ἀχιλλεῖς
1175 865 1538 938 περιώνυμοι.
1580 863 1677 919 Καὶ
1717 865 1790 925 ὡς
1839 865 1996 927 οὗτος

338 959 369 1013 6
408 958 651 1032 γηγενὴς
702 955 1007 1033 φεύγουσαν
1051 954 1150 1022 τῆν
1207 955 1378 1028 ’Ἡραν
1429 953 1534 1009 ἀπὸ
1576 960 1675 1022 τῆς
1724 957 1821 1008 τοῦ
1875 955 2000 1016 Διὸς

2112 508 2271 565 illum
2302 509 2526 566 clarum
2555 510 2794 566 evadere
2820 527 2833 565 :

2635 693 2761 748 Sale
2791 696 3023 765 aspersit
3053 711 3224 750 sacro.

2108 781 2246 854 Agit
2271 786 2395 836 tum
2419 781 2491 838 de
2513 781 2736 839 Achille
2766 787 2919 838 terra
2947 783 3164 854 genito,
3189 788 3247 839 et
3269 789 3411 855 quot
3434 792 3562 857 post
3589 786 3762 843 lliaca

2111 874 2368 941 tempora
2417 870 2574 926 fama
2630 870 2772 925 clari
2833 871 3088 927 Achilles
3149 872 3380 929 fuerint.
3435 875 3537 930 llic
3594 879 3757 931 terras

2111 958 2267 1015 ﬁlius
2295 958 2604 1027 Junonem,
2636 961 2792 1014 Jovis
2818 976 3188 1032 congressum
3220 962 3558 1034 fugientem,
3593 969 3757 1020 antro

341 1047 540 1120 μίξεως
593 1042 884 1114 ὑπεδέξατο
937 1043 990 1098 ἐν
1029 1047 1110 1115 τῷ
1151 1043 1319 1099 αὑτοῦ
1367 1041 1568 1118 ἄντρῳ,
1618 1043 1709 1098 καὶ
1758 1041 1987 1098 ἇνὲπεισε

2108 1064 2212 1104 suo
2245 1049 2476 1121 recepit,
2509 1049 2918 1120 persuasitque
2949 1051 3018 1105 ad
3049 1051 3252 1106 Jovem
3285 1052 3511 1118 redire;
3543 1057 3599 1108 et
3638 1054 3759 1110 haec

337 1135 620 1192 συνελθεῖν
664 1138 745 1206 τῷ
776 1133 859 1189 Διί
890 1154 902 1166 ’
944 1134 1032 1188 καὶ
1085 1132 1309 1208 πρώτην
1347 1131 1492 1206 μίξιν
1541 1135 1712 1208 ’Ἡρας
1752 1132 1841 1187 καὶ
1873 1132 1996 1194 Διὸς

333 1227 540 1294 ταύτην
614 1221 862 1298 γενέσθαι
925 1222 1105 1300 φασίν.
1173 1223 1234 1280 Ὀ
1311 1218 1370 1277 δὲ
1433 1221 1560 1284 Ζευς
1636 1221 1994 1297 ἐπηγγείλατο

336 1311 605 1390 Ἀχιλλεῖ
651 1313 853 1374 πάντας
922 1309 1049 1373 τοὺς
1097 1315 1178 1383 τῷ
1225 1312 1350 1384 [489
1400 1312 1492 1384 R.]
1543 1310 1774 1383 ὀνόματι
1831 1310 1996 1366 αὐτοῦ

333 1403 521 1473 κληθη
558 1401 824 1475 σομένους
855 1400 1238 1475 περιωνύμους
1269 1402 1538 1469 ποιήσειν.
1574 1401 1672 1455 Διὰ
1700 1403 1866 1455 τοῦτο
1904 1401 1994 1454 καὶ

332 1490 636 1568 Ἀχιλλεὺς
676 1489 1022 1565 περιώνυμος
1061 1490 1089 1544 6
1139 1496 1238 1559 τῆς
1287 1487 1524 1551 Θέτιδος.
1560 1489 1663 1547 Καὶ
1705 1491 1733 1545 6
1781 1489 1989 1564 Xsipm-

331 1603 425 1645 νος
472 1579 530 1636 δὲ
573 1578 910 1642 διδάσκαλος
941 1577 1244 1658 Ἀχιλλεὺς
1295 1578 1564 1648 ἐκαλεῖτο,
1612 1579 1701 1656 ἀφ’
1743 1579 1806 1634 οὗ
1845 1579 1934 1634 καὶ
1965 1579 1994 1633 6

335 1670 570 1743 Πηλέως
604 1674 648 1709 ⁸⁷
698 1669 904 1741 ἐκλήθη
942 1670 1046 1725 ὑπὸ
1094 1668 1394 1741 Χείρωνος.
1438 1670 1535 1724 Καὶ
1583 1669 1610 1724 6
1657 1669 1748 1724 τὸν
1798 1670 1992 1744 ὀστρα-

2107 1137 2290 1210 prima
2323 1139 2451 1202 fuit,
2476 1143 2539 1193 ut
2568 1140 2781 1205 ferunt,
2805 1138 2965 1195 Jovis
2990 1147 3043 1194 et
3063 1140 3306 1197 Junonis
3334 1142 3524 1197 coitio.
3549 1145 3757 1208 Quam-

2104 1229 2301 1284 obrem
2359 1229 2588 1300 Jupiter
2643 1244 2878 1300 quoque
2929 1228 3133 1284 Achilli
3192 1231 3487 1300 pollicitus
3537 1236 3626 1288 est
3675 1233 3755 1287 fa-

2103 1322 2333 1372 cturum
2351 1334 2433 1383 se,
2450 1319 2950 1390 utquotquotejus
2981 1335 3192 1375 nomen
3219 1321 3592 1390 sortirentur,
3615 1321 3758 1378 clari

2103 1406 2466 1463 exsisterent.
2494 1407 2804 1478 Propterea
2825 1418 2874 1462 et
2897 1407 3152 1463 Achilles
3176 1409 3272 1464 ille
3291 1408 3556 1464 Thetidis
3580 1411 3756 1480 filius,

2102 1493 2350 1550 illustris
2380 1496 2619 1550 exstitit.
2654 1495 2920 1551 Chironis
2953 1513 3184 1567 quoque
3217 1506 3528 1569 preceptor
3561 1499 3755 1554 Achil-

2101 1580 2185 1640 les
2217 1587 2550 1640 nominatus
2579 1601 2591 1641 :
2629 1587 2778 1640 unde
2821 1585 2974 1641 Pelei
3009 1585 3165 1640 [ilius
3201 1603 3301 1656 per
3327 1587 3638 1644 Chironem
3672 1589 3756 1644 sic

2100 1676 2445 1747 appellatus.
2499 1675 2730 1743 Adhaec,
2784 1675 2884 1746 qui
2937 1675 3165 1746 primus
3222 1677 3634 1732 ostracismum
3678 1679 3753 1747 (8)

331 1761 530 1835 κισμὸν
617 1759 913 1830 ἐπινοήσας
984 1759 1276 1833 Ἀθήνησιν
1357 1757 1654 1834 Ἀχιλλεὺς
1721 1758 1987 1830 ἐκαλεῖτο,

2104 1763 2344 1820 Athenis
2374 1764 2742 1836 excogitavit,
2773 1763 3025 1820 Achilles
3055 1765 3268 1831 dictus,
3302 1765 3454 1820 filius
3489 1767 3748 1837 Lysonis.

333 1851 450 1912 υἱὸς
502 1849 782 1910 Λύσωνος.
816 1849 910 1903 Καὶ
965 1848 1096 1910 Διὸς
1139 1847 1228 1902 καὶ
1281 1848 1494 1920 Λαμίας
1537 1845 1811 1922 Ἀχιλλέα
1859 1849 1982 1925 φασῖ

2098 1852 2219 1907 Jovi
2281 1867 2511 1922 quoque
2567 1855 2626 1907 et
2681 1852 2890 1906 Lamias
2946 1853 3200 1908 Achilles
3261 1854 3500 1924 quidam
3559 1860 3749 1924 natus,

331 1941 578 2015 γενέσθαι
636 1941 677 1976 ³⁸
729 1938 792 1994 τὸ
847 1935 1055 1998 κάλλος
1111 1938 1422 2012 ἀμήχανον,
1482 1936 1539 1992 ὃν
1597 1937 1686 1992 καὶ
1742 1936 1989 2012 ἐρίσαντα

332 2030 454 2104 περὶ
484 2027 734 2091 κάλλους
777 2034 1017 2096 νικῆσαι,
1048 2030 1146 2081 τοῦ
1186 2026 1361 2088 Πανὸς
1404 2025 1678 2101 κρίναντος
1713 2044 1726 2056 °
1760 2027 1849 2081 καὶ
1900 2024 1988 2081 διὰ

332 2123 495 2174 τοῦτο
554 2115 848 2196 Ἀφροδίτη
895 2116 941 2156 ¹⁹
996 2117 1340 2188 νεμεσήσασα
1378 2111 1646 2189 ἐμϐάλλει
1705 2117 1840 2171 Πανί
1895 2117 1986 2172 τὸν

334 2209 538 2284 ἸΙχοῦς
593 2202 793 2281 ἔρωτα.
849 2205 941 2261 καί
1001 2207 1109 2278 μὴν
1167 2205 1256 2259 καὶ
1314 2205 1705 2282 κατειργάσατο
1763 2206 1852 2260 καὶ
1915 2206 1990 2270 είς

330 2299 430 2366 τῆν
482 2293 628 2352 ίδέαν
679 2295 862 2367 αὐτὸν,
903 2296 1054 2358 ’ὁπως
1095 2293 1156 2349 ἐκ
1209 2300 1310 2364 τῆς
1354 2301 1572 2371 μορφῆς
1633 2293 1859 2370 αἰσχρὸς
1899 2295 1988 2350 καὶ

331 2387 621 2461 ἆνέραστος
653 2383 921 2463 φαίνοιτο.
947 2383 1051 2442 Καὶ
1085 2381 1330 2439 Γαλάτου
1359 2385 1508 2445 τινὸς
1540 2384 1657 2444 υἱὸς
1684 2383 1990 2464 Ἀχιλλεὺς

335 2475 572 2546 ἐκλήθη,
621 2475 682 2530 ὃν
742 2473 803 2529 ἐκ
856 2479 1078 2550 γενετῆς
1136 2470 1335 2528 πολιὸν
1393 2470 1630 2548 γενέσθαι
1689 2473 1842 2550 φησί.
1886 2475 1988 2531 Καὶ

325 2562 504 2641 ’ἕτεροι
566 2563 862 2640 Ἀχιλλεῖς
928 2563 1208 2642 ἐπιφανεῖς
1266 2560 1517 2637 γεγόνασι
1567 2563 1614 2598 ²⁰
1681 2560 1753 2616 ιδ’
1810 2563 1883 2617 ὧν
1936 2565 1988 2618 οἱ

330 2652 427 2711 δύο
473 2656 632 2716 κύνες
671 2655 807 2722 ἦσαν
855 2652 945 2708 καὶ
997 2653 1290 2725 θαυμάσιοι
1336 2652 1405 2706 τὰ
1450 2656 1626 2707 κυνῶν
1673 2649 1828 2727 ἔργα.
1862 2653 1989 2710 "Ott

329 2745 582 2818 Πρίαμος
643 2745 767 2806 Διὸς
834 2741 1112 2817 ἐρώμενος
1177 2743 1410 2815 γένοιτο,
1469 2741 1558 2796 καὶ
1636 2735 1797 2796 λάϐοι
1863 2743 1989 2818 παρ’

328 2834 499 2888 αὐτοῦ
529 2833 630 2902 τὴν
673 2838 885 2907 χρυσῆν
937 2829 1208 2904 ἄμπελον,
1241 2833 1307 2900 ῆν
1349 2827 1523 2906 δῶρον
1573 2829 1881 2903 Εὐρυπύλῳ
1909 2836 1990 2904 τῷ

328 2922 591 2997 Τηλέφου
671 2923 803 2997 ὑπὲρ
881 2920 1200 2996 συμμαχίας
1266 2916 1510 2978 δίδωσιν.
1573 2925 1660 2983 Ὡς
1728 2920 1988 2984 Αἴσωπος

326 3011 630 3088 ἀναιρεθεὶς
687 3012 792 3066 ὑπὸ
833 3009 1055 3089 Δελφῶν
1114 3005 1401 3078 ἀνεϐίωσε,
1439 3011 1528 3066 καὶ
1565 3009 1913 3086 συνεμάχησε
1942 3013 1985 3050 ²¹

324 3106 442 3166 τοῖς
489 3099 737 3170 ’Ἑλλησι
784 3099 908 3173 περί
949 3097 1332 3173 Θερμοπύλας.
1393 3103 1481 3162 Ὠς
1534 3099 1890 3170 Φιλοκτήτην
1932 3099 1983 3156 ἔν

328 3193 542 3262 Λήμνῳ
574 3189 780 3251 Πύλιος
813 3191 943 3264 [253
973 3191 1068 3262 Η.]
1101 3191 1146 3226 ²²
1177 3187 1449 3262 ίάτρευσεν
1495 3189 1614 3253 υίὸς
1667 3190 1982 3267 Ἡφαίστου,

324 3280 413 3334 καὶ
461 3275 633 3351 ἔμαθε
679 3279 804 3354 παρ’
847 3277 1009 3333 αὐτοῦ
1057 3278 1156 3346 τὴν
1208 3279 1450 3348 τοξικην.
1483 3279 1572 3341 Ὠς
1621 3277 1983 3352 Σκαμάνδρου

323 3373 421 3424 τοῦ
473 3371 730 3439 ποταμοῦ
772 3367 890 3430 υἱὸς
943 3365 1136 3436 Μῆλος
1188 3366 1404 3442 γένοιτο
1445 3367 1616 3430 καλὸς
1663 3370 1762 3437 τῆν
1812 3366 1980 3444 ὥραν,

326 3461 453 3534 περὶ
511 3459 575 3514 οὗ
652 3457 826 3534 ἐρίσαι
901 3459 1062 3537 φασὶν
1115 3459 1288 3532 Ἥραν
1341 3478 1399 3513 τε
1450 3459 1541 3512 καὶ
1609 3459 1836 3530 Ἀθηνᾶν
1893 3461 1982 3514 καὶ

326 3545 660 3629 Ἀφροδίτην
723 3549 876 3610 τίνος
942 3545 1154 3622 γένοιτο
1227 3546 1424 3622 ἱερεὺς,
1493 3546 1847 3623 Ἀλέξανδρον
1926 3546 1984 3604 δὲ

323 3642 507 3712 κρῖναι
546 3642 698 3708 νιγᾷν
748 3633 1082 3711 Ἀφροδίτην
1115 3655 1129 3670 ·
1176 3635 1237 3692 ἐκ
1276 3638 1478 3707 ταύτης
1526 3641 1654 3710 γοῦν
1702 3645 1801 3707 τῆς
1832 3640 1979 3694 ἱστο-

329 3726 445 3803 ρίας
489 3727 518 3782 6
564 3729 690 3802 περί
747 3731 844 3781 τοῦ
896 3726 1082 3799 μήλου
1140 3725 1310 3803 λόγος
1357 3725 1599 3799 διεδόθη.
1649 3727 1981 3802 Ὑπερμένης

327 3816 378 3873 ἐν
419 3822 500 3890 τῷ
534 3819 655 3891 περὶ
692 3817 824 3876 Χίου
855 3819 1106 3891 Ὁμήρου
1150 3817 1283 3895 φησί
1325 3819 1628 3895 θεράποντα
1666 3819 1903 3891 γενέσθαι
1937 3819 1984 3855 ³³

327 3903 634 3980 Σκινδαψὸν
684 3906 910 3978 ὀνόματι
950 3921 965 3936 ⁸
1009 3910 1200 3961 τοῦτον
1263 3908 1607 3980 ζημιωθῆναι
1672 3907 1775 3962 ὑπὸ
1831 3907 1982 3965 Χίων

325 3993 518 4070 χιλίας
561 3992 818 4069 δραχμάς
849 3991 939 4049 διὰ
990 3993 1052 4050 τὸ
1088 3995 1162 4068 μή
1212 3999 1404 4050 καῦσαι
1452 3995 1848 4066 τελευτήσαντα
1890 3996 1981 4052 τὸν

327 4079 619 4153 δεσπότην.
653 4087 714 4140 Ὁ
746 4081 803 4138 δὲ
831 4084 894 4138 τὸ
945 4078 1176 4158 ὄργανον
1211 4084 1382 4160 εὑρὼν
1425 4086 1488 4140 τὸ
1521 4084 1663 4140 οὕτω
1706 4083 1980 4160 καλούμε-

325 4192 413 4227 νον
460 4169 756 4246 σκινδαψὸν
799 4172 1103 4247 Ἐρετριεὺς
1129 4173 1175 4210 "
1219 4173 1310 4242 ἧν,
1343 4171 1612 4243 Ποικίλης
1663 4180 1763 4243 τῆς
1814 4173 1986 4246 αὐλη-

324 4258 509 4336 τρίδος
542 4261 686 4324 υἱός.
719 4263 903 4318 Ταῦτα
932 4261 1023 4317 καὶ
1055 4261 1118 4317 τὸ
1149 4263 1193 4328 ς’
1226 4258 1465 4336 βιϐλίον.

2097 1940 2452 2006 aiunt,l52
2503 1941 2532 1996 b
2579 1941 3058 2010 praestantissima
3077 1941 3242 2011 plane
3262 1943 3470 2009 forma,
3496 1944 3750 2000 utetiam

2099 2030 2170 2085 de
2200 2030 2635 2100 pulchritudine
2682 2031 3060 2096 contendens,
3089 2031 3242 2086 Pane
3286 2033 3391 2087 deo
3418 2033 3636 2102 judice,
3669 2034 3752 2088 vi-

2099 2119 2260 2175 cerit.
2297 2118 2373 2174 Ea
2394 2135 2528 2190 ergo
2559 2119 2628 2174 de
2659 2135 2838 2174 causa
2868 2118 3151 2174 Venerem
3192 2119 3582 2192 indignatam,
3614 2122 3753 2177 Pani

2103 2209 2293 2264 Echus
2324 2225 2582 2264 amorem
2614 2208 2932 2264 immisisse
2957 2226 2970 2264 :
2995 2213 3053 2264 et
3074 2213 3226 2264 certe
3256 2210 3340 2266 sic
3370 2211 3753 2278 deformasse,

2103 2302 2167 2353 ut
2213 2297 2340 2368 ipsa
2385 2298 2667 2352 duntaxat
2721 2298 2911 2368 specie
2970 2298 3158 2368 turpis
3210 2302 3267 2353 et
3321 2299 3593 2354 amabilis
3652 2315 3753 2354 ne-

2101 2386 2249 2442 mini
2297 2385 2615 2442 videretur.
2649 2388 2900 2458 lnsuper
2927 2391 2986 2443 et
3013 2386 3199 2442 Galati
3250 2388 3561 2458 cujusdam
3599 2387 3753 2443 illius

2100 2473 2354 2530 Achilles
2401 2479 2658 2542 vocatus,
2689 2490 2862 2545 quem
2894 2475 2966 2529 ab
3004 2474 3134 2545 ipsa
3183 2476 3486 2530 nativitate
3543 2492 3749 2531 canum

2099 2564 2282 2620 fuisse
2312 2565 2506 2620 refert.
2541 2564 2721 2620 Fuere
2750 2568 2807 2618 et
2837 2562 2934 2618 alii
2971 2564 3124 2619 fama
3151 2563 3404 2618 illustres
3446 2565 3751 2636 quinqua-

2100 2654 2262 2725 ginta
2293 2662 2539 2726 quatuor
2568 2652 2859 2708 Achilles:
2890 2669 3136 2724 quorum
3171 2653 3284 2708 duo
3317 2669 3528 2707 canum
3563 2654 3754 2710 instar

2099 2743 2486 2815 impudentes,
2518 2742 2788 2797 nefandis
2818 2757 3049 2813 quoque
3086 2741 3362 2813 operibus
3395 2742 3747 2798 admirandi.

2098 2832 2387 2898 Priamus,
2421 2831 2636 2903 inquit,
2666 2831 2828 2886 Jovis
2860 2833 3121 2886 amasios
3165 2831 3374 2898 factus,
3407 2847 3640 2886 auream
3676 2832 3766 2886 ab

2099 2939 2164 2979 eo
2187 2923 2618 2994 accepitvitem,
2635 2937 2810 2992 quam
2827 2920 2924 2975 ille
2939 2925 3068 2991 post
3093 2919 3610 2992 EurypiloTelephi
3630 2920 3748 2977 filio

2100 3013 2254 3084 quod
2289 3011 2437 3067 bello
2469 3011 2748 3066 auxilium
2786 3014 3098 3082 portasset,
3134 3010 3559 3065 muneridedit.
3587 3015 3748 3067 [Esc-

2099 3118 2210 3174 pus
2261 3116 2492 3172 quoque
2533 3099 2770 3171 Delphis
2813 3099 3150 3154 interfectus
3198 3098 3373 3154 vitam
3424 3099 3660 3168 recepit,
3693 3103 3750 3155 et

2096 3193 2166 3248 ad
2197 3192 2611 3263 Thermopylas
2645 3207 2761 3244 una
2800 3206 2933 3245 cum
2982 3189 3196 3244 Graecis
3229 3189 3519 3244 militavit.
3553 3189 3747 3246 Philo-

2093 3284 2300 3337 ctetem
2334 3279 2394 3334 in
2431 3279 2636 3335 Lemno
2670 3278 2859 3334 insula
2887 3278 3098 3350 Pylius,
3134 3277 3381 3333 Vulcani
3420 3278 3598 3348 filius,
3633 3295 3750 3334 me-

2093 3372 2283 3427 dendo
2312 3369 2883 3439 sanavil,jacu|andi
2909 3375 3092 3424 artem
3126 3370 3382 3424 vicissim
3417 3369 3488 3424 ab
3519 3387 3585 3424 eo
3617 3371 3748 3426 edo-

2092 3468 2237 3516 ctus.
2255 3461 2610 3515 Scamandro
2634 3458 2861 3513 ﬂumini
2884 3469 3083 3512 natum
3108 3457 3269 3512 aiunt
3292 3458 3477 3512 ﬁlium
3505 3458 3741 3528 Melum,

2091 3549 2311 3621 insigni
2361 3548 2618 3620 corporis
2651 3548 2833 3602 forma
2861 3549 3106 3618 ejusque
3154 3563 3326 3602 causa
3374 3547 3745 3603 contendisse

2093 3639 2260 3695 aiunt
2305 3638 2621 3705 Junonem,
2653 3636 2968 3700 Palladem,
3001 3643 3058 3690 et
3086 3635 3393 3704 Venerem,
3426 3638 3594 3703 cujus
3635 3653 3739 3704 po-

2092 3730 2383 3786 tissimum
2413 3728 2682 3784 sacerdos
2726 3736 2897 3782 esset.
2933 3726 3192 3781 Paridem
3241 3741 3376 3796 ergo
3425 3725 3738 3795 iudicando

2093 3822 2415 3877 secundum
2441 3822 2722 3873 Venerem
2748 3817 3099 3871 sententiam
3126 3815 3362 3875 dixisse.
3389 3820 3562 3881 atque
3584 3829 3649 3868 ex
3672 3831 3740 3869 ea

2093 3907 2424 3978 historia(9)
2442 3905 2692 3962 fabulam
2709 3921 2837 3961 esse
2857 3906 2929 3960 de
2953 3903 3106 3960 malo
3124 3909 3332 3959 ortam.
3353 3903 3739 3976 Hypermenes

2092 3999 2290 4054 adbaac
2320 3996 2378 4052 in
2409 4013 2516 4052 sua
2544 3996 2615 4050 de
2643 3994 2785 4050 Chio
2817 3993 3168 4061 narratione,
3194 3993 3424 4048 Homeri
3461 3991 3743 4048 famulum

2095 4087 2274 4144 fuisse
2327 4086 2498 4142 refert
2545 4084 2931 4154 Scindapsum
2982 4083 3238 4150 nomine,
3271 4081 3543 4153 huncque
3592 4080 3747 4138 mille

2093 4178 2356 4250 dragmis
2388 4193 2420 4230 a
2449 4175 2610 4232 Chiis
2639 4174 2977 4240 multatum,
3012 4173 3165 4243 quod
3202 4172 3405 4228 herum
3453 4182 3744 4226 mortuum

2094 4284 2209 4323 non
2241 4266 2581 4323 exussisset.
2614 4267 2685 4320 At
2715 4264 2811 4336 qui
2857 4257 3148 4332 σκινδαψὸν
3177 4260 3248 4316 ab
3281 4277 3346 4315 eo
3381 4259 3745 4316 nominatum

326 4352 792 4410 instrumentum
828 4354 942 4426 (10)
970 4352 1214 4428 lyricum
1243 4355 1479 4427 reperit,
1512 4355 1767 4412 Eretrius
1798 4355 1929 4426 fuit,
1964 4365 2017 4413 et
2046 4359 2285 4415 Pmciles
2332 4357 2585 4413 tibicinas
2639 4353 2815 4410 illius.
2853 4354 2982 4410 Hec
3015 4353 3130 4408 fere
3166 4351 3299 4408 libri
3332 4351 3480 4408 sexti
3510 4365 3744 4406 summa

323 4451 438 4502 est.

393 4535 485 4591 Ἐν
521 4531 580 4590 δὲ
626 4539 706 4606 τῷ
738 4536 779 4604 ζ’
826 4534 1142 4610 περιίχεται
1193 4537 1267 4599 ὡς
1297 4533 1577 4612 Θεόδωρος
1615 4538 1644 4593 6
1697 4539 1986 4614 Σαμοθρᾲξ

2167 4541 2424 4613 Septimo
2478 4538 2731 4613 denique
2780 4536 2927 4592 libro
2960 4537 3030 4592 de
3069 4535 3163 4590 his
3210 4534 3368 4606 agit:
3401 4533 3742 4589 Theodorus

321 4624 418 4679 τὸν
467 4622 566 4679 Δία
626 4623 757 4701 φησί
807 4622 1136 4700 γεννηθέντα
1182 4624 1271 4681 ἐπὶ
1326 4626 1460 4682 ἑπτά
1519 4625 1728 4702 ἡμέρας
1787 4629 1986 4684 ἀκατά-

322 4731 568 4769 παυστον
620 4710 872 4791 γελάσαι,
901 4715 993 4769 καὶ
1044 4711 1134 4770 διᾶ
1183 4719 1346 4772 τοῦτο
1393 4713 1603 4780 τέλειος
1648 4717 1908 4792 ἐνομίσθη
1957 4720 1985 4773 6

2099 4631 2448 4688 Samotbrax
2488 4634 2687 4685 narrat
2713 4627 2914 4684 Jovem
2949 4630 3153 4682 natum
3186 4632 3404 4696 septem
3437 4622 3742 4678 continuos

2098 4720 2223 4777 dies
2261 4721 2466 4777 risisse
2512 4719 2647 4791 (11),
2688 4718 2936 4790 indeque
2983 4715 3381 4788 septenarium
3430 4727 3742 4769 numerum

1683 4872 1933 4932 VARI/ﬁ
1971 4874 2381 4932 LECTIONES.

403 5012 448 5048 ⁸⁸
487 5009 786 5088 ὅσοιᾼᾳρλίθ
836 5011 941 5088 διτρ
983 5015 1145 5088 ponit
1194 5013 1276 5088 ς.
1311 5044 1376 5059 -
1425 5015 1499 5088 ᾡς
1539 5018 1682 5088 add.
1716 5025 1778 5076 A.

324 5103 493 5138 σασαν
530 5075 832 5153 ἐμϐάλλειν

320 5158 524 5211 τοῦτον
557 5157 605 5212 Α
647 5174 661 5214 :
695 5154 787 5210 καὶ
821 5154 1015 5212 τοῧτον
1049 5154 1134 5233 ςξ
1185 5154 1258 5196 ’π
1279 5154 1553 5236 Ἐρέτριοξ
1594 5160 1674 5235 ς·

870 5018 941 5067 πὸ
983 5018 1145 5088 ponit
1311 5044 1376 5059 —
1425 5018 1499 5108 ὡρ
1548 5018 1682 5074 add.
1716 5025 1778 5076 A.
1887 5018 2174 5108 ""u’qlebc
2214 5023 2279 5076 Α.
2392 5020 2451 5109 ¹⁸Ι
2480 5018 2721 5092 γενέσθαι
2771 5019 2900 5094 φασὶ

868 5083 948 5169 ς.
1024 5085 1362 5169 ὀ-γεγῂναει
1384 5084 1464 5169 ,νδ
1515 5087 1654 5169 ς’.-
1674 5089 1718 5128 ²¹
1754 5109 2051 5169 συνεμαχει
2085 5124 2155 5136 —-
2202 5090 2568 5165 Θερμοπυλης
2764 5093 2813 5129 ³³
2850 5091 2931 5160 IIIS

3119 5017 3164 5089 ξ’
3193 5011 3522 5089 Ἀφροδίτην
3575 5015 3738 5089 preﬁ-

3091 5088 3172 5163 ς’.
3251 5076 3311 5124 ’δ’
3344 5107 3454 5161 γεν.
3477 5076 3605 5160 θερ.
3649 5076 3732 5161 ς.

2392 5020 2434 5056 ¹⁸
2480 5015 2721 5092 γενέσθαι
2771 5019 2900 5094 φασὶ
2933 5016 3013 5144 Ξ.

2392 5090 2568 5144 πύλης
2604 5091 2687 5144 C.
2764 5093 2813 5129 ³³
2850 5091 2930 5144 Πή
2982 5109 3013 5142 ιι

2982 5108 3059 5150 ιος

1915 5307 2142 5369 ΝΟΤιΕ.

394 5439 993 5568 ςὲἓυῖιῧὲιιοεκριίοιι
1038 5440 1206 5500 Diod.
1256 5441 1437 5502 Sicul.
1469 5442 1550 5500 lib
1595 5460 1672 5512 xi,
1713 5446 1770 5500 et
1817 5443 1981 5500 Suid.

321 5512 544 5581 sepius
575 5512 727 5568 Plut.
819 5512 829 5514 ⁷
1338 5585 1351 5598 ο
1612 5585 1622 5597 ⁸
1673 5587 1687 5600 0

323 5583 716 5713 “(guttarum
759 5583 1058 5659 vulgarem
1105 5589 1449 5644 sententiam
1480 5585 1692 5660 Hygini
1723 5587 1854 5644 Fab.
1885 5586 1977 5655 92,

2167 5445 2280 5518 (l0)
2310 5444 2521 5518 Athen.
2546 5444 2852 5518 describit,
2881 5443 2983 5499 lib.
3002 5460 3116 5518 _rv.,
3147 5446 3205 5497 et
3232 5439 3500 5518 Eustath.

2161 5513 2273 5585 (ti)
2306 5517 2491 5575 Unum
2523 5517 2880 5574 Zoroastrem
2911 5515 3114 5570 eodem
3146 5530 3262 5586 quo
3300 5513 3551 5586 genitus
3578 5516 3734 5568 esset

2089 5583 2199 5654 die,
2231 5583 2429 5718 risisse
2470 5605 2572 5660 pro
2604 5587 2765 5646 valde
2802 5587 3036 5645 insolito
3085 5583 3273 5644 adl’ert
3308 5583 3462 5644 Plin.
3494 5583 3597 5641 lib.
3630 5599 3728 5654 Vll,

2087 5675 2212 5732 cap.
2315 5700 2331 5719 .
