4198 6216
428 286 538 347 631

1630 281 1898 344 PHOTII
1948 281 2472 343 PATRIARCHIE
2518 281 2630 342 CP.

3717 286 3841 348 632

426 437 529 493 pro
579 420 832 492 perfecto
878 419 1255 472 aestimatum.
1287 416 1593 482 Achillem,
1627 416 1780 488 quod
1833 433 1900 471 ex
1947 416 2081 487 igne

2198 409 2429 488 έόδομος
2460 417 2504 451 ²⁶
2552 414 2803 489 ἄριτμός.
2864 416 2952 475 Ὦς
2992 414 3295 490 Ἀχιλλεὺς
3358 415 3449 472 διὰ
3510 419 3606 491 μὶν
3662 418 3726 475 τὸ
3782 419 3849 475 έκ

426 520 689 569 servatus
718 512 815 577 sit,
849 527 980 565 cum
1015 509 1181 563 illum
1217 519 1399 563 mater
1428 509 1718 576 adnreret,
1741 510 2080 580 Pyrissoum

427 603 623 675 [quasi
652 603 718 655 ab
749 600 884 672 igne
915 599 1221 671 servatum]
1246 598 1405 668 prius
1427 614 1556 654 esse
1588 598 1827 654 dictum.
1855 600 1926 653 At
1948 598 2084 668 quia

427 695 658 748 labrum
681 692 865 760 ipsius
884 691 1131 745 alterum
1159 691 1436 744 adustum
1461 693 1605 759 erat,
1630 699 1924 761 propterea
1946 705 2079 743 eum

429 789 597 854 pater
612 779 892 835 Achillem
911 779 1241 850 appellavit.
1258 778 1489 834 Sirenes
1502 778 1852 835 Telemachu
1865 793 2082 844 m,cum

433 887 568 926 eum
604 867 829 940 Ulyssis
864 870 1048 923 ﬁlium
1081 884 1208 923 esse
1254 868 1615 935 didicissent,
1646 868 2079 922 interfecerunt.

431 958 665 1030 Ulysses
699 958 752 1011 in
786 957 1110 1026 Tyrrhenia
1160 956 1306 1011 tibia
1353 959 1613 1023 certavit,
1646 972 1712 1010 ac
1742 956 1898 1010 vicit.
1930 954 2086 1010 Ceci-

433 1048 523 1103 nit
556 1052 752 1101 autem
804 1046 1114 1101 Demodoci
1146 1046 1263 1115 (12)
1298 1062 1499 1115 poema
1531 1046 1601 1100 de
1632 1045 1813 1115 Troja
1844 1045 2082 1099 excidio.

435 1138 710 1191 Inventus
758 1140 847 1190 est
893 1136 1147 1191 Stichius
1193 1135 1433 1199 Etolus,
1487 1133 1746 1189 Herculis
1802 1135 2086 1203 amasius,

432 1242 561 1281 cum
612 1229 928 1290 secaretur,
962 1224 1259 1278 hirsutum
1308 1224 1421 1293 (13)
1473 1238 1572 1277 cor
1621 1223 1851 1277 habere.
1896 1222 2083 1277 Inter-

436 1315 623 1370 fectus
672 1329 805 1368 vero
849 1317 939 1368 est
967 1313 1035 1368 ab
1069 1313 1195 1383 ipso
1245 1312 1511 1379 Hercule,
1543 1312 1685 1367 dum
1736 1312 1929 1367 furore
1960 1327 2090 1365 cor-

437 1411 639 1475 reptus
667 1402 783 1469 hic,
810 1418 945 1457 suos
968 1418 1200 1474 quoque
1232 1402 1445 1457 liberos
1475 1402 1720 1467 occidit;
1745 1403 2089 1472 adduntque

435 1496 669 1561 propter
723 1491 910 1546 solum
946 1492 1100 1545 hunc
1132 1491 1363 1546 heroem
1397 1490 1566 1545 illum
1603 1490 1841 1545 luxisse.
1878 1492 2093 1545 Mercu-

437 1581 560 1635 rius
612 1578 885 1645 Pollucis,
934 1578 1109 1633 unius
1155 1578 1561 1649 gemellorum,
1612 1594 1806 1635 amore
1862 1584 2088 1647 captus,

439 1669 593 1726 158
627 1686 661 1723 a
701 1667 1035 1724 Thessalico
1076 1684 1207 1723 eum
1232 1685 1381 1740 equo
1404 1668 1662 1724 muneris
1687 1668 1810 1723 loco
1833 1668 2089 1723 donavit.

2191 505 2360 578 πυρὸς
2420 505 2580 559 αὐτὸν
2632 506 2872 569 σωθῆναι
2915 506 3179 576 καόμενον
3214 507 3261 542 ³⁸
3306 506 3411 562 ὐπὸ
3466 514 3568 576 τῆς
3631 510 3850 584 μητρὸς

2193 591 2493 665 Πυρίσσοος
2524 592 2794 663 ἐκαλεῖτο,
2829 591 2967 648 διότι
3009 594 3054 629 ²⁷
3086 592 3143 648 δὲ
3170 593 3225 649 ἓν
3258 600 3367 651 τῶν
3408 596 3645 672 χειλέων
3678 597 3850 653 αὐτοῦ

2189 682 2571 753 κατακαυθείη,
2621 680 2916 761 Ἀχιλλεὺς
2969 682 3073 737 ὑπὸ
3120 683 3217 738 τοῦ
3265 687 3473 759 πατρὸς
3519 686 3846 759 ὠνομάσθη.

2192 774 2313 827 Ὀτι
2382 772 2719 846 Τηλέμαχον
2798 768 3102 828 Ὀδυσσέως
3178 773 3293 827 υἱὸν
3370 775 3634 846 μαθοῦσαι
3711 781 3852 830 εἶναι

2192 861 2405 917 ἂνεῖλον
2460 863 2515 916 αἱ
2590 868 2865 936 Σειρῆνες.
2927 866 3024 927 Ὠς
3093 859 3376 925 Ὀδυσσεὺς
3447 863 3498 919 έν
3564 864 3858 940 Τυρῥηνίᾳ

2192 952 2499 1026 ἠγωιίσατο
2562 952 2892 1021 αὐλητικήν,
2953 952 3043 1005 καὶ
3110 950 3350 1023 ἐνίκησεν
3413 972 3426 987 ·
3508 951 3720 1025 ηύλησε
3794 952 3857 1009 δὲ

2194 1039 2363 1097 Ἰλίου
2396 1040 2621 1110 ἅλωσιν,
2663 1039 2992 1114 Δημοδόκου
3032 1042 3253 1114 ποίημα
3291 1043 3336 1078 ’⁸
3372 1059 3384 1072 ’
3420 1042 3497 1105 ὡς
3549 1042 3781 1121 Στίχιος
3824 1043 3857 1097 ὁ

2194 1130 2468 1202 Αίτωλὸς,
2517 1130 2795 1205 ἐρώμενος
2846 1128 2920 1185 ὢν
2963 1129 3318 1203 Ἡρακλέους,
3370 1130 3561 1205 εὑρέθη
3619 1131 3861 1207 ἀνασχι-

2196 1219 2337 1282 σθεὶς
2382 1219 2795 1295 τετριχωμένην
2850 1216 2997 1298 ἔχων
3041 1221 3140 1288 τὴν
3193 1217 3413 1294 καρδίαν
3451 1238 3464 1251 ⁸
3512 1218 3747 1296 ἀνῃρέθη
3806 1218 3857 1275 δ’

2199 1308 2287 1363 ὑπ’
2344 1308 2509 1363 αὐτοῦ
2569 1306 2923 1381 Ἡρακλέους,
2983 1307 3073 1363 ὅτε
3113 1308 3300 1382 μανεὶς
3356 1308 3448 1363 καὶ
3506 1310 3634 1371 τοὺς
3676 1306 3862 1371 ἰδίους

2200 1396 2380 1453 ἀνεῖλε
2429 1394 2624 1459 παίδας
2656 1417 2668 1430 ·
2710 1397 2802 1453 καὶ
2848 1396 2935 1453 ἐπὶ
2984 1396 3165 1469 τούτῳ
3210 1397 3359 1471 μόνῳ
3404 1398 3532 1476 φασὶ
3574 1400 3861 1473 θρηνῆσαι

2198 1487 2289 1541 τὸν
2349 1486 2527 1561 ἥρωα.
2588 1491 2673 1547 Ὡς
2730 1487 2776 1523 ²⁹
2828 1488 3037 1558 Ἑρμῆς
3103 1484 3485 1549 Πολυδεύκους
3545 1488 3665 1549 ένὸς
3739 1492 3863 1542 τῶν

2204 1575 2553 1649 Διοσκούρων
2614 1576 2661 1611 ³ο
2726 1577 2967 1651 γεγονὼς
3026 1573 3256 1649 ἐραστὴς
3313 1573 3630 1649 ἐδωρήσατο
3700 1575 3862 1647 αὐτῷ

2202 1666 2423 1739 Δώτορα
2471 1666 2513 1701 ³⁸
2580 1665 2669 1719 τὸν
2732 1661 2998 1719 Θεσσαλὸν
3052 1661 3245 1721 ἵππον.
3310 1669 3430 1721 Ὀτι
3493 1663 3861 1725 ’Λπόλλωνος

441 1760 585 1816 Cum
622 1758 825 1828 Apollo
857 1758 1128 1815 funebres
1153 1759 1350 1815 ederet
1372 1760 1539 1815 ludos
1563 1758 1831 1831 Pythoni,
1855 1760 2085 1815 certavit

2198 1752 2583 1815 ἐπιτελοῦντος
2644 1752 2927 1831 ἐπιτάφιον
2997 1753 3215 1807 Πύθωνι
3272 1751 3494 1809 παλαίει
3534 1755 3581 1789 δε
3637 1757 3864 1827 Ἐρμῆς

438 1847 519 1903 ibi
556 1848 873 1903 Mercurius
903 1864 968 1903 ac
1002 1849 1213 1914 Venus,
1244 1853 1301 1904 et
1328 1848 1526 1903 victrix
1558 1847 1679 1917 illa,
1711 1848 1929 1918 praemii
1960 1847 2085 1904 loco

442 1937 725 1994 citharam
758 1938 997 2009 accepit,
1022 1954 1139 2009 qua
1169 1942 1299 2009 post
1329 1937 1564 1994 donavit
1595 1936 1881 2005 Paridem,
1914 1938 2086 2009 cujus

440 2034 495 2083 et
526 2026 813 2083 Homerus
845 2026 927 2082 sic
958 2026 1259 2082 meminit:

867 2116 985 2171 Non
1014 2116 1117 2170 tibi
1146 2114 1415 2187 profuerit
1446 2116 1665 2172 cithara

444 2207 502 2261 et
533 2220 660 2276 que
692 2209 1041 2275 sequuntur.

509 2294 676 2365 Apud
710 2293 1115 2363 Bacchylidcm
1140 2294 1278 2364 quid
1312 2293 1410 2361 sit,
1434 2294 1591 2365 quod
1625 2298 1905 2365 tanquam
1937 2310 1971 2348 a
2000 2292 2089 2349 Si-

437 2382 569 2439 leno
620 2383 844 2438 dictum
900 2384 1096 2452 refert,
1130 2388 1184 2438 et
1213 2382 1308 2438 cui
1341 2383 1447 2438 hoc
1478 2399 1710 2439 carmen
1745 2382 2088 2454 pronuntia-

447 2476 593 2528 tum.
658 2472 873 2527 Leucas
928 2472 1039 2543 (14)
1089 2476 1272 2543 petra,
1324 2472 1538 2543 inquit,
1572 2489 1605 2528 a
1644 2477 1828 2528 Lenco
1870 2472 2092 2544 Ulyssis

436 2562 595 2616 socio
658 2576 869 2617 nomen
930 2561 1210 2632 sumpsit,
1271 2562 1370 2633 qui
1441 2578 1649 2633 genere
1720 2562 2089 2634 Zacynthius,

434 2647 780 2703 interfectus
838 2656 929 2703 est
984 2652 1074 2711 (ut
1116 2648 1292 2703 refert
1337 2650 1451 2719 (15)
1500 2648 1807 2719 Homerus)
1856 2650 1927 2703 ab
1973 2651 2090 2704 An-

437 2737 624 2807 tipho.
685 2735 851 2791 Hunc
909 2752 1142 2807 quoque
1198 2737 1502 2793 dedicasse
1560 2738 1752 2792 ferunt
1807 2736 2092 2808 templum

434 2825 687 2897 Apollini
722 2827 1003 2881 Leucata.
1036 2827 1140 2883 Eos
1188 2827 1387 2898 igitur,
1419 2827 1516 2899 qui
1547 2827 1656 2884 hoc
1694 2827 1907 2883 satiant
1954 2844 2090 2884 saxo

436 2931 634 2971 amore
679 2914 935 2980 liberari,
971 2922 1145 2989 atque
1193 2916 1342 2971 hanc
1370 2933 1495 2972 esse
1525 2934 1783 2973 causam.
1815 2916 1952 2973 Post
1996 2920 2088 2972 in-

438 3008 743 3061 terfectum
793 3005 1141 3076 Adonidem,
1175 3007 1589 3063 obambulasse
1629 3016 1885 3073 narrant,
1916 3014 2088 3079 atque

2194 1846 2284 1899 καὶ
2338 1842 2662 1917 Ἀφροδίτη,
2703 1843 2792 1897 καὶ
2842 1844 3155 1917 κρατήσασα
3194 1844 3239 1879 ⁸⁸
3283 1841 3451 1898 ἆθλον
3500 1836 3664 1898 ἔλαϐε
3700 1844 3873 1897 κιθά-

2201 1954 2316 2006 ραν,
2379 1934 2445 2002 ἣν
2504 1933 2592 1986 καὶ
2656 1928 2972 2007 ἐδωρήσατο
3032 1928 3418 2007 Ἀλεξάνδρῳ·
3466 1933 3588 2008 περὶ
3645 1935 3710 2000 ἧς
3759 1931 3864 1987 καὶ

2199 2024 2473 2097 Ὄμηρος·

2343 2113 2461 2170 Οὐκ
2490 2110 2549 2166 ἄν
2582 2131 2667 2166 τοι
2709 2108 2960 2185 χραίσμῃ
2988 2111 3222 2186 κίθαρις.

2203 2201 2294 2257 καὶ
2326 2203 2448 2271 έξῆς
2479 2202 2548 2256 ³⁸.

2271 2292 2399 2364 [492
2420 2291 2512 2363 R.]
2531 2290 2599 2345 Τί
2622 2288 2732 2344 ἐστι
2754 2289 2815 2344 τὸ
2836 2289 2981 2363 παρὰ
3008 2285 3323 2364 Βακχυλίδῃ
3349 2290 3424 2351 ὡς
3446 2289 3551 2344 ἀπὸ
3576 2288 3859 2359 Σειληνοῦ

2199 2379 2508 2455 εἰρημένον,
2538 2379 2626 2433 καὶ
2678 2378 2814 2454 πρὸς
2840 2377 2954 2433 τίνα
2992 2378 3112 2433 εἶπε
3157 2379 3220 2433 τὸ
3253 2375 3403 2442 ἔπος.
3438 2382 3526 2441 Ὦς
3556 2380 3590 2449 ἡ
3642 2379 3859 2441 Λευκᾶς

2199 2470 2367 2544 πέτρα
2417 2469 2522 2523 ἀπὸ
2561 2468 2769 2524 Λεύκου
2814 2472 2912 2523 τοῦ
2963 2467 3267 2530 Ὀδυσσέως
3314 2467 3529 2542 ἑταίρου
3560 2468 3659 2537 τὴν
3700 2468 3862 2538 κλῆ-

2200 2580 2280 2614 σιν
2338 2554 2552 2626 ἔλαϐεν,
2614 2559 2673 2620 ’ὸς
2731 2557 3025 2619 Ζακύνθιος
3088 2558 3183 2630 μὶν
3244 2559 3396 2631 γένος
3453 2559 3544 2626 ἦν,
3617 2559 3860 2633 ἀνῃρέθη

2200 2648 2269 2719 δ’,
2301 2649 2373 2711 ὥς
2406 2670 2569 2726 φφσιν
2612 2648 2639 2702 ὁ
2670 2649 2930 2718 ποιητὴς,
2968 2648 3055 2703 ὑπ’
3103 2647 3359 2727 Ἀντίφου
3393 2667 3405 2680 ·
3452 2651 3643 2703 τοῦτον
3692 2646 3861 2723 ἱδρύ-

2200 2740 2392 2795 σασθαί
2449 2760 2577 2813 φασι
2634 2740 2722 2793 καὶ
2758 2739 2900 2809 ἱερὸν
2952 2740 3228 2793 Λευκάτου
3279 2736 3658 2800 Ἀπόλλωνος.
3707 2739 3863 2802 Τοὺς

2203 2832 2296 2905 μὲν
2356 2827 2446 2883 οὖν
2504 2827 2952 2901 καθαλλομένους
3003 2828 3109 2882 ἀπὸ
3173 2834 3274 2897 τῆς
3334 2828 3535 2902 πέτρας
3583 2827 3858 2882 παύεσθαί

2199 2939 2326 2997 φασι
2356 2922 2453 2974 τοῦ
2500 2916 2725 2992 ἔρωτος.
2771 2916 2865 2973 Καὶ
2906 2918 2940 2986 ἡ
2992 2916 3139 2973 αἰτία
3172 2937 3184 2951 ·
3232 2916 3366 2988 μετὰ
3405 2917 3499 2971 τὸν
3533 2913 3856 2986 Ἀδώνιδος,

2199 3008 2327 3089 φασὶ
2359 3011 2424 3077 ³³,
2457 3008 2682 3063 θάνατον
2712 3007 3117 3081 περιερχομένη
3160 3004 3251 3059 καὶ
3298 3008 3531 3075 ζητοῦσα
3562 3008 3596 3075 ἡ
3650 3006 3860 3080 Ἀφρο-

434 3109 568 3149 eum
592 3094 974 3166 investigasse
994 3067 1301 3162 Venerem,
1324 3100 1727 3168 repertumque
1748 3096 1903 3167 Argi,
1918 3067 2085 3167 Cypri

2201 3067 2319 3168 δίτη
2372 3098 2520 3169 εὗρεν
2581 3095 2737 3150 αὐτὸν
2786 3096 2837 3151 έν
2886 3101 3073 3171 ’Ἄργει
3121 3093 3281 3149 πόλει
3334 3101 3437 3164 τῆς
3485 3095 3731 3167 Κύπρου,
3796 3094 3855 3149 ἐν

432 3183 682 3248 civitate,
728 3183 787 3237 in
837 3182 1125 3255 Apollinis
1175 3183 1378 3239 Erithii
1427 3187 1579 3252 lano,
1623 3202 1835 3255 corpus
1888 3202 2085 3240 secum

431 3269 713 3339 avexisse,
742 3286 1011 3327 sermone
1042 3272 1218 3327 etiam
1251 3289 1385 3328 cum
1415 3273 1681 3345 Apolline
1703 3275 1773 3328 de
1801 3274 2085 3330 Adonidis

430 3374 630 3415 amore
679 3359 908 3415 collato.
948 3360 1113 3415 Hunc
1144 3376 1280 3431 ergo
1312 3378 1438 3417 eam
1473 3363 1530 3418 in
1563 3363 1828 3419 Leucada
1860 3368 2083 3435 petram

434 3448 771 3517 adduxisse,
795 3456 852 3504 et
876 3449 1236 3522 praecipitem
1262 3452 1397 3505 inde
1419 3454 1553 3508 dare
1571 3452 1969 3524 sesejussisse
1994 3468 2007 3508 :
2031 3457 2087 3510 et

434 3552 568 3592 vero
600 3554 734 3593 saxo
767 3537 1091 3607 salientem,
1124 3542 1340 3597 amoris
1368 3546 1508 3597 aestu
1543 3540 1869 3597 liberatam.
1908 3543 2085 3597 Inter-

435 3632 680 3697 rogante
703 3642 870 3696 porro
893 3627 1002 3683 dea
1022 3644 1278 3693 causam,
1306 3630 1679 3702 respondisse
1700 3632 1891 3686 ferunt
1909 3629 2082 3703 Apol-

432 3714 636 3781 linem,
671 3716 825 3786 quod
856 3724 1017 3773 vates
1048 3734 1181 3775 cum
1216 3724 1389 3788 esset,
1425 3721 1651 3777 sciverit
1689 3721 1887 3777 Jovem
1939 3736 2087 3793 quo-

430 3820 547 3876 que
573 3821 808 3874 semper
835 3805 1087 3862 Junonis
1118 3824 1316 3864 amore
1346 3819 1602 3881 captum,
1636 3811 1705 3865 ad
1738 3826 1940 3865 saxum
1972 3810 2082 3865 hoc

431 3894 776 3960 accessisse,
810 3900 985 3966 atque
1014 3896 1065 3951 ei
1091 3896 1398 3956 insidendo
1439 3900 1651 3955 amoris
1681 3900 2080 3971 impotentiam

429 3986 689 4048 sedasse,
721 3985 1170 4057 compluresque
1197 3986 1341 4042 alios
1381 3990 1683 4061 utriusque
1727 4006 1897 4045 sexus
1932 4006 2081 4045 mor-

425 4074 574 4129 tales
605 4090 804 4130 amore
832 4076 1125 4143 ardentes,
1150 4078 1351 4132 eodem
1386 4078 1681 4146 liberatos,
1706 4096 1776 4134 ex
1807 4079 1914 4134 hoc
1943 4096 2082 4136 saxo

430 4160 897 4219 desilientes.Sic
915 4165 1284 4220 Artemisiam
1305 4165 1461 4222 illam
1492 4168 1856 4241 Lygdamidis
1880 4169 2079 4239 filiam,

430 4267 558 4323 quaa
594 4252 777 4308 Persae
815 4252 1105 4319 militavit,
1136 4271 1329 4311 amore
1364 4264 1591 4327 captam
1638 4257 1888 4312 Dardani
1930 4258 2081 4330 Aby-

431 4340 588 4405 deni,
624 4340 969 4396 dormientis
1001 4341 1221 4407 oculos,
1256 4360 1387 4398 cum
1429 4345 1479 4399 is
1518 4361 1645 4400 eam
1696 4347 2080 4416 contempsis-

433 4433 546 4493 set,
593 4428 853 4486 cruisse:
906 4447 1105 4487 amore
1161 4449 1292 4489 vero
1337 4434 1496 4491 illius
1544 4437 1784 4491 deorum
1835 4438 1915 4492 ita
1964 4454 2085 4495 cre-

435 4521 655 4584 scente,
675 4532 741 4571 ex
764 4518 995 4576 oraculo
1025 4520 1098 4575 ad
1123 4520 1449 4578 Leucadem
1484 4524 1797 4595 profectam
1831 4525 2084 4596 seipsam

436 4606 859 4677 praecipitasse,
886 4615 937 4663 et
971 4608 1335 4667 interfectam
1372 4611 1589 4668 ibidem
1618 4629 1748 4668 esse
1779 4615 2084 4684 sepultam.

440 4696 907 4770 Hippomedonta
955 4716 1189 4772 quoque
1237 4701 1669 4775 Epidamnium,
1703 4702 2089 4761 adolescentis

2193 3191 2272 3259 τῷ
2300 3190 2395 3242 τοῦ
2424 3186 2473 3222 ³⁶
2524 3184 2729 3260 ἐριθίου
2778 3182 3133 3244 Ἀπόλλωνος
3171 3184 3321 3257 ἱερῷ,
3354 3183 3441 3237 καὶ
3492 3181 3695 3237 ἀνεῖλεν
3746 3183 3856 3237 αὖε

2194 3277 2308 3347 τὸν,
2350 3275 2823 3347 ἀνακοινωσαμένη
2875 3272 3190 3329 Ἀπόλλωνι
3236 3270 3329 3327 καὶ
3375 3271 3468 3326 τὸν
3508 3271 3633 3345 περὶ
3674 3267 3854 3326 Ἀδώ-

2193 3363 2349 3427 νιδος
2380 3364 2576 3441 ἔρωτα.
2610 3366 2672 3421 Ὀ
2714 3360 2762 3418 δ’
2800 3360 3089 3418 Ἀπόλλων
3137 3361 3355 3438 ἀγαγὼν
3395 3360 3562 3428 αὐτὴν
3608 3357 3696 3413 ἐπὶ
3744 3360 3852 3428 τήν

2196 3451 2444 3511 Λευκάδα
2497 3455 2694 3527 πέτραν
2744 3451 3033 3525 προσέταξε
3082 3450 3235 3524 ῥῖψαι
3285 3449 3423 3503 κατᾶ
3472 3454 3571 3517 τῆς
3622 3449 3847 3522 πέτρας·

2194 3546 2229 3614 ἡ
2263 3542 2320 3599 δὲ
2359 3544 2554 3613 ἑαυτὴν
2605 3542 2801 3616 ῥίψασα
2831 3539 3097 3595 ἐπαύσατο
3144 3543 3241 3594 τοῦ
3290 3536 3515 3612 ἔρωτος.
3565 3539 3851 3609 Ζητούσης

2196 3631 2254 3689 δὲ
2318 3635 2416 3703 τὴν
2474 3632 2647 3688 αἰτίαν
2714 3630 2880 3686 εἰπεῖν
2938 3629 3155 3705 λέγεται
3210 3628 3303 3683 τὸν
3360 3624 3713 3692 Ἀπόλλωνα,
3768 3628 3849 3689 ὡς

2200 3730 2387 3794 μάντις
2457 3717 2530 3775 ὢν
2590 3719 2811 3795 ἐγνώκει
2861 3715 3001 3772 διότι
3058 3718 3086 3772 ὁ
3154 3716 3280 3779 Ζεύς
3336 3714 3417 3769 ἀεὶ
3472 3713 3609 3787 ἐρῶν
3668 3717 3843 3789 ⁹Ἡρας

2193 3811 2496 3891 ἐρχόμενος
2546 3810 2632 3865 ἐπὶ
2676 3812 2744 3883 τῇ
2795 3808 2963 3883 πέτρᾳ
2996 3805 3272 3876 ἐκαθέζετο
3312 3804 3358 3840 ³⁷
3407 3804 3495 3859 καὶ
3549 3805 3839 3859 ἀνεπαύετο

2188 3907 2285 3958 τοῦ
2324 3898 2552 3977 ἔρωτος.
2587 3899 2690 3957 Καὶ
2721 3896 2927 3954 πολλοὶ
2960 3895 3017 3952 δέ
3049 3895 3212 3951 ἄλλοι
3245 3894 3334 3951 καὶ
3361 3893 3570 3950 πολλαὶ
3602 3895 3839 3969 [254Η.]

2191 3987 2352 4067 ἔρωτι
2412 3992 2715 4063 κάμνουσαι
2791 3985 3192 4060 ἀπηλλάγησαν
3266 3982 3361 4039 τού
3437 3981 3662 4059 ἔρωτος,
3722 3982 3841 4039 ἐπεὶ

2190 4087 2289 4151 τῆς
2322 4081 2519 4153 πέτρας
2567 4075 2898 4147 καθηλαντο.
2931 4080 3018 4137 Ὠς
3058 4073 3148 4129 καὶ
3198 4072 3513 4145 Ἀρτεμισία
3551 4074 3585 4141 ἡ
3628 4068 3842 4147 Λυγδά-

2196 4166 2378 4242 μιδος,
2420 4169 2455 4238 ἣ
2504 4171 2581 4239 τῷ
2640 4168 2817 4241 Πέρσῃ
2864 4163 3317 4239 συστρατεύσασα,
3376 4160 3657 4236 ἐρασθεῑςα
3704 4170 3841 4236 Δαρ-

2194 4256 2357 4313 δάνου
2416 4251 2715 4325 Ἀϐυδηνοῦ
2780 4254 2869 4309 καὶ
2938 4250 3329 4326 ὑπερορωμένη
3398 4247 3647 4324 ἐκκόψειέ
3710 4248 3840 4304 τοὺς

2196 4345 2516 4425 ὀφθαλμοὺς
2545 4344 2917 4417 κοιμωμένου,
2956 4344 3057 4412 τὴς
3090 4338 3135 4396 δ’
3182 4338 3473 4412 ἐπιθυμίας
3518 4339 3653 4394 κατὰ
3703 4340 3840 4393 θεῶν

2202 4444 2359 4510 μῆνιν
2416 4434 2758 4503 ἑπιταϐείσης
2833 4433 3156 4508 πορευθεῖσα
3228 4428 3364 4485 κατᾶ
3436 4429 3693 4503 χρησμὸν
3768 4428 3843 4491 εἷς

2199 4522 2444 4581 Λευκάδα
2481 4520 2696 4599 ἔρριψεν
2744 4522 2939 4590 έαυτὴν
2988 4520 3125 4575 κατά
3171 4526 3271 4589 τῆς
3318 4519 3516 4593 πέτρας
3560 4519 3648 4572 καὶ
3694 4517 3843 4571 ἀναιο

2198 4616 2410 4690 ρεθεῖσα
2451 4614 2641 4691 ἐτάφη.
2703 4613 2804 4668 Καὶ
2860 4606 3256 4682 Ἱππομέδοντα
3307 4628 3471 4685 φησιν
3520 4606 3570 4642 ³⁸
3616 4602 3847 4664 Ἐπιδά-

2202 4724 2380 4778 μνιον,
2437 4700 2629 4765 παιδὸς
2688 4700 2966 4780 ἐγχωρίου
3027 4697 3309 4776 ἐρασθέντα
3367 4697 3456 4752 καί
3513 4696 3589 4769 μή
3634 4695 3846 4773 τυγχά-

1793 4849 2030 4906 VARIJE
2069 4849 2365 4908 LECTION
2376 4849 2474 4905 ES.

513 4955 561 5040 ’ξ
591 4948 911 5040 ὁὲδιξμρς]
960 4957 1077 5040 imp
1107 4958 1135 5014 ὁ
1167 4959 1324 5040 έπτᾴ.
1427 4962 1798 5040 καιόμενον

440 5026 694 5115 χειλλης
759 5026 803 5065 ³⁸
836 5026 1163 5136 Δημοδόκου
1194 5031 1411 5105 ποίημα
1433 5031 1602 5091 Ἰλίου
1625 5026 1831 5090 ἅλωσιν

449 5107 476 5136 Α
520 5117 533 5129 -
576 5118 725 5136 λων...
758 5099 820 5136 τ’·
946 5106 965 5136 2
988 5102 1210 5136 --)-.’-.
1243 5104 1305 5136 ρ·
1401 5106 1448 5136 32
1477 5109 1750 5136 ..---.ι-μ-
1784 5109 1831 5136 ρ-

442 5099 533 5157 A:
576 5099 727 5175 δέρα
754 5099 838 5175 ς.

946 5102 1347 5185 ξπξλαίομζξ
1401 5106 1448 5143 ³³
1477 5109 1750 5185 κρατήσας

2030 4968 2072 5003 '27
2113 4964 2249 5020 διότι
2310 4962 2367 5019 δὲ
2399 4998 2463 5007 -
2495 4966 2569 5022 cf.
2628 4962 2919 5021 Meinebk.
2970 4959 3328 5033 Euphorion.
3390 4975 3449 5033 1h
3495 4957 3622 5033 12$.
3682 4952 3849 5033 αὐτοῦ

1862 5026 1942 5111 ζ.
2023 5038 2071 5074 99
2100 5038 2174 5100 ὡς
2205 5045 2247 5094 Α
2283 5055 2295 5094 :
2328 5038 2426 5111 καί
2450 5035 2524 5097 ὡς
2708 5034 2915 5111 ζιιξ-Ιὶὶηιί
2943 5026 3351 5111 Aac-4039186?

2023 5036 2524 5100 29ὼςΑεκαὶὼς
2617 5080 2630 5094 .

1944 5112 1988 5146 δι
2021 5111 2141 5179 egi;
2175 5115 2221 5168 A
2266 5110 2378 5166 ετά
2416 5036 2645 5181 tam?

447 5175 565 5239 ζετο
589 5171 671 5246 ς;
749 5171 799 5209 ³⁵
822 5173 984 5243 φασὶν
1013 5174 1097 5249 ς’.
1127 5184 1196 5234 de
1226 5171 1689 5252 Hippomedonta
1715 5171 2072 5242 ct'.'Meinek'.
2100 5171 2463 5255 Euphorion:
2579 5171 2653 5238 33
2684 5180 2815 5237 ima.

3548 5028 3592 5066 ’ί
3612 5028 3852 5099 ῨΔώτορα

2742 5107 2789 5142 ⁸⁵
2825 5106 2958 5183 φησί
3145 5095 3194 5139 ³⁸
3221 5105 3317 5156 τοῦ
3348 5095 3483 5159 add.
3586 5098 3631 5135 ³⁷
3669 5095 3850 5153 ἐκαθι-

2030 5327 2266 5386 ΝΟΤΕ.

520 5429 636 5502 (t2)
666 5430 810 5489 Vide
837 5432 1098 5502 Snidam,
1133 5436 1191 5493 ln
1220 5432 1455 5502 Ἀοιδός.

520 5502 823 5583 (13)]ἀεω
852 5507 947 5583 _de_
974 5510 1337 5583 Aristomene
1376 5512 1663 5571 Messenio
1714 5514 1861 5571 Plin.
1895 5514 1995 5570 lib.
2032 5532 2098 5583 ιι,

452 5591 577 5658 gap.
612 5575 719 5642 37;
751 5581 807 5632 et
852 5576 1049 5658 Yaler:
1076 5581 1355 5658 Maa._lib_.
1389 5602 1427 5648 ι,
1462 5601 1586 5658 cap.
1623 5585 1725 5641 ult.
1760 5587 1975 5658 aliique
2028 5575 2097 5642 de

452 5646 813 5717 Hermogene
845 5649 992 5703 rhetv.
1031 5650 1295 5719 Leonida,
1334 5646 1639 5724 Lysandro,
1673 5674 1813 5714 cane
1859 5646 2100 5718 Alexan-

2207 5444 2317 5501 dri.
2350 5443 2496 5499 Vide
2526 5440 2946 5511 Rhodiginum,
2976 5438 3081 5498 lib.
3112 5454 3192 5505 ιν,
3221 5453 3349 5511 cap.
3363 5437 3461 5511 16.

2278 5516 2393 5588 (14)
2425 5515 2505 5573 De
2562 5530 2678 5587 qua
2717 5504 2959 5580 ‘Strabo',
3008 5512 3108 5568 lib.
3148 5504 3205 5579 ἡ,
3253 5504 3312 5568 et
3352 5507 3564 5582 Gyrad.
3608 5504 3753 5565 Dial.
3798 5524 3855 5564 ιι

2209 5588 2355 5644 Poet.

2282 5660 2391 5730 (ιε)
2425 5659 2586 5713 Iliad.
2619 5663 2675 5727 Δ,
2708 5672 2759 5710 v.
2793 5654 2917 5713 491.
