4198 6216
339 332 458 392 633

1486 331 2026 394 BIBLlOTHECA.
2074 363 2152 380 —-
2195 332 2369 394 COD.
2415 332 2613 395 CXCI.

3627 332 3746 394 634

334 487 517 535 νοντα,
560 466 648 522 ὅτι
695 467 832 541 πρὸς
878 464 1061 542 ἕτερον
1101 466 1354 536 κλίνειεν,
1400 468 1632 536 ἀνελεῖν,
1675 467 1750 530 εἰς
1801 464 1858 523 δὲ
1885 468 1984 535 τήν

2102 468 2407 538 cujusdam
2440 485 2553 524 ore
2575 468 2731 524 illius
2761 485 2960 525 amore
2982 483 3316 539 possessum
3343 483 3636 540 :cumque
3657 484 3748 524 re-

335 555 584 615 Λευκάδα
630 557 1074 632 παραγενόμενον
1123 557 1214 612 καὶ
1281 557 1510 632 ῥίψαντα
1557 558 1722 613 αὐτὸν
1758 557 1806 594 3°
1854 556 1992 612 ἀπο-

335 649 530 703 θανεῖν.
580 646 685 702 Καὶ
753 646 1123 722 Νικόστρατον
1183 643 1242 701 δὲ
1287 648 1380 700 τὸν
1437 647 1686 718 κωμικὸν
1754 649 1993 721 Τεττιγι-

335 734 488 799 δαίας
538 737 588 772 ⁴⁰
644 739 745 800 τῆς
807 737 1104 810 Μυριναίας
1145 737 1188 772 ⁸⁸
1249 734 1531 810 ἐρασθεντα
1581 735 1733 811 ῥῖψαι
1801 736 1988 792 ἑαυτὸν

333 827 422 882 καὶ
473 824 861 900 ἀπαλλαγῆναι
901 829 1004 880 τοῦ
1050 819 1276 901 ἔρωτος.
1331 825 1563 896 Μάκητα
1611 822 1668 880 δὲ
1719 845 1848 899 φασι
1898 826 1990 880 τὸν

340 915 690 989 Βουθρώτιον
747 914 1120 990 Λευκοπέτραν
1169 913 1552 984 ἐπικληθῆναι,
1610 911 1756 969 διότι
1810 914 1990 989 τετρά-

337 1025 422 1066 κις
462 1003 628 1060 αὑτὸν
667 999 996 1059 καταϐαλὼν
1029 1008 1136 1058 τῶν
1169 1004 1442 1077 ἐρωτικῶν
1474 1001 1766 1058 κακώσεων
1816 1003 1989 1058 ἆπαλυ

336 1091 616 1152 λάττοιτο.
653 1091 754 1150 Καὶ
787 1092 999 1163 πλῆθος
1029 1092 1170 1148 ἄλλο
1202 1091 1374 1156 οὕτως
1406 1091 1795 1170 ἀπαλλαγῆναι
1845 1090 1992 1168 λέγει

332 1203 446 1240 ται.
507 1183 610 1240 Καὶ
671 1179 1026 1259 Βουλαγόραν
1076 1179 1133 1237 δὲ
1196 1181 1288 1236 τὸν
1348 1183 1728 1256 Φαναγορίτην
1758 1182 1827 1252 ⁴²,
1879 1180 1993 1254 ἐρα-

333 1272 521 1329 σθέντα
569 1269 849 1347 Διοδώρου
904 1277 1002 1327 τοῦ
1059 1271 1329 1342 αὐλητοῦ,
1385 1267 1768 1327 καταϐαλόντα
1833 1270 1992 1326 αὐτόν

333 1362 685 1436 ἀναιρεθῆναι
742 1363 975 1437 γηραιὸν
1032 1359 1141 1431 ἤδη
1197 1357 1346 1418 ὄντα.
1400 1362 1782 1435 ’Δναιρεθῆναι
1843 1357 1899 1416 δὲ
1947 1362 1992 1398 ⁴³

331 1448 427 1504 καὶ
488 1445 757 1518 Ῥοδόπην
816 1451 861 1485 ⁸⁸
919 1449 1228 1520 Ἀμισηνήν
1287 1443 1701 1504 καταϐαλοῦσαν
1770 1448 1991 1520 ἑαυτὴν,

333 1534 585 1610 διδύμων
616 1533 826 1592 παίδων
879 1535 1366 1615 σωματοφυλάκων
1403 1537 1695 1613 Ἀντιόχου
1742 1541 1839 1593 τοῦ
1890 1538 1990 1612 βα-

334 1625 532 1688 σιΑἰως
572 1624 908 1696 ἐρασθεῖσαν,
951 1628 1036 1688 οἷς
1073 1625 1314 1700 ὀνόματα
1353 1629 1616 1699 Ἀντιφῶν
1666 1626 1758 1682 καὶ
1795 1631 1989 1702 Κῦρος.

333 1719 569 1789 Χαρῖνος
630 1713 689 1770 δὶ
763 1710 1144 1794 ἰαμϐογράιρος
1211 1714 1423 1788 ἠράσθη
1485 1717 1727 1790 Ἔρωτος
1802 1714 1993 1771 εὐνού-

331 1823 438 1881 χου
468 1805 586 1864 ⁴⁸.δ⁶
631 1807 731 1858 τυῦ
785 1792 1103 1879 Εὐπάτορος
1151 1803 1409 1880 οἰνοχόου
1447 1803 1538 1860 καὶ
1580 1803 1868 1867 πιστεύσας
1909 1805 1989 1877 τῷ
2022 1792 2070 1857 Β

332 1895 456 1968 περὶ
513 1901 614 1964 τῆς
661 1895 861 1967 πέτρας
918 1891 1075 1970 λόγῳ
1134 1890 1433 1950 κατέϐαλεν
1482 1895 1670 1952 ἑαυτὸν
1715 1940 1728 1952 .
1769 1895 1884 1952 ἐπεὶ
1935 1893 1993 1951 δὲ

335 1979 662 2040 καταϐαλὼν
708 1984 771 2039 τὸ
815 1981 1007 2046 σκέλος
1057 1985 1292 2058 κατεάγη
1343 1987 1432 2038 καί
1489 1985 1592 2040 ὑπὸ
1641 1982 1837 2055 ὀδύνης
1879 1983 1988 2040 ἐτε-

335 2071 521 2144 λεύτα,
553 2070 821 2148 ἀπέρριψε
852 2070 980 2129 τάδε
1016 2072 1082 2127 τὰ
1112 2069 1355 2146 ἰαμϐεῖα,

477 2340 730 2417 Ϊβρῥοιςν
761 2340 1014 2417 ﬂagiti,
1039 2341 1129 2417 καὶ
1156 2343 1296 2417 κακὴ
1327 2341 1496 2417 πέτρη
1531 2344 1760 2405 Λευκάς.

480 2409 731 2488 Χαρῖνον,
763 2413 820 2468 αἲ
850 2413 1071 2488 α”ἰμτήνΔ
1093 2409 1358 2487 ίαμϐικῆν
1394 2409 1630 2488 δὶοὐσαν,

483 2484 887 2553 Κατηθάλωσας
919 2484 1348 2558 ἐλπίδοςκενοῖς
1375 2489 1416 2522 ⁸⁷
1453 2486 1666 2558 μύθοις.

482 2560 698 2614 Τοιαῦτ’
724 2560 973 2632 Ἔρωτος
1013 2557 1282 2633 Εὐπάτωρ
1311 2557 1584 2630 ἐρασθείη.

403 2645 606 2721 Νιρεὺς
668 2648 712 2684 ⁸³
762 2644 820 2704 δὲ
918 2649 1216 2710 Καταναῖος
1269 2647 1480 2721 ἠράσθη
1557 2654 1658 2717 τῆς
1735 2649 1986 2720 Ἀττικῆς

331 2735 650 2806 Ἀθηναίας,
695 2739 786 2792 καὶ
843 2734 1017 2792 ἐλθὼν
1076 2732 1371 2793 κατέϐαλεν
1428 2738 1613 2793 ἑαυτὸν
1661 2737 1767 2792 ἀπὸ
1797 2737 1844 2774 ⁴⁹
1886 2743 1985 2804 τῆς

329 2822 554 2898 πέτρας,
592 2825 684 2880 καὶ
731 2824 974 2896 ἀπελύθη
1007 2830 1104 2882 τοῦ
1155 2823 1543 2901 διοχλΟὖντος,
1577 2847 1753 2882 πεσων
1805 2824 1851 2881 δ’
1893 2824 1984 2881 οὖν

332 2913 408 2974 είς
466 2911 685 2969 δίκτυον
745 2913 988 2971 ἐνέπεσεν
1048 2914 1270 2979 ἁλιέως.
1315 2914 1368 2971 ἐν
1422 2917 1468 2988 ᾧ
1518 2915 1836 2984 ἆνειλκύσθη
1895 2917 1988 2971 σὺν

327 2998 553 3075 κιϐωτῷ
611 3003 864 3079 χρυσίου.
913 3001 1302 3076 Ἐπεδικάζετο
1371 3003 1430 3061 δὲ
1487 3007 1625 3080 πρὸς
1677 3007 1772 3061 τὸν
1830 3004 1987 3061 ἁλιέα

2101 555 2331 628 pulsam
2383 563 2698 624 pateretur,
2731 559 2887 628 quod
2939 559 3102 613 alteri
3153 557 3250 613 ille
3299 573 3364 613 se
3408 557 3748 629 applicaret,

2100 646 2365 702 eumdem
2398 646 2702 703 occidisse.
2722 646 2934 702 Verum
2962 649 3027 702 ad
3052 647 3372 702 Leucadem
3401 647 3746 716 profectum,
3807 689 3812 694 .

2100 751 2229 790 sese
2276 752 2346 790 ex
2393 735 2513 790 alto
2561 737 3014 806 praecipitantem
3069 736 3328 807 peri-isse.
3353 735 3747 790 Nicostratum

2100 824 2238 879 item
2264 824 2551 880 comicum
2574 825 2966 894 Tettigidaaam
2989 825 3397 896 Myrrhinaaam
3431 830 3747 892 amantem,

2100 914 2351 984 indeque
2382 929 2445 968 se
2471 913 2862 983 dejicientem,
2885 931 3082 972 amore
3105 914 3357 970 solutum
3392 915 3602 969 ferunt.
3629 913 3748 968 Ma-

2101 1007 2225 1060 ceta
2281 1008 2475 1059 autem
2536 1002 2896 1059 Buthrotium
2956 1003 3118 1060 aiunt
3182 1005 3592 1074 Leucopetram
3651 1019 3749 1058 co-

2101 1091 2507 1164 gnominatum
2557 1108 2703 1155 esse,
2737 1093 2890 1162 quod
2924 1098 3127 1163 quater
3157 1093 3290 1148 inde
3321 1110 3382 1148 se
3412 1093 3746 1161 demittens,

2103 1181 2319 1236 amoris
2351 1179 2428 1234 sit
2457 1179 2800 1251 impotentia
2852 1180 3156 1236 liberatus.
3204 1181 3474 1252 Magnam
3517 1194 3749 1250 quoque

2101 1270 2406 1327 hominum
2438 1269 2661 1340 capiam
2688 1270 2768 1325 ita
2791 1269 3092 1326 liberatam
3127 1271 3458 1340 praedicant.
3481 1269 3573 1324 Sic
3593 1268 3748 1323 enim

2100 1359 2448 1431 Bulagoram
2484 1359 2940 1430 Pharagoritem,
2975 1360 3126 1417 158
3173 1360 3202 1414 ὁ
3242 1359 3556 1414 Diodorum
3582 1357 3752 1413 Aule-

2102 1457 2194 1505 ten
2227 1449 2451 1521 perdite
2493 1455 2810 1516 amantem,
2833 1450 3083 1521 indeque
3105 1465 3165 1505 se
3190 1448 3664 1520 precipitantem,
3690 1447 3750 1504 in

2100 1542 2332 1595 senecta
2363 1538 2626 1610 periisse.
2663 1539 2909 1594 Periisse
2939 1554 3170 1612 quoque
3207 1536 3520 1608 Rhodopen
3552 1537 3750 1591 Amis-

2100 1645 2326 1694 senam,
2359 1629 2496 1682 dum
2531 1643 2592 1683 se
2636 1629 2768 1682 inde
2824 1628 3160 1699 praecipitat,
3191 1627 3554 1698 geminorum
3605 1627 3750 1680 duo-

2103 1735 2256 1784 rum,
2287 1718 2387 1790 qui
2418 1717 2692 1774 Antiochi
2745 1717 2894 1789 regis
2937 1717 3200 1789 corporis
3247 1717 3517 1773 custodes
3563 1721 3748 1783 erant,

2101 1824 2297 1864 amore
2345 1812 2601 1878 captam,
2631 1807 2846 1878 quibus
2878 1810 3116 1864 nomina
3145 1813 3311 1863 erant
3337 1805 3466 1876 Cyri
3497 1810 3554 1860 et
3581 1807 3754 1861 Anti-

2103 1897 2362 1970 phontis.
2396 1896 2686 1953 Charinus
2720 1913 2950 1969 quoque
2981 1897 3307 1954 iamborum
3341 1895 3610 1966 scriptor,
3642 1911 3752 1950 eu-

2102 1986 2360 2043 nuchum
2386 1989 2698 2057 quemdem
2722 1986 3230 2058 Erota,Eupatoris
3250 1985 3607 2055 pincernam,
3628 2000 3750 2055 per-

2101 2075 2787 2148 diteamavitJabulazque
2801 2077 2872 2132 de
2887 2082 3047 2148 petra
3059 2074 3158 2130 illa
3173 2075 3345 2130 ﬁdem
3364 2073 3753 2144 habens,prae-

2099 2165 2361 2237 cipitavit
2391 2173 2443 2221 et
2473 2164 2591 2220 ille.
2624 2167 2697 2220 At
2725 2181 2860 2221 cum
2893 2181 2960 2220 ex
2994 2165 3162 2234 lapsu
3203 2179 3371 2218 crure
3419 2163 3618 2227 fracto,
3650 2163 3750 2217 do-

2099 2251 2238 2311 loris
2263 2255 2389 2324 jam
2420 2254 2472 2308 vi
2494 2255 2832 2325 exspiraret,
2857 2253 2966 2310 hos
2987 2268 3186 2309 versus
3210 2251 3489 2306 iambicos
3511 2250 3749 2308 effudit:

2273 2345 2475 2401 Fallax
2501 2347 2638 2416 peri,
2668 2344 2814 2416 peri,
2846 2343 3000 2400 mala
3031 2359 3060 2400 ο
3091 2345 3290 2398 Leucas
3319 2347 3480 2416 petra
3501 2356 3520 2394 :

2278 2415 2576 2486 Charinda,
2610 2415 2737 2484 heu,
2769 2417 2896 2482 heu,
2928 2433 3014 2470 me
3045 2424 3259 2486 poetam
3291 2415 3598 2467 iambicum

2277 2489 2405 2560 Spei
2431 2487 2693 2544 adussisti
2724 2489 2988 2544 inanibus
3010 2501 3136 2558 qua?
3167 2486 3392 2560 fabulis.

2275 2557 2336 2616 Ιίι
2368 2568 2584 2616 tantum
2609 2562 2798 2628 Ενοια,
2831 2561 2904 2616 ol
2936 2557 3189 2629 Eupator
3217 2560 3269 2612 si
3297 2557 3514 2623 diligat.

2095 2649 2316 2705 Nereus
2365 2652 2612 2722 insuper
2657 2650 2964 2705 Catanazus
3013 2647 3260 2702 Palladis
3309 2645 3512 2698 Atticae
3554 2656 3750 2696 amore

2096 2755 2418 2811 possessus,
2452 2755 2591 2794 saxo
2640 2739 2920 2794 accedens
2971 2753 3033 2791 se
3083 2732 3483 2807 pracipitavit,
3518 2736 3572 2785 et
3607 2729 3748 2786 libe-

2098 2834 2262 2883 ratus
2287 2834 2378 2884 est
2411 2827 2688 2884 molestia.
2713 2827 2896 2899 Igitur
2926 2824 3166 2896 illapsus
3199 2825 3255 2876 in
3292 2820 3596 2894 piscatoris
3631 2823 3750 2874 rete

2097 2917 2453 2987 subjectum,
2485 2934 2597 2988 quo
2631 2933 2748 2972 una
2778 2931 2908 2970 cum
2945 2915 3068 2968 auri
3105 2911 3274 2984 plena
3304 2909 3508 2965 cistula
3556 2913 3749 2962 extra-

2097 3014 2226 3062 ctus
2257 3013 2366 3070 est,
2400 3006 2671 3076 piscatori
2721 3004 2893 3060 etiam
2928 3003 2999 3059 de
3028 3001 3154 3056 auri
3186 3001 3428 3072 capsula
3467 2999 3624 3053 litem
3658 2995 3749 3051 in-

326 3092 452 3166 περὶ
503 3097 600 3146 τοῦ
652 3094 925 3168 χρυσίουο
977 3092 1106 3149 ἀλλ’
1141 3095 1169 3148 ὁ
1211 3092 1504 3152 Ἀπόλλων
1550 3094 1834 3170 νυκτερινῇ
1863 3091 1985 3168 ὄψει

2102 3096 2305 3152 tendit.
2339 3097 2550 3151 Verum
2584 3095 2785 3164 Apollo
2837 3093 3162 3151 secundum
3205 3090 3455 3162 quietem
3506 3089 3685 3177 visus,
3716 3103 3750 3142 a

327 3179 628 3251 ἀπέστησεν
661 3181 822 3236 αὐτὸν
872 3185 971 3238 τοῦ
1014 3179 1436 3255 ἐπιδικάζεσθαι,
1470 3181 1592 3238 δέον
1646 3184 1985 3259 εὐχαριστεῖν

331 3268 468 3343 ὑπὲρ
495 3275 594 3338 τῆς
616 3267 970 3346 ἀπαλλαγῆς,
1014 3269 1475 3346 ἀπειλησάμενος,
1504 3271 1652 3328 ἀλλὰ
1687 3275 1762 3346 μή
1815 3274 1904 3327 καὶ
1936 3275 1985 3310 ⁵ο

327 3353 628 3431 ἀλλότριον
675 3360 1120 3433 περιεργάζεσθαι
1170 3361 1425 3434 χρυσίου.
1459 3362 1588 3434 [493
1627 3363 1720 3434 8.]
1766 3361 1913 3416 Πᾶνὰ
1941 3363 1984 3398 ⁸ί

329 3468 486 3526 φασιν
515 3450 564 3485 ⁵³
609 3448 768 3527 ἰχθὺν
820 3449 956 3504 εἶναι
1006 3448 1305 3505 θαλάσσιον
1363 3449 1615 3522 κητώδη,
1666 3451 1859 3524 ὅμοιον
1907 3456 1984 3525 τῷ

329 3539 463 3596 Πανὶ
524 3538 662 3592 κατὰ
718 3539 820 3608 τήν
878 3537 1004 3612 ὄψιν
1039 3557 1051 3571 ·
1095 3537 1151 3594 ἐν
1206 3539 1392 3612 τούτῳ
1443 3539 1592 3596 λίθον
1647 3540 1984 3614 εὑρίσκεσθαι

327 3628 419 3683 τὸν
489 3626 804 3702 άστερίτην,
883 3626 941 3682 ’ὀν
1009 3627 1085 3690 εἰς
1143 3625 1308 3698 ἥλιον
1363 3629 1580 3685 τεθέντα
1636 3629 1984 3699 ἀνάπτεσθαι,

329 3721 509 3772 ποιεῖν
544 3713 602 3771 δὲ
647 3715 739 3770 καὶ
787 3717 925 3790 πρὸς
957 3715 1188 3794 φίλτρον
1217 3718 1284 3774 ⁸³.
1323 3720 1528 3776 Τοῦτον
1586 3717 1652 3789 δὴ
1694 3721 1788 3775 τὸν
1836 3717 1988 3774 λίθον

332 3806 481 3880 εἶχεν
533 3800 754 3874 Ἑλένη,
807 3803 1024 3884 γλυφὴν
1070 3800 1268 3881 ἔχοντα
1319 3807 1478 3863 αὐτὸν
1537 3809 1628 3864 τὸν
1689 3807 1848 3884 ἰχθὺν
1895 3809 1986 3863 τὸν

334 3901 506 3961 Πᾶνα,
547 3893 638 3948 καὶ
681 3895 853 3970 ταύτῃ
905 3894 1174 3971 ἐκέχρητο
1204 3901 1275 3970 τῇ
1324 3895 1602 3975 σφραγῖδι.
1634 3901 1724 3955 Ἐν
1765 3899 1852 3960 οἷς
1901 3899 1991 3953 καὶ

333 3987 432 4039 τοῦ
472 3988 514 4053 ζ’
551 3983 596 4020 ⁶⁴
624 3989 723 4053 τῆς
777 3982 1126 4058 Πτολεμαίου
1173 3990 1275 4042 τοῦ
1308 3986 1706 4063 Ἡφαιστίωνος
1763 3986 1840 4050 είς
1887 4007 1992 4042 πο-

335 4070 614 4146 λυμαθίαν
645 4079 837 4143 καινῆς
867 4072 1111 4150 ἱστορίας
1136 4077 1204 4131 τα
1242 4075 1535 4153 κεφάλαια.

1090 4164 1163 4222 PL
1176 4165 1253 4222 ΑΖ

589 4252 701 4309 Τοῦ
733 4249 980 4327 μεγάλου
1011 4204 1301 4310 Βασᾶἷίου
1329 4253 1396 4310 τὰ
1426 4255 1740 4326 Ἀσκητικά.

409 4339 758 4413 Ἀνεγνώσθη
809 4344 908 4397 τοῦ
964 4343 1020 4397 ἓν
1081 4341 1264 4417 ἁγίοις
1324 4343 1632 4418 Βασιλείου,
1692 4345 1992 4402 ἐπισκόπου

2098 3186 2385 3259 litigando
2436 3187 2612 3242 minis
2660 3186 2958 3241 deterruit.
2993 3182 3269 3252 Oportere
3299 3179 3451 3234 enim
3488 3177 3560 3232 ob
3590 3175 3751 3232 solu-

2094 3279 2221 3332 tum
2255 3293 2513 3332 amorem
2550 3280 2780 3348 gratum
2816 3287 2965 3336 esse,
2991 3288 3104 3326 non
3138 3275 3328 3325 autem
3363 3265 3618 3322 alienum
3653 3280 3753 3320 au-

2095 3381 2223 3422 rum
2255 3373 2544 3439 appetere.
3084 3348 3094 3358 ’

2167 3453 2322 3511 Pana
2356 3455 2567 3526 piscem
2593 3453 2675 3510 ait
2703 3469 2832 3509 esse
2861 3449 3178 3516 marinum,
3202 3447 3422 3505 Balenze
3449 3444 3740 3517 magnitu-

2096 3544 2252 3612 dine,
2279 3546 2465 3600 forma
2497 3543 2636 3600 Pani
2671 3559 2784 3598 non
2816 3539 3168 3596 absimilem.
3198 3539 3254 3593 ln
3280 3539 3384 3592 hoc
3409 3537 3564 3606 pisce
3594 3532 3740 3604 lapi-

2095 3636 2225 3690 dem
2282 3635 2519 3706 reperiri
2569 3633 2865 3698 asteriten,
2893 3646 3063 3701 quem
3115 3627 3220 3682 soli
3271 3625 3599 3696 oppositum
3649 3623 3739 3676 in-

2097 3725 2264 3781 cendi
2317 3725 2521 3789 ferant,
2550 3722 2740 3778 valere
2786 3722 2958 3777 etiam
3009 3719 3078 3774 ad
3132 3715 3410 3788 philtrum
3439 3730 3453 3768 :
3487 3715 3743 3781 adeoque

2098 3814 2256 3869 hunc
2290 3812 2556 3869 Helenam
2607 3811 2859 3884 lapidem
2911 3807 3202 3871 habuisse,
3235 3803 3524 3872 insculpta
3572 3799 3745 3855 Panis

2102 3902 2278 3975 piscis
2327 3901 2602 3972 imagine,
2634 3917 2749 3971 quo
2775 3906 2833 3955 et
2863 3900 2920 3954 in
2952 3896 3316 3969 obsignando
3349 3895 3422 3949 sit
3454 3909 3576 3948 usa.
3609 3893 3741 3945 Hec

2103 3995 2246 4047 sunt
2275 4007 2410 4062 ergo
2439 3991 2629 4062 capita
2663 3989 2793 4044 libri
2843 3987 3074 4057 septimi
3128 4002 3283 4041 novae
3318 3982 3607 4039 Ptolemaei
3643 3981 3748 4036 lle-

2103 4080 2442 4155 phrestionis
2473 4080 2545 4136 ad
2576 4080 2792 4136 variam
2823 4077 3208 4135 eruditionem
3242 4072 3529 4128 Historiae.

2836 4165 3018 4223 CXCI.

2457 4257 2652 4315 Sancti
2684 4256 2894 4314 Basilii
2923 4253 3105 4326 Magni
3133 4255 3388 4310 Arce/ica.

2173 4348 2445 4423 Legimus
2471 4348 2623 4405 beati
2655 4345 2850 4404 Basilii
2881 4346 3132 4416 episcopi
3167 4343 3432 4399 Caesares:
3453 4337 3748 4412 Cappado-

337 4427 662 4501 Καισαρείας
733 4427 1148 4500 Καππαδοκίας,
1204 4433 1272 4488 τὰ
1341 4431 1609 4508 λεγόμενα
1675 4435 1991 4505 Ἀσκητικὰ,

2106 4440 2230 4509 ciae,
2261 4440 2362 4511 qui
2393 4443 2672 4494 vocantur
2721 4437 3111 4494 Asceticorum
3165 4433 3307 4506 (15')
3359 4433 3532 4487 libros
3581 4430 3748 4484 duos.

337 4515 394 4572 ιν
426 4513 547 4572 δυσὶ
595 4515 810 4592 λόγοις.
861 4521 1152 4594 Χρήσιμον
1207 4523 1304 4595 μὶν
1348 4524 1411 4578 τὸ
1457 4519 1702 4598 βιϐλίον,
1743 4523 1894 4600 εἴπερ
1945 4536 1998 4580 τι

337 4601 504 4674 ἄλλο,
552 4606 762 4679 ἑκάστῳ
816 4613 925 4664 τῶν
973 4605 1208 4666 εὐσεϐεῖν
1273 4611 1614 4688 αἱρουμένων
1669 4613 1759 4669 καὶ
1805 4620 1991 4692 τυχεῖν

335 4698 448 4750 τῶν
493 4696 732 4751 αἷωνίων
783 4698 995 4772 ἀγαθῶν
1028 4717 1041 4732 ·
1087 4702 1211 4774 [255
1253 4703 1346 4776 [1.]
1398 4701 1636 4774 μάλιστα
1685 4701 1740 4760 δὲ
1787 4710 1903 4768 τοῖς
1944 4703 1995 4761 ἐν

340 4780 605 4857 κοινοϐίῳ
649 4786 742 4841 τὸν
791 4786 1086 4858 ἀσκητικὸν
1133 4787 1452 4847 διαθλοῦσιν
1494 4791 1698 4867 ἀγῶνα·
1737 4795 1898 4868 Ἔχει
1938 4791 1997 4849 δὲ

338 4873 431 4928 καὶ
501 4871 730 4931 πολλῶν
799 4876 1169 4952 ἆπορημάτων
1209 4881 1256 4918 ⁸⁸
1329 4885 1638 4958 Γραφικῶν,
1697 4881 1794 4938 ὅσα
1869 4904 1996 4939 συν-

340 4971 634 5043 επικοσμεῖ
679 4968 743 5024 τὸ
775 4969 931 5042 ἦθος,
973 4969 1028 5026 ἐν
1068 4970 1288 5048 συνόψει
1337 4973 1521 5036 λύσεις
1568 4996 1628 5032 τε
1675 4975 1767 5032 καὶ
1819 4997 1996 5052 σαφη-

2113 4530 2259 4589 Utile
2287 4545 2428 4586 sane
2456 4530 2562 4585 hoc
2591 4545 2761 4601 opus,
2786 4529 2831 4582 si
2864 4525 3018 4598 quod
3053 4524 3232 4589 aliud,
3270 4520 3503 4595 pietatis
3535 4518 3754 4574 studio-

2105 4619 2211 4686 sis,
2243 4620 2459 4692 quique
2487 4626 2698 4673 aeterna
2725 4616 2826 4672 illa
2857 4617 3008 4672 bona
3037 4619 3450 4670 consectantur
3474 4627 3486 4665 :
3508 4609 3753 4665 maxime

2105 4729 2239 4770 vero
2288 4711 2383 4780 iis,
2434 4712 2533 4783 qui
2579 4711 2638 4766 in
2683 4707 3056 4766 monasteriis
3103 4707 3172 4762 ad
3225 4704 3497 4777 pietatem
3555 4715 3750 4756 veram

2106 4808 2464 4860 exercentur.
2487 4799 2755 4856 Continet
2783 4805 2973 4853 autem
3005 4809 3140 4851 cum
3173 4809 3203 4850 e
3233 4807 3398 4848 sacra
3429 4789 3747 4861 Scriptura,

2105 4891 2395 4946 variarum
2444 4885 2852 4961 questionum,
2882 4899 3009 4955 qum
3047 4883 3120 4938 ad
3161 4896 3351 4937 mores
3393 4891 3753 4949 componen-

2106 4979 2213 5035 dos
2245 4977 2480 5045 faciant,
2508 4973 2890 5032 breviarium:
2914 4977 3044 5028 tum
3066 4971 3160 5027 his
3180 4967 3502 5026 solutiones
3523 4963 3754 5020 additas

1708 5121 1948 5181 VARIIE
1985 5121 2401 5180 LECTIONES.

891 5243 937 5318 ξ’
963 5239 1390 5318 τετεγιδαίαςΑ.

413 5238 461 5276 ⁸³
487 5236 674 5294 tauth

419 5310 518 5348 νηὶ..
549 5309 614 5348 τ·
735 5313 792 5348 ω

347 5309 678 5450 ιι
713 5309 1139 5444 iamsi:
1167 5321 1227 5444 ξι
1246 5309 1742 5450 ’ἑμὲἒέξιένὲἱςές

391 5453 554 5512 uiuas
581 5459 642 5513 et
670 5455 710 5513 ι.
742 5456 782 5515 ι.
816 5463 874 5515 et
902 5474 956 5518 ν.
989 5457 1197 5534 Ἰχθύα

759 5243 792 5296 ’.
891 5243 937 5287 δ’
963 5243 1296 5318 τετεγιδαίας
1324 5247 1390 5303 Α.
1493 5245 1539 5284 ⁴¹
1570 5243 1906 5322 Μυῤ⁹ιναίας
2111 5247 2158 5284 ⁸³
2188 5243 2564 5353 φαραγορίτην
2778 5243 2826 5280 ⁴³
2856 5243 2915 5298 δὶ
2951 5243 3085 5298 add.
3117 5243 3184 5300 Δ.

759 5311 1138 5421 :2
1167 5321 1225 5421 ἐκ
1246 5313 1627 5421 sciter:
2261 5315 2718 5421 ηαξΐξρξὶξηςὶ
2741 5314 3005 5421 η.ῒί.ἒῐτδ
3042 5311 3256 5421 Ξ

469 5376 592 5458 ς.”
627 5381 678 5421 ⁸⁸
714 5381 854 5438 nisi
875 5391 957 5444 A:
993 5376 1139 5442 [Ϊᾶνα
1169 5384 1227 5444 δὲ
1374 5376 1450 5446 ἀὲ
1473 5376 1538 5446 ὶιο
1567 5376 1648 5448 ct‘.
1673 5376 1852 5450 'Suid.
1876 5408 1939 5474 ⁹ν.
1973 5376 2231 5452 Aiacem:
2261 5376 2489 5464 Μιθριδῖ
2519 5376 2720 5498 ίδβῖιθ
2741 5389 2972 5446 xum”.
3045 5376 3096 5422 ς’
3125 5376 3404 5461 φησὶν
3478 5381 3524 5418 ﬂ
3549 5376 3752 5458 φίλτρα

469 5459 554 5498 ιιι.
581 5459 641 5498 at
673 5455 708 5498 ι-
744 5456 756 5498 1
816 5463 873 5498 nt
902 5474 936 5498 υ
989 5457 1176 5498 uvas...
1350 5459 1441 5498 νηι
1465 5461 1531 5498 ...ι
1561 5466 1658 5498 ..π
1688 5463 1752 5498 ν-
1847 5465 1892 5498 Ι.)
1920 5461 2296 5498 λ-..,...ι-,...,
2327 5458 2557 5498 πυτς...

1374 5406 1446 5446 ae
1477 5407 1538 5446 re
1567 5406 1648 5448 ct.
1688 5406 1852 5450 δυια.
1888 5408 1939 5446 v.
1973 5406 2231 5452 Αἴσωπος
2261 5406 2488 5464 Μιθριο.
2519 5406 2596 5444 ID!

1350 5459 1442 5516 καὶ
1465 5461 1534 5518 τὰ
1561 5466 1658 5519 τοῦ
1688 5463 1773 5540 ς’,
1847 5465 1892 5502 ⁸⁵
1919 5461 2296 5538 ἀπορημάτων
2327 5458 2557 5517 πολλῶν
2588 5406 2651 5536 ἓ

3285 5237 3335 5274 ⁴⁴
3363 5234 3546 5292 Ῥόπιν
3597 5233 3754 5307 ἆμιστ

2778 5239 2920 5336 ιταδξ
2951 5242 3184 5336 asa-A-

2111 5247 2158 5284 "
2188 5243 2564 5353 φαραγορίτην
2778 5243 2826 5280 ⁴³
2856 5243 2915 5298 δὶ
2951 5243 3085 5298 add.
3117 5243 3184 5300 Δ.
3285 5243 3335 5274 ⁴⁴
3360 5243 3546 5330 ξΡόπὶιν
3597 5243 3752 5323 diua:

2111 5323 2204 5375 :A.
2387 5317 2600 5382 Νηρεὺς
2629 5315 2712 5382 ς’.
2812 5314 2859 5351 ‘9
2900 5314 3005 5370 ὑπὸ
3042 5312 3124 5382 ς’.
3307 5331 3384 5382 μη
3414 5311 3630 5382 καιίΛρξ
3660 5325 3752 5361 και

2387 5315 2712 5392 Νηρεῦίς.

1941 5587 2173 5647 ΝΟΤΔΕ.

419 5703 560 5776 (15⁸)
586 5703 818 5762 Similia
847 5707 1060 5764 iterum
1090 5708 1240 5768 lecta
1268 5709 1602 5771 referuntur
1631 5728 1794 5788 supr.
1827 5713 1953 5771 cod.
1988 5713 2110 5770 144.
