4198 6216
423 324 542 385 635

1620 326 1893 388 PHOTII
1939 325 2468 390 PATRIARCHE
2509 327 2627 388 ΟΡ.

3716 319 3838 384 636

424 466 601 532 atque
650 461 1103 532 explanationes.
1139 460 1367 517 Eminet
1415 460 1530 533 (16)
1576 477 1749 532 porro
1796 460 1974 533 hujus
2015 462 2074 519 in

2188 462 2397 537 νισμύν.
2449 464 2536 521 Ἐν
2582 463 2676 536 μὲν
2738 461 2830 519 οῦν
2872 468 2989 527 τοῖς
3048 462 3237 539 λόγοις
3286 462 3350 518 τὸ
3401 460 3631 530 σύνηθες
3674 460 3847 516 αύτου

424 551 593 609 libris
642 555 888 626 egregie,
923 570 1036 608 non
1087 552 1182 608 ille
1229 554 1401 608 modo
1449 552 1731 609 solemnis
1772 554 1915 610 adeo
1964 553 2078 626 ipsi

428 643 670 698 affectus
701 643 904 709 lenior,
937 643 1037 697 sed
1091 658 1237 713 pura
1283 643 1457 697 etiam
1506 641 1927 714 perspicuitas:
1962 643 2075 699 nisi

427 732 579 802 quod
617 732 675 785 in
708 731 860 787 154
909 747 943 785 a
1007 731 1425 801 quaestionibus
1456 730 1807 802 quihusdam
1841 733 2075 803 empha-

426 835 555 875 seos
596 817 817 890 aliquid
847 820 919 874 ab
949 836 1015 876 eo
1046 835 1344 888 aspersum
1377 826 1667 891 appareat,
1704 838 1817 877 non
1844 823 1901 877 id
1935 824 2076 880 adeo

421 907 725 963 vocabulis
751 908 948 963 minus
972 908 1554 977 usitatisjuveniliter
1570 910 1872 979 adhibitis,
1890 928 2075 981 neque

422 998 843 1069 compositione
874 1015 975 1068 per
1004 999 1535 1055 circumductiones
1556 1000 1905 1056 obscurata:
1934 1003 2074 1074 quin

422 1102 614 1158 neque
658 1086 852 1157 aliqua
905 1089 1229 1158 peregrina,
1263 1094 1319 1142 et
1349 1106 1380 1142 a
1411 1090 1635 1159 privato
1668 1106 1774 1144 usu
1809 1090 2077 1161 civilique

429 1192 697 1234 sermone
738 1178 1048 1233 remotiore
1097 1179 1450 1245 curiositate,
1484 1183 1584 1233 aut
1608 1179 1948 1243 acrimonia,
1980 1182 2076 1235 sed

427 1266 583 1337 quod
616 1265 778 1322 hisce
809 1266 879 1321 de
908 1282 1067 1321 more
1115 1268 1378 1333 servatis,
1411 1267 1741 1338 emphasim
1776 1268 1947 1324 veluti
1982 1271 2072 1324 in-

427 1354 717 1426 terjiciat;
752 1353 912 1409 nullo
944 1355 1173 1410 interim
1207 1355 1452 1427 [lectori]
1487 1357 1670 1411 indito
1703 1357 1955 1412 instituti
1987 1358 2078 1413 sui

425 1458 624 1510 sensu,
648 1459 981 1514 quanquam
1015 1460 1083 1500 ea
1112 1460 1239 1515 quas
1268 1446 1515 1500 breviter
1541 1446 1866 1517 proposuit,
1894 1448 2079 1517 pluri-

425 1548 587 1588 mum
622 1548 735 1587 non
771 1536 1105 1603 pertractat,
1138 1549 1203 1587 eo
1234 1534 1380 1602 quod
1432 1548 1665 1588 summa
1709 1536 1898 1605 capita
1928 1536 2078 1589 dun-

423 1625 588 1677 taxat
618 1621 879 1677 oratiune
911 1622 1176 1691 persequi
1214 1622 1577 1693 propositum
1610 1622 1855 1688 habens,
1878 1623 2080 1679 clario-

424 1711 503 1766 ris
536 1711 942 1782 explicationis
990 1710 1487 1782 opportunitatem
1542 1710 1761 1766 nullam
1816 1713 2075 1783 reperiat.

2186 555 2320 621 ἦθος
2353 556 2401 591 ⁵⁵
2445 550 2725 627 διαπρέπει
2778 553 2868 609 καὶ
2920 562 3017 623 τῆς
3072 550 3370 629 σαφηνείας
3427 551 3491 607 τὸ
3559 551 3795 625 καθαρόν
3830 592 3843 605 .

2185 642 2331 711 πλήν
2389 642 2469 697 ἐπ’
2541 643 2702 705 ἐνίοις
2772 648 2881 698 τῶν
2945 642 3274 714 ζητημάτων
3346 640 3459 696 ἐστὶ
3517 661 3637 701 πως
3696 639 3849 710 αὐτῷ

2185 731 2633 806 παρεσπαρμένον
2692 732 2780 787 καὶ
2840 733 2903 787 τὸ
2959 730 3283 810 ἐμφατικὸν,
3342 729 3403 784 οὗ
3470 736 3570 798 τῆς
3642 729 3847 800 λέξεως

2186 820 2261 882 εἷς
2306 822 2553 897 λγῶτταν
2604 822 3004 891 νεανιευούσης,
3047 817 3172 875 οὐδὲ
3210 827 3310 889 τῆς
3357 820 3633 889 συνθήκης
3680 838 3847 891 περι-

2187 906 2381 971 ϐολαῖς
2422 908 2931 986 ἐπηλυγαζομένης,
2965 909 3024 964 οὗ
3061 920 3167 981 μην
3207 906 3324 964 οὐδ’
3369 905 3517 983 ἄλλῃ
3549 908 3653 963 τινὶ
3700 909 3843 977 ξενιο

2186 1000 2351 1074 ζούσῃ
2386 999 2475 1054 καὶ
2526 1000 2983 1075 ἀνακεχωρηκυίᾳ
3012 1000 3045 1068 ἢ
3086 1004 3182 1053 τοῦ
3230 996 3368 1052 ἰδίου
3417 998 3625 1072 τρόπου
3655 999 3691 1067 ἢ
3739 1000 3844 1051 τοῦ

2184 1087 2474 1144 πολιτικοῦ
2504 1087 2677 1163 λόγου
2703 1090 2983 1165 περιεργίᾳ
3012 1090 3101 1144 καὶ
3124 1086 3395 1156 δεινότητι
3430 1106 3442 1118 ·
3476 1085 3625 1142 ἀλλὰ
3670 1088 3842 1142 ταῦτα

2185 1176 2473 1255 φυλάττων
2530 1180 2604 1241 ὡς
2662 1177 2803 1248 ἔθος,
2841 1178 2903 1233 τὸ
2961 1177 3258 1255 ἐμφατικὸν
3314 1174 3497 1251 ὥσπερ
3556 1175 3846 1252 ἐναποῤῥί-
3906 1193 3917 1205 ’

2184 1289 2324 1335 πτει,
2406 1265 2677 1340 μηδεμίαν
2755 1267 2989 1345 ἐναφιεὶς
3076 1264 3512 1339 ἐπιτηδεύματος
3608 1263 3841 1332 ἔννοιαν,

2188 1356 2333 1425 πλὴν
2360 1358 2457 1412 ὃσα
2498 1377 2561 1434 γε
2599 1362 2666 1431 τῇ
2727 1356 2999 1433 φυντομίᾳ
3043 1350 3353 1429 προϐάλλει
3400 1354 3550 1411 αὐτό.
3592 1355 3669 1411 Τὸ
3721 1355 3845 1427 μέν·

2184 1467 2271 1501 τοι
2301 1449 2341 1483 ⁸⁷
2401 1445 2658 1520 εύκρινές,
2706 1447 2795 1500 ἅτε
2853 1442 2920 1515 δὴ
2974 1441 3331 1517 κεφαλαιώδη
3384 1439 3849 1517 προϐεϐλημένος

2183 1534 2273 1589 τὸν
2310 1532 2495 1609 λόγον,
2526 1534 2714 1607 καιρὸν
2742 1532 2850 1612 οὐχ
2888 1534 3031 1608 δρῶν
3073 1531 3359 1605 εὑρίσκειν,
3392 1530 3511 1586 οὐδ’
3563 1532 3846 1606 ἐχρήσατο

2184 1624 2251 1677 τὰ
2295 1621 2498 1679 πολλα.
2551 1624 2744 1693 Διήκει
2792 1620 2839 1677 δ’
2887 1621 3052 1676 αὐτοῦ
3099 1621 3188 1674 καὶ
3228 1621 3289 1674 τὸ
3341 1616 3507 1695 δριμὺ
3561 1621 3694 1692 μετά
3742 1624 3847 1675 τοῦ

2187 1714 2418 1767 πιθανοῦ
2457 1710 2749 1786 πολλαχοῦ
2780 1715 2886 1765 τῶν
2917 1710 3251 1781 ζητημάτων
3291 1714 3411 1770 ταῖς
3464 1707 3672 1775 λύσεσι,
3704 1730 3847 1763 παν-

426 1800 497 1855 Et
526 1800 765 1856 adhibet
795 1799 891 1854 ille
924 1800 1158 1871 quidem
1193 1815 1361 1855 suum
1388 1800 1457 1855 ad
1486 1801 1953 1871 persuadendum
1986 1818 2076 1856 ac-

2187 1806 2362 1880 ταχοῦ
2403 1798 2459 1856 δὲ
2488 1802 2548 1856 τὸ
2588 1798 2915 1877 ψυχωφελὶς
2954 1800 3044 1854 καὶ
3095 1800 3389 1871 σωτήριον.
3424 1797 3502 1856 Οὐ
3554 1796 3738 1871 μέντοι
3772 1802 3842 1872 τῇ

426 1890 863 1945 commodatum
892 1904 1136 1945 acumen
1172 1889 1373 1944 multis
1405 1890 1797 1961 quaestionum
1830 1890 2080 1947 solutio-

431 1978 624 2045 nibus,
649 1979 744 2033 sed
778 1980 989 2033 anima:
1020 1978 1179 2033 salus
1211 1982 1389 2049 atque
1421 1977 1637 2033 utilitas
1668 1978 1836 2049 plane
1865 1980 2077 2047 ubique

432 2072 744 2140 spectatur.
788 2070 1130 2139 Quanquam
1181 2084 1294 2123 non
1344 2067 1466 2123 sola
1513 2068 1791 2123 brevitate
1837 2068 2080 2125 violetur

428 2157 581 2227 apud
617 2173 749 2211 eum
785 2156 1205 2227 perspicuitas:
1238 2172 1439 2212 verum
1470 2162 1528 2212 et
1558 2174 1626 2211 ex
1665 2173 1752 2224 eo,
1788 2158 1937 2227 quod
1986 2174 2074 2214 so-

421 2246 667 2303 lutionis
698 2247 1049 2318 indigentem
1104 2248 1419 2304 orationem
1461 2247 1710 2313 claudat,
1745 2247 1905 2303 nulla
1934 2264 2071 2304 eon-

425 2334 700 2391 cludendi
737 2336 924 2390 forma
966 2334 1263 2391 adhibita:
1300 2340 1361 2391 ut
1392 2335 1547 2391 inter
1574 2336 1849 2406 disjectas
1882 2353 2080 2408 propo-

433 2425 699 2492 sitiones,
738 2428 794 2479 et
825 2424 1111 2480 inferendi
1144 2429 1202 2480 et
1232 2424 1616 2482 concludendi
1665 2426 1719 2480 vi
1771 2424 2080 2483 destitutas

429 2513 825 2586 probationes,
856 2529 1024 2569 mens
1054 2514 1298 2571 aberret.

505 2604 721 2657 Harum
756 2608 952 2658 autem
986 2620 1175 2660 rerum
1209 2620 1385 2661 causa
1417 2604 1475 2659 in
1506 2604 1727 2661 variam
1773 2604 2080 2677 providen-

348 2750 351 2767 ι
429 2692 522 2749 tias
557 2691 890 2748 methodum
924 2692 1266 2759 dissecatur,
1289 2710 1463 2765 quam
1498 2694 1795 2764 sapientiae
1823 2703 1934 2750 tuae
1967 2696 2078 2767 (17)

428 2781 911 2838 considerandam
947 2782 1242 2853 permitto.
1268 2783 1329 2839 1n
1358 2782 1451 2838 his
1481 2782 1725 2857 [tamen]
1756 2784 1980 2840 duobus
2010 2784 2079 2839 li-

422 2873 546 2929 bris
574 2891 684 2929 non
711 2890 942 2943 semper
964 2875 1033 2929 ad
1058 2874 1382 2945 emphasim
1409 2876 1671 2932 recurrit.
1692 2877 1896 2932 Statim
1924 2876 2079 2934 enim

425 2963 652 3035 primus
701 2961 849 3018 liber
897 2962 1042 3018 nihil
1086 2980 1201 3034 prae
1231 2980 1288 3020 se
1320 2964 1430 3021 fert
1462 2964 1598 3030 tale,
1632 2966 1738 3021 nisi
1786 2967 1936 3038 quod
1989 2984 2078 3023 se-

430 3053 540 3108 mel
575 3053 789 3109 alicubi
824 3069 924 3124 per
955 3054 1311 3110 reticentiam
1363 3055 1581 3111 malum
1626 3072 1793 3113 omen
1838 3062 2078 3115 avertat.

428 3143 574 3200 Nam
610 3142 682 3197 ad
713 3147 919 3197 castora
951 3143 1103 3213 quod
1144 3142 1369 3209 attinet,
1402 3143 1565 3200 valde
1610 3144 1688 3199 ibi
1727 3150 1813 3200 est
1852 3145 2078 3215 firmus,

431 3237 488 3287 et
518 3247 683 3300 aeque
716 3247 900 3301 purus
933 3236 1106 3301 atque
1138 3230 1452 3302 dilucidus,
1487 3250 1705 3304 perque
1735 3236 1879 3290 duos
1913 3236 2081 3292 hosce

430 3318 614 3374 libros
663 3319 917 3375 decurrit
966 3320 1288 3389 simplicior
1318 3321 1554 3390 quidam
1587 3327 1643 3377 et
1674 3324 2079 3389 perfamiliaris

427 3423 622 3463 sermo
655 3423 720 3462 ac
753 3408 1121 3479 compositio,
1148 3410 1214 3463 ad
1237 3408 1391 3477 vulgi
1422 3426 1590 3465 aures
1620 3417 1961 3481 comparata
1991 3416 2081 3468 at-

424 3512 537 3568 que
564 3495 911 3565 demissa,et
928 3497 998 3551 ad
1019 3496 1199 3552 solam
1222 3499 1454 3554 domum
1476 3499 1805 3556 auditorum
1829 3501 2077 3557 salutem

428 3585 673 3641 intenta.
700 3585 885 3656 Igitur
915 3586 1139 3658 primus
1164 3587 1291 3657 ejus
1324 3587 1469 3644 liber
1490 3589 1603 3660 (18)
1637 3591 1913 3645 continet.
1942 3593 2073 3657 Qua:

428 3676 503 3730 sit
539 3691 737 3738 causa,
772 3683 1175 3746 quantumque
1216 3675 1540 3748 periculum
1584 3677 1907 3748 hujusmodi
1940 3696 2077 3736 cum

426 3764 817 3821 Ecclesiarum
852 3765 975 3831 Dei,
1021 3775 1140 3821 tum
1193 3766 1555 3835 singulorum
1591 3768 1895 3825 hominum
1928 3770 2078 3827 inter

422 3854 585 3926 ipsos
618 3854 1002 3910 dissensionis
1034 3862 1210 3926 atque
1241 3858 1490 3912 dissidii.
1517 3858 1750 3926 Deinde,
1775 3860 1926 3931 quod
1949 3876 2073 3915 om-

424 3944 515 4000 nis
549 3946 820 4016 praecepti
852 3946 1032 4001 divini
1070 3948 1453 4018 transgresdo
1478 3948 1847 4005 vehementer
1868 3967 1933 4005 ac
1956 3956 2069 4006 ter-

417 4034 668 4089 ribiliter
700 4035 955 4104 punitur,
990 4034 1161 4104 idque
1191 4051 1221 4090 e
1251 4036 1564 4107 Scripturis
1593 4039 1776 4094 sacris
1824 4040 2071 4095 demon-

416 4128 680 4179 stratum.
726 4123 940 4193 Tertio,
974 4124 1045 4179 de
1101 4123 1209 4179 fide
1256 4132 1455 4181 nostra
1503 4126 1802 4195 catholica,
1836 4129 1955 4184 sive
1998 4129 2069 4185 de

419 4230 568 4284 pura
627 4219 829 4267 nostra
879 4216 937 4267 et
988 4214 1214 4270 sincera
1270 4215 1627 4272 confessione
1684 4217 2069 4274 sanctissimae

418 4301 745 4358 Trinitatis.
775 4302 946 4357 Liber
977 4318 1108 4358 vero
1140 4304 1452 4369 secundus,
1478 4305 1789 4361 Christiani
1811 4306 2069 4363 hominis

422 4390 742 4460 quamdam
775 4390 954 4446 veluti
981 4392 1432 4465 descriptionem
1457 4395 1572 4467 (19)
1598 4411 1699 4466 per
1728 4412 1956 4453 summa
1987 4413 2073 4452 ca-

420 4478 546 4550 pita
580 4477 943 4551 breviterque
977 4482 1282 4553 proponit:
1311 4480 1684 4554 similemque
1715 4500 1947 4541 rursum
1982 4486 2075 4540 de-

422 4566 799 4638 scriptionem
851 4584 1072 4636 eorum,
1104 4570 1203 4641 qui
1238 4571 1498 4627 docendo
1529 4572 1839 4645 Evangelia
1870 4576 2072 4646 praefe-

420 4656 496 4713 cti
526 4664 678 4714 sunt.
721 4658 933 4716 Deinde
973 4659 1140 4732 quasi
1190 4662 1426 4735 regulas
1471 4664 1759 4735 quaedam
1792 4665 2074 4721 asceticas

2190 1890 2452 1962 συντομία
2484 1891 2622 1964 μόνῃ
2658 1889 3038 1964 περιθραύεται
3086 1889 3150 1943 τὸ
3181 1887 3365 1966 σαφὲς,
3407 1885 3563 1942 οὐδὲν
3597 1884 3643 1941 δ’
3674 1885 3841 1941 ἔλατ-

2187 2000 2277 2034 τον
2307 1981 2397 2035 καὶ
2429 1986 2507 2052 τῷ
2534 1981 2580 2017 ⁵³
2615 1982 2691 2053 μὴ
2717 1978 2844 2041 τοὺς
2892 1981 2993 2048 τὴν
3020 1976 3176 2032 λύσιν
3220 1976 3603 2037 ἐπιτελοῦντας
3637 1976 3842 2052 λόγους

2188 2069 2265 2132 εἷς
2314 2070 2375 2125 τὸ
2435 2070 2862 2144 συμπεραντικὸν
2925 2066 3307 2143 ἀπαρτίζεσθαι
3358 2069 3576 2142 σχῆμα,
3616 2065 3744 2121 ἀλλ’
3784 2065 3841 2121 ἐν

2185 2164 2264 2231 τῷ
2313 2156 2680 2234 διερῥιμμὲνῳ
2741 2160 2833 2231 μὶν
2880 2162 2988 2212 τῶν
3043 2159 3354 2233 προτάσεων
3411 2157 3725 2231 ἀνεπιφόρῳ
3782 2154 3845 2221 δὲ

2187 2250 2276 2303 καὶ
2327 2249 2389 2303 οὐ
2442 2246 2859 2321 συνειλημμένῳ
2912 2251 3019 2301 τῶν
3069 2244 3401 2316 ἀποδείξεων
3449 2246 3548 2315 τὴν
3594 2241 3840 2299 διάνοιαν

2189 2337 2640 2414 περιπλανᾶσθαι.

2262 2610 2325 2666 Ἡ
2383 2605 2440 2663 δὲ
2494 2607 2702 2663 τούτων
2773 2606 2919 2662 αἰτία
2974 2626 3051 2667 εις
3126 2602 3389 2675 ποικίλην
3467 2602 3845 2679 περισχίζεται

2194 2694 2423 2772 μέθοδον
2454 2696 2734 2771 προνοίας,
2766 2697 2829 2765 ἦν
2876 2694 3079 2771 ἀφίημί
3125 2715 3222 2749 σου
3258 2694 3320 2749 τὸ
3362 2693 3581 2747 συνετὸν
3628 2691 3848 2747 ἐπισκο-

2189 2793 2310 2844 πεῖν
2340 2788 2408 2845 ⁵⁹.
2458 2787 2573 2846 Οὐκ
2620 2786 2670 2841 ἐν
2720 2791 2837 2849 τοῖς
2894 2782 3012 2840 δυσὶ
3064 2781 3123 2838 δὲ
3180 2784 3368 2857 λόγοις
3417 2782 3480 2837 τὸ
3540 2781 3841 2858 ἐμφατικὸν

2190 2875 2487 2953 ἐπιτρέχει.
2529 2874 2727 2933 Αὐτίκα
2785 2876 2813 2930 ὁ
2869 2874 3087 2949 πρῶτος
3130 2870 3280 2928 οὐδὲν
3340 2869 3670 2927 ἐπιδείκνυσι
3727 2890 3848 2925 τοι-

2190 2970 2374 3034 οῦτον,
2415 2965 2560 3035 πλὴν
2591 2966 2726 3036 ἅπαξ
2756 2986 2860 3020 που
2903 2968 2972 3038 τῇ
3013 2963 3391 3032 ἀποσιωπήσει
3440 2962 3502 3017 τὸ
3552 2959 3842 3039 δύσφημον

2195 3056 2528 3129 οἰκονομῶν,
2575 3056 2690 3110 ἐπεὶ
2738 3053 2805 3110 τά
2871 3075 2933 3131 γε
2996 3051 3142 3109 ἄλλα
3182 3050 3360 3115 πολὺς
3434 3051 3529 3124 μὲν
3600 3050 3713 3106 ἐστι
3780 3052 3846 3108 τὸ

2194 3148 2428 3226 ἀσφαλὲς
2461 3150 2528 3220 δο,
2559 3146 2687 3213 ’ίσος
2718 3145 2774 3203 δὲ
2801 3147 2863 3203 τὸ
2900 3146 3154 3221 καθαρὸν,
3189 3143 3334 3201 ἀλλὰ
3362 3144 3451 3199 καὶ
3481 3144 3544 3199 τὸ
3578 3142 3841 3217 εύκρινὲς.

2193 3240 2298 3296 Διὰ
2340 3238 2518 3312 μέντοι
2548 3242 2654 3293 τῶν
2702 3234 2797 3292 δύο
2830 3236 2975 3309 αὐτῷ
3011 3234 3188 3305 διήκει
3237 3235 3299 3290 τὸ
3331 3231 3703 3307 ἁπλούστερον
3747 3255 3840 3315 κα.

2190 3326 2653 3401 καθωμιλημὲνον
2710 3332 2819 3381 τῶν
2871 3347 2930 3380 τε
2983 3324 3177 3395 λέξεων
3232 3325 3321 3379 καὶ
3380 3330 3479 3392 τῆς
3538 3324 3842 3393 συνθήκηςὶ

2187 3418 2324 3488 πρὸς
2373 3420 2472 3487 την
2522 3421 2628 3471 τῶν
2684 3416 2910 3471 πολλῶν
2952 3414 3120 3483 ἀκοὴν
3173 3412 3599 3486 διατυπούμενόν
3638 3434 3696 3468 τε
3750 3415 3846 3469 καὶ

2186 3504 2630 3579 ταπεινούμενον,
2662 3505 2750 3559 καὶ
2803 3506 2975 3576 μόνης
3024 3510 3126 3572 τῆς
3177 3507 3284 3558 τῶν
3336 3501 3616 3576 ἀκροατῶν
3660 3524 3843 3574 σωτη-

2188 3596 2307 3671 ρίας
2362 3596 2930 3669 καταστοχαζόμενον.
2981 3597 3043 3650 '0
3101 3593 3196 3664 μὶν
3248 3588 3341 3646 οὖν
3398 3595 3617 3665 πρῶτος
3684 3592 3837 3665 αύτῷ

2187 3685 2357 3759 λόγος
2416 3683 2745 3762 διεξέρχεται
2805 3682 2887 3743 τίς
2945 3684 2979 3751 ἠ
3032 3680 3180 3736 αἲτία
3228 3680 3317 3735 καὶ
3358 3682 3387 3736 ὁ
3434 3677 3683 3741 κίνδυνος
3733 3687 3835 3749 τῆς

2183 3772 2452 3841 τοσαύτης
2509 3774 2616 3824 τῶν
2682 3767 3025 3837 Ἐκκλησιῶν
3082 3770 3178 3821 τοῦ
3252 3769 3386 3822 Θεοῦ
3441 3764 3530 3819 καὶ
3602 3764 3831 3819 ὲκάττου

2186 3861 2319 3933 πρὸς
2370 3860 2457 3915 τὸν
2503 3856 2685 3933 ἕτερὸν
2725 3855 3021 3931 διαφωνίας
3068 3877 3127 3911 τε
3172 3854 3259 3910 καὶ
3313 3851 3659 3915 διαστάσεως.
3695 3856 3835 3918 Δεύ-

2178 3970 2333 4023 τερον
2381 3948 2465 4005 δτι
2522 3947 2699 4015 πάσης
2751 3944 2978 4015 ἐντολῆς
3026 3949 3159 4001 Θεοῦ
3210 3939 3515 4017 παραῦασις
3574 3941 3827 4019 σφοδρῶς

2178 4040 2267 4095 καὶ
2326 4033 2572 4117 φοϐερῶς
2632 4034 2923 4091 ἐκδικεῖται
2958 4054 2971 4068 ο
3030 4034 3122 4089 καὶ
3182 4036 3216 4104 ὴ
3276 4029 3549 4103 ἀπόδειξις
3609 4030 3671 4087 ἒκ
3717 4038 3830 4088 τῶν

2179 4132 2426 4204 Γραφῶν.
2460 4128 2587 4200 [496
2621 4127 2711 4199 R.]
2744 4124 2941 4198 Τρίτον
2988 4122 3112 4194 περὶ
3160 4129 3261 4192 τῆς
3294 4118 3544 4183 εὓσεϐοῦς
3598 4122 3835 4185 πίστεως

2179 4220 2363 4289 ἡμῶν,
2406 4215 2532 4281 ἦτοι
2572 4222 2673 4284 τῆς
2722 4214 2798 4275 εἰς
2847 4215 2945 4283 τὴν
3000 4211 3295 4288 ύπεραγίαν
3346 4207 3555 4283 Τριάδα
3596 4212 3836 4284 καθαρᾶς

2180 4308 2341 4378 ἡμῶν
2388 4303 2477 4359 καὶ
2528 4301 2853 4375 εἰλικρινοῦς
2896 4298 3223 4374 ὁμολογίας.
3284 4303 3344 4355 Ὀ
3396 4294 3453 4352 δὲ
3482 4299 3526 4335 ⁸¹
3586 4295 3838 4372 δεύτερος

2180 4397 2294 4451 οἷον
2346 4399 2668 4469 χαρακτῆρα
2717 4392 3046 4465 Χριστιανοῦ
3084 4384 3439 4465 κεφαλαιώδη
3492 4387 3585 4441 καὶ
3644 4386 3837 4442 σύντο-

2188 4506 2289 4558 μον
2320 4481 2690 4557 παρατίθεται,
2722 4480 2812 4535 καὶ
2862 4485 3185 4555 χαρακτῆρα
3233 4475 3396 4533 πάλιν
3444 4472 3838 4549 παραπλήσιον

2183 4579 2291 4629 τῶν
2338 4570 2697 4647 προεστώτων
2744 4574 2842 4626 τοῦ
2891 4567 3081 4642 λόγου,
3122 4568 3257 4625 Εἶτα
3305 4568 3422 4622 οἷον
3471 4564 3633 4641 ὅρους
3682 4566 3833 4629 τινας

2184 4662 2531 4732 ἀσκητικοὺς,
2565 4661 2638 4722 ὡς
2681 4660 2736 4715 ἒν
2767 4657 3031 4735 ἐρωτήσει
3077 4657 3166 4711 καὶ
3214 4654 3497 4731 ἀποκρίσει
3546 4652 3835 4730 προηγμέα

1775 4814 2024 4872 VARUE
2063 4814 2473 4872 LECTIONES.

494 4957 729 5031 “_1K00<]
758 4960 855 5031 τοῦ
886 4954 1054 5027 ἤθους
1084 4962 1147 5016 Α.
1254 4958 1297 4995 ⁸⁷

1334 4961 1641 5036 μέντοιμὰ)
1678 4962 1775 5036 μέν
1800 4982 1853 5036 τι
1884 4961 1965 5036 ς’.
1988 5030 2002 5036 _
2025 5034 2033 5036 _
2066 4961 2109 4998 ⁸⁸
2137 4964 2218 5032 τῷ
2246 4992 2314 5002 --
2344 4957 2573 5036 Enn:le
2593 4964 2636 5016 Α
2670 4976 2696 5036 :_
2731 4958 2819 5036 μὴ.
2838 4960 2918 5029 τῷ

2964 4954 3090 5027 τούς
3131 4954 3287 5011 λύσιν
3331 4951 3721 5025 ἐπιζητοῦντας
3750 4952 3835 5027 ς.

422 5028 469 5065 ⁸⁵
495 5028 558 5085 τὸ
590 5025 803 5085 συνετόν
833 5025 932 5085 σου
963 5025 1428 5105 περισκοπεῖν
1508 5034 1553 5068 ⁸ο
1581 5025 1844 5108 ἀσῴαλὶς]
1884 5025 2078 5114 οἷφιλὲς
2109 5025 2507 5107 apographum
2540 5025 2845 5105 Stephani.
2891 5025 2964 5069 ⁷⁶¹
2997 5025 3055 5083 δὶ
3082 5029 3218 5085 add.
3249 5032 3314 5086 Α.

2009 5203 2231 5262 NOTAE}.

494 5341 608 5416 (16)
641 5346 873 5424 Ite_ru_n_1_
902 5347 976 5405 de
1021 5347 1084 5406 Β.
1136 5346 1333 5404 Basilii
1386 5346 1537 5423 style
1584 5348 1878 5422 judicium
1935 5348 2073 5408 tulit
2177 5353 2327 5424 dunt
2372 5351 2561 5424 prima
2599 5348 2787 5424 etiam
2829 5323 3022 5424 hie-et
3052 5346 3314 5419 secunda
3359 5350 3523 5419 parte
3550 5338 3613 5401 in
3643 5357 3833 5401 unum

421 5430 585 5474 sunt.
620 5417 749 5471 cod.
786 5418 903 5474 141.

520 5488 603 5562 η)
634 5489 939 5562 Τπεεὶυιη
975 5491 1206 5546 fratrem
1237 5489 1565 5562 compellat.

492 5558 606 5627 (t8)
641 5559 943 5627 Leguntur
990 5562 1111 5617 haec
1152 5562 1322 5618 hodie
1352 5558 1520 5618 aliter
1549 5563 1895 5620 distributas.
1926 5562 2071 5620 Nam

423 5630 701 5705 neque‘in
736 5630 917 5687 libros
946 5633 1285 5705 dividuntur
1320 5634 1595 5705 Ascetica,
1625 5640 1682 5691 et
1711 5643 1932 5705 septem
1966 5634 2076 5691 sal-

426 5706 542 5757 tem
606 5701 910 5759 Lemtnatae
972 5710 1086 5761 tres
1144 5704 1366 5763 hascet
1405 5704 1538 5761 libri
1583 5701 1794 5778 partes
1844 5712 2075 5765 antece-

2178 5416 2466 5504 ίδίηοεβει
2495 5421 2790 5504 Deiudéa'o
2822 5419 2922 5504 ρεέ
2946 5416 3273 5504 canaram
3360 5416 3483 5504 ζ...

2251 5485 2376 5571 (19]
2395 5485 2651 5564 Utraque
2682 5494 2800 5571 hac
2830 5485 3326 5571 descriptionum
3359 5486 3675 5571 (amicorum
3719 5485 3836 5544 fide

2180 5568 2516 5695 goralliungo
2546 5563 2782 5623 nomine
2836 5563 3034 5639 vutgo’
3071 5563 3285 5631 notior,
3340 5563 3838 5633 continenturque

2233 5654 2341 5712 egu
2371 5654 2413 5693 ae
2522 5678 2535 5695 .
