4142 6214
232 345 354 407 837

1364 349 1913 414 BIBLIOTHECA.
1970 384 2042 398 —
2085 351 2264 414 COD.
2309 351 2540 414 CXCII.

3539 351 3659 414 638

237 497 387 546 νους,
433 474 728 550 ἱκτίθεται,
771 477 867 536 τὸν
913 480 1149 556 ἀριθμὸν
1190 483 1281 552 νε’,
1335 484 1426 540 καὶ
1481 483 1648 540 πάλιν
1707 505 1896 541 συντο-

2014 486 2419 556 interrogando
2465 502 2531 542 ac
2578 486 2983 557 respondendo
3033 485 3359 559 propositas
3402 485 3659 556 exponit,

242 567 488 644 μώτερον
519 566 742 641 ἑτέρους
775 570 936 645 ὅρους
965 571 1089 646 τιγ’.

236 844 343 898 Τοῦ
395 839 451 896 ἐν
511 839 692 918 ἁγίοις
744 840 1002 922 μαξίμου
1059 847 1155 922 τοῦ
1221 841 1598 922 ὁμρλογητσῦ,
1661 847 1903 922 Ἀπορη-

564 913 811 985 ματικῶν
847 919 1130 991 Γραφικῶν
1158 913 1429 993 κεφαλαια
1459 913 1585 991 ρξᾶ.

316 1001 665 1075 Ἀνεγνώσθη
700 1005 795 1056 to?)
849 1002 902 1057 ἒν
950 1001 1130 1078 ἁγίοις
1179 1003 1431 1078 Μαξίμου
1484 1010 1752 1085 μοναχοῦ,
1803 1011 1899 1063 τοῦ

239 1093 330 1147 καί
380 1090 767 1165 ὁμολογητοῦ,
807 1093 944 1167 πρὸς
985 1092 1288 1149 Θαλάσσιον
1339 1094 1641 1151 ὁσιώτατον
1672 1095 1903 1171 πρεσόύσ

236 1200 394 1252 τερον
475 1180 567 1234 καὶ
645 1181 948 1254 ἡγούμενον
1026 1183 1528 1263 προσπεφωημένον
1602 1187 1729 1260 [256
1805 1188 1892 1257 1L]

241 1263 495 1343 βιϐλίον,
556 1265 608 1322 ἐν
681 1267 726 1339 ᾧ
795 1274 1079 1347 Γραφικῶν
1136 1272 1544 1346 Ἀπορημάτων
1607 1271 1712 1348 ρξδ¹
1778 1274 1898 1329 ἀνα-

236 1357 441 1433 γράφει
474 1356 687 1417 Λύσεις.
741 1356 828 1413 Ἐν
869 1357 1055 1431 μέντοι
1083 1363 1163 1431 τῷ
1212 1361 1492 1434 προοιμίῳ
1536 1358 1898 1436 διαλαμϐάνει

241 1445 374 1519 περὶ
403 1448 503 1515 τῆς
538 1444 799 1522 γενέσεως
839 1450 948 1502 τῶν
988 1447 1040 1503 ἐν
1069 1451 1204 1522 ἡμῖν
1235 1451 1444 1517 παθῶν,
1485 1451 1575 1506 καὶ
1628 1473 1790 1526 φησιν
1823 1452 1897 1514 ὡς

237 1538 305 1594 τὸ
349 1537 518 1591 κακὸν
553 1532 724 1608 μηδὲν
771 1533 902 1610 μηδ’
948 1536 1093 1600 δλως
1138 1543 1246 1594 τῶν
1296 1536 1466 1597 ὅντων
1517 1539 1785 1616 ὑπάρχον,
1819 1543 1895 1614 μὴ

237 1625 500 1696 ποιότης,
536 1627 616 1699 μὴ
644 1624 910 1697 ποσότης,
948 1628 1022 1700 μὴ
1059 1628 1267 1702 σχέσις,
1301 1626 1450 1685 ἀλλὰ
1481 1627 1622 1703 μηδέ
1652 1630 1823 1693 πάθος
1855 1632 1900 1667 ⁸⁸

239 1721 485 1796 φυσικῶς
537 1737 648 1772 τινι
703 1721 811 1771 τῶν
872 1713 1044 1773 ὄντων
1111 1717 1566 1792 ἐνθεωρούμενον,
1615 1720 1700 1791 εἴη
1740 1723 1786 1758 ⁸⁸
1841 1721 1901 1777 ἂν

2005 593 2246 632 numero
2277 576 2707 649 quinquaginta
2737 577 3034 650 quinque:
3068 576 3398 648 iterumque
3427 576 3657 632 brevio-

2005 683 2097 722 res
2127 667 2240 737 (20)
2273 665 2419 723 alias
2450 671 2741 722 trecentas
2772 667 3068 722 tredecim.

2726 756 2939 812 CXCII.

2007 847 2068 904 Β.
2100 845 2332 902 Maximi
2358 846 2617 901 monachi
2645 849 2694 900 et
2724 846 3050 916 confessoris
3088 845 3467 914 Quaestionum
3493 860 3521 901 e
3548 861 3646 902 sa-

2347 934 2442 972 cra
2471 919 2760 980 Scriptura
2787 921 3090 972 solutiones
3120 933 3306 973 caxxv.

2083 1005 2232 1060 I54
2263 1005 2291 1059 Ι)
2321 1005 2585 1076 Legimus
2609 1010 2669 1062 Β.
2695 1005 2927 1060 Maximi
2954 1007 3372 1078 monachi('.’0')
3395 1006 3572 1062 simul
3607 1011 3662 1062 et

2007 1093 2360 1149 confessoris
2389 1094 2693 1150 Thalassio
2726 1097 3058 1166 presbytero
3085 1095 3450 1150 sanctissimo
3482 1100 3658 1167 atque

2008 1184 2277 1254 pret‘ecto
2329 1184 2677 1254 inscriptum
2729 1183 2890 1255 Opus,
2943 1201 3047 1255 quo
3097 1186 3469 1253 Quaestionum
3503 1202 3532 1240 c
3570 1202 3658 1242 sa-

2008 1288 2106 1327 cra
2152 1273 2433 1344 Scriptura
2480 1275 2777 1329 solutiones
2835 1273 3051 1330 CLXIV
3106 1275 3464 1329 continentur
3521 1275 3660 1346 (21).

2009 1362 2292 1418 Caeterum
2317 1363 2374 1417 in
2400 1363 3011 1434 praefationedisputat
3031 1364 3104 1419 de
3125 1369 3254 1418 ortu
3280 1365 3663 1421 humanarum

2010 1451 2551 1521 perturbationum:
2578 1454 2906 1525 asseritque
2940 1462 3236 1524 peccalum
3263 1469 3393 1508 cum
3419 1453 3563 1509 nihil
3587 1453 3668 1512 sit

2009 1540 2249 1596 omnino
2267 1541 2594 1597 subsistens
2614 1546 2748 1610 (non
2773 1545 3046 1612 qualitas,
3072 1557 3184 1597 non
3209 1543 3532 1614 quantitas,
3552 1558 3668 1598 non

2009 1629 2263 1697 habitus,
2303 1647 2414 1685 non
2465 1631 2820 1700 perturbatio
2870 1632 3123 1702 denique
3154 1632 3281 1701 ipsa
3321 1631 3668 1687 naturaliter

2008 1717 2207 1773 saltem
2243 1719 2298 1772 in
2324 1719 2726 1775 exsistenlium
2760 1719 2956 1791 aliquo
2988 1720 3375 1791 considerata)
3398 1737 3412 1788 ;
3439 1726 3666 1776 tantum

238 1804 496 1880 ἔλλειψις
535 1811 639 1874 τῆς
671 1805 808 1882 πρὸς
834 1806 896 1861 τὸ
925 1805 1085 1870 τέλος
1114 1807 1386 1885 ἐνεργείαις
1417 1814 1527 1864 τῶν
1569 1805 1896 1886 ἐγκειμένων

2009 1809 2316 1863 insitarum
2355 1809 2526 1865 nobis
2555 1827 2586 1864 a
2621 1820 2828 1864 natura
2858 1809 3205 1865 facultatum
3235 1826 3363 1867 esse
3395 1810 3670 1865 defectio-

238 1900 305 1969 τῇ
364 1896 526 1972 φύσει
586 1892 889 1970 δυνάμεων,
936 1896 971 1968 ἢ
1022 1899 1070 1934 ⁶⁴
1123 1899 1215 1954 καὶ
1278 1897 1445 1969 οὕτω,
1499 1904 1607 1956 τῶν
1667 1907 1908 1978 φυσικῶν

243 1981 529 2058 δυνάμεων
575 1988 692 2041 κατ’
737 1983 1081 2064 ἑσφαλμένην
1129 1988 1306 2062 κρίσιν
1340 1989 1422 2045 ἐπ’
1469 1987 1610 2046 ἄλλο
1657 1993 1803 2067 παρᾶ
1843 1995 1905 2048 τὸ

240 2070 403 2135 τέλος
465 2072 764 2150 ἀλόγιστος
821 2076 1054 2146 κίνησις.
1105 2078 1294 2136 Δίτίαν
1355 2075 1413 2133 δέ
1469 2100 1613 2157 φημι
1668 2083 1780 2147 νῦν,
1839 2083 1905 2151 ἧς

242 2165 413 2220 πάντα
474 2170 718 2242 φυσικῶς
777 2165 1002 2244 ἐφίεται,
1061 2169 1128 2237 ἦν
1188 2170 1216 2224 ὁ
1275 2165 1476 2242 Ἀδὰμ,
1536 2171 1746 2238 ἀπάτην
1804 2177 1902 2228 τοῦ

241 2258 494 2329 πονηροῦ
541 2257 800 2328 νοσήσας,
849 2257 1107 2334 ἠγνόησε,
1151 2260 1290 2335 πρός
1336 2257 1474 2330 ὅλην
1525 2258 1582 2316 δὲ
1628 2264 1897 2339 κατεσύρη

237 2347 339 2414 τὴν
407 2342 683 2416 αἴσθησιν,
742 2343 1234 2422 παρασυμϐληθεὶς
1312 2354 1430 2413 τοῖς
1505 2352 1746 2423 κτήνεσι,
1809 2352 1898 2408 καὶ

238 2430 368 2487 ὅσον
396 2439 496 2501 τῆς
541 2435 678 2507 πρὸς
729 2433 977 2506 αἴσθησιν
1019 2435 1343 2510 ἐπεμελεῖτο
1375 2439 1423 2476 ⁸⁵
1460 2439 1738 2513 γνώσεως,
1771 2461 1894 2496 τοσ-

238 2525 396 2578 οῦτον
444 2528 544 2592 τῆς
592 2522 740 2587 θείας
789 2525 1037 2595 ἐξέπιπτε
1068 2542 1082 2559 ⁸
1136 2526 1259 2580 ὅσον
1288 2527 1333 2564 ⁸⁸
1385 2524 1430 2582 δ’
1479 2525 1757 2584 ἐκπίπτων
1805 2526 1895 2584 δι-

238 2611 414 2684 ίμενε,
464 2616 726 2668 τοσοῦτον
783 2615 856 2686 τῇ
902 2613 1202 2672 ἀπολαύσει
1255 2621 1364 2673 τῶν
1415 2617 1762 2695 γνωσθέντων
1809 2619 1899 2675 αἰ-

240 2703 455 2771 σθητῶν
488 2700 533 2737 ”
587 2701 940 2777 προσηλοῦτο
988 2704 1078 2759 καὶ
1129 2707 1552 2782 συγκατεφέρετο
1601 2722 1615 2737 °
1666 2706 1790 2763 ὅσον
1842 2704 1899 2763 δὲ

237 2789 450 2853 τούτοις
487 2789 744 2860 ἐνέκειτο,
777 2796 1034 2849 τοσοῦτον
1081 2801 1182 2866 τῆς
1231 2789 1569 2859 ἐπιϐλαϐοὖς
1610 2794 1900 2874 φιλαυτίας

236 2876 433 2950 ἰξῆπτε
465 2881 513 2916 δ’
553 2879 646 2935 τὸν
689 2878 865 2955 ἔρωτα
895 2899 910 2915 ⁶
954 2881 1081 2938 ὅσον
1123 2881 1169 2938 δ’
1218 2883 1404 2960 εἴχετο
1443 2891 1544 2955 τῆς
1586 2884 1896 2962 φιλαυτίας,

235 2972 495 3025 τοσοῦτον
529 2967 738 3026 ἐπενόει
788 2977 888 3040 τῆς
933 2968 1139 3041 ἡδονῆς
1170 2971 1460 3037 ποικίλους
1507 2973 1599 3030 καὶ
1649 2973 1899 3037 πολλοὺς

235 3059 522 3134 τρόπους·
605 3060 915 3133 γεννήματα
987 3061 1093 3136 γὰρ
1165 3063 1264 3131 τῆς
1334 3062 1627 3139 φιλαυτίας
1709 3068 1896 3123 ταῦτα.

2018 1915 2149 1954 nem
2183 1916 2298 1954 sua:
2330 1900 2578 1956 actionis
2609 1917 2643 1953 a
2672 1900 2805 1966 fine,
2843 1909 2900 1954 ut
2930 1901 3008 1955 sit
3056 1901 3166 1956 hoc
3208 1901 3379 1957 modo
3431 1908 3672 1956 natura-

2016 1989 2161 2045 lium
2194 1990 2541 2046 facultatum
2576 2007 2642 2047 ex
2669 1998 2899 2046 errante
2936 1991 3162 2061 judicio
3203 1991 3671 2048 inconsideratus

2013 2080 2256 2152 quidam
2289 2084 2505 2146 motus,
2528 2081 2600 2135 ad
2634 2080 2791 2136 aliud
2821 2097 2995 2152 quam
3029 2081 3100 2135 ad
3124 2098 3299 2136 suum
3335 2081 3510 2137 finem
3545 2086 3672 2136 ten-

2013 2168 2178 2224 dens.
2213 2168 2414 2226 Finem
2447 2185 2580 2224 vero
2613 2169 2780 2225 illum
2817 2171 2987 2225 modo
3030 2170 3182 2237 dico,
3216 2187 3391 2242 quem
3437 2174 3671 2226 natura-

2011 2259 2146 2316 liter
2175 2259 2415 2332 quidem
2447 2258 2648 2315 omnia
2677 2263 2979 2332 appetunt,
3013 2260 3113 2315 sed
3154 2276 3327 2331 quem
3353 2261 3478 2329 jam
3511 2260 3680 2315 dece-

2009 2355 2146 2422 ptus
2187 2365 2220 2404 a
2267 2352 2538 2422 serpente
2588 2349 2846 2405 Adamus
2894 2365 3009 2405 non
3060 2349 3313 2420 agnovit,
3366 2353 3550 2404 totum
3603 2348 3660 2405 in

2007 2455 2250 2495 sensum
2303 2455 2544 2508 pronus,
2571 2439 2974 2510 jumentisque
3021 2437 3234 2492 similis
3284 2438 3489 2492 factus.
3536 2437 3657 2492 Imo

2007 2534 2296 2600 quantum
2349 2528 2524 2583 studii
2585 2526 2830 2597 ponebat
2875 2526 2934 2581 in
2978 2526 3332 2597 cognitione,
3380 2541 3506 2596 que
3557 2541 3662 2596 per

2008 2634 2245 2674 sensum
2294 2617 2628 2682 adducitur,
2658 2622 2882 2672 tantum
2915 2633 2947 2670 a
2978 2615 3177 2670 divina
3206 2615 3533 2687 cognitione
3565 2629 3660 2669 re-

2007 2706 2268 2764 cedebat.
2301 2707 2555 2762 Rursum
2607 2709 2895 2776 quantum
2927 2705 2986 2759 in
3019 2704 3127 2760 hac
3170 2703 3495 2759 recessioae
3537 2719 3665 2775 per-

2008 2799 2333 2862 severabat,
2367 2801 2598 2851 tantum
2646 2794 2822 2851 etiam
2870 2810 3066 2850 rerum
3116 2793 3478 2865 cognitarum
3524 2791 3663 2847 frui-

2006 2886 2152 2942 tioni
2198 2885 2368 2957 quasi
2417 2883 2802 2952 assidebatur,
2836 2899 3070 2954 unaque
3116 2899 3249 2938 cum
3297 2881 3366 2937 iis
3405 2897 3662 2953 praeceps

2010 2976 2320 3032 ferebatur.
2371 2976 2670 3041 Quantum
2721 2973 2859 3028 item
2908 2972 3000 3029 bis
3046 2971 3382 3040 inhaerebat,
3429 2975 3658 3026 tantum

2009 3081 2244 3138 quoque
2275 3065 2332 3120 in
2364 3080 2431 3120 eo
2475 3063 2684 3119 noxius
2733 3061 2828 3117 ille
2869 3078 3035 3118 amor
3077 3061 3169 3116 sui
3214 3060 3661 3116 accendebatur.

236 3148 335 3205 Καὶ
385 3144 584 3218 ἐπειδὴ
633 3151 778 3204 πᾶσα
824 3148 986 3204 κακία
1030 3155 1147 3214 τοῖς
1190 3156 1508 3208 συνιστῶσιν
1550 3153 1724 3223 αύτὴν
1775 3174 1895 3209 συνο

2011 3157 2195 3220 Quam
2225 3153 2479 3225 denique
2527 3151 2772 3208 ﬁrmiter
2819 3150 2996 3207 amori
3039 3150 3365 3206 adhaerebat
3399 3149 3510 3218 sui,
3541 3153 3662 3205 tam

239 3232 628 3314 διαφθείρεται,
681 3237 946 3312 εὑρίσκων
991 3237 1043 3310 ἐξ
1092 3238 1260 3310 αὐτῆς
1302 3239 1492 3315 πείρας
1541 3248 1642 3310 τῆς
1691 3239 1898 3313 ἡδονῆς

237 3329 452 3391 παντως
495 3325 761 3406 διάδοχον
807 3332 908 3401 τὴν
943 3329 1164 3403 ὀδύνην,
1194 3339 1296 3403 τῆς
1346 3333 1443 3406 μὲν
1485 3333 1616 3409 ὑπὲρ
1667 3331 1897 3408 δύναμιν

238 3421 537 3497 ἀντείχετο,
606 3429 706 3492 τῆς
761 3420 961 3494 ὀδύνης
1021 3421 1078 3480 δὲ
1141 3422 1391 3503 σφοδρῶς
1471 3427 1896 3502 κατηγωοίζετο,

245 3509 498 3582 οἰόμενος
522 3511 658 3586 ὅπερ
688 3513 755 3582 ἦν
796 3512 1106 3588 ἀμήχανον,
1141 3511 1428 3583 διαστῆσαι
1478 3515 1676 3580 ταύτας
1717 3515 1898 3588 ἀλλή·

243 3597 352 3654 λων
380 3601 475 3655 καὶ
530 3599 672 3675 μόνῃ
700 3606 770 3676 τῇ
819 3599 994 3676 ἡδονῇ
1028 3601 1286 3679 ἐντρύφᾷν
1340 3603 1430 3659 καὶ
1459 3607 1561 3674 τήν
1611 3603 1899 3682 φιλαυτίαν

236 3690 406 3764 ταύτῃ
441 3691 798 3762 συνημμένην
843 3691 1015 3767 ἔχειν.
1051 3693 1320 3750 Ἐντεῦθεν
1354 3695 1383 3749 ὁ
1431 3698 1536 3756 πᾶς
1567 3693 1743 3774 ὄχλος
1790 3701 1898 3753 τῶν

244 3781 425 3833 παθῶν
463 3797 478 3811 ο
518 3775 728 3848 ἡδονῆς
755 3780 855 3855 γὰρ
889 3777 980 3836 διὰ
1009 3781 1106 3849 τήν
1138 3780 1426 3861 φιλαυτίαν
1458 3780 1899 3858 ἀντιποιούμενοι

245 3866 330 3920 καὶ
389 3865 596 3939 ὀδύνην
649 3868 1049 3948 ἀποφεύγοντες
1098 3871 1196 3932 τὰς
1249 3870 1563 3945 ἀμυθήτους
1610 3877 1717 3929 τῶν
1769 3875 1897 3950 φθο-

247 3961 485 4028 ροποιῶν
536 3959 724 4013 παθῶν
773 3959 1095 4034 ἐπινοοῦμεν
1146 3962 1401 4038 γενέσεις.
1453 3965 1583 4018 Οἷον
1611 3963 1658 4000 6³
1704 3963 1747 4018 εἰ
1801 3964 1896 4037 μὲν

245 4046 342 4112 τῆς
394 4045 445 4100 ἐν
512 4043 778 4123 φιλαυτία
833 4045 1036 4119 ἡδονῆς
1107 4051 1557 4124 ἀντιποιούμεθα,
1626 4057 1894 4128 γεννῶμεν

246 4134 343 4199 τήν
400 4136 862 4212 γαστριμαργίαν,
923 4138 1024 4207 τὴν
1092 4139 1488 4218 ὕπερηφανίαν,
1547 4141 1648 4210 τὴν
1703 4139 1896 4220 φιλαρ-

247 4221 458 4305 γυρίαν,
488 4222 580 4276 καὶ
628 4224 726 4280 ’ὀσα
755 4225 846 4280 τὸν
891 4225 1128 4302 τυχόντα
1157 4229 1359 4305 τρόπον
1391 4229 1604 4304 πορίζει
1651 4229 1854 4302 ἡδονήν
1877 4251 1889 4264 ·

247 4306 292 4359 εἰ
323 4304 380 4362 δὲ
423 4309 520 4378 τήν
570 4309 622 4365 ἐν
672 4310 934 4388 φιλαυτία
962 4304 1230 4392 φεύγομεν
1261 4315 1308 4354 7°
1358 4314 1579 4387 ὀδύνην,
1622 4322 1890 4392 γεννῶμεν

2007 3245 2183 3299 etiam
2216 3243 2476 3298 studiose
2505 3240 2722 3297 multas
2769 3242 3074 3311 variasque
3122 3239 3441 3310 voluptatis
3493 3237 3666 3294 ratio-
3769 3275 3776 3280 -

2009 3349 2114 3390 nes
2145 3331 2718 3389 comminiscebatur.
2739 3329 2868 3385 Haec
2891 3330 3047 3385 enim
3082 3329 3299 3384 amoris
3321 3326 3413 3382 sui
3436 3326 3668 3383 soboles

2008 3430 2111 3479 est.
2144 3421 2428 3490 Quoniam
2480 3436 2616 3476 vero
2668 3417 2892 3474 malitia
2939 3420 3133 3475 omnis
3169 3433 3299 3474 cum
3334 3417 3407 3473 iis
3440 3431 3554 3473 una
3586 3433 3670 3474 re-

2009 3513 2120 3570 bus
2170 3512 2392 3579 interit,
2427 3527 2552 3582 quaa
2601 3509 2762 3564 illam
2812 3513 3096 3572 crearunt,
3148 3507 3392 3578 ipseque
3441 3505 3670 3578 experi-

2013 3607 2205 3658 mento
2231 3601 2497 3658 discebat
2520 3598 2834 3670 voluptatis
2857 3597 3094 3653 omnino
3119 3597 3384 3652 comitem
3417 3611 3546 3651 esse
3567 3595 3668 3652 do-

2010 3691 2213 3760 lorem,
2248 3691 2412 3746 illam
2443 3688 2529 3745 vel
2562 3705 2743 3760 supra
2773 3689 2923 3742 vires
2955 3687 3204 3741 retinere
3235 3689 3499 3753 conatus,
3533 3701 3665 3741 cum

2011 3781 2212 3839 dolore
2278 3780 2494 3836 acriter
2566 3777 2880 3850 pugnabat,
2939 3775 3062 3831 fieri
3121 3791 3293 3846 posse
3348 3774 3666 3830 arbitratus

2011 3870 2190 3943 (quod
2224 3867 2386 3924 nullo
2418 3867 2590 3923 modo
2626 3868 2865 3937 poterat)
2903 3870 2966 3920 ut
2997 3864 3069 3919 ab
3101 3863 3345 3919 invicem
3380 3862 3541 3917 hisce
3571 3863 3665 3918 di-

2009 3959 2212 4024 vulsis,
2245 3963 2302 4013 et
2331 3957 2453 4012 sola
2505 3955 2797 4026 voluptate
2851 3954 3264 4026 perfrueretur,
3296 3956 3352 4007 et
3378 3951 3472 4006 sui
3503 3967 3662 4007 amo-

2006 4066 2130 4105 rem
2159 4047 2296 4104 huic
2326 4044 2612 4117 voluptati
2664 4043 3006 4116 permistum
3056 4041 3346 4097 retineret.
3380 4041 3526 4097 Hinc
3560 4041 3668 4114 [er-

2005 4159 2078 4215 go
2110 4142 2187 4198 ait
2217 4138 2433 4214 [omnis
2482 4135 2988 4210 perturbationum
3030 4133 3364 4189 multitudo.
3396 4137 3543 4187 Nam
3574 4149 3667 4188 vo-

2006 4233 2286 4304 luptatem
2320 4245 2435 4302 pra
2466 4241 2663 4284 amore
2694 4224 2878 4280 nostri
2910 4229 3332 4289 consectantes,
3364 4221 3656 4278 dolorem-

2003 4339 2117 4395 que
2166 4319 2478 4392 fugientes,
2529 4313 2964 4386 ineXplicabiles
3011 4313 3142 4370 illos
3190 4312 3654 4384 perniciosarum

243 4396 331 4451 τὸν
393 4400 584 4472 θυμὸν,
642 4401 733 4456 τὸν
791 4402 1011 4482 φθόνον,
1054 4407 1117 4461 τὸ
1176 4411 1358 4480 μῖσος,
1404 4410 1505 4476 τήν
1561 4408 1889 4486 ἀπόγνωσιν,

243 4485 329 4514 ..-ξ
392 4486 485 4514 ι’-..
547 4487 687 4514 ΞῚΊ--
748 4497 843 4514 ιςμ
912 4490 972 4514 ιθ
1056 4492 1103 4514 ,I
1236 4497 1306 4514 ευ..
1363 4495 1376 4514 ς
1465 4497 1475 4514 ο
1711 4495 1735 4514 ιι
1803 4500 1852 4514 Α.

2009 4410 2344 4484 passionum
2395 4411 2562 4464 ortus
2611 4411 2804 4462 mente
2847 4401 3234 4475 concipimus.
3268 4401 3335 4458 Et
3365 4406 3656 4473 quatenus

239 4485 332 4540 καὶ
390 4486 486 4542 ὅσα
539 4487 689 4545 ἄλλα
744 4497 845 4561 τῆς
901 4490 1210 4564 ἡδυνούσης
1236 4497 1306 4532 ⁷⁰⁶
1359 4495 1644 4570 ἐστέρηται
1688 4485 1884 4555 διαθε-

241 4593 400 4635 σεως.
450 4577 545 4634 Ἐκ
591 4574 648 4635 δὲ
693 4586 794 4650 τῆς
843 4581 1050 4657 ἀμφοῖν
1113 4583 1307 4657 μίξεως
1359 4586 1599 4643 τίκτεται
1655 4589 1690 4657 ἡ
1754 4589 1887 4644 ὑπό·

236 4682 437 4737 κρισις,
481 4669 515 4736 ἡ
560 4666 842 4738 κολακεία,
893 4670 920 4726 ὁ
967 4667 1150 4742 δόλος,
1200 4673 1289 4728 καὶ
1343 4675 1538 4740 ἁπλῶς
1601 4673 1698 4732 ὅσα
1746 4674 1891 4733 ἄλλα

247 4755 555 4832 μοχθηρίας
585 4755 702 4828 εἴδη
755 4765 855 4828 τῆς
902 4767 1101 4832 μικτῆς
1130 4759 1242 4818 ἐστι
1287 4763 1618 4840 πανουργίας
1664 4764 1888 4837 ἰπινοή-

247 4861 392 4912 ματα
414 4843 457 4883 ⁷³
506 4847 634 4917 [49⁸7
815 4847 973 4906 Ἀλλ’
1002 4850 1032 4904 δ
1080 4849 1171 4906 καὶ
1218 4850 1562 4927 προὲφημεν,
1592 4861 1693 4924 τῆς
1743 4855 1888 4919 θείας

2001 4502 2236 4576 quidem
2261 4500 2319 4556 in
2343 4515 2538 4557 amore
2560 4497 2792 4570 proprio
2823 4495 3180 4567 voluptatem
3214 4498 3645 4562 consectamur,

2000 4607 2069 4648 ex
2117 4607 2183 4648 eo
2227 4589 2425 4663 gulam
2475 4586 2790 4660 gignimus,
2838 4584 3195 4657 superbiam,
3242 4581 3548 4638 avaritiam
3599 4591 3652 4639 et

1999 4694 2362 4753 quaecunque
2405 4693 2509 4750 pro
2558 4691 2619 4731 re
2662 4679 2796 4730 nata
2844 4671 3200 4744 voluptatem
3255 4671 3525 4744 pariunt:
3555 4669 3646 4726 sin

1999 4784 2070 4826 ex
2115 4783 2316 4825 amore
2368 4764 2604 4839 proprio
2656 4761 2918 4819 dolorem
2970 4760 3250 4833 fugimus,
3300 4759 3445 4815 iram
3499 4774 3636 4813 mox

2001 4858 2302 4925 invidiam,
2334 4854 2557 4925 odium,
2590 4852 3057 4925 desperationem
3111 4849 3388 4921 perimus,
3421 4851 3478 4904 et
3508 4843 3650 4903 alias

1588 4971 1824 5029 VARIIE
1864 4973 2278 5031 LECTIONES.

241 5142 295 5179 ,τ
317 5074 941 5179 agressa“;-
955 5171 979 5179 _
995 5083 1066 5179 :1
1093 5079 1178 5179 “1°
1211 5085 1321 5179 Αέ
1473 5083 1558 5157 εἴη
1597 5087 1679 5179 Ξ·

277 5142 295 5152 _
317 5087 364 5111 "
393 5087 538 5165 μηδὲ
558 5087 620 5134 τὸ
652 5087 824 5144 πάθος
1016 5087 1063 5119 ⁸³
1093 5087 1178 5153 εἴη
1211 5087 1258 5141 Α
1300 5101 1314 5141 ³
1348 5087 1439 5139 καί
1473 5087 1558 5157 ιῖη
1667 5132 1679 5142 ·

277 5157 294 5234 ξ
321 5148 582 5234 αἰσθητῶν
613 5161 669 5208 et
818 5173 921 5220 της
953 5155 1090 5213 add.
1123 5157 1193 5212 Α.
1270 5154 1321 5192 ⁸⁸
1347 5154 1576 5228 ἆξῆπται

244 5213 295 5251 ⁷⁸
319 5213 531 5293 inveni
537 5241 687 5298 ματα
725 5223 808 5301 ς.

1776 5090 1823 5126 ⁶⁴
1851 5088 1886 5157 ἢ
1920 5089 2054 5146 add.
2083 5095 2149 5148 A.

1766 5159 1814 5199 ⁸⁸
1844 5161 1964 5216 οἷον
1996 5165 2041 5218 Α
2073 5179 2088 5220 :
2119 5158 2212 5216 κᾶὶ
2255 5160 2372 5216 οἷον
2406 5157 2488 5233 ς’.

2252 5089 2297 5124 ⁸⁸
2336 5086 2644 5160 ἰπετελεζτο
2675 5085 2756 5160 .

2863 5086 2908 5120 ⁸⁸
2939 5083 3065 5138 ὅσον
3100 5077 3144 5136 δ’
3175 5086 3220 5137 Α
3255 5096 3267 5135 :
3301 5075 3389 5133 καί
3421 5077 3547 5132 ὅσον

2863 5175 2931 5210 ιεν
2963 5158 3030 5211 Α.
3134 5151 3203 5188 ⁷ο·
3251 5075 3645 5224 ὀδυνούσηςὲ

2565 5157 2614 5194 ⁷ο
2641 5156 2825 5234 φεύγω
2834 5175 2931 5230 μεν
2963 5158 3030 5211 Α.

3134 5151 3203 5188 ⁷ο·
3251 5146 3551 5222 ὀδυνούσης

1831 5339 2068 5400 NOTAE.

316 5432 420 5520 ςεο)
447 5436 548 5495 His
597 5440 780 5520 etiam
820 5438 1286 5520 {acuatacLsive
1334 5447 1894 5520 transgredientium

247 5517 440 5643 mea
484 5526 588 5583 pro
639 5513 1060 5585 virginibus‘in
1108 5514 1278 5571 libris
1321 5513 1893 5592 editis'subjunctas

323 5647 447 5737 φ’)
478 5652 627 5737 L689
671 5657 866 5737 rotat}
894 5675 962 5717 eo
993 5665 1189 5731 gestas
1218 5657 1338 5718 sive
1381 5662 1634 5735 scriptas
1681 5665 1889 5737 spudsi

255 5714 448 5777 Baron'.
479 5714 634 5782 card.
673 5734 710 5783 t.
746 5728 886 5787 Vill.

2077 5448 2186 5518 (21)
2216 5448 2528 5519 Irrepsisse
2577 5444 2670 5500 bic
2722 5442 2982 5499 notulam
3015 5462 3045 5515 ρ
3076 5444 3312 5519 constat
3343 5455 3640 5519 cum_non

2003 5511 2118 5576 nisi
2171 5511 2245 5575 Μ
2298 5511 2660 5584 Οὐεσιὶοοοε
2719 5522 2850 5587 post
2895 5511 3196 5587 enumerat
3254 5511 3643 5587 Pbot._t§i_rsta_

2003 5591 2164 5663 Opus
2195 5583 2635 5665 boc’cumaliis
2669 5583 2934 5665 pluribus
2964 5585 3229 5665 ejusdem
3266 5585 3453 5665 sancti
3487 5583 3645 5665 Magi

2002 5654 2086 5721 m'i
2115 5679 2248 5722 cum
2281 5663 2341 5718 in
2373 5654 2682 5728 Vaticana,
2702 5663 2826 5716 tum
2878 5658 2935 5714 in
2981 5654 3231 5730 August.
3264 5654 3367 5711 illa
3417 5654 3658 5710 nobilis-

2002 5737 2151 5790 sima
2181 5733 2445 5790 biblioth.

2001 5737 2151 5793 sima
2181 5734 2445 5792 biblioth.
