4198 6216
403 348 519 409 639

1608 346 1879 409 PHOTII
1925 347 2445 412 PATRIARCHJE
2488 350 2603 412 ΟΡ.

3686 357 3812 417 640

400 484 457 540 id
492 500 699 557 genus,
719 500 843 557 quae
866 486 1061 540 carent
1081 482 1384 540 ati‘ectione
1405 482 1662 538 dolorem
1693 482 2044 539 concitante.

2160 484 2189 538 ὁ
2248 480 2528 558 ἅνθρωπος
2598 482 2687 540 δια
2742 491 2843 554 τῆς
2904 482 3118 557 ἀπάτης
3176 486 3495 544 καταπεσὼν
3562 489 3818 563 γνώσεως

400 574 485 629 Ex
531 574 839 646 utriusque
886 589 1055 644 porro
1106 572 1381 628 mistione
1429 573 1691 627 nascitur
1730 572 2049 639 simulatio,

400 665 741 726 assentatio,
784 662 971 728 dolus,
1009 668 1067 718 et
1116 663 1166 717 si
1217 679 1345 734 quas
1390 662 1630 718 omnino
1674 661 1790 717 alia
1831 664 2048 733 impro-

401 752 601 808 bitatis
648 768 881 823 genera,
915 753 1101 807 mistaa
1152 758 1293 807 sunt
1338 752 1605 807 versutiae
1656 751 2051 825 mgritudines_

403 842 554 900 I55
605 858 640 897 a
688 848 761 897 At
805 846 1115 913 postquam
1148 845 1227 911 (ut
1252 842 1376 911 jam
1413 842 1581 912 paulo
1612 848 1744 897 ante
1774 842 2050 916 diximus)

404 947 505 1005 per
535 931 934 1001 deceptionem
967 930 1140 986 homo
1171 948 1199 984 a
1232 930 1429 986 divina
1459 930 1672 985 excidit
1701 930 2048 999 cognitione,

401 1032 459 1077 et
500 1020 572 1076 ad
621 1036 858 1075 sensum
909 1036 1032 1075 sese
1082 1020 1315 1091 penitus
1364 1020 1668 1088 convertit,
1701 1031 2051 1087 creaturam,

400 1125 523 1181 qua:
567 1109 677 1165 sub
724 1119 1024 1180 aspectum
1068 1108 1242 1176 cadit,
1278 1125 1379 1179 pro
1410 1109 1525 1164 Deo
1568 1109 1744 1181 coepit
1784 1125 2049 1179 perverse

399 1213 737 1270 agnoscere,
770 1198 842 1253 ob
875 1197 1185 1252 utilitatem
1235 1196 1476 1265 scilicet,
1511 1214 1685 1268 quam
1718 1214 1788 1252 ex
1817 1214 1884 1253 ea
1914 1214 2047 1252 cor-

404 1304 517 1359 pus
566 1286 940 1358 percipiebat,
992 1292 1268 1341 creaturae
1317 1288 1512 1358 potius
1560 1303 1735 1358 quam
1795 1286 2048 1343 Creatori

406 1378 667 1434 serviens
689 1379 787 1448 (α).
811 1378 933 1442 Quo
956 1378 1191 1448 quidem
1216 1394 1457 1448 corpore
1483 1378 1871 1447 perniciosum
1904 1376 2050 1432 illud

403 1468 733 1543 praestando
764 1469 1133 1539 obsequium,
1167 1468 1515 1539 voluptatem
1561 1469 1795 1523 assidue
1835 1467 2050 1523 sentie-

398 1559 525 1625 bat,
552 1561 1073 1629 vehementemque
1121 1559 1399 1625 dolorem,
1434 1560 1625 1629 reipsa
1670 1574 1901 1629 semper
1929 1556 2050 1612 iuo-

401 1649 708 1705 bedientire
762 1648 901 1704 illud
955 1649 1179 1719 lignum
1213 1648 1348 1703 boni
1381 1652 1437 1703 et
1469 1647 1598 1703 mali
1634 1648 1962 1711 comedens,
1996 1651 2053 1702 et.

401 1738 737 1795 sensibilem
789 1737 899 1793 sibi
947 1738 1337 1809 cognitionem
1390 1736 1660 1792 atterens.
1707 1737 1894 1801 Quare
1944 1738 2055 1793 for-

2161 571 2434 642 καὶπρὸς
2513 574 2613 641 τήν
2688 571 2936 643 αἶ’τθησιν
2997 574 3128 636 ὅλος
3185 578 3230 612 ⁷⁸
3300 575 3647 657 ἑπιστραφεές
3710 579 3815 646 τὴν

2163 662 2499 739 φαινομένην
2555 663 2725 717 κτίσιν
2797 664 2871 725 εἰς
2927 665 3055 719 Θεὸν
3112 666 3498 740 παρεγνώρισε,
3559 665 3648 721 διὰ
3713 670 3818 737 τήν

2162 750 2254 803 ἀπ’
2302 751 2467 819 αὐτῆς
2514 755 2609 806 τοῦ
2658 753 2913 825 σώματος
2961 754 3151 831 χρείαν
3196 758 3263 826 τῇ
3314 756 3484 809 κτίσει
3534 753 3814 831 λατρεύων

2160 840 2308 905 παρά
2364 840 2450 894 τὸν
2513 840 2798 908 Κτίσαντα,
2848 843 2963 896 καθ’
3020 842 3048 895 ὃ
3107 847 3267 915 σῶμα
3316 845 3416 912 τὴν
3478 845 3815 920 φθοροποιὸν

2161 926 2426 985 ἐπιτελῶν
2466 927 2717 1003 λατρείαν
2748 927 2952 1000 ἡδονήν
2989 931 3135 1006 εἶχεν
3180 931 3261 986 ἀεὶ
3292 931 3381 986 καὶ
3413 929 3610 1004 ὀδύνην
3656 933 3812 1008 ένερ·

2161 1020 2456 1093 γουμένην,
2516 1018 2704 1073 ἐσθίων
2762 1020 2842 1074 ἀεὶ
2919 1021 2979 1074 τὸ
3009 1020 3058 1055 ⁷³
3125 1019 3286 1090 ξύλον
3350 1027 3450 1090 τῆς
3526 1031 3815 1098 παρακοῆς

2158 1112 2253 1162 τοῦ
2286 1109 2331 1144 ⁷⁴
2362 1108 2532 1162 καλοῦ
2578 1108 2667 1163 καὶ
2698 1113 2865 1163 κακοῦ
2915 1105 3003 1163 δια
3031 1116 3131 1177 τῆς
3180 1110 3370 1184 πείρας
3401 1110 3450 1145 ⁷⁵
3496 1110 3683 1180 αὐτῆς,
3716 1111 3813 1165 καὶ

2158 1198 2294 1252 κατά
2336 1202 2437 1264 τήν
2478 1195 2721 1266 αἴσθησιν
2768 1198 3026 1276 παρέχων
3065 1200 3167 1268 τήν
3198 1201 3243 1235 ⁷⁸
3273 1203 3495 1272 γνῶσιν.
3529 1201 3631 1256 Καὶ
3662 1202 3813 1275 τάχα

2160 1286 2319 1357 ξύλον
2353 1286 2488 1342 εἶναι
2517 1285 2689 1342 καλοῦ
2719 1287 2807 1341 καὶ
2841 1292 3085 1361 πονηροῦ
3114 1288 3214 1355 τήν
3266 1288 3593 1365 φαινομένην
3629 1289 3802 1345 εἰπὼν

2159 1377 2331 1430 κτίσιν
2364 1397 2445 1437 τις
2476 1375 2575 1430 οὐκ
2604 1373 2662 1429 ἃν
2710 1374 2945 1448 ἁμάρτοι
2989 1382 3088 1445 τῆς
3121 1374 3382 1445 ἀληθείας
3416 1396 3428 1407 ·
3464 1374 3670 1446 ἡδονῆς
3701 1377 3810 1454 γάρ

2158 1467 2250 1521 καὶ
2299 1466 2480 1536 λύπης
2525 1467 2821 1536 ποιητικήν
2869 1464 2986 1539 ἔχει
3034 1470 3274 1543 φυσικῶς
3312 1468 3410 1535 τήν
3471 1465 3806 1541 μετάληψιν.

2160 1558 2229 1611 Ἠ
2276 1553 2466 1623 πάλιν,
2515 1552 2702 1623 ἐπειδὴ
2758 1554 2849 1608 καὶ
2907 1555 3104 1631 λόγους
3163 1548 3279 1630 ἔχει
3332 1559 3728 1629 πνευματικούς
3770 1560 3806 1625 ἡ

2161 1643 2412 1720 ὁρωμένη
2448 1645 2620 1706 κτίσις
2660 1647 2783 1698 νοῦν
2834 1645 2958 1716 [257
3008 1645 3097 1717 3.]
3146 1643 3459 1720 τρέφοντας,
3503 1646 3593 1700 καὶ
3643 1644 3810 1701 δύνα-

2167 1757 2256 1807 μιν
2290 1732 2455 1789 πάλιν
2496 1734 2727 1811 φυσικήν
2766 1736 2867 1802 τήν
2919 1734 3014 1806 μὲν
3061 1732 3310 1805 αἴσθησιν
3360 1734 3660 1808 τέρπουσαν
3710 1736 3807 1791 τὸν

400 1833 573 1895 tasse,
605 1828 705 1899 qui
745 1826 961 1897 lignum
1007 1808 1144 1883 boni
1183 1833 1241 1883 et
1281 1826 1421 1883 mali
1464 1829 1693 1889 dixerit,
1725 1834 2049 1885 creaturam

2164 1823 2221 1880 δὲ
2277 1828 2401 1880 νοῦν
2464 1822 2907 1901 διαστρέφουσαν,
2963 1821 3053 1879 διὰ
3114 1827 3275 1879 τοῦτο
3335 1822 3498 1895 ξύλον
3564 1828 3812 1900 γνωστὸν

410 1933 539 1973 esse
569 1918 882 1985 visibilem,
924 1936 955 1972 a
987 1934 1116 1973 vero
1150 1934 1261 1973 non
1304 1918 1615 1973 aberrabit.
1649 1918 1869 1973 Natura
1897 1920 2054 1974 enim

407 2007 533 2077 ipsa
586 2007 664 2062 ita
713 2013 1117 2077 comparatum
1149 2012 1260 2073 est,
1295 2012 1359 2062 ut
1392 2022 1535 2063 usus
1565 2009 1693 2078 ejus
1740 2008 2056 2078 voluptatis

410 2096 742 2167 dolorisque
772 2096 1059 2152 efﬁciendi
1090 2098 1204 2152 vim
1238 2097 1464 2153 habeat.
1490 2097 1589 2154 Vel
1613 2114 1848 2154 rursum
1876 2097 2058 2164 :Quia

410 2189 470 2240 et
501 2183 833 2256 spirituales
865 2184 1035 2241 habet
1064 2186 1319 2242 rationes
1347 2186 1720 2258 aspectabilis
1769 2192 2053 2254 creatura,

413 2290 541 2346 quae
576 2279 827 2329 mentem
874 2276 1179 2331 nutriunt:
1212 2279 1269 2332 et
1297 2275 1505 2332 iterum
1537 2277 1649 2348 (22)
1679 2277 1793 2331 vim
1844 2292 2023 2347 quam
2045 2306 2058 2320 -

414 2363 552 2418 dam
586 2363 930 2432 naturalem,
966 2381 1088 2435 quae
1119 2380 1356 2422 sensum
1389 2366 1625 2439 quidem
1658 2366 1921 2433 delectat,
1955 2365 2056 2421 sed

414 2457 672 2507 mentem
720 2454 1012 2524 pervertit,
1046 2459 1350 2526 propterea
1381 2456 1599 2525 lignum
1633 2456 1889 2511 scientia:
1920 2455 2057 2511 boni

411 2546 471 2597 et
503 2542 641 2598 mali
673 2542 794 2597 haec
826 2548 915 2599 est
946 2544 1257 2617 appellata.
1290 2546 1638 2601 Passionum
1689 2547 1846 2601 enim
1881 2544 2057 2614 magi-

410 2634 535 2684 stra
565 2630 630 2685 ﬁt
662 2631 733 2687 iis
757 2634 857 2703 qui
881 2634 1007 2702 ejus
1039 2639 1257 2703 partem
1291 2634 1548 2705 aliquam
1580 2651 1852 2706 corporeo
1885 2636 2056 2691 modo

411 2718 729 2789 accipiunt.
762 2720 908 2777 Ilioc
940 2725 1084 2777 forte
1114 2729 1172 2778 et
1201 2723 1425 2779 homini
1456 2725 1632 2793 Deus,
1656 2742 1725 2780 ne
1757 2724 1933 2794 hujus
1962 2723 2060 2780 tie-

411 2814 499 2863 ret
532 2810 821 2882 particeps
853 2815 1023 2867 antea
1052 2812 1388 2868 interdixit:
1422 2822 1483 2869 ut
1513 2816 1675 2889 prius
1727 2814 1901 2886 (quod
1953 2830 2059 2886 par

406 2897 550 2969 erat)
591 2915 695 2970 per
739 2900 935 2972 gratiae
986 2902 1493 2974 participationem
1545 2903 1777 2976 proprio
1808 2906 1929 2973 ipse
1957 2918 2055 2959 co-

2161 1913 2335 1969 καλοῦ
2383 1934 2442 1968 τε
2495 1913 2585 1967 καὶ
2649 1917 2819 1967 κακοῦ
2892 1912 3309 1988 προσηγορεύθη
3366 1932 3381 1945 ⁸
3459 1916 3644 1970 παθῶν
3702 1916 3805 1991 γάρ

2164 2005 2365 2081 γίνεται
2415 2001 2740 2065 διδάσκαλος
2786 2008 2902 2063 τοῖς
2944 2007 3271 2075 σωματικῶς
3321 2003 3488 2073 αὐτῆς
3519 2002 3809 2077 μεταλαμ-

2164 2090 2405 2149 ϐάνουσι.
2441 2094 2535 2149 Διὸ
2576 2094 2748 2172 τυχὸν
2784 2095 2874 2147 καὶ
2912 2097 2991 2165 τῷ
3039 2092 3309 2168 ἀνθρώπῳ
3353 2095 3457 2163 τὴν
3500 2095 3809 2168 μετάληψιν

2163 2185 2331 2253 αὐτῆς
2360 2184 2387 2238 ὁ
2436 2184 2563 2244 Θεὸς
2593 2182 2935 2258 ἀπηγόρευσε
2981 2180 3137 2251 τέως,
3176 2180 3267 2237 ’ίνα
3294 2184 3589 2260 ’πρότερον,
3621 2182 3809 2258 ὥσπερ

2162 2276 2226 2345 ἦν
2261 2272 2491 2343 δίκαιον,
2542 2269 2631 2327 διὰ
2670 2279 2773 2342 τῆς
2823 2271 2875 2327 ἐν
2918 2274 3103 2348 χάριτι
3159 2279 3408 2348 μετοχῆς
3454 2275 3549 2343 τὴν
3599 2272 3810 2329 οἰκείαν

2163 2362 2419 2439 ἐπιγνοὺς
2453 2361 2623 2417 αἰτίαν
2672 2361 2761 2417 καὶ
2791 2364 2889 2431 τήν
2947 2362 3135 2438 χάριτι
3195 2360 3437 2418 δοθεῖσαν
3497 2361 3814 2433 ἀθανασίαν,

2166 2453 2255 2510 δια
2308 2460 2411 2523 τῆς
2464 2451 2721 2523 τοιαύτης
2779 2451 3142 2526 μεταλήψεως
3210 2453 3346 2526 πρὸς
3406 2454 3665 2509 ἀπάθειαν
3721 2457 3813 2508 καί

2166 2542 2419 2617 ἀτρεψίαν
2461 2543 2772 2614 στομώσας,
2832 2542 2908 2605 ὡς
2958 2541 3090 2603 Θεὸς
3145 2540 3253 2612 ἤδη
3304 2546 3371 2615 τῇ
3427 2541 3615 2598 θεώσει
3661 2541 3812 2617 γενό-

2170 2653 2329 2706 μενος
2364 2631 2498 2705 μετά
2533 2635 2667 2687 Θεοῦ
2708 2633 2777 2685 τά
2802 2634 2900 2685 τοῦ
2929 2634 3063 2687 Θεοῦ
3108 2628 3466 2705 διασκέψηται
3514 2633 3809 2703 κτίσματα,

2168 2719 2335 2795 μηδὲν
2396 2721 2487 2776 ὐπ’
2535 2719 2709 2775 αὐτῶν
2755 2715 3279 2793 παραϐλαπτόμενος
3322 2720 3412 2775 καὶ
3473 2722 3573 2790 τὴν
3631 2721 3809 2776 αὐτῶν

2165 2810 2513 2884 ἀναλήψηται
2541 2806 2742 2885 γνῶσιν
2781 2809 2857 2869 ὡς
2910 2810 3095 2883 χάριτι
3136 2809 3266 2873 Θεὸς
3314 2809 3404 2863 καὶ
3448 2808 3549 2864 ούκ
3597 2808 3812 2885 ἄνθρω-

2165 2920 2290 2963 πος.

400 2989 571 3059 gnito
620 2994 851 3046 auctore
902 3006 1018 3046 una
1068 3008 1198 3046 cum
1245 2995 1429 3064 gratis
1481 2994 1775 3065 impertita
1826 2990 2287 3058 immortalitate,
2320 3006 2421 3064 per
2466 2990 2617 3046 hanc
2668 2988 3169 3061 participationem
3216 2990 3283 3046 ad
3326 2988 3707 3046 indolentiam
3758 2996 3820 3047 et

407 3076 939 3134 immutabilitatem
974 3080 1265 3149 firmatus,
1298 3097 1365 3138 ac
1396 3082 1549 3138 velut
1597 3082 1753 3138 Deus
1795 3084 1919 3153 jam
1971 3097 2077 3154 per
2123 3079 2551 3136 deiﬁcationem
2598 3079 2806 3147 factus,
2838 3093 2973 3134 cum
3022 3078 3139 3134 Deo
3187 3077 3681 3149 contemplaretur
3712 3078 3815 3135 Dei

408 3174 721 3230 creaturas,
754 3168 1033 3239 nulloque
1083 3170 1154 3225 ab
1204 3170 1277 3226 iis
1323 3180 1557 3241 accepto
1606 3173 1955 3227 detrimento
2005 3186 2206 3227 earum
2258 3170 2650 3243 cognitionem
2695 3173 3188 3241 consequeretur;
3222 3167 3392 3240 quasi
3438 3168 3588 3224 Deus
3638 3168 3811 3225 nimi-

406 3270 537 3309 rum
565 3253 778 3326 aliquis
810 3274 911 3329 per
939 3256 1209 3328 gratiam,
1243 3275 1357 3314 non
1391 3259 1566 3317 homo
1598 3260 1864 3316 affectus.

475 3343 605 3401 Hec
634 3351 690 3399 et
719 3346 832 3401 alia
862 3347 1193 3403 consimilia
1214 3348 1271 3404 in
1297 3350 1574 3420 prooemio
1609 3348 2049 3423 philosOphatus

2234 3349 2415 3405 Ταῦτα
2460 3346 2549 3400 καὶ
2590 3349 2815 3401 τοιαῦτα
2843 3345 2891 3380 ⁷⁷
2934 3342 2985 3401 ἒν
3036 3344 3356 3419 προοιμίοις
3401 3342 3810 3420 φιλοσοφήσας,

400 3435 577 3503 atque
607 3432 901 3502 pollicitus
949 3435 1137 3507 (quasi
1167 3441 1317 3491 esset
1346 3435 1483 3491 alibi
1514 3435 1822 3508 perfectius
1873 3452 2048 3492 accu-

396 3522 701 3593 ratiusque
748 3524 819 3579 de
867 3524 939 3579 iis
987 3530 1243 3595 acturus,
1274 3542 1339 3582 ac
1385 3528 1687 3599 proprium
1721 3527 1773 3583 ei
1819 3527 2044 3597 negotio

397 3615 706 3667 tractatum
758 3614 1200 3683 destinaturus).
1237 3616 1725 3688 Interrogationes
1767 3618 2044 3688 deinceps

399 3702 945 3775 Responsionesque
990 3704 1355 3776 aggreditur:
1389 3721 1635 3777 quarum
1670 3708 1861 3779 prima
1890 3723 2043 3778 quaa-

403 3790 515 3845 stio
565 3796 688 3845 est:
723 3791 872 3858 Quid
921 3792 1067 3847 illud
1112 3794 1440 3865 signiticet;
1475 3801 1647 3851 Pater
1694 3810 1842 3851 meus
1888 3795 2044 3852 modo

396 3887 660 3950 operatur
688 3882 788 3953 (b).
821 3882 1014 3937 Altera
1046 3885 1113 3938 de
1146 3882 1264 3948 illo,
1307 3884 1404 3955 qui
1456 3884 1514 3939 in
1566 3885 1868 3955 Evangelia
1918 3902 2046 3940 am-

398 3968 640 4038 phoram
674 3987 838 4040 aquis
874 3971 1093 4041 bajulat
1114 3973 1204 4043 (ο).
1230 3973 1422 4029 Tertia
1451 3975 1521 4028 de
1553 3974 1651 4031 illo
1676 3991 1689 4028 :
1712 3975 1895 4031 Nolite
1918 3990 2045 4047 pos-

396 4058 573 4115 sidere
592 4059 729 4115 duas
750 4060 964 4116 tunicas
986 4063 1084 4133 (ά).
1108 4062 1200 4118 IV.
1222 4064 1294 4118 De
1322 4062 1634 4120 maledicta
1655 4070 1808 4120 terra
1827 4065 1883 4119 in
1911 4080 2047 4135 ope-

399 4148 561 4204 ribus
606 4151 782 4206 Adam
832 4152 933 4220 (e).
962 4150 1027 4205 V.
1060 4152 1141 4207 De
1170 4152 1307 4210 illo:
1342 4154 1449 4221 Qui
1491 4160 1662 4209 natu:
1708 4162 1786 4209 est
1812 4170 1883 4210 ea:
1910 4156 2043 4222 Deo,

396 4244 684 4305 peccatum
730 4256 841 4293 non
886 4242 1018 4307 fecit
1065 4241 1155 4310 (Ῑ).
1212 4243 1299 4297 VI.
1346 4242 1425 4298 De
1472 4242 1609 4299 illo:
1649 4245 1759 4300 Hoc
1802 4248 1950 4299 enim
1992 4248 2044 4300 et

392 4327 1081 4399 mortuisevangelizatum
1095 4330 1444 4401 est(g).155
1480 4332 1509 4387 b
1539 4330 1742 4388 VII.De
1757 4331 1881 4388 illo:
1900 4334 2044 4388 Deus

398 4419 499 4474 tua:
518 4424 597 4473 est
618 4420 720 4491 (h).
744 4419 893 4475 Vlll.
920 4421 997 4475 De
1018 4420 1116 4477 illo
1142 4438 1154 4476 :
1178 4421 1475 4486 Quomodo
1498 4425 1694 4496 [Nunc]
1722 4441 1911 4481 sumus
1932 4426 2046 4497 ﬁlii

397 4511 520 4573 Dei,
552 4516 604 4563 et
636 4510 929 4580 quomodo
960 4515 1092 4581 post
1135 4511 1255 4567 haec
1302 4512 1521 4568 erimus
1554 4514 1637 4584 (ι).
1669 4513 1762 4570 ΙΧ.
1795 4514 1875 4571 De
1905 4515 2038 4570 illo:

396 4598 502 4665 Qui
548 4598 721 4665 timet,
770 4614 881 4653 non
927 4603 1008 4654 est
1052 4606 1320 4671 perlectus
1368 4603 1429 4657 in
1474 4601 1767 4658 dilectione
1814 4604 1902 4675 (j).
1937 4603 2038 4659 Et:

393 4688 511 4743 Non
536 4692 615 4743 est
650 4688 843 4759 inopia
863 4690 1187 4746 timentibus
1217 4706 1343 4745 eum
1376 4692 1473 4764 (It).
1500 4695 1568 4748 Χ.
1593 4692 1733 4759 Quis
1764 4691 1849 4749 illi
1881 4691 2043 4764 prin-

2156 3436 2245 3492 καὶ
2300 3432 2757 3511 ἐπαγγειλάμενος
2814 3435 2888 3497 ὡς
2942 3432 2993 3489 ἒν
3063 3434 3266 3507 ἑτέροις
3336 3430 3674 3508 τελειότερόν
3750 3456 3811 3491 τε

2152 3527 2244 3582 καὶ
2303 3522 2683 3602 ἀκριϐέστερον
2741 3524 2865 3599 περὶ
2915 3524 3089 3580 αὐτῶν
3138 3523 3490 3597 ἐπισκέψοιτο
3547 3525 3639 3578 καὶ
3693 3521 3806 3595 ἰδίᾳ

2156 3615 2501 3692 πραγματείᾳ
2558 3618 2655 3684 τὴν
2712 3614 2838 3690 περὶ
2903 3610 3079 3669 uin:th
3138 3614 3352 3693 ἀφοριεῖ
3405 3615 3805 3688 πραγματείαν,

2158 3707 2345 3784 ἑφεξῆς
2410 3711 2517 3762 τῶν
2586 3705 2906 3775 ἐρωτήσεων
2976 3704 3065 3758 καὶ
3139 3702 3475 3776 ἀποκρίσεων
3554 3704 3802 3760 ἅπτεται.

2154 3800 2246 3852 Ὧν
2290 3800 2506 3871 πρῶτον
2564 3798 2787 3869 ζήτημα
2832 3794 2955 3868 περὶ
3002 3797 3098 3848 τοῦ
3154 3792 3203 3847 τί
3265 3792 3539 3865 σημαίνει.
3579 3794 3638 3848 '0
3688 3797 3801 3847 [Ια-

2152 3890 2258 3963 τνςρ
2320 3909 2422 3961 μου
2465 3886 2571 3947 ἕως
2620 3885 2741 3961 ἄρτι
2792 3883 3091 3960 ἐργάζεται.
3137 3884 3192 3939 B'
3248 3886 3373 3956 περὶ
3421 3882 3540 3919 "'79
3594 3884 3690 3936 τοῦ
3744 3880 3800 3936 ἐν

2152 3981 2231 4049 τῷ
2290 3974 2610 4052 Εὐαγγελίῳ
2664 3975 2726 4029 τὸ
2777 3974 3039 4048 κεράμιον
3096 3976 3192 4027 τοῦ
3246 3968 3441 4034 ὕδατος
3502 3971 3799 4045 βαστάζον-

2150 4088 2266 4129 τος.
2321 4069 2373 4120 Γ⁹
2432 4064 2555 4139 περὶ
2611 4068 2731 4131 τοῦ,
2784 4065 2877 4132 Μή
2936 4064 3211 4132 κτήσησθε
3266 4060 3313 4096 ⁸ο
3372 4057 3467 4113 δύο
3527 4064 3799 4135 χιτῶνας.

2153 4159 2207 4210 Δ⁸
2262 4154 2386 4229 περὶ
2441 4160 2541 4223 τῆς
2589 4153 2984 4229 καταραθείσης
3034 4156 3139 4226 γῆς
3199 4149 3249 4204 ἐν
3302 4156 3420 4209 τοὶς
3480 4146 3656 4222 ἔργοις
3702 4151 3800 4203 τοῦ

2153 4240 2353 4318 Ἀδάμ.
2432 4246 2491 4300 Ε¹
2585 4241 2707 4316 περὶ
2787 4244 2906 4307 τοῦ,
2974 4240 3036 4297 Ὀ
3110 4236 3495 4311 γεγεννημένος
3564 4234 3622 4290 ἐκ
3701 4240 3798 4290 τοῦ

2152 4338 2286 4390 Θεοῦ
2331 4332 2595 4409 ἁμαρτίαν
2646 4330 2707 4386 ού
2758 4334 2923 4387 ποιεῖ.
3071 4328 3193 4401 περὶ
3239 4332 3359 4393 τοῦ,
3393 4326 3487 4387 Εἷς
3527 4326 3572 4364 δι
3627 4329 3796 4380 τοῦτο

2151 4425 2250 4499 γὰρ
2322 4424 2413 4478 καὶ
2487 4426 2695 4495 νεκροῖς
2780 4418 3168 4495 εὐηγγελίσθη.
3248 4417 3298 4474 Ζ¹
3364 4415 3488 4489 περὶ
3553 4418 3672 4483 τοῦ,
3733 4416 3796 4473 Ὀ

2151 4514 2279 4575 Θεὸς
2339 4517 2453 4592 φῶς
2533 4510 2693 4567 ἐστιν.
2751 4512 2813 4566 H'
2871 4508 2993 4582 περὶ
3066 4510 3165 4561 ⁴ιοῦ
3216 4509 3331 4567 πῶς
3408 4502 3567 4577 ἐσμεν
3640 4505 3799 4559 τέκνα

2153 4606 2287 4659 Θεοῦ
2340 4602 2431 4657 καὶ
2470 4605 2586 4664 πῶς
2618 4602 2666 4637 ⁸³
2726 4599 2861 4671 μετά
2916 4601 3081 4653 ταῦτα
3133 4595 3387 4667 ἐσόμεθα.
3430 4596 3488 4648 Θ⁷
3537 4593 3661 4666 περὶ
3699 4596 3797 4648 τοῦ

2152 4696 2296 4765 πῶς,
2400 4692 2461 4751 Ὁ
2556 4687 2898 4769 φοϐούμενος
2992 4686 3057 4742 ού
3149 4682 3494 4740 τετελείωται
3586 4681 3638 4738 ἐν
3724 4679 3796 4755 τῇ

464 4840 749 4921 (a_)_Rom._
774 4859 814 4921 1_,
844 4842 933 4899 25.
970 4843 1050 4915 (b)
1075 4845 1253 4921 Jo_an._
1288 4847 1479 4921 v,_l_7.
1522 4848 1591 4917 (ο)
1637 4852 1809 4921 Mare.
1838 4850 2040 4921 ixmil

2158 4849 2288 4906 Luc.
2322 4866 2417 4918 xx,
2452 4850 2540 4907 10.
2571 4850 2659 4921 (d)
2687 4846 2898 4921 Matth.
2929 4846 3127 4921 x,AlO;_
3155 4844 3293 4902 Luc.
3326 4844 3489 4921 ηιξ.
3522 4843 3597 4921 (e)
3625 4842 3797 4921 (ient,

390 4926 477 4977 ιιι,
512 4912 697 4992 1741)
732 4915 749 4969 l
778 4914 943 4970 Joan.
985 4912 1077 4982 ιιι,
1129 4916 1183 4973 9.
1238 4912 1380 4988 (9)71
1412 4912 1671 4987 Petrfiv,
1716 4920 1770 4977 6.
1823 4920 1903 4992 (Ii)
1935 4912 2049 4979 I'Jo

2184 4938 2226 4990 ι,
2256 4922 2309 4976 5.
2345 4912 2415 4992 (if
2441 4922 2461 4977 Ι
2490 4912 2659 4978 δοὰιί.
2713 4937 2798 4986 ιιι,
2842 4920 2903 4977 2.
2950 4919 3015 4991 (j)
3048 4922 3069 4976 Ι
3098 4912 3268 4975 Joan.
3300 4934 3379 4987 ιν,
3414 4916 3499 4973 18.
3535 4912 3609 4985 Ut)
3638 4914 3797 4971 Psal.

387 4998 588 5053 mm,
617 4984 673 5041 9.

1745 5139 1990 5198 VARI£
2029 5140 2429 5199 LECTIONES.

460 5274 795 5359 “fnum-g.
841 5279 1006 5359 λε’-τὸ
1038 5283 1171 5339 add.
1203 5285 1268 5339 Α.
1305 5354 1316 5359 _
1372 5283 1420 5321 ⁷⁸
1450 5286 1571 5359 τοῦ]
1600 5285 1663 5340 τὸ
1691 5289 1756 5343 Α.

388 5352 613 5430 lamina
796 5426 805 5430 Α
841 5351 959 5389 ⁷⁸·⁷⁹
1010 5360 1143 5411 ante
1199 5354 1321 5430 περὶ
1380 5373 1514 5414 cum
1551 5350 1615 5415 Ἀ
1658 5358 1825 5416 omisi
1881 5354 1956 5414 δέ.

386 5418 435 5458 ⁸³
461 5423 579 5482 πῶς
611 5418 745 5480 add.
778 5426 843 5480 Α.

1850 5285 1903 5361 7‘:
1926 5285 2118 5361 πείρας
2144 5291 2189 5344 Α
2225 5303 2240 5361 ξ
2270 5285 2494 5361 πορείας

2070 5358 2118 5395 δυ
2141 5358 2439 5429 κτήσασθαι
2497 5358 2541 5416 Ᾱ

2700 5285 2747 5323 ⁷⁵
2772 5286 2872 5356 τὴν
2900 5289 2957 5342 et
2988 5284 3076 5341 19.
3106 5303 3165 5340 τε
3204 5282 3337 5356 add3
3369 5286 3419 5356 A_
3529 5279 3576 5317 ⁷⁷
3604 5277 3697 5335 καὶ
3727 5279 3796 5356 τὰ

2550 5354 2562 5415 ζ
2666 5354 2839 5421 ειείς
2875 5356 3009 5416 add.
3069 5359 3133 5415 A.
3190 5356 3262 5411 cf.
3320 5355 3342 5412 Ι
3391 5354 3540 5411 Petr.
3600 5369 3677 5422 IV,
3736 5354 3791 5410 6.

1967 5573 2200 5636 ΝΟΤΞ.

455 5708 575 5785 (22)
608 5711 883 5783 Expungo
915 5726 1038 5783 quae
1069 5712 1179 5770 hoc
1211 5713 1334 5773 loco
1365 5716 1424 5774 in
1459 5722 1619 5776 texta
1652 5718 1848 5777 Graeco
1874 5719 2083 5778 vitiose
2109 5724 2475 5793 repetuntur,
2506 5735 2676 5781 voces
2703 5720 3007 5795 pauculae.
