4198 6216
349 333 463 395 641

1472 327 2015 390 BIBLIOTHECA.
2066 360 2142 372 —
2184 328 2359 390 COD.
2406 329 2640 391 CXCII.

3638 338 3759 400 642

351 465 564 542 ἀγάπη,
620 463 735 534 καὶ,
807 461 924 521 Οὐκ
977 455 1119 517 ἔστιν
1197 462 1476 537 ὑστέρημα
1552 467 1667 526 τοῖς
1734 457 2006 538 φοϐουμέ-

2119 462 2343 535 cipatus
2374 463 2565 529 fuerit,
2607 479 2780 535 quem
2820 480 2936 520 non
2983 467 3272 524 servarint
3300 471 3514 541 angeli,
3547 477 3602 527 et
3631 487 3758 544 qua

351 572 466 615 νοις
508 550 698 608 αὐτόν.
747 549 784 608 1'
821 548 947 624 περὶ
985 546 1084 605 τοῦ
1131 545 1213 613 τίς
1258 549 1294 618 ἡ
1341 546 1492 628 ἀρχῆ
1541 553 1650 604 τῶν
1703 549 1780 622 μή
1828 568 2006 623 τηρη.

354 641 563 698 σάντων
623 640 789 708 αὐτὴν
843 638 1110 715 ἀγγέλων,
1149 639 1239 694 καὶ
1299 639 1398 694 ὅσα
1453 637 1640 700 αὐτοῖς
1698 638 2002 696 ἀπόκειται.

356 735 441 791 IA'
510 730 594 793 τίς
649 731 677 785 ὁ
736 729 844 785 ἀπὸ
897 736 998 798 τῆς
1047 730 1243 805 σαρκὸς
1283 725 1657 802 ἑσπιλωμὲνος
1700 730 1894 804 χιτών.
1938 733 2007 786 ΙΒ

354 821 406 876 τί
465 820 597 886 ἐστι,
656 820 736 876 Τά
789 819 894 896 γὰρ
953 821 1156 892 ἀόρατα
1221 817 1387 873 αὐτοῦ
1464 818 1569 873 ἀπὸ
1626 818 1854 880 κτίσεως
1917 817 2007 874 κό-

357 931 502 984 σμου
559 914 678 971 τοῖς
737 909 1091 982 ποιήμασι⁸³
1145 906 1418 980 νοούμενα
1469 909 1784 980 καθορᾶται.
1817 909 1896 963 II"
1952 905 2006 962 τί

358 1003 490 1072 ἔστι,
547 1002 643 1056 Καὶ
711 999 1035 1074 ἐλάτρευσαν
1099 1003 1166 1073 τῇ
1241 1001 1411 1054 κτίσει
1485 1000 1632 1073 παρᾶ
1702 1001 1795 1054 τὸν
1874 998 2006 1053 Κτί-

357 1113 539 1152 σαντα,
593 1093 682 1154 ΙΔ⁹
741 1089 865 1166 περὶ
933 1094 1054 1157 τοῦ,
1127 1089 1202 1144 Τὸ
1283 1089 1385 1164 γὰρ
1452 1085 1720 1165 ἄφθαρτον
1797 1088 2008 1161 πνεῦμά

357 1182 453 1237 σού
494 1180 636 1238 ἐστιν
685 1180 738 1236 ἐν
778 1183 930 1236 πᾶσι.
983 1180 1063 1237 IE'
1101 1179 1223 1254 περὶ
1282 1181 1384 1233 τοῦ
1429 1177 1482 1232 ἐν
1520 1181 1588 1250 τῇ
1639 1176 1832 1252 ἐρήμῳ
1885 1196 2004 1253 χω-

353 1271 633 1334 νευθέντος
677 1269 914 1346 μόσχου.
968 1267 1068 1343 1ς”
1106 1268 1230 1342 περὶ
1276 1271 1374 1322 τοῦ
1420 1265 1660 1342 ἀγγέλου
1699 1271 1796 1323 τοῦ
1854 1269 2006 1322 ἄπει-

355 1356 631 1430 λήσαντος
697 1359 924 1413 θάνατον
954 1360 1034 1428 τῷ
1090 1361 1276 1411 Μωσεῖ
1333 1353 1386 1410 ἐν
1431 1362 1499 1424 τῆ
1546 1351 1658 1427 ὁδῷ
1709 1353 2005 1430 Αἰγύπτου.

361 1454 436 1504 IZ'
467 1449 589 1524 περὶ
626 1452 746 1517 τοῦ,
787 1447 832 1502 εἰ
877 1447 934 1501 o't
981 1445 1210 1517 ποιηταὶ
1247 1449 1348 1500 τοῦ
1398 1443 1572 1518 νόμου
1612 1441 2006 1514 δικαιωθήσον-

357 1557 469 1607 ται,
537 1541 657 1599 πῶς
707 1537 759 1591 οἱ
817 1541 886 1591 Εν
943 1535 1097 1608 νόμῳ
1149 1531 1527 1608 δικαιούμενοι
1601 1539 1701 1602 τῆς
1781 1531 2007 1608 χάριτος

357 1626 750 1693 ἑκπίπτουσινς
811 1627 941 1697 [500
1016 1625 1107 1697 R.]
1166 1625 1253 1681 IH'
1319 1623 1370 1678 τί
1438 1621 1596 1690 ἐστιν,
1655 1623 1811 1680 Ὅσοι
1879 1621 2008 1677 ἀνόο

360 1736 478 1791 μως
528 1715 798 1789 ⁴ἥμαρτον,
845 1712 1062 1786 ἀνόμως
1092 1713 1182 1767 καὶ
1231 1709 1586 1768 ἀπολοῦνται.
1635 1714 1714 1768 ΙΘ’
1762 1710 1816 1766 τί
1864 1710 2007 1766 ἐστιν

354 1810 390 1877 ἡ
459 1805 780 1880 ξηρανθεῖσα
853 1801 906 1857 ἒν
982 1806 1060 1874 τῷ
1129 1799 1444 1876 Εὐαγγελίῳ
1515 1806 1676 1870 συκῆ,
1731 1801 1820 1854 καὶ
1908 1799 2006 1854 ὅσα

352 1895 478 1969 περί
543 1892 756 1963 αὐτήν;
818 1892 871 1946 Κ’
927 1889 1198 1965 περὶτοῦ
1271 1889 1320 1944 τί
1389 1889 1554 1958 ἐστιν,
1613 1885 2005 1960 Ἐκδυσάμενος

2115 551 2232 610 illis
2281 557 2649 608 reservantur
2678 551 2764 626 (1).
2796 553 2900 610 XI.
2932 558 3073 623 Quae
3109 557 3187 612 sit
3234 556 3333 614 illa
3381 575 3481 630 per
3522 576 3758 617 carnem

2117 641 2544 696 commaculata
2562 643 2758 698 tunica
2787 643 2910 714 (ιη).
2926 643 3047 700 XII.
3068 645 3211 709 Quid
3237 646 3380 701 illud
3406 663 3419 702 :
3443 646 3758 705 Invisibilia

2113 732 2265 788 enim
2309 732 2486 803 ipsius
2523 750 2556 788 a
2602 745 2857 789 creatura
2907 737 3120 801 mundi.
3159 751 3260 806 per
3303 754 3366 793 ea
3406 753 3530 809 quae
3574 746 3759 797 creata

2115 828 2241 877 sunt
2295 823 2574 878 intellecta
2637 823 3052 894 conspiciuntur
3107 826 3216 896 (η).
3265 826 3406 883 XIII.
3459 830 3567 894 Qui
3616 830 3758 886 illud

2117 911 2332 967 ibidem
2387 928 2400 967 ε
2452 913 2755 968 Cotuerunt
2806 921 2860 968 et
2895 916 3205 972 servierunt
3249 921 3515 973 creatum
3557 922 3756 990 potius,

2117 1018 2283 1074 quam
2314 1001 2559 1057 Creatori
2605 1002 2738 1073 (o.p)
2775 1003 2922 1059 XIV.
2958 1003 3035 1059 De
3068 1004 3164 1060 illo
3199 1021 3211 1059 :
3245 1007 3384 1061 Nam
3415 1009 3759 1079 incorrupti-

2117 1088 2243 1144 bitis
2271 1090 2502 1160 spiritus
2533 1098 2657 1144 tuus
2685 1094 2764 1145 est
2795 1091 2852 1144 in
2878 1091 2984 1163 (33)
3020 1093 3292 1148 omnibus.
3325 1094 3440 1151 XV.
3479 1101 3553 1151 De
3579 1099 3759 1152 vitulo

2117 1193 2291 1249 quem
2347 1178 2407 1234 in
2465 1179 2688 1234 deserto
2733 1179 3063 1236 conﬂarunt
3098 1183 3171 1254 (ᾳ.
3203 1187 3274 1250 r).
3320 1183 3465 1239 XVI.
3525 1187 3604 1241 De
3653 1205 3760 1242 an-

2116 1267 2246 1338 gelo
2279 1272 2528 1323 mortem
2560 1267 2926 1325 minitantem
2951 1270 3095 1326 Mosi
3120 1274 3176 1328 in
3197 1271 3400 1329 itinere
3420 1275 3645 1348 [Egypti
3666 1279 3755 1350 (s).

2117 1357 2278 1414 XVII.
2317 1357 2397 1414 De
2429 1357 2527 1416 illo
2562 1375 2576 1414 :
2609 1358 2671 1415 Si
2716 1362 2949 1429 factores
2989 1362 3128 1433 legis
3159 1363 3624 1433 justiﬁcabuntur
3669 1370 3756 1440 (t).

2116 1447 2413 1511 Quomodo
2445 1451 2541 1521 qui
2579 1450 2688 1523 (34)
2734 1451 2791 1506 in
2823 1451 2948 1523 lege
2983 1452 3404 1522 justiﬁcantur,
3437 1457 3624 1527 gratia
3651 1474 3757 1513 ex-

2115 1536 2336 1593 cidunt.
2374 1537 2576 1594 XVIII.
2613 1539 2760 1603 Quid
2803 1546 2936 1595 est:
2971 1541 3292 1614 Quicunque
3332 1542 3453 1599 sine
3491 1545 3606 1616 tege
3632 1561 3758 1616 pec-

2114 1632 2400 1694 caverunt,
2431 1631 2555 1684 sine
2585 1629 2700 1701 lege
2727 1631 2898 1686 etiam
2928 1631 3188 1702 peribunt
3208 1633 3486 1704 (u).XlX.
3521 1635 3666 1699 Quid
3699 1635 3759 1692 in

2113 1717 2424 1790 Evangelio
2467 1719 2546 1775 sit
2582 1718 2727 1775 ficus
2767 1721 3037 1788 arefacta,
3071 1727 3127 1776 et
3173 1738 3300 1793 quae
3343 1724 3415 1779 ad
3465 1741 3593 1780 eam
3629 1743 3761 1796 spe-

2114 1812 2278 1862 ctant
2308 1809 2406 1878 (υ).
2427 1807 2540 1865 ΧΧ.
2577 1813 2652 1865 De
2674 1809 2773 1865 illo
2798 1825 2812 1865 :
2847 1811 3174 1881 Exspatians
3201 1814 3556 1884 principatus
3585 1823 3634 1871 et
3662 1831 3757 1886 po-

2115 1905 2333 1953 testates
2367 1898 2475 1968 (ας),
2505 1907 2558 1953 et
2607 1898 2852 1970 reliqua.
2907 1899 2968 1954 Et
3019 1903 3310 1971 quomodo
3369 1903 3621 1970 exuitur,
3655 1906 3759 1975 qui

351 1986 446 2048 τας
483 1983 662 2058 ἀρχὰς
694 1981 781 2037 καὶ
829 1981 925 2043 τάς
981 1978 1244 2053 ἐξουσίας,
1286 1980 1375 2034 καὶ
1420 1978 1542 2052 ἑξῆς
1569 1981 1637 2049 ⁸⁸,
1687 1979 1774 2033 καὶ
1820 1981 1936 2042 πῶς
1975 1977 2004 2032 ὁ

2118 2001 2491 2057 nequaquam
2523 1987 2758 2042 induit?
2780 1989 2934 2044 XXI.
2959 1988 3014 2044 Si
3049 1989 3334 2062 [demum]
3368 1993 3597 2048 seculis
3626 2010 3762 2050 ven-

357 2071 489 2149 μτ,δ’
539 2071 689 2136 ὅλως
746 2068 1106 2144 ἐνδυσάμενος
1163 2065 1450 2136 ἐκδύεται;
1514 2071 1613 2124 ΚΛ¹
1672 2068 1718 2123 εἰ
1771 2066 1823 2122 ἐν
1890 2073 2005 2130 τοῖς

2115 2074 2265 2130 turis
2300 2079 2447 2130 Deus
2476 2077 2743 2132 ostendet
2771 2077 3001 2132 divitias
3025 2079 3300 2134 bonitatis
3331 2097 3451 2136 suae
3484 2081 3586 2152 (y),
3620 2099 3763 2154 quo-

356 2162 518 2218 αἷῶσι
562 2167 679 2223 τοῖς
720 2159 1113 2235 ἐπερχομένοις
1159 2159 1188 2213 ὀ
1229 2159 1359 2220 Θεὸς
1411 2154 1568 2228 δείξει
1614 2157 1707 2212 τὸν
1760 2155 2003 2213 πλοῦτον

2118 2163 2290 2219 modo
2339 2164 2399 2218 in
2457 2181 2564 2221 nos
2619 2164 2962 2221 saeculorum
3023 2166 3167 2222 lines
3226 2176 3609 2240 pervenerunt
3641 2172 3763 2241 (ων

355 2260 458 2323 τῆς
504 2251 888 2328 χρηστότητος
921 2249 1110 2313 αὐτοῦ,
1157 2253 1272 2310 πῶς
1312 2249 1387 2310 εἰς
1436 2250 1584 2322 ἡμᾶς
1616 2249 1682 2302 τὰ
1727 2245 1860 2317 τέλη
1895 2253 2002 2302 τῶν

2115 2250 2297 2308 XXII.
2331 2251 2412 2308 De
2441 2252 2540 2308 illo
2585 2253 2738 2309 dicto
2775 2269 2789 2308 :
2822 2254 2988 2310 Dabit
3017 2255 3106 2310 illi
3149 2256 3285 2312 Deus
3324 2257 3544 2314 domum
3583 2258 3765 2314 David

357 2342 570 2397 αἷ¹ώνων
621 2343 1004 2411 κατήντησεν;
1064 2341 1170 2396 ΚΒ’
1223 2337 1347 2412 περὶ
1396 2341 1514 2407 τοῦ,
1568 2339 1736 2392 Δώσει
1785 2337 1936 2409 αὐτῷ
1975 2338 2002 2392 ὁ

2115 2345 2290 2415 patris
2325 2345 2418 2399 sui
2447 2345 2540 2416 (a).
2577 2345 2879 2409 Quomodo
2920 2346 3056 2401 dare
3088 2353 3300 2419 potest,
3333 2365 3468 2406 cum
3517 2365 3764 2422 regnum

357 2433 489 2493 Θεὸς
549 2431 638 2486 τὸν
713 2431 859 2486 οἶκον
939 2424 1103 2484 Δαϐὶδ
1179 2431 1276 2482 τοῦ
1345 2428 1549 2502 πατρὸς
1615 2427 1808 2494 αὐτοῦ,
1884 2430 2000 2489 πῶς

357 2517 574 2590 δίδωσι,
610 2525 714 2589 τῆς
766 2517 1046 2594 βασιλείας
1099 2512 1273 2578 Δαϐἱδ
1313 2515 1391 2580 εἷς
1438 2516 1506 2570 τά
1554 2514 1832 2590 ἐπιγνόντα
1871 2512 1998 2587 ἔθνη

360 2611 455 2666 τὸν
499 2608 552 2680 ἐξ
595 2606 760 2664 αὖτοῦ
816 2607 1261 2681 μεταπεσούσηςς
1312 2608 1401 2661 KI'
1432 2605 1486 2660 τί
1534 2602 1667 2674 ἐστι,
1696 2602 2012 2669 Διελθόντες
2039 2647 2054 2654 -

363 2700 589 2774 πρώτην
645 2697 736 2752 καὶ
795 2696 1042 2772 δευτέραν
1093 2694 1366 2774 φυλακὴν,
1423 2693 1534 2763 καὶ,
1593 2693 1675 2756 τίς
1731 2695 1765 2762 ἠ
1817 2691 2014 2768 σιδηρᾶ

361 2788 564 2858 πύλη;
621 2788 722 2842 ΚΔ¹
777 2785 902 2860 περὶ
959 2790 1082 2857 τοῦ,
1144 2788 1271 2859 [258
1312 2786 1404 2858 H.]
1465 2783 1674 2844 Παντὸς
1723 2780 1916 2856 ἀνδρὸς
1975 2785 2010 2851 ἠ

360 2877 576 2956 κεφαλὴ
645 2878 674 2932 ὁ
740 2877 969 2950 Χριστός
1036 2877 1170 2946 ἐστι,
1221 2876 1311 2930 καὶ
1369 2875 1510 2945 ἑξῆς.
1575 2879 1674 2930 KB'
1734 2874 1860 2949 περὶ
1915 2877 2012 2928 τοῦ

367 2967 638 3043 βασιλέως
667 2959 994 3028 Βαϐυλῶνος
1024 2965 1115 3020 καὶ
1163 2962 1338 3020 Ἰούδα
1376 2964 1467 3018 καὶ
1505 2967 1612 3018 τῶν
1655 2961 1842 3021 ἐθνῶν.
1887 2963 2012 3038 Κςι

363 3059 619 3133 περὶτῆς
673 3055 1071 3130 ἀποκαλύψεως
1129 3056 1334 3129 Πέτρου
1384 3061 1485 3123 τῆς
1543 3052 1631 3108 ἐπὶ
1678 3054 1756 3126 τῷ
1787 3059 2010 3128 Κορνη-

366 3146 496 3219 λίῳ,
555 3146 644 3201 καὶ
710 3151 827 3208 πῶς
879 3141 1212 3220 διεκρίνοντό
1263 3163 1407 3205 τινες
1463 3143 1598 3216 πρὸς
1666 3143 1866 3216 Πέτρον
1923 3141 2011 3198 διὰ

357 3237 452 3292 τὸν
527 3235 860 3311 Κορνήλιον.
940 3238 1039 3292 KZ’
1115 3235 1200 3304 τὸ,
1286 3237 1443 3288 Δεῦτε
1519 3236 1606 3286 καί
1685 3227 2013 3296 καταϐάντες

362 3322 680 3401 συγχέωμεν
741 3324 918 3379 αὐτῶν
982 3322 1077 3384 τὰς
1135 3321 1409 3397 γλώσσας,
1458 3321 1594 3394 πρὸς
1652 3320 1798 3382 τίνας
1858 3319 2011 3392 εἶ’ρη-

2115 2431 2288 2488 David
2339 2435 2408 2489 ad
2451 2451 2552 2490 eas
2595 2435 2885 2490 devenerit
2915 2442 3141 2507 gentes,
3172 2453 3296 2508 quae
3343 2445 3542 2494 natum
3587 2456 3654 2496 ex
3693 2456 3759 2496 eo

2111 2537 2227 2577 non
2285 2525 2726 2594 cognoverunt?
2770 2523 2967 2580 XXIII.
3003 2525 3149 2591 Quid
3190 2536 3276 2582 est
3325 2544 3338 2582 :
3402 2529 3760 2586 Transeuntes

2117 2613 2360 2682 primam
2414 2619 2467 2668 et
2519 2613 2816 2669 secundum
2861 2615 3163 2670 custodiam
3193 2616 3320 2686 (ωε
3375 2621 3431 2672 et
3478 2633 3608 2689 qum
3658 2618 3759 2674 illa

2124 2707 2291 2772 porta
2338 2702 2566 2758 ferrea?
2617 2701 2806 2760 XXIV.
2841 2707 2919 2759 De
2967 2702 3066 2758 illo
3129 2720 3142 2758 :
3195 2704 3384 2761 Omnis
3436 2707 3544 2761 viri
3597 2710 3761 2777 caput

2125 2785 2370 2842 Christus
2423 2791 2526 2852 est,
2557 2792 2614 2842 et
2661 2804 2789 2859 qum
2829 2793 3153 2859 sequuntur
3189 2791 3282 2860 (c).
3317 2789 3481 2844 XXV.
3516 2790 3595 2846 De
3633 2808 3764 2861 rege

2123 2873 2452 2947 Babylonis,
2467 2879 2525 2930 et
2543 2874 2715 2942 Juda,
2729 2881 2786 2932 et
2804 2877 3091 2948 gentium.
3105 2877 3307 2933 XXVI.
3324 2878 3402 2934 De
3421 2880 3764 2935 revelatione

2121 2964 2289 3020 Petro
2337 2981 2512 3037 super
2545 2965 2809 3022 Cornelio
2869 2967 3035 3032 facta,
3069 2970 3250 3038 utque
3288 2967 3536 3024 Cornelii
3585 2984 3763 3026 causa

2121 3055 2362 3126 quidam
2401 3055 2682 3111 adversus
2732 3055 2963 3112 Petrum
2997 3056 3376 3127 disceptarint
3409 3057 3509 3127 (ά).
3544 3057 3757 3114 XXVII.

2119 3146 2201 3198 Ad
2225 3161 2374 3216 quos
2405 3145 2628 3200 dictum
2661 3145 2765 3201 sit:
2806 3145 3010 3209 Venite,
3043 3154 3098 3201 et
3118 3145 3532 3215 descendemus,
3554 3152 3607 3202 et
3637 3163 3762 3204 con-

2117 3235 2422 3303 ]undamus
2461 3233 2703 3306 ipsorum
2737 3235 2954 3306 linguas
2984 3234 3080 3306 (e).
3113 3235 3352 3291 XXVIII.
3386 3236 3531 3300 Quid
3581 3238 3659 3293 sit
3702 3238 3762 3293 in

2116 3322 2270 3378 Actis
2298 3324 2692 3395 apostolorum
2735 3339 2748 3380 :
2810 3322 2917 3392 Qui
2942 3339 3040 3395 per
3085 3324 3348 3395 spiritum
3395 3325 3567 3380 Paulo
3599 3326 3762 3382 dixe-

355 3436 468 3474 ται.
520 3415 633 3470 KH'
686 3413 736 3469 τί
791 3413 1002 3468 ἔστιτὸ
1050 3411 1100 3466 ἐν
1142 3416 1259 3473 ταῖς
1307 3411 1587 3485 Πράξεσιν,
1641 3407 1857 3472 Οῗτινες
1917 3406 2005 3464 δια

2115 3421 2265 3468 runt.
2290 3429 2359 3469 ne
2384 3411 2693 3502 ascenderet
2723 3413 3155 3485 Hierosolymam
3191 3413 3262 3484 (Ῑ)
3289 3413 3317 3467 ?
3353 3413 3541 3469 XXIX.
3575 3414 3763 3478 Quod-

353 3509 452 3560 τοῦ
528 3505 840 3576 [Ινεύματος
919 3499 1106 3576 ἔλεγον
1173 3506 1254 3574 τῷ
1331 3499 1536 3572 Παύ)ῳ
1604 3501 1681 3573 μὴ
1740 3494 2002 3568 ἀναϐῆναι

2115 3518 2250 3557 nam
2282 3502 2358 3558 sit
2389 3501 2580 3573 poculi
2611 3506 2668 3558 et
2708 3501 3082 3574 baptismatis
3127 3501 3432 3558 discrimen
3457 3503 3576 3573 (g)?
3603 3502 3765 3558 XXX.

353 3590 430 3653 εἷς
482 3591 893 3666 Ἱεροσόλυμας
944 3591 1048 3647 ΚΘ¹
1078 3587 1160 3651 τίς
1209 3590 1243 3658 ἡ
1295 3584 1526 3664 διαφορᾶ
1584 3588 1853 3661 ποτηρίου
1908 3587 1998 3641 καὶ

354 3680 727 3755 βαπτίσματος
783 3699 798 3748 ;
867 3683 926 3734 Λ’
1010 3677 1133 3754 περὶ
1210 3680 1332 3746 τοῦ,
1392 3675 1435 3731 εἰ
1503 3674 1616 3733 Οὐκ
1700 3674 1751 3730 ἐν
1811 3693 1997 3751 χειρο-

349 3772 609 3840 ποιήτοις
665 3773 813 3829 ναοῖς
873 3769 900 3822 ὁ
958 3768 1086 3829 Θεὸς
1142 3771 1408 3836 κατοικεῖ,
1467 3769 1584 3827 πῶς
1643 3763 1694 3820 ἐν
1760 3768 1841 3836 τῷ
1895 3769 2000 3820 τῶν

350 3856 630 3916 Ἰουδαίων
659 3861 774 3930 ναῷ
821 3856 1046 3933 ἐλέγετο
1097 3855 1264 3911 οἰκεῖν
1297 3875 1312 3924 ;
1357 3858 1465 3908 AA’
1491 3852 1614 3928 περί
1645 3857 1763 3921 τοῦ,
1798 3853 1861 3910 Εἰ
1899 3853 2002 3929 ἄρα

354 3947 737 4026 ψηλαφήσειαν
815 3947 905 4002 καὶ
983 3944 1186 4020 εὕροιεν
1263 3943 1411 4000 Θεόν.
1491 3946 1594 4000 ΔΒ’
1670 3943 1794 4019 περῖ
1881 3946 1999 4014 τοῦ,

350 4039 527 4111 Ἀμήν
583 4035 731 4114 λέγω
801 4038 952 4109 ὑμῖν,
1011 4036 1069 4096 ὃς
1129 4032 1190 4089 ἃν
1258 4033 1383 4107 εἷ’πῃ
1469 4037 1548 4105 τῷ
1607 4029 1720 4108 ὄρει
1800 4032 1998 4106 τούτῳ,

349 4126 440 4181 καὶ
499 4127 620 4198 ἑξῆς
676 4126 742 4161 ⁸⁵⁸
805 4127 906 4180 AI"
965 4123 1089 4199 περὶ
1143 4126 1262 4194 τοῦ,
1295 4123 1432 4176 Ὅσα
1497 4121 1558 4176 ἂν
1614 4120 2000 4197 προσευχόμε-

349 4231 438 4271 νοι
496 4214 721 4286 αἰτῆσθε
749 4217 817 4283 ⁸⁸,
868 4213 1146 4270 πιστεύετε
1201 4212 1285 4268 ὅτι
1343 4207 1677 4286 λαμϐάνετε,
1708 4213 1798 4267 καὶ
1857 4212 2001 4284 ἑξῆς.

362 4309 466 4362 AA'
503 4306 628 4380 περῖ
676 4309 774 4360 τοῦ
823 4304 908 4360 ὅτι
949 4305 994 4342 ⁸⁷
1030 4303 1365 4377 κελευόμεθα
1402 4304 1634 4378 τρώγειν
1681 4303 1781 4371 τήν
1836 4303 2006 4377 σάρκα

350 4396 440 4451 καὶ
497 4396 677 4454 πίνειν
732 4395 794 4450 τὸ
854 4396 1015 4466 αἷμα,
1073 4395 1150 4466 μή
1229 4387 1530 4468 συντρίϐειν
1591 4390 1649 4446 δὲ
1729 4391 1796 4446 τὰ
1853 4391 2003 4448 ὀστᾶ.

351 4488 460 4544 AE'
512 4487 632 4559 περί
682 4489 780 4541 τοῦ
839 4483 922 4539 ίνα
970 4482 1079 4538 ἐστὶ
1127 4483 1196 4538 τὰ
1242 4487 1350 4537 τῶν
1403 4481 1680 4554 θυομένων
1720 4482 1876 4551 ζώων
1907 4482 2012 4535 σώο

350 4595 493 4647 ματα
550 4579 668 4638 τοῖς
710 4572 1104 4650 Ἰσραηλίταις,
1166 4571 1294 4646 Δς¹
1354 4570 1476 4647 περὶ
1530 4575 1631 4640 τῆς
1691 4567 1922 4646 ἐχίδνης
1975 4571 2011 4640 ἢ

2109 3592 2187 3648 De
2217 3591 2315 3648 illo
2341 3609 2354 3647 :
2377 3592 2434 3646 Si
2455 3591 2648 3648 nonin
2672 3595 3001 3662 manu/actis
3015 3593 3234 3664 templis
3248 3592 3612 3648 habitatDeus
3635 3593 3717 3665 (h)
3733 3596 3762 3646 ?

2109 3683 2400 3754 quomodo
2449 3681 2507 3738 in
2558 3681 2892 3736 Iudaeorum
2923 3679 3138 3752 templo
3189 3679 3454 3736 habitare
3511 3681 3702 3736 dictus
3731 3680 3759 3734 ?

2107 3771 2306 3828 XXXI.
2339 3771 2420 3828 De
2449 3771 2584 3828 illo:
2617 3772 2680 3828 Si
2704 3771 2850 3841 forte
2888 3771 3042 3828 156
3100 3787 3134 3824 a
3193 3773 3508 3838 attrectent,
3541 3778 3640 3824 aut
3669 3771 3756 3824 in-

2107 3863 2333 3918 veniant
2361 3862 2528 3916 Deum
2561 3862 2646 3931 (i).
2682 3859 2894 3915 XXXII.
2928 3859 3008 3915 De
3057 3858 3158 3914 illo
3194 3859 3354 3914 dicto
3385 3874 3399 3916 :
3433 3860 3607 3913 Amen
3635 3857 3758 3914 dico

2107 3950 2613 4021 vobis,quicunque
2665 3949 2876 4005 dixerit
2919 3949 3048 4004 huic
3086 3950 3266 4005 monti
3292 3951 3378 4018 (1),
3413 3953 3471 4004 et
3512 3947 3758 4018 reliqua.

2109 4037 2361 4094 XXXIII.
2395 4037 2475 4093 De
2525 4037 2672 4094 illo:
2732 4038 3080 4109 Quaecunque
3133 4042 3352 4092 orantes
3394 4037 3609 4108 petitis,
3645 4051 3764 4090 cre-

2110 4127 2222 4184 dite
2250 4127 2390 4198 quod
2419 4126 2706 4197 accipietis
2735 4127 2813 4198 (k)
2843 4143 2856 4194 ;
2885 4134 2944 4183 et
2972 4143 3103 4199 quae
3122 4132 3469 4198 sequuntur.
3504 4124 3760 4180 XXXIV.

2114 4217 2193 4271 De
2222 4215 2346 4284 illo,
2377 4215 2530 4286 quod
2555 4215 2838 4286 jubemur
2860 4217 3160 4272 comedere
3187 4231 3444 4282 carnem,
3479 4218 3536 4269 et
3564 4213 3763 4267 bibere

2115 4307 2523 4377 sanguinem;
2583 4321 2699 4360 non
2757 4308 2955 4361 tamen
3037 4304 3434 4360 comminuere
3490 4319 3626 4358 ossa
3681 4302 3765 4371 (t).

2115 4392 2340 4450 XXXV.
2383 4395 2520 4470 Quae
2578 4394 2795 4450 fuerint
2853 4393 3126 4450 Israelitis
3181 4393 3592 4456 animantium,
3637 4407 3763 4462 quae

2115 4483 2592 4551 immolabantur,
2633 4483 2921 4554 corpora?
2971 4482 3210 4538 XXXVI.
3253 4481 3333 4537 De
3383 4483 3603 4554 vipera,
3638 4495 3768 4550 quas

2119 4571 2284 4629 Pauli
2315 4589 2556 4630 manum
2611 4573 3076 4644 comprehendit.
3124 4569 3388 4626 XXXVII.
3430 4570 3511 4626 De
3542 4569 3775 4626 Saddu-

424 4709 697 4783 (t)Judaa,
728 4711 782 4766 6.
816 4709 1124 4782 (m)Judtr,
1148 4711 1237 4763 23.
1260 4707 1340 4779 (η)
1374 4708 1538 4764 Rom.
1561 4723 1600 4778 ι,
1635 4708 1722 4763 20.
1747 4707 1888 4780 (o.p)
1920 4707 2290 4778 Exod.xxxn,
2321 4709 2375 4767 4.
2406 4709 2558 4781 (q.r).
2593 4707 2765 4765 Exod.
2797 4725 2874 4775 tv,
2894 4708 2984 4764 24.
3019 4708 3092 4780 (s)
3124 4707 3288 4762 Rom.
3311 4722 3371 4772 II,
3401 4707 3487 4761 13.
3511 4705 3576 4777 (t)
3604 4705 3776 4762 Rom.

362 4819 426 4873 ιι,
461 4802 548 4856 12.
578 4800 664 4873 (ιι)
703 4799 905 4856 Matth.
957 4816 1071 4863 xxi.
1107 4798 1207 4865 19;
1240 4801 1412 4855 Mare.
1445 4813 1522 4864 xt,
1555 4798 1644 4852 20.
1676 4798 1750 4868 (υ)
1788 4797 2006 4855 Coloss.

2140 4799 2226 4854 15.
2257 4801 2338 4871 (2:)
2373 4799 2538 4856 Rom.
2574 4816 2638 4866 ιι,
2667 4799 2722 4854 3.
2757 4799 2840 4870 (y)
2873 4796 3046 4854 ICor.
3080 4813 3134 4862 ιι,
3179 4798 3257 4850 ll.
3289 4795 3364 4866 (τ)
3395 4794 3557 4850 Luca:
3599 4810 3638 4862 ι,
3669 4793 3760 4849 3'2.

360 4891 441 4962 (a)
476 4892 599 4946 Act.
636 4906 738 4958 xu,
770 4889 860 4945 l0.
891 4889 969 4962 (ὁ)
1002 4889 1022 4945 Ι
1051 4888 1176 4944 Cor.
1211 4904 1290 4953 ιι,
1321 4889 1373 4943 3.
1406 4887 1479 4957 (c)
1513 4889 1638 4944 Act.
1669 4903 1726 4955 χ,
1761 4887 1784 4941 1
1822 4903 1987 4959 seqq.

2133 4889 2270 4944 Gen.
2303 4906 2366 4955 ιι,
2395 4890 2449 4943 7.
2483 4890 2555 4962 (ε)
2588 4890 2730 4946 Gen.
2763 4905 2879 4957 xm,
2911 4889 2964 4943 4.
2998 4887 3066 4959 (Γ)
3100 4886 3275 4942 Maro.
3308 4901 3365 4948 ιι,
3397 4883 3485 4937 38.
3521 4883 3602 4954 (ο)
3631 4884 3761 4937 Act.

357 4995 502 5035 xvn.
534 4979 625 5036 24.
658 4978 739 5051 (lt)
771 4981 898 5034 Act.
931 4993 1068 5045 xvti,
1101 4977 1189 5034 27.
1217 4977 1287 5050 (ἱ)
1318 4975 1493 5032 Marc.
1525 4993 1599 5046 xi,
1631 4976 1738 5045 23;
1771 4975 1978 5032 Matth.
2009 4992 2148 5044 xvu,
2175 4977 2270 5032 20.
2301 4978 2376 5048 (j)
2411 4977 2593 5034 Marc.
2625 4994 2704 5050 xi,
2734 4978 2806 5032 24
2840 4995 2853 5046 ;
2889 4976 3096 5033 Matth.
3120 4989 3241 5042 xxt,
3269 4975 3359 5029 22.
3393 4970 3470 5043 (lc)
3492 4971 3658 5026 Joan.
3691 4987 3747 5026 v1

360 5076 419 5128 et
449 5087 566 5142 xxx,
597 5069 704 5139 33;
730 5069 931 5139 Exodi,
964 5085 1067 5140 xu,
1091 5067 1157 5139 9;
1181 5067 1356 5125 Num.
1391 5084 1468 5137 ix,
1497 5067 1552 5125 9.
1584 5068 1652 5140 (t)
1683 5070 1810 5125 Act.
1836 5083 2034 5136 xxvm,
2066 5067 2120 5124 3.

1717 5199 1956 5257 VARIIE
1996 5201 2408 5260 LECTIONES.

435 5313 786 5386 "nominaut
841 5315 885 5368 Α
943 5328 957 5368 :

360 5390 418 5445 et
444 5385 517 5442 28
545 5393 600 5443 et
632 5379 790 5459 sepe
817 5389 1040 5458 postea.
1112 5379 1160 5459 ιε
1192 5379 1425 5436 αὶτὶῖσθε
1465 5385 1528 5438 Α.
1575 5379 1648 5418 ’³⁷
1673 5379 1756 5436 δτι
1789 5397 1903 5438 om.
1945 5385 2010 5436 A.

1016 5310 1242 5382 κτίμασι
1464 5307 1660 5382 8ιέξῆς
1697 5311 1742 5365 Α
1801 5324 1816 5364 :
1875 5307 1943 5362 τὰ
2006 5306 2127 5378 ἑξῆς
2363 5309 2410 5346 ⁸⁸
2439 5309 2559 5381 ἑξῆς
2611 5314 2656 5368 Α
2710 5327 2724 5368 :
2782 5309 2850 5365 τὰ
2906 5310 3028 5379 ἑξῆς
3202 5307 3337 5364 item
3388 5323 3442 5364 V.
3501 5306 3534 5361 4
3590 5309 3650 5362 et
3704 5306 3774 5362 25

1016 5427 1040 5435 .-
1116 5383 1160 5419 ⁸⁸
1192 5380 1425 5435 αἰτεῖσθε
1465 5385 1528 5435 Α.
1604 5382 1648 5418 ⁸⁷
1673 5379 1756 5435 ὅτι
1789 5397 1903 5435 om.
1945 5385 2010 5435 A.
3163 5423 3188 5435 -

3157 5423 3188 5448 Ι

1952 5516 2180 5576 ΝΟΤιΕ.

353 5615 358 5620 ’
433 5629 539 5705 (33)
585 5627 723 5704 Sap.
757 5646 860 5702 xu,
893 5631 918 5687 1
955 5587 972 5686 ἐ
1007 5625 1339 5687 Secundum
1381 5629 1490 5681 τῶν
1524 5626 1658 5684 LXX
1690 5642 1844 5683 vers.
1885 5640 2020 5681 nam

372 5719 527 5796 vulg.
540 5720 582 5779 0
611 5736 778 5794 quam
791 5721 962 5779 bonus
978 5725 1030 5780 et
1045 5719 1236 5778 suavis
1250 5719 1353 5788 est,
1369 5718 1620 5786 Domine,
1633 5715 1860 5790 spiritus
1873 5722 2021 5772 tuus.

2202 5627 2314 5705 (34)
2355 5629 2541 5705 Galat.
2574 5648 2624 5700 ν,
2652 5632 2717 5705 4t
2756 5647 2770 5686 :
2805 5628 3069 5688 Evacuati
3099 5629 3229 5685 estis
3257 5641 3294 5684 α
3323 5623 3556 5692 Christo,
3586 5620 3685 5694 qui
3711 5621 3775 5677 in

2135 5699 2250 5778 Ieg'e
2265 5699 2680 5778 justiﬁeamini.
