4142 6214
458 302 588 360 ⁷643

465 521 702 592 junctus
735 517 1032 591 ﬁngebant
1061 518 1180 585 (ιιι).
1214 512 1532 571 XXXVIII.
1566 513 1713 578 Quid
1746 520 1861 571 tres
1892 517 2016 573 dies
2039 515 2122 574 illi

475 609 828 682 signiﬁcant,
862 606 1079 678 quibus
1111 606 1169 660 in
1225 606 1451 660 deserto
1504 604 1677 659 turba
1728 606 1947 661 mansit
1991 622 2120 662 cum

474 698 705 753 Christo
748 694 875 765 (ﬂ)?
934 693 1169 750 XXXIX.
1200 694 1342 759 Quid
1378 693 1485 749 sibi
1529 693 1652 749 vult
1701 711 1981 751 numerus
2020 711 2123 752 sex

474 787 813 857 bydriarum
855 784 911 838 in
961 784 1183 855 nuptiis
1224 784 1389 839 Canae
1420 783 1660 838 Galilszez
1691 784 1785 853 (0).
1822 784 1937 840 XL.
1970 785 2119 849 Quid

479 874 593 931 sibi
644 874 767 929 vult
815 890 1096 929 numerus
1133 874 1393 945 quinque
1431 877 1684 929 virorum
1718 877 2116 943 Samaritana,

475 970 532 1021 et
561 964 705 1020 sexti
739 964 839 1035 qui
882 963 968 1017 vir
1013 965 1142 1034 ejus
1176 980 1289 1019 nou
1321 968 1445 1019 erat
1476 963 1553 1034 (p)
1576 963 1604 1016 ?
1651 962 1791 1018 XLI.
1820 962 2120 1027 Quomodo

476 1057 727 1113 dicimus
762 1071 775 1109 :
811 1057 924 1111 Nos
956 1059 1260 1127 peccatum
1292 1056 1577 1121 etfacere,
1611 1062 1663 1111 et
1695 1055 1843 1110 scire
1879 1074 1891 1123 ;
1925 1055 2125 1113 Chris-

477 1151 602 1202 tum
644 1150 840 1199 autem
888 1146 1103 1199 tactum
1153 1160 1282 1200 esse
1330 1148 1655 1216 peccatum,
1691 1162 1806 1201 non
1857 1145 2005 1201 scire
2033 1149 2122 1201 ta-

479 1252 611 1291 men
646 1235 719 1305 (q)
752 1234 778 1287 ?
808 1234 971 1289 XLII.
1006 1234 1083 1289 De
1118 1234 1273 1305 ligno
1318 1233 1442 1288 vitae
1475 1250 1540 1288 ac
1588 1233 1744 1303 ligno
1783 1234 2124 1291 inobedien-

478 1326 565 1379 tiae
616 1326 716 1393 (r).
762 1323 949 1379 XLIII.
1004 1325 1085 1379 Ad
1142 1339 1461 1395 quemnam
1512 1324 1654 1378 dixit
1704 1323 1952 1395 [Deus];
1997 1326 2127 1381 Ecce

478 1417 649 1472 Adam
674 1417 854 1484 factus
885 1420 962 1470 est
992 1416 1150 1487 quasi
1180 1430 1323 1469 unus
1352 1431 1422 1470 ex
1452 1414 1606 1470 nobis
1628 1414 1695 1486 (π)
1726 1414 1754 1469 ‘I
1783 1415 1839 1470 Si
1870 1415 2024 1472 enim
2051 1415 2125 1471 ad

483 1506 689 1569 tilium,
724 1505 1017 1577 quomodo
1059 1506 1237 1559 Adam
1281 1520 1411 1559 cum
1458 1503 1576 1559 tilio
1615 1505 2036 1576 comparatur?
2066 1505 2127 1560 Si

480 1616 610 1655 vero
661 1601 731 1657 ad
786 1597 1045 1669 angelos,
1079 1594 1372 1665 quomodo
1430 1610 1661 1650 rursum
1714 1594 2008 1667 angelum,
2043 1611 2127 1650 se-

482 1707 615 1745 cum
648 1688 982 1761 componit?
1012 1683 1206 1740 XLIV.
1242 1684 1388 1749 Quid
1421 1684 1689 1755 designet
1722 1683 2125 1755 pectusculum

1676 292 1933 356 ΡΗΟΤΙΙ
1980 293 2508 357 PATRIABCH/E
2550 294 2669 357 GP.

472 445 719 486 umorum
760 427 1097 499 quastione,
1122 442 1237 497 qua
1268 432 1489 496 septem
1521 425 1674 480 viros
1726 426 1825 480 uni
1883 427 2114 484 mulieri

2235 429 2513 501 καθήψατο
2572 432 2672 497 τῆς
2738 426 2927 501 χειρὸς

3763 294 3879 356 ομ

3006 425 3250 483 Παύλου.
3312 426 3416 482 ΛΖ¹
3471 426 3593 499 περὶ
3684 433 3784 496 τῆς
3841 425 3884 463 ⁸³

2232 516 2551 592 ἐρωτήσεως
2621 518 2730 571 τῶν
2807 511 3208 587 Σαδδουκαίων,
3281 516 3405 585 ἣτις
3477 515 3614 572 ἔπτὰ
3689 514 3883 591 ἄνδρας

2230 603 2530 663 ἆνὲπλαττε
2583 608 2653 680 τῇ
2716 609 2813 679 μιᾷ
2871 605 3221 680 συνεζεῦχθαι
3272 608 3319 643 ⁸³
3374 605 3605 681 γυναικί.
3668 609 3784 662 ΑΠ’
3837 605 3884 662 τί

2232 694 2366 751 εἰσιν
2397 696 2451 751 αἱ
2498 701 2644 771 τρεῖς
2685 695 2888 770 ἡμέραι
2938 693 2999 757 ’ὰς
3048 692 3441 768 προσμένουσιν
3493 696 3543 750 οἱ
3593 692 3761 771 ὄχλοι
3811 700 3885 769 τῷ

2233 784 2455 860 Χριστῷ
2503 782 2555 840 ἑν
2606 788 2673 858 τῇ
2729 783 2970 859 ἐρήμῳ;
3024 784 3127 840 ΛΘ⁹
3168 782 3218 839 τί
3272 784 3526 857 σημαίνει
3575 786 3603 839 ὁ
3654 786 3886 859 ἀριθμὸς

2228 880 2337 930 τῶν
2366 873 2418 944 ἓξ
2455 871 2651 951 ὑδριῶν
2684 878 2789 929 τῶι
2824 872 2876 929 ἐν
2908 878 2990 946 τῷ
3026 873 3190 950 γάμῳ
3221 874 3298 947 τῷ
3328 872 3379 928 ἐν
3410 878 3490 946 τῷ
3522 876 3667 945 Κανᾷ
3694 875 3740 911 ⁹⁰
3789 876 3882 942 τῆς

2234 962 2528 1027 Γαλιλαίας
2565 982 2578 1031 ;
2612 965 2685 1023 Μ’
2733 964 2818 1027 τίς
2872 964 2899 1017 ὁ
2942 963 3112 1039 λόγος
3164 968 3270 1018 τῶν
3320 962 3476 1019 πέντε
3523 960 3736 1037 ἀνδρῶν
3787 970 3884 1032 τῆς

2235 1052 2653 1129 Σαμαρείτιδος,
2712 1053 2802 1113 καὶ
2870 1057 2966 1109 τοῦ
3036 1050 3195 1108 ’ἕκτου
3267 1053 3344 1125 μὴ
3422 1052 3572 1114 ὄντος
3644 1052 3882 1128 ἂνδρόςς

2233 1148 2348 1200 MA'
2398 1149 2516 1207 πῶς
2560 1147 2724 1216 ἡμεῖς
2773 1146 2868 1219 μὶν
2928 1142 3205 1219 λεγόμεθα
3255 1146 3295 1181 ⁹¹
3336 1144 3435 1212 τὴν
3476 1142 3743 1219 ἁμαρτίαν
3800 1144 3883 1198 καὶ

2233 1239 2407 1289 ποιεῖν
2458 1235 2547 1289 καὶ
2600 1231 2818 1302 εἷδὲναι,
2852 1235 2881 1290 ὁ
2925 1231 2981 1292 δὶ
3030 1235 3231 1309 Κύριος
3270 1234 3511 1310 γενέσθαι
3566 1234 3661 1307 μὲν
3708 1234 3886 1310 ἁμαρ-

2230 1322 2338 1393 τία,
2403 1324 2479 1396 μή
2534 1327 2736 1396 γνῶναι
2797 1319 2844 1376 δ’
2904 1319 3123 1393 αὖτήν;
3189 1324 3309 1379 MB'
3366 1322 3489 1396 περὶ
3563 1325 3661 1376 τοῦ
3722 1321 3886 1391 ξύλου

2228 1418 2330 1480 τῆς
2388 1417 2532 1481 ζωῆς
2588 1412 2679 1466 καὶ
2724 1415 2819 1466 τοῦ
2862 1408 3027 1483 ξύλου
3086 1417 3187 1479 τῆς
3230 1414 3529 1484 παρακοῆς.
3584 1411 3693 1466 Ml"
3751 1412 3887 1484 πρὸς

2232 1501 2352 1555 τίνα
2398 1500 2558 1568 εἶπεν,
2610 1497 2750 1555 Ἰδοὺ
2807 1497 3029 1574 γέγονεν
3088 1496 3267 1572 ’Δδᾶμ
3314 1497 3389 1559 ὠς
3448 1500 3523 1559 εἷς
3572 1497 3623 1568 ἐξ
3677 1500 3885 1571 ἡμων;

2232 1589 2300 1647 Εἴ
2350 1590 2443 1663 μὶν
2497 1589 2601 1664 γὰρ
2647 1590 2783 1663 πρὸς
2839 1590 2932 1643 τὸν
2984 1588 3128 1656 Υιὸν,
3163 1588 3251 1643 καὶ
3299 1592 3418 1650 πῶς
3473 1587 3816 1663 συγκρίνεται
3852 1589 3890 1625 ⁸³

2233 1677 2410 1752 Ἀδὰμ
2438 1678 2517 1751 τῷ
2547 1680 2656 1751 Υὶῷ
2690 1697 2703 1748 ;
2755 1677 2799 1733 εἷ
2834 1674 2889 1733 δὲ
2935 1678 3071 1752 πρὸς
3098 1677 3397 1752 ἀγγέλους,
3429 1682 3549 1739 πῶς
3594 1675 3766 1732 πάλιν
3798 1680 3885 1733 τὸν

479 1778 794 1834 oblationis
842 1776 977 1846 (35),
1018 1783 1069 1828 et
1129 1788 1331 1827 armus
1387 1772 1775 1844 separationis
1823 1774 1937 1842 (t)?
1966 1772 2121 1830 XLV.

2235 1768 2455 1843 ἄγγελον
2504 1768 2680 1840 ἑαυτῷ
2730 1766 3047 1844 συγκρίνεις
3090 1768 3204 1824 ΜΔ’
3232 1767 3283 1822 τί
3337 1768 3592 1840 σημαίνει
3640 1768 3705 1822 τὸ
3758 1788 3887 1838 uti).

479 1870 625 1933 Quid
653 1868 881 1922 diII'crat
895 1868 966 1919 ab
981 1865 1288 1934 aanigmate
1310 1863 1609 1932 speculum
1634 1861 1960 1931 (u)?XLVl.
1978 1863 2127 1925 Quid

479 1964 569 2013 est
600 1958 740 2011 illud
778 1974 790 2011 :
840 1961 955 2011 Vox
983 1952 1277 2009 clamantis
1308 1951 1366 2006 in
1398 1951 1606 2007 deserto
1636 1951 1733 2021 (v),
1766 1957 1821 2007 et.
1854 1952 2075 2023 reliqua
2102 1954 2131 2007 ?

484 2046 708 2102 XLVII.
738 2046 817 2100 De
861 2043 1131 2099 cisternis
1161 2048 1218 2096 et
1259 2041 1520 2095 turribus
1552 2040 1623 2095 ab
1655 2040 1791 2095 Ozia
1821 2058 1952 2111 rege
1982 2042 2128 2097 Iuda

480 2134 778 2188 aediﬁcetis
810 2132 917 2202 (α’).
966 2129 1211 2184 XLVIII.
1256 2128 1401 2194 Quid
1438 2129 1513 2183 sit
1554 2145 1784 2182 rursum
1837 2132 1894 2183 in
1926 2130 2126 2187 eodem

485 2222 963 2291 Paralipomenon
996 2219 1142 2272 libro
1178 2234 1190 2271 :
1226 2219 1287 2272 Et
1319 2217 1454 2272 vidit
1487 2217 1763 2287 Ezechias,
1796 2218 1936 2290 quod
1966 2234 2128 2274 vene—

484 2322 569 2367 rat
591 2309 959 2366 Senuarherib
982 2310 1201 2379 (y.z),et
1219 2305 1819 2378 reliqua.XLlX.Quid
1841 2310 2050 2364 iterum
2066 2306 2123 2363 in

484 2400 544 2456 in
572 2401 776 2455 eodem
805 2400 930 2469 ipso
954 2398 1132 2452 libro:
1161 2397 1223 2451 Et
1244 2400 1419 2450 oravit
1450 2397 1707 2451 Ezechias
1738 2403 1924 2463 rex,et'
1957 2399 2126 2453 Isaias

485 2490 631 2545 ﬁlius
662 2491 819 2545 Amos
850 2488 951 2559 (τι),
982 2493 1038 2542 et
1069 2503 1195 2558 quae
1227 2486 1592 2555 sequuntur?
1622 2490 1680 2540 L.
1716 2487 1861 2551 Quid
1895 2495 1979 2542 est
2013 2502 2026 2541 :
2062 2488 2127 2542 Et

480 2579 646 2633 multi
692 2577 998 2650 offerebant
1045 2591 1277 2629 munera
1319 2575 1648 2641 D0mino,et
1702 2574 1846 2630 dona
1880 2575 2125 2629 Ezechiz

476 2670 595 2739 regi
627 2668 766 2723 Juda
806 2666 883 2737 (1))
906 2665 933 2719 ‘2
967 2666 1053 2719 LI.
1090 2665 1168 2719 De
1202 2664 1336 2719 illo:
1374 2669 1439 2719 Et
1469 2682 1581 2719 non
1623 2666 1781 2732 iuxta
1813 2665 2127 2721 retributio-

479 2772 625 2821 nem,
661 2773 823 2827 quam
873 2752 1114 2809 reddidit
1165 2751 1276 2823 (36)
1324 2751 1431 2822 ipsi
1479 2754 1639 2818 Deus,
1698 2754 1938 2809 reddidit
1994 2754 2125 2808 Eze-

479 2847 635 2902 chias
668 2847 758 2916 (c),
790 2851 847 2899 et
878 2843 1119 2913 reliqua.
1153 2842 1269 2896 LII.
1307 2841 1384 2896 De
1414 2841 1655 2897 Ezecbia
1687 2846 1895 2897 iterum
1932 2860 1944 2897 :
1972 2842 2129 2913 Sepe-

482 2937 688 2992 Iieruut
717 2953 842 2991 eum
871 2951 1037 3002 supra
1057 2933 1302 3003 sepulcra
1324 2930 1569 3001 ﬁliorum
1590 2934 1768 2988 David
1801 2933 1900 3004 ((1),
1924 2942 1975 2988 et
1999 2949 2128 3005 quae

476 3034 825 3097 sequuntur.
864 3024 1005 3079 LIII.
1057 3022 1135 3076 De
1180 3039 1265 3087 eo,
1300 3024 1453 3091 quod
1502 3023 1647 3077 libro
1708 3022 1891 3092 primo
1932 3023 2124 3077 Esdraa

2238 1858 2415 1912 θύνιον
2447 1861 2547 1912 τοῦ
2588 1855 2915 1930 ἐπιθέματός
2946 1857 3034 1911 καὶ
3082 1856 3110 1910 ὁ
3146 1855 3393 1931 βραχίων
3440 1860 3537 1911 τοῦ
3580 1856 3887 1931 ἂφαιρέμα-

2236 1969 2329 2009 τος
2379 1951 2490 2005 ΜΕ¹
2523 1948 2605 2010 τίς
2644 1950 2679 2018 ὴ
2726 1945 2957 2024 διαφορὰ
2999 1951 3097 2002 τοῦ
3152 1945 3416 2021 ἐσόπτρου
3464 1946 3600 2021 πρὸς
3642 1948 3708 2003 τὸ
3748 1945 3886 2002 αἴνι-

2235 2059 2395 2111 γμας
2458 2037 2586 2111 MC:
2643 2036 2696 2091 τί
2736 2035 2867 2105 ἐστι,
2922 2035 3086 2104 Φωνῆ
3146 2036 3392 2110 βοῶντος
3444 2034 3495 2090 ὲν
3546 2034 3615 2109 cf
3667 2033 3886 2111 ἐρήμῳ,

2235 2127 2325 2180 καὶ
2385 2127 2563 2196 ἑξῆςς
2652 2127 2757 2182 MZ'
2820 2125 2944 2199 περὶ
3019 2129 3127 2179 τῶν
3186 2124 3369 2195 Ὀζίου
3440 2128 3537 2179 τοῦ
3614 2122 3888 2197 βασιλέως

2237 2213 2413 2272 Ἰούδα
2462 2214 2680 2271 λάκκων
2722 2214 2811 2269 καὶ
2861 2214 3082 2289 πύργων
3134 2214 3167 2268 ’ἁ
3217 2210 3546 2286 ᾠκοδόμησε
3581 2214 3642 2268 ⁸³.
3675 2213 3799 2268 MH'
3838 2209 3892 2267 τί

2236 2305 2347 2360 ἐστι
2395 2303 2560 2360 πάλιν
2596 2304 2647 2360 ἐν
2693 2309 2760 2379 τῇ
2792 2305 2931 2378 αὐτῇ
2978 2298 3156 2379 βίϐλῳ
3201 2307 3307 2358 τῶν
3362 2301 3887 2377 Παραλειπομὲνων,

2239 2395 2334 2451 Καὶ
2403 2392 2538 2449 εἶδεν
2618 2392 2859 2463 Ἐζεκίας
2936 2393 3019 2447 ὅτι
3084 2392 3205 2461 ἥκει
3280 2394 3613 2467 Σεναχειρὶμ
3676 2392 3748 2461 ⁹⁴,
3804 2396 3889 2445 καὶ

2237 2485 2403 2555 ὲξῆς;
2464 2486 2588 2557 [501
2655 2486 2743 2555 8.]
2816 2486 2927 2538 ΜΘ¹
2995 2484 3048 2537 τί
3114 2480 3223 2537 ἐστι
3276 2480 3441 2536 πάλιν
3500 2480 3554 2534 ἐν
3606 2484 3674 2553 τῇ
3748 2480 3885 2555 αὐτῇ

2242 2568 2424 2649 βίϐλῳ
2504 2591 2518 2607 ⁸
2610 2572 2707 2627 Καὶ
2784 2572 3125 2646 προσηύξατο
3206 2572 3451 2640 Ἐζεκίας
3528 2570 3557 2624 ὁ
3634 2567 3892 2644 βασιλεὺς

2236 2662 2326 2717 καὶ
2380 2660 2603 2722 Ἠσαίας
2662 2662 2777 2723 υίὸς
2830 2661 3038 2735 Ἀμὼς,
3105 2662 3196 2715 καὶ
3276 2661 3445 2733 ἕξῆςς
3508 2662 3574 2715 N'
3645 2659 3697 2713 τί
3756 2658 3892 2725 ἐστι,

2240 2751 2339 2806 Καὶ
2412 2750 2622 2806 πολλοὶ
2699 2748 2887 2828 ἔφερον
2967 2747 3115 2825 δῶρα
3188 2753 3265 2821 τῷ
3338 2749 3517 2823 Κυρίῳ
3609 2747 3697 2802 καὶ
3800 2746 3895 2803 δό-

2241 2862 2384 2914 ματα
2414 2841 2625 2913 Ἐζεκίᾳ
2652 2844 2731 2912 τῷ
2783 2840 2998 2916 βασιλεῖ
3043 2837 3227 2897 Ἰούδα
3263 2860 3277 2909 ;
3310 2841 3418 2896 NA'
3466 2840 3589 2915 περὶ
3644 2842 3764 2907 τοῦ,
3810 2839 3899 2894 δτι

2236 2930 2313 2988 Οὐ
2391 2932 2528 2986 κατὰ
2610 2931 2655 2968 ⁸⁵
2750 2932 2813 2986 τὸ
2915 2925 3291 3003 ἀνταπόδομα,
3387 2929 3415 2983 ’ὀ
3518 2925 3901 2983 ἆνταπέδωκεν

2236 3021 2383 3093 αύτῷ
2462 3023 2490 3075 ὁ
2562 3022 2714 3091 Θεὸς,
2790 3018 3165 3076 ἆνταπὲδωκεν
3239 3018 3502 3090 Ἐζεκίας,
3578 3018 3669 3073 καὶ
3748 3019 3903 3089 ἑξῆς.

3276 2661 3400 2733 ἑξῆς
3431 2682 3445 2730 ;

477 3117 546 3169 de
577 3113 892 3169 Zorobabel
926 3112 1207 3178 scriptum
1243 3119 1332 3165 est
1367 3127 1379 3163 :
1414 3110 1650 3166 Sustulit
1700 3114 1900 3181 faciem
1930 3116 1990 3167 in
2018 3129 2121 3168 cae-

2235 3113 2344 3168 NB'
2430 3112 2552 3186 περὶ
2648 3110 2891 3180 Ἐζεκίου
2985 3108 3175 3178 πάλιν,
3257 3110 3338 3164 ὅτι
3414 3110 3654 3182 Ἔθαψαν
3733 3108 3907 3164 αὑτὸν

476 3203 591 3256 tum
620 3212 814 3255 contra
854 3201 1020 3255 Israel
1052 3201 1124 3269 (e)
1158 3218 1172 3267 ;
1232 3206 1289 3253 et
1319 3199 1390 3253 de
1420 3200 1574 3255 156
1608 3200 1638 3254 ὁ
1667 3202 1927 3256 oratione
1980 3202 2123 3271 ejus.

2236 3198 2289 3255 ἒν
2347 3196 2600 3255 ἀναϐάσει
2658 3201 2791 3256 υἱῶν
2853 3194 3043 3269 Δαϐὶδ,
3100 3199 3189 3255 καὶ
3249 3200 3388 3269 ἑξῆς.
3452 3202 3551 3253 ΝΓ¹
3609 3197 3737 3274 περὶ
3805 3201 3907 3254 τοῦ

476 3288 616 3345 LIV.
668 3294 742 3343 De
786 3288 885 3343 illo
922 3304 934 3341 :
970 3287 1162 3341 Omnes
1202 3287 1312 3357 (37)
1366 3299 1523 3342 erant
1551 3303 1621 3342 ex
1645 3290 1816 3344 Israel
1867 3290 1934 3344 ab
1978 3305 2124 3344 anno

2235 3291 2285 3343 ὲν
2343 3294 2420 3361 τῷ
2474 3290 2678 3365 πρώτῳ
2738 3286 2962 3364 Ἔσδρα,
3022 3288 3105 3343 ὅτι
3173 3286 3467 3364 γέγραπται
3524 3286 3647 3361 περὶ
3726 3291 3910 3361 Ζορο-

476 3378 792 3433 duodecimo
814 3376 1071 3446 (exceptis
1095 3378 1287 3446 pueris
1317 3391 1381 3430 ac
1407 3378 1652 3445 [eminis)
1683 3378 1959 3448 myriudes
1989 3396 2125 3450 qua-

2233 3373 2405 3434 ϐἇϐελ
2439 3399 2451 3412 ·
2495 3382 2629 3455 Ἠρε
2682 3380 2745 3435 τὸ
2802 3379 3099 3453 πρόσωπον
3153 3378 3231 3439 εἷς
3291 3378 3381 3433 τὸν
3442 3375 3676 3451 οὐρανὸν
3734 3376 3910 3431 ἐναν-

479 3473 623 3532 tuor,
655 3467 766 3520 tria
821 3464 1294 3533 miltia,lrecenti
1350 3475 1399 3519 et
1430 3465 1718 3536 sexaginta
1769 3466 1861 3538 (1),
1892 3473 1949 3523 et
1997 3484 2124 3539 quis

2235 3467 2344 3524 τίον
2436 3466 2683 3543 Ἰσραήλ,
2765 3470 2855 3524 καὶ
2931 3467 3056 3544 περὶ
3134 3474 3233 3536 τῆς
3308 3473 3620 3542 προσευχῆς
3700 3464 3901 3521 αὐτοῦ.

481 3564 825 3628 sequuntur.
871 3554 999 3623 (Qui
1057 3561 1148 3610 est
1186 3557 1245 3609 in
1298 3552 1494 3609 Greco
1543 3556 1817 3627 primus.)
1879 3554 1986 3611 LV.
2047 3557 2128 3612 De

479 3645 605 3714 illo,
664 3645 818 3715 quod
882 3644 1033 3699 libro
1088 3648 1342 3699 secundo
1393 3644 1588 3699 Esdraa
1648 3648 1930 3717 scriptum
1993 3661 2006 3700 :
2067 3648 2130 3703 Et

476 3734 781 3791 audierunt
815 3733 1035 3787 inimici
1080 3732 1257 3787 tribus
1285 3732 1425 3788 Juda
1453 3742 1502 3787 et
1543 3734 1853 3804 Benjamin,
1882 3740 1934 3789 et
1968 3750 2127 3790 vene-

478 3830 608 3879 runt
637 3826 800 3888 scire,
831 3838 950 3895 quae
972 3826 1111 3877 esset
1135 3838 1238 3876 vox
1260 3823 1512 3876 tubarum
1530 3823 1628 3893 (g),
1652 3830 1708 3878 et
1729 3840 1851 3894 qua:
1875 3840 2129 3896 sequun-

479 3918 595 3967 tur.
629 3913 717 3981 (In
750 3912 945 3966 Graeco
976 3912 1112 3966 item
1147 3926 1259 3965 non
1288 3911 1576 3965 habentur
1601 3913 1720 3966 haec
1752 3914 1897 3968 libro
1919 3929 2127 3968 secun-

482 4004 578 4066 do,
610 4002 705 4057 sed
768 4001 976 4072 primo,
1021 4017 1145 4071 cap.
1186 4000 1240 4066 5,
1275 4001 1382 4054 sub
1430 4000 1550 4068 fin.)
1603 4000 1741 4055 LVI.
1775 4001 1925 4065 Quid
1974 4007 2063 4058 est
2114 4016 2128 4055 :

487 4093 719 4146 Multum
752 4092 890 4146 valet
930 4091 1237 4162 deprecatio
1274 4090 1413 4160 justi
1441 4092 1641 4161 r/ﬁcax
1668 4092 1798 4159 (h)?
1838 4090 1999 4147 LVII.
2052 4090 2131 4146 De

482 4181 583 4235 illo
626 4198 639 4237 :
702 4183 759 4235 In
794 4196 897 4252 quo
945 4180 1238 4235 exsultatis
1269 4178 1542 4235 modicum
1576 4197 1744 4249 nunc,
1774 4183 1826 4235 si
1871 4196 2003 4253 Opus
2056 4188 2132 4235 est

480 4270 836 4326 contristatae
868 4284 954 4324 vos
981 4270 1043 4339 (ι)
1094 4275 1151 4325 et
1200 4270 1441 4340 reliqua.
1476 4270 1773 4333 Quomodo
1821 4272 2130 4333 contrista-

2234 3560 2350 3620 ΝΔ¹
2407 3558 2529 3631 περὶ
2589 3561 2712 3630 τοῦ,
2755 3558 2820 3616 Oi
2880 3554 2937 3612 δὲ
2987 3558 3179 3618 πάντες
3216 3558 3352 3625 ἦσαν
3404 3555 3453 3625 ἐξ
3506 3555 3730 3630 Ἰσραὴλ
3786 3554 3902 3610 ἀπὸ

2236 3645 2604 3709 δωδεκαετοῦς
2663 3647 2840 3722 χωρὶς
2900 3644 3133 3701 παιδίων
3192 3644 3282 3700 καὶ
3340 3648 3626 3722 γυναικῶν,
3687 3646 3905 3720 μυριά-

2238 3734 2323 3799 δες
2368 3738 2491 3811 [259
2533 3738 2624 3808 Η.]
2657 3733 2702 3790 δ’
2741 3737 2865 3811 γτξ’,
2925 3736 3012 3791 καὶ
3045 3736 3190 3805 ἑξῆς.
3242 3736 3347 3791 ΝΗ
3394 3734 3517 3810 περί
3566 3737 3663 3789 τοῦ
3711 3734 3778 3788 ἒν
3819 3738 3903 3807 τῷ

2238 3823 2472 3901 δευτέρῳ
2529 3822 2733 3898 Ἔσδρα
2808 3824 3209 3901 γεγραμμένου,
3272 3822 3368 3878 Καὶ
3445 3823 3777 3888 ἀκούσαντες
3851 3824 3907 3879 οἱ

2238 3913 2428 3989 ἐχθροὶ
2485 3919 2587 3982 τῆς
2641 3911 2822 3990 φυλῆς
2880 3909 3060 3970 Ἰούδα
3117 3912 3207 3967 καὶ
3273 3913 3531 3985 Βενιαμὶν
3608 3910 3910 3981 ἐληλύθα-

2238 4023 2320 4057 σιν
2373 4001 2661 4077 ἐπιγνῶναι
2728 4002 2810 4064 τίς
2889 4003 2923 4071 ἡ
2983 4002 3137 4081 φωνή
3211 4004 3318 4056 τῶν
3397 3999 3747 4077 σαλπίγγων,
3814 4001 3915 4056 καὶ

2239 4089 2386 4160 ἑξῆς.
2442 4091 2569 4165 NQ"
2636 4090 2689 4145 τί
2748 4090 2880 4161 ἐστι,
2943 4089 3093 4146 Πολὺ
3162 4088 3341 4164 ἰσχύει
3415 4086 3598 4160 δέησις
3676 4085 3915 4145 δικαίου

2240 4178 2645 4256 ἐνεργουμένη;
2724 4182 2820 4237 NZ'
2883 4179 3006 4254 περὶ
3084 4177 3203 4248 τοῦ,
3281 4180 3367 4235 'Ev
3424 4179 3470 4251 ᾧ
3552 4176 3915 4254 ἀγαλλιᾶσθε

2240 4268 2427 4346 ὀλίγον
2475 4266 2617 4342 ἄρτι,
2687 4268 2733 4324 εί
2792 4265 2909 4324 δέον
2969 4266 3080 4323 ἐστὶ
3145 4266 3489 4338 λυπηθέντας
3550 4269 3724 4339 ἡμᾶς,
3814 4268 3915 4322 καὶ

551 4457 647 4525 (m)
674 4455 872 4510 Matth.
906 4472 1041 4527 xxu,
1074 4458 1177 4525 25;
1213 4456 1387 4512 Marc.
1420 4474 1518 4525 xu,
1550 4458 1657 4525 20;
1692 4458 1821 4513 Luc.
1846 4475 1939 4524 xx,
1973 4458 2060 4516 29.
2084 4460 2125 4530 (ι

2235 4459 2406 4516 latth.
2437 4477 2531 4527 xv,
2564 4460 2670 4528 32;
2704 4458 2882 4517 Marc.
2916 4477 3036 4527 νιιι,
3068 4462 3122 4515 2.
3156 4460 3231 4532 (ο)
3259 4459 3426 4517 Joan.
3458 4476 3519 4528 ιι,
3542 4460 3595 4516 6.
3628 4460 3703 4533 (ρ)
3727 4462 3920 4517 Ιοειῐι.

487 4562 561 4613 ιν,
598 4546 683 4600 18.
717 4549 791 4617 (q)
836 4548 882 4602 II
942 4548 1070 4602 Cor.
1103 4564 1156 4614 v,
1190 4549 1277 4602 21.
1312 4548 1385 4619 (r)
1416 4553 1557 4603 Gen.
1607 4565 1668 4615 ιι,
1697 4550 1751 4604 6.
1788 4549 1856 4619 Is)
1887 4548 2029 4605 Gen.
2062 4566 2125 4603 ιιι

2235 4551 2271 4603 Ξ.
2311 4550 2376 4622 (t)
2403 4550 2576 4606 Levit.
2611 4566 2667 4618 ι,
2702 4551 2788 4605 14.
2825 4550 2903 4619 (ιι)
2933 4552 2955 4607 I
3013 4554 3141 4606 Cor.
3168 4566 3291 4617 xm,
3323 4550 3378 4606 2.
3414 4551 3491 4622 (υ)
3537 4551 3649 4605 Isa.
3700 4566 3812 4619 XL,
3849 4553 3921 4619 3;

488 4634 694 4691 Matth.
730 4650 814 4700 ιιι,
847 4637 900 4688 3.
958 4636 1040 4707 (ω)
1073 4638 1120 4692 ΙΙ
1153 4637 1340 4691 Paral.
1375 4653 1506 4692 xxv:
1559 4637 1643 4692 10.
1688 4637 1830 4708 (31.2.)
1864 4637 1912 4692 ll
1970 4641 2125 4693 Para.

2235 4654 2368 4707 χχιι,
2400 4640 2452 4693 2.
2485 4638 2570 4712 (ο)
2601 4638 2741 4695 ibid.
2773 4638 2863 4693 20.
2903 4638 2979 4711 (ὸ)
3015 4639 3061 4694 II
3093 4638 3284 4694 Paral.
3317 4655 3372 4709 ν,
3403 4638 3492 4693 23.
3525 4637 3596 4709 (c)
3624 4638 3782 4693 ibid.
3818 4640 3924 4694 25.

481 4722 564 4795 (ά)
599 4723 739 4779 ibid.
775 4727 864 4778 33.
899 4724 969 4795 (e)
994 4728 1012 4780 l
1040 4727 1227 4781 Esdra:
1258 4743 1334 4794 xx,
1367 4727 1420 4782 6.
1457 4727 1526 4798 (Ι)
1558 4725 1631 4782 IIl
1662 4727 1797 4781 Esd.
1828 4743 1881 4794 v,
1912 4726 2000 4781 41.
2036 4726 2111 4797 (g)

2235 4730 2283 4783 ι.
2314 4727 2407 4785 ee.
2437 4728 2521 4800 (ιι)
2549 4728 2675 4786 Jac.
2705 4744 2759 4798 ν,
2792 4729 2879 4786 ιο.
2909 4728 2978 4800 (ἱ)
3009 4727 3029 4783 ι
3060 4729 3215 4785 Petr.
3242 4744 3284 4799 ι,
3314 4728 3370 4784 6.

1840 4878 2076 4935 νΑιιικΕ
2117 4880 2416 4938 LECTION
2424 4882 2530 4938 ES.

562 5040 609 5076 ⁸⁸
635 5043 735 5107 τῆς
796 5057 913 5098 om.
957 5048 1019 5098 A.

1125 5039 1172 5117 βο
1204 5040 1550 5117 συνεζεῦχθαι
1606 5042 1973 5117 mtabqu
2025 5045 2143 5117 μιᾷ,
2182 5041 2287 5117 9ο

491 5113 538 5148 ’³
573 5132 762 5189 συγκρ.
800 5113 827 5167 ὁ
857 5110 1035 5187 Ἀδὰμ
1224 5114 1272 5149 9³
1300 5117 1395 5168 τοῦ
1423 5110 1538 5171 6m.
1568 5110 1657 5170 AV
1713 5115 1757 5149 "
1785 5110 2138 5193 Σενᾶχηρεὶμ
2164 5110 2248 5189 Ci.
2325 5117 2369 5151 9'
2399 5118 2463 5172 οὐ
2492 5110 2629 5171 κατὰ
2659 5117 2795 5174 add.
2826 5124 2896 5175 Δ.

2390 5043 2438 5080 ⁹⁰
2491 5046 2572 5115 τῷ
2608 5046 2762 5115 ,κανᾶ
2818 5049 2861 5100 Δ

2921 5059 2936 5100 :
2990 5045 3058 5119 τῇ
3119 5047 3281 5101 Κανᾶ.

3388 5044 3432 5082 ⁹¹
3483 5039 3723 5118 λέγομεν
3834 5046 3937 5122 ς’.

2083 5274 2311 5335 ΝΟΤΙΕ.

565 5433 871 5510 (35)__1_°_ro_
925 5435 1249 5510 ἐπιθέματος
1323 5440 1531 5509 legitur
1592 5440 1760 5498 hodie
1844 5441 1903 5496 in
1978 5442 2137 5496 textu

492 5506 600 5587 τῷν
848 5505 1239 5587 ᾆςρορίσματος.
1271 5505 1441 5587 Vul—g.
1479 5518 1672 5570 tamen
1722 5514 1855 5569 edit.
1890 5529 2023 5569 cum
2071 5512 2135 5569 Β.

489 5576 725 5635 Maximi
759 5576 1007 5635 lectione
1038 5576 1345 5638 consentit.

566 5648 686 5725 (36)
734 5649 943 5705 Melius
997 5651 1089 5706 hic
1138 5657 1247 5705 τῶν
1295 5654 1430 5711 LXX
1491 5659 1709 5731 Intc'rp.
1768 5657 1938 5715 Rom.
1995 5655 2134 5713 edit.

2248 5434 2466 5494 ἔδωκεν.

2317 5512 2429 5584 (37)
2462 5512 2590 5567 Hac
2618 5512 2794 5584 paulo
2822 5512 2993 5571 aliter
3020 5528 3151 5571 cum
3186 5511 3243 5569 in
3276 5513 3491 5583 Greca,
3515 5515 3638 5569 tum
3672 5511 3743 5568 in
3789 5515 3948 5580 Lat.

2248 5584 2385 5639 edit.
2417 5583 2712 5656 leguntur.
