4198 6216
385 339 504 398 645

1459 347 2003 414 BIBLIOTHECA.
2051 386 2128 402 —
2171 356 2341 418 COD.
2389 359 2591 420 CXCII
2624 357 2729 420 δίε.

3679 369 3798 428 646

389 467 534 537 ἱξῆς,
564 469 686 528 πῶς
713 487 795 530 τις
815 466 1155 544 λυπούμενος
1187 470 1238 528 ἐν
1267 483 1590 552 πειρασμοῖς
1615 476 1835 538 δύναται
1864 481 2025 560 ἀγαλ-

2157 498 2248 548 tus
2273 491 2407 564 quis
2440 491 2498 549 in
2531 492 2950 550 tentationibus
2972 493 3260 554 exsultare
3284 502 3482 570 queat.
3503 498 3692 556 LVIII.
3715 502 3797 558 De

387 554 646 648 λιᾷσθαι;
678 559 798 616 NH'
832 559 964 637 Περὶ
1011 563 1078 632 ἧς
1110 567 1386 642 σωτηρίας
1436 565 1760 642 ἐξεζήτησαν
1790 573 1880 630 καί
1912 554 2036 648 έξη-

385 645 646 722 ρεύνησαν
741 657 1044 727 προφῆται.
1129 655 1238 712 ΝΘ¹
1313 656 1434 732 περί
1511 662 1614 714 τοῦ
1684 661 1773 724 Ὠς
1861 645 2034 737 ἀμνοῦ

385 737 630 810 ἀμώμου
704 739 796 793 καὶ
889 738 1127 797 ἀσπίλου
1219 747 1454 818 Χριστοῦ
1552 752 2033 829 προεγνωσμένου,

389 826 492 882 ὑπὸ
542 826 689 889 τίνος
765 831 1266 904 προεγνωσμένου;
1334 834 1401 892 Τί
1460 837 1599 892 ἐστιν
1657 826 1782 898 Ὅτι
1846 826 2036 918 καιρὸς

367 913 484 970 ’τοῦ
544 913 798 990 ἄρξασθαι
854 919 916 973 τὸ
973 925 1146 994 κρῖμα
1201 921 1308 978 ἀπὸ
1366 928 1466 979 τοῦ
1521 925 1674 982 οἷ’κου
1729 934 1826 986 τού
1875 937 2034 1004 Θεοῦ,

387 1005 474 1058 καὶ
501 1005 625 1075 ἑξῆς
653 1025 666 1074 ;
699 1007 809 1063 ΞΑ¹
840 1007 963 1082 περὶ
1005 1013 1100 1063 τοῦ
1141 1008 1405 1086 δρεπάνου
1454 1015 1482 1069 ὃ
1522 1013 1633 1071 εἶδε
1663 1020 1959 1092 πετόμενον
2005 1023 2034 1077 ὁ

387 1095 678 1170 Ζαχαρίας.
736 1101 840 1152 ΞΒ’
877 1099 1000 1172 περὶ
1057 1107 1158 1170 τῆς
1219 1111 1428 1178 χρυσῆς
1487 1103 1719 1185 λυχνίας
1777 1111 1837 1180 ἢν
1893 1109 2030 1168 εἶδεν

386 1183 545 1245 αὐτὸς
627 1189 939 1266 προφήτης.
1027 1193 1133 1243 EI"
1216 1191 1268 1246 τί
1351 1193 1512 1262 ἐστιν,
1564 1183 1681 1253 "'Ev
1851 1221 2034 1256 κατοι-

385 1276 540 1327 κοῦσι
593 1271 818 1335 πλείους
884 1277 919 1346 ἢ
990 1272 1200 1333 δώδεκα
1280 1279 1536 1355 μυριάδες
1589 1281 1824 1358 ἀνδρῶν,
1891 1287 2036 1344 οἵτι-

385 1381 473 1424 νες
559 1360 656 1417 οὐκ
735 1361 978 1439 ἔγνωσαν
1065 1364 1237 1437 δεξιὰν
1324 1370 1500 1426 αὐτῶν
1573 1375 1609 1444 ἢ
1695 1374 2030 1450 ἀριστεράν;

387 1449 537 1512 Τίνες
577 1452 626 1505 οἱ
675 1449 888 1526 ἄνδρες,
927 1454 1016 1508 καὶ
1056 1457 1140 1518 τίς
1172 1459 1206 1527 ἡ
1253 1455 1398 1528 δεξιά
1437 1461 1524 1515 καὶ
1575 1449 1827 1538 ἀριστερά
1859 1449 1892 1534 ςγ
1923 1473 2030 1524 ΞΔ’

386 1536 477 1594 διὰ
515 1540 568 1594 τί
623 1541 758 1614 μετά
801 1543 895 1598 τὸν
946 1545 994 1580 9'3
1041 1547 1264 1602 θάνατον
1307 1549 1492 1606 Σαοὺλ
1532 1556 1629 1606 τοῦ
1673 1551 2028 1626 ἀδικήσαντος

379 1631 508 1696 τοὺς
550 1626 892 1696 Γαϐαωνίτας
941 1635 969 1689 ὁ
1031 1633 1201 1710 μηδὲν
1249 1635 1514 1711 ἀδικήσας
1553 1637 1719 1698 Δαϐἱδ
1768 1645 2026 1719 ἀπῃτήθη

381 1717 553 1784 δίκας,
587 1721 741 1794 λιμῷ
768 1729 872 1793 τῆς
901 1723 1090 1799 χώρας
1120 1725 1286 1782 αὐτοῦ
1316 1731 1682 1804 κακουμένης,
1713 1731 1817 1796 ἓως
1861 1732 2030 1792 ἔδωκε

379 1809 502 1872 τοὺς
561 1809 620 1865 ἐκ
676 1815 774 1866 τοῦ
835 1814 1144 1887 σπέρματος
1213 1816 1396 1872 Σαοὺλ
1464 1819 1598 1876 ἑπτὰ
1656 1819 1854 1896 ἄνδρας
1911 1829 2026 1888 τοῖς

377 1895 752 1963 Γαϐαωνίταις
778 1920 792 1970 ;

447 1990 670 2047 Τούτων
724 1989 822 2046 οὗκ
859 1993 954 2054 τὰς
1013 1991 1197 2058 λύσεις
1253 1997 1281 2050 ὁ
1323 1997 1465 2061 θεῖος
1526 2019 1682 2062 ουτος
1742 2001 1878 2076 ἀνὴρ
1935 2017 2028 2068 καὶ

379 2083 626 2156 γενναῖος
686 2079 1050 2156 ὁμολογητὴς
1108 2080 1428 2140 ἀποδιδόναι
1487 2087 1782 2164 ὑπέρχεται
1834 2091 2023 2150 πόνον.

380 2169 528 2224 Ἐστι
589 2165 645 2223 δὲ
711 2170 812 2239 τὴν
869 2171 1064 2250 φράςιν
1123 2177 1476 2250 σχοινοτενης
1531 2197 1588 2232 τε
1653 2185 1772 2244 ταῖς
1838 2181 2025 2254 περιό-

381 2254 518 2328 δοις,
567 2257 654 2312 καὶ
715 2259 924 2336 χαίρων
986 2256 1332 2332 ὑπερϐατοῖς,
1401 2263 1718 2338 ἐνακμάζων
1779 2290 1837 2324 τε
1905 2277 2024 2334 ταῖς

380 2343 720 2422 περιϐολαῖς,
770 2349 859 2402 καὶ
905 2350 1250 2426 κυριολογεῖν
1301 2354 1402 2408 οὐκ
1448 2352 1876 2430 ἐσπουδασμένος
1911 2377 1924 2390 '
1972 2357 2024 2430 ἐξ

381 2437 458 2490 ὧν
487 2436 632 2508 αὖτῷ
661 2439 730 2510 τῇ
779 2443 1060 2518 συγγραφῇ
1101 2439 1190 2495 καὶ
1239 2442 1299 2495 τὸ
1331 2442 1526 2520 ἀσαφὲς
1565 2445 1654 2498 καὶ
1703 2443 2022 2502 δυσεπισκό·

379 2547 552 2595 πητον
599 2527 641 2562 ’7
682 2523 977 2602 διατρέχει.
1018 2531 1110 2600 Τῷ
1162 2537 1360 2609 τραχεῖ
1418 2529 1474 2586 δὲ
1530 2538 1626 2588 τοῦ
1685 2533 1875 2610 ὄγκου,
1927 2536 2024 2594 ὅσα

376 2615 499 2690 περὶ
560 2616 831 2686 συνθήκην
886 2618 973 2671 καὶ
1035 2618 1379 2688 ἀναπαύσεις,
1420 2622 1512 2676 τὸν
1561 2621 1728 2700 λόγον
1783 2619 2024 2682 ὑποϐαλ-

376 2702 486 2760 λων
521 2700 635 2759 οὐδ’
675 2702 810 2774 ἡδὺς
850 2706 986 2760 εἶναι
1017 2705 1307 2778 σπουδάζει
1341 2713 1408 2784 τῇ
1450 2709 1610 2784 ἀκοῇ.
1657 2714 1754 2769 Καὶ
1792 2716 1818 2784 ἦ
1856 2735 2020 2788 μετα-

373 2793 514 2870 φορά
552 2793 698 2866 αὐτῴ
728 2797 834 2849 τῶν
883 2796 1078 2866 λέξεων
1109 2797 1212 2852 ούκ
1250 2797 1327 2860 εἷς
1368 2801 1430 2853 τὸ
1463 2799 1651 2875 χαρίεν
1683 2805 1776 2858 καὶ
1824 2825 2018 2880 γεγοη·

372 2880 625 2954 τευμένον
655 2884 1050 2958 περιήνθισεσι,
1087 2885 1212 2941 ἀλλ’
1261 2885 1435 2950 οὕτως
1468 2889 1658 2952 ἁπλῶς
1702 2893 1788 2946 καὶ
1833 2893 2020 2968 ἀπερι-

374 2970 656 3044 μερίμνως
718 2968 1225 3045 παραλαμϐάνεται.
1277 2977 1346 3033 Ὀ
1406 2973 1452 3031 δ’
1521 2978 1684 3053 ἐγγὺς
1749 2979 1840 3035 καὶ
1893 2983 2020 3046 τοὺς

373 3059 495 3132 περὶ
549 3057 706 3115 αὐτὸν
762 3058 1061 3116 ἐσπουδακό
1109 3083 1202 3126 τας
1261 3065 1535 3120 ἀποκναίει
1575 3067 1640 3137 9³,
1683 3065 1873 3142 πόρῥω
1919 3075 2016 3126 τού

370 3149 696 3224 γράμματος
745 3148 835 3204 καὶ
883 3157 984 3220 τῆς
1032 3149 1373 3228 ἐγνωσμένης
1421 3155 1684 3231 ἱστορίας,
1732 3132 2011 3230 ἦμᾶλλον
2045 3132 2091 3198 c

374 3237 466 3290 καὶ
523 3237 691 3292 αὐτοῦ
750 3239 846 3292 τού
901 3239 1284 3315 ἠπορημένου,
1327 3243 1380 3298 αἱ
1441 3242 1624 3307 λύσεις
1673 3244 1822 3318 αύτῷ
1866 3268 2020 3322 περι-

374 3329 644 3384 νοοῦνται.
687 3327 841 3397 Πλὴν
877 3325 924 3382 εἳ
955 3349 1060 3384 τινι
1095 3329 1255 3404 φίλον
1288 3331 1598 3410 ἀναγωγαῖς
1637 3335 1728 3390 καὶ
1771 3338 2022 3412 θεωρίαις

377 3415 466 3469 τὸν
515 3413 639 3470 νοῦν
690 3415 1010 3486 ἀνελίσσειν,
1059 3417 1156 3474 οὐκ
1199 3419 1260 3476 ἃν
1309 3422 1732 3499 ποικιλωτέραις
1781 3423 1894 3480 οὐδ⁴
1933 3425 2019 3482 ic-

376 3499 779 3577 πουδασμέναις
813 3504 1026 3577 μᾶλλον
1065 3506 1100 3576 ἢ
1139 3507 1358 3572 ταύταις
1404 3510 1714 3586 περιτύχοι.
1752 3511 2021 3589 Συλλὲγει

379 3593 474 3664 μὲν
527 3595 632 3668 γὰρ
663 3592 751 3646 καί
782 3599 888 3648 τῶν
923 3595 1028 3670 πρὸ
1060 3595 1224 3651 αὐτοῦ
1255 3597 1330 3659 εἰς
1370 3593 1485 3653 ἔνια
1513 3604 1618 3654 τῶν
1648 3601 2018 3678 ἠπορημένων

375 3681 654 3758 εἰρημένα,
688 3683 1032 3740 ἐπισυνάπτει
1067 3683 1122 3740 δὲ
1162 3688 1248 3742 καὶ
1301 3695 1399 3758 τῆς
1433 3686 1642 3744 ο⁹ίκοθεν
1693 3689 2020 3770 φιλοπονίας

367 3770 522 3826 οὐδὲν
551 3770 794 3842 ἔλαττον,
827 3773 874 3828 εί
917 3775 992 3848 μή
1025 3777 1112 3830 καὶ
1167 3775 1404 3848 μᾶλλον,
1431 3779 1493 3832 τὸ
1523 3777 1796 3857 γλαφυρόν
1843 3801 1900 3836 τε
1927 3782 2018 3838 καὶ

371 3863 822 3939 περινενοημένον
887 3860 1333 3940 προϐεϐλημένα.
1381 3871 1509 3942 [504
1565 3871 1658 3942 R.]
1727 3875 2017 3950 Πανταχοῢ

367 3948 424 4007 δὲ
465 3953 526 4006 τὸ
567 3952 619 4006 εν
667 3947 752 3984 ,βλ
871 3952 892 3990 ’ν
969 3957 993 3969 ς-
1118 3956 1133 3976 \
1248 3961 1274 3971 -
1359 3957 1373 3978 ν
1480 3959 1494 3976 r
1631 3961 1641 3972 ι
1791 3961 1803 3978 1
1912 3947 1951 3950 ’-

597 3973 783 4015 υσεοες
834 3975 996 4009 αδτου
1044 3975 1134 4010 και
1177 3977 1278 4011 του
1330 3978 1404 4020 εις
1451 3959 1680 4034 Ἀριστον
1737 3961 1906 4015 ποοου
1953 3963 2016 4018 τὸ

360 4043 596 4118 καθαρὸν
626 4043 712 4097 καὶ
747 4045 972 4117 γνήσιον
1009 4042 1333 4120 διαλάμπει.

1105 4321 1280 4402 riu--

805 4413 909 4464 Τοῦ
939 4409 1103 4466 αὐτοῦ
1143 4411 1427 4468 ἐπιστολαὶ
1457 4415 1556 4484 κζ’.

433 4497 553 4552 Ἐτι
633 4496 1041 4572 ἀνεγνώσθησαν
1121 4503 1286 4558 αὐτοῦ
1341 4503 1431 4560 καὶ
1491 4505 1810 4562 Ἐπιστολαὶ
1886 4510 2009 4583 περί

362 4579 637 4659 διαφόρων
669 4587 970 4644 ὑποθέσεων
1015 4590 1365 4668 ψυχωνρελῶν
1399 4595 1443 4630 θ’
1478 4615 1537 4650 τε
1565 4596 1656 4650 καὶ
1703 4579 2008 4676 ἀναγκαίων

355 4679 472 4736 τοῖς
506 4673 698 4750 ὀρθοῦν
730 4697 788 4732 τε
813 4677 880 4733 τά
909 4677 1018 4750 ἢθη
1062 4682 1150 4735 καὶ
1193 4681 1284 4736 τὸν
1333 4686 1457 4737 νοῦν
1497 4673 1838 4762 ἐγρηγορότα
1885 4709 2008 4745 cov-

357 4769 542 4838 τηρεῖν
582 4765 718 4842 πρὸς
771 4767 860 4804 ⁸⁸⁸9
907 4770 1005 4838 τήν
1044 4763 1318 4826 εὐσέϐειαν
1365 4769 1744 4846 ἐσπουδακόσι,
1776 4776 1868 4832 τὸν
1919 4777 2009 4854 ἀρι

2141 597 2252 652 qua
2306 584 2480 642 salute
2534 584 2918 660 exquisierunt
2986 590 3148 658 atque
3203 589 3443 642 scrutari
3496 594 3627 645 sunt
3669 606 3800 662 pro-

2143 669 2316 744 pheta:
2345 677 2410 748 (7')
2430 677 2459 732 ’ἶ
2489 678 2634 735 LIX.
2670 677 2749 732 De
2781 675 2880 730 illo
2915 693 2927 730 :
2952 675 3118 744 Quasi
3145 677 3490 732 immacuiati
3515 686 3566 733 et
3594 680 3788 734 incon-

2145 765 2425 834 taminati,
2460 767 2661 822 Christi
2687 767 3012 836 praecogniti
3043 765 3262 838 quidem
3292 775 3418 822 ante
3447 766 3797 824 constitutio-

2143 869 2266 908 nem
2320 855 2516 912 mundi
2542 857 2642 924 (lc).
2677 856 2786 912 Sed
2821 871 2854 910 a
2902 871 3014 925 quo
3063 855 3445 928 przncogniti?
3493 854 3603 912 LX.
3643 857 3789 922 Quid

2145 947 2232 998 est
2283 959 2296 998 :
2356 947 2633 1015 Quoniam
2705 950 2914 1017 tempus
2979 945 3153 1016 incipi
3209 945 3478 1014 iudicium
3534 964 3566 1001 a
3638 947 3794 1005 domo

2145 1031 2244 1086 Dei
2274 1031 2358 1103 (ι),
2388 1038 2446 1090 et
2477 1033 2740 1104 reliqua?
2777 1033 2912 1090 LXI.
2947 1034 3024 1088 De
3057 1033 3198 1090 falce
3229 1034 3363 1106 (38),
3392 1050 3568 1105 quam
3598 1035 3796 1091 volan-

2146 1124 2264 1174 tem
2294 1121 2430 1178 vidit
2453 1123 2758 1180 Zacharias
2787 1123 2908 1193 (ιη).
2937 1123 3096 1178 LXII.
3125 1122 3203 1178 De
3227 1123 3572 1180 candelabro
3596 1139 3791 1195 aureo,

2146 1211 2300 1281 quod
2334 1211 2488 1268 idem
2520 1217 2680 1270 vates
2709 1213 3006 1284 conspexit
3029 1212 3132 1283 (η).
3161 1211 3352 1268 LXIII.
3388 1212 3534 1278 Quid
3569 1217 3658 1269 est
3691 1230 3704 1268 :
3731 1216 3793 1270 In

2142 1313 2248 1368 qua
2269 1300 2520 1358 habitant
2547 1305 2734 1374 plures
2761 1318 2926 1376 quam
2955 1305 3172 1358 centum
3199 1301 3400 1374 viginti
3431 1303 3610 1358 millia
3640 1305 3790 1360 viro-

2142 1404 2268 1443 rum
2295 1393 2396 1461 qui
2447 1407 2556 1447 non
2594 1395 2962 1464 cognoverunt
3010 1391 3264 1446 dextram
3311 1408 3472 1446 suam
3513 1401 3616 1448 aut
3652 1396 3790 1450 sini-

2139 1487 2310 1534 stram
2341 1480 2469 1550 (0)?
2507 1480 2756 1544 Quinam
2785 1481 2842 1536 hi
2875 1479 2979 1534 viri
3013 1485 3170 1547 sunt,
3206 1497 3446 1554 quaeque
3477 1481 3680 1538 dextra
3722 1485 3781 1539 et

2137 1569 2424 1624 sinistra?
2455 1568 2640 1625 LXIV.
2675 1572 2860 1638 Quare
2907 1576 3036 1643 post
3070 1579 3310 1626 mortem
3345 1569 3506 1638 Saul,
3547 1571 3644 1642 qui
3675 1571 3786 1628 Ga-

2139 1656 2406 1714 baonitas
2437 1659 2652 1730 injuria
2671 1660 2961 1729 aliecerat,
2993 1660 3065 1716 ab
3095 1659 3330 1715 innoxio
3359 1659 3579 1716 Davide
3609 1677 3782 1732 pmna

2063 1789 2107 1854 Β
2135 1753 2334 1802 exacta
2371 1747 2563 1813 fuerit,
2601 1751 2752 1806 fame
2783 1751 2911 1822 ejus
2934 1751 3168 1821 regione
3199 1753 3419 1816 vexata,
3448 1750 3633 1807 donec
3664 1757 3784 1808 tra-

2139 1835 2388 1892 deretex
2419 1837 2644 1894 semine
2672 1838 2804 1894 Saul
2837 1844 3058 1909 septem
3102 1839 3253 1894 viros
3282 1838 3615 1895 Gabaonitis
3643 1839 3746 1912 (p).

2209 2017 2326 2074 Has
2373 2017 2554 2090 igitur
2595 2017 2815 2074 solvere
2855 2019 3206 2090 quaestiones
3255 2021 3488 2077 divinus
3544 2021 3640 2079 ille
3703 2021 3789 2078 vir

2135 2110 2188 2162 et
2247 2105 2542 2162 confessor
2611 2107 2873 2179 egregius
2946 2107 3304 2164 allaboravit.
3382 2108 3578 2166 Oratio
3654 2111 3780 2181 ejus

2134 2193 2758 2266 comprehensionibus
2813 2194 3180 2250 continenter
3237 2196 3600 2268 producitur,
3632 2213 3775 2270 gau-

2135 2284 2343 2354 detque
2425 2283 2786 2355 hyperbatis,
2863 2285 3465 2342 circumductionibus
3543 2301 3778 2358 quoque

2131 2371 2534 2441 invalescens;
2595 2373 2698 2428 etsi
2751 2373 2976 2444 preprie
3028 2374 3180 2444 loqui
3243 2374 3479 2432 minime
3537 2378 3768 2448 satagit.

2133 2461 2208 2516 Ex
2271 2459 2486 2532 quibus
2555 2477 2657 2532 per
2733 2463 3016 2532 scriptum
3093 2463 3200 2518 hoc
3254 2465 3403 2534 ejus,
3453 2473 3506 2520 et
3564 2466 3776 2522 obscu-

2133 2551 2294 2616 ritas,
2325 2557 2378 2605 et
2427 2549 2742 2604 difficultas
2783 2549 2926 2605 illud
2975 2550 3505 2620 comprehendendi
3549 2555 3770 2622 passim

2131 2640 2404 2696 decurrit.
2438 2641 2824 2710 Asperitatem
2865 2640 3074 2696 deinde
3124 2641 3456 2697 tumidioris
3502 2641 3777 2698 dictionis

2131 2733 2441 2800 (quantum
2465 2731 2534 2783 ad
2557 2729 3032 2798 composttionem
3057 2731 3576 2802 cessationesque),
3593 2747 3700 2788 sua
3717 2731 3778 2787 in

2129 2817 2390 2873 oratione
2423 2827 2697 2887 sectatus,
2733 2835 2802 2874 ne
2831 2818 3030 2874 auditu
3063 2821 3301 2890 quidem
3333 2835 3462 2876 esse
3481 2821 3782 2889 jucundus

2131 2909 2346 2964 studet.
2387 2907 2708 2964 Verborum
2759 2909 2998 2982 insuper
3045 2910 3371 2976 translatio,
3405 2926 3776 2982 nequaquam

2129 2997 2202 3052 ad
2234 2997 2480 3068 gratiam
2511 2995 2900 3069 colligendam
2934 2996 3321 3069 Iectoremque
3361 2998 3774 3070 pelliciendum

2133 3085 2331 3141 ﬂoride
2387 3086 2711 3156 composita
2739 3091 2829 3142 est
2872 3103 2886 3154 ;
2939 3088 3036 3142 sed
3067 3087 3414 3158 simpliciter
3463 3097 3638 3160 atque
3685 3088 3775 3144 in-

2133 3175 2364 3230 curiose
2401 3175 2738 3230 assumitur.
2793 3175 2948 3232 Idem
2997 3184 3274 3247 prieterea
3329 3177 3422 3234 sui
3481 3179 3776 3234 studiosos

2133 3265 2550 3336 propemodum
2599 3265 2878 3320 obtundit
2911 3281 2925 3318 :
2960 3265 3102 3321 adeo
3135 3266 3246 3338 (39)
3278 3265 3479 3338 procul
3523 3283 3558 3322 a
3587 3265 3778 3322 littera

2131 3361 2190 3410 et
2239 3359 2374 3410 nota
2425 3351 2692 3420 historia,
2725 3355 2845 3408 sive
2889 3353 3084 3424 potius
3135 3355 3207 3410 ab
3257 3371 3323 3410 eo
3366 3354 3516 3426 ipso,
3548 3356 3698 3412 ⁸157
3743 3372 3779 3412 a

2135 3445 2286 3514 quod
2335 3442 2581 3515 petitum
2640 3449 2784 3513 erat,
2847 3443 3170 3501 solutiones
3218 3444 3404 3516 ipsius
3477 3449 3776 3502 recedunt.

2131 3533 2380 3588 Tantum
2411 3535 2460 3588 si
2491 3532 2586 3588 cui
2613 3533 2756 3588 forte
2785 3539 3018 3604 gratum
3049 3534 3382 3606 anagogicis
3421 3550 3487 3590 ac
3513 3539 3770 3592 contem-

2130 3621 2488 3692 plationibus
2543 3625 2798 3678 mentem
2850 3623 3171 3692 implicare,
3201 3639 3502 3693 nunquam
3537 3623 3586 3679 is
3631 3639 3774 3681 sane

2127 3709 2376 3780 reperiat
2408 3709 2564 3766 hisce
2592 3719 2688 3764 aut
2723 3711 2912 3781 magis
2961 3711 3134 3777 varia,
3167 3719 3265 3766 aut
3295 3711 3632 3780 diligentius
3661 3713 3778 3768 ela-

2129 3799 2354 3856 borata.
2387 3799 2606 3854 Etenim
2651 3815 2785 3854 cum
2819 3799 3064 3856 aliorum
3097 3799 3314 3870 colligit
3351 3801 3670 3855 sententias
3711 3801 3771 3857 in

2127 3889 2320 3943 dubiis
2375 3886 2732 3959 quibusdam
2795 3889 3216 3956 pronuntiatus,
3269 3893 3392 3944 tum
3444 3892 3500 3944 et
3549 3887 3771 3958 adjicit,

2125 3991 2250 4047 qua:
2282 3975 2470 4046 ipsius
2517 3973 2826 4044 diligentiae
2875 3975 3059 4030 nihilo
3091 3974 3184 4029 his
3215 3974 3519 4042 minorem,
3553 3973 3602 4029 si
3653 3991 3770 4032 non

2125 4064 2424 4135 maiorem,
2457 4064 2772 4135 praeferunt
2816 4068 3178 4119 venustatem
3227 4069 3402 4135 atque
3447 4061 3763 4132 solertiam,

2123 4153 2346 4226 Ubique
2377 4161 2570 4211 autem
2601 4153 2706 4210 viri
2739 4154 2946 4225 pietas,
2976 4161 3035 4212 et
3063 4172 3272 4228 purum
3305 4171 3763 4228 germanumquo

2122 4243 2334 4300 Christi
2357 4242 2713 4300 desiderium
2745 4243 2952 4302 elucet.

2753 4333 2975 4390 exeir
3001 4334 3140 4407 (ιο).

2367 4421 2618 4493 Ejusdem
2650 4422 2798 4479 beati
2829 4424 3060 4480 Maximi
3090 4423 3345 4494 Epistulae
3373 4439 3514 4481 xvu.

2193 4511 2378 4569 Lectae
2409 4513 2608 4568 adhec
2656 4514 2824 4568 variis
2871 4514 3134 4585 ejusdem
3164 4513 3427 4584 Epistolas
3472 4515 3544 4570 de
3589 4513 3767 4573 rebus

2121 4601 2488 4672 necessariis,
2535 4607 2592 4659 et
2635 4603 2833 4659 animo
2894 4602 3149 4673 utilibus,
3199 4604 3272 4660 iis
3319 4605 3618 4676 (maxime)
3667 4605 3772 4676 qui

2121 4709 2314 4750 mores
2343 4710 2482 4749 suos
2532 4693 2836 4764 corrigere,
2869 4699 3244 4766 mentemque
3275 4694 3334 4749 in
3364 4695 3578 4766 pietate
3607 4693 3766 4750 exci-

2119 4787 2302 4840 tatam
2343 4797 2684 4840 conservare
2714 4783 2972 4854 student,
3003 4799 3247 4840 numero
3277 4783 3483 4856 viginti
3515 4787 3764 4855 septem.

429 4897 494 4970 (1')
543 4897 686 4957 ibid.
721 4903 803 4957 io.
839 4901 912 4975 (ις)
957 4903 1102 4962 ibid.
1139 4907 1224 4962 is.
1261 4906 1378 4980 (οι
1430 4907 1576 4966 Ροιιι.
1613 4925 1686 4981 ιν,
1734 4912 1946 4988 17.(ηι)
1986 4916 2025 4973 z

2140 4959 2155 4974 .
2181 4933 2236 4988 v,
2271 4917 2418 4991 1.(η)
2465 4915 2634 4974 Zach.
2670 4933 2744 4983 iv,
2793 4917 2849 4974 2.
2882 4917 2958 4989 (ο)
2987 4917 3145 4974 Jonas
3177 4934 3254 4988 iv,
3299 4919 3388 4973 H.
3420 4919 3495 4989 (ρ)
3537 4917 3586 4974 II
3618 4917 3764 4988 ἰδέ.

357 5003 476 5054 xxx,
515 4991 563 5047 l.

1708 5125 1954 5186 VARle
1994 5131 2404 5188 LECTIONES.

421 5227 466 5264 ⁸⁸
493 5229 582 5310 τὸν
642 5233 874 5310 add._A.
985 5235 1037 5310 θ’(
1063 5233 1452 5310 δυσεπίκτητον
1516 5239 1596 5310 ς.

346 5297 657 5378 ἀναγκαίων
689 5335 756 5348 -
784 5307 1138 5384 ψυχωφελῶν
1171 5310 1253 5384 ς.
1334 5297 1428 5348 ί·⁵⁹
1455 5297 1618 5388 πρός]
1649 5314 1741 5369 καὶ

1703 5242 1748 5320 θξ
1786 5243 2068 5320 ἀποκναίει
2125 5243 2522 5308 ἐσπουδακότας
2553 5245 2636 5320 ς.

2751 5247 2796 5284 99
2827 5246 3174 5327 ψυχωφελῶν
3223 5277 3292 5292 --
3322 5246 3630 5324 ἀναγκαίῶν
3665 5249 3708 5302 Δ
3739 5261 3757 5306 ι

1893 5453 2124 5513 ΝΟΤΔΕ.

419 5553 534 5650 Qa)
553 5553 639 5650 Illa
651 5554 1197 5650 Artilgataeditipne
1227 5561 1441 5650 legitur
1483 5565 1750 5650 volumen.
1791 5571 2004 5628 volans.

392 5625 514 5708 .(39
553 5623 677 5682 Huc
707 5623 814 5712 ego
847 5633 1196 5712 particulam
1237 5623 1410 5712 οβ’τως
1459 5623 2010 5699 commodiore—"or:-

347 5697 484 5753 dine
515 5712 546 5753 e
574 5697 872 5772 superiore
903 5719 1072 5762 versu
1107 5708 1364 5766 retraho.

2192 5571 2297 5642 (40)
2355 5569 2762 5642 Distinguendi
2793 5571 2984 5641 gratia
3021 5571 3115 5630 hic
3147 5573 3379 5630 stellula
3409 5573 3521 5630 fuit
3567 5571 3636 5630 ad
3668 5587 3760 5629 re-

2118 5641 2366 5714 petitum
2393 5641 2548 5698 male
2578 5657 2890 5700 numerum
2921 5645 3272 5718 adjicienda.
