4198 6216
284 358 401 420 653

1370 358 1916 422 BIBLIOTHECA.
1965 393 2041 408 --
2084 361 2314 424 CODD.
2365 360 2623 421 CXCIV.

3588 357 3707 421 654

290 497 409 554 ταῖς
463 491 557 562 μὲν
612 491 731 545 κατ’
774 488 958 545 οὐσίαν
1016 493 1125 545 τῶν
1184 488 1397 546 οἳκείων
1460 496 1638 566 μερῶν
1690 495 1825 567 πρὸς
1874 495 1943 550 τὰ

2060 496 2532 568 distinguantur;
2560 503 2611 552 et
2634 494 2877 568 [contra]
2912 511 3039 566 quas
3062 494 3449 553 subsistentia
3477 495 3705 565 eadem,

289 580 426 654 ἄκρα
474 578 788 647 κοινότησιν
845 577 1156 652 ἐνούμενος,
1186 582 1285 650 τὴν
1336 582 1473 656 πρὸς
1523 581 1668 638 ἄλλα
1714 587 1823 638 τῶν
1857 607 1945 657 με·

291 676 401 745 ρῶν
461 669 781 741 σωζομένην
834 668 952 745 εἶχε
992 666 1274 746 διαφοράν,
1324 677 1442 733 ταῖς
1494 668 1551 726 δὲ
1595 677 1705 727 τῶν
1769 679 1949 747 μερῶν

288 756 529 829 ἱδιότησι
561 758 626 813 τὸ
653 759 770 812 καθ’
817 757 1108 813 ὑπόστασιν
1157 756 1421 814 διεδείκνυ
1470 760 1546 823 ὡς
1587 760 1716 816 ὅλον
1764 764 1944 818 κοινὸν

288 848 638 928 ἀμφοτέρων.
672 849 723 902 Γ¹
775 846 859 902 ὅτι
905 847 972 902 τά
1006 848 1103 921 μὲν
1150 850 1265 903 καθ’
1317 848 1609 905 ὑπόστασιν
1648 851 1803 906 κοινά
1839 856 1948 907 τῶν

295 943 475 1015 μερῶν
503 937 566 991 τὸ
615 935 775 1007 ὅλον,
824 937 992 1013 ἤγουν
1027 938 1117 992 τὸν
1164 939 1419 1013 Χριστὸν,
1462 939 1724 1015 ἠφόριζον
1767 941 1813 978 ⁸⁵
1839 946 1944 995 τῶν

292 1025 496 1105 ἄκρων,
524 1026 593 1082 τὰ
642 1024 699 1081 δὲ
745 1027 863 1081 κατ’
920 1025 1107 1082 οὐσίαν
1151 1028 1289 1101 πρὸς
1332 1028 1398 1082 τὰ
1451 1028 1585 1104 ἄκρα
1637 1031 1795 1085 κοινά
1840 1036 1948 1086 τῶν

295 1123 477 1194 μερῶν
520 1118 595 1178 ὡς
655 1114 785 1171 ὅλον
841 1123 1079 1186 συνῆπτε
1122 1122 1239 1179 τοῖς
1288 1116 1475 1193 ἄκροις
1535 1117 1817 1179 οὐσιωδῶς
1856 1120 1948 1174 τὸν

288 1207 554 1283 Χριστόν,
589 1209 649 1268 Δ¹
679 1205 763 1262 ὅτι
796 1206 928 1269 Θεὸς
960 1206 1221 1283 ὑπάρχων
1254 1205 1464 1270 τέλειος
1506 1209 1533 1262 ὁ
1584 1210 1819 1281 Χριστὸς
1856 1208 1946 1264 καὶ

287 1295 578 1372 ἅνθρωπος
610 1295 820 1359 τέλειος
854 1296 881 1350 6
912 1295 1093 1362 αὐτὸς,
1128 1296 1247 1370 εἶχε
1275 1297 1336 1351 τὸ
1356 1297 1534 1351 κοινὸν
1561 1297 1739 1353 αὐτῶν
1766 1298 1856 1354 καὶ
1884 1300 1947 1354 τὸ

279 1384 432 1441 ’ἴδιον
466 1389 551 1449 οἷς
580 1386 720 1462 πρὸς
767 1386 952 1440 ἑαυτὸν
987 1385 1224 1441 ἐποιεῖτο
1271 1388 1373 1456 τήν
1403 1392 1510 1441 τῶν
1544 1388 1723 1462 ἄκρων
1755 1385 1947 1442 ἕνωσιν

284 1476 383 1531 καὶ
416 1474 701 1552 διάκρισιν,
733 1478 801 1548 τῇ
857 1476 951 1548 μὲν
997 1475 1133 1548 πρὸς
1163 1475 1351 1529 ἑαυτὸν
1402 1476 1588 1531 ὲνώσει
1618 1481 1726 1531 τῶν
1764 1476 1944 1554 ἄκρων

286 1565 342 1620 ἐν
376 1566 558 1637 ἑαυτῷ
578 1563 893 1637 σωζομὲνας
926 1564 1022 1625 τὰς
1052 1562 1101 1633 ἐξ
1135 1564 1208 1618 ὧν
1239 1564 1483 1636 συνετέθη
1519 1565 1703 1643 φύσεις
1727 1569 1946 1622 πιστού-

294 1676 482 1730 μενος,
523 1658 591 1728 τῇ
643 1651 700 1709 δὲ
746 1655 883 1729 πρὸς
943 1654 1130 1709 ἑαυτὸν
1178 1651 1438 1727 διακρίσει
1484 1660 1592 1709 τῶν
1652 1654 1830 1730 ἄκρων
1883 1658 1945 1712 τὸ

296 1741 593 1817 μοναδικόν
637 1749 741 1812 τῆς
789 1743 991 1804 οἰκείας
1031 1743 1294 1814 παριστὰς
1331 1744 1694 1807 ὑποστάσεως.
1729 1747 1781 1803 E'
1820 1746 1942 1820 περὶ

2056 588 2309 643 essentia
2332 585 2449 641 sint
2475 592 2647 658 atque
2674 591 2883 641 natura
2902 586 3149 642 diversa.
3170 586 3506 643 Secundum
3529 592 3707 659 caput

2056 678 2166 733 ista
2195 677 2430 749 exponit
2460 693 2474 733 :
2521 677 2787 733 Christus
2819 676 3138 733 rationibus
3170 677 3405 749 quidem
3438 694 3703 735 commu-

2057 768 2228 823 nibus
2286 768 2609 823 secundum
2669 769 2987 823 essentiam
3036 769 3402 839 propriarum
3444 769 3701 840 partium

2056 873 2187 914 cum
2228 858 2503 913 extremis
2543 858 2766 922 unitus,
2798 857 3011 913 salvam
3062 858 3118 911 in
3167 857 3405 929 reliquis
3453 859 3703 928 partium

2057 947 2494 1002 distinctionem
2564 947 2852 1002 retinebat
2894 966 2908 1015 ;
2962 952 3022 1002 at
3067 964 3199 1002 vero
3250 948 3700 1019 proprietatibus

2060 1036 2266 1091 harum
2315 1038 2569 1106 partium
2602 1035 2778 1091 veluti
2828 1042 3015 1091 totum
3064 1036 3357 1107 quoddam
3389 1039 3699 1094 ambarum

2058 1140 2390 1193 commune,
2441 1126 2776 1198 hypostasin
2826 1126 3156 1181 exhibebat.
3207 1126 3516 1183 Tertium:
3568 1130 3702 1193 Qua

2057 1216 2380 1270 secundum
2400 1215 2740 1287 bypostasin
2767 1231 3109 1271 communes
3127 1220 3292 1271 erant
3309 1216 3562 1273 rationes
3581 1233 3709 1288 par-

2055 1305 2226 1374 tium,
2259 1309 2445 1360 totum
2479 1305 2693 1378 ipsum,
2724 1305 2782 1360 id
2813 1309 2899 1361 est
2924 1304 3238 1371 Christum,
3264 1305 3707 1377 distinguebant

2059 1395 2130 1450 ab
2160 1393 2471 1450 extremis:
2512 1411 2637 1466 quas
2663 1411 2794 1451 vero
2835 1394 3161 1450 secundum
3201 1395 3510 1450 essentiam
3542 1399 3707 1451 erant

2056 1483 2394 1539 communia
2434 1485 2688 1556 partium
2741 1485 2811 1540 ad
2865 1487 3137 1550 extrema,
3171 1483 3470 1540 Christum
3527 1484 3705 1541 veluti

2056 1577 2240 1628 totum
2265 1573 2652 1629 essentialiter
2671 1590 2805 1630 cum
2830 1575 3101 1630 extremis
3131 1574 3475 1645 iungebant.
3514 1576 3707 1640 Quar—

2054 1673 2180 1722 tum
2207 1681 2220 1717 :
2245 1665 2386 1720 Cum
2426 1664 2693 1718 Christus
2733 1665 2885 1718 Deus
2908 1663 3199 1734 perfectus
3229 1667 3405 1732 esset,
3429 1661 3704 1734 idemque

2057 1759 2231 1814 homo
2290 1757 2601 1827 perfectus,
2653 1754 2854 1824 [simul
2904 1755 2981 1825 et]
3041 1755 3191 1824 quod
3242 1769 3554 1809 commune
3609 1754 3703 1810 his

293 1832 562 1913 διαφορᾶς
593 1830 859 1907 διάληψις
900 1832 1195 1906 σύντομος,
1228 1829 1299 1887 δι’
1328 1836 1393 1902 ἦς
1434 1831 1703 1889 δείκνυται
1731 1834 1795 1890 τὸ
1833 1837 1946 1890 κατ’

2060 1853 2181 1905 erat
2218 1826 2489 1911 habebat,
2514 1851 2571 1899 et
2609 1845 2761 1914 quod
2789 1844 3128 1915 preprium;
3163 1844 3379 1915 quibus
3427 1852 3481 1899 et
3511 1849 3703 1899 extre-

290 1924 483 1980 οὐσίαν
532 1922 700 1977 ποσὸν
752 1925 861 1977 τῶν
918 1922 1220 1993 ἡνωμένων
1279 1922 1609 1996 σωζόμενον.
1663 1924 1737 1997 ς’
1784 1945 1946 1978 κατα-

294 2014 463 2081 σκευή
496 2011 807 2085 πλατυτέρα
845 2010 934 2065 καὶ
966 2010 1310 2090 φυσικωτέρα
1338 2013 1460 2084 περὶ
1493 2008 1754 2091 διαφορᾶς
1782 2014 1871 2067 καὶ
1902 2015 1947 2051 θο

292 2101 606 2171 ποσότητος
675 2101 762 2155 καὶ
832 2102 929 2154 τοῦ
995 2096 1294 2169 δηλοῦντος
1361 2100 1525 2164 αὐτὰς
1579 2101 1621 2136 9'
1692 2101 1945 2174 ἀριθμοῦ.

302 2194 433 2266 [509
467 2194 558 2265 R.]
599 2193 651 2247 Ζ¹
682 2190 765 2245 ὅτι
798 2192 825 2244 6
858 2190 935 2262 μή
965 2189 1160 2244 ταυτὸν
1193 2187 1349 2251 εἰδὼς
1382 2190 1537 2266 φύσιν
1584 2190 1671 2244 καὶ
1715 2192 1948 2245 ὑπόστα-

298 2304 381 2337 σιν
424 2276 659 2343 εὐσεϐῶς
695 2279 785 2336 ἐπὶ
834 2284 1077 2354 Χριστοῦ
1130 2277 1442 2353 δογματίζει
1479 2281 1578 2349 τὴν
1621 2277 1812 2337 τένωσιν
1857 2282 1947 2337 καὶ

289 2373 393 2441 τήν
437 2368 724 2446 διαφορὰν,
755 2371 829 2424 ὧν
870 2371 931 2425 τὸ
979 2370 1073 2443 μὲν
1122 2369 1309 2444 ὁρᾶται
1342 2369 1476 2424 κατᾶ
1522 2371 1622 2439 τὴν
1657 2370 1946 2426 ὑπόστασιν

287 2464 356 2519 τὸ
407 2460 466 2517 δέ
513 2462 648 2516 κατὰ
686 2462 786 2531 τὴν
834 2459 1012 2540 φύσιν.
1048 2462 1106 2517 Η⁸
1156 2461 1239 2514 ὅτι
1289 2455 1535 2532 Σεϐῆρος
1584 2462 1776 2517 ταυτόν
1816 2462 1947 2517 εἶναι

295 2553 622 2628 βιαζόμενος
662 2550 819 2628 φύσιν
866 2550 955 2604 καὶ
1017 2549 1304 2605 ὑπόστασιν
1360 2556 1553 2625 συγχεῖ
1606 2552 1704 2619 τήν
1753 2548 1946 2607 ἕνωσιν

289 2641 385 2696 καὶ
415 2646 567 2696 ποιεῖ
596 2641 644 2676 9³
695 2637 953 2714 διαίρεσιν
986 2640 1084 2707 τήν
1133 2637 1394 2715 διαφοράν
1423 2657 1435 2668 ⁸
1470 2642 1588 2695 καθ’
1626 2641 1687 2709 ἣν
1740 2638 1946 2696 δείκνυ-

292 2751 383 2786 ται
432 2730 523 2784 καὶ
572 2729 663 2785 τὸν
706 2736 808 2799 τῆς
842 2729 887 2765 93
916 2725 1147 2803 Τριάδος
1190 2728 1266 2790 εἰς
1316 2727 1546 2802 τετράδα
1587 2727 1947 2799 διασκεδάζων

292 2816 501 2894 Λόγον,
553 2820 640 2874 καὶ
703 2820 764 2875 τὸ
822 2825 921 2888 τῆς
982 2824 1109 2892 μιᾶς
1172 2817 1427 2889 Οεότητος
1479 2818 1824 2892 κατατέμνων
1870 2819 1947 2884 εἷς

297 2908 467 2967 δυάδα
519 2911 841 2984 μυστήριον,
889 2910 976 2963 καὶ
1021 2906 1200 2978 πάσης
1257 2908 1349 2962 τὸν
1408 2909 1640 2984 Χριστὸν
1697 2909 1949 2984 ὑπερορί-

297 3006 404 3070 ζων
446 2996 728 3060 οὖσιωδῶς
760 2997 807 3033 9³
859 2998 1157 3070 ὑπάρξεως.
1187 3000 1320 3067 [263
1352 2999 1439 3070 3.]
1470 2998 1524 3052 ϐ’
1580 2994 1784 3060 ἔκθεσις
1825 3000 1948 3053 σύν-

292 3109 469 3161 τομος
505 3088 643 3161 μετὰ
682 3093 782 3156 τῆς
814 3087 983 3161 ὀρθῆς
1039 3085 1367 3162 συνηγορίας
1417 3093 1517 3156 τῆς
1556 3085 1796 3156 ἀληθοῧς
1840 3094 1946 3144 τῶν

294 3179 550 3253 Πατέρων
585 3175 912 3252 ὁμολογίας.
957 3175 1113 3233 Ἀλλ’
1162 3175 1214 3231 ἐν
1262 3176 1478 3239 τούτοις
1526 3178 1621 3250 μὲν
1660 3178 1749 3232 καὶ
1788 3177 1946 3249 αὕτη.

294 3269 396 3324 Καὶ
429 3267 604 3338 δῆλον
632 3268 723 3322 καὶ
773 3267 824 3337 ἐξ
873 3267 1051 3322 αὐτῶν
1084 3270 1190 3321 τῶν
1232 3265 1540 3344 κεφαλαίων
1589 3268 1652 3323 τὸ
1683 3268 1759 3331 εἰς
1808 3267 1950 3324 εὐσέ-

291 3355 446 3415 ϐειαν
504 3360 804 3434 χρήσιμον.
866 3358 963 3412 Καὶ
1021 3359 1056 3427 ἡ
1112 3356 1306 3434 φράσις
1362 3354 1418 3412 δὲ
1486 3357 1562 3421 ὡς
1616 3355 1668 3413 ἒν
1727 3358 1950 3434 τοιαύτῃ

289 3449 357 3504 τὸ
388 3449 554 3526 σαφὲς
587 3445 772 3503 διώκει
802 3447 892 3502 καὶ
925 3446 1024 3502 οὐκ
1052 3444 1321 3520 ἄκομψον.

2059 1951 2282 1991 morum
2306 1936 2384 2007 ad
2434 1933 2692 2004 seipsum
2737 1933 3011 1987 unionem
3046 1932 3354 2001 efficiebat,
3382 1947 3448 1987 ac
3479 1931 3699 1989 discre-

2056 2026 2299 2080 tionem.
2336 2023 2440 2078 Per
2471 2023 2749 2077 unicaem
2784 2021 3022 2091 quidem
3055 2026 3474 2087 extremorum,
3504 2037 3702 2077 secum

2059 2112 2248 2167 salvas
2275 2110 2333 2164 in
2361 2110 2554 2181 seipso
2577 2113 2834 2177 naturas,
2857 2123 2925 2162 ex
2953 2106 3171 2178 quibus
3192 2108 3553 2179 compositus
3593 2113 3703 2173 est,

2057 2206 2327 2257 testatum
2352 2198 2585 2266 faciens,
2615 2197 2716 2252 sed
2759 2197 3109 2253 discretione
3150 2200 3542 2252 extremorum
3566 2214 3599 2252 a
3621 2212 3704 2265 se,

2058 2289 2306 2362 propriae
2328 2289 2703 2361 bypostaseos
2725 2285 3007 2342 exhibens
3031 2285 3340 2342 unitatem.
3379 2286 3658 2353 Quintum
3695 2301 3709 2341 :

2061 2379 2251 2436 Brevis
2310 2379 2380 2435 de
2432 2376 2761 2434 differentia
2817 2376 3162 2447 disputatio,
3204 2390 3316 2445 qua
3374 2374 3712 2430 ostenditur

2057 2467 2429 2525 essentialem
2455 2467 2746 2522 unitorum
2772 2464 3158 2537 quantitatem
3191 2462 3405 2518 salvam
3447 2462 3705 2518 retineri.

2057 2557 2342 2614 Sextum:
2392 2556 2596 2611 Fusior
2644 2554 2950 2625 magisque
3000 2551 3405 2624 philosophica
3436 2552 3706 2608 tractatio

2057 2650 2125 2703 de
2156 2647 2481 2702 differentia
2537 2646 2640 2715 (et)
2698 2644 3042 2712 quantitate,
3075 2658 3140 2695 ac
3196 2642 3267 2696 de
3311 2656 3572 2705 numero,
3606 2640 3704 2712 qui

2057 2737 2261 2793 barum
2304 2736 2478 2790 index
2529 2739 2638 2789 est.
2698 2734 3061 2802 Septimum:
3096 2732 3204 2796 Qui
3262 2733 3375 2786 scit
3435 2747 3546 2784 non
3576 2745 3706 2786 esse

2056 2826 2207 2882 idem
2241 2829 2501 2881 naturam
2529 2830 2586 2880 et
2609 2822 2975 2895 bypostasin,
3000 2821 3048 2876 is
3074 2822 3165 2893 pie
3195 2820 3252 2875 in
3278 2820 3504 2875 Christo
3528 2818 3706 2874 tradit

2059 2915 2379 2970 unitionem
2430 2930 2495 2969 ac
2526 2910 2914 2967 differentiam
2957 2927 3026 2964 ex
3057 2909 3272 2981 quibus
3306 2908 3407 2963 illa
3456 2907 3697 2978 quidem

2057 3003 2688 3078 spectatursecundum
2711 2999 3073 3073 bypostasin,
3097 2998 3216 3053 haec
3231 3014 3362 3053 vero
3385 2997 3706 3054 secundum

2058 3101 2345 3149 naturam.
2368 3092 2646 3147 Octavum
2670 3107 2683 3144 :
2710 3090 2952 3145 Severus
2976 3088 3114 3143 dum
3143 3104 3242 3157 per
3259 3087 3372 3141 vim
3398 3086 3551 3142 idem
3574 3101 3705 3142 esse

2060 3185 2210 3255 cogit
2234 3191 2502 3239 naturam
2536 3188 2708 3251 atque
2743 3178 3111 3252 hypostasin,
3147 3183 3203 3233 et
3243 3176 3520 3232 unionem
3566 3191 3706 3231 con—

2058 3273 2276 3341 fundit,
2312 3280 2366 3326 et
2402 3270 2742 3325 divisionem
2795 3267 2934 3323 facit
2982 3267 3175 3324 159a
3223 3282 3293 3320 ex
3336 3263 3703 3319 ditferentia:

2059 3365 2214 3420 unde
2248 3363 2634 3430 convincitur,
2666 3368 2719 3417 et
2740 3359 3044 3416 Trinitatis
3070 3358 3353 3413 rationem
3377 3355 3436 3410 in
3465 3361 3710 3427 quater-

2059 3453 2301 3508 nitatem
2334 3452 2684 3519 diffundere,
2715 3457 2768 3505 et
2802 3448 2976 3504 unius
3000 3446 3344 3519 mysterium
3369 3442 3708 3499 Divinitatis

289 3541 356 3596 in
386 3541 504 3596 duo
535 3555 752 3609 secare,
792 3543 847 3595 et
878 3539 949 3594 ab
980 3539 1139 3595 omni
1169 3537 1348 3593 simul
1378 3538 1756 3596 substantiali
1787 3540 2171 3598 subsistentia
2200 3543 2496 3597 Christum
2525 3546 2814 3596 extorrem
2849 3540 3053 3592 facere.
3090 3538 3316 3591 Nonum
3351 3551 3363 3588 :
3399 3532 3596 3589 Brevis
3617 3540 3707 3591 est

288 3631 597 3705 expositio,
629 3647 763 3687 cum
793 3634 952 3686 recta
982 3629 1320 3686 defensione
1352 3645 1494 3684 veras
1525 3639 1855 3688 sanctorum
1889 3632 2126 3689 Patrum
2169 3632 2578 3689 confessionis.
2612 3632 2675 3686 In
2708 3629 2801 3684 his
2843 3644 2977 3697 ergo
3010 3626 3109 3681 illa
3140 3628 3407 3680 versatur
3433 3623 3701 3693 epistola,

290 3729 361 3780 ut
392 3739 462 3779 ex
494 3721 640 3796 ipsis
676 3737 809 3777 mox
847 3720 1141 3792 capitibus
1165 3724 1357 3792 pateat
1387 3721 1514 3790 ejus
1541 3722 1610 3775 ad
1650 3721 1878 3790 pietatis
1917 3724 2176 3779 studium
2209 3721 2668 3795 promovendum
2723 3717 2965 3773 utilitas.
3017 3715 3204 3771 Dictio
3236 3729 3429 3786 porro,
3460 3716 3522 3766 ut
3551 3711 3611 3765 in
3642 3728 3701 3767 re

290 3811 420 3873 tali.
458 3810 938 3884 perspicuitatem
974 3813 1252 3875 sectatur,
1282 3824 1468 3879 neque
1500 3813 1590 3864 est
1621 3809 1943 3882 inelegans.

369 3902 489 3958 Ἔτι
516 3898 575 3956 δὲ
617 3899 754 3975 πρὸς
796 3897 1032 3976 Πύρρον,
1073 3896 1151 3953 ἔτι
1199 3892 1568 3973 πρεσϐυτέρου
1616 3897 1688 3933 θίν’
1739 3900 1945 3973 βαθμὸν

290 3993 494 4069 ἔχοντα
554 3990 644 4046 καὶ
697 3987 851 4046 οῧπω
896 3995 996 4057 τῆς
1051 3987 1441 4063 ἀρχιερατικῆς
1506 3982 1765 4043 ἐπιϐάντα
1820 3992 1954 4043 καθ-

290 4080 473 4157 έδρας.
529 4082 740 4149 Θειάζει
801 4075 847 4132 δ’
895 4075 946 4131 ἐν
1001 4077 1136 4149 αότῇ
1182 4077 1272 4132 τὸν
1330 4075 1564 4152 Πύρρον,
1612 4077 1700 4131 καὶ
1758 4073 1947 4148 εὐσεϐῆ

294 4176 502 4247 γνῶσιν
564 4168 715 4240 αὐτῷ
780 4166 869 4221 καὶ
948 4166 1207 4237 ὁσιότητα
1272 4164 1717 4241 ἐπιμαρτῦρεται.
1778 4165 1952 4223 Ἀλλά

289 4263 384 4317 καὶ
425 4260 549 4333 περὶ
597 4278 781 4325 τινων,
814 4256 888 4318 ὡς
938 4250 1133 4325 ἔοικεν,
1174 4254 1502 4325 ἀξιώσαντος
1549 4254 1694 4325 αὐτῷ
1741 4260 1952 4331 γραφῆ-

288 4371 380 4408 ναι
412 4351 441 4405 6
475 4348 642 4421 σοφὸς
672 4346 926 4417 Μάξιμος
960 4343 1020 4398 οὐ
1058 4344 1221 4416 μόνον
1262 4348 1623 4417 παραιτεῖται,
1667 4342 1949 4424 ἰσχνόφω-

284 4462 385 4498 νον
434 4436 625 4495 ὲαυτὸν
673 4435 763 4491 καὶ
816 4430 1239 4511 βραδύγλωσσον
1290 4432 1610 4502 ἀποκαλῶν,
1650 4432 1774 4489 ἀλλ’
1826 4434 1949 4489 άντ-

2128 3901 2342 3958 Scribit
2392 3904 2668 3971 prseterea
2698 3894 2936 3969 Pyrrho,
2970 3893 3251 3965 dignitate
3275 3896 3397 3946 tum
3432 3889 3705 3961 temporis

2065 3993 2422 4064 presbytero,
2447 3998 2499 4044 et
2522 3988 2857 4043 cathedram
2882 3999 3172 4039 summam
3196 3986 3452 4036 nondum
3474 3978 3704 4050 adepto.

2063 4082 2185 4145 Qua
2216 4081 2275 4135 in
2325 4077 2571 4148 epistola
2610 4076 2874 4131 divinum
2909 4089 3043 4129 eum
3077 4072 3372 4143 praedicat,
3405 4075 3462 4124 et
3508 4068 3705 4124 ortho-

2063 4171 2271 4225 doxam
2306 4168 2478 4223 ﬁdem
2513 4165 2624 4237 ipsi
2656 4180 2721 4219 ac
2761 4162 3213 4219 sanctimoniam
3247 4174 3350 4214 suo
3375 4157 3708 4213 testimonio

2061 4258 2283 4313 tribuit.
2318 4256 2424 4322 Qui
2458 4264 2512 4310 et
2555 4254 2626 4309 de
2657 4252 3038 4325 quibusdam,
3071 4255 3134 4303 ut
3162 4250 3421 4318 apparet,
3454 4245 3707 4301 scribere

2059 4346 2377 4402 Maximum
2411 4360 2543 4400 cum
2566 4346 2850 4414 rogasset,
2876 4341 3108 4412 sapiens
3140 4338 3233 4392 hic
3255 4336 3343 4391 vir
3375 4352 3486 4391 non
3511 4332 3704 4390 solum

2056 4437 2492 4510 tergiversatur,
2515 4432 2751 4489 balbum
2769 4430 2883 4502 (’48)
2908 4447 2969 4486 se
2987 4434 3043 4484 et
3065 4428 3347 4483 infantem
3370 4423 3701 4498 appellans:

288 4530 442 4599 αξιοῖ
460 4525 622 4583 αὐτὸν
642 4527 687 4563 ³⁵
702 4524 991 4602 γράμματι
1026 4521 1241 4596 μᾶλλον
1264 4520 1496 4595 διδάξαι,
1517 4522 1600 4585 τίς
1623 4525 1656 4593 ἡ
1680 4521 1942 4599 ἐνέργεια)

2060 4544 2250 4584 verum
2296 4533 2501 4583 contra
2544 4525 2890 4589 obtestatur,
2927 4525 2990 4575 ut
3022 4537 3125 4592 per
3164 4518 3386 4573 litteras
3417 4532 3479 4571 se
3510 4515 3704 4587 potius

289 4618 384 4676 καὶ
431 4618 673 4690 ὁσαχῶς,
715 4614 804 4669 καὶ
850 4614 902 4668 τί
946 4611 1092 4686 παρὰ
1137 4610 1338 4681 ταύτην
1388 4611 1498 4671 ἐστὶ
1538 4613 1601 4668 τὸ
1647 4612 1946 4688 ἐνέργημα,

286 4710 384 4768 καὶ
435 4707 491 4763 τί
550 4706 758 4762 τούτων
804 4702 1116 4782 διενήνοχεν
1179 4705 1214 4772 ἡ
1266 4705 1455 4779 πρᾶξις
1502 4704 1592 4758 καὶ
1651 4705 1713 4760 τὸ
1772 4700 1945 4781 ἔργον,

287 4799 383 4856 καὶ
424 4801 546 4861 πῶς
601 4790 719 4872 ἕφτι
768 4793 943 4868 λέγειν
1000 4793 1037 4863 ἢ
1084 4791 1275 4848 ἐννοεῖν
1319 4795 1420 4863 τήν
1476 4793 1599 4867 μίαν
1655 4792 1943 4871 ἐνέργειαν.

291 4888 453 4948 Ἀλλ’
487 4887 539 4942 ὲν
568 4886 784 4947 τούτοις
819 4885 913 4957 μὶν
940 4883 1031 4939 καὶ
1061 4886 1096 4953 ἡ
1128 4883 1265 4959 πρὸς
1306 4881 1537 4959 Πύρρον.

362 5068 567 5147 Γράφει
598 5064 655 5122 δὲ
691 5066 783 5121 καὶ
832 5065 968 5139 πρὸς
1011 5069 1210 5137 Θωμᾶν
1257 5084 1393 5133 τινα,
1437 5064 1803 5138 αἰτησάμενον
1852 5066 1947 5138 ῥη-

286 5164 398 5217 τῶν
425 5178 591 5214 τινων
643 5155 1039 5230 ἀπορουμένων
1090 5150 1390 5216 ἐπιλύσεις.
1424 5153 1506 5211 Τὰ
1556 5151 1613 5208 δὲ
1660 5154 1801 5228 ῥητᾶ
1847 5158 1943 5209 τοῦ

2052 4620 2256 4674 doceat
2286 4633 2300 4672 :
2340 4615 2486 4679 Quid
2511 4614 2793 4687 Operatio,
2826 4616 2882 4668 et
2913 4608 3230 4682 quotuplex
3261 4609 3289 4661 Ῥ
3318 4611 3375 4661 et
3400 4604 3534 4677 quid
3572 4621 3707 4675 pra:-

2051 4714 2139 4767 ter
2168 4710 2318 4764 hanc
2348 4711 2424 4763 sit
2454 4705 2735 4761 effectus?
2764 4703 3018 4773 quidque
3040 4700 3111 4755 ab
3144 4698 3234 4753 his
3254 4697 3527 4751 differant
3557 4694 3704 4751 actio

2053 4808 2104 4855 et
2136 4815 2286 4869 opus
2309 4799 2338 4852 ἰ’
2386 4801 2441 4853 et
2472 4811 2724 4868 quanam
2768 4791 2955 4865 possit
2994 4791 3218 4845 ratione
3257 4786 3370 4841 dici
3405 4784 3701 4851 sentirive,

2055 4904 2234 4944 unam
2266 4903 2391 4942 esse
2448 4887 2509 4941 in
2566 4884 2797 4939 Christo
2854 4878 3297 4953 operationem?
3342 4877 3527 4945 Atque
3584 4871 3703 4926 haec

2055 4977 2288 5049 quidem
2321 4975 2382 5030 in
2413 4972 2661 5046 epistola
2679 4972 2749 5027 ad
2784 4970 3090 5043 Pyrrhum.

2124 5066 2210 5120 Ad
2242 5064 2522 5119 Thomam
2574 5062 2683 5135 (49)
2724 5061 2968 5133 insuper
2997 5056 3309 5129 quemdam
3342 5049 3565 5118 scribit,
3599 5049 3699 5122 qui

2052 5154 2458 5226 ambiguorum
2475 5150 2865 5224 quorumdam
2887 5148 3148 5204 locorum
3167 5142 3492 5199 solutiones
3506 5142 3697 5212 postu-

1669 5279 1906 5336 VARIZE
1937 5278 2328 5336 LECTIONES

356 5400 526 5486 ’θετὸν
557 5396 1081 5486 Χριᾳὸνηῇφρριςοῃν
1106 5397 1152 5452 Α
1189 5413 1202 5451 :
1234 5392 1527 5486 ςίιιρώριιξξρνΛ
1545 5394 1625 5469 ς.

1704 5395 1751 5431 ⁹⁰
1780 5394 1868 5449 καὶ
1900 5402 2035 5452 ante
2063 5413 2190 5449 ποσ.
2233 5392 2366 5449 add.
2393 5395 2458 5449 A.

2536 5389 2581 5425 9‘
2617 5387 2778 5451 αὐτάς
2816 5404 2931 5446 om.
2964 5389 3032 5444 Α.
3109 5385 3155 5420 9³
3186 5385 3422 5438 ποιεῖται
3454 5395 3601 5438 corr.
3625 5379 3696 5436 Α.

286 5476 335 5513 ⁸³
363 5476 465 5543 τῆς
497 5461 617 5530 om:
649 5474 708 5528 A.
787 5461 1168 5529 πὸὐσιῶδους
1196 5461 1315 5539 mg.
1361 5461 1460 5502 ’θῇ
1498 5461 1779 5542 β.’πρεσ6.
1857 5468 1901 5503 ³³
1932 5465 2091 5521 αὐτὸν
2119 5464 2211 5520 καί
2248 5484 2334 5539 γρ.
2359 5467 2424 5519 Α.

1851 5591 2079 5651 ΝΟΤίΕ.

365 5718 488 5791 (48)
520 5713 697 5772 Mosis
728 5710 992 5784 exemplo
1018 5709 1198 5793 Exodi
1229 5725 1304 5765 ιν.

2130 5706 2240 5779 (49)
2273 5700 2980 5772 Constantinopolitanum
3035 5699 3272 5755 forsitan
3306 5690 3619 5770 patriarch.
