4198 6216
460 325 578 389 663

463 461 832 532 persuadere,
881 465 1055 530 atque
1103 461 1170 514 ad
1224 459 1558 513 institutum
1603 474 1772 513 suum
1809 458 2098 511 attrahere

2231 459 2327 530 ρῶς
2368 475 2425 507 τε
2474 454 2560 506 καὶ
2613 454 2693 522 δεξ

463 557 660 621 queat.
688 552 806 604 lmo
830 550 1122 618 sapienter
1138 547 1276 602 adeo
1301 553 1438 601 sunt
1457 548 1654 601 omnia
1673 553 1728 601 et
1751 548 1947 601 dextre
1967 552 2105 600 tem-

468 645 665 710 perata
697 644 867 708 atque
899 637 1219 702 ell‘ormata,
1254 645 1314 690 ut
1347 653 1449 690 nec
1484 636 1819 705 tTOPOItgilS
1850 636 1994 691 liber
2016 652 2105 690 se-

465 729 696 783 cundus
740 727 1110 790 destituatur,
1146 726 1245 780 sed
1282 725 1463 779 multa
1503 725 1813 791 contineat,
1848 741 1973 794 quae
2005 724 2101 777 de-

466 815 761 871 mulceant
793 823 965 886 atque
988 815 1279 871 alliciant:
1316 832 1380 870 ac
1402 814 1568 885 plura
1600 815 1797 881 etiam,
1825 831 1951 885 qua:
1973 831 2105 869 cum

467 910 686 961 metum
710 922 776 960 ac
801 911 1076 960 terrorem
1114 905 1420 971 incutiant,
1453 910 1576 959 tum
1605 904 1870 960 homines
1892 905 1960 958 ad
1989 921 2106 974 poe-

465 994 771 1049 nitentiam
805 995 1211 1050 commovendi
1243 995 1360 1048 vim
1394 995 1666 1049 habeant.

535 1084 797 1138 Tertium
831 1085 1176 1155 adjunctum
1207 1085 1300 1138 his
1332 1083 1531 1138 libellu
1562 1107 1589 1136 ::
1626 1083 1900 1154 legimus,
1933 1099 2108 1154 quem

465 1191 497 1226 a
528 1174 784 1229 Castoris
813 1175 1069 1246 episc0pi
1106 1181 1287 1230 morte
1327 1174 1627 1244 inscripsit
1671 1173 1914 1228 cmnobii
1957 1173 2111 1227 illius

471 1263 840 1332 moderatori,
892 1268 1058 1330 cuius
1098 1263 1346 1318 coenobii
1400 1280 1588 1329 causa,
1637 1268 1692 1317 et
1742 1264 1953 1334 regulae
2003 1261 2112 1316 illas

467 1352 677 1424 [prius]
705 1352 892 1407 missa:
917 1353 1164 1407 fuerant.
1199 1352 1303 1414 Qui
1328 1353 1562 1422 quidem
1586 1351 1818 1406 libellus
1843 1352 1933 1414 iis,
1969 1367 2114 1420 quos

462 1446 588 1512 jam
615 1442 1393 1508 euumeravimus,adsimilis
1416 1451 1517 1496 est.
1549 1446 1717 1495 Docet
1739 1441 1850 1507 (74)
1877 1443 2029 1494 enim
2056 1440 2113 1493 in

474 1530 681 1601 primis
717 1531 852 1600 quid
879 1530 1150 1584 discretio
1175 1532 1289 1584 sit:
1327 1532 1643 1598 (leindeque
1678 1530 1950 1598 majorem
1987 1545 2114 1582 eam

471 1636 602 1675 esse
636 1621 855 1674 cazteris
885 1620 1217 1685 virtutibus,
1244 1625 1368 1673 tum
1397 1620 1546 1674 unde
1572 1620 1857 1690 gignatur,
1885 1636 1948 1672 ac
1981 1634 2119 1688 quo-

468 1710 638 1764 modo
662 1711 777 1763 hinc
799 1710 1000 1763 eadem
1024 1709 1253 1764 caelitus
1273 1710 1612 1779 plerumque
1630 1710 1907 1763 donetur:
1936 1709 2117 1763 donec

477 1798 715 1853 tandem
748 1798 1062 1868 Scriptum
1097 1799 1444 1853 testimoniis
1479 1799 1681 1868 probat
1710 1797 1757 1830 93
1788 1815 1956 1852 suum
1989 1798 2116 1867 qui-

473 1904 584 1957 que
616 1889 878 1942 animum
915 1888 1127 1941 seniori
1174 1903 1298 1942 esse
1340 1888 1737 1942 indicandum.
1771 1887 1945 1942 Addit
1979 1905 2120 1959 pra:-

470 1980 630 2033 terea
659 1977 789 2046 quis
821 1993 1032 2044 scopus
1071 1978 1180 2047 (735)
1224 1994 1288 2032 ac
1323 1977 1456 2031 linis
1497 1994 1699 2032 eorum
1733 1994 1859 2032 esse
1891 1977 2116 2041 debeat,

476 2065 573 2134 qui
609 2066 1015 2136 religiosorum
1058 2067 1570 2122 exercitationibus
1614 2069 1953 2136 probantur.
1990 2068 2116 2122 Haec

483 2154 681 2210 Mosen
717 2160 1024 2225 quemdam
1056 2157 1368 2212 virtutibus
1391 2158 1802 2211 admirandum
1824 2160 2013 2211 virum
2040 2159 2117 2212 ita

477 2244 780 2299 docentem
815 2247 1055 2312 inducit,
1083 2248 1269 2302 IBIb
1310 2254 1372 2302 ut
1407 2249 1548 2318 ipsis
1571 2265 1804 2319 quoque
1843 2249 2116 2318 operibus

475 2333 548 2387 ob
580 2336 778 2388 oculos
811 2337 1232 2406 prepemodum
1267 2338 1506 2392 statutis
1540 2339 1810 2405 dogmata
1840 2355 1943 2392 sua
1975 2354 2113 2392 con-

472 2421 678 2478 firmet.
715 2423 849 2478 Post
879 2441 1005 2493 quas
1037 2425 1314 2480 Serenum
1349 2427 1458 2496 (76)
1493 2429 1826 2498 quemdam,
1858 2429 1985 2482 vitae
2017 2445 2113 2499 ge-

470 2527 606 2566 nere
657 2512 837 2568 nihilo
886 2513 1242 2582 inferiorem,
1284 2520 1340 2569 et
1374 2519 1493 2586 pari
1527 2516 1755 2586 quidem
1798 2515 1964 2570 illum
2008 2519 2114 2572 do-

470 2604 655 2658 ctrina
687 2608 967 2671 utentem,
993 2604 1049 2658 in
1076 2606 1323 2660 medium
1353 2606 1651 2676 producit:
1681 2606 1802 2660 ﬁeri
1833 2607 2112 2662 nimirum

469 2711 584 2749 non
615 2712 800 2766 posse,
823 2697 962 2768 quin
989 2699 1255 2753 turbetur
1277 2716 1310 2753 a
1331 2700 1694 2754 daemonibus
1720 2717 1881 2756 mens
1907 2701 2111 2756 buma-

472 2799 568 2851 na,
598 2800 934 2855 quanquam
968 2785 1256 2856 compelli,
1295 2792 1466 2857 atque
1505 2789 1833 2844 necessario
1865 2792 2014 2859 cogi,
2052 2793 2116 2843 ut

473 2872 531 2927 in
568 2874 787 2929 malum
823 2874 1062 2943 incidat,
1098 2893 1398 2946 nunquam
1428 2883 1619 2948 queat.
1647 2877 1920 2933 Nostrum
1956 2880 2110 2933 enim

473 2979 602 3018 esse
637 2969 868 3020 turbam
904 2964 1059 3020 illam
1092 2973 1434 3036 motumque
1456 2967 1542 3022 vel
1569 2968 1874 3036 depellere,
1908 2968 1993 3023 vel
2017 2969 2118 3022 ad-

1661 322 1926 386 PHOTII
1970 323 2257 384 PATRIA
2271 319 2500 382 RCH/E
2543 323 2662 383 ΟΡ.

3745 322 3870 384 664

2707 456 2799 513 tib:
2844 454 3100 527 κέκριται
3143 450 3232 505 καὶ
3286 448 3747 527 διαμεμὸρφωται
3799 455 3872 525 39’

2216 546 2352 599 ὥστε
2392 546 2480 598 καὶ
2518 545 2890 619 τροπολογίας
2942 545 2968 598 ὁ
3029 541 3276 616 δεύτερος
3329 541 3498 618 λόγος
3549 540 3873 600 ὑποϐαλλό-

2221 655 2406 706 μενος,
2443 635 2532 687 καὶ
2568 634 2711 689 πολὺ
2742 635 2802 688 τὸ
2835 633 3115 709 ἐπαγωγὸν
3145 631 3291 710 ἔχων
3323 633 3411 686 καὶ
3451 633 3774 708 θελκτήριον
3807 635 3876 704 ⁴⁰,

2214 723 2380 777 πλέον
2437 721 2730 797 παρέχεται
2796 725 2858 778 τὸ
2916 718 3117 796 φοϐοὗν
3167 743 3223 776 τε
3281 722 3369 776 καὶ
3427 724 3880 794 καταπληκτικὸν

2213 813 2302 866 καὶ
2336 810 2558 867 δυνατὸν
2591 811 2929 889 έπιστρέτρειν
2960 813 3095 886 πρὸς
3131 811 3442 884 μετάνοιαν.

2671 1078 2713 1098 \I

2293 1079 2395 1135 Καὶ
2430 1082 2610 1153 τρίτον
2667 1078 2713 1134 δ’
2755 1079 3086 1141 linito-3:01:
3138 1076 3388 1152 λογίδιον
3441 1080 3878 1154 συνανεγνώσθη,

2224 1169 2251 1220 δ
2311 1170 2444 1240 μετά
2482 1167 2739 1235 τελευτήν
2794 1171 3070 1242 Κάστορος
3115 1172 3210 1222 τοῦ
3270 1167 3572 1222 ἐπισκόπου
3628 1173 3708 1239 τῷ
3756 1165 3887 1221 δια-

2225 1271 2496 1346 δεξαμένῳ
2542 1276 2640 1341 τήν
2695 1273 3008 1347 ἐπιμέλειαν
3057 1282 3155 1343 τῆς
3210 1281 3401 1346 μονῆς,
3447 1271 3519 1328 δι’
3569 1277 3635 1344 ἣν
3685 1273 3776 1328 καὶ
3830 1275 3886 1328 οἱ

2224 1365 2448 1425 κανόνες
2504 1362 2824 1433 ἐστάλησαν,
2873 1365 3352 1439 προσπεφώνηται.
3403 1365 3554 1417 Ἔστι
3601 1364 3696 1434 μέν
3744 1384 3887 1436 συγ-

2226 1453 2378 1526 γενὶς
2410 1455 2452 1490 ⁴¹
2499 1460 2614 1516 τοῖς
2661 1457 3108 1527 προειρημένοις,
3151 1450 3389 1506 διδάσκει
3441 1451 3497 1506 δέ
3551 1452 3602 1506 τί
3652 1452 3709 1507 τὲ
3769 1452 3889 1507 ἐστι

2229 1539 2516 1614 διάκρισις,
2560 1543 2650 1596 καὶ
2701 1545 2783 1596 ὅτι
2828 1543 3026 1615 μείζων
3079 1541 3208 1611 αὕτη
3252 1547 3358 1596 τῶν
3414 1541 3600 1596 ἄλλων
3648 1543 3890 1616 ἀρετῶν,

2229 1635 2313 1685 καὶ
2351 1630 2464 1686 ὅθεν
2512 1631 2768 1699 τίκτεται,
2802 1633 2891 1686 καὶ
2934 1633 3006 1694 ὡς
3060 1632 3121 1686 τὸ
3172 1629 3342 1685 πλέον
3389 1638 3490 1700 τῆς
3528 1629 3725 1686 ἄνωθέν
3769 1631 3891 1687 ἐστι

2232 1717 2458 1794 δωρεᾶς.
2513 1721 2613 1776 Καὶ
2669 1723 2792 1795 περὶ
2861 1720 3180 1798 έξαγγελίας
3241 1727 3539 1796 Γραφικαῖς
3616 1721 3890 1780 πίστεσιν,

2368 1807 2444 1825 \-

2229 1811 2304 1871 ὠς
2364 1809 2444 1864 δεῖ
2498 1811 2697 1880 ταύτην
2758 1812 3034 1884 πράττειν,
3093 1809 3500 1878 κατασκευάζει,
3557 1809 3645 1863 καὶ
3712 1809 3798 1871 τίς
3865 1810 3893 1863 ὁ

2231 1901 2429 1961 σκοπὸς
2461 1900 2550 1953 καὶ
2581 1903 2634 1954 τί
2665 1901 2726 1954 τὸ
2759 1898 2916 1961 τέλος
2948 1903 3055 1954 τῶν
3091 1899 3142 1953 έν
3174 1905 3289 1959 τοῖς
3322 1899 3644 1968 ἀσκητικοῖς
3675 1898 3891 1972 ἀγῶσιν

2227 1985 2646 2060 ἐξεταζομένων.
2709 1991 2889 2044 Ταῦτα
2957 1986 3156 2042 Μωσέα
3211 1987 3330 2040 τινα
3396 1988 3699 2058 θαυμαστὸν
3765 1993 3895 2047 ταῖς

2226 2077 2438 2152 ἀρεταῖς
2499 2077 2699 2150 εἰσάγει
2765 2074 3090 2130 διδάσκοντα
3147 2079 3234 2130 καὶ
3297 2076 3606 2151 πράγμασιν
3668 2075 3886 2147 αὐτοῖς,

2231 2166 2427 2237 μικροῦ
2465 2164 2734 2236 κειμένοις
2779 2164 2866 2218 ὑπ’
2911 2161 3054 2236 ὄψιν,
3088 2164 3151 2217 τὰ
3191 2163 3408 2237 ῥήματα
3459 2158 3886 2236 βεϐαιούμενον.

2229 2254 2355 2308 Εἶτα
2412 2261 2650 2328 Σερῆνον
2700 2256 2744 2290 ⁴²
2805 2253 2865 2307 οὗ
2926 2252 3172 2325 δεύτερον
3222 2258 3290 2326 τῇ
3349 2251 3603 2323 πολιτείᾳ
3659 2252 3750 2306 καὶ
3814 2255 3891 2325 τῇ

2227 2343 2394 2414 ὁμοίᾳ
2424 2344 2712 2417 χρώμενον
2768 2339 3093 2412 διδασκαλίᾳ
3122 2342 3460 2415 παριστάνει,
3513 2343 3637 2413 [517
3673 2343 3765 2414 [1.]
3812 2342 3892 2402 ὡς

2226 2435 2286 2487 τὸ
2321 2433 2416 2506 μέν
2453 2435 2528 2504 μή
2563 2431 3022 2506 παρενοχλεῖσθαι
3054 2435 3152 2501 τήν
3184 2430 3419 2486 διάνοιαν
3468 2431 3570 2484 ὑπὸ
3610 2436 3717 2485 τῶν
3763 2428 3891 2484 δαι-

2229 2523 2429 2594 μονίων
2466 2521 2728 2576 ἁδὲνατον
2780 2524 2908 2576 εἶναι
2941 2522 3006 2591 ⁴³,
3038 2522 3099 2575 τὸ
3151 2519 3205 2575 δέ
3239 2522 3589 2575 συνωθεῖσθαι
3635 2524 3723 2574 καί
3760 2518 3891 2574 ἂνα-

2223 2611 2507 2683 γκάζεσθαι
2558 2612 2912 2666 καταπίπτειν
2957 2612 3092 2685 πρὸς
3153 2611 3215 2665 τό.
3265 2610 3444 2686 φαῦλα
3496 2608 3700 2679 οὒκέτι,
3753 2607 3891 2663 ἀλλ’

2224 2703 2492 2775 ἡμέτερον
2535 2702 2624 2756 καὶ
2663 2702 2724 2756 τὸ
2775 2699 3084 2756 διωθεῖσθαι
3117 2702 3216 2768 τήν
3272 2699 3508 2775 ὄχλησιν
3556 2698 3644 2753 καὶ
3675 2700 3737 2754 τὸ
3780 2721 3889 2753 πα-

2230 2788 2550 2864 ραδέχεσθαι
2582 2791 2748 2860 αὐτήν
2786 2809 2798 2822 °
2832 2792 2918 2844 καὶ
2955 2791 3028 2852 ὡς
3062 2790 3122 2845 οὐ
3174 2795 3461 2864 χωροῦντα
3503 2786 3591 2843 διά
3628 2791 3726 2857 τῆς
3775 2791 3892 2861 ψυ-

2226 2888 2333 2954 χῆς
2380 2882 2447 2935 τά
2496 2879 2755 2953 δαιμόνια
2796 2882 2922 2942 τοὺς
2962 2879 3336 2955 ἀνθρωπίνους
3388 2876 3499 2932 οἶδε
3549 2877 3886 2954 λογισμοὺς,

2231 2970 2354 3025 ἀλλ’
2417 2972 2522 3025 ἀπὸ
2578 2993 2740 3026 τινων
2799 2970 3111 3043 τεκμηρίων
3171 2964 3362 3038 ἔξωθεν
3422 2972 3562 3042 θηρᾷ
3628 2969 3884 3028 τούτους

474 3051 723 3108 mittere.
742 3053 994 3109 Rursum
1018 3072 1131 3109 non
1157 3056 1533 3124 pervadentes
1550 3058 1810 3112 animum
1827 3058 2113 3113 daemones

2234 3061 2400 3132 μόνης
2442 3063 2546 3137 γαρ
2607 3062 2738 3115 εἶναι
2795 3067 2894 3128 τῆς
2944 3059 3101 3136 ἁγίας
3160 3055 3396 3133 Τριάδος
3446 3059 3508 3112 τὸ
3560 3055 3648 3112 διὰ
3691 3061 3886 3135 ψυχῆς

475 3140 766 3197 humanas
827 3145 1210 3215 cogitationes
1266 3163 1633 3215 cognoscere,
1683 3150 1779 3201 sed
1832 3165 1900 3202 ex
1947 3163 2118 3218 argu-

478 3234 688 3286 mentis
723 3233 1078 3302 quibusdam
1102 3236 1352 3289 externis
1376 3252 1469 3290 eas
1493 3237 1715 3290 rimari.
1749 3237 1941 3291 Solius
1963 3240 2117 3291 enim

475 3335 600 3375 csse
632 3330 846 3377 sancta;
874 3323 1205 3390 Trinitatis,
1254 3325 1516 3379 animum
1563 3333 1883 3396 ceteraque
1924 3329 2122 3381 omnia

478 3413 802 3480 pervadere.
841 3413 1008 3466 Varia
1042 3413 1175 3467 item
1212 3430 1340 3468 esse
1383 3415 1716 3468 damnonum
1750 3431 1998 3484 genera;
2034 3417 2116 3469 l'e-

474 3501 631 3554 rocia
654 3503 892 3570 quidem
917 3501 1053 3565 alia,
1085 3510 1139 3557 et
1159 3504 1324 3557 valde
1352 3506 1554 3568 noxia;
1585 3504 1697 3558 alia
1722 3521 1853 3559 vero
1881 3506 2114 3561 minus:

472 3606 829 3662 rursumque
861 3591 976 3645 alia
1021 3592 1233 3662 jocosa.
1287 3598 1473 3662 Atque
1523 3593 1614 3647 hic
1669 3593 1818 3647 tertii
1867 3596 1998 3648 linis
2031 3601 2118 3650 est

471 3678 628 3734 libri.
662 3680 875 3736 Sereno
903 3681 1132 3736 interim
1160 3683 1550 3751 promittente,
1585 3683 1980 3752 expositurum
2005 3685 2115 3755 (77)

473 3785 534 3824 se
565 3775 893 3838 opportuno
917 3776 1176 3840 tempore
1200 3776 1346 3841 quod
1374 3774 1684 3842 quaesitum
1715 3772 1931 3828 fuerat:
1969 3774 2111 3828 illud

2232 3149 2320 3201 καὶ
2366 3154 2472 3202 τῶν
2535 3149 2721 3203 ἄλλων
2772 3151 2897 3222 [267
2939 3151 3031 3220 1-1.]
3084 3148 3326 3202 ἁπάντων
3376 3153 3598 3222 χωρεῖν.
3655 3152 3755 3200 Καὶ
3808 3146 3887 3207 ὡς

2232 3235 2464 3311 διάφορα
2514 3243 2651 3317 ιρῦγα
2710 3237 3033 3309 δαιμονίων,
3066 3239 3155 3290 καὶ
3212 3239 3276 3292 τά
3335 3238 3430 3308 μὲν
3488 3235 3662 3292 αὐτῶν
3724 3233 3887 3310 ἄγρια

2229 3331 2315 3380 καί
2365 3329 2644 3382 κακωτικα
2695 3325 2837 3396 λίαν,
2883 3326 2913 3381 ἂ
2945 3325 2993 3381 δ’
3021 3330 3202 3395 ἦττον,
3245 3327 3333 3380 καὶ
3367 3324 3510 3381 ἄλλα
3552 3323 3914 3399 εὖτράπελαη

2229 3418 2321 3476 Oi:
2344 3417 2435 3471 καί
2459 3419 2486 3471 ὁ
2518 3418 2702 3492 τρίτος
2729 3415 3148 3490 σ’δμπληροῦται
3181 3413 3371 3489 λόγος,
3402 3413 3884 3487 ἐπαγγελλομένου

2231 3502 2508 3560 διαλαϐεῖν
2541 3511 2635 3560 τοῦ
2669 3509 2908 3579 Σερῆνου
2941 3505 2992 3558 ἐν
3031 3509 3204 3578 καιρῷ
3234 3505 3322 3557 καὶ
3357 3505 3476 3579 περὶ
3508 3509 3604 3558 τοῦ
3654 3505 3881 3577 ἠρωτη-

2232 3593 2416 3666 μένου,
2453 3595 2584 3670 ὅπερ
2614 3597 2703 3663 ἦν,
2747 3595 2822 3652 Οὐ
2863 3596 2966 3668 γὰρ
2998 3597 3044 3628 4⁸
3092 3593 3232 3649 ἐστιν
3281 3596 3416 3665 ἡμῖν
3461 3595 3495 3663 ἡ
3547 3592 3696 3663 πάλη
3740 3594 3879 3666 πρὸς

2228 3687 2368 3757 αἷμα
2417 3686 2504 3739 καὶ
2549 3687 2738 3759 σάρκα,
2772 3684 2861 3738 καὶ
2914 3686 3057 3756 ἑξῆς.
3112 3684 3360 3744 Λεόντιος
3405 3682 3453 3737 δ’
3499 3683 3566 3750 ἦν
3611 3679 3783 3754 ὄνομα
3832 3683 3879 3718 ⁴⁸

2233 3773 2278 3843 ᾦ
2310 3773 2461 3827 τουτὶ
2501 3774 2562 3826 τό
2594 3773 2775 3846 τρίτον
2809 3771 2996 3844 λόγιον
3023 3772 3422 3849 προσεφωνήθη
3454 3771 3517 3824 ‘6.

471 3859 788 3913 nimirum:
850 3861 967 3916 Non
1017 3865 1095 3915 est
1151 3865 1300 3918 enim
1342 3862 1496 3917 nobis
1551 3862 1863 3919 colluctatio
1915 3864 2175 3920 adversus
2221 3881 2443 3922 carnem
2484 3871 2534 3922 et
2574 3867 2899 3936 sanguinem
2929 3863 2995 3933 ⁹⁴,
3045 3868 3101 3918 et
3149 3879 3270 3934 quae
3302 3865 3645 3933 sequuntur.
3699 3862 3876 3918 Leon-

469 3951 549 4006 tio
583 3951 698 4021 (78)¹
729 3955 923 4006 autem
955 3952 1160 4008 tertius
1193 3953 1284 4009 hic
1318 3954 1550 4010 libellus
1581 3955 1904 4010 dedicatur.

1161 4043 1375 4100 CXCVI
1387 4044 1432 4099 ΙΙ

471 4131 807 4206 Sanctoruni
831 4132 1076 4186 virorum
1127 4133 1290 4206 liber,
1339 4150 1437 4188 seu
1492 4135 1628 4190 Vitae
1669 4139 1982 4190 sanctorum
2024 4136 2120 4206 qui

757 4203 946 4274 Magni
974 4205 1203 4259 Antonii
1231 4209 1474 4275 tempore
1501 4207 1831 4275 ﬂoruerunt.

547 4292 822 4363 Legimus
845 4295 1170 4348 Sanctorum
1204 4294 1449 4350 virorum
1475 4296 1698 4364 librum,
1733 4295 1829 4366 qui
1856 4295 2114 4366 ipsorum

470 4383 587 4438 vita
632 4389 686 4437 et
728 4392 876 4440 recte
927 4387 1077 4440 facta
1131 4388 1423 4456 narrabat,
1471 4389 1540 4443 ad
1582 4386 1944 4457 spiritualem
1983 4387 2115 4453 [uti-

472 4490 584 4546 que
616 4476 959 4548 legentium]
991 4479 1310 4548 profectum
1345 4486 1520 4551 atque
1555 4479 1888 4536 utilitatem.
1926 4480 2112 4550 Epilo-

2231 4475 2380 4529 λειαν
2453 4472 2898 4549 ἀπαγγέλλουσα.

472 4582 567 4620 ma
596 4571 789 4621 autem
822 4572 962 4634 erat,
983 4574 1044 4624 ut
1067 4576 1331 4641 apparet,
1366 4575 1421 4625 et
1444 4571 1882 4640 comprehensio
1913 4569 2114 4641 Magni,

473 4671 645 4725 quem
671 4657 1000 4725 nominant,
1026 4660 1339 4715 Limonarii
1360 4661 1484 4731 [seu
1503 4662 1655 4732 prati
1673 4660 1973 4732 spiritalis]
2002 4677 2116 4731 quo

2962 4041 3128 4118 PLﬁH'.

2230 4132 2469 4210 Ἀνδρῶν
2521 4133 2688 4207 ἁγίων
2740 4127 2966 4198 Βίϐλος,
3007 4131 3041 4200 ἢ
3092 4130 3212 4210 βίοι.
3249 4134 3358 4184 τῶν
3409 4130 3530 4205 περὶ
3581 4130 3868 4185 Ἀντώνιον

2776 4206 2865 4258 τὸν
2900 4202 3101 4278 Μέγαν
3125 4202 3314 4278 ἁγίων.

2300 4297 2635 4369 Ἀνεγνώσθη
2697 4289 2901 4356 Βίϐλος
2960 4291 3165 4366 ἀνδρῶν
3229 4293 3418 4368 ἁγίων,
3491 4289 3768 4350 πολιτείας
3829 4292 3876 4327 ⁴⁷

2226 4385 2314 4439 καὶ
2363 4385 2758 4458 κατορθώματα
2798 4383 2933 4457 πρὸς
2983 4382 3228 4460 ψυχικὴν
3277 4381 3563 4452 προκοπὴν
3604 4377 3692 4434 καὶ
3740 4379 3879 4458 ὠφέ-

2986 4470 3461 4548 Συγκεφαλαίωσις
3531 4466 3576 4523 δ’
3635 4469 3728 4537 ἦν,
3804 4471 3876 4533 ὡς

2229 4559 2392 4629 ἔοικε,
2449 4564 2536 4617 καὶ
2598 4563 2818 4636 σύνοψις
2873 4565 2969 4616 τοῦ
3030 4561 3289 4634 Μεγάλου
3345 4558 3693 4632 καλουμένου
3742 4566 3872 4613 Λει-

2230 4655 2532 4729 μωναρίου,
2563 4656 2592 4710 ’ὁ
2623 4653 2961 4732 ἀπαγγέλλει
2992 4651 3118 4715 τοὺς
3169 4652 3319 4728 βίους
3355 4652 3444 4707 καὶ
3477 4651 3543 4707 τὰ
3588 4646 3722 4726 ἔργα
3769 4655 3873 4707 τῶν

545 4807 594 4844 9³
623 4810 645 4866 I
678 4809 814 4882 Reg.
851 4826 952 4881 m;
993 4813 1116 4868 Act.
1151 4827 1228 4868 x1.
1263 4814 1333 4881 6;
1365 4811 1553 4869 Galat.
1592 4829 1652 4881 ιι,
1683 4815 1736 4867 2.
1773 4812 1816 4848 ⁰⁴
1846 4812 2058 4885 Ephes.
2091 4829 2166 4883 v1,
2204 4815 2289 4869 l2.

1829 4949 2060 5004 VARLE
2101 4946 2516 5004 LECTIONES.

544 5061 596 5096 ³⁹
622 5061 711 5116 καὶ
746 5061 1198 5142 διαμεμορφωται
1225 5082 1341 5122 om.
1516 5068 1559 5105 ⁸ο
1587 5060 1730 5139 ἔχων
1763 5064 1823 5119 τὸ
1855 5063 2177 5137 θελκτήριον
2210 5085 2266 5117 τε
2296 5063 2385 5116 καὶ
2419 5060 2696 5142 ὲπκαγιωγὸν
2843 5133 2857 5142 _
2881 5062 2941 5142 δί’
2961 5055 3182 5142 (sivi-05v
3233 5056 3320 5111 καὶ
3380 5059 3540 5110 τοῦτο
3585 5057 3758 5142 ’συγγε

1597 5129 1734 5191 πού
1765 5137 1835 5210 γά
1875 5142 1892 5207 ]
1936 5129 2144 5206 Εριᾶἑε.
2178 5155 2254 5202 VI,
2293 5138 2374 5190 12.
2455 5134 2500 5168 ⁴⁵
2535 5129 2706 5204 ovo-{aa
2738 5129 2884 5188 'add.
2917 5129 2976 5188 Αξ
3057 5130 3101 5167 ⁴⁶
3151 5139 3280 5202 post
3309 5129 3874 5204 προσεφωνήθῆἱηίΑ

1597 5206 1730 5264 ὅλος
1763 5157 2044 5264 πολιτείας
2077 5229 2134 5263 τε
2165 5206 2341 5263 αὐτῶν
2383 5205 2473 5260 καὶ
2506 5208 2586 5264 ζ’.

473 5131 519 5167 ⁴²
552 5139 770 5206 Σερῖνον

475 5209 636 5261 vacui
672 5224 873 5263 versus
905 5212 955 5264 ii.

964 5135 1010 5172 ⁴³
1035 5135 1202 5207 εἶναι]
1240 5139 1355 5191 imo
1388 5135 1518 5191 ἐστι.

1035 5211 1076 5244 ‘7
1102 5206 1306 5281 ἀνδρῶν
1339 5210 1502 5284 ἁγίων
1537 5206 1730 5282 βίϐλος
1763 5206 1833 5263 πο

3796 5057 3851 5082 ρ-

2507 5208 2567 5232 f-

1883 5205 2044 5270 ίτείας
2077 5229 2134 5263 τε
2165 5206 2341 5263 αὐτῶν
2383 5205 2473 5260 καὶ

2065 5337 2300 5393 NOTAE.

548 5446 660 5522 (Ῐῇ)
692 5449 957 5522 Quinque
990 5453 1093 5506 ista
1116 5452 1303 5522 capita
1335 5459 1567 5509 exstant
1600 5454 1792 5510 Collal.
1824 5471 1880 5511 it.

548 5518 659 5588 (75)
695 5518 1088 5588 Quod—primae
1141 5518 1464 5582 collationis
1518 5537 1603 5582 est
1633 5528 1688 5581 in
1728 5528 1896 5582 hodie
1949 5525 2119 5581 editis

481 5597 911 5656 argumentum.

559 5660 665 5730 (⁷6)
699 5663 965 5718 Serenum
1020 5666 1112 5722 hic
1144 5671 1417 5725 emendo:
1471 5670 1564 5740 qui
1601 5671 1794 5728 Collat.
1839 5688 1937 5739 vn,
1969 5668 2124 5742 apud

2235 5453 2578 5509 Cassianum
2612 5450 2734 5505 hac
2767 5447 3122 5503 declamitat.

2303 5526 2412 5595 (77)
2445 5525 2608 5589 Quod
2642 5528 2699 5578 et
2743 5520 3086 5595 priestitisse
3130 5519 3349 5576 indicat
3387 5532 3509 5588 quae
3541 5515 3612 5570 de
3651 5515 3763 5572 hoc
3793 5532 3877 5571 ar-

2231 5593 2510 5669 gumento
2543 5597 2754 5663 exstat,
2776 5593 2997 5669 _(_Jo_t_tat._
3014 5606 3113 5646 vn.

2306 5668 2415 5741 (78)
2450 5666 2571 5724 Una
2613 5658 2751 5722 cum
2776 5662 3059 5734 Helladio,
3091 5665 3157 5719 ut
3187 5661 3246 5719 in
3285 5660 3461 5718 editis
3489 5658 3751 5738 planum,
