4198 6216
327 343 447 404 669

1398 347 1937 413 BIBLIOTHECA.
1988 385 2060 396 —
2102 350 2329 413 CODD.
2378 351 2490 423 CC,
2540 349 2687 410 CCI.

3609 344 3735 407 6'70

329 475 581 550 γλῶτταν
622 476 670 513 ⁸9
700 495 712 509 ·
748 478 794 532 εἰ
843 474 899 533 δέ
930 498 1035 533 που
1090 481 1217 550 [269
1260 482 1351 552 Η.]
1375 482 1439 536 τὸ
1471 483 1668 560 ἀσαφὲς
1706 483 1980 560 ἐνορᾶται,

2096 492 2292 543 curate
2341 486 2599 557 linguam
2633 484 2963 554 componat.
3005 479 3198 535 Sicubi
3232 494 3363 535 vero
3412 479 3471 533 in
3503 478 3596 533 his
3626 479 3732 533 ob-

326 571 413 638 τῷ
466 564 559 622 διὰ
603 568 848 642 πράξεως
900 569 1027 623 αὐῖά
1082 570 1374 643 πεφυκέναι
1428 571 1645 645 μᾶλλον
1708 580 1984 629 κατανοεῖ-

330 658 451 710 σθαι
501 657 786 737 ἀναχωρεῖ
841 664 942 728 τῆς
992 656 1083 714 διὰ
1138 656 1321 737 λόγων
1364 661 1675 737 ἑρμηνείας,
1723 663 1851 738 οὐχὶ
1906 669 1985 737 τῷ

330 741 618 809 δυσκόλως
644 747 916 821 εἰρῆσθαι.
948 749 1023 804 Τὸ
1064 745 1121 804 δὲ
1167 751 1416 805 τοιοῦτον
1466 752 1569 806 οὐκ
1598 751 1651 807 ἐν
1678 758 1794 815 τοῖς
1836 753 1981 827 εἰρη-

332 834 519 905 μένοις
566 836 732 908 μόνον
777 836 1118 915 ἀναφαίνεται
1160 836 1369 913 λόγοις,
1420 840 1565 895 ἀλλά
1605 842 1694 896 καὶ
1752 842 1804 897 ἐν
1864 847 1982 904 τοῖς

330 924 454 993 ἑξῆς
488 944 502 959 ο
535 924 626 980 καὶ
669 923 797 1000 οὐχί
834 927 987 999 μόνῳ
1017 924 1158 999 τῷδε
1203 933 1283 1001 τῷ
1322 926 1498 1003 ἀνδρὶ,
1529 929 1674 987 ἀλλὰ
1704 935 1749 969 το
1782 936 1980 1007 μικροῦ

332 1018 511 1081 πᾶσιν,
543 1015 631 1075 οἷς
660 1014 992 1086 ἀσκητικοὺς
1039 1017 1244 1089 νόμους
1292 1020 1380 1073 καὶ
1414 1020 1559 1089 πάθη
1597 1020 1684 1075 καὶ
1719 1018 1979 1076 διαθέσεις

335 1102 405 1158 δι’
437 1101 611 1179 ἔργων
669 1105 960 1180 χωρούσας
1019 1106 1387 1185 ἀπαγγέλλειν
1439 1109 1625 1184 γέγονε
1682 1111 1917 1181 σπουδή,
1952 1112 1979 1165 ὁ

330 1195 431 1261 τῆς
496 1193 756 1266 τοιαύτης
799 1194 1061 1275 ἀσαιρείας
1120 1197 1342 1273 ἐνιαχοῦ
1382 1196 1710 1274 σῦμπρόεισι
1753 1200 1977 1275 τρόπος,

331 1283 430 1350 τῆς
460 1280 522 1336 ἐκ
549 1285 591 1320 τι
624 1287 733 1338 τῶν
766 1280 942 1361 ἔργων
982 1283 1157 1340 «tum
1226 1285 1572 1361 ἐπιγνώσεως
1624 1285 1686 1343 οὔ
1732 1310 1784 1344 τι
1835 1288 1983 1363 μάλα

337 1371 671 1447 περγοπόσης
703 1374 798 1435 τὰς
829 1371 919 1428 διὰ
942 1378 1050 1428 τῶν
1099 1374 1359 1450 ῥημάτων
1404 1375 1794 1447 ἐπιδηλώσείς.
1828 1378 1982 1434 Ἀλλ’

337 1458 481 1515 οὕτω
523 1461 617 1534 μὲν
659 1462 783 1537 περὶ
815 1462 1035 1520 τούτου.
1068 1466 1134 1519 Ὅ
1164 1485 1226 1540 γε
1261 1468 1369 1538 μὴν
1402 1463 1448 1520 δ’
1484 1465 1668 1541 λόγος,
1702 1467 1776 1530 εἰς
1809 1468 1979 1523 τύπον

334 1546 655 1622 ἐρωτήσεως
695 1551 787 1604 καὶ
855 1551 1195 1628 ἀποκρίσεως
1237 1553 1738 1632 ἐσχηματισμένος,
1773 1554 1984 1612 δείκνυ-

334 1657 415 1692 σιν
457 1638 534 1700 ὼς
590 1639 655 1694 τὸ
722 1641 995 1715 σωτήριον
1068 1642 1349 1717 βάπτισμα
1397 1645 1498 1713 τὴν
1546 1644 1855 1715 ἐλευθερίαν
1892 1644 1981 1701 καὶ

330 1727 421 1782 τὸν
472 1729 811 1802 καθαρισμὸν
861 1734 970 1784 τῶν
1019 1731 1431 1807 ἁμάρτημάτων
1507 1739 1782 1808 μυστικῶς
1846 1737 1981 1808 ἡμῖν

2094 575 2343 631 scuritas
2373 576 2567 645 aliqua
2597 574 2868 640 cernitur,
2903 571 3030 627 ideo
3063 568 3338 624 nimirum
3373 572 3446 624 ab
3485 584 3572 636 ea,
3605 584 3733 640 quae

2095 681 2195 735 per
2218 664 2391 719 verba
2421 663 2486 718 ﬁt
2513 661 2714 734 [clara]
2744 659 3126 732 explicatione
3158 658 3395 726 recedit,
3426 657 3580 728 quod
3613 657 3734 713 haec

2087 754 2374 825 ejusmodi
2408 756 2545 819 sint,
2573 756 2639 807 ut
2670 767 2772 823 per
2801 750 3085 806 actionem
3118 748 3307 821 ipsam
3363 748 3731 820 potissimum

2088 842 2307 915 percipi
2329 842 2594 909 debeant,
2628 858 2742 897 non
2774 841 2931 911 quod
2959 838 3274 895 difﬁculter
3302 838 3506 894 eadem
3538 837 3735 907 expri-

2089 934 2168 987 mi
2198 933 2455 989 oratione
2486 929 2710 1003 possint
2758 930 2916 995 Quod
2944 946 3057 985 non
3080 928 3138 984 in
3174 928 3331 983 hisce
3352 927 3544 982 solum
3566 925 3734 982 libris

2090 1039 2199 1079 usu
2232 1023 2403 1090 venit,
2436 1020 2539 1077 sed
2595 1026 2652 1075 et
2701 1019 2762 1074 in
2820 1018 2952 1074 aliis
3008 1019 3282 1090 deinceps
3332 1017 3732 1088 sequentibus.

2089 1114 2233 1177 Quin
2269 1127 2456 1182 neque
2486 1111 2545 1165 in
2577 1110 2687 1165 hoc
2708 1112 2985 1165 duntaxat
3007 1109 3310 1180 scriptore,
3330 1123 3531 1163 verum
3556 1106 3732 1162 etiam

2088 1202 2149 1257 in
2181 1200 2452 1257 omnibus
2487 1200 2667 1255 ferme
2697 1199 2787 1266 iis,
2817 1199 2914 1270 qui
2949 1199 3020 1254 de
3049 1198 3313 1253 asceticis
3339 1194 3651 1264 institutis,
3677 1198 3736 1251 et

2090 1294 2158 1347 de
2191 1290 2730 1362 perturbationibus
2780 1295 2956 1361 atque
3003 1287 3430 1355 aﬂ‘ectionibus,
3476 1303 3601 1358 quae
3635 1301 3736 1357 per

2091 1384 2217 1454 ipsa
2249 1383 2653 1453 producuntur
2671 1397 2870 1453 opera,
2891 1380 3099 1437 docere
3120 1379 3339 1451 aliquid
3362 1380 3732 1445 studuerunt,

2090 1472 2373 1541 ejusmodi
2408 1471 2783 1528 obscuritatis
2801 1470 3005 1525 vitium
3028 1468 3244 1525 alicubi
3268 1468 3587 1532 invenitur;
3608 1482 3735 1538 quas

2090 1562 2248 1617 enim
2288 1577 2357 1617 ex
2387 1560 2533 1632 ipsis
2572 1564 2658 1614 est
2698 1559 2975 1628 operibus
3013 1562 3284 1630 percepta
3313 1556 3587 1628 cognitio,
3621 1571 3735 1611 non

2091 1667 2279 1723 usque
2310 1650 2453 1707 adeo
2486 1649 2673 1706 verbis
2719 1649 2993 1720 explicari
3036 1652 3307 1705 contenta
3334 1651 3442 1702 est.
3476 1646 3582 1701 Sed
3615 1645 3737 1701 haec

2091 1739 2390 1797 hactenus.
2432 1739 2684 1803 Quartus
2728 1754 2897 1810 porro
2930 1738 3075 1794 liber
3103 1736 3517 1808 interrogantis
3560 1738 3739 1808 atque

335 1816 629 1892 ἐχαρίσατο
671 1820 718 1854 ⁷³
757 1818 848 1873 καὶ
889 1820 990 1890 τήν
1050 1822 1211 1898 χάριν
1280 1828 1378 1878 τοῦ
1426 1823 1696 1901 παναγίου
1752 1824 1977 1898 ἐνῴκισε

2095 1830 2492 1902 respondentis
2507 1829 2692 1884 forma
2704 1845 2830 1884 com
2840 1829 3257 1900 positus,docet
3269 1825 3629 1882 salutiferum
3647 1825 3742 1880 ba-

338 1904 800 1980 Πνε·5ματος,καὶ
859 1911 1070 1964 τοιαῦθ’
1124 1907 1304 1987 ἕτερα.
1340 1916 1401 1970 Ὀ
1460 1909 1517 1968 δὲ
1574 1917 1614 1969 ε’
1664 1912 1981 1970 διαπλάττει

334 1998 426 2051 τὸν
470 2000 596 2050 νοῦν
647 1998 784 2072 πρὸς
840 1999 941 2068 τήν
992 2000 1195 2055 οῗκείαν
1262 2003 1446 2077 ψυχὴν
1499 1999 1820 2077 συμϐουλὴν
1865 2007 1981 2060 οῖον

335 2084 808 2157 ἀνακοινούμενον,
842 2083 912 2141 δι’
940 2090 1008 2157 ἧς
1049 2088 1148 2143 οὐκ
1195 2088 1401 2156 ἄλλους
1450 2093 1676 2163 αἰτίους,
1727 2092 1854 2149 ἀλλ’
1892 2096 1985 2150 αὖ·

333 2174 460 2235 τοὺς
513 2175 664 2244 ἡμᾶς
714 2179 823 2230 τῶν
863 2176 1332 2252 ἁμαρτανομένων
1377 2180 1752 2261 ἀποφαίνεται.
1808 2184 1909 2239 Καὶ
1956 2183 1984 2237 ὁ

338 2263 416 2336 ς’
449 2259 508 2318 δὲ
537 2262 616 2325 εἷς
639 2260 896 2340 διάλογον
926 2259 1733 2349 σχηματίζεται,σχολαστικὸν
1755 2271 1983 2349 εἰσάγων

332 2352 457 2407 τινά
495 2354 631 2428 πρὸς
681 2354 899 2430 Μάρκον
936 2356 1099 2413 αὐτὸν
1146 2356 1558 2437 διαλεγόμενον,
1590 2363 1664 2416 ὧν
1704 2363 1774 2417 τὰ
1820 2363 1981 2441 κεφά·

338 2444 472 2501 λαια
509 2447 590 2503 ὅτι
639 2444 724 2502 δεῖ
780 2447 1136 2525 ἀδικούμενον
1190 2454 1266 2526 μὴ
1300 2452 1596 2527 ἀμύνεσθαι
1639 2454 1780 2529 μηδὲ
1817 2477 1984 2512 κατα-

338 2535 537 2610 κρίνειν
600 2538 725 2600 τοὺς
783 2537 1123 2612 ἀδικοῦντας,
1172 2541 1299 2598 ἀλλ’
1363 2540 1515 2599 ἰδίων
1571 2545 1982 2620 ἁμαρτημάτων

340 2624 645 2701 εἰσπράξεις
694 2629 939 2703 ἡγεῖσθαι
987 2630 1083 2694 τὰς
1119 2628 1169 2703 ἐξ
1216 2632 1409 2708 ἑτέρων
1459 2636 1595 2707 ⁵ἡμῖν
1652 2633 1985 2713 ἐπιφερομέ-

341 2735 435 2775 νας
474 2717 520 2751 ’⁵³
558 2715 816 2790 ἐπηρείας
855 2736 869 2750 ’
900 2717 991 2773 καὶ
1035 2717 1117 2773 ὅτι
1152 2718 1396 2795 χαλεπὸν
1428 2725 1463 2792 ἡ
1516 2723 1982 2800 ἀνθρωπραεσκία,

338 2803 427 2859 καὶ
488 2805 562 2867 ὡς
595 2803 676 2861 δεῖ
703 2808 901 2869 παντὸς
934 2814 1249 2883 σωματικοῦ
1281 2804 1436 2886 ἔργου
1477 2813 1676 2886 πολλῷ
1721 2818 1801 2885 τῷ
1837 2813 1985 2888 μέσῳ

337 2894 437 2964 τήν
492 2897 812 2970 προσευχὴν
867 2898 1209 2971 προτάττειν,
1242 2900 1330 2954 ναὶ
1389 2901 1442 2956 τί
1499 2898 1610 2956 ἐστι
1662 2902 1725 2957 τὸ
1766 2900 1987 2977 θέλημα

336 2990 435 3053 τῆς
478 2985 697 3058 σαρκός.
729 2986 787 3039 Ὀ
822 2983 878 3041 δὲ
910 2992 970 3057 ζ’,
1013 2987 1114 3042 οὐκ
1142 2987 1219 3049 εἷς
1250 2990 1317 3044 τὰ
1345 2994 1451 3044 τῶν
1501 2991 1763 3065 ῥημάτων
1816 2991 1984 3064 ἀμοι-

337 3069 466 3128 ϐαῖα
523 3074 572 3110 7‘
630 3070 1078 3151 διατυπούμενος,
1119 3079 1245 3154 περὶ
1297 3081 1545 3150 νηστείας
1603 3078 1984 3154 διαλαμϐάνει.

336 3164 392 3217 '0
450 3160 507 3218 δὲ
565 3169 637 3234 η’,
668 3165 925 3239 Νικολάῳ
976 3167 1085 3222 τινὶ
1147 3173 1381 3244 μοναχῶ
1441 3172 1844 3247 γεγραμμένος,
1875 3172 1985 3227 τίσι

343 3250 582 3326 μάλιστα
610 3254 920 3328 κοιμίζεται
948 3258 995 3293 ⁷⁵
1034 3257 1207 3330 θυμὸς
1252 3260 1341 3313 καὶ
1384 3259 1517 3335 ὀργή
1559 3261 1594 3331 ἢ
1652 3261 1742 3315 καὶ
1799 3259 1986 3318 τέλεον

336 3347 704 3419 καταργεῖται,
756 3342 1120 3417 ἀναδιδάσκει,
1160 3348 1251 3402 καὶ
1291 3347 1429 3403 τίσιν
1470 3351 1506 3419 ἡ
1557 3351 1783 3425 σαρκίνη
1865 3349 1985 3406 ἐπι-

336 3432 524 3505 θυμία.
555 3436 729 3489 Ταῦτα
763 3436 882 3507 μὶν,
915 3436 960 3490 εἷ
999 3437 1086 3491 καὶ
1147 3438 1284 3492 κατὰ
1321 3439 1385 3493 τὸ
1436 3437 1651 3513 μᾶλλον
1688 3441 1779 3495 καὶ
1818 3440 1983 3510 ἧττον

336 3520 609 3592 ἀλλήλων
643 3520 983 3603 διαφέροντα,
1017 3524 1173 3599 ὅμως
1214 3526 1291 3589 εἷς
1347 3528 1446 3596 τὴν
1493 3531 1793 3605 πρακτικὴν
1832 3549 1986 3605 χειρ-

340 3616 547 3686 αγωγεῖ
575 3609 902 3691 φιλοσοφίαν
938 3615 1006 3669 τά
1035 3614 1178 3669 ὀκτὼ
1218 3616 1266 3651 7°
1309 3620 1416 3671 τῶν
1471 3615 1700 3694 λογίων.
1732 3618 1788 3673 '0
1829 3616 1885 3673 δὲ
1916 3621 1983 3687 θ’,

343 3701 480 3755 κατὰ
530 3698 1004 3778 Μελχισεδεκιτῶν
1061 3704 1489 3780 ἀγωνιζόμενος,
1550 3704 1705 3762 οὐδὲν
1763 3704 1988 3763 ἔλαττον

339 3790 429 3844 τὸν
463 3791 869 3864 γεννησάμενον
925 3794 1091 3848 αὑτὸν
1133 3793 1387 3869 αἱρέσεως
1417 3792 1609 3873 ἔνοχον
1639 3795 1700 3852 οὐ
1754 3816 1987 3873 μετριω-

340 3879 499 3955 τέρας
557 3878 868 3949 στηλιτεόει
902 3901 915 3914 ·
974 3881 1124 3953 πλὴν
1181 3888 1258 3955 τῷ
1314 3905 1376 3960 γε
1439 3887 1609 3960 θηρᾷν
1648 3886 1986 3961 πανταχόθεν

338 3966 609 4043 ἐφιεμένῳ
646 3971 709 4025 τὸ
764 3972 1067 4047 χρήσιμον,
1098 3972 1203 4028 οὐκ
1239 3973 1537 4044 ἀωντελής
1584 3976 1737 4048 αὐτῷ
1786 3972 1901 4030 οὐδ’
1949 3978 1984 4046 ἡ

339 4056 398 4112 ἐκ
452 4059 653 4114 τούτοὺ
715 4060 1017 4134 ἀνάγνωσις
1060 4059 1229 4118 ἔσται.
1264 4064 1374 4131 Τήν
1417 4061 1474 4118 δὲ
1525 4068 1634 4120 τῶν
1682 4065 1985 4139 εἰρημένων

340 4145 526 4222 λόγων
574 4149 722 4220 τάξιν
765 4150 827 4204 οὗ
867 4150 1042 4207 πάντα
1078 4153 1143 4207 τὰ
1178 4153 1481 4230 ἀντίγραφα
1517 4155 1614 4222 τήν
1650 4153 1816 4222 αὐτὴν
1869 4152 1984 4209 δια-

339 4237 524 4307 σώζει,
556 4235 701 4293 ἀλλά
760 4236 875 4295 ἔνια
909 4241 1004 4313 μὲν
1044 4244 1088 4278 ⁷⁷
1118 4241 1429 4318 προτάττει,
1459 4240 1606 4297 ἄλλα
1646 4240 1703 4299 δὶ
1760 4244 1989 4299 ὑποτάτ-

2012 3033 2064 3099 0

2086 1920 2461 1989 ptisma,cum
2479 1917 2881 1975 liberationem
2895 1917 3399 1989 expiationemque
3416 1915 3729 1971 criminum

2091 2008 2333 2079 mystice
2356 2008 2526 2064 nobis
2547 2006 3005 2072 contulisse,tum
3024 2007 3211 2063 sancti
3230 2006 3479 2078 Spiritus
3491 2005 3737 2075 gratiam

2090 2098 2415 2155 infudisse:
2449 2097 2697 2170 163(a)
2721 2101 2778 2153 et
2798 2097 2854 2152 id
2887 2112 3068 2169 genus
3099 2095 3501 2160 alia.Quintus
3532 2094 3740 2151 deinde

2096 2188 2312 2244 mentis
2343 2187 2503 2243 velut
2523 2187 3033 2254 consultationem,
3058 2201 3189 2242 cum
3213 2184 3522 2257 suaipsius
3546 2182 3741 2239 anima

2091 2276 2166 2331 ita
2197 2276 2443 2347 inducit,
2465 2284 2530 2332 ut
2561 2293 2666 2332 nos
2697 2276 2855 2346 ipsos
2887 2279 3156 2332 auctores
3179 2290 3308 2330 esse
3338 2278 3731 2345 peccatorum,

2093 2382 2210 2421 non
2239 2382 2372 2422 vero
2402 2365 2460 2420 in
2492 2365 2638 2421 alios
2662 2366 2891 2432 culpam
2914 2364 3734 2432 conferendam,damonstret.

2092 2454 2304 2510 Sextus
2334 2458 2527 2511 autem
2567 2455 2788 2526 dialogi
2819 2455 3003 2510 forma
3032 2453 3418 2523 conscriptus,
3452 2467 3564 2524 quo
3595 2467 3739 2506 cau-

2093 2546 2315 2603 sidicus
2339 2546 2580 2619 quidam
2612 2563 2743 2603 cum
2766 2548 2953 2603 Marco
2975 2545 3103 2617 ipso
3123 2545 3418 2601 disserens
3441 2542 3741 2597 inducitur

2092 2638 2458 2707 tractanlque
2481 2635 2603 2691 haec
2637 2636 2753 2691 fere
2783 2635 2973 2707 capita
3005 2652 3018 2691 :
3052 2634 3160 2699 Qui
3190 2632 3469 2700 iniuriam
3503 2645 3741 2701 accepe-

2094 2725 2188 2794 rit,
2215 2723 2418 2780 ulcisci
2474 2740 2590 2780 non
2647 2725 2876 2793 debere,
2909 2739 3016 2779 nec
3077 2723 3219 2777 adeo
3278 2720 3411 2776 illos
3442 2720 3738 2781 damnare,

2093 2811 2196 2882 qui
2228 2812 2509 2882 injuriam
2546 2811 2806 2881 fecerint,
2838 2828 2970 2867 cum
3005 2826 3305 2883 pmnarum
3338 2809 3412 2865 sit
3443 2808 3639 2881 potius
3668 2807 3739 2862 de

2094 2898 2347 2971 peccatis
2396 2900 2612 2956 nostris
2669 2900 2989 2970 reputanda
3041 2897 3283 2963 exactio,
3314 2911 3439 2967 quas
3489 2893 3561 2949 ab
3607 2891 3738 2948 aliis

2093 2988 2263 3043 nobis
2283 2987 2610 3044 inferantur
2630 2988 2882 3059 injuriae.
2906 2987 3149 3042 Difﬁcile
3165 3001 3397 3057 quoque
3413 2999 3536 3039 esse
3556 2981 3741 3038 homi-

2096 3077 2273 3134 nibus
2313 3077 2556 3149 placere.
2584 3078 2980 3134 Precationem
3013 3076 3224 3132 dehinc
3255 3074 3581 3145 cuicunque
3611 3088 3742 3128 cor-

2098 3168 2284 3241 porali
2314 3169 2473 3239 operi
2504 3169 2678 3241 longo
2729 3182 2857 3225 esse
2905 3165 3205 3222 intervallo
3247 3162 3689 3236 praaponendam
3723 3176 3737 3215 :

2098 3263 2153 3314 et
2184 3274 2310 3329 quas
2337 3258 2413 3313 sit
2443 3258 2696 3329 denique
2729 3256 2924 3314 carnis
2946 3256 3238 3311 voluntas.
3273 3252 3567 3325 Septimus
3597 3249 3745 3305 liber

2097 3349 2238 3418 [non
2278 3363 2379 3419 per
2403 3346 2702 3419 dialogum
2734 3343 3012 3419 scriptus]
3034 3345 3103 3400 de
3139 3342 3366 3415 jejunio
3393 3340 3534 3413 agit.
3567 3340 3745 3395 Octa-

2094 3453 2203 3493 vus
2232 3437 2466 3492 tandem
2519 3436 2753 3492 Nicolao
2799 3434 3034 3491 cuidam
3077 3431 3363 3489 monacho
3400 3429 3739 3501 inscriptus,

2097 3527 2315 3599 quibus
2342 3526 2719 3598 potissimum
2745 3525 2830 3581 ira
2860 3542 2926 3581 ac
2951 3525 3115 3581 furor
3144 3522 3323 3578 animi
3347 3519 3633 3592 sopiatur,
3652 3518 3743 3573 vel

2098 3618 2272 3672 etiam
2324 3616 2555 3687 penitus
2587 3614 2847 3683 tollatur,
2881 3622 2937 3669 et
2965 3613 3179 3684 quibus
3206 3611 3385 3666 etiam
3417 3608 3611 3665 carnis
3640 3622 3738 3662 ex-

2098 3705 2432 3778 stinguatur
2460 3703 2951 3776 concupiscentia,
2985 3700 3324 3763 edocet.Qui
3367 3697 3598 3768 quidem
3618 3698 3744 3749 octo

2096 3793 2253 3862 libri,
2291 3795 2398 3850 etsi
2423 3794 2556 3866 plus
2586 3794 2857 3849 minusve
2879 3792 2993 3847 sint
3025 3791 3178 3846 inter
3198 3804 3261 3844 se
3283 3786 3515 3853 diversi,
3539 3796 3744 3839 omnes

2098 3886 2295 3940 tamen
2328 3885 2395 3938 ad
2445 3888 2779 3954 operantem
2829 3879 3178 3952 sapientiam
3211 3877 3379 3949 quasi
3422 3889 3596 3930 manu
3632 3872 3745 3925 du-

2098 3979 2256 4027 cunt.
2284 3971 2538 4028 Accessit
2591 3976 2645 4028 et
2695 3987 2887 4026 nonus
2918 3969 3083 4036 liber,
3118 3984 3231 4040 quo
3270 3969 3410 4023 dum
3461 3964 3744 4019 adversus

2098 4061 2591 4119 Melchisedecitas
2635 4060 2746 4131 (87)
2791 4058 3110 4130 depugnat,
3144 4055 3325 4112 nihilo
3365 4053 3599 4110 interim
3630 4051 3743 4106 mi-

2099 4168 2211 4207 nus
2244 4150 2299 4205 in
2328 4149 2524 4222 ipsum
2558 4153 2859 4222 parentem
2897 4163 3092 4214 suum,
3129 4145 3364 4202 haeresis
3393 4143 3572 4213 hujus
3610 4140 3743 4197 labe

2098 4245 2586 4310 contaminatum,
2627 4240 2999 4297 vehementer
3041 4238 3338 4295 invehitur
3370 4253 3384 4291 :
3414 4236 3515 4309 qui
3546 4239 3744 4291 tamen

338 4337 414 4381 τει
449 4326 525 4387 ὥς
555 4346 671 4382 τινα
708 4328 799 4383 καὶ
831 4330 929 4398 τήν
964 4328 1201 4406 ἐσχάτην
1242 4336 1360 4394 τοῖς
1405 4332 1647 4409 πρώτοις
1694 4332 1983 4407 ἀπονέμειν

2102 4333 2412 4390 utilitatem
2448 4333 2709 4404 undique
2736 4330 3086 4402 investigare
3115 4327 3422 4394 desideret,
3454 4326 3554 4382 ille
3582 4340 3654 4381 ne
3682 4324 3747 4381 in

340 4415 530 4492 χώραν
567 4419 636 4475 τ’,

2095 4423 2204 4480 hoc
2236 4422 2472 4495 quidem
2508 4421 2744 4492 legendo
2775 4435 3009 4492 operam
3040 4418 3222 4475 ludet.
3254 4416 3407 4472 Ordo
3433 4432 3572 4475 vero
3605 4415 3748 4471 isto-

343 4523 473 4564 rum
504 4506 789 4565 librorum
843 4527 959 4568 non
992 4511 1150 4570 idem
1181 4511 1241 4568 in
1274 4512 1550 4571 omnibus
1607 4517 1696 4571 est
1725 4513 2026 4572 codicibus
2053 4528 2067 4569 :
2101 4512 2218 4569 alia
2246 4513 2401 4568 enim
2451 4510 2689 4583 quidam
2747 4511 3113 4582 praponunt,
3146 4506 3262 4564 alia
3290 4505 3631 4577 subjiciunt.
3684 4508 3750 4559 ut

345 4596 554 4668 primis
602 4596 778 4655 etiam
802 4598 986 4671 aliqui
1019 4605 1348 4659 extremum
1379 4603 1641 4660 tribuant
1668 4603 1885 4661 locum.

1100 4694 1220 4750 ΣΑ’.

342 4774 623 4860 Διάδόχομ
681 4778 1054 4860 Φωτικῆς-ἐν
1104 4784 1174 4855 τῇ
1233 4780 1707 4860 παλαιᾷλΗπείρῳ
1764 4783 1988 4860 ἐπισκό-

414 4850 556 4932 gron"
581 4850 698 4927 ὅροι
753 4854 831 4932 ι’ῌ·
881 4850 972 4932 καῖ
1029 4850 1296 4932 ἀσκητικᾶ
1330 4850 1601 4932 κεφάλαια
1631 4850 1715 4932 ’ρῖ
1766 4889 1831 4900 —
1865 4856 1986 4912 Νεί-

414 4919 532 5004 λου.
581 4919 1079 5004 μίοναχσῦ--Λόγος,
1129 4919 1221 5004 tv“
1238 4919 1564 5004 κεφαλαίοις
1616 4919 1745 5004 ρνγ’.
1781 4962 1846 4972 -
1888 4928 1986 4984 Καὶ

412 4995 667 5051 Ἰωάννου
697 4995 794 5051 τοῦ
833 4995 1147 5071 Καρπαθίου
1180 4995 1621 5074 Παράκλητικόςζ

417 5084 547 5155 [524
594 5085 687 5157 R.]
726 5084 1064 5161 Ἀνεγνώσθη
1108 5081 1328 5161 βιϐλίον
1373 5093 1490 5151 τοῖς
1549 5087 1837 5163 ἑπομένοις
1893 5090 1985 5162 μὲν

2855 4692 2988 4749 CCI.

2095 4783 2365 4843 Diadochi
2419 4784 2663 4840 Pholicse
2719 4780 2919 4839 veteris
2974 4777 3159 4851 Epiri,
3187 4775 3353 4851 enisa.
3386 4774 3741 4851 Deﬁnitionis:

2166 4874 2220 4913 x.
2255 4864 2307 4913 et
2349 4856 2538 4927 Capita
2585 4871 2639 4911 α.
2673 4885 2742 4896 --
2786 4853 2907 4927 Nili
2943 4846 3315 4927 m6n9_clzi_'De
3359 4846 3611 4927 craticne
3641 4861 3740 4901 ca-

2164 4931 2283 5001 pila
2304 4916 2460 4984 cmi.
2493 4957 2562 4970 -—
2588 4926 2825 4983 Joannis
2856 4920 3150 4996 Carpathii
3182 4916 3612 4978 Consolatorius.

2168 5089 2300 5162 Legi
2334 5089 2597 5147 libellum
2630 5089 2741 5161 (88)
2771 5087 2832 5144 in
2862 5102 2997 5160 quo,
3038 5088 3169 5158 post
3197 5086 3399 5141 decem
3432 5077 3743 5138 admedum

1698 5188 1937 5244 VARI/E
1974 5189 2395 5246 LECTIONES.

414 5279 463 5361 {9
512 5281 809 5361 γλῶσσαν.
828 5282 951 5361 ς’...
986 5284 1033 5321 ⁷⁰
1077 5281 1224 5361 ἀλλὰ
1273 5284 1482 5361 καὶᾼμ.
1516 5286 1720 5361 ςπ-τι
1752 5291 1876 5361 Δ’τῆς
1924 5283 1970 5361 δ’
2026 5284 2086 5361 ἐκ
2308 5286 2364 5361 ’⁷³-
2415 5285 2706 5361 ἐχαρίσατο
2754 5286 2888 5358 ἡμῖν

3081 5282 3128 5318 ⁷³
3157 5275 3550 5355 ἐπιφερομένας
3566 5277 3741 5355 ημῖν..

340 5353 388 5389 ⁷⁴
417 5344 713 5436 ἀμείϐονται
747 5344 867 5436 gs.
982 5356 1289 5436 κοιμίζεται
1323 5344 1560 5436 μάλιστᾶ
1718 5431 1729 5436 Δ
1751 5356 1797 5394 ⁷⁸
1823 5344 1889 5413 τὰ
1922 5356 2068 5414 ὀκτὼ
2096 5344 2203 5415 τιῖῖν
2238 5344 2606 5436 λογίωνμρὸει
2653 5344 2810 5430 ὅμως
2859 5344 3020 5429 ponit
3047 5358 3115 5414 A.
3192 5353 3237 5388 ⁷⁷
3263 5344 3272 5355 ’
3297 5344 3401 5426 μὲν
3449 5356 3505 5409 et
3559 5344 3651 5408 25.
3684 5344 3741 5402 δὲ

342 5442 460 5484 om.
493 5434 563 5485 Δ.
640 5427 689 5465 ⁷⁸
720 5427 851 5502 post
882 5427 1156 5504 χώρανὶη
1190 5432 1237 5487 Α
1266 5427 1469 5489 versus
1495 5432 1531 5487 5
1569 5427 1754 5489 vacui.

1954 5538 2181 5599 NOTAE.

413 5637 628 5714 (8’7)‘De
658 5640 909 5714 quibus,
928 5655 998 5697 ex
1016 5643 1272 5714 veterum
1294 5641 1538 5714 scriptis
1569 5641 1736 5714 plura
1765 5643 1986 5701 cardiu.

413 5658 526 5709 tot)
552 5658 628 5696 ue
658 5658 897 5712 quibus,
928 5658 998 5697 ex
1016 5658 1272 5697 veterum
1304 5658 1538 5714 scriptis
1611 5658 1619 5698 l

343 5707 649 5775 Batonius,
685 5719 826 5769 tom.
863 5713 936 5783 II,
970 5713 1039 5769 ad
1073 5729 1210 5771 ann.
1244 5712 1465 5771 Christi
1497 5658 1619 5771 19g.

2177 5643 2290 5717 (88)
2329 5643 2399 5700 Et
2426 5642 2609 5717 exstat
2634 5656 2692 5717 Aa
2718 5642 2919 5717 nostro
2966 5638 3171 5717 Franc.
3211 5634 3497 5694 Turriano
3544 5632 3746 5692 Latine

2104 5710 2336 5783 versus,
2368 5719 2426 5772 et
2456 5713 2607 5786 typis
2632 5710 3017 5769 Plantinianis
3047 5710 3187 5768 olim
3219 5724 3491 5768 excusus.
