4198 6216
464 342 577 402 671

1660 341 1922 400 PHOTll
1975 340 2500 400 PATRIARCHzE
2543 340 2658 400 ΟΡ.

3747 344 3872 403 672

465 471 732 541 prommii
784 473 988 542 capita,
1039 475 1275 528 centum
1337 479 1661 543 sequuntur
1703 472 1833 539 alia,
1891 472 2104 544 quibus

2225 469 2535 547 κεφαλαίοις
2572 475 2616 544 ρ’
2648 463 3102 544 ἀπαρτιζόμενον,
3137 477 3252 532 τοῖς
3295 473 3368 532 ὡς
3419 473 3467 507 79
3506 471 3557 527 ἐν
3588 475 3877 548 προοιμίῳ

466 564 624 614 totus
649 561 1233 616 absolvitur.lllorum
1263 561 1516 632 primum
1547 561 1676 615 ﬁdei
1699 561 2104 616 estdeﬁnitio:

471 650 795 720 Conceptus
826 651 1156 721 [nimirum]
1190 655 1400 706 mentis
1423 652 1492 705 de
1525 651 1639 706 Deo
1673 651 1995 706 affectionis
2018 668 2112 704 ex-

467 753 614 806 pers.
647 738 905 791 Alterum
940 739 1074 792 dein
1105 738 1363 792 deﬁnitio
1396 740 1516 809 spei
1553 756 1566 794 :
1601 739 1866 809 Egressio
1901 741 2112 794 mentis

467 825 538 880 ad
585 841 651 879 ea
709 842 834 895 quas
873 832 1196 896 sperantur.
1252 827 1523 894 Tertium,
1568 828 1860 899 patientiae
1905 828 2109 882 defini-

468 913 548 969 tio
585 931 597 968 :
643 915 850 970 Mentis
897 917 1078 971 oculis
1108 917 1338 988 [Deum]
1374 917 1747 984 invisibilem,
1782 917 2019 987 perinde
2050 932 2114 971 ac

467 1002 516 1058 si
549 1002 796 1058 visibilis
827 1013 981 1060 esset
1011 1005 1314 1073 intuendo,
1351 1007 1430 1062 ita
1459 1006 1854 1062 indesinenter
1885 1006 2109 1061 durare.

465 1093 774 1161 Quartum,
807 1095 1069 1151 deﬁnitio
1103 1095 1426 1151 affectionis
1459 1097 1702 1152 minime
1731 1113 1935 1151 averte.
1967 1097 2109 1150 Tam

464 1197 587 1236 esse
620 1183 944 1238 animatum
991 1187 1057 1240 ad
1093 1202 1204 1239 non
1241 1186 1571 1240 habendum
1597 1202 1770 1258 quam
1794 1185 1942 1240 alius
1963 1186 2115 1254 quis-

468 1270 628 1340 piam
659 1271 728 1325 ad
754 1271 1104 1334 habendum.
1123 1274 1704 1342 Quintum,deﬁnitio
1725 1275 2112 1346 cognitionis:

465 1359 733 1429 Seipsum
773 1362 1016 1428 nescire,
1049 1367 1209 1417 extra
1241 1380 1300 1418 se
1326 1365 1577 1436 positum
1603 1365 1658 1418 in
1689 1369 1819 1418 Deo.
1854 1364 2113 1428 Sextum,

471 1447 821 1504 humilitatis
844 1450 1102 1507 deﬁnitio
1123 1453 1440 1507 :Continua
1459 1453 1671 1508 oblivio
1695 1470 1936 1508 suorum
1962 1459 2118 1508 recte

471 1536 778 1592 factorum.
803 1542 1149 1609 Septimum,
1175 1543 1432 1596 deﬁnitio
1464 1543 1766 1597 vacuitatis
1792 1543 1886 1595 ira:
1915 1542 2115 1597 :vehe-

469 1641 633 1681 mens
667 1627 1022 1683 desiderium
1051 1647 1163 1684 non
1187 1630 1498 1688 irascendi.
1523 1632 1822 1696 Octavum,
1849 1632 2116 1685 castimo-

465 1714 614 1771 niaa:
649 1716 867 1772 Sensus
906 1734 1130 1790 semper
1165 1720 1275 1774 Deo
1307 1721 1539 1776 afﬁxus.
1574 1720 1826 1787 Nonum,
1853 1721 2005 1774 I63
2035 1721 2112 1791 (ὁ)

2219 556 2275 612 δὲ
2331 560 2421 613 τὸν
2481 557 2607 613 δέκα
2648 559 2754 633 οὐχ
2813 556 3248 634 ὑπερϐαίνουσιν,
3317 561 3390 614 ὧν
3451 563 3671 636 πρῶτόν
3728 562 3876 618 ἐστιν

2219 647 2292 707 ὡς
2342 653 2556 720 πρῶτος
2625 650 2749 722 ὅρος
2817 656 2916 717 τῆς
2990 649 3222 710 πίστεως
3290 646 3469 704 ἔννοια
3544 657 3670 726 περί
3740 657 3882 707 Θεοῦ

2220 737 2453 804 ἀπαθής,
2598 738 2671 798 ὡς
2733 737 2982 811 δεύτερος
3027 739 3155 811 ιὅρος
3194 744 3291 806 τῆς
3346 737 3572 801 ἐλπίδος
3636 738 3883 814 ἐκδημία

2221 828 2318 878 τοῦ
2346 829 2443 878 νοῦ
2474 826 2608 900 πρὸς
2651 828 2719 880 τὰ
2757 826 3112 898 ἐλπιζόμενα,
3147 830 3197 902 γ’
3229 827 3355 900 ὅρος
3397 828 3496 896 τῆς
3567 829 3882 900 ὑπομονῆς,

2219 915 2310 968 τὸν
2369 913 2595 986 ἀόρατον
2657 916 2732 974 ὡς
2783 917 2977 988 ὁρατὸν
3039 917 3246 989 ὁρῶντα
3301 921 3418 977 τοῖς
3483 923 3584 986 τῆς
3635 915 3886 979 διανοίας
3960 941 3969 948 ο

2224 1001 2532 1080 ὀφθαλμοῖς
2564 1001 2931 1065 ἂδιαλειπτως
2979 1009 3282 1078 καρτερεῖν,
3327 1002 3373 1058 δ’
3417 1006 3544 1078 ὅρος
3573 1013 3672 1074 τῆς
3718 1006 3889 1085 ἄφιλ-

2223 1093 2501 1167 αργυρίας,
2533 1091 2705 1152 οὕτως
2745 1091 2890 1166 ἔχειν
2942 1093 3004 1146 τὸ
3065 1095 3140 1165 μὴ
3186 1087 3331 1168 ἔχειν
3363 1094 3438 1154 ὡς
3489 1093 3634 1148 θέλει
3667 1116 3750 1156 τις
3809 1097 3879 1150 τὸ

2222 1178 2392 1254 ἔχειν,
2423 1183 2463 1236 ε’
2494 1180 2620 1256 ὅρος
2663 1184 2762 1249 τῆς
2809 1180 3176 1256 ἐπιγνώσεως,
3211 1183 3420 1256 ἀγνοεῖν
3468 1180 3656 1236 ἑαυτὸν
3710 1183 3762 1237 ἐν
3801 1187 3891 1254 τῷ

2224 1269 2473 1338 ἐκστῆναι
2533 1273 2659 1342 [270
2689 1276 2779 1338 II./'
2819 1275 2957 1342 Θεῷ,
3111 1271 3240 1344 ὅρος
3287 1277 3387 1339 τῆς
3448 1272 3891 1348 ταπεινοφροσύ-

2221 1379 2338 1429 νης,
2383 1357 2528 1429 λήθη
2561 1363 2667 1413 τῶν
2706 1359 3155 1433 κατωρθωμένων
3204 1361 3508 1437 προσεχὴς,
3545 1362 3584 1429 ζ’
3621 1362 3749 1434 ὅρος
3779 1369 3888 1430 τῆς

2225 1448 2540 1523 ἀοργησίας,
2589 1447 2853 1520 ἐπιθυμία
2893 1448 3080 1516 πολλὴ
3132 1453 3229 1502 τοῦ
3289 1451 3364 1521 μὴ
3436 1449 3769 1522 ὀργίζεσθαι,
3828 1456 3888 1521 η’

2225 1535 2351 1609 ὅρος
2382 1545 2480 1605 τῆς
2523 1537 2750 1611 ἁγνείας,
2789 1536 3038 1606 αἴσθησις
3071 1537 3149 1592 ἀεὶ
3184 1536 3577 1608 κεκολλημένη
3620 1542 3700 1608 τῷ
3737 1545 3888 1610 Θεῷ,

2224 1627 2268 1679 θ’
2302 1623 2430 1699 ὄρος
2469 1633 2567 1694 τῆς
2600 1625 2834 1700 ἀγάπης,
2867 1625 3089 1695 αὔξησις
3138 1626 3324 1702 φιλίας
3366 1627 3502 1699 πρὸς
3546 1631 3677 1688 τοῦς
3729 1623 3893 1700 ὑϐρί-

2225 1720 2435 1784 ζοντας,
2473 1719 2503 1768 ι’
2537 1714 2662 1789 ὅρος
2718 1718 2814 1784 τῆς
2885 1715 3097 1778 τελείας
3153 1714 3534 1783 ἀλλοιώσεως,
3581 1715 3634 1769 ἐν
3696 1720 3888 1794 τρυφῇ

467 1803 778 1860 charitatis
810 1822 823 1860 :
876 1809 1104 1862 Amoris
1135 1809 1561 1864 incrementum
1595 1825 1729 1881 erga
1759 1826 1858 1864 eos
1890 1810 1987 1879 qui
2020 1809 2109 1862 in-

2225 1810 2357 1858 Θεοῦ
2389 1805 2560 1879 χαρὰν
2620 1808 2870 1881 ἡγεῖσθαι
2911 1806 2972 1859 τὸ
3029 1805 3249 1878 στυγνὸν
3307 1809 3401 1858 τοῦ
3446 1805 3706 1862 θανάτου.
3740 1805 3887 1858 Τού-

471 1893 686 1962 juriam
708 1895 982 1950 inferunt.
1015 1899 1332 1968 Decimum,
1362 1901 1620 1968 perfectae
1644 1899 2113 1953 immutationis:

476 1981 678 2036 Mortis
730 1983 1025 2039 horrorem
1064 2003 1163 2055 pro
1193 1987 1404 2057 gaudio
1437 1994 1704 2058 reputare
1735 1988 1793 2040 in
1827 1987 1924 2042 Dei
1957 1987 2116 2041 oblc-

477 2071 747 2127 ctatione.
801 2075 1002 2129 Decem
1036 2092 1172 2146 ergo
1224 2078 1385 2131 hisce
1415 2078 1855 2132 deﬁnitionibus
1885 2087 2116 2132 cenlum

476 2158 578 2214 illa
618 2161 808 2233 capita
857 2164 1118 2234 subjecta
1153 2172 1310 2222 sunt.
1346 2167 1446 2221 Hic
1495 2172 1687 2221 autem
1737 2167 1888 2221 liber
1933 2167 2003 2220 iis
2031 2165 2115 2220 vel

477 2249 727 2306 maxime
759 2253 1120 2319 commodus,
1155 2257 1253 2325 qui
1286 2274 1347 2310 se
1371 2257 1462 2326 [ad
1497 2255 1930 2328 perfectionem]
1957 2271 2118 2309 exer-

479 2343 632 2408 cent,
668 2341 783 2395 imo
833 2347 888 2395 et
918 2342 1106 2413 quiin
1143 2344 1287 2414 ipsis
1323 2345 1655 2401 actionibus
1684 2344 2117 2415 perﬁcientibus

466 2426 596 2495 jam
639 2431 931 2485 exercitati
963 2441 1092 2486 sunt
1131 2451 1144 2500 ;
1179 2434 1323 2489 nihil
1357 2435 1588 2490 interim
1615 2433 1788 2505 paulo
1811 2433 2115 2489 obscurius

471 2517 756 2587 efferens;
791 2521 1036 2577 scientia
1069 2523 1224 2578 enim
1259 2541 1359 2593 per
1383 2525 1794 2596 experientiam
1825 2528 2110 2594 percepta,

2227 1915 2343 1956 τοις
2397 1892 2486 1948 οὖν
2532 1900 2647 1955 τοῖς
2693 1892 2818 1948 δέκα
2855 1895 2920 1948 τὰ
2967 1895 3153 1948 ἑκατὸν
3200 1894 3577 1948 ὑποτέτακται.
3613 1895 3712 1948 Καὶ
3764 1891 3884 1948 ἔστι

2230 1986 2387 2048 οὗτος
2425 1987 2452 2038 ὁ
2485 1984 2651 2062 λόγος
2683 1986 2758 2047 εἷς
2790 1987 2848 2040 τὸ
2890 1984 3104 2057 ἄριστον
3137 1991 3253 2046 τοῖς
3315 1984 3678 2055 ἀσκοὺμένοις
3740 2006 3884 2059 συγ-

2227 2076 2496 2148 κείμενος,
2529 2076 2766 2137 καὶτοῖς
2822 2074 2874 2128 ἐν
2925 2074 3114 2136 αὐταῖς
3169 2073 3700 2148 ἐγγεγυμνασμένοις
3751 2080 3881 2136 ταῖς

2225 2163 2590 2226 τελειοποιοῖς
2619 2165 2868 2237 πράξεσιν
2903 2161 3014 2218 οὐδ’
3047 2163 3244 2236 ἀσαφές
3285 2185 3336 2216 τι
3368 2161 3832 2238 ἐμπαρεχόμενος
3863 2183 3878 2196 ⁸

2227 2256 2260 2322 ἠ
2293 2255 2393 2328 γὰρ
2422 2250 2509 2306 διὰ
2557 2253 2744 2326 πείρας
2785 2257 2981 2328 γνῶσις
3013 2253 3254 2326 εὐχερῶς
3303 2259 3403 2318 τῆς
3449 2254 3499 2287 ⁸ο
3540 2249 3625 2306 διὰ
3683 2250 3881 2324 λόγων

2227 2337 2529 2396 ἐπιϐατεύει
2565 2338 2936 2401 διδασκαλίας.
2973 2342 3179 2412 Πατέρα
3230 2336 3289 2393 δὲ
3319 2344 3415 2393 τοῦ
3466 2338 3634 2412 λόγου
3672 2336 3885 2392 Διάδο-

2227 2451 2327 2505 χον
2360 2433 2394 2499 ἡ
2447 2428 2719 2505 ἐπιγραφή
2773 2428 2939 2501 λέγει,
2975 2435 3235 2496 Φωτικῆς
3290 2435 3389 2496 τῆς
3439 2428 3490 2481 ἐν
3540 2431 3607 2501 τῇ
3665 2427 3883 2499 παλαιᾷ

2228 2518 2469 2593 Ἠπείρῳ
2502 2517 2816 2572 ἐπίσκοπον.

471 2606 642 2664 facile
673 2625 733 2664 se
768 2611 957 2667 verbis
987 2613 1177 2668 doceri
1212 2614 1453 2684 patitur.
1484 2617 1792 2670 Auctorem
1825 2615 1952 2683 ejus
1984 2610 2283 2682 inscriptio
2321 2609 2448 2681 ipsa
2478 2610 2616 2664 facit
2647 2607 3030 2676 Diadochum,
3066 2606 3328 2663 Photices
3362 2607 3518 2664 illius
3538 2625 3661 2679 quae
3693 2613 3784 2665 est
3815 2609 3877 2664 in

476 2701 666 2753 vetere
696 2700 889 2770 Epiro,
922 2701 1279 2774 episcopum.

546 2789 609 2844 In
653 2793 854 2846 eodem
889 2793 1180 2850 volumine
1219 2795 1397 2851 lectus
1429 2797 1560 2852 item
1594 2799 1681 2852 est
1703 2795 1816 2850 Nili
1847 2793 2112 2850 monachi

469 2877 620 2934 liber
648 2879 705 2934 in
755 2887 987 2937 centum
1041 2885 1154 2955 (89)
1194 2894 1246 2940 et
1297 2887 1720 2957 quinquaginta
1771 2884 1877 2940 tria
1924 2884 2116 2954 capita

475 2967 700 3023 divisus
745 2985 757 3022 :
803 2972 1016 3040 quibus
1050 2975 1320 3043 precandi
1362 2976 1604 3029 formam
1640 2975 1722 3028 vir
1751 2973 1848 3029 ille
1879 2973 2112 3028 divinus

477 3057 759 3127 exposuit.
814 3058 1100 3116 Feruntur
1135 3063 1398 3132 ejusdem
1430 3071 1490 3118 et
1532 3063 1644 3118 alia
1681 3063 1928 3132 plurima
1962 3062 2112 3117 lectu

476 3145 650 3213 digna
681 3146 891 3200 diversi
925 3151 1244 3216 argumenti
1275 3151 1705 3222 opuscula(90),
1743 3153 1948 3221 partim
1981 3152 2112 3222 epi-

2295 2792 2382 2845 ’Ev
2414 2793 2592 2859 ταυτῷ
2624 2785 2680 2842 δῖε
2710 2788 2891 2863 τεύχει
2924 2788 3013 2841 καὶ
3047 2784 3247 2841 Νείλου
3309 2789 3558 2863 μοναχοῦ
3607 2784 3776 2859 λόγον
3824 2774 3870 2821 δ’

2223 2881 2478 2955 ἀνέγνων,
2512 2879 2653 2953 τρισὶ
2711 2879 2798 2932 καὶ
2847 2883 2891 2931 ν’
2941 2877 3029 2932 καὶ
3086 2882 3132 2952 ρ’
3177 2875 3494 2953 κεφαλαίοις
3554 2873 3880 2947 διαιρούμε-

2220 2993 2308 3025 νον
2360 2973 2423 3026 ⁶².
2475 2971 2576 3025 Τὸν
2631 2976 2730 3037 τῆς
2797 2974 3113 3041 προσευχῆς
3155 2964 3212 3021 δὲ
3260 2965 3312 3020 ἐν
3378 2964 3593 3026 τούτοις
3637 2966 3665 3018 ὁ
3725 2968 3879 3026 θεῖος

2225 3060 2356 3133 ἀνὴρ
2388 3057 2709 3113 ἀναπτύσσει
2751 3057 2942 3114 τύποι.
2977 3054 3171 3111 Πολλὰ
3229 3051 3285 3109 δέ
3341 3054 3431 3109 καὶ
3490 3052 3638 3109 ἄλλα
3695 3055 3879 3108 αὐτοῦ

2224 3146 2508 3223 ἀξιόλογα,
2558 3145 2814 3206 ποικίλας
2868 3147 3148 3206 ὑποθέσεις
3199 3140 3650 3215 ὑποϐαλλόμενα,
3690 3140 3769 3204 εἵς
3813 3163 3877 3198 τε

476 3233 661 3296 stolaa,
697 3234 902 3303 partim
941 3236 1200 3293 historiae
1249 3240 1432 3294 forma
1466 3241 1812 3311 conscripta,
1845 3258 1969 3311 quae
2001 3258 2112 3297 non

2225 3239 2316 3294 τὸν
2371 3239 2783 3311 ἐπιστολιμαῖον
2842 3238 3041 3311 τρόπον
3080 3237 3170 3290 καὶ
3211 3235 3286 3296 εἷς
3343 3237 3434 3290 τὸν
3467 3237 3514 3272 ⁸³
3573 3255 3875 3311 συγγραφι-

478 3337 719 3390 operum
755 3328 978 3378 tantum
1011 3328 1416 3396 perfectionem
1443 3328 1759 3398 insignem,
1794 3331 1892 3382 sed
1930 3329 1986 3382 in
2020 3331 2107 3383 di-

476 3411 684 3464 cendo-
720 3429 949 3483 quoque
1006 3415 1337 3472 facultatem
1388 3419 1513 3486 ejus
1577 3423 1873 3474 testantur.
1908 3417 2114 3473 Verum

473 3500 583 3554 etsi
613 3499 862 3556 diffusus
907 3519 1068 3574 teque
1099 3504 1434 3561 Diadochus
1470 3523 1580 3562 non
1614 3512 1722 3578 est,
1757 3525 1882 3578 quae
1914 3511 2108 3563 tamen

474 3589 547 3643 ab
579 3589 704 3660 ipso
734 3596 1061 3664 conscripta
1083 3604 1221 3650 sunt
1241 3600 1474 3652 centum
1508 3597 1714 3667 capita,
1743 3597 1964 3653 nullam
1989 3615 2113 3667 par-

470 3680 583 3732 tem
619 3679 887 3737 int‘eriore
925 3685 1107 3754 gradu
1158 3684 1534 3754 collocantur,
1569 3703 1740 3758 quam
1783 3704 1906 3758 quae
1939 3689 2112 3743 modo

473 3767 664 3823 retuli.
690 3769 832 3825 Nam
857 3780 909 3827 et
933 3772 1108 3829 dictio
1129 3774 1205 3830 ita
1221 3776 1539 3846 composita
1569 3782 1678 3840 est,
1714 3781 1776 3831 ut
1806 3778 2113 3850 reprehen-

471 3857 527 3910 di
558 3865 827 3929 nequeat,
865 3867 920 3916 et
953 3878 1162 3919 sensus
1193 3881 1262 3919 ex
1292 3865 1618 3922 actionibus
1649 3871 1845 3922 natam
1878 3868 2111 3938 sapien-

466 3947 607 4002 tiam
642 3951 887 4020 praafert.
921 3956 1203 4010 Caeterum
1246 3955 1422 4011 Marci
1453 3956 1668 4012 librum
1702 3973 1833 4014 cum
1869 3961 2112 4029 utraque

470 4035 668 4108 [quam
703 4040 843 4113 dixi]
894 4042 1076 4099 forma
1107 4046 1411 4116 praecedat,
1446 4046 1657 4103 alicubi
1710 4046 1951 4119 insuper
1979 4064 2111 4104 sen-

467 4129 667 4185 tentiis
715 4132 1026 4188 antecellit.
1067 4135 1301 4191 Dederit
1331 4153 1461 4192 vero
1494 4141 1550 4192 et
1579 4136 1676 4193 ille
1707 4138 1777 4194 ad
1813 4139 1985 4194 ﬁnem
2012 4155 2111 4193 cu-

462 4219 678 4290 jusque
695 4222 904 4293 capitis
921 4240 1124 4280 ansam
1149 4225 1222 4280 iis
1243 4225 1341 4296 qui
1356 4225 1689 4298 incorrupte
1708 4244 1887 4299 pronu
1901 4229 2108 4286 ntiant,

469 4308 625 4378 quod
649 4309 769 4365 sive
791 4313 1123 4369 accessione
1145 4313 1392 4385 alicujus
1424 4315 1807 4384 adulteratus,
1832 4318 1948 4372 sive
1969 4317 2113 4374 alias

466 4395 922 4456 hallucinatione
953 4402 1150 4474 aliqua
1179 4405 1454 4475 abreptus
1486 4406 1595 4461 ista
1626 4405 1853 4461 dixerit.
1887 4406 2107 4462 Vellem

2219 3330 2312 3382 κὸν
2363 3328 2644 3401 ἀνηγμένα
2701 3327 3042 3401 συντάγματα
3089 3327 3453 3399 φέρεται,τήν
3501 3345 3558 3379 τε
3615 3325 3753 3378 κατὰ
3802 3325 3874 3378 τὰ

2180 3433 2185 3438 ’
2221 3413 2352 3493 ἔργα
2383 3417 2703 3486 τελειότητα
2749 3417 2838 3471 καὶ
2877 3419 2976 3484 τὴν
3020 3415 3069 3468 ἐν
3131 3415 3316 3490 λόγοις
3353 3411 3740 3488 μαρτυρόμενα
3772 3409 3872 3466 δύ-

2219 3529 2403 3579 ναμιν.
2439 3505 2589 3575 Πλὴν
2645 3505 2692 3560 εἷ
2721 3506 2808 3560 καὶ
2845 3507 2919 3578 μή
2943 3503 3227 3579 πολύχους
3261 3501 3468 3575 ὁμοίως
3510 3503 3536 3556 ὁ
3569 3499 3874 3576 Διάδοχος,

2222 3595 2366 3652 ἀλλὰ
2404 3599 2470 3652 τά
2518 3617 2579 3665 γε
2636 3595 3088 3670 ἀναγεγραμμένα
3145 3593 3294 3664 αύτῷ
3353 3594 3538 3646 ἑκατὸν
3603 3591 3878 3670 κεφάλαια

2223 3689 2323 3742 οὐκ
2352 3686 2427 3749 εἷς
2461 3685 2721 3740 ἐλάττονα
2765 3685 2975 3759 βαθμὸν
3010 3683 3059 3738 ἐν
3121 3681 3386 3756 οὐδετέρῳ
3432 3683 3582 3755 μέρει
3632 3686 3741 3736 τῶν
3799 3681 3876 3735 εἷ·

2224 3775 2470 3852 ρημένων
2529 3774 2740 3844 τίθησιν
2768 3791 2779 3802 ’
2829 3773 2858 3826 ὅ
2895 3793 2952 3826 τε
2981 3772 3081 3846 γὰρ
3125 3770 3289 3845 λόγος
3315 3769 3462 3840 αὐτῷ
3494 3768 3568 3830 εἷς
3611 3769 3673 3822 τὸ
3709 3768 3868 3839 ἀμώ-

2226 3885 2397 3938 μητον
2435 3863 2732 3938 σόγκειται,
2765 3861 2856 3915 καὶ
2897 3861 2924 3914 ὁ
2954 3864 3074 3920 νοῦς
3126 3860 3223 3927 τὴν
3279 3858 3384 3911 ἀπὸ
3449 3860 3554 3910 τῶν
3616 3857 3864 3931 πράξεων

2222 3955 2411 4031 σοφίαν
2442 3947 2840 4028 προϐάλλεται.
2873 3952 2985 4006 Τοῦ
3019 3947 3202 4022 μέντοι
3243 3947 3468 4022 Μάρκου
3510 3943 3580 3999 δι’
3611 3945 3868 4015 ἑκατέρας

2220 4043 2478 4121 προέχων
2523 4039 2689 4106 ἰδέας,
2722 4039 2810 4093 καὶ
2859 4037 3078 4114 ἐνιαχοῦ
3124 4041 3243 4097 ταῖς
3292 4037 3538 4108 γνώμαις
3587 4034 3868 4110 ἀντιφέρε-

2222 4155 2330 4189 ται.
2367 4132 2496 4202 Δοίη
2559 4129 2604 4184 δ’
2664 4128 2722 4183 ἂν
2771 4130 2860 4183 καὶ
2919 4128 3077 4188 αὐτὸς
3129 4123 3306 4194 λαϐὴν
3374 4131 3490 4186 τοῖς
3556 4121 3869 4184 ἀδεκάστως

2223 4217 2784 4297 ἀκριϐολογουμένοις
2833 4218 2970 4272 κατὰ
3022 4217 3083 4271 τὸ
3129 4213 3291 4276 τέλος
3339 4218 3436 4269 τοῦ
3485 4213 3778 4267 ἐκατοστοῦ
3825 4213 3873 4247 δ”

2220 4310 2536 4386 κεφαλαίου,
2596 4307 2700 4364 εἷ’τε
2758 4309 3070 4382 παρενθγςκῃ
3135 4305 3282 4366 τινὸς
3339 4303 3716 4374 νοθευόμενος,
3751 4300 3865 4357 εἷ’-τε

2219 4400 2405 4464 ἄλλως
2439 4403 2536 4456 τινὶ
2573 4399 2962 4473 συναρπασθεὶς
3004 4395 3348 4472 παροράματι
3380 4397 3424 4431 ⁸⁸
3446 4411 3460 4426 ⁸
3491 4394 3553 4447 τὸ
3583 4393 3683 4468 γὰρ
3722 4391 3865 4447 κατὰ

467 4485 642 4554 enim,
669 4505 740 4543 ne
786 4506 916 4546 vere
949 4493 1292 4548 conﬁrmare
1326 4510 1570 4564 possem,
1611 4494 1945 4566 opinionem
1984 4495 2100 4550 sal-

2225 4491 2366 4564 Ξόξαν
2399 4489 2606 4546 άλῶναι
2641 4489 2896 4562 εὐξαίμην
2933 4486 2990 4541 ἃν
3028 4487 3104 4559 μή
3157 4483 3534 4556 ἐπαληθεύειν.

466 4577 583 4632 tem
617 4578 744 4648 ejus
775 4580 1110 4638 damnatam
1144 4583 1344 4640 fuisse.

535 4663 714 4722 Valde
771 4673 967 4726 autem
1015 4671 1074 4727 in
1129 4671 1220 4741 iis,
1256 4690 1382 4745 quos
1416 4673 1586 4746 paulo
1636 4677 1771 4731 ante
1819 4675 2108 4745 recensui,

2292 4676 2489 4750 Κρατεῖ
2519 4667 2564 4724 δ’
2598 4668 2686 4724 οὖν
2738 4668 2788 4722 ἐν
2815 4671 2931 4727 τοῖς
2962 4667 3067 4739 πρὸ
3100 4664 3294 4742 ὀλίγου
3327 4663 3636 4738 εἰρημένοις
3668 4661 3870 4734 πολλῷ

1820 4802 1914 4857 VA
1924 4801 2058 4858 ΒΙᾹΞ
2089 4799 2494 4858 LECTIONES.

530 4915 575 4992 ’ξ’
621 4915 695 4975 ὡς
755 4917 889 4992 add.
1063 4918 1108 4992 εξ)
1134 4918 1203 4992 τῇ
1260 4911 1544 4992 ἐμϐατεύει
1601 4914 1924 4992 διδασκαλίᾳ
2103 4919 2189 4992 ,εξ
2241 4915 2424 4992 λόγος,
2466 4915 2773 4992 ἆινεγνώσθη

2967 4913 3013 4948 ⁸³
3044 4908 3423 4983 διαιρούμενος
3607 4907 3656 4943 ⁸³
3680 4908 3743 4962 τὸ

463 4984 509 5020 ⁸⁴
535 4985 854 5060 ἐκᾳτοστοῦ]
888 4991 934 5062 ρ’
962 4992 1000 5045 Α
1037 5006 1048 5046 :
1082 4984 1306 5044 ἑκάστου
1499 4990 1546 5024 ⁸⁵
1575 4984 1933 5066 παρομάμᾳτι
1964 4984 2114 5045 ταῦτ’
2145 4984 2346 5062 ε’ίρηκέ.
2377 4989 2436 5042 τὸ

2052 5114 2288 5170 ΝΟΤᾹΣ.

534 5234 644 5305 (89)
673 5236 773 5289 148
827 5237 1108 5291 duntaxat
1155 5235 1427 5292 exhibent
1467 5235 1597 5292 libri
1640 5235 1889 5307 evulgati
1951 5252 1982 5288 a
2043 5235 2102 5288 Ρ.

459 5304 660 5360 Franc.
693 5307 998 5362 Turriano.

530 5378 650 5448 (90)
681 5380 790 5452 AUt,
843 5379 921 5452 De
966 5378 1109 5452 nihil
1156 5379 1552 5449 possidendo;
1587 5377 1716 5452 Περὶ
1758 5375 2105 5452 προστασίας.

460 5447 552 5521 ne
579 5447 946 5521 philosophia
985 5447 1335 5514 Christiana,
1369 5453 1438 5505 de
1471 5447 1781 5506 virtutibus
1803 5447 1863 5505 et
1895 5451 2048 5504 vitiis
2094 5467 2107 5517 ;

463 5520 542 5595 De
573 5520 1008 5595 comparatione
1055 5524 1179 5595 vitae
1230 5522 1646 5579 monachorum
1678 5525 1777 5595 qui
1810 5525 1867 5578 in
1901 5523 2107 5578 solitu-

465 5591 624 5660 dine,
654 5591 839 5665 et'qui
872 5593 930 5666 in
963 5594 1197 5666 civitate
1239 5595 1504 5666 degunt;
1532 5596 1608 5651 De
1640 5591 1793 5651 cane
1824 5596 1919 5652 SS.
1947 5610 2103 5666 mar.

478 5668 669 5736 tyrum
702 5664 1197 5722 mbnachorumin
1227 5664 1421 5722 monte
1444 5664 1600 5723 Sina.
1628 5668 1790 5724 Liber
1813 5667 1948 5723 item
1973 5664 2103 5735 Epi-

2217 5233 2513 5307 stolarum,
2548 5249 2674 5307 qua:
2705 5230 2765 5285 in
2797 5229 2975 5285 Italiae
3023 5225 3696 5307 bibliothecisuexstan't.
3735 5225 3774 5278 Η
3798 5295 3811 5307 ⁸
3835 5240 3864 5278 ο

2215 5310 2411 5359 noster
2437 5294 2756 5377 Turrianus
2784 5306 3044 5377 recenset
3077 5299 3149 5377 ad
3169 5313 3352 5377 suum
3386 5294 3859 5377 Nilum.Ni_ceph.

2212 5377 2310 5430 lib.
2366 5393 2479 5446 xxv,
2537 5393 2662 5446 cap.
2694 5375 2784 5430 54.
2837 5373 2997 5428 addit
3037 5372 3135 5446 ad_
3162 5370 3369 5446 Graecae
3423 5370 3859 5446 superstitionis

2209 5439 2544 5522 sectatores,
2577 5439 2896 5517 scripsisse,
2930 5449 2985 5499 et
3006 5441 3401 5522 adigulogium
3423 5439 3766 5522 quemdam:
3789 5442 3858 5492 At

2207 5535 2339 5573 cum
2373 5511 2566 5588 plures
2587 5511 3146 5583 anu-merenturNili,
3174 5511 3414 5570 forsitan
3442 5527 3556 5568 non
3589 5511 3856 5581 ejusdem

2207 5595 2346 5646 sunt
2375 5592 2592 5646 omnia.
