4198 6216
346 359 459 419 677

1332 340 1866 411 BIBLIOTHECA.
1912 382 1973 392 -—
2032 346 2258 408 CODD.
2305 346 2743 410 CCVII-CCIX.

3623 357 3742 419 678

354 491 617 567 αγωνίους
655 481 1059 560 ἀποδιατρίϐων
1115 483 1520 560 παρικδρομάς,
1547 479 1696 537 ἀλλά
1740 485 1821 553 τῷ
1878 477 1991 534 δια-

2104 486 2280 537 neant
2337 484 2699 555 egressiones
2749 485 3014 557 divertat,
3048 489 3149 543 sed
3193 490 3344 560 quod
3399 490 3740 561 opinionum
3812 550 3819 557 ,

355 580 523 659 φορὰς
591 576 760 651 δοξῶν
814 574 940 649 περὶ
987 579 1087 643 τῆς
1154 573 1321 640 αὐτῆς
1389 571 1691 633 ὑποθέσεως
1761 567 1992 644 ἀναγρά-

355 654 467 738 φειν
502 669 524 702 ⁷
552 664 850 726 πολλάκις.
874 669 1048 722 Τοῦτο
1091 661 1147 717 δὲ
1202 663 1290 718 καὶ
1343 662 1762 738 προοιμιάζεται
1795 658 1870 721 εἷς
1903 654 1995 734 ὅγ-

355 732 444 815 κον
503 757 653 829 αὐτῷ
721 753 1212 825 διαπλαττόμενον,
1269 751 1357 806 καὶ
1407 749 1646 824 μάλιστα
1696 750 1833 824 πρὸς
1895 749 1995 816 τὴν

353 845 707 919 Θεοδωρήτου
758 842 979 917 σύνοψίν
1026 863 1085 896 τε
1122 842 1213 896 καὶ
1262 838 1585 918 φιλοκαλίαν
1616 842 1680 894 τὸ
1712 838 1993 912 σύνταγμα

350 938 579 1014 αἴρεται.
615 936 712 992 Καὶ
744 934 827 1006 εἷή
862 932 921 989 ἂν
962 932 1290 990 οἰκειότατόν
1321 953 1378 987 τε
1416 930 1506 987 καὶ
1538 928 1989 1008 χρειωδὲστατον,

352 1028 399 1084 εἶ’
456 1027 590 1101 μετά
641 1026 743 1095 τήν
787 1023 839 1080 ἐν
897 1023 1123 1086 ἐκείνοις
1178 1017 1372 1097 τριϐὴν
1421 1024 1455 1091 ἡ
1498 1021 1623 1095 περὶ
1677 1023 1847 1075 ταῦτα
1895 1023 1991 1074 τοῦ

351 1114 543 1190 ἀνδρὸς
581 1116 649 1171 τὰ
706 1111 1104 1186 σπουδάσματα
1156 1109 1339 1186 σχολή
1401 1109 1733 1184 διαδέχοιτο.
1793 1108 1898 1165 Καὶ
1955 1111 1990 1177 ἡ

350 1206 543 1283 φράσις
602 1203 660 1259 δὲ
716 1204 870 1275 αὐτῷ
909 1202 962 1265 ἐς
1001 1202 1063 1257 τὸ
1104 1202 1322 1275 ἄριστον
1354 1197 1610 1270 ἤσκηται,
1642 1198 1688 1253 εἰ
1718 1199 1809 1253 καὶ
1840 1201 1941 1263 τῆς
1971 1200 1991 1235 ⁸

349 1298 684 1373 ἐξηγητικῆς
717 1293 1100 1356 διατυπώσεως
1134 1290 1250 1367 ἔχει
1280 1312 1331 1346 τι
1361 1290 1451 1346 καὶ
1499 1291 1866 1364 κομψότερον.

1109 1383 1222 1438 ΣΖ’.

738 1476 849 1532 Τοῦ
890 1474 1061 1529 αὐτοῦ
1101 1472 1196 1534 Εἰς
1235 1472 1326 1526 τὸν
1363 1469 1608 1527 Ἡσαΐαν.

418 1564 760 1642 Ἀνεγνώσθη
819 1567 913 1618 τοῦ
973 1561 1138 1617 αὐτοῦ
1196 1560 1495 1637 φιλοπόνου
1527 1556 1721 1634 ἀνδρὸς
1754 1558 1847 1622 Εἷς
1902 1559 1992 1613 τὸν

339 1657 636 1735 προφήτην
687 1652 929 1723 Ἡσαΐαν,
959 1654 1059 1722 τήν
1112 1672 1170 1706 τε
1222 1651 1418 1723 ὁμοίαν
1485 1654 1600 1711 τοῖς
1655 1647 1989 1722 προειρημὲ-

340 1767 459 1808 νοις
513 1742 749 1800 διάθεσιν
800 1741 1231 1822 φυλαττόμενον,
1262 1740 1354 1795 καὶ
1401 1740 1500 1809 την
1530 1739 1697 1807 αὐτὴν
1728 1743 1834 1793 τῶν
1890 1736 1986 1792 λό-

2105 574 2301 629 eadem
2324 574 2394 629 de
2416 591 2476 629 re
2499 576 2864 631 diversitates
2880 593 3280 649 saepenumero
3304 588 3737 641 commemoret.

2106 662 2177 717 Et
2203 678 2335 719 vero
2364 662 2540 719 etiam
2591 665 2867 734 praefatur
2896 665 3005 723 hoc
3036 685 3069 722 ει
3098 684 3159 723 se
3190 685 3339 739 opus
3370 687 3647 741 magnam
3679 673 3737 728 in

2107 751 2317 808 molem
2367 769 2495 808 esse
2561 759 2913 826 aggestum:
2970 757 3123 828 quod
3170 758 3306 813 item
3368 760 3619 817 maxime
3667 762 3742 818 ad

2104 840 2451 897 Theodoreti
2508 842 2848 899 brevitatem
2906 850 3382 918 venustatemque
3437 851 3738 922 assurgit:

2104 936 2169 985 ut
2189 930 2561 995 aptissimum
2584 931 2726 988 illud
2751 933 2922 1005 plane
2953 935 3049 1002 sit,
3067 941 3242 1007 atque
3262 937 3667 1009 utilissimum,
3692 940 3741 996 si

2105 1024 2231 1092 post
2260 1019 2425 1075 illum
2473 1020 2709 1086 lectum,
2741 1025 2810 1078 ad
2847 1023 3019 1093 hujus
3051 1025 3221 1081 etiam
3267 1027 3373 1082 viri
3404 1026 3629 1085 labores
3661 1030 3740 1086 le-

2102 1109 2316 1178 gendos
2361 1109 2541 1165 otium
2572 1112 2895 1183 contingat.
2928 1113 3114 1169 Dictio
3162 1115 3235 1170 ab
3285 1131 3353 1171 eo
3401 1123 3492 1172 est
3523 1118 3739 1189 Optime

2103 1198 2339 1270 quidem
2388 1199 2634 1269 exculta,
2687 1202 2788 1256 sed
2846 1206 3133 1274 comptior
3189 1205 3507 1278 aliquanto,
3559 1224 3736 1279 quam

2102 1289 2502 1345 commentarii
2531 1289 2824 1346 rudiorem
2858 1291 3101 1347 formam
3135 1293 3355 1352 deceat.

2821 1381 3029 1438 CCVII.

2491 1469 2641 1526 Idem
2668 1471 2729 1525 in
2766 1471 2972 1527 Isaiam
3000 1476 3343 1544 prophetam.

2173 1557 2438 1629 Legimus
2480 1559 2746 1628 ejusdem
2807 1562 3158 1631 perstudiosi
3212 1564 3464 1620 hominis
3513 1566 3625 1638 (96)
3675 1570 3738 1625 In

2099 1646 2302 1701 Isaiam
2318 1648 2640 1719 prophetam
2661 1664 2809 1719 opus
2835 1667 2847 1704 :
2873 1653 3026 1723 quod
3049 1652 3300 1708 similem
3321 1659 3737 1726 suprascriptis

2100 1739 2292 1791 servat
2321 1738 2753 1792 commentandi
2776 1739 3079 1805 rationem,
3104 1743 3485 1814 eamdemque
3506 1745 3737 1800 dicendi

337 1856 455 1911 γων
510 1830 952 1905 ἐπιδεικνύμενον
1003 1827 1256 1903 δύναμιν,
1284 1830 1373 1885 καὶ
1418 1825 1590 1897 δῆλον
1643 1828 1727 1883 ὅτι
1786 1827 1875 1882 καὶ
1926 1827 1987 1881 τὸ

2103 1823 2211 1879 vim
2246 1826 2496 1897 praefert,
2517 1826 2641 1898 pari
2670 1844 2803 1883 cum
2834 1828 3066 1886 lectoris
3085 1831 3172 1902 (ut
3192 1807 3441 1904 constat)
3468 1833 3734 1891 utilitate.

338 1924 665 1981 λυσιτελοῦν
701 1920 1086 1997 παραπλήσιον
1108 1920 1151 1975 9.

1092 2011 1223 2065 ΣΙΓ.

488 2101 761 2179 Εὒλογίου
809 2098 1247 2179 ἀρχιεπισκόλποιζ
1277 2093 1678 2179 ξΑλεξανδρείας
1709 2096 1845 2150 κατά

841 2169 1112 2227 Ναυατιαν
1122 2174 1195 2224 ὧν
1229 2169 1383 2241 λόγοι
1425 2172 1485 2223 ε’.

416 2264 755 2339 Ἀνεγνώσθη
795 2265 891 2316 τοῦ
934 2260 985 2315 ἐν
1028 2259 1206 2336 ἁγίοις
1237 2256 1507 2333 Εὐλογίου
1551 2256 1986 2336 ἀρχιεπισκόπου

339 2351 750 2427 Ἀλεξανδρείας
838 2351 983 2407 Κατά
1067 2352 1435 2411 Ναυατιανῶν,
1523 2347 1573 2402 ἐν
1645 2347 1831 2422 λόγοις
1924 2350 1985 2404 ε’.

341 2443 538 2514 Τούτῳ
576 2447 651 2514 τῷ
710 2438 863 2515 ἀνδρὶ
896 2435 1070 2512 ὄνομα
1112 2439 1208 2512 μὲν
1254 2440 1380 2510 [529
1411 2439 1502 2508 R.]
1535 2436 1713 2492 λιπεῖν
1766 2436 1852 2491 ἐπὶ
1903 2434 1989 2491 δε-

341 2534 560 2603 ξιότητι
609 2530 788 2609 λόγων
826 2526 939 2584 οὐδ’
969 2528 1149 2583 ὁτιοῦν
1190 2525 1591 2603 προσεμὲλησε,
1631 2527 1697 2582 τὰ
1728 2523 1785 2580 δὲ
1815 2527 1985 2581 Ναυά-

339 2644 441 2679 του
500 2616 890 2694 σοφιαματώδη
949 2615 1323 2693 προϐλήματά
1385 2636 1444 2670 τε
1498 2614 1588 2670 καί
1648 2611 1987 2687 δελεάσματα

340 2711 611 2787 διελέγξαι
649 2710 739 2764 καὶ
788 2709 1041 2783 αἲσχῦναι
1099 2703 1259 2760 οὐδὲν
1334 2706 1397 2759 τὸ
1457 2705 1828 2780 ἀπαράσκευον
1888 2712 1989 2774 τῆς

338 2805 479 2859 κατά
524 2800 652 2863 τοὺς
694 2799 891 2874 λόγούς
934 2797 1171 2871 μελέτης
1223 2793 1479 2869 ἐμποδὼν
1511 2793 1637 2865 ἔστη
1673 2815 1687 2828 ⁸

338 2896 640 2969 Γραφικοῖς
715 2888 966 2944 πλουτῶν
1022 2886 1262 2959 νοήμασί
1318 2906 1377 2940 τε
1432 2885 1521 2940 καὶ
1582 2885 1858 2959 θεωρίαις,
1892 2886 1991 2940 ὅσα

334 2985 547 3041 ἓκεῖνος
601 2980 1037 3054 ἀποσπαράσσων
1089 2982 1190 3046 τῆς
1232 2974 1369 3037 ἰδίας
1402 2974 1658 3049 αἱρέσεως
1686 2971 1991 3049 πρόϐλημα

335 3072 433 3127 καὶ
483 3069 810 3144 συνηγορίαν
865 3066 1128 3135 ἐποιεῖτο,
1186 3069 1353 3120 ταῦτα
1394 3064 1557 3125 αὐτὸς
1615 3063 1988 3135 ἀναπτύσσων,

1721 2801 1837 2859 τοῖς
1883 2796 1988 2871 γὰρ

2705 2008 2896 2065 165a
2925 2010 3134 2065 CCVII.

2094 2093 2311 2165 Eulogii
2366 2094 2738 2152 Alexandrini
2791 2098 3113 2225 alrghiepisc.
3168 2100 3366 2157 Contra
3411 2104 3739 2162 Navalionos

2835 2188 2850 2223 ι
2892 2187 3024 2225 νιν.

2835 2187 2941 2225 ξονι
2970 2187 3024 2226 ν.

2168 2255 2300 2328 Legi
2322 2257 2385 2311 B.
2418 2255 2640 2328 Eulogii
2672 2258 3094 2332 archiepiscopi
3124 2261 3503 2321 Alexandrini
3533 2266 3741 2322 Adver-

2095 2362 2189 2401 sus
2211 2346 2548 2403 Navationos
2574 2346 2685 2419 (97)
2717 2346 2896 2405 libros
2915 2351 3192 2423 quinque.
3224 2352 3332 2416 Qui
3355 2355 3463 2411 etsi
3492 2356 3740 2428 scriptor

2099 2434 2329 2490 dicendi
2361 2434 2645 2505 elegantia
2694 2453 2905 2493 nomen
2938 2439 3050 2494 sibi
3084 2456 3336 2511 quaerere
3368 2443 3528 2499 nullo
3571 2448 3739 2502 modo

2095 2527 2333 2593 curarit,
2353 2525 2723 2593 nihiltamen,
2740 2543 2856 2598 quo
2877 2528 3070 2584 minus
3092 2530 3293 2588 Navati
3316 2534 3738 2603 sophismatum

2097 2616 2280 2689 plenae
2338 2618 2688 2673 assertiones
2731 2619 3140 2689 captionesque
3180 2622 3541 2689 refellantur,
3566 2629 3743 2696 atque

2098 2707 2418 2780 ignominia
2449 2713 2739 2778 notentur,
2769 2709 3058 2764 sermonis
3091 2711 3331 2782 neglecti
3365 2713 3591 2768 incuria
3626 2714 3739 2769 im-

2099 2797 2432 2867 pedimento
2455 2796 2649 2852 fuerit.
2678 2798 2859 2853 Sacrm
2881 2798 3035 2853 enim
3060 2799 3369 2870 Scriptura
3394 2807 3743 2858 commenta-

2100 2885 2360 2941 tionibus
2392 2903 2455 2942 ac
2488 2887 3082 2958 contemplationibus
3114 2888 3345 2945 abunde
3393 2891 3739 2956 instructus,

2102 2990 2229 3046 quis
2260 2974 2396 3030 hinc
2432 2976 2500 3030 ad
2520 2991 2683 3032 suam
2717 2976 2981 3032 haeresim
3016 2979 3388 3034 asserendam
3414 2983 3588 3050 atque
3611 2996 3741 3050 pro-

2103 3065 2478 3135 pugnandam
2524 3064 2622 3119 ille
2653 3065 3059 3135 discerpserat,
3092 3068 3291 3123 eadem
3326 3067 3418 3123 hic
3459 3070 3745 3140 interpre-

336 3123 431 3127 ""'
490 3123 534 3125 "
604 3123 645 3143 οι
692 3123 711 3144 r
1114 3123 1127 3135 ι
1546 3123 1552 3125 ~
1974 3123 1986 3135 1

334 3161 535 3218 καὶτὸ
599 3159 724 3234 περὶ
775 3159 911 3212 αὐτὰ
959 3159 1258 3231 κακοῦργον
1313 3162 1414 3223 τῆς
1470 3155 1725 3227 αἱρέσεως
1788 3150 1987 3207 ἐπιδει-

2104 3123 2305 3222 tando,
2339 3158 2394 3209 et
2438 3169 2554 3209 una
2584 3123 2920 3210 haeresis-in
2980 3123 3059 3211 iis
3110 3156 3342 3212 fraudes
3401 3123 3742 3228 detegendo.

336 3250 494 3316 κνῦς,
557 3246 861 3326 ἀφαιρεῖται
931 3246 1145 3301 αὐτοῦ·
1198 3245 1263 3298 οὐ
1331 3244 1438 3315 μὴν
1506 3240 1651 3297 ἀλλά
1716 3241 1803 3296 καὶ
1879 3241 1991 3295 ἒτέο

338 3360 463 3415 ροις
518 3342 625 3393 τῶν
669 3340 891 3412 Γραφῶν
952 3336 1158 3409 ῥήμασι
1214 3333 1277 3388 τὸ
1340 3330 1775 3403 ἀπονενοημένον
1824 3330 1992 3385 αὐτοῦ

336 3430 432 3484 καὶ
478 3427 854 3501 ἀσόγγνωστον
900 3424 990 3480 καὶ
1049 3421 1366 3500 ἀλλόφυλον
1416 3428 1514 3491 τῆς
1570 3421 1827 3496 αἱρέσεως
1871 3440 1996 3489 στη-

337 3517 573 3575 lists-35:.
608 3517 695 3572 Ἐν
735 3512 791 3569 δὲ
818 3518 897 3585 τῷ
923 3511 1220 3584 τελευταίῳ
1249 3515 1360 3565 τῶν
1403 3508 1586 3585 λόγων
1617 3510 1706 3564 καὶ
1735 3509 1798 3563 τὸ
1837 3508 1992 3563 νόθον

336 3606 436 3663 καὶ
495 3601 901 3673 κακόπλαστον,
958 3603 988 3657 ’ὀ
1049 3601 1126 3663 εἷς
1214 3600 1455 3655 Ναυάτον
1524 3598 1874 3676 ἀναφέρουσιν
1946 3599 1997 3652 οἱ

338 3696 516 3752 αὐτοῦ
576 3690 929 3761 σπουδασταὶ,
991 3690 1280 3765 μαρτύριον
1344 3686 1638 3764 διελέγχει.
1683 3689 1838 3743 ’Ἐστι
1901 3687 1994 3761 μὲν

340 3784 442 3841 οὖν
473 3784 561 3838 καὶ
603 3782 736 3837 αὐτὸ
766 3780 925 3837 τοῦτο
958 3781 985 3834 ὁ
1038 3779 1174 3835 κατὰ
1204 3779 1450 3834 Ναυάτου
1480 3773 1711 3853 ἔλεγχος
1754 3777 1814 3832 τὸ
1846 3778 2000 3852 χρή-

336 3894 508 3945 σιμον
566 3867 737 3946 ἔχων,
785 3867 933 3939 πλὴν
1002 3869 1091 3924 καὶ
1150 3873 1432 3947 Γραφικῶν
1500 3866 1599 3921 οὐκ
1655 3865 1864 3940 ὀλίγων
1914 3864 1999 3919 ἐν-

335 3967 627 4038 θεωρεῖται
659 3962 873 4023 τούτοις
906 3958 1198 4034 πολλαχοῦ
1227 3963 1344 4021 τοῖς
1392 3956 1856 4032 ἀξιολογωτάτοις
1886 3960 1993 4011 τῶν

336 4055 632 4130 ἐξηγητῶν
728 4048 1109 4129 συμφερομένη
1198 4047 1477 4123 ἑρμηνεία.
1542 4045 1714 4103 Ἀλλά
1787 4044 1875 4099 καὶ
1933 4046 1996 4099 τὸ

334 4143 572 4199 πιθανόν
621 4161 679 4196 τε
726 4140 815 4195 καὶ
871 4138 1071 4208 ἡδῦνον
1109 4138 1183 4200 ὡς
1216 4138 1267 4193 ἐν
1299 4137 1538 4210 τοιούτῳ
1598 4135 1781 4212 λόγων
1820 4153 1993 4209 χαρα-

333 4236 505 4309 κτῆρι
538 4230 638 4287 οὐκ
664 4229 723 4285 ἄν
759 4250 840 4291 τις
870 4227 1123 4304 ἀγασθεὶς
1158 4226 1477 4303 μεταγνοίη.

1106 4407 1229 4461 ΣΘ¹.

898 4496 1100 4558 Δίωνος
1140 4494 1311 4569 Λόγοι
1350 4498 1428 4553 π’.

419 4587 766 4663 Ἀνεγνώσθη
827 4586 1029 4648 Δίωνος
1093 4580 1309 4660 βιϐλίον
1362 4583 1413 4639 ἐν
1465 4588 1666 4661 Λόγοις
1714 4590 1790 4643 π’.
1827 4587 1996 4647 Οὗτος

348 4679 472 4736 ἔστι
534 4675 630 4751 μὲν
670 4677 768 4745 τήν
811 4673 1042 4751 πατρίδα
1085 4673 1413 4749 Προυσαεῦς,
1446 4675 1613 4750 φυγάς
1673 4673 1720 4731 δ’
1759 4675 1995 4753 ἐγεγόνει

2025 4411 2072 4476 D

2102 3244 2318 3299 Navalo
2357 3244 2527 3315 eripit
2566 3260 2631 3298 ac
2670 3244 2840 3300 tollit.
2893 3245 3233 3315 Quanquam
3279 3250 3337 3301 et
3382 3246 3513 3303 aliis
3555 3248 3747 3317 Scrip-

2105 3341 2368 3388 turarnm
2399 3333 2565 3403 locis,
2598 3332 2782 3405 ipsius
2839 3335 3007 3389 venia
3054 3334 3356 3406 indignam
3406 3338 3743 3407 amentiam,

2106 3440 2171 3478 ac
2211 3424 2570 3495 peregrinam
2630 3422 2922 3493 heresim,
2954 3427 3113 3479 velut
3160 3424 3328 3496 cippo
3371 3441 3498 3481 eam
3541 3426 3744 3482 inscri-

2107 3511 2315 3580 hendo,
2348 3512 2628 3583 divulgat.
2679 3513 2945 3569 Extremo
2991 3513 3105 3585 (98)
3155 3514 3405 3585 denique
3455 3515 3602 3571 libro
3646 3514 3749 3570 fal-

2109 3617 2240 3656 sum
2264 3600 2411 3657 illud
2444 3606 2500 3656 et
2531 3603 2795 3672 improbe
2820 3602 3157 3672 confictam,
3190 3604 3343 3674 quod
3377 3604 3595 3660 Navato
3623 3606 3747 3674 ejus

2108 3691 2354 3747 studiosi
2385 3690 2735 3759 attribuunt,
2768 3690 3115 3761 martyrium
3147 3692 3421 3763 exagitat.
3451 3693 3548 3747 Est
3578 3694 3749 3760 igitur

2105 3778 2229 3835 haec
2278 3779 2477 3836 Navati
2524 3780 2838 3835 confutatio
2888 3780 3216 3850 legentibus
3262 3779 3469 3835 utilis:
3515 3787 3747 3850 praeter.

2107 3885 2280 3941 quam
2306 3872 2460 3940 quod
2494 3868 2582 3924 hic
2610 3884 2725 3923 non
2758 3884 3079 3940 paucorum
3111 3869 3424 3940 Scriptura:
3459 3871 3570 3941 (99)
3603 3870 3749 3925 loco-

2108 3975 2234 4014 rum
2270 3958 2489 4029 passim
2523 3975 2652 4014 sese
2682 3958 2880 4013 offerat
2914 3957 3241 4030 explicatio,
3269 3959 3411 4027 ipsis
3456 3959 3625 4014 etiam
3658 3959 3747 4014 in-

2106 4038 2424 4120 terpretum
2475 4049 2836 4119 principibus
2886 4049 3195 4120 profutura
3224 4050 3323 4119 (1).
3358 4048 3471 4103 Sed
3502 4053 3558 4104 et
3588 4048 3745 4106 illius

2107 4137 2492 4210 persuadendi
2521 4138 2638 4193 vim
2672 4153 2737 4193 ac
2760 4138 3214 4209 jucunditatem,
3242 4138 3383 4193 utin
3406 4140 3516 4194 hoc
3548 4137 3749 4196 chara-

2105 4235 2278 4294 ctere,
2327 4243 2497 4283 nemo
2557 4228 2653 4299 qui
2702 4243 2836 4284 eum
2890 4233 3216 4297 veneretur,
3257 4229 3743 4285 contemnendam

2105 4318 2298 4374 ducat

2828 4406 3015 4465 CCIX.

2355 4499 2545 4554 Dionis
2592 4497 2959 4568 Chrysostomi
2999 4497 3289 4554 Orationes
3334 4514 3497 4555 Lxxx.

2180 4588 2389 4644 Lectus
2410 4591 2500 4643 est
2524 4587 3147 4658 Dionis(2)orationum
3167 4587 3619 4659 octogintaliber
3647 4588 3745 4660 (3).

2111 4677 2298 4733 Patria
2354 4676 2448 4733 hic
2498 4677 2607 4732 fuit
2635 4677 2966 4743 Prusensis,
3000 4675 3102 4732 sed
3132 4677 3464 4750 tyrannidis
3494 4677 3572 4748 (4)
3607 4679 3747 4734 dum

1711 4836 1952 4890 VARIJE
1991 4835 2399 4892 LECTIONES.

420 4967 441 5000 ⁷
474 4965 802 5042 ὑπογράφειν
843 4967 927 5041 ς’.

1001 4968 1023 5002 ⁸
1060 4971 1161 5035 τῆς
1192 4984 1308 5026 om.
1341 4970 1407 5025 A.
1483 4968 1507 5003 9
1537 4972 1669 5042 post
1698 4970 2050 5044 παρπλήσιον
2080 4985 2232 5026 unus
2263 4970 2322 5025 in
2353 4972 2399 5026 A
2428 4986 2632 5027 versus
2663 4986 2896 5027 vacuus.

1934 5120 2170 5181 NOTE.

406 5264 533 5337 (96)
593 5264 755 5330 Quod
791 5280 924 5338 cum
986 5264 1189 5338 Latina
1228 5281 1337 5321 sua
1375 5265 1592 5335 insigni
1651 5266 1999 5338 interpreta-

348 5335 541 5409 tione,
562 5341 619 5390 et
664 5335 812 5409 sacri
860 5337 1154 5409 prophetae
1187 5343 1342 5392 textu
1383 5338 1564 5394 edidit
1593 5335 1829 5395 Parisiis
1860 5339 1996 5395 doc-

350 5409 480 5465 tiss.
510 5408 684 5463 Joan.
719 5408 1039 5466 Curterius.
1073 5424 1166 5463 an.
1200 5409 1357 5465 1580.

425 5480 532 5552 (97)
564 5479 643 5553 De
674 5479 883 5535 iisdem
919 5479 1190 5553 pluribus
1220 5497 1384 5553 supr.
1412 5481 1540 5536 cod.
1574 5481 1699 5539 482.

421 5551 672 5678 (198)28%ui
724 5551 936 5608 sextus
968 5551 1315 5608 numeratur
1344 5553 1471 5609 cod.
1508 5554 1612 5610 182
1642 5557 1998 5628 iterumque,

354 5639 486 5680 000.
514 5639 644 5677 Ζόυ.

427 5694 534 5767 (99)
563 5695 699 5760 Qum
731 5697 997 5768 excerpta
1023 5694 1177 5769 leges
1208 5696 1331 5754 cod.
1364 5696 1492 5752 230.

2181 5266 2260 5340 (1)
2285 5269 2499 5342 Eadem
2534 5268 2703 5342 plane
2734 5267 2879 5342 κρίσι
2907 5269 3079 5325 etiam
3111 5286 3291 5341 supra
3322 5272 3521 5329 codice
3554 5272 3675 5327 182.

2142 5342 2254 5466 ῐ(ἓ)
2282 5340 2361 5466 ξε
2408 5357 2523 5412 quo
2571 5340 2698 5411 lege
2736 5340 3067 5411 interpretis
3115 5340 3301 5398 Latini
3352 5345 3748 5416 praefationem

2240 5428 2294 5465 υι
2340 5428 2454 5466 am.

2108 5426 2164 5465 θῑ
2194 5426 2454 5468 δυιαιιω.

2179 5484 2253 5555 (3)
2273 5484 2415 5560 Quae
2435 5481 2606 5560 hodie
2636 5499 2840 5560 omnes
2871 5488 3102 5560 exstant
3138 5486 3380 5544 Parisiis
3413 5488 3749 5560 nuperrime

2108 5570 2240 5609 cum
2272 5556 2434 5609 Notis
2466 5555 2659 5610 Graece
2690 5560 2747 5610 et
2778 5556 2976 5611 Latine
3006 5557 3190 5612 editae.

2181 5626 2256 5702 (4)
2291 5631 2326 5702 tt
2360 5627 2850 5702 cujusmentione
2881 5631 3152 5702 orat.,715
3201 5646 3377 5702 quam
3422 5630 3493 5688 de
3539 5631 3745 5689 exsilio

2102 5699 2349 5754 Athenis
2378 5697 2601 5767 habuit,
2636 5698 2963 5755 inchoatam
2996 5700 3209 5758 videas.
