4142 6214
438 316 556 378 679
1634 303 1902 364 PHOTII
1949 302 2468 363 PATRIABCH/E
2511 305 2632 366 CP.
3714 312 3839 375 σεο

443 451 587 523 fugit
611 447 969 512 servitutem,
988 442 1152 500 exsul
1170 443 1378 508 factus,
1395 439 1586 494 varias
1611 439 1936 493 oberrando
1959 454 2070 510 per-

2193 436 2398 506 ταύτης
2431 439 2474 473 ¹⁰
2513 437 2830 511 τυραννίδος
2880 439 3142 496 ἐκκλίνων
3173 439 3440 514 δουλείαν,
3473 445 3563 500 καὶ
3615 443 3848 514 πολλήν

439 542 662 611 agravit
711 539 997 610 regiones.
1046 534 1205 587 Idem
1241 532 1299 585 in
1349 530 1578 586 dicendi
1633 538 1752 583 arte
1783 537 1988 583 acutus
2019 545 2084 582 ac

440 633 621 688 solers
672 635 756 684 est
805 626 1058 691 habitus,
1094 621 1413 694 praesertim
1461 621 1509 673 si
1543 621 1613 674 de
1662 618 2084 689 componendis

441 721 706 776 moribus
741 717 997 772 dandum
1046 717 1200 768 esset
1231 711 1563 767 consilium.
1596 709 1796 780 Viguit
1825 709 2082 779 Trajano

437 811 630 865 Romae
715 807 1056 874 imperante.
1115 817 1248 855 cum
1327 816 1442 870 quo
1523 798 1622 853 diu
1711 795 2082 867 multumque

439 898 597 962 vixit,
641 902 698 951 et
757 896 813 948 in
879 910 946 948 ea
1001 891 1433 946 existimatione
1493 894 1664 958 atque
1721 887 1959 955 honore,
2015 890 2080 940 ut

438 993 653 1044 etcum
679 988 941 1054 Augusto
967 980 1263 1037 communi
1290 978 1582 1034 interdum
1612 981 1883 1047 carpento
1914 975 2079 1029 vehe-

439 1083 615 1132 retur.
678 1075 903 1129 Patrem
952 1071 1151 1126 habuit
1184 1068 1556 1130 Pasicratem,
1591 1065 1786 1120 rhetor
1835 1065 1958 1135 ipse
1989 1065 2076 1118 in-

438 1166 636 1221 stituto
683 1168 856 1233 atque
899 1157 1301 1232 philosOphus.
1335 1156 1583 1210 Tantam
1626 1162 1816 1208 autem
1854 1169 2076 1208 morum

437 1253 804 1310 severitatem
861 1249 1160 1305 affectasse
1202 1248 1416 1312 ferunt,
1465 1249 1526 1298 ut
1557 1244 1704 1299 165
1743 1243 1811 1309 (b)
1848 1242 2079 1298 leonina

436 1361 588 1414 saepe
616 1342 859 1396 indutus
895 1339 1040 1410 pelle
1071 1337 1130 1392 in
1181 1334 1484 1408 publicum
1538 1333 1812 1404 prodiret.
1862 1334 2071 1386 Vocem

439 1433 703 1490 mittebat
735 1430 1011 1499 placidam
1037 1432 1091 1482 et
1122 1427 1367 1490 ﬁrmam,
1388 1424 1652 1478 incessus
1677 1421 1912 1476 minime
1946 1421 2072 1492 qui-

435 1525 564 1579 dem
598 1522 893 1584 incitatus,
928 1519 1021 1571 sed
1060 1533 1170 1572 non
1220 1515 1349 1568 ideo
1391 1512 1582 1582 segnis
1627 1521 1720 1565 aut
1769 1512 2010 1576 fractus,
2043 1527 2076 1564 a

432 1630 542 1683 quo
573 1627 678 1666 nec
712 1607 916 1679 reliqui
951 1605 1208 1677 corporis
1234 1608 1426 1658 motus
1467 1599 1896 1670 discrepabunt.
1932 1599 2075 1654 Gra-

431 1702 559 1757 cilis
594 1700 792 1755 adhere
825 1701 969 1762 erat,
1003 1700 1059 1750 et
1098 1709 1336 1764 corpore
1368 1692 1819 1761 haudquaquam
1854 1698 2034 1744 vasto.

503 1791 804 1847 Orationes
856 1784 1271 1856 conscripsisse
1305 1782 1585 1852 plurimas
1617 1780 1891 1844 referunt,
1926 1795 2073 1848 qua-

436 1898 560 1937 rum
621 1878 912 1948 octoginta
973 1876 1029 1929 in
1092 1889 1250 1927 meas
1292 1871 1621 1925 inciderunt
1666 1884 1911 1922 manus:
1949 1885 2074 1938 qua:

435 1971 672 2043 quidem
724 1966 1012 2022 orationes
1061 1960 1453 2034 Chrysostomi
1479 1961 1607 2030 [hoc
1639 1963 1726 2014 est
1753 1958 1913 2011 aurei
1941 1959 2074 2026 oris]

433 2063 881 2131 cognomentum
919 2055 1001 2111 illi
1046 2054 1194 2124 apud
1229 2052 1356 2122 ejus
1389 2050 1574 2104 {statis
1608 2048 1874 2102 homines
1908 2063 2075 2116 pepe-

431 2148 942 2208 rerunt.Caaterum
978 2144 1285 2216 pleneque,
1320 2144 1381 2194 ut
1413 2138 1698 2204 dicebam,
1741 2135 2072 2190 orationum

429 2243 555 2312 ejus
588 2254 734 2309 quas
771 2235 1006 2308 quidem
1050 2231 1333 2294 noverim,
1367 2227 1654 2282 suasorias.
1689 2225 1795 2279 Sed
1839 2224 2072 2295 quando

424 2345 652 2402 aequum
686 2332 773 2382 est
795 2321 1171 2379 deliberativo
1194 2318 1390 2391 generi
1414 2317 1693 2388 quiddam
1722 2315 1892 2369 etiam
1919 2314 2074 2383 judi-

424 2420 569 2476 ciale
588 2412 940 2488 permisceri,
962 2427 1153 2482 parem
1182 2411 1302 2478 ipse
1327 2409 1594 2462 virtutem
1622 2405 1676 2459 in
1703 2405 1811 2458 hoc
1834 2420 2068 2474 quoque

429 2507 713 2565 orationis
745 2517 955 2574 genere
1005 2499 1257 2555 ostendit
1291 2514 1302 2551 :
1335 2502 1391 2552 et
1425 2497 1572 2550 inter
1603 2510 1803 2550 omnes
1838 2492 2066 2561 quidem

428 2598 675 2654 maxime
735 2591 1030 2650 Rhodiaca.
1083 2591 1226 2644 Nam
1277 2595 1331 2642 et
1381 2589 1575 2639 acrius
1622 2581 2069 2654 enthymematis

427 2687 632 2751 instat,
657 2689 711 2736 et
743 2681 965 2734 brevem
992 2682 1168 2746 atque
1190 2677 1515 2730 contortam
1548 2673 1864 2726 oralionem
1891 2668 2068 2739 (quod

426 2776 630 2832 saltem
663 2774 732 2827 ad
768 2769 1179 2838 characterem)
1202 2766 1532 2828 adhibel,et
1557 2760 1917 2817 vehementia
1941 2774 2067 2815 cum

427 2867 687 2921 ubertate
718 2862 996 2916 abundat.
1032 2855 1326 2928 Exemplis
1377 2856 1617 2924 insuper
1648 2852 1895 2906 maxime
1928 2866 2069 2920 pras-

427 2961 557 3021 strtt,
591 2969 717 3023 quae
750 2951 967 3020 ubique
999 2948 1182 3001 multa
1206 2944 1426 3000 evariis
1460 2943 1636 3014 petita
1667 2941 1861 3005 rebus,
1892 2939 2070 3008 aptis-

2195 524 2401 594 ἐπῆλθε
2440 527 2796 600 πλανώμενος
2844 537 2967 606 γῆν,
3002 532 3181 600 Δεξιὸς
3231 531 3287 587 δὲ
3326 534 3450 608 περὶ
3479 534 3609 596 τοὺς
3642 535 3853 610 λόγους

2194 615 2368 687 ἔδοξεν
2403 621 2558 685 εἶναι,
2590 621 2680 674 καὶ
2742 620 2980 692 μάλιστα
3037 621 3163 684 τοὺς
3213 625 3331 678 ὅσοι
3371 625 3649 697 ῥυθμίζειν
3705 649 3858 700 συμ-

2193 701 2519 761 ϐούλεύουσι
2550 707 2616 760 τὰ
2659 709 2791 778 ἤθη.
2825 710 3075 782 ’Ἤκμασε
3125 708 3181 764 δὲ
3229 713 3362 766 κατὰ
3416 713 3542 774 τοὺς
3603 716 3853 788 γρόνους

2188 799 2285 849 τοῦ
2323 795 2591 869 βασιλέως
2633 799 2925 870 Τραϊανοῦ,
2947 800 3035 852 καὶ
3070 797 3327 854 πλεῖστον
3361 777 3850 877 διέτριψεϋγρόνον

2189 886 2312 959 παρ’
2346 885 2507 956 αὐτῷ,
2541 885 2630 940 καὶ
2682 893 2783 955 τῆς
2815 887 2897 941 ὅτι
2944 888 3180 960 μάλιστα
3213 897 3380 962 τιμῆς
3413 893 3502 945 καὶ
3537 891 3850 962 δεξιώσεως

2187 970 2402 1052 ἔτυχεν,
2463 977 2569 1036 ὡς·
2608 976 2695 1028 καὶ
2769 978 3180 1050 συγκαθέζεσθαι
3241 981 3405 1035 αὐτὸν
3454 987 3533 1052 τῷ
3567 984 3694 1055 [273
3747 989 3852 1058 Η.]

2193 1063 2456 1137 βασιλείῳ
2493 1064 2762 1138 ὀγήματι.
2786 1071 2917 1127 Παῖς
2954 1068 3048 1139 μὲν
3075 1070 3141 1137 ἦν
3175 1070 3218 1104 ίί
3251 1070 3409 1131 οὗτος
3433 1075 3848 1146 Πασικράτους,

2189 1155 2452 1228 σοφιστῆς
2487 1151 2541 1207 δὲ
2573 1155 2660 1207 καί
2705 1153 3009 1231 φιλόσοφος
3057 1158 3120 1212 τὸ
3162 1155 3518 1232 ἐπιτήδευμα.
3553 1161 3676 1216 Ἐπὶ
3710 1184 3854 1217 τοσ-

2189 1247 2345 1296 οῦτον
2393 1240 2439 1296 δ’
2472 1243 2628 1297 αὐτὸν
2660 1251 2758 1313 τῆς
2792 1244 2928 1298 κατᾶ
2953 1247 3015 1299 τὸ
3059 1248 3254 1321 σχῆμά
3315 1269 3442 1324 φασι
3502 1252 3852 1323 σεμνότητος

2187 1333 2601 1403 αντιποιεῖσθαι,
2655 1334 2731 1394 ὡς
2778 1334 2866 1388 καὶ
2929 1338 3154 1404 λεοντῆν
3210 1337 3481 1400 πολλάκις
3526 1338 3848 1414 ἐνημμένον

2185 1423 2454 1475 ποιεῖσθαι
2490 1423 2587 1489 τήν
2629 1421 2884 1494 πρόοδον.
2921 1425 3117 1491 Φωνήν
3171 1422 3217 1478 δ’
3245 1425 3512 1500 ἠρεμαίαν
3548 1429 3700 1507 ipsis:
3743 1434 3846 1487 καί

2185 1511 2461 1583 σταθερὰν.
2493 1512 2588 1565 Καὶ
2631 1510 2895 1584 σχολαῖον
2943 1512 3035 1584 μὲν
3079 1510 3206 1566 ἀλλ’
3239 1513 3337 1568 οὐκ
3381 1510 3848 1590 ἀναϐεϐλημένον

2187 1596 2448 1672 βάδισμα,
2480 1601 2568 1654 καὶ
2627 1600 2803 1655 τᾶλλα
2865 1603 2909 1636 ¹²
2967 1606 3074 1655 τῶν
3133 1605 3453 1676 κινημάτων
3510 1604 3608 1660 οὐκ
3665 1607 3853 1676 ἀσύμ-

2187 1659 2196 1672 I
2354 1659 2362 1671 ι
2437 1659 2446 1667 ’
3246 1659 3280 1676 ΙΙ
3600 1659 3606 1660 ⁷
3672 1659 3695 1661 ’ν
3713 1659 3722 1661 ἡ
3746 1659 3759 1660 7

2184 1710 2335 1764 φωνα
2369 1707 2380 1718 ·
2418 1688 2606 1764 ἰσχνὸς
2639 1687 2683 1744 δ’
2718 1691 2760 1725 ¹³
2790 1690 2854 1758 ἦν
2884 1691 2972 1744 καὶ
3012 1689 3134 1746 οὐδὲ
3169 1691 3336 1766 μέγας
3365 1693 3427 1748 τὸ
3461 1698 3640 1768 σῶμα.
3780 1659 3792 1681 ι

2254 1782 2458 1835 Τοῦτον
2505 1779 2752 1840 πολλούς
2818 1801 2945 1858 φασι
3012 1782 3101 1835 καὶ
3154 1781 3443 1844 ποικίλους
3491 1789 3690 1858 γράψαι
3743 1785 3854 1842 λό-

2183 1889 2317 1942 γους
2353 1888 2364 1900 ·
2401 1871 2449 1922 0".
2485 1867 2529 1923 δ’
2564 1869 2636 1930 εἷς
2689 1872 2956 1944 ἡμετέραν
3009 1872 3303 1948 φθάσαντες
3372 1877 3571 1946 γνῶσιν
3627 1877 3720 1930 τὸν
3781 1881 3852 1931 π’

2183 1957 2462 2030 ἐπλήροον
2520 1959 2768 2032 ἀριθμόν.
2831 1959 3218 2033 Χρυσόστομον
3271 1959 3317 2015 δ’
3349 1963 3510 2016 αὐτὸν
3564 1965 3616 2018 οἱ
3667 1965 3842 2040 λόγοι

2179 2052 2247 2120 τῇ
2307 2053 2422 2101 κατ’
2453 2045 2610 2101 αὐτὸν
2669 2053 2821 2120 γενεᾷ
2879 2045 3171 2102 δεδώκασιν
3238 2048 3614 2123 ἐπονομάζειν.
3669 2055 3840 2110 Ἔστι

2185 2137 2279 2210 μὲν
2319 2134 2427 2206 οὖν,
2472 2137 2601 2205 ὅπερ
2635 2135 2790 2210 ἕῳην,
2824 2138 2886 2192 τὸ
2926 2137 3183 2193 πλεῖστον
3231 2137 3394 2196 αὐτοῦ
3456 2145 3562 2195 τῶν
3613 2142 3838 2215 λόγων,

2180 2225 2270 2286 οὒς
2331 2228 2494 2298 ἡμεῖς
2549 2223 2733 2298 ’ίσμεν,
2768 2221 3230 2300 συμϐουλευτικόν
3255 2245 3268 2258 ·
3302 2230 3392 2283 οἵα
3440 2227 3488 2284 δ’
3536 2229 3696 2297 εἰκὸς,
3729 2234 3840 2288 καὶ

2180 2320 2260 2386 τῷ
2291 2310 2741 2386 συμϐουλευτικῷ
2796 2315 3282 2389 παραπλεκόμενον
3340 2319 3402 2372 τὸ
3459 2319 3569 2372 οἷον
3620 2316 3844 2375 δικανι-

2176 2410 2271 2462 κὸν
2302 2408 2684 2481 παραπλήσιον
2727 2411 2826 2477 τὴν
2859 2408 3057 2481 ἀρετὴν
3088 2408 3182 2462 κάν
3216 2414 3294 2479 τῷ
3336 2411 3483 2485 μέρει
3532 2408 3676 2482 τῷδε
3731 2417 3841 2467 τοῦ

2178 2497 2349 2574 λόγου
2382 2495 2627 2567 δεικνύει,
2659 2500 2745 2553 καὶ
2808 2497 3042 2571 μάλιστα
3089 2504 3196 2553 τῶν
3239 2499 3425 2554 ἄλλων
3461 2502 3486 2555 ὁ
3517 2499 3842 2563 Ῥοδιακός.

2179 2589 2382 2661 Δριμύς
2447 2609 2505 2642 τε
2561 2587 2662 2662 γάρ
2716 2587 2830 2643 ἐστι
2887 2593 3004 2650 τοῖς
3065 2588 3428 2662 ἐνθυμήμασι,
3463 2591 3554 2645 καὶ
3602 2593 3666 2647 τὸ
3718 2613 3852 2646 συν-

2179 2679 2548 2752 εστραμμένον
2582 2678 2714 2752 πρός
2768 2699 2828 2753 γε
2879 2680 2968 2733 τὸν
3013 2679 3180 2734 αὐτοῦ
3213 2687 3538 2757 χαρακτῆρα
3589 2687 3697 2736 τῶν
3749 2681 3854 2737 λό-

2177 2789 2285 2842 γων
2318 2766 2484 2842 ἔχων,
2527 2767 2615 2822 καὶ
2647 2768 2708 2821 τὸ
2739 2766 2953 2823 ἔντονον
2990 2770 3123 2840 μετὰ
3154 2774 3253 2824 τοῦ
3287 2769 3516 2845 γονίμου
3548 2769 3850 2829 πλουτῶν.

2180 2858 2437 2930 Ἄριστος
2518 2855 2574 2912 δὲ
2648 2863 2767 2920 τοῖς
2848 2856 3253 2932 παραδείγμασι
3313 2861 3403 2912 καὶ
3488 2859 3665 2922 πολύς
3720 2860 3852 2916 ἐστι

2181 2949 2484 3019 πανταχοῦ,
2534 2945 2622 2999 καὶ
2681 2943 2950 3016 ποικίλης
3009 2944 3150 3015 ὕλης
3210 2941 3503 3016 λαμϐάνων
3563 2948 3698 3002 αύτᾶ
3747 2953 3854 3005 καὶ

426 3044 570 3098 sime
602 3042 668 3094 ad
706 3039 1064 3109 propositum
1091 3038 1501 3104 argumentum
1535 3029 1954 3085 accommodat.
1982 3025 2069 3079 Li-

427 3133 438 3138 -
552 3136 578 3138 _.
658 3129 667 3138 .
1104 3126 1124 3138 ι-
1161 3125 1171 3138 ι
1247 3124 1255 3138 I
1528 3119 1805 3138 ,,,-A!-__-_
1854 3117 2070 3138 Δ11.......

2185 3039 2477 3108 προσφυῶς
2560 3033 2958 3107 ἁρμοζόμενος.
3021 3033 3209 3107 Χαίρει
3277 3032 3332 3088 δὲ
3421 3036 3655 3107 μάλιστα
3742 3035 3850 3091 καὶ

2267 3124 2289 3138 ,ι
2332 3121 2350 3138 κ
2458 3125 2469 3138 ,
2710 3125 2722 3138 .
3039 3121 3048 3138 ι
3349 3121 3372 3138 κ
3479 3124 3534 3138 ς.
3744 3122 3774 3138 κ
3820 3128 3834 3138 .

427 3129 770 3185 bentissime
819 3141 1048 3196 quoque
1103 3124 1397 3177 fabulosas
1446 3119 1808 3174 narrationes
1851 3117 2073 3186 aliquas

427 3217 848 3274 monitionibus
890 3214 1114 3277 intexit,
1149 3218 1211 3266 ut
1257 3227 1385 3266 eam
1429 3213 1601 3264 etiam
1645 3208 1717 3261 ob
1757 3223 1877 3261 rem
1929 3206 2070 3259 sim-

428 3309 557 3380 plex
578 3306 806 3361 dicendi
838 3319 1018 3370 genus
1037 3305 1401 3356 consectatus
1435 3297 1610 3352 videri
1636 3296 1837 3367 possit.
1865 3295 2072 3348 Rarius

427 3398 581 3455 enim
618 3392 868 3450 Platonis
921 3391 1183 3461 exemplo
1229 3387 1519 3458 ejusmodi
1553 3403 1686 3442 eum
1723 3384 1950 3439 fabulas
1983 3385 2071 3438 af-

425 3488 702 3543 ferenlem
725 3483 942 3548 videas,
968 3497 1088 3549 quae
1110 3481 1194 3550 (ut
1227 3479 1282 3532 in
1309 3475 1741 3547 Borysthenica)
1763 3473 2070 3528 elationem

427 3576 684 3645 aliquam
718 3570 1220 3644 granditatcmque
1262 3565 1504 3621 orationi
1537 3565 1772 3619 addant.
1808 3561 2073 3631 Simplici

425 3665 604 3737 igitur
636 3664 764 3717 idea
797 3660 1111 3733 plurimum
1144 3663 1228 3712 est
1263 3672 1404 3711 usus
1439 3656 1525 3726 (ut
1557 3653 1722 3723 paulo
1757 3658 1891 3707 ante
1923 3652 2072 3706 dixi-

426 3756 580 3825 mus)
621 3752 680 3807 in
732 3750 1028 3812 sensibus,
1062 3745 1358 3802 vocabulis
1406 3745 1544 3799 item
1580 3743 1988 3810 familiaribus,
2021 3749 2074 3797 et

431 3845 654 3918 passim
688 3841 891 3905 obviis,
926 3838 1189 3909 nihilque
1213 3836 1550 3908 compositio
1573 3834 1748 3888 habet
1769 3838 1867 3887 aut
1889 3833 2072 3887 subli-

426 3933 648 3991 mitatis
716 3930 1098 3995 ostentandae,
1153 3932 1248 3981 aut
1325 3924 1620 3993 captandas
1690 3921 2074 3993 jucunditatis

424 4025 613 4096 gratia
662 4023 1019 4076 innovatum.
1054 4018 1121 4072 Et
1170 4033 1322 4082 vero,
1358 4017 1413 4070 in
1471 4014 1661 4068 verbis
1710 4011 1936 4079 saltem,
1969 4027 2073 4064 no-

426 4115 772 4183 minumque
790 4107 1221 4179 conjunctione,
1243 4104 1608 4176 perspicuum
1634 4101 1858 4156 dicendi
1884 4117 2070 4171 genus

424 4204 766 4272 scriptorem
785 4199 938 4253 hunc
956 4195 1315 4269 prepositum
1335 4192 1612 4248 habuisse
1627 4191 1918 4246 existimes
1940 4207 1950 4243 :
1969 4190 2067 4245 sed

423 4297 559 4345 dum
599 4289 828 4358 longius
884 4285 1185 4341 sententias
1220 4283 1605 4338 redditionem
1660 4279 1942 4349 producit,
1982 4279 2068 4332 di-

2189 3121 2611 3196 μυθολογῆμασι
2667 3125 2760 3183 τὰς
2832 3121 3167 3197 παραινέσεις
3244 3121 3674 3189 συνδιαπλὲκειν,
3738 3122 3846 3181 διὸ

2181 3214 2269 3266 καὶ
2335 3213 2397 3266 τὸ
2463 3212 2656 3288 ἀφελὲς
2697 3211 2910 3267 διώκειν
2955 3210 3149 3267 δοκεῖ·
3201 3214 3425 3267 σπάνιον
3480 3213 3575 3287 γὰρ
3629 3212 3679 3267 εἳ
3739 3236 3846 3279 τις

2185 3302 2329 3376 εὕροι
2390 3303 2522 3357 κατᾶ
2571 3303 2661 3356 τὸν
2703 3303 3050 3358 Πλατωνικὸν
3085 3303 3252 3372 ζῆλον
3311 3309 3428 3362 τοῖς
3478 3301 3680 3376 δίαρμα
3739 3308 3842 3360 καὶ

2182 3389 2338 3467 ὄγκον
2396 3391 2836 3470 ἐνεργαζομένοις
2875 3398 2954 3465 τῷ
3008 3392 3179 3468 λόγῳ,
3213 3392 3393 3467 ὥσπερ
3452 3393 3502 3447 ἐν
3540 3398 3618 3465 τῷ
3657 3397 3844 3466 Βορυ-

2183 3483 2431 3552 σϐενικῷ,
2512 3483 2701 3555 μύθοις
2785 3481 2943 3538 αὐτὸν
3030 3483 3452 3557 ἀποχρώμενον.
3537 3485 3664 3554 [532
3733 3486 3838 3559 [1.]

2183 3573 2417 3651 Ἀιρελὴς
2455 3574 2546 3647 μὲν
2584 3574 2673 3628 οὖν
2710 3572 2820 3628 ἐστι
2877 3575 2941 3628 τὰ
2996 3572 3206 3643 πολλὰ,
3230 3575 3303 3635 ὡς
3343 3570 3508 3646 ἔφθην
3544 3576 3588 3610 ¹⁴
3634 3573 3841 3647 εἷ’πὼν,

2183 3672 2300 3726 ταῖς
2333 3665 2576 3732 ἐννοίαις,
2609 3667 2697 3720 καὶ
2744 3670 2849 3721 τῶν
2893 3687 2947 3720 τε
3004 3665 3484 3738 καθωμιλημὲνων
3538 3664 3682 3737 αὐτῷ
3742 3669 3842 3720 καὶ

2185 3755 2631 3823 ἐπιπολαζουσῶν
2673 3757 2726 3808 αἱ
2769 3755 2964 3825 λέξεις,
2997 3754 3082 3809 καὶ
3143 3753 3297 3809 οὐδὲν
3359 3754 3480 3809 οὐδ’
3515 3758 3549 3824 ἡ
3592 3755 3842 3824 σύνταξις

2184 3843 2295 3899 οὐδ’
2327 3843 2414 3898 ἐπὶ
2471 3845 2532 3898 τὸ
2595 3843 2889 3917 βαθύτερον
2921 3841 3048 3898 οὐδέ
3078 3845 3138 3897 τὸ
3170 3840 3612 3914 καθηδυνόμενον
3641 3842 3843 3897 ἐκνεω-

2183 3933 2398 4007 τερίζει.
2435 3933 2536 3988 Καὶ
2569 3933 2630 3985 τό
2662 3953 2724 4004 γε
2762 3930 2848 3985 ἐπὶ
2880 3937 2996 3993 τοῖς
3029 3933 3235 4004 ῥήμασι
3269 3933 3355 3985 καὶ
3405 3935 3474 4003 τῇ
3528 3929 3837 4005 συμπλοκῇ

2183 4027 2288 4078 τῶν
2312 4023 2595 4094 ὀνομάτων
2648 4025 2743 4074 τοῦ
2776 4024 2977 4098 σαφοῦς
3004 4020 3063 4074 ἄν
3096 4041 3177 4082 τις
3210 4018 3448 4075 ἐλπίσειε
3476 4021 3569 4074 τὸν
3597 4041 3839 4094 συγγρπ-

2183 4111 2280 4187 ιρέα
2327 4109 2756 4183 κατεστοχάσθαι
2791 4127 2802 4138 °
2839 4105 2984 4162 αλλὰ
3014 4108 3074 4162 τό
3120 4128 3179 4183 γε
3223 4104 3310 4161 διὰ
3361 4111 3573 4180 μακροῦ
3603 4110 3704 4176 τὴν
3729 4112 3833 4178 τῆς

2181 4196 2420 4260 διανοίας
2452 4196 2709 4252 ἀπόδοσιν
2749 4197 3014 4270 προϊέναι,
3048 4197 3138 4250 καὶ
3169 4201 3286 4256 ταῖς
3319 4189 3607 4258 ἐπιϐολαῖς
3639 4196 3698 4250 ἐκ
3727 4202 3832 4251 τοῦ

2179 4287 2265 4341 ἐπὶ
2299 4287 2552 4342 πλεῖστον
2583 4287 2673 4341 τὸν
2716 4285 2882 4361 λόγον
2917 4283 3336 4360 διαπεπλέχθαι,
3379 4285 3480 4339 οὐκ
3519 4285 3606 4339 ἐπὶ
3642 4291 3832 4358 μικρῷ

423 4377 940 4450 gressionibusque
970 4379 1030 4430 ut
1056 4373 1374 4444 plurimum
1403 4371 1719 4437 orationem
1755 4367 2066 4435 intertexit,

2185 4384 2275 4446 τῆς
2325 4378 2584 4446 τοιαύτης
2630 4376 2787 4430 αὐτὸν
2836 4371 3066 4430 ἐκκλείει
3107 4371 3271 4436 ίδὲας.
3304 4370 3478 4428 Ἀλλὰ
3509 4377 3678 4428 ταῦτα
3727 4374 3828 4445 μὲν

424 4485 538 4523 non
583 4482 786 4536 parum
837 4465 906 4519 ab
956 4465 1064 4519 hoc
1115 4462 1384 4517 instituto
1425 4460 1694 4514 deﬂectit.
1730 4459 2067 4527 Quanquam

426 4557 543 4613 haec
566 4555 801 4625 quidem
829 4553 1077 4608 varietas
1096 4553 1358 4622 quaedam
1385 4547 1914 4616 ideae,characteris
1937 4562 2062 4614 pro-

424 4645 657 4719 prietas,
686 4659 798 4698 non
851 4659 951 4713 pro
984 4642 1104 4697 vitii
1154 4640 1370 4696 indicio
1405 4638 1600 4693 haberi
1648 4635 1884 4689 forsitan
1930 4652 2062 4705 pos-

421 4738 559 4793 sint.
593 4736 665 4789 At
696 4734 849 4803 quod
885 4732 1139 4798 exordia,
1175 4735 1274 4784 aut
1321 4744 1447 4799 quae
1480 4725 1844 4782 exordiorum
1881 4725 2065 4777 instar

420 4833 578 4892 sunt,
609 4821 944 4894 longissime
993 4821 1295 4892 producat,
1327 4817 1383 4870 id
1424 4818 1543 4886 jam
1591 4814 1781 4884 palam
1814 4813 1968 4877 facit,
2009 4816 2064 4866 et

420 4934 547 4973 eum
584 4928 952 4984 nequaquam
986 4908 1361 4964 familiarium
1402 4901 1812 4974 congressibus
1842 4917 2062 4955 accom-

421 5007 713 5062 modatam
777 5001 1006 5057 dicendi
1066 5002 1312 5056 formam
1367 5011 1467 5065 pro
1519 4991 1672 5047 civili
1705 4997 1759 5047 et
1790 4991 2060 5046 historica

419 5113 719 5166 usurpare,
749 5101 804 5154 et
836 5095 1021 5164 majus
1055 5088 1219 5163 quasi
1255 5089 1449 5156 caput,
1475 5097 1644 5153 quam
1671 5080 1962 5152 reliquum
1986 5079 2061 5135 sit

417 5184 696 5239 orationis
728 5201 958 5256 corpus,
990 5181 1285 5251 efﬁngere.

488 5270 824 5328 Orationum
858 5273 1037 5344 igitur
1067 5271 1193 5342 ejus
1222 5271 1474 5338 quatuor
1505 5262 1746 5336 priores,
1781 5260 1850 5314 de
1883 5275 2057 5331 regno

2179 4465 2511 4540 παραλλαγὴ
2549 4465 2592 4502 ¹⁵
2631 4462 2774 4528 ίδέας
2803 4464 2892 4518 καὶ
2934 4470 3283 4541 χαρακτῆρος
3315 4460 3544 4534 ἰδίωμα,
3576 4460 3702 4516 ἀλλ’
3731 4462 3836 4516 οὖν

2179 4555 2352 4616 αἰτίας
2407 4553 2544 4618 ’ίσως
2601 4550 2818 4623 ἔνδειξιν
2881 4548 2997 4627 ἔχει
3033 4554 3076 4588 ¹⁶
3110 4573 3121 4584 ·
3153 4553 3213 4606 τὸ
3248 4550 3292 4606 δ’
3342 4549 3427 4606 ἐπὶ
3482 4553 3837 4625 μακρότατον

2174 4645 2469 4700 ἀποτείνειν
2523 4645 2588 4698 τὰ
2645 4643 2912 4716 προοίμια
3036 4643 3102 4695 τὰ
3159 4645 3278 4695 οἷον
3319 4641 3588 4716 προοίμια
3647 4639 3839 4696 οὐκέτι

2173 4736 2396 4811 ἀφίησιν
2447 4734 2603 4790 αὐτὸν
2671 4735 2733 4788 τὸ
2795 4735 2869 4806 μή
2941 4733 3069 4807 οὐχὶ
3127 4733 3243 4786 ἀντὶ
3303 4735 3341 4768 ³⁷
3391 4731 3683 4787 πολιτικοῦ
3730 4735 3835 4787 καὶ

2172 4829 2548 4900 συγγραφικοῦ
2608 4824 2778 4877 τύπου
2826 4824 2919 4877 τὸν
2951 4821 3040 4877 ἐπὶ
3069 4828 3187 4884 ταῖς
3219 4821 3528 4882 συνουσίαις
3585 4819 3833 4892 ἀλλάξα-

2174 4918 2290 4969 σθαι
2331 4912 2760 4988 παραδεδυκότα,
2791 4912 2879 4967 καὶ
2916 4912 3083 4985 μείζω
3131 4913 3231 4980 τήν
3282 4911 3525 4990 κειραλὴν
3581 4911 3681 4978 τὴν
3745 4911 3830 4974 ὡς

2170 5007 2222 5060 ἓν
2255 5002 2403 5080 λόγῳ
2445 5006 2488 5041 ¹⁸
2513 5009 2609 5058 τοῦ
2642 5001 2841 5058 λοιποῦ
2873 5003 3129 5074 σώματος
3157 4999 3526 5058 διαπλάττειν.

2240 5261 2362 5314 Τῶν
2421 5254 2598 5310 τοίνυν
2651 5253 2831 5328 λόγων
2897 5252 3062 5308 αὑτοῦ
3121 5248 3165 5306 δ’
3196 5252 3318 5328 περὶ
3372 5249 3652 5326 βασιλείας
3718 5252 3825 5326 μὲν

1769 5431 2010 5489 νΑΒιλΕ
2053 5429 2461 5486 LECTIONES.

484 5600 530 5636 ιο
575 5593 861 5676 ταῦτηςυΑ
899 5611 912 5649 ε
950 5596 1048 5660 τήν
1091 5597 1191 5656 τῆς
1404 5596 1445 5631 ﬂ
1594 5589 1660 5658 ἦν
1717 5584 1806 5642 οὖν
1840 5589 1906 5644 Α,
1991 5585 2033 5621 ¹²
2062 5580 2241 5668 τᾶλλα
2270 5585 2312 5637 Α
2349 5582 2449 5637 ετὰ
2481 5579 2648 5638 λοιπά
2680 5578 2737 5636 δέ
2926 5580 2971 5618 ⁸³
3019 5576 3064 5632 δ’
3093 5583 3158 5636 Α.
3205 5597 3218 5635 :
3249 5599 3307 5632 τε
3502 5577 3547 5614 Η
3575 5574 3716 5657 ἔφην
3752 5585 3824 5640 Α,

484 5665 845 5734 παραλλαγης
876 5667 940 5720 Α.
1019 5667 1062 5699 η
1088 5663 1191 5732 ἕξει
1294 5705 1306 5719 .
1386 5665 1429 5702 ¹⁷
1460 5663 1572 5717 ἀντὶ
1605 5661 1734 5734 οὐχὶ
1938 5657 1978 5694 ¹⁸
2009 5653 2060 5709 ἐν
2090 5674 2169 5726 τῳ
2201 5652 2352 5730 λόγῳ

1294 5705 1306 5719 .
1386 5665 1429 5702 ¹⁷
1460 5659 1572 5717 ἀντὶ
1605 5661 1734 5735 οὐχὶ

414 5676 454 5710 ¹⁵
484 5665 845 5746 παραλλαγῆς
876 5667 940 5720 Α.
1019 5667 1062 5699 η
1088 5663 1191 5732 ἕξει

1938 5657 1978 5694 ¹⁸
2009 5653 2060 5709 ἐν
2090 5658 2169 5726 τῷ
2201 5652 2352 5730 λόγῳ
