  <div class='ocr_page' id='page_1' title='image "/cluster/home/n/w/nwhite01/storage/ocr_20150623/103/hvd.32044054112495/360.png"; bbox 0 0 4198 6216; ppageno 0'>
   <div class='ocr_carea' id='block_1_1' title="bbox 286 376 396 439">
    <p class='ocr_par' dir='ltr' id='par_1_1' title="bbox 286 376 396 439">
     <span class='ocr_line' id='line_1_1' title="bbox 286 376 396 439; baseline 0 -3"><span class='ocrx_word' id='word_1_1' title='bbox 286 376 396 439; x_wconf 81' lang='grc'>681</span> 
     </span>
    </p>
   </div>
   <div class='ocr_carea' id='block_1_2' title="bbox 288 502 815 582">
    <p class='ocr_par' dir='ltr' id='par_1_2' title="bbox 288 502 815 582">
     <span class='ocr_line' id='line_1_2' title="bbox 288 502 815 582; baseline -0.011 -19"><span class='ocrx_word' id='word_1_2' title='bbox 288 509 418 563; x_wconf 87' lang='grc' dir='ltr'>εἰσιν</span> <span class='ocrx_word' id='word_1_3' title='bbox 477 502 758 582; x_wconf 80' lang='grc' dir='ltr'>εἰρημένοι</span> <span class='ocrx_word' id='word_1_4' title='bbox 801 523 815 538; x_wconf 67' lang='grc' dir='ltr'>θ</span> 
     </span>
    </p>
   </div>
   <div class='ocr_carea' id='block_1_3' title="bbox 292 586 1937 671">
    <p class='ocr_par' dir='ltr' id='par_1_3' title="bbox 292 586 1937 671">
     <span class='ocr_line' id='line_1_3' title="bbox 292 586 1937 671; baseline -0.002 -19"><span class='ocrx_word' id='word_1_5' title='bbox 292 617 470 671; x_wconf 89' lang='grc' dir='ltr'>μενος,</span> <span class='ocrx_word' id='word_1_6' title='bbox 525 594 694 668; x_wconf 87' lang='grc' dir='ltr'>μῦθον</span> <span class='ocrx_word' id='word_1_7' title='bbox 759 594 853 665; x_wconf 74' lang='grc' dir='ltr'>μέν</span> <span class='ocrx_word' id='word_1_8' title='bbox 937 586 1104 647; x_wconf 77' lang='grc' dir='ltr'>Λίϐυν</span> <span class='ocrx_word' id='word_1_9' title='bbox 1185 592 1543 668; x_wconf 76' lang='grc' dir='ltr'>ἀπαγγέλλει,</span> <span class='ocrx_word' id='word_1_10' title='bbox 1609 595 1821 650; x_wconf 80' lang='grc' dir='ltr'>ἐκείνων</span> <span class='ocrx_word' id='word_1_11' title='bbox 1892 593 1937 648; x_wconf 81' lang='grc' dir='ltr'>δ’</span> 
     </span>
    </p>
   </div>
   <div class='ocr_carea' id='block_1_4' title="bbox 287 678 1936 759">
    <p class='ocr_par' dir='ltr' id='par_1_4' title="bbox 287 678 1936 759">
     <span class='ocr_line' id='line_1_4' title="bbox 287 678 1936 759; baseline -0.001 -19"><span class='ocrx_word' id='word_1_12' title='bbox 287 685 428 741; x_wconf 78' lang='grc' dir='ltr'>ἐστὶν</span> <span class='ocrx_word' id='word_1_13' title='bbox 489 682 812 756; x_wconf 74' lang='grc' dir='ltr'>ἐξημμένος.</span> <span class='ocrx_word' id='word_1_14' title='bbox 873 681 934 738; x_wconf 88' lang='grc' dir='ltr'>Ὁ</span> <span class='ocrx_word' id='word_1_15' title='bbox 1003 679 1052 735; x_wconf 85' lang='grc' dir='ltr'>δ’</span> <span class='ocrx_word' id='word_1_16' title='bbox 1105 678 1262 743; x_wconf 73' lang='grc' dir='ltr'>ἕκτος</span> <span class='ocrx_word' id='word_1_17' title='bbox 1323 683 1366 718; x_wconf 81' lang='grc'>¹⁹</span> <span class='ocrx_word' id='word_1_18' title='bbox 1422 684 1545 758; x_wconf 84' lang='grc' dir='ltr'>περὶ</span> <span class='ocrx_word' id='word_1_19' title='bbox 1619 682 1936 759; x_wconf 73' lang='grc' dir='ltr'>τυραννίδος</span> 
     </span>
    </p>
   </div>
   <div class='ocr_carea' id='block_1_5' title="bbox 289 767 1937 849">
    <p class='ocr_par' dir='ltr' id='par_1_5' title="bbox 289 767 1937 849">
     <span class='ocr_line' id='line_1_5' title="bbox 289 767 1937 849; baseline -0.002 -19"><span class='ocrx_word' id='word_1_20' title='bbox 289 773 465 846; x_wconf 79' lang='grc' dir='ltr'>δίεισι,</span> <span class='ocrx_word' id='word_1_21' title='bbox 489 772 578 827; x_wconf 77' lang='grc' dir='ltr'>καὶ</span> <span class='ocrx_word' id='word_1_22' title='bbox 627 770 750 845; x_wconf 85' lang='grc' dir='ltr'>περὶ</span> <span class='ocrx_word' id='word_1_23' title='bbox 807 770 1002 844; x_wconf 81' lang='grc' dir='ltr'>ἀρετῆς</span> <span class='ocrx_word' id='word_1_24' title='bbox 1062 771 1089 824; x_wconf 99' lang='lat'>6</span> <span class='ocrx_word' id='word_1_25' title='bbox 1128 767 1214 824; x_wconf 81' lang='grc' dir='ltr'>ἐπὶ</span> <span class='ocrx_word' id='word_1_26' title='bbox 1247 772 1446 842; x_wconf 87' lang='grc' dir='ltr'>τούτῳ.</span> <span class='ocrx_word' id='word_1_27' title='bbox 1470 774 1525 827; x_wconf 88' lang='grc' dir='ltr'>Ὁ</span> <span class='ocrx_word' id='word_1_28' title='bbox 1567 770 1622 826; x_wconf 80' lang='grc' dir='ltr'>δὶ</span> <span class='ocrx_word' id='word_1_29' title='bbox 1663 778 1722 827; x_wconf 83' lang='grc' dir='ltr'>Η¹</span> <span class='ocrx_word' id='word_1_30' title='bbox 1755 773 1937 849; x_wconf 81' lang='grc' dir='ltr'>Διογέ-</span> 
     </span>
    </p>
   </div>
   <div class='ocr_carea' id='block_1_6' title="bbox 289 857 1939 940">
    <p class='ocr_par' dir='ltr' id='par_1_6' title="bbox 289 857 1939 940">
     <span class='ocr_line' id='line_1_6' title="bbox 289 857 1939 940; baseline -0.001 -21"><span class='ocrx_word' id='word_1_31' title='bbox 289 887 386 932; x_wconf 86' lang='grc' dir='ltr'>νης</span> <span class='ocrx_word' id='word_1_32' title='bbox 447 864 544 936; x_wconf 80' lang='grc' dir='ltr'>μὲν</span> <span class='ocrx_word' id='word_1_33' title='bbox 611 861 647 930; x_wconf 72' lang='grc' dir='ltr'><strong>ἢ</strong></span> <span class='ocrx_word' id='word_1_34' title='bbox 728 859 1000 934; x_wconf 77' lang='grc' dir='ltr'>Ἰσθμικὸς</span> <span class='ocrx_word' id='word_1_35' title='bbox 1083 858 1404 940; x_wconf 29' lang='grc' dir='ltr'>ἐπιγραφήν.</span> <span class='ocrx_word' id='word_1_36' title='bbox 1443 857 1581 936; x_wconf 78' lang='grc' dir='ltr'>ἔχει,</span> <span class='ocrx_word' id='word_1_37' title='bbox 1633 864 1821 936; x_wconf 79' lang='grc' dir='ltr'>πρᾶξιν</span> <span class='ocrx_word' id='word_1_38' title='bbox 1882 861 1939 918; x_wconf 84' lang='grc' dir='ltr'>δέ</span> 
     </span>
    </p>
   </div>
   <div class='ocr_carea' id='block_1_7' title="bbox 286 949 1934 1027">
    <p class='ocr_par' dir='ltr' id='par_1_7' title="bbox 286 949 1934 1027">
     <span class='ocr_line' id='line_1_7' title="bbox 286 949 1934 1027; baseline -0.001 -17"><span class='ocrx_word' id='word_1_39' title='bbox 286 975 403 1010; x_wconf 91' lang='grc' dir='ltr'>τινα</span> <span class='ocrx_word' id='word_1_40' title='bbox 431 952 522 1007; x_wconf 77' lang='grc' dir='ltr'>καὶ</span> <span class='ocrx_word' id='word_1_41' title='bbox 557 949 756 1024; x_wconf 83' lang='grc' dir='ltr'>λόγους</span> <span class='ocrx_word' id='word_1_42' title='bbox 785 949 1074 1026; x_wconf 83' lang='grc' dir='ltr'>Διογένους</span> <span class='ocrx_word' id='word_1_43' title='bbox 1099 950 1235 1004; x_wconf 81' lang='grc' dir='ltr'>κατὰ</span> <span class='ocrx_word' id='word_1_44' title='bbox 1265 949 1330 1004; x_wconf 79' lang='grc' dir='ltr'>τὰ</span> <span class='ocrx_word' id='word_1_45' title='bbox 1358 952 1576 1024; x_wconf 87' lang='grc' dir='ltr'>’Ἰσθμια</span> <span class='ocrx_word' id='word_1_46' title='bbox 1607 949 1934 1027; x_wconf 71' lang='grc' dir='ltr'>διαγγέλλει.</span> 
     </span>
    </p>
   </div>
   <div class='ocr_carea' id='block_1_8' title="bbox 289 1039 1940 1115">
    <p class='ocr_par' dir='ltr' id='par_1_8' title="bbox 289 1039 1940 1115">
     <span class='ocr_line' id='line_1_8' title="bbox 289 1039 1940 1115; baseline -0.001 -17"><span class='ocrx_word' id='word_1_47' title='bbox 289 1042 392 1099; x_wconf 82' lang='grc' dir='ltr'>Καὶ</span> <span class='ocrx_word' id='word_1_48' title='bbox 451 1043 479 1096; x_wconf 85' lang='lat'>6</span> <span class='ocrx_word' id='word_1_49' title='bbox 520 1044 600 1112; x_wconf 79' lang='grc' dir='ltr'>ϐ’,</span> <span class='ocrx_word' id='word_1_50' title='bbox 633 1041 896 1115; x_wconf 74' lang='grc' dir='ltr'>Διογένης</span> <span class='ocrx_word' id='word_1_51' title='bbox 942 1040 990 1075; x_wconf 74' lang='grc'>²⁰</span> <span class='ocrx_word' id='word_1_52' title='bbox 1045 1040 1079 1107; x_wconf 74' lang='grc' dir='ltr'>ἢ</span> <span class='ocrx_word' id='word_1_53' title='bbox 1124 1039 1252 1112; x_wconf 81' lang='grc' dir='ltr'>Περί</span> <span class='ocrx_word' id='word_1_54' title='bbox 1312 1040 1534 1094; x_wconf 79' lang='grc' dir='ltr'>οἰκετῶν</span> <span class='ocrx_word' id='word_1_55' title='bbox 1587 1043 1656 1110; x_wconf 82' lang='grc'>²¹,</span> <span class='ocrx_word' id='word_1_56' title='bbox 1690 1048 1940 1115; x_wconf 83' lang='grc' dir='ltr'>παραινεῖ</span> 
     </span>
    </p>
   </div>
   <div class='ocr_carea' id='block_1_9' title="bbox 293 1126 1939 1204">
    <p class='ocr_par' dir='ltr' id='par_1_9' title="bbox 293 1126 1939 1204">
     <span class='ocr_line' id='line_1_9' title="bbox 293 1126 1939 1204; baseline -0.001 -18"><span class='ocrx_word' id='word_1_57' title='bbox 293 1134 387 1204; x_wconf 76' lang='grc' dir='ltr'>μὲν</span> <span class='ocrx_word' id='word_1_58' title='bbox 420 1131 658 1192; x_wconf 73' lang='grc' dir='ltr'>ἅπαντας</span> <span class='ocrx_word' id='word_1_59' title='bbox 715 1126 783 1183; x_wconf 82' lang='grc' dir='ltr'>δι’</span> <span class='ocrx_word' id='word_1_60' title='bbox 816 1128 933 1191; x_wconf 76' lang='grc' dir='ltr'>ἐνὸς</span> <span class='ocrx_word' id='word_1_61' title='bbox 971 1131 1270 1202; x_wconf 76' lang='grc' dir='ltr'>προσώπου</span> <span class='ocrx_word' id='word_1_62' title='bbox 1302 1130 1471 1185; x_wconf 84' lang='grc' dir='ltr'>αὐτοῦ</span> <span class='ocrx_word' id='word_1_63' title='bbox 1515 1130 1607 1203; x_wconf 78' lang='grc' dir='ltr'>μὶν</span> <span class='ocrx_word' id='word_1_64' title='bbox 1635 1127 1858 1186; x_wconf 69' lang='grc' dir='ltr'>ἕκαστον</span> <span class='ocrx_word' id='word_1_65' title='bbox 1892 1134 1939 1168; x_wconf 78' lang='grc'>²²</span> 
     </span>
    </p>
   </div>
   <div class='ocr_carea' id='block_1_10' title="bbox 289 1217 1935 1294">
    <p class='ocr_par' dir='ltr' id='par_1_10' title="bbox 289 1217 1935 1294">
     <span class='ocr_line' id='line_1_10' title="bbox 289 1217 1935 1294; baseline -0.002 -17"><span class='ocrx_word' id='word_1_66' title='bbox 289 1221 507 1291; x_wconf 68' lang='grc' dir='ltr'>πολλὴν</span> <span class='ocrx_word' id='word_1_67' title='bbox 569 1219 902 1294; x_wconf 74' lang='grc' dir='ltr'>ἐπιστροφὴν</span> <span class='ocrx_word' id='word_1_68' title='bbox 977 1219 1066 1272; x_wconf 79' lang='grc' dir='ltr'>καὶ</span> <span class='ocrx_word' id='word_1_69' title='bbox 1129 1217 1444 1291; x_wconf 82' lang='grc' dir='ltr'>ἐπιμέλειαν</span> <span class='ocrx_word' id='word_1_70' title='bbox 1519 1223 1790 1275; x_wconf 86' lang='grc' dir='ltr'>ποιεῖσθαι</span> <span class='ocrx_word' id='word_1_71' title='bbox 1870 1222 1935 1290; x_wconf 69' lang='grc'>³³,</span> 
     </span>
    </p>
   </div>
   <div class='ocr_carea' id='block_1_11' title="bbox 1234 500 1258 520">
    <p class='ocr_par' dir='ltr' id='par_1_11' title="bbox 1234 500 1258 520">
     <span class='ocr_line' id='line_1_11' title="bbox 1234 500 1258 520; baseline 0 0"><span class='ocrx_word' id='word_1_72' title='bbox 1234 500 1258 520; x_wconf 55' lang='grc' dir='ltr'>ᾗ</span> 
     </span>
    </p>
   </div>
   <div class='ocr_carea' id='block_1_12' title="bbox 289 1305 1940 1388">
    <p class='ocr_par' dir='ltr' id='par_1_12' title="bbox 289 1305 1940 1388">
     <span class='ocr_line' id='line_1_12' title="bbox 289 1305 1940 1388; baseline -0.006 -21"><span class='ocrx_word' id='word_1_73' title='bbox 289 1313 489 1386; x_wconf 67' lang='grc' dir='ltr'>ὀλίγην</span> <span class='ocrx_word' id='word_1_74' title='bbox 521 1307 578 1365; x_wconf 74' lang='grc' dir='ltr'>δὲ</span> <span class='ocrx_word' id='word_1_75' title='bbox 620 1314 728 1364; x_wconf 83' lang='grc' dir='ltr'>τῶν</span> <span class='ocrx_word' id='word_1_76' title='bbox 771 1305 960 1380; x_wconf 80' lang='grc' dir='ltr'>ἔξωθεν</span> <span class='ocrx_word' id='word_1_77' title='bbox 995 1310 1418 1382; x_wconf 74' lang='grc' dir='ltr'>συμπιπτόντων</span> <span class='ocrx_word' id='word_1_78' title='bbox 1452 1328 1464 1342; x_wconf 82' lang='grc'>⁶</span> <span class='ocrx_word' id='word_1_79' title='bbox 1500 1309 1587 1365; x_wconf 75' lang='grc' dir='ltr'>καί</span> <span class='ocrx_word' id='word_1_80' title='bbox 1630 1312 1706 1383; x_wconf 77' lang='grc' dir='ltr'>μὴ</span> <span class='ocrx_word' id='word_1_81' title='bbox 1739 1318 1940 1388; x_wconf 77' lang='grc' dir='ltr'>χρῆναι</span> 
     </span>
    </p>
   </div>
   <div class='ocr_carea' id='block_1_13' title="bbox 287 1397 1940 1480">
    <p class='ocr_par' dir='ltr' id='par_1_13' title="bbox 287 1397 1940 1480">
     <span class='ocr_line' id='line_1_13' title="bbox 287 1397 1940 1480; baseline -0.001 -24"><span class='ocrx_word' id='word_1_82' title='bbox 287 1402 558 1480; x_wconf 81' lang='grc' dir='ltr'>φεύγοντα</span> <span class='ocrx_word' id='word_1_83' title='bbox 607 1397 823 1454; x_wconf 81' lang='grc' dir='ltr'>διώκειν</span> <span class='ocrx_word' id='word_1_84' title='bbox 893 1399 1108 1469; x_wconf 81' lang='grc' dir='ltr'>οἰκέτην</span> <span class='ocrx_word' id='word_1_85' title='bbox 1145 1420 1158 1435; x_wconf 77' lang='grc' dir='ltr'><strong>ο</strong></span> <span class='ocrx_word' id='word_1_86' title='bbox 1213 1402 1340 1470; x_wconf 78' lang='grc'>[274</span> <span class='ocrx_word' id='word_1_87' title='bbox 1578 1399 1778 1456; x_wconf 82' lang='grc' dir='ltr'>ἄτοπον</span> <span class='ocrx_word' id='word_1_88' title='bbox 1835 1401 1940 1477; x_wconf 82' lang='grc' dir='ltr'>γὰρ</span> 
     </span>
    </p>
   </div>
   <div class='ocr_carea' id='block_1_14' title="bbox 289 1487 1943 1565">
    <p class='ocr_par' dir='ltr' id='par_1_14' title="bbox 289 1487 1943 1565">
     <span class='ocr_line' id='line_1_14' title="bbox 289 1487 1943 1565; baseline -0.002 -17"><span class='ocrx_word' id='word_1_89' title='bbox 289 1491 531 1554; x_wconf 80' lang='grc' dir='ltr'>ἐκείνους</span> <span class='ocrx_word' id='word_1_90' title='bbox 588 1492 682 1565; x_wconf 73' lang='grc' dir='ltr'>μέν</span> <span class='ocrx_word' id='word_1_91' title='bbox 742 1490 942 1552; x_wconf 78' lang='grc' dir='ltr'>κακοὺς</span> <span class='ocrx_word' id='word_1_92' title='bbox 1003 1487 1160 1551; x_wconf 71' lang='grc' dir='ltr'>ὄντας</span> <span class='ocrx_word' id='word_1_93' title='bbox 1190 1489 1430 1559; x_wconf 82' lang='grc' dir='ltr'>ἐλπίζειν</span> <span class='ocrx_word' id='word_1_94' title='bbox 1460 1492 1578 1545; x_wconf 81' lang='grc' dir='ltr'>ἄνευ</span> <span class='ocrx_word' id='word_1_95' title='bbox 1610 1495 1718 1546; x_wconf 80' lang='grc' dir='ltr'>τῶν</span> <span class='ocrx_word' id='word_1_96' title='bbox 1752 1488 1943 1545; x_wconf 84' lang='grc' dir='ltr'>δεσπο-</span> 
     </span>
    </p>
   </div>
   <div class='ocr_carea' id='block_1_15' title="bbox 285 1577 1942 1654">
    <p class='ocr_par' dir='ltr' id='par_1_15' title="bbox 285 1577 1942 1654">
     <span class='ocr_line' id='line_1_15' title="bbox 285 1577 1942 1654; baseline -0.001 -17"><span class='ocrx_word' id='word_1_97' title='bbox 285 1587 396 1638; x_wconf 80' lang='grc' dir='ltr'>τῶν</span> <span class='ocrx_word' id='word_1_98' title='bbox 439 1579 658 1654; x_wconf 77' lang='grc' dir='ltr'>ἄμεινον</span> <span class='ocrx_word' id='word_1_99' title='bbox 694 1580 1006 1654; x_wconf 79' lang='grc' dir='ltr'>βιώσεσθαι,</span> <span class='ocrx_word' id='word_1_100' title='bbox 1038 1578 1165 1640; x_wconf 79' lang='grc' dir='ltr'>τοὺς</span> <span class='ocrx_word' id='word_1_101' title='bbox 1207 1577 1469 1642; x_wconf 84' lang='grc' dir='ltr'>δεσπότας</span> <span class='ocrx_word' id='word_1_102' title='bbox 1509 1577 1564 1634; x_wconf 77' lang='grc' dir='ltr'>δὲ</span> <span class='ocrx_word' id='word_1_103' title='bbox 1730 1580 1942 1650; x_wconf 80' lang='grc' dir='ltr'>ἀξιοῦν-</span> 
     </span>
    </p>
   </div>
   <div class='ocr_carea' id='block_1_16' title="bbox 288 1667 1938 1750">
    <p class='ocr_par' dir='ltr' id='par_1_16' title="bbox 288 1667 1938 1750">
     <span class='ocr_line' id='line_1_16' title="bbox 288 1667 1938 1750; baseline 0.012 -47"><span class='ocrx_word' id='word_1_104' title='bbox 288 1694 385 1735; x_wconf 67' lang='grc' dir='ltr'>τας</span> <span class='ocrx_word' id='word_1_105' title='bbox 415 1672 463 1707; x_wconf 73' lang='lat'>24</span> <span class='ocrx_word' id='word_1_106' title='bbox 492 1668 735 1750; x_wconf 77' lang='grc' dir='ltr'>φαύλους</span> <span class='ocrx_word' id='word_1_107' title='bbox 795 1669 928 1723; x_wconf 78' lang='grc' dir='ltr'>εἶναι</span> <span class='ocrx_word' id='word_1_108' title='bbox 986 1671 1060 1740; x_wconf 81' lang='grc' dir='ltr'>μὴ</span> <span class='ocrx_word' id='word_1_109' title='bbox 1113 1668 1354 1742; x_wconf 79' lang='grc' dir='ltr'>νομίζειν</span> <span class='ocrx_word' id='word_1_110' title='bbox 1388 1668 1608 1743; x_wconf 79' lang='grc' dir='ltr'>ἄμεινον</span> <span class='ocrx_word' id='word_1_111' title='bbox 1644 1667 1862 1740; x_wconf 80' lang='grc' dir='ltr'>διάξειν,</span> <span class='ocrx_word' id='word_1_112' title='bbox 1896 1671 1938 1725; x_wconf 88' lang='grc' dir='ltr'>εἰ</span> 
     </span>
    </p>
   </div>
   <div class='ocr_carea' id='block_1_17' title="bbox 293 1755 1936 1835">
    <p class='ocr_par' dir='ltr' id='par_1_17' title="bbox 293 1755 1936 1835">
     <span class='ocr_line' id='line_1_17' title="bbox 293 1755 1936 1835; baseline 0.001 -20"><span class='ocrx_word' id='word_1_113' title='bbox 293 1764 370 1834; x_wconf 84' lang='grc' dir='ltr'>μή</span> <span class='ocrx_word' id='word_1_114' title='bbox 430 1756 874 1835; x_wconf 73' lang='grc' dir='ltr'>παραπολαύοιεν</span> <span class='ocrx_word' id='word_1_115' title='bbox 931 1760 1029 1827; x_wconf 76' lang='grc' dir='ltr'>τῆς</span> <span class='ocrx_word' id='word_1_116' title='bbox 1095 1762 1201 1813; x_wconf 77' lang='grc' dir='ltr'>τῶν</span> <span class='ocrx_word' id='word_1_117' title='bbox 1261 1755 1536 1833; x_wconf 79' lang='grc' dir='ltr'>δραπετῶν</span> <span class='ocrx_word' id='word_1_118' title='bbox 1594 1761 1936 1830; x_wconf 80' lang='grc' dir='ltr'>σκαιότητος.</span> 
     </span>
    </p>
   </div>
   <div class='ocr_carea' id='block_1_18' title="bbox 287 1845 1946 1924">
    <p class='ocr_par' dir='ltr' id='par_1_18' title="bbox 287 1845 1946 1924">
     <span class='ocr_line' id='line_1_18' title="bbox 287 1845 1946 1924; baseline 0 -20"><span class='ocrx_word' id='word_1_119' title='bbox 287 1853 343 1903; x_wconf 91' lang='grc' dir='ltr'>Ὁ</span> <span class='ocrx_word' id='word_1_120' title='bbox 386 1847 444 1904; x_wconf 67' lang='grc' dir='ltr'>δέ</span> <span class='ocrx_word' id='word_1_121' title='bbox 480 1853 516 1906; x_wconf 88' lang='lat' dir='ltr'>I&#39;</span> <span class='ocrx_word' id='word_1_122' title='bbox 553 1848 802 1921; x_wconf 80' lang='grc' dir='ltr'>Τρωϊκὸς</span> <span class='ocrx_word' id='word_1_123' title='bbox 842 1848 936 1921; x_wconf 75' lang='grc' dir='ltr'>μὲν</span> <span class='ocrx_word' id='word_1_124' title='bbox 975 1845 1127 1902; x_wconf 72' lang='grc' dir='ltr'>ἕλκει</span> <span class='ocrx_word' id='word_1_125' title='bbox 1157 1850 1256 1917; x_wconf 75' lang='grc' dir='ltr'>την</span> <span class='ocrx_word' id='word_1_126' title='bbox 1291 1848 1623 1924; x_wconf 74' lang='grc' dir='ltr'>ἐπιγραφὴν,</span> <span class='ocrx_word' id='word_1_127' title='bbox 1662 1850 1792 1924; x_wconf 78' lang='grc' dir='ltr'>ὑπὲρ</span> <span class='ocrx_word' id='word_1_128' title='bbox 1849 1855 1946 1904; x_wconf 78' lang='grc' dir='ltr'>τοῦ</span> 
     </span>
    </p>
   </div>
   <div class='ocr_carea' id='block_1_19' title="bbox 294 1934 1947 2013">
    <p class='ocr_par' dir='ltr' id='par_1_19' title="bbox 294 1934 1947 2013">
     <span class='ocr_line' id='line_1_19' title="bbox 294 1934 1947 2013; baseline 0 -21"><span class='ocrx_word' id='word_1_129' title='bbox 294 1939 372 2011; x_wconf 86' lang='grc' dir='ltr'>μή</span> <span class='ocrx_word' id='word_1_130' title='bbox 414 1937 628 1992; x_wconf 81' lang='grc' dir='ltr'>ἁλῶναι</span> <span class='ocrx_word' id='word_1_131' title='bbox 670 1934 727 1992; x_wconf 74' lang='grc' dir='ltr'>δὲ</span> <span class='ocrx_word' id='word_1_132' title='bbox 782 1937 844 1990; x_wconf 88' lang='grc' dir='ltr'>τὸ</span> <span class='ocrx_word' id='word_1_133' title='bbox 903 1935 1078 1993; x_wconf 85' lang='grc' dir='ltr'>Ἴλιον</span> <span class='ocrx_word' id='word_1_134' title='bbox 1139 1934 1576 2008; x_wconf 79' lang='grc' dir='ltr'>διεσπούδασται,</span> <span class='ocrx_word' id='word_1_135' title='bbox 1609 1939 1839 2013; x_wconf 79' lang='grc' dir='ltr'>Ὁμήρῳ</span> <span class='ocrx_word' id='word_1_136' title='bbox 1891 1959 1947 1993; x_wconf 88' lang='grc' dir='ltr'>τε</span> 
     </span>
    </p>
   </div>
   <div class='ocr_carea' id='block_1_20' title="bbox 289 2024 1945 2103">
    <p class='ocr_par' dir='ltr' id='par_1_20' title="bbox 289 2024 1945 2103">
     <span class='ocr_line' id='line_1_20' title="bbox 289 2024 1945 2103; baseline 0 -23"><span class='ocrx_word' id='word_1_137' title='bbox 289 2027 426 2083; x_wconf 86' lang='grc' dir='ltr'>γατά</span> <span class='ocrx_word' id='word_1_138' title='bbox 457 2028 520 2082; x_wconf 87' lang='grc' dir='ltr'>τὸ</span> <span class='ocrx_word' id='word_1_139' title='bbox 572 2025 904 2100; x_wconf 77' lang='grc' dir='ltr'>τραχύτερον</span> <span class='ocrx_word' id='word_1_140' title='bbox 946 2024 1331 2103; x_wconf 72' lang='grc' dir='ltr'>προσφέρεται,</span> <span class='ocrx_word' id='word_1_141' title='bbox 1363 2027 1451 2080; x_wconf 85' lang='grc' dir='ltr'>καὶ</span> <span class='ocrx_word' id='word_1_142' title='bbox 1503 2027 1601 2082; x_wconf 77' lang='grc' dir='ltr'>ὅσα</span> <span class='ocrx_word' id='word_1_143' title='bbox 1630 2026 1772 2083; x_wconf 84' lang='grc' dir='ltr'>ἀλλα</span> <span class='ocrx_word' id='word_1_144' title='bbox 1810 2031 1945 2083; x_wconf 83' lang='grc' dir='ltr'>κατὰ</span> 
     </span>
    </p>
   </div>
   <div class='ocr_carea' id='block_1_21' title="bbox 289 2113 1947 2190">
    <p class='ocr_par' dir='ltr' id='par_1_21' title="bbox 289 2113 1947 2190">
     <span class='ocr_line' id='line_1_21' title="bbox 289 2113 1947 2190; baseline -0.001 -18"><span class='ocrx_word' id='word_1_145' title='bbox 289 2118 389 2186; x_wconf 72' lang='grc' dir='ltr'>τὴν</span> <span class='ocrx_word' id='word_1_146' title='bbox 426 2113 636 2174; x_wconf 80' lang='grc' dir='ltr'>Ἰλιάδα</span> <span class='ocrx_word' id='word_1_147' title='bbox 695 2115 841 2187; x_wconf 83' lang='grc' dir='ltr'>αὐτῷ</span> <span class='ocrx_word' id='word_1_148' title='bbox 909 2115 1234 2185; x_wconf 85' lang='grc' dir='ltr'>πεποίηται,</span> <span class='ocrx_word' id='word_1_149' title='bbox 1265 2116 1518 2171; x_wconf 86' lang='grc' dir='ltr'>τάναντία</span> <span class='ocrx_word' id='word_1_150' title='bbox 1567 2118 1782 2178; x_wconf 84' lang='grc' dir='ltr'>τούτοις</span> <span class='ocrx_word' id='word_1_151' title='bbox 1814 2137 1947 2190; x_wconf 87' lang='grc' dir='ltr'>πρα-</span> 
     </span>
    </p>
   </div>
   <div class='ocr_carea' id='block_1_22' title="bbox 289 2201 1946 2282">
    <p class='ocr_par' dir='ltr' id='par_1_22' title="bbox 289 2201 1946 2282">
     <span class='ocr_line' id='line_1_22' title="bbox 289 2201 1946 2282; baseline -0.001 -22"><span class='ocrx_word' id='word_1_152' title='bbox 289 2206 647 2281; x_wconf 86' lang='grc' dir='ltr'>γματεύεται.</span> <span class='ocrx_word' id='word_1_153' title='bbox 687 2205 748 2262; x_wconf 75' lang='grc' dir='ltr'>Ὀ</span> <span class='ocrx_word' id='word_1_154' title='bbox 779 2201 838 2259; x_wconf 78' lang='grc' dir='ltr'>δὲ</span> <span class='ocrx_word' id='word_1_155' title='bbox 867 2203 1191 2277; x_wconf 88' lang='grc' dir='ltr'>Ολυμπικος</span> <span class='ocrx_word' id='word_1_156' title='bbox 1223 2205 1256 2274; x_wconf 74' lang='grc' dir='ltr'><strong>ἢ</strong></span> <span class='ocrx_word' id='word_1_157' title='bbox 1291 2206 1424 2280; x_wconf 84' lang='grc' dir='ltr'>Περὶ</span> <span class='ocrx_word' id='word_1_158' title='bbox 1456 2212 1554 2274; x_wconf 87' lang='grc' dir='ltr'>τῆς</span> <span class='ocrx_word' id='word_1_159' title='bbox 1594 2207 1820 2282; x_wconf 85' lang='grc' dir='ltr'>πρώτης</span> <span class='ocrx_word' id='word_1_160' title='bbox 1850 2211 1946 2260; x_wconf 88' lang='grc' dir='ltr'>τοῦ</span> 
     </span>
    </p>
   </div>
   <div class='ocr_carea' id='block_1_23' title="bbox 291 2293 1946 2370">
    <p class='ocr_par' dir='ltr' id='par_1_23' title="bbox 291 2293 1946 2370">
     <span class='ocr_line' id='line_1_23' title="bbox 291 2293 1946 2370; baseline 0 -20"><span class='ocrx_word' id='word_1_161' title='bbox 291 2300 426 2350; x_wconf 87' lang='grc' dir='ltr'>Θεοῦ</span> <span class='ocrx_word' id='word_1_162' title='bbox 480 2293 712 2361; x_wconf 86' lang='grc' dir='ltr'>ἐννοίας,</span> <span class='ocrx_word' id='word_1_163' title='bbox 773 2293 904 2349; x_wconf 77' lang='grc' dir='ltr'>αὐτὸ</span> <span class='ocrx_word' id='word_1_164' title='bbox 950 2298 1111 2348; x_wconf 91' lang='grc' dir='ltr'>τοῦτο</span> <span class='ocrx_word' id='word_1_165' title='bbox 1178 2295 1515 2370; x_wconf 78' lang='grc' dir='ltr'>πειρώμενος</span> <span class='ocrx_word' id='word_1_166' title='bbox 1572 2293 1946 2363; x_wconf 78' lang='grc' dir='ltr'>ἐπιδεικνύειν,</span> 
     </span>
    </p>
   </div>
   <div class='ocr_carea' id='block_1_24' title="bbox 295 2380 1947 2463">
    <p class='ocr_par' dir='ltr' id='par_1_24' title="bbox 295 2380 1947 2463">
     <span class='ocr_line' id='line_1_24' title="bbox 295 2380 1947 2463; baseline -0.001 -24"><span class='ocrx_word' id='word_1_167' title='bbox 295 2383 578 2446; x_wconf 82' lang='grc' dir='ltr'>ἐνδέκατός</span> <span class='ocrx_word' id='word_1_168' title='bbox 636 2383 797 2439; x_wconf 88' lang='grc' dir='ltr'>ἐστιν.</span> <span class='ocrx_word' id='word_1_169' title='bbox 837 2387 893 2438; x_wconf 72' lang='grc' dir='ltr'><strong>Ὀ</strong></span> <span class='ocrx_word' id='word_1_170' title='bbox 926 2380 982 2438; x_wconf 70' lang='grc' dir='ltr'>δὲ</span> <span class='ocrx_word' id='word_1_171' title='bbox 1012 2386 1121 2452; x_wconf 82' lang='grc' dir='ltr'>ΙΒ’,</span> <span class='ocrx_word' id='word_1_172' title='bbox 1156 2384 1242 2440; x_wconf 85' lang='grc' dir='ltr'>Ἐν</span> <span class='ocrx_word' id='word_1_173' title='bbox 1278 2385 1534 2454; x_wconf 69' lang='grc' dir='ltr'>Ἀθήναις</span> <span class='ocrx_word' id='word_1_174' title='bbox 1591 2386 1713 2459; x_wconf 87' lang='grc' dir='ltr'>περί</span> <span class='ocrx_word' id='word_1_175' title='bbox 1773 2393 1947 2463; x_wconf 80' lang='grc' dir='ltr'>φυγῆς</span> 
     </span>
    </p>
   </div>
   <div class='ocr_carea' id='block_1_25' title="bbox 296 2467 1950 2548">
    <p class='ocr_par' dir='ltr' id='par_1_25' title="bbox 296 2467 1950 2548">
     <span class='ocr_line' id='line_1_25' title="bbox 296 2467 1950 2548; baseline -0.001 -18"><span class='ocrx_word' id='word_1_176' title='bbox 296 2474 610 2548; x_wconf 69' lang='grc' dir='ltr'>ἐπιγραφὴν</span> <span class='ocrx_word' id='word_1_177' title='bbox 667 2467 833 2547; x_wconf 83' lang='grc' dir='ltr'>ἔχων,</span> <span class='ocrx_word' id='word_1_178' title='bbox 865 2471 1077 2545; x_wconf 70' lang='grc' dir='ltr'>εἴρηται</span> <span class='ocrx_word' id='word_1_179' title='bbox 1149 2473 1243 2544; x_wconf 74' lang='grc' dir='ltr'>μὲν</span> <span class='ocrx_word' id='word_1_180' title='bbox 1310 2471 1362 2527; x_wconf 91' lang='grc' dir='ltr'>ἐν</span> <span class='ocrx_word' id='word_1_181' title='bbox 1424 2473 1632 2540; x_wconf 81' lang='grc' dir='ltr'>αὐταῖς,</span> <span class='ocrx_word' id='word_1_182' title='bbox 1677 2471 1830 2528; x_wconf 89' lang='grc' dir='ltr'>δίεισι</span> <span class='ocrx_word' id='word_1_183' title='bbox 1894 2471 1950 2528; x_wconf 73' lang='grc' dir='ltr'>δέ</span> 
     </span>
    </p>
   </div>
   <div class='ocr_carea' id='block_1_26' title="bbox 297 2559 1949 2637">
    <p class='ocr_par' dir='ltr' id='par_1_26' title="bbox 297 2559 1949 2637">
     <span class='ocr_line' id='line_1_26' title="bbox 297 2559 1949 2637; baseline -0.001 -19"><span class='ocrx_word' id='word_1_184' title='bbox 297 2566 379 2624; x_wconf 80' lang='grc' dir='ltr'>ὡς</span> <span class='ocrx_word' id='word_1_185' title='bbox 421 2560 574 2617; x_wconf 77' lang='grc' dir='ltr'>οὐδὲν</span> <span class='ocrx_word' id='word_1_186' title='bbox 606 2565 639 2632; x_wconf 78' lang='grc' dir='ltr'>ἡ</span> <span class='ocrx_word' id='word_1_187' title='bbox 673 2563 818 2637; x_wconf 85' lang='grc' dir='ltr'>φυγὴ</span> <span class='ocrx_word' id='word_1_188' title='bbox 855 2559 1124 2635; x_wconf 83' lang='grc' dir='ltr'>χαλεπὸν,</span> <span class='ocrx_word' id='word_1_189' title='bbox 1151 2562 1241 2615; x_wconf 81' lang='grc' dir='ltr'>καὶ</span> <span class='ocrx_word' id='word_1_190' title='bbox 1276 2561 1350 2622; x_wconf 84' lang='grc' dir='ltr'>ὡς</span> <span class='ocrx_word' id='word_1_191' title='bbox 1381 2563 1430 2597; x_wconf 65' lang='grc'>³⁵</span> <span class='ocrx_word' id='word_1_192' title='bbox 1458 2561 1698 2624; x_wconf 88' lang='grc' dir='ltr'>πλοῦτος</span> <span class='ocrx_word' id='word_1_193' title='bbox 1733 2563 1826 2635; x_wconf 78' lang='grc' dir='ltr'>μὲν</span> <span class='ocrx_word' id='word_1_194' title='bbox 1860 2564 1949 2616; x_wconf 86' lang='grc' dir='ltr'>καὶ</span> 
     </span>
    </p>
   </div>
   <div class='ocr_carea' id='block_1_27' title="bbox 299 2649 1950 2725">
    <p class='ocr_par' dir='ltr' id='par_1_27' title="bbox 299 2649 1950 2725">
     <span class='ocr_line' id='line_1_27' title="bbox 299 2649 1950 2725; baseline -0.001 -17"><span class='ocrx_word' id='word_1_195' title='bbox 299 2651 433 2725; x_wconf 81' lang='grc' dir='ltr'>δόξα</span> <span class='ocrx_word' id='word_1_196' title='bbox 462 2653 552 2706; x_wconf 87' lang='grc' dir='ltr'><strong>καί</strong></span> <span class='ocrx_word' id='word_1_197' title='bbox 599 2649 879 2706; x_wconf 85' lang='grc' dir='ltr'>δυναστεία</span> <span class='ocrx_word' id='word_1_198' title='bbox 919 2653 1108 2706; x_wconf 80' lang='grc' dir='ltr'>θᾶττον</span> <span class='ocrx_word' id='word_1_199' title='bbox 1143 2652 1246 2706; x_wconf 83' lang='grc' dir='ltr'>ἀπὸ</span> <span class='ocrx_word' id='word_1_200' title='bbox 1295 2655 1400 2706; x_wconf 82' lang='grc' dir='ltr'>τῶν</span> <span class='ocrx_word' id='word_1_201' title='bbox 1436 2652 1674 2724; x_wconf 80' lang='grc' dir='ltr'>ἐχόντων</span> <span class='ocrx_word' id='word_1_202' title='bbox 1704 2652 1790 2707; x_wconf 81' lang='grc' dir='ltr'>ἐπὶ</span> <span class='ocrx_word' id='word_1_203' title='bbox 1823 2653 1950 2715; x_wconf 82' lang='grc' dir='ltr'>τοὺς</span> 
     </span>
    </p>
   </div>
   <div class='ocr_carea' id='block_1_28' title="bbox 304 2737 1950 2819">
    <p class='ocr_par' dir='ltr' id='par_1_28' title="bbox 304 2737 1950 2819">
     <span class='ocr_line' id='line_1_28' title="bbox 304 2737 1950 2819; baseline 0.001 -24"><span class='ocrx_word' id='word_1_204' title='bbox 304 2737 440 2813; x_wconf 83' lang='grc' dir='ltr'>μηδ’</span> <span class='ocrx_word' id='word_1_205' title='bbox 480 2738 805 2800; x_wconf 80' lang='grc' dir='ltr'>ἐλπίσαντας</span> <span class='ocrx_word' id='word_1_206' title='bbox 840 2739 1116 2816; x_wconf 80' lang='grc' dir='ltr'>μεταρῥιῖ,</span> <span class='ocrx_word' id='word_1_207' title='bbox 1146 2741 1208 2795; x_wconf 86' lang='grc' dir='ltr'>τὸ</span> <span class='ocrx_word' id='word_1_208' title='bbox 1249 2738 1305 2794; x_wconf 80' lang='grc' dir='ltr'>δὲ</span> <span class='ocrx_word' id='word_1_209' title='bbox 1363 2738 1680 2819; x_wconf 77' lang='grc' dir='ltr'>φιλοσοφεῖν</span> <span class='ocrx_word' id='word_1_210' title='bbox 1722 2742 1810 2797; x_wconf 81' lang='grc' dir='ltr'>καὶ</span> <span class='ocrx_word' id='word_1_211' title='bbox 1851 2744 1950 2809; x_wconf 82' lang='grc' dir='ltr'>τὴν</span> 
     </span>
    </p>
   </div>
   <div class='ocr_carea' id='block_1_29' title="bbox 301 2826 1954 2904">
    <p class='ocr_par' dir='ltr' id='par_1_29' title="bbox 301 2826 1954 2904">
     <span class='ocr_line' id='line_1_29' title="bbox 301 2826 1954 2904; baseline 0.002 -20"><span class='ocrx_word' id='word_1_212' title='bbox 301 2830 504 2904; x_wconf 71' lang='grc' dir='ltr'>ἀρετὴν</span> <span class='ocrx_word' id='word_1_213' title='bbox 547 2829 728 2883; x_wconf 80' lang='grc' dir='ltr'>ἀσκεῖν</span> <span class='ocrx_word' id='word_1_214' title='bbox 787 2827 874 2882; x_wconf 81' lang='grc' dir='ltr'>διὰ</span> <span class='ocrx_word' id='word_1_215' title='bbox 937 2826 1060 2903; x_wconf 85' lang='grc' dir='ltr'>βίου</span> <span class='ocrx_word' id='word_1_216' title='bbox 1105 2849 1164 2882; x_wconf 90' lang='grc' dir='ltr'>τε</span> <span class='ocrx_word' id='word_1_217' title='bbox 1211 2828 1392 2902; x_wconf 69' lang='grc' dir='ltr'>κτῆμα</span> <span class='ocrx_word' id='word_1_218' title='bbox 1451 2826 1690 2901; x_wconf 75' lang='grc' dir='ltr'>διαμένει</span> <span class='ocrx_word' id='word_1_219' title='bbox 1756 2831 1954 2904; x_wconf 84' lang='grc' dir='ltr'>ἀγαθὸν</span> 
     </span>
    </p>
   </div>
   <div class='ocr_carea' id='block_1_30' title="bbox 299 2913 1956 2995">
    <p class='ocr_par' dir='ltr' id='par_1_30' title="bbox 299 2913 1956 2995">
     <span class='ocr_line' id='line_1_30' title="bbox 299 2913 1956 2995; baseline 0.001 -23"><span class='ocrx_word' id='word_1_220' title='bbox 299 2919 395 2972; x_wconf 86' lang='grc' dir='ltr'>καὶ</span> <span class='ocrx_word' id='word_1_221' title='bbox 445 2916 841 2995; x_wconf 78' lang='grc' dir='ltr'>ἀποιχομένοις</span> <span class='ocrx_word' id='word_1_222' title='bbox 896 2917 1194 2972; x_wconf 83' lang='grc' dir='ltr'>συνέπεται.</span> <span class='ocrx_word' id='word_1_223' title='bbox 1236 2919 1297 2974; x_wconf 89' lang='grc' dir='ltr'>Ὁ</span> <span class='ocrx_word' id='word_1_224' title='bbox 1365 2916 1421 2972; x_wconf 77' lang='grc' dir='ltr'>δὲ</span> <span class='ocrx_word' id='word_1_225' title='bbox 1476 2920 1556 2974; x_wconf 84' lang='lat' dir='ltr'>II&quot;</span> <span class='ocrx_word' id='word_1_226' title='bbox 1607 2913 1872 2981; x_wconf 69' lang='grc' dir='ltr'>Εὐϐοϊκὸς</span> <span class='ocrx_word' id='word_1_227' title='bbox 1909 2923 1956 2958; x_wconf 77' lang='grc'>³⁸</span> 
     </span>
    </p>
   </div>
   <div class='ocr_carea' id='block_1_31' title="bbox 300 3004 1954 3083">
    <p class='ocr_par' dir='ltr' id='par_1_31' title="bbox 300 3004 1954 3083">
     <span class='ocr_line' id='line_1_31' title="bbox 300 3004 1954 3083; baseline 0.001 -22"><span class='ocrx_word' id='word_1_228' title='bbox 300 3011 336 3078; x_wconf 72' lang='grc' dir='ltr'><strong>ἢ</strong></span> <span class='ocrx_word' id='word_1_229' title='bbox 404 3007 769 3080; x_wconf 80' lang='grc' dir='ltr'>Κυνηγετικὸς</span> <span class='ocrx_word' id='word_1_230' title='bbox 826 3004 1024 3080; x_wconf 78' lang='grc' dir='ltr'>ἔλαχεν</span> <span class='ocrx_word' id='word_1_231' title='bbox 1063 3005 1394 3083; x_wconf 74' lang='grc' dir='ltr'>ἐπιγραφὴν,</span> <span class='ocrx_word' id='word_1_232' title='bbox 1434 3006 1639 3081; x_wconf 77' lang='grc' dir='ltr'>εἰσάγει</span> <span class='ocrx_word' id='word_1_233' title='bbox 1699 3005 1754 3062; x_wconf 80' lang='grc' dir='ltr'>δέ</span> <span class='ocrx_word' id='word_1_234' title='bbox 1809 3029 1954 3073; x_wconf 89' lang='grc' dir='ltr'>τινας</span> 
     </span>
    </p>
   </div>
   <div class='ocr_carea' id='block_1_32' title="bbox 298 3093 1953 3171">
    <p class='ocr_par' dir='ltr' id='par_1_32' title="bbox 298 3093 1953 3171">
     <span class='ocr_line' id='line_1_32' title="bbox 298 3093 1953 3171; baseline 0.001 -19"><span class='ocrx_word' id='word_1_235' title='bbox 298 3097 355 3152; x_wconf 84' lang='grc' dir='ltr'>ἐν</span> <span class='ocrx_word' id='word_1_236' title='bbox 418 3093 629 3167; x_wconf 77' lang='grc' dir='ltr'>Εὐϐοίᾳ</span> <span class='ocrx_word' id='word_1_237' title='bbox 683 3100 932 3150; x_wconf 89' lang='grc' dir='ltr'>τοιοῦτον</span> <span class='ocrx_word' id='word_1_238' title='bbox 966 3095 1083 3170; x_wconf 82' lang='grc' dir='ltr'>βίον</span> <span class='ocrx_word' id='word_1_239' title='bbox 1126 3098 1399 3171; x_wconf 79' lang='grc' dir='ltr'>βιοῦντας,</span> <span class='ocrx_word' id='word_1_240' title='bbox 1443 3094 1513 3152; x_wconf 90' lang='grc' dir='ltr'>δι’</span> <span class='ocrx_word' id='word_1_241' title='bbox 1544 3099 1617 3151; x_wconf 82' lang='grc' dir='ltr'>ὧν</span> <span class='ocrx_word' id='word_1_242' title='bbox 1650 3118 1953 3154; x_wconf 78' lang='grc' dir='ltr'>κατασκευ-</span> 
     </span>
    </p>
   </div>
   <div class='ocr_carea' id='block_1_33' title="bbox 295 3154 2025 3260">
    <p class='ocr_par' dir='ltr' id='par_1_33' title="bbox 295 3154 2025 3260">
     <span class='ocr_line' id='line_1_33' title="bbox 295 3154 2025 3260; baseline 0.001 -19"><span class='ocrx_word' id='word_1_243' title='bbox 295 3188 421 3256; x_wconf 82' lang='grc' dir='ltr'>άζει</span> <span class='ocrx_word' id='word_1_244' title='bbox 461 3187 535 3248; x_wconf 86' lang='grc' dir='ltr'>ὡς</span> <span class='ocrx_word' id='word_1_245' title='bbox 595 3187 623 3240; x_wconf 89' lang='lat'>6</span> <span class='ocrx_word' id='word_1_246' title='bbox 684 3185 986 3260; x_wconf 80' lang='grc' dir='ltr'>ἀπράγμων</span> <span class='ocrx_word' id='word_1_247' title='bbox 1043 3186 1181 3260; x_wconf 89' lang='grc' dir='ltr'>βίος,</span> <span class='ocrx_word' id='word_1_248' title='bbox 1223 3186 1267 3241; x_wconf 88' lang='grc' dir='ltr'>εἰ</span> <span class='ocrx_word' id='word_1_249' title='bbox 1336 3187 1424 3240; x_wconf 85' lang='grc' dir='ltr'>καὶ</span> <span class='ocrx_word' id='word_1_250' title='bbox 1476 3186 1773 3260; x_wconf 88' lang='grc' dir='ltr'>πενόμενος</span> <span class='ocrx_word' id='word_1_251' title='bbox 1840 3185 1948 3258; x_wconf 85' lang='grc' dir='ltr'>εἰή,</span> <span class='ocrx_word' id='word_1_252' title='bbox 1983 3154 2025 3221; x_wconf 78' lang='lat' dir='ltr'>C</span> 
     </span>
    </p>
   </div>
   <div class='ocr_carea' id='block_1_34' title="bbox 296 3269 1950 3351">
    <p class='ocr_par' dir='ltr' id='par_1_34' title="bbox 296 3269 1950 3351">
     <span class='ocr_line' id='line_1_34' title="bbox 296 3269 1950 3351; baseline -0.001 -21"><span class='ocrx_word' id='word_1_253' title='bbox 296 3271 509 3345; x_wconf 82' lang='grc' dir='ltr'>πολλῷ</span> <span class='ocrx_word' id='word_1_254' title='bbox 547 3279 652 3328; x_wconf 82' lang='grc' dir='ltr'>τῶν</span> <span class='ocrx_word' id='word_1_255' title='bbox 701 3272 753 3327; x_wconf 85' lang='grc' dir='ltr'>ἐν</span> <span class='ocrx_word' id='word_1_256' title='bbox 784 3273 928 3328; x_wconf 81' lang='grc' dir='ltr'>ἄστει</span> <span class='ocrx_word' id='word_1_257' title='bbox 962 3269 1382 3347; x_wconf 74' lang='grc' dir='ltr'>θορυϐουμένων</span> <span class='ocrx_word' id='word_1_258' title='bbox 1412 3295 1470 3328; x_wconf 88' lang='grc' dir='ltr'>τε</span> <span class='ocrx_word' id='word_1_259' title='bbox 1500 3275 1588 3329; x_wconf 86' lang='grc' dir='ltr'>καὶ</span> <span class='ocrx_word' id='word_1_260' title='bbox 1622 3275 1950 3351; x_wconf 76' lang='grc' dir='ltr'>τρυφώντων</span> 
     </span>
    </p>
   </div>
   <div class='ocr_carea' id='block_1_35' title="bbox 294 3362 1955 3437">
    <p class='ocr_par' dir='ltr' id='par_1_35' title="bbox 294 3362 1955 3437">
     <span class='ocr_line' id='line_1_35' title="bbox 294 3362 1955 3437; baseline 0 -17"><span class='ocrx_word' id='word_1_261' title='bbox 294 3364 482 3436; x_wconf 80' lang='grc' dir='ltr'>ἡδίων</span> <span class='ocrx_word' id='word_1_262' title='bbox 531 3385 588 3419; x_wconf 86' lang='grc' dir='ltr'>τε</span> <span class='ocrx_word' id='word_1_263' title='bbox 642 3365 734 3419; x_wconf 86' lang='grc' dir='ltr'>καὶ</span> <span class='ocrx_word' id='word_1_264' title='bbox 821 3362 1284 3437; x_wconf 82' lang='grc' dir='ltr'>λυσιτελέστερος.</span> <span class='ocrx_word' id='word_1_265' title='bbox 1346 3362 1623 3426; x_wconf 86' lang='grc' dir='ltr'>Ῥοδιακὸς</span> <span class='ocrx_word' id='word_1_266' title='bbox 1684 3363 1740 3420; x_wconf 75' lang='grc' dir='ltr'>δὲ</span> <span class='ocrx_word' id='word_1_267' title='bbox 1787 3366 1814 3419; x_wconf 89' lang='grc' dir='ltr'>ὁ</span> <span class='ocrx_word' id='word_1_268' title='bbox 1871 3368 1955 3420; x_wconf 86' lang='grc' dir='ltr'>ΙΔ⁸</span> 
     </span>
    </p>
   </div>
   <div class='ocr_carea' id='block_1_36' title="bbox 295 3448 1956 3530">
    <p class='ocr_par' dir='ltr' id='par_1_36' title="bbox 295 3448 1956 3530">
     <span class='ocr_line' id='line_1_36' title="bbox 295 3448 1956 3530; baseline -0.002 -20"><span class='ocrx_word' id='word_1_269' title='bbox 295 3455 710 3530; x_wconf 82' lang='grc' dir='ltr'>ἐπιγράφεται·</span> <span class='ocrx_word' id='word_1_270' title='bbox 753 3451 804 3506; x_wconf 84' lang='grc' dir='ltr'>ἐν</span> <span class='ocrx_word' id='word_1_271' title='bbox 855 3452 1037 3524; x_wconf 88' lang='grc' dir='ltr'>τούτῳ</span> <span class='ocrx_word' id='word_1_272' title='bbox 1095 3448 1212 3514; x_wconf 76' lang='grc' dir='ltr'>ἔθος</span> <span class='ocrx_word' id='word_1_273' title='bbox 1269 3453 1465 3527; x_wconf 76' lang='grc' dir='ltr'>ἄλογον</span> <span class='ocrx_word' id='word_1_274' title='bbox 1525 3453 1668 3528; x_wconf 86' lang='grc' dir='ltr'>παρά</span> <span class='ocrx_word' id='word_1_275' title='bbox 1724 3452 1956 3518; x_wconf 84' lang='grc' dir='ltr'>Ῥοδίοις</span> 
     </span>
    </p>
   </div>
   <div class='ocr_carea' id='block_1_37' title="bbox 299 3539 1957 3617">
    <p class='ocr_par' dir='ltr' id='par_1_37' title="bbox 299 3539 1957 3617">
     <span class='ocr_line' id='line_1_37' title="bbox 299 3539 1957 3617; baseline 0 -18"><span class='ocrx_word' id='word_1_276' title='bbox 299 3545 539 3617; x_wconf 77' lang='grc' dir='ltr'>ἐπιτιμᾷ</span> <span class='ocrx_word' id='word_1_277' title='bbox 598 3541 935 3598; x_wconf 79' lang='grc' dir='ltr'>ἐπιπολάσαν</span> <span class='ocrx_word' id='word_1_278' title='bbox 996 3542 1064 3600; x_wconf 76' lang='grc'>³⁷.</span> <span class='ocrx_word' id='word_1_279' title='bbox 1120 3542 1194 3599; x_wconf 89' lang='grc' dir='ltr'>Τὸ</span> <span class='ocrx_word' id='word_1_280' title='bbox 1261 3539 1309 3596; x_wconf 84' lang='grc' dir='ltr'>δ’</span> <span class='ocrx_word' id='word_1_281' title='bbox 1371 3543 1460 3610; x_wconf 78' lang='grc' dir='ltr'>ἦν,</span> <span class='ocrx_word' id='word_1_282' title='bbox 1513 3542 1606 3606; x_wconf 84' lang='grc' dir='ltr'>οὓς</span> <span class='ocrx_word' id='word_1_283' title='bbox 1662 3540 1957 3599; x_wconf 74' lang='grc' dir='ltr'>ἐϐούλοντο</span> 
     </span>
    </p>
   </div>
   <div class='ocr_carea' id='block_1_38' title="bbox 298 3631 1957 3709">
    <p class='ocr_par' dir='ltr' id='par_1_38' title="bbox 298 3631 1957 3709">
     <span class='ocr_line' id='line_1_38' title="bbox 298 3631 1957 3709; baseline -0.001 -18"><span class='ocrx_word' id='word_1_284' title='bbox 298 3641 472 3708; x_wconf 75' lang='grc' dir='ltr'>τιμᾷν</span> <span class='ocrx_word' id='word_1_285' title='bbox 545 3632 813 3709; x_wconf 79' lang='grc' dir='ltr'>ἀνδριᾶσι,</span> <span class='ocrx_word' id='word_1_286' title='bbox 871 3634 1086 3696; x_wconf 89' lang='grc' dir='ltr'>τούτοις</span> <span class='ocrx_word' id='word_1_287' title='bbox 1169 3635 1262 3706; x_wconf 74' lang='grc' dir='ltr'>μὲν</span> <span class='ocrx_word' id='word_1_288' title='bbox 1326 3631 1616 3708; x_wconf 86' lang='grc' dir='ltr'>ἀνδριάντα</span> <span class='ocrx_word' id='word_1_289' title='bbox 1672 3635 1957 3690; x_wconf 59' lang='grc' dir='ltr'>ἀνίστασαν</span> 
     </span>
    </p>
   </div>
   <div class='ocr_carea' id='block_1_39' title="bbox 303 3721 1956 3796">
    <p class='ocr_par' dir='ltr' id='par_1_39' title="bbox 303 3721 1956 3796">
     <span class='ocr_line' id='line_1_39' title="bbox 303 3721 1956 3796; baseline -0.002 -14"><span class='ocrx_word' id='word_1_290' title='bbox 303 3723 530 3791; x_wconf 78' lang='grc' dir='ltr'>οὐδένα,</span> <span class='ocrx_word' id='word_1_291' title='bbox 587 3723 715 3779; x_wconf 82' lang='grc' dir='ltr'>τοὺς</span> <span class='ocrx_word' id='word_1_292' title='bbox 774 3721 831 3778; x_wconf 72' lang='grc' dir='ltr'>δὲ</span> <span class='ocrx_word' id='word_1_293' title='bbox 897 3728 1013 3785; x_wconf 86' lang='grc' dir='ltr'>τοῖς</span> <span class='ocrx_word' id='word_1_294' title='bbox 1088 3721 1257 3778; x_wconf 90' lang='grc' dir='ltr'>πάλαι</span> <span class='ocrx_word' id='word_1_295' title='bbox 1318 3721 1696 3796; x_wconf 84' lang='grc' dir='ltr'>ἀνεστηκότας,</span> <span class='ocrx_word' id='word_1_296' title='bbox 1750 3727 1956 3779; x_wconf 89' lang='grc' dir='ltr'>τούτων</span> 
     </span>
    </p>
   </div>
   <div class='ocr_carea' id='block_1_40' title="bbox 304 3811 1957 3889">
    <p class='ocr_par' dir='ltr' id='par_1_40' title="bbox 304 3811 1957 3889">
     <span class='ocr_line' id='line_1_40' title="bbox 304 3811 1957 3889; baseline -0.002 -19"><span class='ocrx_word' id='word_1_297' title='bbox 304 3812 415 3889; x_wconf 68' lang='grc' dir='ltr'>ἄρα</span> <span class='ocrx_word' id='word_1_298' title='bbox 471 3816 516 3850; x_wconf 78' lang='grc'>³⁸</span> <span class='ocrx_word' id='word_1_299' title='bbox 572 3815 606 3884; x_wconf 73' lang='grc' dir='ltr'><strong>ἢ</strong></span> <span class='ocrx_word' id='word_1_300' title='bbox 655 3814 749 3876; x_wconf 82' lang='grc' dir='ltr'>τὰς</span> <span class='ocrx_word' id='word_1_301' title='bbox 807 3811 1109 3889; x_wconf 83' lang='grc' dir='ltr'>ἐπιγραφὰς</span> <span class='ocrx_word' id='word_1_302' title='bbox 1201 3814 1543 3886; x_wconf 83' lang='grc' dir='ltr'>μεταξέοντες</span> <span class='ocrx_word' id='word_1_303' title='bbox 1598 3814 1672 3874; x_wconf 85' lang='grc' dir='ltr'>εἰς</span> <span class='ocrx_word' id='word_1_304' title='bbox 1729 3815 1795 3868; x_wconf 75' lang='grc' dir='ltr'>τὰ</span> <span class='ocrx_word' id='word_1_305' title='bbox 1849 3819 1957 3869; x_wconf 81' lang='grc' dir='ltr'>τῶν</span> 
     </span>
    </p>
   </div>
   <div class='ocr_carea' id='block_1_41' title="bbox 309 3899 1962 3978">
    <p class='ocr_par' dir='ltr' id='par_1_41' title="bbox 309 3899 1962 3978">
     <span class='ocr_line' id='line_1_41' title="bbox 309 3899 1962 3978; baseline -0.001 -20"><span class='ocrx_word' id='word_1_306' title='bbox 309 3901 635 3978; x_wconf 84' lang='grc' dir='ltr'>μελλόντων</span> <span class='ocrx_word' id='word_1_307' title='bbox 687 3904 988 3974; x_wconf 80' lang='grc' dir='ltr'>τιμηθῆναι</span> <span class='ocrx_word' id='word_1_308' title='bbox 1051 3899 1376 3973; x_wconf 71' lang='grc' dir='ltr'>ὀνόματα,ἢ</span> <span class='ocrx_word' id='word_1_309' title='bbox 1417 3902 1495 3972; x_wconf 79' lang='grc' dir='ltr'>τῷ</span> <span class='ocrx_word' id='word_1_310' title='bbox 1555 3900 1742 3975; x_wconf 84' lang='grc' dir='ltr'>χρόνῳ</span> <span class='ocrx_word' id='word_1_311' title='bbox 1823 3899 1962 3974; x_wconf 79' lang='grc' dir='ltr'>μηδὲ</span> 
     </span>
    </p>
   </div>
   <div class='ocr_carea' id='block_1_42' title="bbox 307 3990 1965 4070">
    <p class='ocr_par' dir='ltr' id='par_1_42' title="bbox 307 3990 1965 4070">
     <span class='ocr_line' id='line_1_42' title="bbox 307 3990 1965 4070; baseline -0.001 -24"><span class='ocrx_word' id='word_1_312' title='bbox 307 3991 655 4070; x_wconf 85' lang='grc' dir='ltr'>φαινομένων</span> <span class='ocrx_word' id='word_1_313' title='bbox 715 3990 1130 4066; x_wconf 80' lang='grc' dir='ltr'>ἐπιγράφοντες,</span> <span class='ocrx_word' id='word_1_314' title='bbox 1169 3994 1278 4044; x_wconf 79' lang='grc' dir='ltr'>τῶν</span> <span class='ocrx_word' id='word_1_315' title='bbox 1331 4011 1390 4045; x_wconf 90' lang='grc' dir='ltr'>τε</span> <span class='ocrx_word' id='word_1_316' title='bbox 1433 3991 1744 4069; x_wconf 80' lang='grc' dir='ltr'>οἰχομένων</span> <span class='ocrx_word' id='word_1_317' title='bbox 1791 3992 1852 4044; x_wconf 88' lang='grc' dir='ltr'>τό</span> <span class='ocrx_word' id='word_1_318' title='bbox 1903 4012 1965 4066; x_wconf 90' lang='grc' dir='ltr'>γε</span> 
     </span>
    </p>
   </div>
   <div class='ocr_carea' id='block_1_43' title="bbox 305 4077 1961 4152">
    <p class='ocr_par' dir='ltr' id='par_1_43' title="bbox 305 4077 1961 4152">
     <span class='ocr_line' id='line_1_43' title="bbox 305 4077 1961 4152; baseline -0.003 -14"><span class='ocrx_word' id='word_1_319' title='bbox 305 4084 394 4138; x_wconf 84' lang='grc' dir='ltr'>ἐπ’</span> <span class='ocrx_word' id='word_1_320' title='bbox 439 4082 630 4142; x_wconf 82' lang='grc' dir='ltr'>αὐτοῖς</span> <span class='ocrx_word' id='word_1_321' title='bbox 676 4081 776 4149; x_wconf 72' lang='grc' dir='ltr'>τὴν</span> <span class='ocrx_word' id='word_1_322' title='bbox 819 4083 864 4116; x_wconf 71' lang='grc'>⁸9</span> <span class='ocrx_word' id='word_1_323' title='bbox 893 4081 1062 4152; x_wconf 76' lang='grc' dir='ltr'>τιμῆν</span> <span class='ocrx_word' id='word_1_324' title='bbox 1114 4077 1498 4152; x_wconf 81' lang='grc' dir='ltr'>ἐλυμαίνοντο,</span> <span class='ocrx_word' id='word_1_325' title='bbox 1530 4080 1620 4134; x_wconf 90' lang='grc' dir='ltr'>καὶ</span> <span class='ocrx_word' id='word_1_326' title='bbox 1652 4080 1743 4141; x_wconf 76' lang='grc' dir='ltr'>οὓς</span> <span class='ocrx_word' id='word_1_327' title='bbox 1799 4085 1961 4152; x_wconf 81' lang='grc' dir='ltr'>τιμᾷν</span> 
     </span>
    </p>
   </div>
   <div class='ocr_carea' id='block_1_44' title="bbox 308 4166 1964 4242">
    <p class='ocr_par' dir='ltr' id='par_1_44' title="bbox 308 4166 1964 4242">
     <span class='ocr_line' id='line_1_44' title="bbox 308 4166 1964 4242; baseline -0.003 -14"><span class='ocrx_word' id='word_1_328' title='bbox 308 4169 751 4237; x_wconf 77' lang='grc' dir='ltr'>ὑπεπλάττοντο,</span> <span class='ocrx_word' id='word_1_329' title='bbox 807 4166 1134 4242; x_wconf 86' lang='grc' dir='ltr'>ἀλλοτρίαις</span> <span class='ocrx_word' id='word_1_330' title='bbox 1176 4169 1265 4222; x_wconf 85' lang='grc' dir='ltr'>καὶ</span> <span class='ocrx_word' id='word_1_331' title='bbox 1320 4169 1436 4222; x_wconf 87' lang='grc' dir='ltr'>κατ’</span> <span class='ocrx_word' id='word_1_332' title='bbox 1496 4167 1647 4223; x_wconf 80' lang='grc' dir='ltr'>οὐδὲν</span> <span class='ocrx_word' id='word_1_333' title='bbox 1704 4167 1964 4231; x_wconf 80' lang='grc' dir='ltr'>έοικυίαις</span> 
     </span>
    </p>
   </div>
   <div class='ocr_carea' id='block_1_45' title="bbox 308 4257 1966 4336">
    <p class='ocr_par' dir='ltr' id='par_1_45' title="bbox 308 4257 1966 4336">
     <span class='ocr_line' id='line_1_45' title="bbox 308 4257 1966 4336; baseline -0.002 -16"><span class='ocrx_word' id='word_1_334' title='bbox 308 4263 518 4319; x_wconf 85' lang='grc' dir='ltr'>εἰκόσιν</span> <span class='ocrx_word' id='word_1_335' title='bbox 571 4257 873 4336; x_wconf 76' lang='grc' dir='ltr'>ἐνύϐριζον.</span> <span class='ocrx_word' id='word_1_336' title='bbox 917 4263 1044 4333; x_wconf 90' lang='grc'>[533</span> <span class='ocrx_word' id='word_1_337' title='bbox 1093 4262 1184 4333; x_wconf 62' lang='lat'>11.]</span> <span class='ocrx_word' id='word_1_338' title='bbox 1227 4261 1311 4316; x_wconf 82' lang='lat' dir='ltr'>’Ev</span> <span class='ocrx_word' id='word_1_339' title='bbox 1348 4257 1488 4331; x_wconf 78' lang='grc' dir='ltr'>τῷδε</span> <span class='ocrx_word' id='word_1_340' title='bbox 1542 4265 1621 4332; x_wconf 76' lang='grc' dir='ltr'>τῷ</span> <span class='ocrx_word' id='word_1_341' title='bbox 1671 4259 1820 4335; x_wconf 84' lang='grc' dir='ltr'>λόγῳ</span> <span class='ocrx_word' id='word_1_342' title='bbox 1872 4283 1966 4334; x_wconf 71' lang='grc' dir='ltr'>μευ</span> 
     </span>
    </p>
   </div>
   <div class='ocr_carea' id='block_1_46' title="bbox 306 4347 1965 4430">
    <p class='ocr_par' dir='ltr' id='par_1_46' title="bbox 306 4347 1965 4430">
     <span class='ocr_line' id='line_1_46' title="bbox 306 4347 1965 4430; baseline -0.001 -23"><span class='ocrx_word' id='word_1_343' title='bbox 306 4351 460 4430; x_wconf 81' lang='grc' dir='ltr'>γάλη</span> <span class='ocrx_word' id='word_1_344' title='bbox 517 4355 613 4404; x_wconf 86' lang='grc' dir='ltr'>τοῦ</span> <span class='ocrx_word' id='word_1_345' title='bbox 669 4347 858 4424; x_wconf 86' lang='grc' dir='ltr'>ἀνδρὸς</span> <span class='ocrx_word' id='word_1_346' title='bbox 918 4357 1016 4418; x_wconf 86' lang='grc' dir='ltr'>τῆς</span> <span class='ocrx_word' id='word_1_347' title='bbox 1083 4350 1540 4418; x_wconf 81' lang='grc' dir='ltr'>ἀνασκευαστικῆς</span> <span class='ocrx_word' id='word_1_348' title='bbox 1601 4353 1645 4386; x_wconf 80' lang='grc' dir='ltr'>³ο</span> <span class='ocrx_word' id='word_1_349' title='bbox 1696 4349 1884 4424; x_wconf 85' lang='grc' dir='ltr'>ἰσχύος</span> <span class='ocrx_word' id='word_1_350' title='bbox 1931 4353 1965 4418; x_wconf 83' lang='grc' dir='ltr'><strong>ἡ</strong></span> 
     </span>
    </p>
   </div>
   <div class='ocr_carea' id='block_1_47' title="bbox 309 4437 1967 4516">
    <p class='ocr_par' dir='ltr' id='par_1_47' title="bbox 309 4437 1967 4516">
     <span class='ocr_line' id='line_1_47' title="bbox 309 4437 1967 4516; baseline -0.002 -19"><span class='ocrx_word' id='word_1_351' title='bbox 309 4443 483 4516; x_wconf 84' lang='grc' dir='ltr'>ἀρετή</span> <span class='ocrx_word' id='word_1_352' title='bbox 523 4441 570 4477; x_wconf 63' lang='grc'>³⁵</span> <span class='ocrx_word' id='word_1_353' title='bbox 629 4437 985 4516; x_wconf 86' lang='grc' dir='ltr'>διαφαίνεται.</span> <span class='ocrx_word' id='word_1_354' title='bbox 1019 4441 1079 4496; x_wconf 92' lang='grc' dir='ltr'>Ὁ</span> <span class='ocrx_word' id='word_1_355' title='bbox 1139 4437 1195 4494; x_wconf 75' lang='grc' dir='ltr'>δὲ</span> <span class='ocrx_word' id='word_1_356' title='bbox 1250 4443 1333 4495; x_wconf 87' lang='lat' dir='ltr'>IE&#39;</span> <span class='ocrx_word' id='word_1_357' title='bbox 1387 4441 1529 4515; x_wconf 84' lang='grc' dir='ltr'>Πρὸς</span> <span class='ocrx_word' id='word_1_358' title='bbox 1591 4437 1967 4514; x_wconf 79' lang='grc' dir='ltr'>Ἀλεξανδρεῖς</span> 
     </span>
    </p>
   </div>
   <div class='ocr_carea' id='block_1_48' title="bbox 315 4525 1969 4605">
    <p class='ocr_par' dir='ltr' id='par_1_48' title="bbox 315 4525 1969 4605">
     <span class='ocr_line' id='line_1_48' title="bbox 315 4525 1969 4605; baseline -0.002 -21"><span class='ocrx_word' id='word_1_359' title='bbox 315 4532 418 4604; x_wconf 76' lang='grc' dir='ltr'>μὲν</span> <span class='ocrx_word' id='word_1_360' title='bbox 477 4529 891 4603; x_wconf 83' lang='grc' dir='ltr'>ἐπιγέγραπται,</span> <span class='ocrx_word' id='word_1_361' title='bbox 924 4526 1108 4600; x_wconf 80' lang='grc' dir='ltr'>δήμου</span> <span class='ocrx_word' id='word_1_362' title='bbox 1161 4525 1216 4583; x_wconf 81' lang='grc' dir='ltr'>δὲ</span> <span class='ocrx_word' id='word_1_363' title='bbox 1247 4529 1402 4605; x_wconf 85' lang='grc' dir='ltr'>φύσιν</span> <span class='ocrx_word' id='word_1_364' title='bbox 1434 4528 1784 4584; x_wconf 77' lang='grc' dir='ltr'>ἀναπτύσσων</span> <span class='ocrx_word' id='word_1_365' title='bbox 1838 4530 1969 4583; x_wconf 88' lang='grc' dir='ltr'>ταύ-</span> 
     </span>
    </p>
   </div>
   <div class='ocr_carea' id='block_1_49' title="bbox 311 4615 1966 4692">
    <p class='ocr_par' dir='ltr' id='par_1_49' title="bbox 311 4615 1966 4692">
     <span class='ocr_line' id='line_1_49' title="bbox 311 4615 1966 4692; baseline 0.001 -20"><span class='ocrx_word' id='word_1_366' title='bbox 311 4641 417 4689; x_wconf 83' lang='grc' dir='ltr'>της</span> <span class='ocrx_word' id='word_1_367' title='bbox 457 4616 779 4692; x_wconf 72' lang='grc' dir='ltr'>κατατρέχει</span> <span class='ocrx_word' id='word_1_368' title='bbox 815 4637 827 4649; x_wconf 88' lang='grc'><strong>·</strong></span> <span class='ocrx_word' id='word_1_369' title='bbox 871 4617 961 4671; x_wconf 83' lang='grc' dir='ltr'>καὶ</span> <span class='ocrx_word' id='word_1_370' title='bbox 1023 4619 1105 4671; x_wconf 83' lang='grc' dir='ltr'>ὅτι</span> <span class='ocrx_word' id='word_1_371' title='bbox 1140 4619 1215 4690; x_wconf 83' lang='grc' dir='ltr'>μή</span> <span class='ocrx_word' id='word_1_372' title='bbox 1250 4619 1361 4692; x_wconf 83' lang='grc' dir='ltr'>χρή</span> <span class='ocrx_word' id='word_1_373' title='bbox 1418 4619 1510 4672; x_wconf 89' lang='grc' dir='ltr'>τὸν</span> <span class='ocrx_word' id='word_1_374' title='bbox 1567 4615 1966 4688; x_wconf 77' lang='grc' dir='ltr'>’Δλεξανδρέων</span> 
     </span>
    </p>
   </div>
   <div class='ocr_carea' id='block_1_50' title="bbox 316 4705 1976 4782">
    <p class='ocr_par' dir='ltr' id='par_1_50' title="bbox 316 4705 1976 4782">
     <span class='ocr_line' id='line_1_50' title="bbox 316 4705 1976 4782; baseline -0.001 -18"><span class='ocrx_word' id='word_1_375' title='bbox 316 4708 527 4782; x_wconf 76' lang='grc' dir='ltr'>δῆμον,</span> <span class='ocrx_word' id='word_1_376' title='bbox 563 4705 676 4762; x_wconf 69' lang='grc' dir='ltr'>ἴδια</span> <span class='ocrx_word' id='word_1_377' title='bbox 733 4706 922 4762; x_wconf 78' lang='grc' dir='ltr'>πολλὰ</span> <span class='ocrx_word' id='word_1_378' title='bbox 984 4706 1051 4761; x_wconf 78' lang='grc' dir='ltr'>τὰ</span> <span class='ocrx_word' id='word_1_379' title='bbox 1107 4708 1242 4781; x_wconf 85' lang='grc' dir='ltr'>πρὸς</span> <span class='ocrx_word' id='word_1_380' title='bbox 1299 4708 1494 4782; x_wconf 81' lang='grc' dir='ltr'>ἀρετὴν</span> <span class='ocrx_word' id='word_1_381' title='bbox 1553 4707 1976 4782; x_wconf 83' lang='grc' dir='ltr'>παρακαλοῦντα</span> 
     </span>
    </p>
   </div>
   <div class='ocr_carea' id='block_1_51' title="bbox 316 4795 1974 4873">
    <p class='ocr_par' dir='ltr' id='par_1_51' title="bbox 316 4795 1974 4873">
     <span class='ocr_line' id='line_1_51' title="bbox 316 4795 1974 4873; baseline -0.001 -20"><span class='ocrx_word' id='word_1_382' title='bbox 316 4795 544 4873; x_wconf 81' lang='grc' dir='ltr'>ἔχοντα,</span> <span class='ocrx_word' id='word_1_383' title='bbox 584 4803 684 4866; x_wconf 80' lang='grc' dir='ltr'>τῆς</span> <span class='ocrx_word' id='word_1_384' title='bbox 743 4795 796 4850; x_wconf 85' lang='grc' dir='ltr'>ἐν</span> <span class='ocrx_word' id='word_1_385' title='bbox 843 4801 924 4868; x_wconf 80' lang='grc' dir='ltr'>τῷ</span> <span class='ocrx_word' id='word_1_386' title='bbox 978 4800 1148 4868; x_wconf 88' lang='grc' dir='ltr'>κοινῷ</span> <span class='ocrx_word' id='word_1_387' title='bbox 1213 4795 1658 4867; x_wconf 88' lang='grc' dir='ltr'>ἐπιπολαζούσης</span> <span class='ocrx_word' id='word_1_388' title='bbox 1716 4805 1974 4871; x_wconf 77' lang='grc' dir='ltr'>ταραχῆς</span> 
     </span>
    </p>
   </div>
   <div class='ocr_carea' id='block_1_52' title="bbox 317 4882 1976 4958">
    <p class='ocr_par' dir='ltr' id='par_1_52' title="bbox 317 4882 1976 4958">
     <span class='ocr_line' id='line_1_52' title="bbox 317 4882 1976 4958; baseline 0.001 -20"><span class='ocrx_word' id='word_1_389' title='bbox 317 4885 412 4940; x_wconf 84' lang='grc' dir='ltr'>καὶ</span> <span class='ocrx_word' id='word_1_390' title='bbox 473 4883 692 4954; x_wconf 81' lang='grc' dir='ltr'>ἀταξίας</span> <span class='ocrx_word' id='word_1_391' title='bbox 738 4884 830 4938; x_wconf 84' lang='grc' dir='ltr'>καὶ</span> <span class='ocrx_word' id='word_1_392' title='bbox 893 4882 1051 4938; x_wconf 82' lang='grc' dir='ltr'>αὐτὸν</span> <span class='ocrx_word' id='word_1_393' title='bbox 1094 4883 1229 4938; x_wconf 78' lang='grc' dir='ltr'>εἶναι</span> <span class='ocrx_word' id='word_1_394' title='bbox 1261 4885 1307 4919; x_wconf 70' lang='grc'>⁸2</span> <span class='ocrx_word' id='word_1_395' title='bbox 1337 4882 1695 4958; x_wconf 82' lang='grc' dir='ltr'>ἀνδράποδον,</span> <span class='ocrx_word' id='word_1_396' title='bbox 1740 4885 1976 4957; x_wconf 84' lang='grc' dir='ltr'>μάλιστα</span> 
     </span>
    </p>
   </div>
   <div class='ocr_carea' id='block_1_53' title="bbox 320 4972 1974 5047">
    <p class='ocr_par' dir='ltr' id='par_1_53' title="bbox 320 4972 1974 5047">
     <span class='ocr_line' id='line_1_53' title="bbox 320 4972 1974 5047; baseline 0.001 -19"><span class='ocrx_word' id='word_1_397' title='bbox 320 4973 378 5029; x_wconf 75' lang='grc' dir='ltr'>δὲ</span> <span class='ocrx_word' id='word_1_398' title='bbox 417 4973 928 5046; x_wconf 84' lang='grc' dir='ltr'>παραφυλάττεσθαι</span> <span class='ocrx_word' id='word_1_399' title='bbox 984 4973 1046 5027; x_wconf 89' lang='grc' dir='ltr'>τὸ</span> <span class='ocrx_word' id='word_1_400' title='bbox 1078 4973 1382 5046; x_wconf 83' lang='grc' dir='ltr'>ἁμάρτημα</span> <span class='ocrx_word' id='word_1_401' title='bbox 1431 4973 1566 5028; x_wconf 86' lang='grc' dir='ltr'>κατά</span> <span class='ocrx_word' id='word_1_402' title='bbox 1609 4974 1707 5036; x_wconf 82' lang='grc' dir='ltr'>τὰς</span> <span class='ocrx_word' id='word_1_403' title='bbox 1739 4972 1974 5047; x_wconf 76' lang='grc' dir='ltr'>δημοτε-</span> 
     </span>
    </p>
   </div>
   <div class='ocr_carea' id='block_1_54' title="bbox 320 5061 1975 5138">
    <p class='ocr_par' dir='ltr' id='par_1_54' title="bbox 320 5061 1975 5138">
     <span class='ocr_line' id='line_1_54' title="bbox 320 5061 1975 5138; baseline -0.001 -19"><span class='ocrx_word' id='word_1_404' title='bbox 320 5064 440 5124; x_wconf 90' lang='grc' dir='ltr'>λεῖς</span> <span class='ocrx_word' id='word_1_405' title='bbox 498 5062 829 5138; x_wconf 87' lang='grc' dir='ltr'>πανηγύρεις</span> <span class='ocrx_word' id='word_1_406' title='bbox 889 5062 980 5116; x_wconf 85' lang='grc' dir='ltr'>καὶ</span> <span class='ocrx_word' id='word_1_407' title='bbox 1055 5063 1122 5117; x_wconf 84' lang='grc' dir='ltr'>τὰ</span> <span class='ocrx_word' id='word_1_408' title='bbox 1180 5061 1394 5135; x_wconf 83' lang='grc' dir='ltr'>θέατρα.</span> <span class='ocrx_word' id='word_1_409' title='bbox 1452 5063 1706 5135; x_wconf 83' lang='grc' dir='ltr'>Ταρσικοὶ</span> <span class='ocrx_word' id='word_1_410' title='bbox 1766 5061 1822 5118; x_wconf 77' lang='grc' dir='ltr'>δὲ</span> <span class='ocrx_word' id='word_1_411' title='bbox 1880 5061 1975 5118; x_wconf 88' lang='grc' dir='ltr'>δύο</span> 
     </span>
    </p>
   </div>
   <div class='ocr_carea' id='block_1_55' title="bbox 319 5149 1976 5229">
    <p class='ocr_par' dir='ltr' id='par_1_55' title="bbox 319 5149 1976 5229">
     <span class='ocr_line' id='line_1_55' title="bbox 319 5149 1976 5229; baseline 0.002 -24"><span class='ocrx_word' id='word_1_412' title='bbox 319 5151 512 5229; x_wconf 79' lang='grc' dir='ltr'>ἐφεξῆς</span> <span class='ocrx_word' id='word_1_413' title='bbox 571 5151 876 5228; x_wconf 74' lang='grc' dir='ltr'>ἐπιγραφῆς</span> <span class='ocrx_word' id='word_1_414' title='bbox 924 5149 1143 5225; x_wconf 82' lang='grc' dir='ltr'>ἔτυχον,</span> <span class='ocrx_word' id='word_1_415' title='bbox 1178 5153 1252 5206; x_wconf 83' lang='grc' dir='ltr'>ὢν</span> <span class='ocrx_word' id='word_1_416' title='bbox 1310 5153 1337 5204; x_wconf 89' lang='grc' dir='ltr'><strong>ὁ</strong></span> <span class='ocrx_word' id='word_1_417' title='bbox 1389 5152 1484 5224; x_wconf 75' lang='grc' dir='ltr'>μὲν</span> <span class='ocrx_word' id='word_1_418' title='bbox 1514 5155 1565 5206; x_wconf 85' lang='grc' dir='ltr'>α’</span> <span class='ocrx_word' id='word_1_419' title='bbox 1605 5152 1822 5208; x_wconf 78' lang='grc' dir='ltr'>ἔπαινόν</span> <span class='ocrx_word' id='word_1_420' title='bbox 1854 5174 1976 5208; x_wconf 85' lang='grc' dir='ltr'>τινα</span> 
     </span>
    </p>
   </div>
   <div class='ocr_carea' id='block_1_56' title="bbox 319 5237 1973 5315">
    <p class='ocr_par' dir='ltr' id='par_1_56' title="bbox 319 5237 1973 5315">
     <span class='ocr_line' id='line_1_56' title="bbox 319 5237 1973 5315; baseline -0.001 -18"><span class='ocrx_word' id='word_1_421' title='bbox 319 5248 422 5310; x_wconf 81' lang='grc' dir='ltr'>τῆς</span> <span class='ocrx_word' id='word_1_422' title='bbox 459 5239 679 5303; x_wconf 86' lang='grc' dir='ltr'>πόλεως</span> <span class='ocrx_word' id='word_1_423' title='bbox 711 5237 1021 5315; x_wconf 79' lang='grc' dir='ltr'>ἐπιτρέχων</span> <span class='ocrx_word' id='word_1_424' title='bbox 1067 5239 1166 5295; x_wconf 81' lang='grc' dir='ltr'>οὐκ</span> <span class='ocrx_word' id='word_1_425' title='bbox 1216 5237 1541 5314; x_wconf 82' lang='grc' dir='ltr'>εὐδαίμονας</span> <span class='ocrx_word' id='word_1_426' title='bbox 1584 5240 1788 5302; x_wconf 84' lang='grc' dir='ltr'>ἐκείνας</span> <span class='ocrx_word' id='word_1_427' title='bbox 1836 5241 1973 5296; x_wconf 84' lang='grc' dir='ltr'>ἀπο-</span> 
     </span>
    </p>
   </div>
   <div class='ocr_carea' id='block_1_57' title="bbox 1424 375 2561 442">
    <p class='ocr_par' dir='ltr' id='par_1_57' title="bbox 1424 375 2561 442">
     <span class='ocr_line' id='line_1_57' title="bbox 1424 375 2561 442; baseline 0.002 -6"><span class='ocrx_word' id='word_1_428' title='bbox 1424 375 1965 439; x_wconf 81' lang='lat' dir='ltr'>BIBLIO&#39;I‘HECA.</span> <span class='ocrx_word' id='word_1_429' title='bbox 2013 409 2090 422; x_wconf 97' lang='lat'><strong>—</strong></span> <span class='ocrx_word' id='word_1_430' title='bbox 2136 376 2311 439; x_wconf 87' lang='lat' dir='ltr'>COD.</span> <span class='ocrx_word' id='word_1_431' title='bbox 2360 379 2561 442; x_wconf 85' lang='lat' dir='ltr'>CCIX.</span> 
     </span>
    </p>
   </div>
   <div class='ocr_carea' id='block_1_58' title="bbox 870 501 1954 586">
    <p class='ocr_par' dir='ltr' id='par_1_58' title="bbox 870 501 1933 586">
     <span class='ocr_line' id='line_1_58' title="bbox 870 501 1933 586; baseline 0.003 -28"><span class='ocrx_word' id='word_1_432' title='bbox 870 501 959 558; x_wconf 84' lang='grc' dir='ltr'>καὶ</span> <span class='ocrx_word' id='word_1_433' title='bbox 1027 501 1054 556; x_wconf 86' lang='grc' dir='ltr'>ὁ</span> <span class='ocrx_word' id='word_1_434' title='bbox 1113 504 1173 559; x_wconf 87' lang='lat' dir='ltr'>E&#39;</span> <span class='ocrx_word' id='word_1_435' title='bbox 1231 501 1306 574; x_wconf 73' lang='grc' dir='ltr'>δέ,</span> <span class='ocrx_word' id='word_1_436' title='bbox 1342 501 1578 567; x_wconf 76' lang='grc' dir='ltr'>Λιϐυκὸς</span> <span class='ocrx_word' id='word_1_437' title='bbox 1636 506 1933 586; x_wconf 74' lang='grc' dir='ltr'>ἐπιγραφόο</span> 
     </span>
    </p>
   </div>
   <div class='ocr_carea' id='block_1_59' title="bbox 2061 501 3690 586">
    <p class='ocr_par' dir='ltr' id='par_1_59' title="bbox 2061 509 3690 583">
     <span class='ocr_line' id='line_1_59' title="bbox 2061 509 3690 583; baseline 0.004 -19"><span class='ocrx_word' id='word_1_438' title='bbox 2061 509 2216 566; x_wconf 64' lang='lat' dir='ltr'>iictw</span> <span class='ocrx_word' id='word_1_439' title='bbox 2241 514 2397 566; x_wconf 89' lang='lat' dir='ltr'>sunt.</span> <span class='ocrx_word' id='word_1_440' title='bbox 2431 510 2640 574; x_wconf 88' lang='lat' dir='ltr'>Quinta</span> <span class='ocrx_word' id='word_1_441' title='bbox 2669 510 2826 578; x_wconf 88' lang='lat' dir='ltr'>dein,</span> <span class='ocrx_word' id='word_1_442' title='bbox 2858 526 2984 581; x_wconf 85' lang='lat' dir='ltr'>quas</span> <span class='ocrx_word' id='word_1_443' title='bbox 3014 511 3215 582; x_wconf 82' lang='lat' dir='ltr'>Libyca</span> <span class='ocrx_word' id='word_1_444' title='bbox 3247 516 3501 583; x_wconf 81' lang='lat' dir='ltr'>vocatur,</span> <span class='ocrx_word' id='word_1_445' title='bbox 3533 517 3589 571; x_wconf 89' lang='lat' dir='ltr'>et</span> <span class='ocrx_word' id='word_1_446' title='bbox 3618 514 3690 570; x_wconf 87' lang='lat' dir='ltr'>ab</span> 
     </span>
    </p>
   </div>
   <div class='ocr_carea' id='block_1_60' title="bbox 3574 382 3695 441">
    <p class='ocr_par' dir='ltr' id='par_1_60' title="bbox 3574 382 3695 441">
     <span class='ocr_line' id='line_1_60' title="bbox 3574 382 3695 441; baseline 0 0"><span class='ocrx_word' id='word_1_447' title='bbox 3574 382 3695 441; x_wconf 77' lang='grc'>682</span> 
     </span>
    </p>
   </div>
   <div class='ocr_carea' id='block_1_61' title="bbox 2047 597 3688 673">
    <p class='ocr_par' dir='ltr' id='par_1_61' title="bbox 2047 597 3688 673">
     <span class='ocr_line' id='line_1_61' title="bbox 2047 597 3688 673; baseline 0.004 -22"><span class='ocrx_word' id='word_1_448' title='bbox 2047 597 2163 653; x_wconf 85' lang='lat' dir='ltr'>illis</span> <span class='ocrx_word' id='word_1_449' title='bbox 2218 599 2537 655; x_wconf 86' lang='lat' dir='ltr'>etiamnum</span> <span class='ocrx_word' id='word_1_450' title='bbox 2597 599 2904 670; x_wconf 83' lang='lat' dir='ltr'>dependet,</span> <span class='ocrx_word' id='word_1_451' title='bbox 2955 599 3216 656; x_wconf 87' lang='lat' dir='ltr'>fabulam</span> <span class='ocrx_word' id='word_1_452' title='bbox 3267 602 3447 673; x_wconf 83' lang='lat' dir='ltr'><strong>Libyn</strong></span> <span class='ocrx_word' id='word_1_453' title='bbox 3499 603 3688 660; x_wconf 79' lang='lat' dir='ltr'>refert.</span> 
     </span>
    </p>
   </div>
   <div class='ocr_carea' id='block_1_62' title="bbox 2048 687 3691 759">
    <p class='ocr_par' dir='ltr' id='par_1_62' title="bbox 2048 687 3691 759">
     <span class='ocr_line' id='line_1_62' title="bbox 2048 687 3691 759; baseline 0.003 -18"><span class='ocrx_word' id='word_1_454' title='bbox 2048 688 2200 742; x_wconf 73' lang='lat'>166</span> <span class='ocrx_word' id='word_1_455' title='bbox 2229 687 2310 758; x_wconf 89' lang='lat' dir='ltr'>(a)</span> <span class='ocrx_word' id='word_1_456' title='bbox 2343 687 2476 742; x_wconf 86' lang='lat' dir='ltr'>Eam</span> <span class='ocrx_word' id='word_1_457' title='bbox 2507 688 2719 758; x_wconf 85' lang='lat' dir='ltr'>excipit</span> <span class='ocrx_word' id='word_1_458' title='bbox 2750 692 2930 755; x_wconf 86' lang='lat' dir='ltr'>sexta,</span> <span class='ocrx_word' id='word_1_459' title='bbox 2954 704 3084 759; x_wconf 73' lang='lat' dir='ltr'>quas</span> <span class='ocrx_word' id='word_1_460' title='bbox 3106 689 3175 743; x_wconf 89' lang='lat' dir='ltr'>de</span> <span class='ocrx_word' id='word_1_461' title='bbox 3198 691 3503 756; x_wconf 82' lang='lat' dir='ltr'>tyrannide</span> <span class='ocrx_word' id='word_1_462' title='bbox 3532 707 3691 746; x_wconf 89' lang='lat' dir='ltr'>com-</span> 
     </span>
    </p>
   </div>
   <div class='ocr_carea' id='block_1_63' title="bbox 2048 777 3690 850">
    <p class='ocr_par' dir='ltr' id='par_1_63' title="bbox 2048 777 3690 850">
     <span class='ocr_line' id='line_1_63' title="bbox 2048 777 3690 850; baseline 0.001 -18"><span class='ocrx_word' id='word_1_463' title='bbox 2048 783 2333 832; x_wconf 83' lang='lat' dir='ltr'>memorat</span> <span class='ocrx_word' id='word_1_464' title='bbox 2359 794 2371 831; x_wconf 90' lang='lat'><strong>:</strong></span> <span class='ocrx_word' id='word_1_465' title='bbox 2407 785 2466 832; x_wconf 87' lang='lat' dir='ltr'>ut</span> <span class='ocrx_word' id='word_1_466' title='bbox 2497 779 2568 833; x_wconf 88' lang='lat' dir='ltr'>de</span> <span class='ocrx_word' id='word_1_467' title='bbox 2600 777 2810 834; x_wconf 88' lang='lat' dir='ltr'>virtute</span> <span class='ocrx_word' id='word_1_468' title='bbox 2841 779 3112 850; x_wconf 89' lang='lat' dir='ltr'>septima.</span> <span class='ocrx_word' id='word_1_469' title='bbox 3155 778 3384 845; x_wconf 87' lang='lat' dir='ltr'>Octava,</span> <span class='ocrx_word' id='word_1_470' title='bbox 3416 781 3690 850; x_wconf 75' lang='lat' dir='ltr'>Diogenis,</span> 
     </span>
    </p>
   </div>
   <div class='ocr_carea' id='block_1_64' title="bbox 2047 867 3694 940">
    <p class='ocr_par' dir='ltr' id='par_1_64' title="bbox 2047 867 3694 940">
     <span class='ocr_line' id='line_1_64' title="bbox 2047 867 3694 940; baseline 0.002 -18"><span class='ocrx_word' id='word_1_471' title='bbox 2047 867 2168 922; x_wconf 89' lang='lat' dir='ltr'>sive</span> <span class='ocrx_word' id='word_1_472' title='bbox 2217 869 2487 924; x_wconf 76' lang='lat' dir='ltr'>Isthmicae</span> <span class='ocrx_word' id='word_1_473' title='bbox 2539 867 2776 924; x_wconf 80' lang='lat' dir='ltr'>titulum</span> <span class='ocrx_word' id='word_1_474' title='bbox 2837 869 3164 939; x_wconf 66' lang='lat' dir='ltr'>praeferens,</span> <span class='ocrx_word' id='word_1_475' title='bbox 3222 869 3371 924; x_wconf 86' lang='lat' dir='ltr'>facta</span> <span class='ocrx_word' id='word_1_476' title='bbox 3429 870 3694 940; x_wconf 82' lang='lat' dir='ltr'>quaedam</span> 
     </span>
    </p>
   </div>
   <div class='ocr_carea' id='block_1_65' title="bbox 2048 955 3694 1028">
    <p class='ocr_par' dir='ltr' id='par_1_65' title="bbox 2048 955 3694 1028">
     <span class='ocr_line' id='line_1_65' title="bbox 2048 955 3694 1028; baseline 0.001 -17"><span class='ocrx_word' id='word_1_477' title='bbox 2048 955 2317 1028; x_wconf 89' lang='lat' dir='ltr'>dictaque</span> <span class='ocrx_word' id='word_1_478' title='bbox 2349 956 2622 1028; x_wconf 84' lang='lat' dir='ltr'>Diogenis</span> <span class='ocrx_word' id='word_1_479' title='bbox 2653 956 2712 1012; x_wconf 91' lang='lat' dir='ltr'>in</span> <span class='ocrx_word' id='word_1_480' title='bbox 2747 956 3032 1012; x_wconf 88' lang='lat' dir='ltr'>Isthmicis</span> <span class='ocrx_word' id='word_1_481' title='bbox 3084 960 3308 1012; x_wconf 87' lang='lat' dir='ltr'>narrat.</span> <span class='ocrx_word' id='word_1_482' title='bbox 3344 957 3528 1026; x_wconf 90' lang='lat' dir='ltr'>Nona,</span> <span class='ocrx_word' id='word_1_483' title='bbox 3561 959 3694 1012; x_wconf 82' lang='lat' dir='ltr'>Dio-</span> 
     </span>
    </p>
   </div>
   <div class='ocr_carea' id='block_1_66' title="bbox 2047 1045 3695 1116">
    <p class='ocr_par' dir='ltr' id='par_1_66' title="bbox 2047 1045 3695 1116">
     <span class='ocr_line' id='line_1_66' title="bbox 2047 1045 3695 1116; baseline 0.001 -15"><span class='ocrx_word' id='word_1_484' title='bbox 2047 1062 2209 1114; x_wconf 79' lang='lat' dir='ltr'>genes</span> <span class='ocrx_word' id='word_1_485' title='bbox 2239 1062 2470 1116; x_wconf 88' lang='lat' dir='ltr'>quoque</span> <span class='ocrx_word' id='word_1_486' title='bbox 2522 1045 2757 1112; x_wconf 90' lang='lat' dir='ltr'>dicitur,</span> <span class='ocrx_word' id='word_1_487' title='bbox 2791 1063 2890 1101; x_wconf 89' lang='lat' dir='ltr'>seu</span> <span class='ocrx_word' id='word_1_488' title='bbox 2930 1050 3010 1102; x_wconf 90' lang='lat' dir='ltr'>De</span> <span class='ocrx_word' id='word_1_489' title='bbox 3039 1046 3232 1102; x_wconf 77' lang='lat' dir='ltr'>servis.</span> <span class='ocrx_word' id='word_1_490' title='bbox 3267 1046 3543 1102; x_wconf 80' lang='lat' dir='ltr'>Hortatur</span> <span class='ocrx_word' id='word_1_491' title='bbox 3573 1049 3695 1102; x_wconf 88' lang='lat' dir='ltr'>sin-</span> 
     </span>
    </p>
   </div>
   <div class='ocr_carea' id='block_1_67' title="bbox 2048 1134 3696 1207">
    <p class='ocr_par' dir='ltr' id='par_1_67' title="bbox 2048 1134 3696 1207">
     <span class='ocr_line' id='line_1_67' title="bbox 2048 1134 3696 1207; baseline 0.002 -19"><span class='ocrx_word' id='word_1_492' title='bbox 2048 1134 2291 1206; x_wconf 84' lang='lat' dir='ltr'>gulatim</span> <span class='ocrx_word' id='word_1_493' title='bbox 2327 1138 2650 1203; x_wconf 89' lang='lat' dir='ltr'>universos,</span> <span class='ocrx_word' id='word_1_494' title='bbox 2684 1139 2947 1207; x_wconf 80' lang='lat' dir='ltr'>satagere</span> <span class='ocrx_word' id='word_1_495' title='bbox 2995 1152 3280 1207; x_wconf 91' lang='lat' dir='ltr'>quosque,</span> <span class='ocrx_word' id='word_1_496' title='bbox 3316 1152 3380 1191; x_wconf 90' lang='lat' dir='ltr'>ac</span> <span class='ocrx_word' id='word_1_497' title='bbox 3413 1135 3696 1192; x_wconf 89' lang='lat' dir='ltr'>sollicitos</span> 
     </span>
    </p>
   </div>
   <div class='ocr_carea' id='block_1_68' title="bbox 2049 1224 3698 1296">
    <p class='ocr_par' dir='ltr' id='par_1_68' title="bbox 2049 1224 3698 1296">
     <span class='ocr_line' id='line_1_68' title="bbox 2049 1224 3698 1296; baseline 0.001 -17"><span class='ocrx_word' id='word_1_498' title='bbox 2049 1240 2176 1280; x_wconf 89' lang='lat' dir='ltr'>esse</span> <span class='ocrx_word' id='word_1_499' title='bbox 2207 1225 2320 1291; x_wconf 84' lang='lat' dir='ltr'>sui,</span> <span class='ocrx_word' id='word_1_500' title='bbox 2352 1225 2629 1295; x_wconf 78' lang='lat' dir='ltr'>neglectis</span> <span class='ocrx_word' id='word_1_501' title='bbox 2662 1241 2792 1296; x_wconf 58' lang='lat' dir='ltr'>quas</span> <span class='ocrx_word' id='word_1_502' title='bbox 2822 1224 3181 1280; x_wconf 77' lang='lat' dir='ltr'>extrinsecus</span> <span class='ocrx_word' id='word_1_503' title='bbox 3212 1224 3536 1286; x_wconf 82' lang='lat' dir='ltr'>adveniant,</span> <span class='ocrx_word' id='word_1_504' title='bbox 3571 1225 3698 1280; x_wconf 87' lang='lat' dir='ltr'>Non</span> 
     </span>
    </p>
   </div>
   <div class='ocr_carea' id='block_1_69' title="bbox 2050 1314 3698 1386">
    <p class='ocr_par' dir='ltr' id='par_1_69' title="bbox 2050 1314 3698 1386">
     <span class='ocr_line' id='line_1_69' title="bbox 2050 1314 3698 1386; baseline 0.002 -18"><span class='ocrx_word' id='word_1_505' title='bbox 2050 1314 2316 1382; x_wconf 84' lang='lat' dir='ltr'>expedire</span> <span class='ocrx_word' id='word_1_506' title='bbox 2347 1315 2590 1386; x_wconf 85' lang='lat' dir='ltr'>insuper</span> <span class='ocrx_word' id='word_1_507' title='bbox 2612 1315 2918 1386; x_wconf 85' lang='lat' dir='ltr'>fugitivum</span> <span class='ocrx_word' id='word_1_508' title='bbox 2944 1329 3176 1369; x_wconf 87' lang='lat' dir='ltr'>servum</span> <span class='ocrx_word' id='word_1_509' title='bbox 3201 1314 3454 1385; x_wconf 86' lang='lat' dir='ltr'>insequi.</span> <span class='ocrx_word' id='word_1_510' title='bbox 3478 1315 3698 1371; x_wconf 77' lang='lat' dir='ltr'>Absur-</span> 
     </span>
    </p>
   </div>
   <div class='ocr_carea' id='block_1_70' title="bbox 2050 1402 3700 1474">
    <p class='ocr_par' dir='ltr' id='par_1_70' title="bbox 2050 1402 3700 1474">
     <span class='ocr_line' id='line_1_70' title="bbox 2050 1402 3700 1474; baseline 0.003 -19"><span class='ocrx_word' id='word_1_511' title='bbox 2050 1402 2187 1456; x_wconf 89' lang='lat' dir='ltr'>dum</span> <span class='ocrx_word' id='word_1_512' title='bbox 2211 1402 2364 1458; x_wconf 91' lang='lat' dir='ltr'>enim</span> <span class='ocrx_word' id='word_1_513' title='bbox 2389 1419 2535 1470; x_wconf 88' lang='lat' dir='ltr'>esse,</span> <span class='ocrx_word' id='word_1_514' title='bbox 2557 1404 2604 1458; x_wconf 88' lang='lat' dir='ltr'>si</span> <span class='ocrx_word' id='word_1_515' title='bbox 2629 1403 2715 1459; x_wconf 89' lang='lat' dir='ltr'>vel</span> <span class='ocrx_word' id='word_1_516' title='bbox 2740 1403 2847 1471; x_wconf 89' lang='lat' dir='ltr'>illi,</span> <span class='ocrx_word' id='word_1_517' title='bbox 2867 1419 2999 1459; x_wconf 91' lang='lat' dir='ltr'>cum</span> <span class='ocrx_word' id='word_1_518' title='bbox 3024 1402 3277 1473; x_wconf 85' lang='lat' dir='ltr'>improbi</span> <span class='ocrx_word' id='word_1_519' title='bbox 3301 1403 3440 1472; x_wconf 85' lang='lat' dir='ltr'>sint,</span> <span class='ocrx_word' id='word_1_520' title='bbox 3466 1407 3700 1474; x_wconf 82' lang='lat' dir='ltr'>sperent</span> 
     </span>
    </p>
   </div>
   <div class='ocr_carea' id='block_1_71' title="bbox 2051 1488 3698 1561">
    <p class='ocr_par' dir='ltr' id='par_1_71' title="bbox 2051 1488 3698 1561">
     <span class='ocr_line' id='line_1_71' title="bbox 2051 1488 3698 1561; baseline 0.002 -17"><span class='ocrx_word' id='word_1_521' title='bbox 2051 1488 2273 1561; x_wconf 90' lang='lat' dir='ltr'>absque</span> <span class='ocrx_word' id='word_1_522' title='bbox 2317 1490 2572 1546; x_wconf 89' lang='lat' dir='ltr'>dominis</span> <span class='ocrx_word' id='word_1_523' title='bbox 2624 1491 2835 1546; x_wconf 91' lang='lat' dir='ltr'>melius</span> <span class='ocrx_word' id='word_1_524' title='bbox 2867 1491 2978 1546; x_wconf 82' lang='lat' dir='ltr'>sibi</span> <span class='ocrx_word' id='word_1_525' title='bbox 3013 1491 3154 1558; x_wconf 83' lang='lat' dir='ltr'>fore,</span> <span class='ocrx_word' id='word_1_526' title='bbox 3186 1491 3275 1545; x_wconf 89' lang='lat' dir='ltr'>vel</span> <span class='ocrx_word' id='word_1_527' title='bbox 3309 1491 3430 1546; x_wconf 89' lang='lat' dir='ltr'>heri</span> <span class='ocrx_word' id='word_1_528' title='bbox 3461 1490 3698 1548; x_wconf 91' lang='lat' dir='ltr'>illorum</span> 
     </span>
    </p>
   </div>
   <div class='ocr_carea' id='block_1_72' title="bbox 2053 1578 3697 1650">
    <p class='ocr_par' dir='ltr' id='par_1_72' title="bbox 2053 1578 3697 1650">
     <span class='ocr_line' id='line_1_72' title="bbox 2053 1578 3697 1650; baseline 0.003 -19"><span class='ocrx_word' id='word_1_529' title='bbox 2053 1578 2319 1648; x_wconf 78' lang='lat' dir='ltr'>nequitiae</span> <span class='ocrx_word' id='word_1_530' title='bbox 2353 1579 2507 1633; x_wconf 86' lang='lat' dir='ltr'>velut</span> <span class='ocrx_word' id='word_1_531' title='bbox 2537 1579 2744 1650; x_wconf 90' lang='lat' dir='ltr'>ignari,</span> <span class='ocrx_word' id='word_1_532' title='bbox 2780 1596 2893 1634; x_wconf 90' lang='lat' dir='ltr'>non</span> <span class='ocrx_word' id='word_1_533' title='bbox 2922 1579 3190 1649; x_wconf 88' lang='lat' dir='ltr'>judicent</span> <span class='ocrx_word' id='word_1_534' title='bbox 3242 1579 3450 1636; x_wconf 87' lang='lat' dir='ltr'>melius</span> <span class='ocrx_word' id='word_1_535' title='bbox 3499 1597 3697 1637; x_wconf 86' lang='lat' dir='ltr'>secum</span> 
     </span>
    </p>
   </div>
   <div class='ocr_carea' id='block_1_73' title="bbox 2054 1660 3702 1740">
    <p class='ocr_par' dir='ltr' id='par_1_73' title="bbox 2054 1660 3702 1740">
     <span class='ocr_line' id='line_1_73' title="bbox 2054 1660 3702 1740; baseline 0.002 -18"><span class='ocrx_word' id='word_1_536' title='bbox 2054 1668 2364 1738; x_wconf 87' lang='lat' dir='ltr'>agendum,</span> <span class='ocrx_word' id='word_1_537' title='bbox 2399 1668 2446 1722; x_wconf 91' lang='lat' dir='ltr'>si</span> <span class='ocrx_word' id='word_1_538' title='bbox 2480 1683 2582 1722; x_wconf 92' lang='lat' dir='ltr'>nec</span> <span class='ocrx_word' id='word_1_539' title='bbox 2607 1669 2792 1722; x_wconf 82' lang='lat' dir='ltr'>obiter</span> <span class='ocrx_word' id='word_1_540' title='bbox 2822 1660 3006 1722; x_wconf 86' lang='lat' dir='ltr'>ullum</span> <span class='ocrx_word' id='word_1_541' title='bbox 3041 1685 3070 1723; x_wconf 90' lang='lat' dir='ltr'>e</span> <span class='ocrx_word' id='word_1_542' title='bbox 3103 1669 3479 1740; x_wconf 85' lang='lat' dir='ltr'>fugitivorum</span> <span class='ocrx_word' id='word_1_543' title='bbox 3509 1686 3702 1727; x_wconf 88' lang='lat' dir='ltr'>servo-</span> 
     </span>
    </p>
   </div>
   <div class='ocr_carea' id='block_1_74' title="bbox 2052 1755 3700 1816">
    <p class='ocr_par' dir='ltr' id='par_1_74' title="bbox 2052 1755 3700 1816">
     <span class='ocr_line' id='line_1_74' title="bbox 2052 1755 3700 1816; baseline 0.003 -6"><span class='ocrx_word' id='word_1_544' title='bbox 2052 1772 2183 1810; x_wconf 89' lang='lat' dir='ltr'>rum</span> <span class='ocrx_word' id='word_1_545' title='bbox 2242 1755 2560 1811; x_wconf 79' lang='lat' dir='ltr'>stoliditate</span> <span class='ocrx_word' id='word_1_546' title='bbox 2615 1757 2893 1812; x_wconf 86' lang='lat' dir='ltr'>damnum</span> <span class='ocrx_word' id='word_1_547' title='bbox 2965 1757 3170 1812; x_wconf 87' lang='lat' dir='ltr'>ferant.</span> <span class='ocrx_word' id='word_1_548' title='bbox 3235 1759 3466 1814; x_wconf 90' lang='lat' dir='ltr'>Decima</span> <span class='ocrx_word' id='word_1_549' title='bbox 3519 1759 3700 1816; x_wconf 80' lang='lat' dir='ltr'>oratio</span> 
     </span>
    </p>
   </div>
   <div class='ocr_carea' id='block_1_75' title="bbox 1977 1835 3700 1922">
    <p class='ocr_par' dir='ltr' id='par_1_75' title="bbox 1977 1835 3700 1922">
     <span class='ocr_line' id='line_1_75' title="bbox 1977 1835 3700 1922; baseline 0.005 -24"><span class='ocrx_word' id='word_1_550' title='bbox 1977 1835 2022 1898; x_wconf 90' lang='grc' dir='ltr'><strong>Β</strong></span> <span class='ocrx_word' id='word_1_551' title='bbox 2057 1846 2245 1904; x_wconf 77' lang='lat' dir='ltr'>Troica</span> <span class='ocrx_word' id='word_1_552' title='bbox 2275 1846 2636 1915; x_wconf 88' lang='lat' dir='ltr'>inscribitur,</span> <span class='ocrx_word' id='word_1_553' title='bbox 2673 1849 2741 1903; x_wconf 91' lang='lat' dir='ltr'>de</span> <span class='ocrx_word' id='word_1_554' title='bbox 2771 1865 2837 1903; x_wconf 91' lang='lat' dir='ltr'>eo</span> <span class='ocrx_word' id='word_1_555' title='bbox 2881 1848 3144 1904; x_wconf 86' lang='lat' dir='ltr'>studiose</span> <span class='ocrx_word' id='word_1_556' title='bbox 3193 1848 3512 1918; x_wconf 88' lang='lat' dir='ltr'>elaborata,</span> <span class='ocrx_word' id='word_1_557' title='bbox 3545 1851 3700 1922; x_wconf 82' lang='lat' dir='ltr'>quod</span> 
     </span>
    </p>
   </div>
   <div class='ocr_carea' id='block_1_76' title="bbox 2055 1936 3703 2010">
    <p class='ocr_par' dir='ltr' id='par_1_76' title="bbox 2055 1936 3703 2010">
     <span class='ocr_line' id='line_1_76' title="bbox 2055 1936 3703 2010; baseline 0.002 -18"><span class='ocrx_word' id='word_1_558' title='bbox 2055 1936 2224 1992; x_wconf 89' lang='lat' dir='ltr'>Ilium</span> <span class='ocrx_word' id='word_1_559' title='bbox 2258 1953 2372 1992; x_wconf 92' lang='lat' dir='ltr'>non</span> <span class='ocrx_word' id='word_1_560' title='bbox 2408 1937 2580 1992; x_wconf 86' lang='lat' dir='ltr'>fuerit</span> <span class='ocrx_word' id='word_1_561' title='bbox 2629 1941 2889 2008; x_wconf 86' lang='lat' dir='ltr'>captum.</span> <span class='ocrx_word' id='word_1_562' title='bbox 2923 1942 3174 1993; x_wconf 84' lang='lat' dir='ltr'>Homero</span> <span class='ocrx_word' id='word_1_563' title='bbox 3209 1938 3389 2009; x_wconf 82' lang='lat' dir='ltr'>igitur</span> <span class='ocrx_word' id='word_1_564' title='bbox 3436 1940 3703 2010; x_wconf 80' lang='lat' dir='ltr'>asperius</span> 
     </span>
    </p>
   </div>
   <div class='ocr_carea' id='block_1_77' title="bbox 2056 2026 3702 2098">
    <p class='ocr_par' dir='ltr' id='par_1_77' title="bbox 2056 2026 3702 2098">
     <span class='ocr_line' id='line_1_77' title="bbox 2056 2026 3702 2098; baseline 0.002 -18"><span class='ocrx_word' id='word_1_565' title='bbox 2056 2027 2413 2093; x_wconf 88' lang='lat' dir='ltr'>adversatur,</span> <span class='ocrx_word' id='word_1_566' title='bbox 2476 2027 2665 2098; x_wconf 88' lang='lat' dir='ltr'>iisque</span> <span class='ocrx_word' id='word_1_567' title='bbox 2721 2026 2996 2082; x_wconf 89' lang='lat' dir='ltr'>omnibus</span> <span class='ocrx_word' id='word_1_568' title='bbox 3055 2028 3347 2082; x_wconf 88' lang='lat' dir='ltr'>contraria</span> <span class='ocrx_word' id='word_1_569' title='bbox 3402 2027 3702 2097; x_wconf 89' lang='lat' dir='ltr'>describit,</span> 
     </span>
    </p>
   </div>
   <div class='ocr_carea' id='block_1_78' title="bbox 2057 2116 3704 2189">
    <p class='ocr_par' dir='ltr' id='par_1_78' title="bbox 2057 2116 3704 2189">
     <span class='ocr_line' id='line_1_78' title="bbox 2057 2116 3704 2189; baseline 0.002 -18"><span class='ocrx_word' id='word_1_570' title='bbox 2057 2133 2182 2187; x_wconf 71' lang='lat' dir='ltr'>quas</span> <span class='ocrx_word' id='word_1_571' title='bbox 2214 2121 2352 2171; x_wconf 89' lang='lat' dir='ltr'>sunt</span> <span class='ocrx_word' id='word_1_572' title='bbox 2375 2117 2445 2172; x_wconf 89' lang='lat' dir='ltr'>ab</span> <span class='ocrx_word' id='word_1_573' title='bbox 2477 2116 2576 2172; x_wconf 91' lang='lat' dir='ltr'>illo</span> <span class='ocrx_word' id='word_1_574' title='bbox 2609 2117 2665 2171; x_wconf 90' lang='lat' dir='ltr'>in</span> <span class='ocrx_word' id='word_1_575' title='bbox 2698 2117 2875 2172; x_wconf 76' lang='lat' dir='ltr'>Iliade</span> <span class='ocrx_word' id='word_1_576' title='bbox 2907 2116 3247 2188; x_wconf 90' lang='lat' dir='ltr'>composita.</span> <span class='ocrx_word' id='word_1_577' title='bbox 3274 2117 3579 2189; x_wconf 77' lang='lat' dir='ltr'>Olympico,</span> <span class='ocrx_word' id='word_1_578' title='bbox 3603 2133 3704 2174; x_wconf 88' lang='lat' dir='ltr'>seu</span> 
     </span>
    </p>
   </div>
   <div class='ocr_carea' id='block_1_79' title="bbox 2056 2205 3705 2278">
    <p class='ocr_par' dir='ltr' id='par_1_79' title="bbox 2056 2205 3705 2278">
     <span class='ocr_line' id='line_1_79' title="bbox 2056 2205 3705 2278; baseline 0.001 -18"><span class='ocrx_word' id='word_1_579' title='bbox 2056 2207 2130 2260; x_wconf 88' lang='lat' dir='ltr'>De</span> <span class='ocrx_word' id='word_1_580' title='bbox 2141 2207 2325 2276; x_wconf 81' lang='lat' dir='ltr'>prima</span> <span class='ocrx_word' id='word_1_581' title='bbox 2347 2207 2442 2261; x_wconf 85' lang='lat' dir='ltr'>Dei</span> <span class='ocrx_word' id='word_1_582' title='bbox 2461 2205 2770 2278; x_wconf 77' lang='lat' dir='ltr'>cognitione</span> <span class='ocrx_word' id='word_1_583' title='bbox 2790 2206 2942 2278; x_wconf 67' lang='lat' dir='ltr'>(qua:</span> <span class='ocrx_word' id='word_1_584' title='bbox 2964 2207 3114 2261; x_wconf 90' lang='lat' dir='ltr'>idem</span> <span class='ocrx_word' id='word_1_585' title='bbox 3138 2205 3280 2260; x_wconf 92' lang='lat' dir='ltr'>illud</span> <span class='ocrx_word' id='word_1_586' title='bbox 3304 2205 3705 2262; x_wconf 87' lang='lat' dir='ltr'>demonstrare</span> 
     </span>
    </p>
   </div>
   <div class='ocr_carea' id='block_1_80' title="bbox 2057 2294 3706 2365">
    <p class='ocr_par' dir='ltr' id='par_1_80' title="bbox 2057 2294 3706 2365">
     <span class='ocr_line' id='line_1_80' title="bbox 2057 2294 3706 2365; baseline 0.001 -16"><span class='ocrx_word' id='word_1_587' title='bbox 2057 2295 2319 2365; x_wconf 90' lang='lat' dir='ltr'>conatur)</span> <span class='ocrx_word' id='word_1_588' title='bbox 2354 2295 2661 2350; x_wconf 86' lang='lat' dir='ltr'>undecima</span> <span class='ocrx_word' id='word_1_589' title='bbox 2691 2300 2799 2351; x_wconf 89' lang='lat' dir='ltr'>est.</span> <span class='ocrx_word' id='word_1_590' title='bbox 2825 2295 3174 2350; x_wconf 76' lang='lat' dir='ltr'>Duodecimn</span> <span class='ocrx_word' id='word_1_591' title='bbox 3205 2294 3428 2350; x_wconf 80' lang='lat' dir='ltr'>Athenis</span> <span class='ocrx_word' id='word_1_592' title='bbox 3456 2295 3520 2350; x_wconf 84' lang='lat' dir='ltr'>de</span> <span class='ocrx_word' id='word_1_593' title='bbox 3549 2297 3706 2351; x_wconf 67' lang='lat' dir='ltr'>exsi-</span> 
     </span>
    </p>
   </div>
   <div class='ocr_carea' id='block_1_81' title="bbox 2059 2383 3705 2455">
    <p class='ocr_par' dir='ltr' id='par_1_81' title="bbox 2059 2383 3705 2455">
     <span class='ocr_line' id='line_1_81' title="bbox 2059 2383 3705 2455; baseline 0.001 -18"><span class='ocrx_word' id='word_1_594' title='bbox 2059 2385 2132 2438; x_wconf 83' lang='lat' dir='ltr'>lio</span> <span class='ocrx_word' id='word_1_595' title='bbox 2163 2385 2347 2438; x_wconf 77' lang='lat' dir='ltr'>habita</span> <span class='ocrx_word' id='word_1_596' title='bbox 2397 2383 2637 2438; x_wconf 75' lang='lat' dir='ltr'>titulum</span> <span class='ocrx_word' id='word_1_597' title='bbox 2688 2383 2934 2455; x_wconf 77' lang='lat' dir='ltr'>praefert.</span> <span class='ocrx_word' id='word_1_598' title='bbox 2971 2388 3036 2439; x_wconf 84' lang='lat' dir='ltr'>Et</span> <span class='ocrx_word' id='word_1_599' title='bbox 3083 2383 3280 2438; x_wconf 87' lang='lat' dir='ltr'>habita</span> <span class='ocrx_word' id='word_1_600' title='bbox 3329 2399 3457 2438; x_wconf 89' lang='lat' dir='ltr'>vere</span> <span class='ocrx_word' id='word_1_601' title='bbox 3489 2383 3705 2438; x_wconf 86' lang='lat' dir='ltr'>ibidem</span> 
     </span>
    </p>
   </div>
   <div class='ocr_carea' id='block_1_82' title="bbox 2060 2475 3705 2545">
    <p class='ocr_par' dir='ltr' id='par_1_82' title="bbox 2060 2475 3705 2545">
     <span class='ocr_line' id='line_1_82' title="bbox 2060 2475 3705 2545; baseline -0.001 -14"><span class='ocrx_word' id='word_1_602' title='bbox 2060 2480 2166 2540; x_wconf 87' lang='lat' dir='ltr'>est,</span> <span class='ocrx_word' id='word_1_603' title='bbox 2196 2477 2474 2545; x_wconf 87' lang='lat' dir='ltr'>docetque</span> <span class='ocrx_word' id='word_1_604' title='bbox 2526 2475 2795 2531; x_wconf 89' lang='lat' dir='ltr'>exsilium</span> <span class='ocrx_word' id='word_1_605' title='bbox 2847 2475 2989 2530; x_wconf 87' lang='lat' dir='ltr'>nihil</span> <span class='ocrx_word' id='word_1_606' title='bbox 3033 2476 3239 2532; x_wconf 85' lang='lat' dir='ltr'>habere</span> <span class='ocrx_word' id='word_1_607' title='bbox 3271 2475 3705 2532; x_wconf 86' lang='lat' dir='ltr'>molestiarum:</span> 
     </span>
    </p>
   </div>
   <div class='ocr_carea' id='block_1_83' title="bbox 2061 2562 3706 2634">
    <p class='ocr_par' dir='ltr' id='par_1_83' title="bbox 2061 2562 3706 2634">
     <span class='ocr_line' id='line_1_83' title="bbox 2061 2562 3706 2634; baseline 0 -18"><span class='ocrx_word' id='word_1_608' title='bbox 2061 2563 2291 2616; x_wconf 89' lang='lat' dir='ltr'>divitias</span> <span class='ocrx_word' id='word_1_609' title='bbox 2323 2563 2457 2616; x_wconf 91' lang='lat' dir='ltr'>item</span> <span class='ocrx_word' id='word_1_610' title='bbox 2489 2568 2545 2616; x_wconf 90' lang='lat' dir='ltr'>et</span> <span class='ocrx_word' id='word_1_611' title='bbox 2575 2562 2819 2633; x_wconf 85' lang='lat' dir='ltr'>gloriam</span> <span class='ocrx_word' id='word_1_612' title='bbox 2870 2567 3045 2634; x_wconf 89' lang='lat' dir='ltr'>atque</span> <span class='ocrx_word' id='word_1_613' title='bbox 3093 2563 3408 2634; x_wconf 88' lang='lat' dir='ltr'>imperium</span> <span class='ocrx_word' id='word_1_614' title='bbox 3459 2562 3634 2617; x_wconf 91' lang='lat' dir='ltr'>citius</span> <span class='ocrx_word' id='word_1_615' title='bbox 3673 2579 3706 2616; x_wconf 87' lang='lat' dir='ltr'>a</span> 
     </span>
    </p>
   </div>
   <div class='ocr_carea' id='block_1_84' title="bbox 2064 2651 3710 2724">
    <p class='ocr_par' dir='ltr' id='par_1_84' title="bbox 2064 2651 3710 2724">
     <span class='ocr_line' id='line_1_84' title="bbox 2064 2651 3710 2724; baseline 0.001 -18"><span class='ocrx_word' id='word_1_616' title='bbox 2064 2652 2500 2722; x_wconf 89' lang='lat' dir='ltr'>possidentibus</span> <span class='ocrx_word' id='word_1_617' title='bbox 2531 2653 2599 2706; x_wconf 91' lang='lat' dir='ltr'>ad</span> <span class='ocrx_word' id='word_1_618' title='bbox 2627 2668 2722 2707; x_wconf 91' lang='lat' dir='ltr'>eos</span> <span class='ocrx_word' id='word_1_619' title='bbox 2753 2652 2853 2724; x_wconf 90' lang='lat' dir='ltr'>qui</span> <span class='ocrx_word' id='word_1_620' title='bbox 2886 2651 3128 2708; x_wconf 89' lang='lat' dir='ltr'>minime</span> <span class='ocrx_word' id='word_1_621' title='bbox 3161 2653 3495 2724; x_wconf 86' lang='lat' dir='ltr'>sperabant,</span> <span class='ocrx_word' id='word_1_622' title='bbox 3519 2657 3710 2708; x_wconf 88' lang='lat' dir='ltr'>trans-</span> 
     </span>
    </p>
   </div>
   <div class='ocr_carea' id='block_1_85' title="bbox 2065 2740 3705 2811">
    <p class='ocr_par' dir='ltr' id='par_1_85' title="bbox 2065 2740 3705 2811">
     <span class='ocr_line' id='line_1_85' title="bbox 2065 2740 3705 2811; baseline -0.001 -16"><span class='ocrx_word' id='word_1_623' title='bbox 2065 2741 2230 2795; x_wconf 87' lang='lat' dir='ltr'>ferri:</span> <span class='ocrx_word' id='word_1_624' title='bbox 2268 2740 2569 2811; x_wconf 72' lang='lat' dir='ltr'>sapientiae</span> <span class='ocrx_word' id='word_1_625' title='bbox 2616 2757 2749 2796; x_wconf 89' lang='lat' dir='ltr'>vero</span> <span class='ocrx_word' id='word_1_626' title='bbox 2797 2742 3084 2808; x_wconf 89' lang='lat' dir='ltr'>studium,</span> <span class='ocrx_word' id='word_1_627' title='bbox 3117 2759 3181 2797; x_wconf 89' lang='lat' dir='ltr'>ac</span> <span class='ocrx_word' id='word_1_628' title='bbox 3213 2742 3444 2796; x_wconf 80' lang='lat' dir='ltr'>virtutis</span> <span class='ocrx_word' id='word_1_629' title='bbox 3493 2741 3705 2796; x_wconf 83' lang='lat' dir='ltr'>exerci-</span> 
     </span>
    </p>
   </div>
   <div class='ocr_carea' id='block_1_86' title="bbox 2064 2831 3708 2901">
    <p class='ocr_par' dir='ltr' id='par_1_86' title="bbox 2064 2831 3708 2901">
     <span class='ocr_line' id='line_1_86' title="bbox 2064 2831 3708 2901; baseline 0.001 -17"><span class='ocrx_word' id='word_1_630' title='bbox 2064 2832 2365 2894; x_wconf 87' lang='lat' dir='ltr'>tationem,</span> <span class='ocrx_word' id='word_1_631' title='bbox 2397 2834 2452 2884; x_wconf 88' lang='lat' dir='ltr'>et</span> <span class='ocrx_word' id='word_1_632' title='bbox 2484 2840 2788 2901; x_wconf 84' lang='lat' dir='ltr'>perpetuas</span> <span class='ocrx_word' id='word_1_633' title='bbox 2826 2831 2884 2884; x_wconf 91' lang='lat' dir='ltr'>in</span> <span class='ocrx_word' id='word_1_634' title='bbox 2937 2831 3044 2886; x_wconf 88' lang='lat' dir='ltr'>hac</span> <span class='ocrx_word' id='word_1_635' title='bbox 3093 2831 3207 2886; x_wconf 86' lang='lat' dir='ltr'>vita</span> <span class='ocrx_word' id='word_1_636' title='bbox 3254 2835 3708 2901; x_wconf 89' lang='lat' dir='ltr'>constantesque</span> 
     </span>
    </p>
   </div>
   <div class='ocr_carea' id='block_1_87' title="bbox 2066 2921 3704 2991">
    <p class='ocr_par' dir='ltr' id='par_1_87' title="bbox 2066 2921 3704 2991">
     <span class='ocr_line' id='line_1_87' title="bbox 2066 2921 3704 2991; baseline 0.001 -16"><span class='ocrx_word' id='word_1_637' title='bbox 2066 2921 2298 2976; x_wconf 88' lang='lat' dir='ltr'>divitias</span> <span class='ocrx_word' id='word_1_638' title='bbox 2347 2937 2492 2989; x_wconf 88' lang='lat' dir='ltr'>esse,</span> <span class='ocrx_word' id='word_1_639' title='bbox 2525 2927 2580 2977; x_wconf 90' lang='lat' dir='ltr'>et</span> <span class='ocrx_word' id='word_1_640' title='bbox 2610 2923 2747 2977; x_wconf 90' lang='lat' dir='ltr'>hinc</span> <span class='ocrx_word' id='word_1_641' title='bbox 2793 2922 2966 2978; x_wconf 88' lang='lat' dir='ltr'>etiam</span> <span class='ocrx_word' id='word_1_642' title='bbox 3017 2923 3370 2991; x_wconf 70' lang='lat' dir='ltr'>emigrantes</span> <span class='ocrx_word' id='word_1_643' title='bbox 3414 2922 3704 2978; x_wconf 89' lang='lat' dir='ltr'>comitari.</span> 
     </span>
    </p>
   </div>
   <div class='ocr_carea' id='block_1_88' title="bbox 2067 3010 3711 3068">
    <p class='ocr_par' dir='ltr' id='par_1_88' title="bbox 2067 3010 3711 3068">
     <span class='ocr_line' id='line_1_88' title="bbox 2067 3010 3711 3068; baseline 0 -2"><span class='ocrx_word' id='word_1_644' title='bbox 2067 3011 2224 3066; x_wconf 84' lang='lat' dir='ltr'><strong>XIII.</strong></span> <span class='ocrx_word' id='word_1_645' title='bbox 2271 3012 2508 3066; x_wconf 62' lang='lat' dir='ltr'>Euboica.</span> <span class='ocrx_word' id='word_1_646' title='bbox 2558 3028 2657 3067; x_wconf 89' lang='lat' dir='ltr'>seu</span> <span class='ocrx_word' id='word_1_647' title='bbox 2714 3014 3002 3068; x_wconf 72' lang='lat' dir='ltr'>Venator-ia</span> <span class='ocrx_word' id='word_1_648' title='bbox 3059 3012 3418 3067; x_wconf 88' lang='lat' dir='ltr'>inscribitur.</span> <span class='ocrx_word' id='word_1_649' title='bbox 3480 3010 3711 3067; x_wconf 87' lang='lat' dir='ltr'>lnducit</span> 
     </span>
    </p>
   </div>
   <div class='ocr_carea' id='block_1_89' title="bbox 2066 3101 3708 3172">
    <p class='ocr_par' dir='ltr' id='par_1_89' title="bbox 2066 3101 3708 3172">
     <span class='ocr_line' id='line_1_89' title="bbox 2066 3101 3708 3172; baseline -0.002 -14"><span class='ocrx_word' id='word_1_650' title='bbox 2066 3106 2257 3158; x_wconf 88' lang='lat' dir='ltr'>autem</span> <span class='ocrx_word' id='word_1_651' title='bbox 2307 3102 2589 3172; x_wconf 88' lang='lat' dir='ltr'>quosdam</span> <span class='ocrx_word' id='word_1_652' title='bbox 2640 3101 2790 3158; x_wconf 85' lang='lat' dir='ltr'>hanc</span> <span class='ocrx_word' id='word_1_653' title='bbox 2822 3103 2879 3156; x_wconf 92' lang='lat' dir='ltr'>in</span> <span class='ocrx_word' id='word_1_654' title='bbox 2912 3101 3129 3157; x_wconf 82' lang='lat' dir='ltr'>Eubcea</span> <span class='ocrx_word' id='word_1_655' title='bbox 3172 3102 3346 3158; x_wconf 85' lang='lat' dir='ltr'>vitam</span> <span class='ocrx_word' id='word_1_656' title='bbox 3389 3102 3708 3156; x_wconf 87' lang='lat' dir='ltr'>ducentes:</span> 
     </span>
    </p>
   </div>
   <div class='ocr_carea' id='block_1_90' title="bbox 2065 3189 3708 3262">
    <p class='ocr_par' dir='ltr' id='par_1_90' title="bbox 2065 3189 3708 3262">
     <span class='ocr_line' id='line_1_90' title="bbox 2065 3189 3708 3262; baseline -0.002 -16"><span class='ocrx_word' id='word_1_657' title='bbox 2065 3207 2162 3262; x_wconf 90' lang='lat' dir='ltr'>per</span> <span class='ocrx_word' id='word_1_658' title='bbox 2192 3206 2334 3261; x_wconf 91' lang='lat' dir='ltr'>quos</span> <span class='ocrx_word' id='word_1_659' title='bbox 2365 3193 2529 3246; x_wconf 87' lang='lat' dir='ltr'>docet</span> <span class='ocrx_word' id='word_1_660' title='bbox 2557 3189 2734 3246; x_wconf 88' lang='lat' dir='ltr'>vitam</span> <span class='ocrx_word' id='word_1_661' title='bbox 2788 3191 3098 3262; x_wconf 84' lang='lat' dir='ltr'>privatam,</span> <span class='ocrx_word' id='word_1_662' title='bbox 3131 3192 3238 3246; x_wconf 88' lang='lat' dir='ltr'>etsi</span> <span class='ocrx_word' id='word_1_663' title='bbox 3271 3189 3582 3262; x_wconf 83' lang='lat' dir='ltr'>pauperior</span> <span class='ocrx_word' id='word_1_664' title='bbox 3611 3189 3708 3257; x_wconf 88' lang='lat' dir='ltr'>sit,</span> 
     </span>
    </p>
   </div>
   <div class='ocr_carea' id='block_1_91' title="bbox 2066 3279 3710 3352">
    <p class='ocr_par' dir='ltr' id='par_1_91' title="bbox 2066 3279 3710 3352">
     <span class='ocr_line' id='line_1_91' title="bbox 2066 3279 3710 3352; baseline -0.002 -17"><span class='ocrx_word' id='word_1_665' title='bbox 2066 3281 2234 3352; x_wconf 85' lang='lat' dir='ltr'>longe</span> <span class='ocrx_word' id='word_1_666' title='bbox 2258 3280 2664 3351; x_wconf 88' lang='lat' dir='ltr'>jucundiorem</span> <span class='ocrx_word' id='word_1_667' title='bbox 2700 3296 2843 3347; x_wconf 90' lang='lat' dir='ltr'>esse,</span> <span class='ocrx_word' id='word_1_668' title='bbox 2877 3288 2930 3335; x_wconf 90' lang='lat' dir='ltr'>et</span> <span class='ocrx_word' id='word_1_669' title='bbox 2960 3279 3271 3345; x_wconf 84' lang='lat' dir='ltr'>utiliorem,</span> <span class='ocrx_word' id='word_1_670' title='bbox 3309 3295 3478 3349; x_wconf 88' lang='lat' dir='ltr'>quam</span> <span class='ocrx_word' id='word_1_671' title='bbox 3507 3293 3710 3333; x_wconf 90' lang='lat' dir='ltr'>eorum</span> 
     </span>
    </p>
   </div>
   <div class='ocr_carea' id='block_1_92' title="bbox 2068 3367 3714 3441">
    <p class='ocr_par' dir='ltr' id='par_1_92' title="bbox 2068 3367 3714 3441">
     <span class='ocr_line' id='line_1_92' title="bbox 2068 3367 3714 3441; baseline -0.002 -17"><span class='ocrx_word' id='word_1_672' title='bbox 2068 3369 2163 3441; x_wconf 88' lang='lat' dir='ltr'>qui</span> <span class='ocrx_word' id='word_1_673' title='bbox 2195 3369 2253 3423; x_wconf 90' lang='lat' dir='ltr'>in</span> <span class='ocrx_word' id='word_1_674' title='bbox 2288 3369 2533 3424; x_wconf 81' lang='lat' dir='ltr'>urbibus</span> <span class='ocrx_word' id='word_1_675' title='bbox 2584 3369 2783 3424; x_wconf 83' lang='lat' dir='ltr'>turbas</span> <span class='ocrx_word' id='word_1_676' title='bbox 2824 3370 2994 3440; x_wconf 85' lang='lat' dir='ltr'>juxta</span> <span class='ocrx_word' id='word_1_677' title='bbox 3023 3385 3086 3424; x_wconf 89' lang='lat' dir='ltr'>ac</span> <span class='ocrx_word' id='word_1_678' title='bbox 3117 3367 3355 3423; x_wconf 84' lang='lat' dir='ltr'>delicias</span> <span class='ocrx_word' id='word_1_679' title='bbox 3399 3367 3714 3439; x_wconf 83' lang='lat' dir='ltr'>experiun-</span> 
     </span>
    </p>
   </div>
   <div class='ocr_carea' id='block_1_93' title="bbox 2066 3456 3716 3513">
    <p class='ocr_par' dir='ltr' id='par_1_93' title="bbox 2066 3456 3716 3513">
     <span class='ocr_line' id='line_1_93' title="bbox 2066 3456 3716 3513; baseline -0.002 0"><span class='ocrx_word' id='word_1_680' title='bbox 2066 3462 2181 3513; x_wconf 92' lang='lat' dir='ltr'>tur.</span> <span class='ocrx_word' id='word_1_681' title='bbox 2211 3456 2359 3512; x_wconf 89' lang='lat' dir='ltr'><strong>XIV.</strong></span> <span class='ocrx_word' id='word_1_682' title='bbox 2394 3458 2678 3512; x_wconf 78' lang='lat' dir='ltr'>Rhodiaca</span> <span class='ocrx_word' id='word_1_683' title='bbox 2708 3458 3059 3513; x_wconf 89' lang='lat' dir='ltr'>nominatur.</span> <span class='ocrx_word' id='word_1_684' title='bbox 3085 3457 3415 3513; x_wconf 84' lang='lat' dir='ltr'>Absurdum</span> <span class='ocrx_word' id='word_1_685' title='bbox 3449 3456 3555 3512; x_wconf 91' lang='lat' dir='ltr'>hac</span> <span class='ocrx_word' id='word_1_686' title='bbox 3585 3472 3716 3512; x_wconf 88' lang='lat' dir='ltr'>ora-</span> 
     </span>
    </p>
   </div>
   <div class='ocr_carea' id='block_1_94' title="bbox 2067 3545 3718 3616">
    <p class='ocr_par' dir='ltr' id='par_1_94' title="bbox 2067 3545 3718 3616">
     <span class='ocr_line' id='line_1_94' title="bbox 2067 3545 3718 3616; baseline -0.001 -15"><span class='ocrx_word' id='word_1_687' title='bbox 2067 3549 2223 3603; x_wconf 92' lang='lat' dir='ltr'>tione</span> <span class='ocrx_word' id='word_1_688' title='bbox 2256 3562 2497 3613; x_wconf 89' lang='lat' dir='ltr'>morem,</span> <span class='ocrx_word' id='word_1_689' title='bbox 2531 3545 2631 3616; x_wconf 90' lang='lat' dir='ltr'>qui</span> <span class='ocrx_word' id='word_1_690' title='bbox 2661 3551 2787 3600; x_wconf 92' lang='lat' dir='ltr'>tum</span> <span class='ocrx_word' id='word_1_691' title='bbox 2839 3545 3025 3601; x_wconf 83' lang='lat' dir='ltr'>Rhodi</span> <span class='ocrx_word' id='word_1_692' title='bbox 3076 3545 3490 3613; x_wconf 87' lang='lat' dir='ltr'>invalescebat,</span> <span class='ocrx_word' id='word_1_693' title='bbox 3521 3560 3718 3615; x_wconf 88' lang='lat' dir='ltr'>repre-</span> 
     </span>
    </p>
   </div>
   <div class='ocr_carea' id='block_1_95' title="bbox 2068 3633 3717 3702">
    <p class='ocr_par' dir='ltr' id='par_1_95' title="bbox 2068 3633 3717 3702">
     <span class='ocr_line' id='line_1_95' title="bbox 2068 3633 3717 3702; baseline -0.002 -12"><span class='ocrx_word' id='word_1_694' title='bbox 2068 3635 2291 3690; x_wconf 89' lang='lat' dir='ltr'>hendit.</span> <span class='ocrx_word' id='word_1_695' title='bbox 2326 3637 2479 3700; x_wconf 89' lang='lat' dir='ltr'>Quos</span> <span class='ocrx_word' id='word_1_696' title='bbox 2511 3634 2668 3689; x_wconf 90' lang='lat' dir='ltr'>enim</span> <span class='ocrx_word' id='word_1_697' title='bbox 2703 3634 2914 3689; x_wconf 83' lang='lat' dir='ltr'>statuis</span> <span class='ocrx_word' id='word_1_698' title='bbox 2945 3633 3315 3689; x_wconf 85' lang='lat' dir='ltr'>honorandos</span> <span class='ocrx_word' id='word_1_699' title='bbox 3345 3636 3717 3702; x_wconf 85' lang='lat' dir='ltr'>censuerant,</span> 
     </span>
    </p>
   </div>
   <div class='ocr_carea' id='block_1_96' title="bbox 2069 3721 3719 3793">
    <p class='ocr_par' dir='ltr' id='par_1_96' title="bbox 2069 3721 3719 3793">
     <span class='ocr_line' id='line_1_96' title="bbox 2069 3721 3719 3793; baseline -0.003 -14"><span class='ocrx_word' id='word_1_700' title='bbox 2069 3725 2161 3779; x_wconf 88' lang='lat' dir='ltr'>his</span> <span class='ocrx_word' id='word_1_701' title='bbox 2193 3724 2387 3778; x_wconf 88' lang='lat' dir='ltr'>nullas</span> <span class='ocrx_word' id='word_1_702' title='bbox 2419 3725 2776 3787; x_wconf 89' lang='lat' dir='ltr'>statuebant,</span> <span class='ocrx_word' id='word_1_703' title='bbox 2813 3723 2911 3777; x_wconf 90' lang='lat' dir='ltr'>sed</span> <span class='ocrx_word' id='word_1_704' title='bbox 2948 3739 3170 3791; x_wconf 90' lang='lat' dir='ltr'>earum,</span> <span class='ocrx_word' id='word_1_705' title='bbox 3195 3739 3320 3793; x_wconf 71' lang='lat' dir='ltr'>quae</span> <span class='ocrx_word' id='word_1_706' title='bbox 3351 3721 3562 3792; x_wconf 88' lang='lat' dir='ltr'>priscis</span> <span class='ocrx_word' id='word_1_707' title='bbox 3595 3721 3719 3774; x_wconf 90' lang='lat' dir='ltr'>fue-</span> 
     </span>
    </p>
   </div>
   <div class='ocr_carea' id='block_1_97' title="bbox 2071 3807 3722 3882">
    <p class='ocr_par' dir='ltr' id='par_1_97' title="bbox 2071 3807 3722 3882">
     <span class='ocr_line' id='line_1_97' title="bbox 2071 3807 3722 3882; baseline -0.004 -14"><span class='ocrx_word' id='word_1_708' title='bbox 2071 3816 2198 3868; x_wconf 90' lang='lat' dir='ltr'>rant</span> <span class='ocrx_word' id='word_1_709' title='bbox 2254 3811 2570 3879; x_wconf 66' lang='lat' dir='ltr'>collocatw,</span> <span class='ocrx_word' id='word_1_710' title='bbox 2621 3810 2707 3866; x_wconf 92' lang='lat' dir='ltr'>vel</span> <span class='ocrx_word' id='word_1_711' title='bbox 2760 3811 3176 3882; x_wconf 88' lang='lat' dir='ltr'>inscriptiones</span> <span class='ocrx_word' id='word_1_712' title='bbox 3225 3810 3285 3865; x_wconf 88' lang='lat' dir='ltr'>in</span> <span class='ocrx_word' id='word_1_713' title='bbox 3343 3825 3567 3874; x_wconf 90' lang='lat' dir='ltr'>eorum,</span> <span class='ocrx_word' id='word_1_714' title='bbox 3620 3807 3722 3879; x_wconf 88' lang='lat' dir='ltr'>qui</span> 
     </span>
    </p>
   </div>
   <div class='ocr_carea' id='block_1_98' title="bbox 2070 3899 3724 3968">
    <p class='ocr_par' dir='ltr' id='par_1_98' title="bbox 2070 3899 3724 3968">
     <span class='ocr_line' id='line_1_98' title="bbox 2070 3899 3724 3968; baseline -0.004 -10"><span class='ocrx_word' id='word_1_715' title='bbox 2070 3903 2295 3958; x_wconf 87' lang='lat' dir='ltr'>venturi</span> <span class='ocrx_word' id='word_1_716' title='bbox 2341 3909 2534 3958; x_wconf 89' lang='lat' dir='ltr'>essent</span> <span class='ocrx_word' id='word_1_717' title='bbox 2587 3901 2827 3956; x_wconf 82' lang='lat' dir='ltr'>nomine.</span> <span class='ocrx_word' id='word_1_718' title='bbox 2877 3905 3212 3956; x_wconf 86' lang='lat' dir='ltr'>mutantes:</span> <span class='ocrx_word' id='word_1_719' title='bbox 3259 3899 3345 3954; x_wconf 86' lang='lat' dir='ltr'>vel</span> <span class='ocrx_word' id='word_1_720' title='bbox 3395 3899 3442 3953; x_wconf 91' lang='lat' dir='ltr'>si</span> <span class='ocrx_word' id='word_1_721' title='bbox 3489 3903 3724 3968; x_wconf 85' lang='lat' dir='ltr'>tempo-</span> 
     </span>
    </p>
   </div>
   <div class='ocr_carea' id='block_1_99' title="bbox 2073 3988 3721 4062">
    <p class='ocr_par' dir='ltr' id='par_1_99' title="bbox 2073 3988 3721 4062">
     <span class='ocr_line' id='line_1_99' title="bbox 2073 3988 3721 4062; baseline -0.004 -14"><span class='ocrx_word' id='word_1_722' title='bbox 2073 3993 2150 4048; x_wconf 88' lang='lat' dir='ltr'>ris</span> <span class='ocrx_word' id='word_1_723' title='bbox 2183 3991 2397 4062; x_wconf 85' lang='lat' dir='ltr'>injuria</span> <span class='ocrx_word' id='word_1_724' title='bbox 2427 4007 2542 4045; x_wconf 90' lang='lat' dir='ltr'>non</span> <span class='ocrx_word' id='word_1_725' title='bbox 2573 3995 2914 4060; x_wconf 89' lang='lat' dir='ltr'>apparerent</span> <span class='ocrx_word' id='word_1_726' title='bbox 2958 3989 3133 4059; x_wconf 88' lang='lat' dir='ltr'>tituli,</span> <span class='ocrx_word' id='word_1_727' title='bbox 3168 4006 3343 4044; x_wconf 87' lang='lat' dir='ltr'>novos</span> <span class='ocrx_word' id='word_1_728' title='bbox 3383 3988 3721 4058; x_wconf 88' lang='lat' dir='ltr'>insculpen-</span> 
     </span>
    </p>
   </div>
   <div class='ocr_carea' id='block_1_100' title="bbox 2074 4076 3720 4150">
    <p class='ocr_par' dir='ltr' id='par_1_100' title="bbox 2074 4076 3720 4150">
     <span class='ocr_line' id='line_1_100' title="bbox 2074 4076 3720 4150; baseline -0.004 -14"><span class='ocrx_word' id='word_1_729' title='bbox 2074 4086 2178 4144; x_wconf 88' lang='lat' dir='ltr'>tes,</span> <span class='ocrx_word' id='word_1_730' title='bbox 2230 4079 2398 4134; x_wconf 85' lang='lat' dir='ltr'>simul</span> <span class='ocrx_word' id='word_1_731' title='bbox 2445 4079 2558 4133; x_wconf 86' lang='lat' dir='ltr'>vita</span> <span class='ocrx_word' id='word_1_732' title='bbox 2608 4079 2938 4133; x_wconf 83' lang='lat' dir='ltr'>functorum</span> <span class='ocrx_word' id='word_1_733' title='bbox 2998 4079 3244 4150; x_wconf 86' lang='lat' dir='ltr'>gloriam</span> <span class='ocrx_word' id='word_1_734' title='bbox 3297 4079 3609 4148; x_wconf 85' lang='lat' dir='ltr'>(quantum</span> <span class='ocrx_word' id='word_1_735' title='bbox 3661 4076 3720 4130; x_wconf 91' lang='lat' dir='ltr'>in</span> 
     </span>
    </p>
   </div>
   <div class='ocr_carea' id='block_1_101' title="bbox 2075 4167 3725 4241">
    <p class='ocr_par' dir='ltr' id='par_1_101' title="bbox 2075 4167 3725 4241">
     <span class='ocr_line' id='line_1_101' title="bbox 2075 4167 3725 4241; baseline -0.002 -17"><span class='ocrx_word' id='word_1_736' title='bbox 2075 4170 2218 4241; x_wconf 87' lang='lat' dir='ltr'>ipsis</span> <span class='ocrx_word' id='word_1_737' title='bbox 2247 4169 2393 4240; x_wconf 89' lang='lat' dir='ltr'>erat)</span> <span class='ocrx_word' id='word_1_738' title='bbox 2430 4168 2742 4233; x_wconf 86' lang='lat' dir='ltr'>fcedabant,</span> <span class='ocrx_word' id='word_1_739' title='bbox 2776 4167 2950 4222; x_wconf 88' lang='lat' dir='ltr'>simul</span> <span class='ocrx_word' id='word_1_740' title='bbox 2993 4185 3140 4238; x_wconf 91' lang='lat' dir='ltr'>quos</span> <span class='ocrx_word' id='word_1_741' title='bbox 3193 4169 3478 4222; x_wconf 86' lang='lat' dir='ltr'>honorare</span> <span class='ocrx_word' id='word_1_742' title='bbox 3525 4167 3725 4222; x_wconf 87' lang='lat' dir='ltr'>decre-</span> 
     </span>
    </p>
   </div>
   <div class='ocr_carea' id='block_1_102' title="bbox 2077 4253 3727 4327">
    <p class='ocr_par' dir='ltr' id='par_1_102' title="bbox 2077 4253 3727 4327">
     <span class='ocr_line' id='line_1_102' title="bbox 2077 4253 3727 4327; baseline -0.004 -13"><span class='ocrx_word' id='word_1_743' title='bbox 2077 4263 2291 4324; x_wconf 88' lang='lat' dir='ltr'>verant,</span> <span class='ocrx_word' id='word_1_744' title='bbox 2359 4256 2588 4324; x_wconf 86' lang='lat' dir='ltr'>alienis,</span> <span class='ocrx_word' id='word_1_745' title='bbox 2647 4261 2703 4310; x_wconf 84' lang='lat' dir='ltr'>et</span> <span class='ocrx_word' id='word_1_746' title='bbox 2762 4272 2887 4327; x_wconf 67' lang='lat' dir='ltr'>quae</span> <span class='ocrx_word' id='word_1_747' title='bbox 2946 4255 3092 4311; x_wconf 87' lang='lat' dir='ltr'>nihil</span> <span class='ocrx_word' id='word_1_748' title='bbox 3163 4254 3573 4311; x_wconf 89' lang='lat' dir='ltr'>similitudinis</span> <span class='ocrx_word' id='word_1_749' title='bbox 3629 4253 3727 4309; x_wconf 83' lang='lat' dir='ltr'>ha-</span> 
     </span>
    </p>
   </div>
   <div class='ocr_carea' id='block_1_103' title="bbox 2077 4344 3724 4416">
    <p class='ocr_par' dir='ltr' id='par_1_103' title="bbox 2077 4344 3724 4416">
     <span class='ocr_line' id='line_1_103' title="bbox 2077 4344 3724 4416; baseline -0.004 -12"><span class='ocrx_word' id='word_1_750' title='bbox 2077 4349 2301 4414; x_wconf 89' lang='lat' dir='ltr'>berent,</span> <span class='ocrx_word' id='word_1_751' title='bbox 2357 4345 2713 4416; x_wconf 84' lang='lat' dir='ltr'>imaginibus</span> <span class='ocrx_word' id='word_1_752' title='bbox 2771 4347 3046 4401; x_wconf 90' lang='lat' dir='ltr'>dedecore</span> <span class='ocrx_word' id='word_1_753' title='bbox 3103 4346 3297 4416; x_wconf 83' lang='lat' dir='ltr'>potius</span> <span class='ocrx_word' id='word_1_754' title='bbox 3369 4344 3724 4400; x_wconf 77' lang='lat' dir='ltr'>efﬁciebant.</span> 
     </span>
    </p>
   </div>
   <div class='ocr_carea' id='block_1_104' title="bbox 2002 4434 3728 4539">
    <p class='ocr_par' dir='ltr' id='par_1_104' title="bbox 2002 4434 3728 4539">
     <span class='ocr_line' id='line_1_104' title="bbox 2002 4434 3728 4539; baseline -0.002 -47"><span class='ocrx_word' id='word_1_755' title='bbox 2002 4477 2048 4539; x_wconf 67' lang='grc' dir='ltr'>υ</span> <span class='ocrx_word' id='word_1_756' title='bbox 2078 4442 2200 4504; x_wconf 86' lang='lat' dir='ltr'>Qua</span> <span class='ocrx_word' id='word_1_757' title='bbox 2236 4439 2467 4508; x_wconf 90' lang='lat' dir='ltr'>quidem</span> <span class='ocrx_word' id='word_1_758' title='bbox 2513 4438 2569 4491; x_wconf 90' lang='lat' dir='ltr'>in</span> <span class='ocrx_word' id='word_1_759' title='bbox 2619 4437 2882 4492; x_wconf 86' lang='lat' dir='ltr'>oratione</span> <span class='ocrx_word' id='word_1_760' title='bbox 2929 4440 3135 4509; x_wconf 88' lang='lat' dir='ltr'>ingens</span> <span class='ocrx_word' id='word_1_761' title='bbox 3184 4439 3385 4494; x_wconf 84' lang='lat' dir='ltr'>Dionis</span> <span class='ocrx_word' id='word_1_762' title='bbox 3434 4434 3728 4492; x_wconf 88' lang='lat' dir='ltr'>refutandi</span> 
     </span>
    </p>
   </div>
   <div class='ocr_carea' id='block_1_105' title="bbox 2080 4524 3730 4597">
    <p class='ocr_par' dir='ltr' id='par_1_105' title="bbox 2080 4524 3730 4597">
     <span class='ocr_line' id='line_1_105' title="bbox 2080 4524 3730 4597; baseline -0.002 -15"><span class='ocrx_word' id='word_1_763' title='bbox 2080 4527 2221 4582; x_wconf 88' lang='lat' dir='ltr'>alios</span> <span class='ocrx_word' id='word_1_764' title='bbox 2254 4527 2340 4581; x_wconf 86' lang='lat' dir='ltr'>vis</span> <span class='ocrx_word' id='word_1_765' title='bbox 2371 4532 2543 4597; x_wconf 88' lang='lat' dir='ltr'>atque</span> <span class='ocrx_word' id='word_1_766' title='bbox 2573 4525 2820 4581; x_wconf 85' lang='lat' dir='ltr'>facultas</span> <span class='ocrx_word' id='word_1_767' title='bbox 2850 4525 3159 4596; x_wconf 86' lang='lat' dir='ltr'>insigniter</span> <span class='ocrx_word' id='word_1_768' title='bbox 3188 4525 3483 4581; x_wconf 88' lang='lat' dir='ltr'>elucescit.</span> <span class='ocrx_word' id='word_1_769' title='bbox 3507 4525 3624 4581; x_wconf 86' lang='lat' dir='ltr'>XV.</span> <span class='ocrx_word' id='word_1_770' title='bbox 3650 4524 3730 4580; x_wconf 85' lang='lat' dir='ltr'>Ad</span> 
     </span>
    </p>
   </div>
   <div class='ocr_carea' id='block_1_106' title="bbox 2084 4615 3731 4688">
    <p class='ocr_par' dir='ltr' id='par_1_106' title="bbox 2084 4615 3731 4688">
     <span class='ocr_line' id='line_1_106' title="bbox 2084 4615 3731 4688; baseline -0.002 -15"><span class='ocrx_word' id='word_1_771' title='bbox 2084 4616 2488 4673; x_wconf 74' lang='lat' dir='ltr'>Alexandrinos</span> <span class='ocrx_word' id='word_1_772' title='bbox 2525 4615 2738 4680; x_wconf 83' lang='lat' dir='ltr'>habita,</span> <span class='ocrx_word' id='word_1_773' title='bbox 2782 4616 3139 4671; x_wconf 88' lang='lat' dir='ltr'>inscribitur.</span> <span class='ocrx_word' id='word_1_774' title='bbox 3175 4615 3347 4688; x_wconf 83' lang='lat' dir='ltr'>Vulgi</span> <span class='ocrx_word' id='word_1_775' title='bbox 3382 4616 3436 4670; x_wconf 89' lang='lat' dir='ltr'>in</span> <span class='ocrx_word' id='word_1_776' title='bbox 3470 4631 3538 4669; x_wconf 87' lang='lat' dir='ltr'>ea</span> <span class='ocrx_word' id='word_1_777' title='bbox 3576 4617 3731 4685; x_wconf 88' lang='lat' dir='ltr'>inge-</span> 
     </span>
    </p>
   </div>
   <div class='ocr_carea' id='block_1_107' title="bbox 2087 4707 3732 4780">
    <p class='ocr_par' dir='ltr' id='par_1_107' title="bbox 2087 4707 3732 4780">
     <span class='ocr_line' id='line_1_107' title="bbox 2087 4707 3732 4780; baseline -0.002 -16"><span class='ocrx_word' id='word_1_778' title='bbox 2087 4710 2248 4764; x_wconf 88' lang='lat' dir='ltr'>nium</span> <span class='ocrx_word' id='word_1_779' title='bbox 2308 4725 2614 4780; x_wconf 88' lang='lat' dir='ltr'>moresque</span> <span class='ocrx_word' id='word_1_780' title='bbox 2672 4709 2926 4778; x_wconf 87' lang='lat' dir='ltr'>exponit,</span> <span class='ocrx_word' id='word_1_781' title='bbox 2977 4725 3042 4763; x_wconf 88' lang='lat' dir='ltr'>ac</span> <span class='ocrx_word' id='word_1_782' title='bbox 3094 4709 3452 4780; x_wconf 88' lang='lat' dir='ltr'>perstringit.</span> <span class='ocrx_word' id='word_1_783' title='bbox 3504 4707 3732 4777; x_wconf 87' lang='lat' dir='ltr'>Nequa-</span> 
     </span>
    </p>
   </div>
   <div class='ocr_carea' id='block_1_108' title="bbox 2085 4795 3734 4870">
    <p class='ocr_par' dir='ltr' id='par_1_108' title="bbox 2085 4795 3734 4870">
     <span class='ocr_line' id='line_1_108' title="bbox 2085 4795 3734 4870; baseline -0.003 -17"><span class='ocrx_word' id='word_1_784' title='bbox 2085 4815 2263 4870; x_wconf 88' lang='lat' dir='ltr'>quam</span> <span class='ocrx_word' id='word_1_785' title='bbox 2314 4798 2556 4868; x_wconf 86' lang='lat' dir='ltr'>insuper</span> <span class='ocrx_word' id='word_1_786' title='bbox 2603 4797 2825 4864; x_wconf 87' lang='lat' dir='ltr'>decere,</span> <span class='ocrx_word' id='word_1_787' title='bbox 2859 4802 2920 4852; x_wconf 89' lang='lat' dir='ltr'>ut</span> <span class='ocrx_word' id='word_1_788' title='bbox 2967 4798 3137 4852; x_wconf 89' lang='lat' dir='ltr'>etiam</span> <span class='ocrx_word' id='word_1_789' title='bbox 3191 4798 3442 4869; x_wconf 90' lang='lat' dir='ltr'>populus</span> <span class='ocrx_word' id='word_1_790' title='bbox 3491 4795 3734 4850; x_wconf 83' lang='lat' dir='ltr'>Alexan-</span> 
     </span>
    </p>
   </div>
   <div class='ocr_carea' id='block_1_109' title="bbox 2086 4882 3736 4958">
    <p class='ocr_par' dir='ltr' id='par_1_109' title="bbox 2086 4882 3736 4958">
     <span class='ocr_line' id='line_1_109' title="bbox 2086 4882 3736 4958; baseline -0.004 -16"><span class='ocrx_word' id='word_1_791' title='bbox 2086 4890 2308 4955; x_wconf 89' lang='lat' dir='ltr'>drinus,</span> <span class='ocrx_word' id='word_1_792' title='bbox 2342 4888 2496 4942; x_wconf 75' lang='lat'>166</span> <span class='ocrx_word' id='word_1_793' title='bbox 2541 4888 2614 4958; x_wconf 72' lang='grc' dir='ltr'>(ὁ)</span> <span class='ocrx_word' id='word_1_794' title='bbox 2665 4886 2760 4957; x_wconf 92' lang='lat' dir='ltr'>qui</span> <span class='ocrx_word' id='word_1_795' title='bbox 2807 4887 3035 4958; x_wconf 85' lang='lat' dir='ltr'>propria</span> <span class='ocrx_word' id='word_1_796' title='bbox 3084 4890 3171 4942; x_wconf 92' lang='lat' dir='ltr'>tot</span> <span class='ocrx_word' id='word_1_797' title='bbox 3215 4886 3456 4941; x_wconf 89' lang='lat' dir='ltr'>haberet</span> <span class='ocrx_word' id='word_1_798' title='bbox 3503 4882 3736 4938; x_wconf 89' lang='lat' dir='ltr'>virtutis</span> 
     </span>
    </p>
   </div>
   <div class='ocr_carea' id='block_1_110' title="bbox 2088 4974 3734 5048">
    <p class='ocr_par' dir='ltr' id='par_1_110' title="bbox 2088 4974 3734 5048">
     <span class='ocr_line' id='line_1_110' title="bbox 2088 4974 3734 5048; baseline -0.003 -17"><span class='ocrx_word' id='word_1_799' title='bbox 2088 4977 2488 5042; x_wconf 86' lang='lat' dir='ltr'>incitamenta,</span> <span class='ocrx_word' id='word_1_800' title='bbox 2513 4985 2842 5031; x_wconf 89' lang='lat' dir='ltr'>exortorum</span> <span class='ocrx_word' id='word_1_801' title='bbox 2864 4977 2923 5030; x_wconf 93' lang='lat' dir='ltr'>in</span> <span class='ocrx_word' id='word_1_802' title='bbox 2957 4976 3248 5048; x_wconf 87' lang='lat' dir='ltr'>republica</span> <span class='ocrx_word' id='word_1_803' title='bbox 3279 4974 3636 5029; x_wconf 90' lang='lat' dir='ltr'>tumultuum</span> <span class='ocrx_word' id='word_1_804' title='bbox 3667 4987 3734 5027; x_wconf 87' lang='lat' dir='ltr'>ac</span> 
     </span>
    </p>
   </div>
   <div class='ocr_carea' id='block_1_111' title="bbox 2087 5062 3732 5138">
    <p class='ocr_par' dir='ltr' id='par_1_111' title="bbox 2087 5062 3732 5138">
     <span class='ocr_line' id='line_1_111' title="bbox 2087 5062 3732 5138; baseline -0.003 -18"><span class='ocrx_word' id='word_1_805' title='bbox 2087 5066 2441 5121; x_wconf 85' lang='lat' dir='ltr'>seditionum</span> <span class='ocrx_word' id='word_1_806' title='bbox 2474 5066 2630 5122; x_wconf 89' lang='lat' dir='ltr'>velut</span> <span class='ocrx_word' id='word_1_807' title='bbox 2661 5067 3022 5138; x_wconf 89' lang='lat' dir='ltr'>mancipium</span> <span class='ocrx_word' id='word_1_808' title='bbox 3075 5066 3188 5120; x_wconf 83' lang='lat' dir='ltr'>fiat.</span> <span class='ocrx_word' id='word_1_809' title='bbox 3227 5062 3549 5119; x_wconf 57' lang='lat' dir='ltr'>Praesertim</span> <span class='ocrx_word' id='word_1_810' title='bbox 3597 5076 3732 5116; x_wconf 88' lang='lat' dir='ltr'>vero</span> 
     </span>
    </p>
   </div>
   <div class='ocr_carea' id='block_1_112' title="bbox 2086 5147 3733 5223">
    <p class='ocr_par' dir='ltr' id='par_1_112' title="bbox 2086 5147 3733 5223">
     <span class='ocr_line' id='line_1_112' title="bbox 2086 5147 3733 5223; baseline -0.003 -14"><span class='ocrx_word' id='word_1_811' title='bbox 2086 5153 2252 5209; x_wconf 90' lang='lat' dir='ltr'>illum</span> <span class='ocrx_word' id='word_1_812' title='bbox 2287 5169 2538 5209; x_wconf 88' lang='lat' dir='ltr'>errorem</span> <span class='ocrx_word' id='word_1_813' title='bbox 2569 5156 2892 5210; x_wconf 86' lang='lat' dir='ltr'>cavendum</span> <span class='ocrx_word' id='word_1_814' title='bbox 2926 5171 3053 5210; x_wconf 84' lang='lat' dir='ltr'>esse</span> <span class='ocrx_word' id='word_1_815' title='bbox 3082 5156 3301 5221; x_wconf 90' lang='lat' dir='ltr'>monet,</span> <span class='ocrx_word' id='word_1_816' title='bbox 3325 5151 3426 5223; x_wconf 89' lang='lat' dir='ltr'>qui</span> <span class='ocrx_word' id='word_1_817' title='bbox 3454 5151 3513 5205; x_wconf 90' lang='lat' dir='ltr'>in</span> <span class='ocrx_word' id='word_1_818' title='bbox 3547 5147 3733 5222; x_wconf 86' lang='lat' dir='ltr'>publi-</span> 
     </span>
    </p>
   </div>
   <div class='ocr_carea' id='block_1_113' title="bbox 2085 5237 3738 5300">
    <p class='ocr_par' dir='ltr' id='par_1_113' title="bbox 2085 5237 3738 5300">
     <span class='ocr_line' id='line_1_113' title="bbox 2085 5237 3738 5300; baseline -0.002 -2"><span class='ocrx_word' id='word_1_819' title='bbox 2085 5244 2165 5298; x_wconf 89' lang='lat' dir='ltr'>cis</span> <span class='ocrx_word' id='word_1_820' title='bbox 2212 5244 2596 5300; x_wconf 87' lang='lat' dir='ltr'>conventibus</span> <span class='ocrx_word' id='word_1_821' title='bbox 2637 5260 2701 5299; x_wconf 89' lang='lat' dir='ltr'>ac</span> <span class='ocrx_word' id='word_1_822' title='bbox 2742 5243 2984 5300; x_wconf 87' lang='lat' dir='ltr'>theatris</span> <span class='ocrx_word' id='word_1_823' title='bbox 3029 5241 3514 5300; x_wconf 84' lang='lat' dir='ltr'>committebatur.</span> <span class='ocrx_word' id='word_1_824' title='bbox 3554 5237 3738 5296; x_wconf 75' lang='lat' dir='ltr'>Tarsi-</span> 
     </span>
    </p>
   </div>
   <div class='ocr_carea' id='block_1_114' title="bbox 1693 5413 2365 5470">
    <p class='ocr_par' dir='ltr' id='par_1_114' title="bbox 1693 5413 2365 5470">
     <span class='ocr_line' id='line_1_114' title="bbox 1693 5413 2365 5470; baseline 0.003 -2"><span class='ocrx_word' id='word_1_825' title='bbox 1693 5413 1930 5470; x_wconf 78' lang='lat' dir='ltr'>VARl/E</span> <span class='ocrx_word' id='word_1_826' title='bbox 1971 5413 2274 5470; x_wconf 85' lang='lat' dir='ltr'>LECTION</span> <span class='ocrx_word' id='word_1_827' title='bbox 2285 5414 2365 5470; x_wconf 91' lang='lat' dir='ltr'>ES</span> 
     </span>
    </p>
   </div>
   <div class='ocr_carea' id='block_1_115' title="bbox 395 5561 1112 5639">
    <p class='ocr_par' dir='ltr' id='par_1_115' title="bbox 395 5561 1112 5639">
     <span class='ocr_line' id='line_1_115' title="bbox 395 5561 1112 5639; baseline 0.006 -21"><span class='ocrx_word' id='word_1_828' title='bbox 395 5567 441 5603; x_wconf 69' lang='grc' dir='ltr'>η</span> <span class='ocrx_word' id='word_1_829' title='bbox 502 5561 662 5639; x_wconf 73' lang='grc' dir='ltr'>ἕκτος</span> <span class='ocrx_word' id='word_1_830' title='bbox 717 5563 810 5639; x_wconf 79' lang='grc' dir='ltr'>καὶ</span> <span class='ocrx_word' id='word_1_831' title='bbox 867 5565 992 5639; x_wconf 73' lang='grc' dir='ltr'>περί</span> <span class='ocrx_word' id='word_1_832' title='bbox 1047 5570 1112 5622; x_wconf 82' lang='grc' dir='ltr'>Α.</span> 
     </span>
    </p>
   </div>
   <div class='ocr_carea' id='block_1_116' title="bbox 332 5635 1148 5710">
    <p class='ocr_par' dir='ltr' id='par_1_116' title="bbox 332 5635 1148 5710">
     <span class='ocr_line' id='line_1_116' title="bbox 332 5635 1148 5710; baseline 0.002 -19"><span class='ocrx_word' id='word_1_833' title='bbox 332 5638 384 5710; x_wconf 57' lang='grc' dir='ltr'>²²Ῐ</span> <span class='ocrx_word' id='word_1_834' title='bbox 412 5637 683 5710; x_wconf 81' lang='grc' dir='ltr'>ποιεῖσθαι</span> <span class='ocrx_word' id='word_1_835' title='bbox 735 5636 900 5691; x_wconf 81' lang='grc' dir='ltr'>αὐτοῦ</span> <span class='ocrx_word' id='word_1_836' title='bbox 926 5635 1032 5710; x_wconf 14' lang='grc' dir='ltr'>νόλ,</span> 
     </span>
    </p>
   </div>
   <div class='ocr_carea' id='block_1_117' title="bbox 1192 5565 1917 5640">
    <p class='ocr_par' dir='ltr' id='par_1_117' title="bbox 1192 5565 1917 5640">
     <span class='ocr_line' id='line_1_117' title="bbox 1192 5565 1917 5640; baseline 0.003 -19"><span class='ocrx_word' id='word_1_837' title='bbox 1192 5567 1241 5640; x_wconf 58' lang='lat'>’9</span> <span class='ocrx_word' id='word_1_838' title='bbox 1264 5567 1556 5640; x_wconf 57' lang='lat' dir='ltr'>Atoyévooc</span> <span class='ocrx_word' id='word_1_839' title='bbox 1585 5571 1652 5635; x_wconf 86' lang='lat' dir='ltr'>A,</span> <span class='ocrx_word' id='word_1_840' title='bbox 1731 5569 1775 5602; x_wconf 62' lang='grc' dir='ltr'>εί</span> <span class='ocrx_word' id='word_1_841' title='bbox 1808 5565 1917 5625; x_wconf 81' lang='grc' dir='ltr'>οἰκ.</span> 
     </span>
    </p>
   </div>
   <div class='ocr_carea' id='block_1_118' title="bbox 670 5810 1299 5875">
    <p class='ocr_par' dir='ltr' id='par_1_118' title="bbox 670 5810 1299 5875">
     <span class='ocr_line' id='line_1_118' title="bbox 670 5810 1299 5875; baseline 0.003 -5"><span class='ocrx_word' id='word_1_842' title='bbox 670 5810 943 5873; x_wconf 73' lang='grc' dir='ltr'>ΡΑτιιοι.</span> <span class='ocrx_word' id='word_1_843' title='bbox 988 5811 1101 5875; x_wconf 79' lang='lat' dir='ltr'>Gs.</span> <span class='ocrx_word' id='word_1_844' title='bbox 1149 5811 1299 5874; x_wconf 75' lang='grc' dir='ltr'>(ΗΠ.</span> 
     </span>
    </p>
   </div>
   <div class='ocr_carea' id='block_1_119' title="bbox 1228 5567 2842 5714">
    <p class='ocr_par' dir='ltr' id='par_1_119' title="bbox 1228 5567 2842 5714">
     <span class='ocr_line' id='line_1_119' title="bbox 1228 5567 2842 5695; baseline 0.001 -75"><span class='ocrx_word' id='word_1_845' title='bbox 1228 5567 1556 5640; x_wconf 73' lang='grc' dir='ltr'>’Διογένους</span> <span class='ocrx_word' id='word_1_846' title='bbox 1585 5571 1652 5635; x_wconf 84' lang='grc' dir='ltr'>Α,</span> <span class='ocrx_word' id='word_1_847' title='bbox 1731 5569 1775 5602; x_wconf 62' lang='grc' dir='ltr'>εί</span> <span class='ocrx_word' id='word_1_848' title='bbox 1808 5567 1917 5625; x_wconf 79' lang='grc' dir='ltr'>οἰκ.</span> <span class='ocrx_word' id='word_1_849' title='bbox 1994 5567 2081 5622; x_wconf 82' lang='grc' dir='ltr'>καὶ</span> <span class='ocrx_word' id='word_1_850' title='bbox 2124 5571 2376 5642; x_wconf 72' lang='grc' dir='ltr'>παραινεῖ</span> <span class='ocrx_word' id='word_1_851' title='bbox 2593 5568 2640 5602; x_wconf 77' lang='grc'>²²</span> <span class='ocrx_word' id='word_1_852' title='bbox 2683 5569 2780 5638; x_wconf 75' lang='grc' dir='ltr'>μέν</span> <span class='ocrx_word' id='word_1_853' title='bbox 2826 5567 2842 5622; x_wconf 68' lang='grc' dir='ltr'>ί</span> 
     </span>
     <span class='ocr_line' id='line_1_120' title="bbox 1228 5633 2842 5714; baseline 0.002 -22"><span class='ocrx_word' id='word_1_854' title='bbox 1228 5639 1275 5674; x_wconf 77' lang='grc'>²⁴</span> <span class='ocrx_word' id='word_1_855' title='bbox 1304 5638 1576 5714; x_wconf 75' lang='grc' dir='ltr'>ἀξιοῦντες</span> <span class='ocrx_word' id='word_1_856' title='bbox 1775 5641 1820 5676; x_wconf 74' lang='grc'>³⁵</span> <span class='ocrx_word' id='word_1_857' title='bbox 1859 5641 1934 5701; x_wconf 85' lang='grc' dir='ltr'>ὡς</span> <span class='ocrx_word' id='word_1_858' title='bbox 1963 5646 2010 5697; x_wconf 87' lang='grc' dir='ltr'><strong>Δ</strong></span> <span class='ocrx_word' id='word_1_859' title='bbox 2054 5640 2175 5714; x_wconf 75' lang='grc' dir='ltr'>εὸτι</span> <span class='ocrx_word' id='word_1_860' title='bbox 2366 5639 2411 5675; x_wconf 84' lang='grc'>²⁶</span> <span class='ocrx_word' id='word_1_861' title='bbox 2456 5633 2731 5714; x_wconf 16' lang='grc' dir='ltr'>ίύὸοεικός</span> 
     </span>
    </p>
   </div>
   <div class='ocr_carea' id='block_1_120' title="bbox 363 5707 3566 5788">
    <p class='ocr_par' dir='ltr' id='par_1_120' title="bbox 363 5707 3566 5788">
     <span class='ocr_line' id='line_1_121' title="bbox 363 5707 3566 5788; baseline 0 -24"><span class='ocrx_word' id='word_1_862' title='bbox 363 5707 419 5764; x_wconf 73' lang='grc' dir='ltr'>δέ</span> <span class='ocrx_word' id='word_1_863' title='bbox 459 5709 600 5786; x_wconf 88' lang='grc' dir='ltr'>παρά</span> <span class='ocrx_word' id='word_1_864' title='bbox 632 5728 718 5784; x_wconf 87' lang='lat' dir='ltr'>pr.</span> <span class='ocrx_word' id='word_1_865' title='bbox 748 5714 814 5765; x_wconf 88' lang='lat' dir='ltr'>A.</span> <span class='ocrx_word' id='word_1_866' title='bbox 894 5709 940 5743; x_wconf 66' lang='lat'>2°</span> <span class='ocrx_word' id='word_1_867' title='bbox 970 5707 1235 5776; x_wconf 47' lang='lat' dir='ltr'>tiu—add.</span> <span class='ocrx_word' id='word_1_868' title='bbox 1271 5707 1360 5770; x_wconf 47' lang='grc' dir='ltr'>Α(</span> <span class='ocrx_word' id='word_1_869' title='bbox 1414 5712 1460 5748; x_wconf 80' lang='grc' dir='ltr'>⁸ο</span> <span class='ocrx_word' id='word_1_870' title='bbox 1489 5707 1881 5782; x_wconf 73' lang='grc' dir='ltr'>ἀνασκευτικῆς</span> <span class='ocrx_word' id='word_1_871' title='bbox 1913 5714 2134 5781; x_wconf 86' lang='grc' dir='ltr'>ἀττικῆς</span> <span class='ocrx_word' id='word_1_872' title='bbox 2163 5707 2277 5786; x_wconf 54' lang='lat' dir='ltr'>lci.</span> <span class='ocrx_word' id='word_1_873' title='bbox 2311 5716 2374 5771; x_wconf 90' lang='lat' dir='ltr'>A.</span> <span class='ocrx_word' id='word_1_874' title='bbox 2451 5713 2495 5749; x_wconf 70' lang='lat'>3‘</span> <span class='ocrx_word' id='word_1_875' title='bbox 2529 5713 2562 5780; x_wconf 79' lang='grc' dir='ltr'>ἡ</span> <span class='ocrx_word' id='word_1_876' title='bbox 2612 5707 2944 5788; x_wconf 69' lang='grc' dir='ltr'>ἀρετήἀάά.</span> <span class='ocrx_word' id='word_1_877' title='bbox 2977 5714 3044 5770; x_wconf 82' lang='grc' dir='ltr'><strong>Α.</strong></span> <span class='ocrx_word' id='word_1_878' title='bbox 3122 5714 3166 5749; x_wconf 80' lang='grc'>³³</span> <span class='ocrx_word' id='word_1_879' title='bbox 3194 5709 3327 5765; x_wconf 75' lang='grc' dir='ltr'>εἶναι</span> <span class='ocrx_word' id='word_1_880' title='bbox 3357 5707 3469 5766; x_wconf 75' lang='lat' dir='ltr'>om.</span> <span class='ocrx_word' id='word_1_881' title='bbox 3500 5711 3566 5765; x_wconf 84' lang='lat' dir='ltr'>A.</span> 
     </span>
    </p>
   </div>
   <div class='ocr_carea' id='block_1_121' title="bbox 3191 5563 3463 5622">
    <p class='ocr_par' dir='ltr' id='par_1_121' title="bbox 3191 5563 3463 5622">
     <span class='ocr_line' id='line_1_122' title="bbox 3191 5563 3463 5622; baseline -0.011 0"><span class='ocrx_word' id='word_1_882' title='bbox 3191 5585 3202 5622; x_wconf 84' lang='lat'><strong>:</strong></span> <span class='ocrx_word' id='word_1_883' title='bbox 3240 5563 3463 5620; x_wconf 63' lang='grc' dir='ltr'>ἕκαστον</span> 
     </span>
    </p>
   </div>
   <div class='ocr_carea' id='block_1_122' title="bbox 2919 5636 3468 5712">
    <p class='ocr_par' dir='ltr' id='par_1_122' title="bbox 2919 5636 3468 5712">
     <span class='ocr_line' id='line_1_123' title="bbox 2919 5636 3468 5712; baseline -0.009 -18"><span class='ocrx_word' id='word_1_884' title='bbox 2919 5639 2964 5676; x_wconf 84' lang='grc'>³⁷</span> <span class='ocrx_word' id='word_1_885' title='bbox 3005 5636 3334 5712; x_wconf 72' lang='grc' dir='ltr'>ἐπιπολάζον</span> 
     </span>
    </p>
   </div>
   <div class='ocr_carea' id='block_1_123' title="bbox 2501 5564 3744 5639">
    <p class='ocr_par' dir='ltr' id='par_1_123' title="bbox 2501 5564 3744 5639">
     <span class='ocr_line' id='line_1_124' title="bbox 2501 5564 3744 5639; baseline -0.006 -13"><span class='ocrx_word' id='word_1_886' title='bbox 2501 5610 2550 5639; x_wconf 39' lang='grc' dir='ltr'>,Α</span> <span class='ocrx_word' id='word_1_887' title='bbox 2593 5568 2640 5602; x_wconf 77' lang='grc'>²²</span> <span class='ocrx_word' id='word_1_888' title='bbox 2683 5569 2780 5638; x_wconf 76' lang='grc' dir='ltr'>μέν</span> <span class='ocrx_word' id='word_1_889' title='bbox 2826 5564 3050 5624; x_wconf 64' lang='grc' dir='ltr'>ἕκαστον</span> <span class='ocrx_word' id='word_1_890' title='bbox 3082 5570 3127 5623; x_wconf 89' lang='grc' dir='ltr'><strong>Λ</strong></span> <span class='ocrx_word' id='word_1_891' title='bbox 3172 5564 3463 5639; x_wconf 22' lang='grc' dir='ltr'>Δεμὲκαστον</span> <span class='ocrx_word' id='word_1_892' title='bbox 3508 5566 3744 5639; x_wconf 89' lang='grc' dir='ltr'>μέν</span> 
     </span>
    </p>
   </div>
   <div class='ocr_carea' id='block_1_124' title="bbox 3546 5635 3742 5711">
    <p class='ocr_par' dir='ltr' id='par_1_124' title="bbox 3546 5635 3742 5711">
     <span class='ocr_line' id='line_1_125' title="bbox 3546 5635 3742 5711; baseline 0.005 -39"><span class='ocrx_word' id='word_1_893' title='bbox 3546 5639 3589 5673; x_wconf 75' lang='grc' dir='ltr'>ιιι</span> 
     </span>
    </p>
   </div>
   <div class='ocr_carea' id='block_1_125' title="bbox 3349 5812 3428 5870">
    <p class='ocr_par' dir='ltr' id='par_1_125' title="bbox 3349 5812 3428 5870">
     <span class='ocr_line' id='line_1_126' title="bbox 3349 5812 3428 5870; baseline 0 0"><span class='ocrx_word' id='word_1_894' title='bbox 3349 5812 3428 5870; x_wconf 75' lang='lat'><strong>22</strong></span> 
     </span>
    </p>
   </div>
  </div>
