4142 6214
297 353 418 413 685

1464 353 2001 417 BIBLIOTHECA.
2047 389 2123 403 -—
2168 357 2339 418 COD.
2387 356 2581 420 CCIX.

3587 357 3705 420 686

305 483 505 561 ἕτερον,
538 483 656 539 εἶτα
685 479 744 539 δὲ
773 483 863 538 καὶ
893 483 1021 557 πυρὶ
1053 485 1100 520 ⁸ο
1126 484 1228 554 τὴν
1259 484 1434 540 οἰκίαν
1481 484 1687 559 δοῦναι,
1719 491 1950 552 τούτους

2091 509 2122 546 n
2159 491 2404 563 patriam
2437 507 2648 548 amore.
2681 490 2884 547 XXIX.
2911 491 3048 546 Ante
3067 491 3431 564 philosophiae
3460 492 3707 550 studium

303 576 486 650 ἠρέμα
511 594 634 635 πως
663 571 957 646 ἐπιτιμῶν,
997 574 1060 628 τὸ
1092 572 1396 629 πλανᾶσθαι
1429 575 1516 630 ἐπὶ
1545 583 1647 646 τῆς
1674 577 1828 648 ξένης
1856 586 1956 649 τῆς

2087 599 2124 635 η
2150 581 2336 652 patria
2367 583 2555 638 habita
2587 581 2938 636 inscribitur.
2972 580 3083 636 Eos
3125 585 3319 636 autem
3360 582 3454 652 qui
3496 582 3707 655 lapidi-

306 667 450 721 οἷ’κοι
512 658 796 738 διατριϐῆς
838 662 926 718 διὰ
973 664 1068 725 τὰς
1120 663 1172 718 έν
1237 663 1399 720 πόλει
1464 666 1679 739 ἀταξίας
1733 667 1954 742 ἄμεινον

306 755 714 822 κατασκευάζει.
761 753 822 807 Ἦ
875 749 932 806 δὲ
977 757 1085 806 τῶν
1153 752 1398 808 πολιτῶν
1452 753 1590 830 ὀργὴ
1618 759 1738 811 κατ’
1767 759 1958 828 αὐτοῦ,

2061 671 2169 727 bus
2201 671 2392 740 ipsum
2426 687 2554 726 cum
2588 671 2701 726 alio
2734 670 2986 742 quodam
3039 669 3283 725 obruere
3323 671 3580 744 aggressi
3613 688 3706 726 es-

2062 764 2207 820 sent,
2243 776 2306 813 ac
2338 765 2466 830 post
2497 759 2672 814 etiam
2705 759 2832 829 ejus
2881 760 3114 814 domum
3164 759 3280 831 igni
3327 761 3705 816 cremandam

308 843 470 912 διότι,
531 842 688 920 φησὶ,
738 839 1136 917 καταρρέουσαν
1193 841 1280 896 ἐπὶ
1337 843 1399 896 τὸ
1462 843 1676 918 βέλτιον
1728 843 1959 902 ἀνέλαϐε

2091 849 2308 912 radere,
2355 847 2667 903 clementer
2724 848 3062 918 objurgans,
3116 847 3326 903 melius
3382 847 3454 903 ob
3513 847 3707 904 civiles

305 936 406 1003 τὴν
431 933 628 988 οἰκίαν.
663 933 762 986 Καὶ
807 933 834 986 6
877 933 934 986 A'
984 929 1062 1000 δὲ,
1114 933 1441 1009 Δημηγορία
1491 934 1542 988 ἐν
1593 941 1661 1009 τῇ
1712 936 1958 1012 πατρίδι,

305 1027 406 1094 τήν
471 1025 782 1100 ἐπιγραφὴν
857 1023 1059 1102 φέρων,
1119 1022 1196 1086 εἰς
1275 1026 1374 1093 τὴν
1461 1025 1626 1096 αὐτὴν
1709 1029 1957 1083 ὑπόθεσιν

305 1109 638 1169 ἀποϐλέπει.
680 1111 784 1168 Καὶ
817 1112 844 1166 6
885 1113 942 1166 A’
971 1111 1060 1166 καὶ
1081 1110 1210 1166 Α’ἐν
1237 1117 1306 1186 τῇ
1339 1112 1560 1187 πατρίδι
1597 1117 1689 1188 μὲν
1723 1115 1955 1191 ἐλέχθη,

305 1203 605 1265 Ηολιτικὸς
685 1199 732 1255 δ’
807 1197 1198 1275 ἐπιγέγραπται
1274 1202 1326 1256 έν
1405 1201 1690 1276 ἐκκλησίᾳ,
1744 1207 1834 1260 καὶ
1911 1207 1956 1244 ⁴ί

307 1288 676 1364 συμϐουλεύει
707 1295 814 1344 τῶν
846 1290 922 1352 εἷς
954 1289 1242 1361 ἀλλήλους
1294 1288 1500 1366 ὕϐρεων
1545 1291 1962 1369 ἀποσχομένους

311 1383 406 1436 καὶ
439 1384 914 1456 προπηλακισμῶν
943 1381 1042 1449 τὴν
1072 1380 1254 1435 στάσιν
1287 1382 1362 1443 εἰς
1401 1381 1658 1456 ὁμόνοιαν
1699 1381 1958 1442 διαλύειν.

307 1469 586 1530 Ὡσαύτως
621 1467 676 1523 ἐν
705 1472 773 1542 τῇ
824 1466 1046 1543 πατρίδι
1101 1471 1194 1542 μὲν
1251 1469 1455 1544 ἐλέχθη
1489 1472 1578 1526 καὶ
1611 1473 1637 1525 ὁ
1689 1470 1902 1549 ἐφεξῆς,
1933 1475 1960 1528 ὃ

307 1557 370 1614 δὲ
428 1557 800 1634 ἐπιγράφεται,
859 1559 1190 1632 ΙΙαραίτησις
1249 1559 1430 1634 ἀρχῆς
1504 1560 1554 1615 ἐν
1614 1565 1680 1636 τῇ
1760 1561 1960 1635 βουλῇ,

307 1653 476 1704 τοῦτο
523 1649 612 1702 καὶ
661 1645 987 1703 ἐνδείκνυται
1014 1665 1028 1681 ⁸
1063 1647 1122 1702 ἐκ
1170 1648 1520 1726 ψηφίσματος
1561 1650 1664 1724 γὰρ
1697 1649 1887 1726 ἄρχειν
1919 1655 1963 1689 δ’

307 1740 342 1793 ὁ
375 1737 708 1816 συγγραφεὺς
759 1739 1038 1812 ᾑρημένος
1083 1743 1442 1811 παραιτεῖται.
1477 1740 1539 1796 Ὀ
1572 1737 1628 1794 δε
1677 1747 1796 1812 AI“,
1831 1743 1956 1814 Περὶ

2067 938 2266 992 turbas
2312 953 2440 992 esse
2489 937 2798 993 confirmat
2829 953 3063 1008 peregre
3094 937 3309 1009 vagari,
3345 953 3520 1008 quam
3552 938 3707 994 domi

2066 1028 2290 1098 degere.
2314 1025 2533 1082 Civium
2559 1043 2691 1082 vero
2715 1043 2953 1082 suorum
2985 1042 3122 1098 erga
3153 1043 3214 1082 se
3246 1027 3708 1098 indignationem

2069 1117 2203 1172 hinc
2225 1121 2412 1174 ortam
2437 1118 2537 1184 ait,
2562 1118 2710 1188 quod
2740 1119 3052 1188 ruensjam
3079 1118 3384 1172 aedilicium
3417 1119 3710 1190 quoddam

2067 1207 2469 1262 instaurasset.
2523 1205 2846 1261 Tricesima
2903 1205 3112 1261 deinde
3171 1205 3362 1260 Concio
3415 1205 3478 1260 in
3523 1205 3712 1276 patria

2069 1295 2426 1361 inscribitur,
2463 1295 2734 1365 idemque
2767 1294 3002 1364 respicit
3044 1299 3476 1366 argumentum.
3509 1294 3710 1350 XXXI.

2071 1389 2132 1439 In
2165 1383 2354 1455 patria
2382 1382 2605 1449 habita,
2635 1384 2882 1438 Politirw
2911 1387 2972 1440 in
2999 1384 3256 1439 concione
3300 1383 3531 1438 titulum
3561 1401 3710 1456 pras-

2069 1475 2214 1528 fert:
2250 1473 2573 1543 suadetque
2622 1475 2686 1526 ut
2733 1472 2995 1543 posthac,
3048 1472 3279 1542 injuriis
3338 1472 3586 1528 invicem
3648 1489 3713 1528 ac

2074 1562 2369 1634 probrosis
2401 1561 2772 1617 contumeliis
2821 1562 3009 1618 valere
3033 1563 3241 1634 jussis,
3274 1562 3618 1618 seditionem
3653 1563 3712 1616 in

2072 1653 2435 1708 concordiam
2479 1655 2728 1707 vertant.
2761 1651 3044 1707 Similiter
3073 1661 3126 1707 et
3156 1668 3222 1707 ea
3275 1668 3402 1721 quas
3449 1654 3717 1722 sequitur

2072 1741 2274 1797 habita
2305 1748 2392 1797 est
2423 1744 2479 1796 in
2513 1741 2716 1812 patria,
2749 1742 3207 1812 inscribiturque
3237 1758 3304 1796 ex
3334 1759 3399 1798 eo
3426 1743 3579 1812 quod
3615 1759 3718 1814 pa-

299 1833 418 1884 τῶν
454 1792 654 1902 ⁸έργων
717 1792 809 1880 ἐνΗ
843 1792 1041 1902 ῥουλῆ,
1107 1792 1206 1896 την
1287 1827 1592 1907 ἐπιγραφὴν
1679 1792 1960 1905 παρ’έχιυν,

2087 1792 2273 1797 mn-“
2309 1792 2390 1797 η-
2513 1792 2716 1812 rm”,
2749 1792 3204 1812 ________-__1_-
3241 1792 3304 1796 ___
3339 1792 3394 1798 η
3431 1792 3579 1812 ιη-
3615 1792 3688 1814 τῇ

2087 1848 2188 1886 ηειω
2221 1831 2473 1885 indicat:
2505 1832 2782 1886 Recusatio
2811 1833 3172 1901 magistratus
3195 1833 3254 1886 in
3283 1840 3497 1887 senatu.
3534 1831 3717 1902 Magi-

302 1915 526 1972 ἔπαινον
583 1915 676 1990 μέν
725 1937 845 1971 τινα
891 1922 992 1985 τῆς
1026 1917 1236 1991 βουλῆς
1269 1915 1567 1992 ἐπιτρέχει,
1599 1919 1959 1994 ἀπολογεῖται

303 2005 370 2061 δὲ
397 2005 486 2062 καὶ
520 2006 568 2042 ⁸³
601 2006 736 2079 ὑπὲρ
781 2006 854 2060 ὧν
903 2005 930 2059 ὁ
962 2007 1090 2078 [276
1119 2007 1214 2078 Η.]
1248 2005 1386 2060 Δίων
1438 2006 1737 2078 ὑπενοεῖτο,
1771 2009 1845 2070 ὡς
1884 2011 1957 2082 μή

301 2097 378 2151 τὰ
441 2099 538 2150 τοῦ
589 2093 784 2156 παιδὸς
843 2089 978 2169 ἔργα
1035 2094 1125 2149 καὶ
1184 2093 1238 2148 αἱ
1306 2095 1528 2170 πράξεις
1585 2097 1640 2151 αἱ
1697 2100 1833 2153 κατὰ
1861 2101 1959 2168 τὴν

301 2185 480 2241 πόλιν
532 2191 634 2254 τῆς
692 2191 962 2258 πατρικῆς
1001 2185 1049 2220 ⁸⁸
1095 2183 1194 2238 εἰσι
1258 2184 1468 2258 βουλῆς
1527 2184 1844 2260 ἐξημμέναι.
1903 2189 1963 2243 Ὁ

305 2276 508 2352 ἐφεξῆς
539 2271 594 2328 δὲ
639 2275 780 2348 Πρὸς
833 2271 1102 2347 Διόδωρον
1141 2271 1595 2350 ἐπιγραφόμενος,
1645 2277 1964 2352 προτροπὴν

319 2366 430 2438 μεν
475 2385 588 2419 τινα
635 2363 716 2418 ἐπ’
767 2364 962 2437 ἀρετὴν
1017 2363 1244 2440 εἰσάγει,
1307 2363 1544 2418 ἐπαινεῖν
1579 2363 1636 2420 δὲ
1677 2368 1774 2435 τήν
1807 2367 1968 2422 πόλιν

311 2454 464 2533 φησί
521 2450 588 2508 δι’
643 2454 716 2507 ὧν
773 2455 866 2508 τὸν
932 2453 1342 2528 ἐγκωμιάσαντα
1384 2451 1660 2530 Διόδωρον
1727 2455 1970 2518 ἐπαίνοις

301 2537 664 2616 περιϐάλλει,
697 2543 758 2600 Ὁ
789 2539 847 2596 δὲ
879 2543 999 2611 AE',
1035 2541 1166 2616 Περὶ
1191 2542 1478 2621 Αἰσχύλου
1511 2544 1602 2598 καὶ
1624 2545 1970 2621 Σοφοκλέους

313 2633 418 2686 καὶ
475 2628 774 2706 Εὐριπίδου
926 2629 1054 2706 Περὶ
1113 2635 1220 2686 τῶν
1282 2631 1630 2702 Φιλοκτήτου
1699 2635 1746 2669 ⁴⁵
1801 2633 1968 2704 τόξων

317 2723 827 2797 ἐπιγεγραμμένος,
882 2721 982 2789 τήν
1026 2725 1124 2776 τοῦ
1190 2719 1539 2792 Φιλοκτήτου
1613 2721 1840 2778 πλάττει
1897 2724 1976 2793 ἐξ·

317 2812 564 2882 απᾶτην,
612 2815 682 2882 ἣν
731 2808 1184 2886 προϐεϐλημένος
1227 2811 1515 2874 Ὀδυσσεὺς
1557 2809 1740 2868 λαϐὼν
1792 2812 1973 2889 ᾤχετο

311 2905 396 2960 τὰ
449 2905 598 2973 τόξα.
649 2906 742 2974 Τῷ
793 2900 848 2958 δὲ
1010 2901 1098 2957 καί
1143 2905 1200 2957 Λ⁹
1249 2901 1404 2978 λόγῳ
1449 2907 1483 2974 ἡ
1537 2903 1632 2976 μέν
1699 2903 1971 2982 ἐπιγραφή

319 2992 463 3058 Περὶ
521 2993 764 3064 Ὀμήρου
815 2989 980 3065 λέγει,
1037 2987 1253 3055 ἔπαινος
1309 2989 1368 3048 δέ
1413 3015 1496 3056 τις
1523 2993 1571 3028 ⁴⁶
1595 2997 1691 3048 τοῦ
1739 2997 1978 3063 ποιητοῦ

2077 1923 2324 1976 stratum
2358 1921 2510 1974 enim
2542 1920 2806 1990 scriptor,
2843 1921 2910 1975 ad
2947 1936 3116 1991 quem
3158 1921 3430 1990 suffragio
3462 1921 3720 1976 delectus

2076 2015 2220 2078 erat,
2273 2009 2559 2081 repudiat.
2605 2009 2853 2066 XXXIII.
2899 2011 2973 2065 De
3027 2011 3611 2066 administrationibus
3661 2011 3722 2065 in

2074 2111 2290 2170 senatu,
2323 2099 2758 2170 inscriptionem
2811 2099 3055 2170 praefert.
3091 2103 3154 2155 In
3193 2117 3262 2156 ea
3309 2103 3440 2170 post
3485 2100 3719 2156 brevem

2077 2195 2315 2246 senatus
2367 2187 2624 2256 laudem,
2652 2187 2722 2244 de
2751 2187 2823 2243 iis
2869 2203 2930 2242 se
2961 2192 3168 2259 purgat
3202 2187 3363 2256 Dion,
3397 2188 3468 2243 ob
3502 2205 3629 2259 quas
3661 2188 3720 2244 in

2077 2277 2468 2350 suspicionem
2499 2280 2768 2332 venerat:
2807 2275 3082 2332 nimirum
3117 2294 3149 2331 a
3181 2281 3418 2346 paterno
3451 2293 3568 2332 non
3599 2293 3724 2333 esse

2079 2369 2326 2440 profecta
2374 2367 2638 2429 consilio,
2691 2382 2820 2437 quas
2872 2365 2932 2420 in
2982 2365 3448 2420 administranda
3495 2365 3726 2422 civitate

2081 2459 2237 2512 ﬁlius
2269 2455 2502 2528 egisset.
2533 2455 2804 2510 Proxima
2833 2455 2912 2509 Ad
2942 2453 3239 2509 Diodorum
3281 2453 3564 2524 inscripta
3595 2469 3728 2508 ora-

2080 2549 2181 2612 tio,
2207 2551 2264 2601 et
2284 2548 2351 2600 ad
2375 2544 2646 2598 virtutem
2683 2543 2969 2608 hortatur,
2994 2549 3050 2597 et
3077 2557 3138 2596 se
3160 2541 3395 2597 laudare
3427 2542 3502 2612 (lt)
3536 2541 3733 2596 civita-

2082 2645 2194 2691 tem
2225 2635 2325 2700 ait,
2350 2633 2582 2705 quando
2611 2633 2710 2702 qui
2743 2648 2868 2687 eam
2900 2630 3172 2686 laudarat
3193 2631 3508 2686 Diodorum
3539 2631 3728 2686 laudi-

2083 2727 2191 2781 bus
2221 2731 2404 2780 ornat.
2461 2721 2667 2777 XXXV.
2707 2722 2778 2776 De
2825 2719 3110 2790 lEschylo,
3163 2720 3440 2790 Sophocle,
3483 2725 3536 2776 et
3579 2721 3746 2777 Euri-

2081 2816 2249 2888 pide:
2281 2831 2403 2880 seu,
2439 2815 2510 2869 De
2555 2813 2880 2868 Philoctetae
2926 2829 3063 2866 arcu
3099 2815 3150 2866 et
3178 2811 3414 2882 sagittis,
3449 2811 3738 2883 inscripta

2089 2910 2196 2960 est.
2229 2905 2592 2960 Philocteten
2642 2902 2720 2972 (5)
2753 2901 2874 2956 haec
2907 2900 3037 2956 dolo
3069 2899 3376 2972 deceptum
3429 2901 3587 2970 facit,
3621 2919 3736 2972 quo

2089 2995 2238 3049 167
2275 2994 2352 3066 (b)
2385 2992 2623 3064 Ulysses
2669 3007 2831 3056 usus,
2861 3006 2995 3045 cum
3041 2989 3205 3044 illius
3253 3005 3388 3045 arcu
3421 2993 3478 3045 et
3517 2989 3742 3062 sagittis

317 3081 690 3159 διυφαίνεται,
741 3078 921 3156 ὥσπερ
969 3080 1058 3134 καὶ
1109 3081 1189 3152 τῷ
1246 3080 1370 3155 περί
1455 3084 1782 3157 Σωκράτους
1860 3081 1976 3137 ἐπι-

2093 3082 2318 3137 abierit.
2371 3083 2550 3136 Sextae
2603 3094 2769 3150 porro
2821 3083 2876 3134 et
2926 3079 3234 3133 tricesima;
3290 3077 3490 3133 titulus
3537 3082 3624 3134 cst
3671 3079 3744 3134 De

313 3169 656 3246 γραφομένῳ
701 3173 798 3224 τοῦ
861 3168 1186 3247 φιλοσόφου.
1227 3171 1286 3228 Ὀ
1323 3168 1380 3225 δὲ
1429 3172 1558 3246 Περὶ
1597 3174 1840 3248 Ὀμήρου
1892 3173 1981 3227 καὶ

321 3261 658 3334 Σωκράτους
725 3261 832 3315 AH'
882 3257 1046 3333 λόγος
1096 3257 1193 3329 ὢν,
1250 3259 1508 3330 ζηλωτήν
1561 3263 1806 3338 Ὀμήρου
1873 3271 1984 3318 Σω-

321 3351 540 3424 κράτην
578 3351 665 3403 καὶ
719 3351 969 3422 μαθητήν
1023 3347 1350 3404 ἐπιδείκνυσι
1381 3351 1446 3420 ⁴τ,
1473 3351 1564 3406 καὶ
1593 3352 1654 3406 τό
1693 3373 1752 3406 τε
1782 3353 1986 3406 οἰκεῖον

317 3441 442 3504 τῆς
523 3439 628 3489 τῶν
725 3433 1180 3510 παραδειγμάτων
1271 3436 1700 3513 μεταχειρίσεως
1787 3437 1987 3494 ἐκεῖθεν

315 3527 632 3596 ἆναμαθεῖν
681 3525 772 3578 τὸν
823 3524 1122 3604 φιλόσοφον
1173 3523 1518 3594 ἐπιδεικνύει,
1551 3526 1642 3582 καὶ
1669 3529 1768 3596 τήν
1808 3525 1987 3597 ἄλλην

317 3619 436 3672 τοῦ
469 3613 635 3688 λόγου
665 3614 826 3689 χάριν
850 3615 938 3668 καὶ
973 3611 1195 3687 δύναμιν
1223 3613 1680 3687 ἐναπομάξασθαι.
1704 3619 1760 3675 Ὀ
1793 3615 1852 3672 δὲ
1893 3623 1992 3672 AG‘

315 3704 700 3779 Ἀγαμέμνων
796 3705 830 3774 ἢ
915 3705 1040 3778 Περὶ
1138 3701 1412 3778 βασιλέως
1526 3705 1990 3782 ἐπιγραφόμενος,

323 3794 587 3864 διέξεισιν
617 3793 691 3854 ὡς
731 3788 814 3846 δεῖ
852 3787 1184 3865 συμϐούλων
1215 3798 1332 3855 τοῖς
1366 3792 1603 3867 ἂρίστοις
1636 3796 1726 3849 τὸν
1765 3793 1994 3868 βασιλέα

319 3883 688 3958 κεχρημένον
737 3881 964 3944 ἐκείνοις
1019 3901 1077 3936 τε
1135 3883 1413 3938 πείθεσθαι
1462 3884 1550 3938 καὶ
1615 3885 1690 3956 μὴ
1749 3887 1884 3938 κατά
1931 3885 1994 3940 τὸ

327 3971 548 4028 δοκοῦν
598 3969 1036 4040 ἀπαυθαδιάζειν.
1072 3972 1170 4025 Καὶ
1220 3974 1264 4026 ὦ
1297 3969 1353 4027 δὲ
1385 3972 1600 4046 Νέστωρ
1632 3974 1665 4042 ἠ
1699 3972 1993 4050 ἐπιγραφὴ,

323 4063 494 4121 ὅπως
561 4063 866 4136 κεχρῆσθαι
925 4067 1170 4134 προσῆκε
1225 4065 1292 4133 τῇ
1349 4062 1488 4136 πρὸς
1544 4061 1670 4123 τούς
1749 4062 1996 4137 βασιλεῖς

327 4147 656 4223 παραινέσει
706 4143 1194 4222 περιλαμϐάνεται.
1237 4150 1298 4206 Ὀ
1343 4147 1399 4204 δὲ
1446 4150 1653 4226 ἐφεξῆς,
1701 4150 1998 4226 Ἃχιλλεὺς

329 4239 407 4297 οὗ
443 4239 764 4311 πειθόμενος
810 4242 890 4309 τῷ
941 4239 1198 4312 Χείρωνι,
1233 4239 1462 4312 προνοίᾳ
1497 4241 1586 4295 καὶ
1615 4241 1809 4315 τέχνῃ,
1853 4239 1997 4296 ἀλλὰ

335 4331 430 4404 μή
473 4328 654 4398 θράσει
713 4326 804 4380 καὶ
863 4331 1068 4402 χειρῶν
1129 4327 1284 4401 ἰσχύϊ
1350 4323 1780 4400 συμϐουλεύοντι
1842 4351 1998 4403 μετα-

2094 3173 2317 3228 Homero
2342 3189 2359 3224 :
2387 3171 2554 3238 cujus
2586 3173 2768 3240 poetae
2790 3167 2990 3222 laudes
3023 3167 3298 3238 praedicat
3325 3183 3337 3219 :
3363 3167 3745 3237 quemadmo-

2095 3264 2234 3318 dum
2269 3265 2328 3316 et
2357 3259 2606 3314 Socratis
2636 3258 2758 3324 illa,
2792 3273 2918 3328 quas
2951 3256 3127 3326 hujus
3159 3255 3493 3327 philosophi
3527 3273 3744 3313 nomen

2100 3349 2348 3421 praefert.
2381 3346 2526 3402 Hinc
2571 3345 2667 3400 illa
2700 3347 2766 3400 De
2799 3349 3036 3400 Homero
3065 3347 3116 3399 et
3157 3345 3400 3399 Socrate.
3435 3343 3744 3401 XXXVIII.

2100 3438 2316 3504 Oratio,
2347 3435 2574 3492 Homeri
2605 3435 2882 3489 amulum
2915 3434 3096 3489 fuisse
3127 3433 3422 3488 Socratem
3469 3434 3744 3504 ostendit,

2101 3542 2167 3583 ac
2197 3525 2571 3596 discipulum.
2598 3524 2684 3577 Ab
2713 3523 2818 3577 hoc
2837 3521 2970 3577 item
2999 3521 3406 3593 philosophum
3439 3539 3553 3578 non
3589 3522 3748 3579 illam

2100 3619 2331 3670 tantum
2361 3612 2708 3668 familiarem
2733 3611 2874 3666 adeo
2899 3610 3006 3666 sibi
3030 3611 3428 3679 exemplorum
3451 3613 3750 3668 tractatio-

2103 3721 2234 3760 nem
2268 3702 2559 3770 hausisse,
2595 3700 2695 3754 sed
2727 3699 3003 3770 reliquam
3057 3699 3298 3770 insuper
3349 3699 3580 3755 dicendi
3629 3701 3748 3757 vim

2103 3809 2333 3848 omnem
2353 3807 2418 3845 ac
2436 3795 2800 3846 venustatem
2827 3789 3150 3844 imbibisse.
3173 3789 3432 3844 XXXIX.
3455 3789 3752 3858 Agamem—

2105 3899 2234 3948 non,
2284 3897 2384 3936 seu
2439 3882 2510 3935 De
2557 3895 2687 3948 rege
2733 3878 3107 3933 inscribitur:
3143 3879 3430 3950 docetque
3487 3885 3750 3948 oportere

2105 3987 2298 4042 regem
2349 3971 2587 4042 optimis
2637 3985 2808 4024 usum
2857 3967 3230 4036 consiliariis,
3267 3968 3473 4024 iisdem
3525 3985 3747 4040 parere,

2107 4077 2294 4132 neque
2327 4075 2494 4115 suum
2529 4057 2832 4113 arbitrium
2867 4058 3240 4129 pervicaciter
3268 4058 3454 4130 sequi.
3480 4059 3750 4116 Proxima

2105 4168 2238 4206 vero
2313 4165 2440 4221 quas
2507 4147 2871 4214 inscribitur,
2931 4148 3136 4216 Nestor,
3193 4165 3446 4219 quanam
3525 4150 3749 4207 ratione

2107 4257 2272 4312 reges
2303 4239 2654 4295 admonendi
2688 4239 2808 4294 sint
2849 4239 3106 4296 instruit.
3133 4245 3262 4298 Mox
3295 4239 3532 4296 Achilles
3563 4241 3752 4310 sequi-

2107 4337 2240 4386 tur:
2290 4329 2386 4400 qui
2435 4329 2668 4384 Chironi
2719 4345 2836 4384 non
2884 4331 3281 4402 acquiescens,
3333 4331 3590 4386 monenti
3647 4330 3756 4404 (5')

329 4417 684 4494 χειρίζεσθαι
753 4413 1026 4488 πόλεμον,
1096 4415 1316 4492 ὕστερον
1387 4417 1486 4472 οὐκ
1567 4419 1818 4475 ἀπώνατο
1901 4427 1967 4489 τῆ

2112 4420 2422 4492 prudentia
2469 4419 2663 4490 potius
2722 4425 2893 4490 atque
2945 4425 3064 4475 arte
3120 4437 3296 4491 quam
3353 4421 3599 4476 audacia
3656 4425 3760 4476 aut

331 4505 646 4564 ἀπειθείας.
695 4507 792 4559 Καὶ
853 4507 882 4559 ὁ
950 4509 1306 4576 Φιλοκτήτης
1366 4505 1422 4561 δὲ
1489 4508 1832 4583 παράφρασίς
1890 4509 2000 4565 ἐστι

331 4599 452 4652 τοῦ
505 4597 624 4650 κατ’
671 4595 836 4650 αὐτὸν
895 4594 1278 4672 ἀτυχήματος.
1314 4597 1428 4672 Ἐφ’
1474 4597 1559 4658 οἷς
1611 4597 1638 4650 ὁ
1669 4596 1874 4660 Νέσσος
1911 4599 2002 4654 καὶ

333 4691 376 4756 ἡ
427 4685 718 4758 Δηϊάνειρα
767 4685 816 4718 ⁴⁸
851 4689 959 4738 τῶν
1015 4685 1295 4749 ἀπιθάνως
1348 4685 1474 4760 περὶ
1525 4686 1722 4748 αὐτοὺς
1788 4687 2003 4744 πεπλα-

339 4772 570 4848 σμένων
631 4771 718 4827 διά
775 4793 920 4835 τινος
981 4773 1264 4848 θεραπείας
1325 4774 1400 4838 εἷς
1467 4774 1653 4850 εἰρμόν
1725 4797 1844 4832 τινα
1916 4777 2006 4832 καὶ

335 4867 504 4934 τῆιν
561 4859 706 4918 δοκεῖ
771 4864 832 4917 τὸ
891 4861 1152 4918 ἀπίθανον
1217 4863 1681 4940 μεταῤῥυθμίξειν.
1733 4867 1836 4922 Καὶ
1886 4867 1913 4922 6
1963 4867 2010 4903 ⁴⁹

2111 4509 2369 4580 corporis
2397 4509 2618 4563 viribus
2649 4525 2742 4564 res
2773 4508 3009 4564 bellicas
3053 4509 3198 4580 geri,
3229 4511 3461 4565 tandem
3511 4511 3758 4582 neglecti

2111 4597 2340 4655 consilii
2373 4615 2575 4670 poenas
2605 4599 2782 4653 dedit.
2804 4601 2938 4662 Quae
2953 4615 3087 4652 vero
3117 4599 3435 4654 Philoctetes
3457 4603 3586 4669 post
3609 4599 3759 4654 hanc

2113 4691 2417 4761 inscripta,
2451 4689 2632 4743 fusius
2663 4690 2788 4758 ejus
2817 4690 3138 4745 infortunia
3170 4695 3602 4746 commemorat.
3628 4690 3760 4745 Post

2115 4796 2262 4852 quas
2321 4783 2522 4835 Nessus
2576 4782 2630 4832 et
2687 4777 2984 4849 Dejaneira
3043 4779 3194 4850 [quae
3251 4783 3488 4834 vocatur
3553 4778 3760 4849 oratio]

2117 4868 2434 4924 absurdius
2463 4868 2534 4923 de
2564 4867 2636 4923 iis
2665 4867 2928 4940 obsequii
2951 4868 3256 4939 cujusdam
3289 4883 3460 4924 causa
3491 4867 3761 4938 conficta,

1693 4965 1934 5021 VARIE
1977 4965 2388 5024 LECTIONES.

425 5051 480 5084 ⁴⁰
507 5051 634 5122 πυρί
669 5057 712 5106 Δ
755 5049 922 5126 τπερί
1113 5053 1160 5088 ¹⁴
1190 5051 1280 5106 καὶ
1307 5070 1424 5110 om.
1459 5055 1525 5108 A.
1602 5053 1650 5088 ⁴²
1691 5053 1870 5160 ἀρ⁴χήν
2061 5055 2109 5090 ⁴³
2151 5055 2241 5108 καὶ
2290 5057 2421 5112 add.
2467 5061 2529 5112 Δ.
2605 5055 2648 5090 ⁸⁸
2690 5056 2790 5119 τῆς
2839 5061 3110 5146 πατρικῆς
3145 5058 3223 5112 A:
3265 5059 3634 5128 πνευματικῆς

425 5125 540 5160 οε...
575 5120 948 5160 ὦλκας-..ιηηι
993 5125 1122 5160 In":
1169 5127 1274 5160 εμπ...
1323 5125 1649 5160 ἠε-..παρη
1775 5125 1797 5160 ϐ
1841 5123 1895 5160 at
1955 5146 2036 5160 ...ρ
2095 5133 2116 5160 ι
2146 5145 2158 5157 .
2201 5147 2284 5160 ..μ
2333 5123 2386 5160 Rt-
2439 5126 2500 5160 τ-
2597 5125 2642 5160 47
2691 5124 3008 5160 smmum“...
3053 5127 3117 5160 Γ·
3235 5127 3276 5160 ιο
3312 5125 3398 5160 νηὶ
3463 5125 3761 5160 Αυτέωηη

345 5127 398 5161 ⁵³
423 5125 540 5196 τῶν
575 5120 948 5196 Φιλοκτήτου]
968 5120 1126 5179 Ἰὶδῐί
1169 5127 1274 5176 τῶν
1323 5125 1670 5194 Ἐπικτήτου.

347 5197 386 5266 ἦ
437 5195 690 5270 Διάνιιρα
721 5201 782 5251 Α.
814 5193 817 5194 ⁷
895 5193 944 5229 ⁴⁹
991 5196 1042 5266 ὁ]
1072 5197 1106 5264 ἡ
1149 5203 1389 5254 corr.A.

1841 5123 2036 5188 δῖε-τις
2083 5133 2158 5182 Αε
2201 5147 2284 5190 τις
2333 5123 2390 5179 δὲ

2597 5125 2642 5160 ⁴⁷
2691 5124 3011 5181 ἐπιδεικνύει
3235 5127 3276 5163 ³⁸
3312 5124 3411 5180 καῖ
3455 5124 3766 5202 Δηϊάνειρα]

1973 5298 2021 5350 Ν
2025 5298 2175 5352 ΟΤίΕ

429 5395 516 5468 (τι)
550 5393 668 5448 Imo
700 5395 904 5448 contra
947 5391 1219 5468 Photium
1267 5393 1412 5468 dixit
1459 5393 1902 5468 Dio,iLaudasse
1955 5411 2016 5468 se

357 5464 708 5594 gadet-um,
732 5479 864 5519 cum
891 5481 1016 5536 qua:
1039 5464 1196 5522 hunc
1217 5466 1558 5537 praedicaret
1587 5467 1846 5523 laudavit
1877 5467 2020 5523 civi-

491 5553 574 5590 m.

491 5553 574 5590 m.

449 5609 528 5678 (5)
585 5611 738 5684 Iiege
786 5607 1091 5684 _S_oph_oclis
1132 5608 1532 5684 -Βὴὶιοσίειᾳηη
1569 5609 1715 5666 Nam
1772 5609 2024 5684 Eschyli

375 5677 556 5750 atque
601 5677 898 5749 Euripidis
943 5679 1306 5749 intercidere,
1339 5683 1397 5736 et
1433 5681 1610 5754 hujus
1659 5697 1792 5738 mox
1838 5677 2024 5739 nostri

2129 5395 2451 5451 Philoctetae
2499 5394 2767 5451 meminit
2815 5411 3044 5467 quoque
3073 5399 3148 5452 M.
3179 5395 3409 5453 Tullius
3441 5397 3588 5453 Tusc.
3621 5413 3684 5466 ιι,
3715 5401 3774 5455 et

2131 5467 2209 5522 ibi
2241 5467 2502 5522 Beroald.

2203 5539 2302 5610 (5')
2327 5539 2640 5594 Hesiodum
2663 5537 2926 5595 Chironis
2947 5539 3016 5595 ad
3041 5539 3326 5595 Achillem
3350 5539 3775 5598 instituendum

2133 5611 2590 5684 fraceptionem
2647 5611 2951 5683 scripsisse
2994 5627 3062 5667 ex
3107 5611 3436 5684 aliquorum
3489 5613 3780 5668 sententia

2135 5681 2388 5738 Pausan.
2420 5681 2638 5739 Boeotio.
