4142 6214
445 361 560 420 687

1644 357 1740 415 PH
1750 356 1909 415 OTII
1950 351 2486 414 PATRIARCHIE
2529 351 2645 412 ΟΡ.

3724 345 3846 405 688

443 495 504 551 in
537 494 746 551 seriem
779 494 1091 565 quamdam
1117 498 1291 563 atque
1312 493 1573 548 ordinem
1604 493 1902 548 meliorem
1933 491 2073 545 vide-

2202 484 2435 561 Χρυσηίς
2490 484 2704 547 ἔπαινός
2752 482 2865 538 ἐστι
2922 479 3248 557 Χρυσηίδος.
3291 483 3347 536 Ὀ
3405 479 3462 536 δὲ
3510 482 3643 556 Περὶ
3689 482 3852 556 βασι-

441 589 538 639 tur
570 584 903 640 reformare.
930 583 1187 654 Chryseis
1219 582 1378 652 [item
1412 583 1563 637 dicta
1594 582 1797 652 oratio]
1832 581 2087 637 laudatio

441 674 774 744 Chryseidis
805 677 910 728 est.
938 675 1009 727 De
1032 687 1192 742 regno
1213 688 1345 726 vero
1377 675 1429 727 et
1459 672 1754 742 tyrannide
1785 671 1987 739 oratio,
2017 677 2088 725 de

443 763 532 818 his
556 762 694 832 ipsis
719 763 974 831 disserit,
997 767 1059 816 ut
1081 766 1195 817 tres
1225 762 1495 833 deinceps
1530 768 1839 833 sequentes
1863 764 1932 817 De
1956 764 2084 816 For-

441 858 574 907 tuna
625 858 820 923 gratas
873 851 1047 907 simul
1095 868 1160 906 ac
1211 852 1636 922 philosophicas
1687 853 2088 907 meditationes

441 941 734 995 exhibent.
762 941 844 994 Ad
880 940 1150 995 eumdem
1184 940 1444 1007 modum,
1478 957 1603 1010 qum
1635 941 1740 994 has
1772 941 2085 1009 excipiunt,

439 1030 678 1084 totidem
731 1030 803 1084 De
849 1030 1027 1099 gloria
1083 1030 1392 1097 orationes,
1444 1031 1685 1084 suadent
1740 1033 1795 1084 et
1854 1037 2085 1084 monent

441 1120 931 1174 contemnendam
980 1136 1107 1174 esse
1155 1119 1308 1190 vulgi
1359 1120 1646 1190 gloriam:
1685 1120 1778 1173 ubi
1831 1119 2084 1188 pulchris

443 1206 618 1262 simul
666 1212 721 1262 et
772 1207 942 1262 utiles
999 1208 1490 1262 considerationes
1541 1208 1692 1262 inter
1731 1207 2082 1264 hortandum

442 1297 782 1351 miscentur.
809 1297 921 1353 LII.
946 1299 1019 1350 De
1051 1298 1248 1350 virtute
1279 1303 1334 1351 et
1357 1297 1712 1366 inscribitur,
1747 1309 1803 1352 et
1833 1297 2083 1351 disserit.

436 1386 576 1440 LIII.
611 1387 740 1455 Agit
773 1388 842 1440 De
866 1387 1240 1456 philosorihia,
1282 1391 1345 1440 ut
1374 1386 1512 1440 LIV.
1548 1387 1619 1442 De
1647 1387 1985 1457 philosoyho.
2016 1388 2088 1440 At

437 1475 540 1530 LV.
590 1477 664 1530 De
712 1475 905 1529 habitu
958 1476 1216 1545 cultuque
1265 1475 1513 1546 corporis
1567 1475 1872 1545 inscripta,
1923 1476 2086 1529 docet

436 1580 550 1618 non
612 1564 682 1619 ob
733 1564 991 1618 tunicam
1047 1581 1176 1618 mox
1212 1569 1268 1618 et
1301 1563 1525 1618 calceos
1582 1563 2084 1634 philosophorum,

433 1669 620 1723 nequo
667 1653 736 1707 ob
779 1658 1070 1707 externam
1121 1652 1312 1708 cultus
1362 1652 1612 1723 speciem
1666 1653 2078 1724 philosophum

433 1758 784 1813 quemquam
819 1759 948 1796 esse
981 1742 1393 1812 judicandum.
1433 1742 1566 1796 LVI.
1601 1743 1672 1795 De
1701 1743 1904 1811 ﬁducia
1937 1742 2080 1796 titu-

435 1808 551 1886 l-um
586 1808 862 1899 sortitur;
891 1837 952 1886 ut
973 1808 1176 1887 contra
1200 1831 1335 1886 huic
1369 1831 1627 1903 proxima
1647 1808 1718 1886 De
1739 1832 2082 1902 (ii/ﬁdentia.
2119 1808 2164 1873 Β
2201 1830 2326 1902 Περὶ

431 1922 688 1977 Suadent
742 1922 822 1976 hee
872 1923 1195 1976 cavendum
1247 1923 1338 1977 cui
1391 1923 1556 1990 fidas,
1601 1935 1698 1977 aut
1742 1928 1796 1976 te
1841 1925 2081 1992 credas;

435 2027 506 2064 ne
557 2011 622 2064 iis
672 2009 931 2080 quidem,
968 2010 1064 2080 qui
1115 2011 1200 2064 vel
1256 2012 1505 2066 maxime
1553 2028 1746 2066 amare
1792 2013 2078 2068 videntur.

435 2098 651 2152 Multos
679 2098 832 2153 enim
866 2098 994 2152 aliis
1027 2099 1276 2154 confisos
1301 2101 1358 2152 in
1385 2116 1654 2169 magnam
1692 2101 1966 2156 incidisse
1996 2118 2080 2155 ca-

435 2186 750 2241 lamitatem
781 2204 792 2240 :
819 2203 950 2241 cum
980 2187 1302 2242 difﬁdentia
1335 2190 1577 2242 munitis
1611 2191 1919 2243 manifesta
1949 2208 2082 2244 con-

434 2275 629 2346 tigerit
679 2275 857 2330 salus.
903 2277 1010 2330 Sed
1064 2277 1180 2330 haec
1231 2278 1465 2346 quidem
1517 2277 1616 2332 illa
1655 2280 1727 2332 De
1765 2279 2083 2348 difﬁdentia

433 2363 638 2418 oratio.
673 2364 1002 2419 Praecedens
1033 2364 1186 2418 enim
1222 2366 1503 2431 edisserit,
1541 2367 1815 2421 fiduciam
1869 2385 2081 2440 magna

433 2452 823 2522 utplurimum
852 2456 888 2507 Ι
905 2454 1002 2508 68
1020 2454 1328 2525 (a)damna
1348 2455 2074 2513 confidentibusattulisse.

429 2544 857 2613 Argumentum
910 2545 1118 2599 deinde
1171 2545 1454 2600 orationis
1488 2546 1676 2600 LVIII.
1713 2550 1863 2616 quod
1915 2550 2080 2603 docet

430 2628 754 2701 inscriptio,
793 2637 872 2686 De
925 2632 1035 2702 lege
1078 2636 1183 2696 est,
1220 2640 1283 2686 ut
1325 2639 1380 2687 et
1422 2633 1782 2703 insequentis
1830 2635 1968 2689 LIX.
2005 2638 2078 2690 De

428 2720 852 2775 consuetudine:
889 2737 1064 2791 quam
1099 2722 1334 2791 quidem
1367 2726 1732 2777 tantumdem
1786 2730 2074 2792 praestare,

429 2817 712 2879 quantum
765 2809 853 2863 lex
897 2811 1064 2876 solet,
1099 2811 1370 2876 ostendit,
1406 2812 1499 2865 sed
1530 2828 1657 2866 cum
1693 2812 1985 2882 voluptate
2019 2815 2072 2868 id

427 2899 620 2967 potius
653 2903 827 2970 atque
859 2899 1216 2963 inductione,
1253 2917 1428 2969 quam
1465 2901 1538 2966 vi,
1576 2901 1876 2970 multoque
1907 2918 2072 2956 secu-

427 2987 568 3040 rius.
604 2986 738 3041 Duae
770 3003 903 3042 vero
936 2988 1247 3056 orationes,
1282 3005 1412 3058 quae
1445 2996 1790 3058 sequuntur,
1827 2995 1901 3045 De
1935 2990 2073 3044 invi-

426 3075 520 3129 dia
551 3084 750 3147 agunt,
786 3083 846 3130 ut
881 3078 1036 3132 LXII.
1074 3079 1143 3133 De
1190 3077 1423 3144 divitiis,
1463 3096 1710 3147 quarum
1770 3080 2066 3134 molestias

425 3170 597 3234 atque
630 3167 871 3220 insidias
900 3167 979 3220 ita
1010 3168 1283 3221 omnibus
1319 3175 1478 3221 notas
1514 3169 1667 3237 facit,
1695 3179 1752 3221 ut
1778 3170 2062 3224 utiliorem

424 3252 593 3324 longe
651 3270 777 3310 esse
831 3261 1049 3309 statuat
1086 3257 1317 3323 justitia
1368 3258 1700 3310 comitatam
1762 3265 2068 3328 pauperta-

431 3348 570 3397 tem.
609 3345 805 3399 LXIII.
842 3345 996 3400 Inter
1025 3345 1235 3400 Cilicas
1267 3347 1556 3400 orationes
1589 3347 1660 3400 De
1692 3347 1943 3401 libertate
1977 3349 2068 3402 ha-

424 3431 543 3484 bita
575 3432 933 3488 inscribitur.
975 3433 1134 3487 Illum
1181 3434 1255 3504 (ὓ)
1290 3440 1478 3487 autem
1517 3435 1758 3488 liberum
1810 3453 2062 3504 pronun-

426 3521 552 3586 tiat,
579 3522 675 3591 qui
705 3539 947 3576 suarum
972 3524 1048 3576 sit
1081 3524 1353 3577 dominus
1389 3525 1913 3594 perturbationum,
1940 3527 2070 3580 affe-

425 3609 799 3682 ctionumque
820 3611 1024 3677 animi,
1049 3611 1278 3666 tametsi
1307 3612 1463 3665 mille
1487 3615 1614 3682 ejus
1637 3615 1864 3684 corpori
1895 3614 2071 3685 impe-

426 3703 554 3754 rent
585 3700 842 3766 domini;
876 3701 1041 3755 illum
1076 3707 1278 3756 contra
1309 3719 1562 3770 servum,
1599 3705 1697 3772 qui
1733 3704 1897 3758 malis
1947 3705 2068 3758 suis

424 3805 632 3859 parens
652 3789 1073 3856 affectionibus,
1097 3792 1433 3845 servitutem
1457 3793 1692 3858 serviat,
1711 3792 1842 3846 licet
1866 3795 2065 3847 mundi

423 3878 603 3932 totius
637 3879 944 3948 imperium
995 3887 1185 3934 tenere
1218 3881 1497 3933 videatur.
1533 3881 1713 3943 Quam
1751 3883 1806 3936 in
1843 3889 2067 3937 senten-

421 3966 564 4021 tiam
614 3968 979 4038 subsequens
1028 3985 1258 4039 quoque
1309 3970 1564 4035 disserit,
1612 3971 1679 4024 De
1717 3974 1978 4026 ser-ritate
2019 3982 2069 4026 et

419 4055 997 4128 librrlateinscripta:
1027 4063 1087 4110 ut
1107 4066 1584 4130 etsequens,quie
1615 4061 1686 4113 De
1705 4065 1874 4115 servis
1891 4061 2069 4116 altera

418 4149 524 4198 est.
559 4144 702 4198 Hinc
735 4146 807 4198 De
837 4145 1188 4214 aegritudine,
1226 4146 1491 4200 hortatur
1523 4163 1635 4200 non
1671 4155 1932 4216 Oportere
1980 4150 2066 4203 vi-

420 4248 546 4286 rum
581 4250 927 4302 generosum
963 4251 1028 4288 ac
1061 4236 1404 4304 prudentem
1442 4236 1590 4289 vinci
1626 4243 1726 4289 aut
1759 4240 2066 4305 perturba-

418 4320 561 4374 tioni
613 4322 1008 4386 succumbere,
1063 4325 1162 4377 sed
1214 4330 1586 4378 contemnere
1638 4328 1850 4395 potius,
1893 4333 2067 4398 atque

420 4409 700 4462 obterere.
738 4409 947 4466 LXVII.
987 4417 1065 4464 De
1104 4411 1344 4466 avaritia
1397 4413 1698 4482 inscripta,
1731 4415 1909 4469 vitare
1958 4416 2064 4470 hoc

2186 4413 2306 4486 Περί
2383 4413 2552 4487 λόγου
2639 4413 2725 4465 καὶ
2810 4411 3116 4481 ἀσκήσεως,
3185 4411 3442 4478 τοιαύτην
3539 4410 3631 4464 καὶ

417 4497 626 4554 malum
672 4501 858 4569 jubet.
894 4501 1124 4557 LXVIII.
1179 4503 1362 4556 oratio
1411 4503 1644 4556 titulum
1695 4506 1959 4573 praefert:
1996 4508 2067 4561 De

421 4587 550 4642 bene
575 4587 796 4642 dicendi
826 4593 1109 4658 exercitio,
1134 4598 1308 4662 atque
1343 4591 1446 4646 hoc
1481 4591 1627 4644 idem
1664 4603 2062 4658 argumentum

420 4680 696 4748 suggerit.
743 4679 872 4734 Mox
928 4680 1114 4735 LXIX.
1168 4683 1282 4750 agit
1343 4682 1800 4751 inscribiturque
1853 4685 1918 4735 De
1964 4701 2063 4737 sua

419 4767 604 4840 [alios]
628 4768 890 4823 audiendi
911 4770 1226 4840 cupiditate.
1255 4771 1699 4840 Septuagesimum
1725 4770 1927 4824 titulus
1959 4781 2060 4832 est,

417 4859 494 4912 De
531 4874 762 4921 secessu,
797 4859 1076 4928 docetque
1128 4875 1239 4911 non
1273 4858 1399 4913 loca
1430 4859 1552 4912 sola
1601 4862 1895 4925 sectando,
1932 4877 2062 4915 mox

416 4947 582 5000 etiam
615 4949 854 5001 vitiosas
889 4947 1062 5001 animi
1112 4948 1459 5010 affectiones,
1496 4963 1560 5001 uc
1603 4949 1730 5000 vitis
1777 4951 2062 5003 tumultus

412 5035 601 5103 vitari,
637 5038 737 5092 sed
773 5037 840 5090 ad
876 5037 1128 5106 seipsum
1185 5053 1308 5089 sese
1342 5039 1747 5104 convertendo,
1782 5043 1835 5091 et
1867 5041 1937 5093 ad
1971 5042 2058 5094 sui

412 5127 801 5195 cognitionem
835 5129 1261 5192 contendendo,
1287 5127 1523 5182 aliunde
1555 5129 1884 5182 accedentis
1920 5129 2057 5183 mali

2199 575 2351 636 λείας
2408 576 2495 630 καὶ
2579 572 2892 649 τυραννίδος
2976 573 3100 646 περὶ
3178 573 3352 628 αὐτῶν
3437 573 3643 626 τούτων
3730 570 3857 625 δια-

2201 662 2486 738 λαμϐάνει.
2522 664 2626 719 Καὶ
2686 666 2735 718 οἱ
2796 662 2986 741 ἐφεξῆς
3043 659 3101 716 δὲ
3148 663 3196 738 γ’
3254 661 3383 736 Περὶ
3443 660 3623 739 τύχης
3689 659 3855 736 λόγοι

2201 755 2462 834 χαρίεντά
2490 774 2608 808 τινα
2639 755 2728 807 καὶ
2761 751 3084 829 φιλοσοφίας
3116 751 3231 823 ἅμα
3252 749 3486 825 ἐχόμενα
3516 752 3857 826 θεωρήματα

2201 842 2574 899 διατυποῦσιν.
2644 840 2917 902 Ὡσαύτως
2975 839 3064 894 καὶ
3122 842 3174 894 οἱ
3237 841 3372 912 μετὰ
3428 841 3654 901 τούτους
3715 839 3856 913 Περὶ

2201 931 2360 1003 δόξης
2391 935 2438 1008 γ’
2479 931 2642 1009 λόγοι
2675 926 3114 1004 συμϐουλεύουσι
3146 930 3232 984 καὶ
3265 932 3586 1003 παραινοῦσι
3641 926 3858 1002 μηδένα

2199 1021 2362 1098 λόγον
2408 1026 2508 1087 τῆς
2539 1026 2645 1075 τῶν
2692 1019 2924 1075 πολλῶν
2972 1017 3132 1088 δόξης
3163 1020 3451 1073 ποιεῖσθαι·
3495 1017 3641 1072 καλὰ
3669 1015 3726 1071 δὲ
3759 1017 3856 1070 καὶ

2197 1111 2453 1186 ὠφέλιμα
2507 1115 2576 1184 τῇ
2626 1105 2934 1185 παραινέσει
2988 1107 3432 1163 συνδιαπλέκεται
3502 1109 3856 1181 θεωρήματα.

2199 1205 2319 1274 [537
2363 1203 2451 1273 R.]
2488 1207 2541 1254 Ὀ
2585 1197 2640 1254 δὲ
2698 1201 2804 1256 ΝΒ¹
2838 1198 2968 1272 Περὶ
3017 1197 3212 1268 ἀρετῆς
3252 1197 3341 1250 καὶ
3374 1196 3728 1272 ἐπιγράφεται
3758 1197 3858 1249 καὶ

2198 1289 2352 1344 δίεισι
2397 1293 2460 1345 ⁸ο.
2509 1289 2640 1362 Περὶ
2708 1286 3032 1366 φιλοσοφίας
3073 1284 3126 1341 δέ
3181 1285 3322 1339 ἐστιν
3358 1287 3385 1339 6
3417 1291 3466 1339 I"
3522 1286 3610 1339 καὶ
3670 1284 3750 1342 Ν’.
3792 1287 3857 1339 εΟ

2199 1380 2253 1436 δὲ
2311 1385 2350 1417 ⁵¹
2415 1387 2510 1433 NA'
2579 1379 2708 1453 Περὶ
2765 1383 2861 1432 τοῦ
2922 1376 3336 1453 φιλοσόφου.Ὀ
3391 1373 3447 1430 δὲ
3494 1377 3549 1432 Ε’
3615 1375 3704 1429 καὶ
3765 1376 3860 1447 Ν.»

2201 1471 2329 1544 Περὶ
2389 1474 2485 1524 τοῦ
2537 1471 2828 1543 σχήματος
2899 1466 3392 1542 ἐπιγεγραμμένος,
3451 1463 3714 1519 δείκνυσιν
3774 1465 3862 1527 ὡς

2199 1559 2258 1615 οὐ
2290 1564 2485 1635 χιτῶνι
2534 1561 2623 1613 καὶ
2667 1555 2983 1629 ὑποδήματι
3016 1556 3330 1635 φιλοσόφων
3373 1557 3400 1610 6
3441 1575 3859 1630 κατεσχηματι-

2198 1650 2395 1722 σμένος
2427 1651 2474 1684 52
2510 1646 2643 1718 ἤδη,
2675 1651 2764 1701 καὶ
2796 1652 2884 1701 τὸν
2920 1647 3034 1721 βίον
3065 1645 3367 1724 φιλόσοφός
3399 1644 3562 1702 ἐστιν.
3597 1650 3652 1700 Ὀ
3683 1641 3744 1699 δὲ

2195 1743 2284 1792 και
2316 1741 2398 1807 Ν’,
2434 1740 2563 1812 Περὶ
2614 1739 2850 1798 πίστεως
2883 1736 3189 1813 ἐπιγραφῆς
3218 1737 3425 1811 τυχὼν,
3459 1735 3546 1790 καὶ
3576 1736 3603 1788 6
3635 1732 3863 1812 ἐφεξῆς,

2439 1827 2712 1896 ἀπιστίας,
2817 1826 3211 1901 προτρέπονται
3323 1823 3681 1901 φυλάσσεσθαι
3784 1823 3862 1878 τὸ

2197 1917 2407 1993 Οαρῥεῖν
2463 1919 2554 1972 καὶ
2604 1916 3011 1971 καταπιστεύειν
3064 1916 3152 1969 καὶ
3210 1919 3326 1975 τοῖς
3379 1912 3617 1986 μάλιστα
3665 1910 3859 1989 φιλεῖν

2198 2005 2436 2061 δοκοῦσι·
2479 2005 2716 2068 πολλοῖς
2779 2006 2885 2080 γὰρ
2938 2006 3254 2060 πιστεύσασι
3298 2005 3391 2077 μὲν
3429 2003 3635 2077 μεγάλη
3667 2003 3864 2072 ἀπήν-

2188 2117 2318 2164 τησε
2378 2094 2650 2172 συμφορὰ,
2712 2095 2935 2165 ἀπιστία
3021 2091 3077 2148 δὲ
3162 2093 3522 2166 φραξαμένοις
3609 2091 3858 2166 λαμπρὰ

2190 2186 2511 2260 περιγέγονε
2535 2184 2798 2257 σωτηρία.
2842 2181 3018 2239 Ἀλλὰ
3049 2187 3215 2237 ταῦτα
3250 2184 3342 2254 μὲν
3369 2184 3396 2237 6
3428 2181 3558 2255 Περὶ
3587 2181 3854 2243 ἀπιστίας

2192 2273 2379 2348 λόγος’
2417 2275 2443 2327 6
2487 2272 2542 2327 δὲ
2574 2274 2678 2344 πρὸ
2711 2273 2875 2327 αὐτοῦ
2908 2269 3149 2341 διέξεισιν
3180 2273 3254 2333 ὡς
3276 2273 3363 2326 καὶ
3395 2276 3457 2326 τὸ
3497 2269 3856 2325 πίστεύεσθαι

2192 2363 2265 2422 ὡς
2308 2363 2501 2417 ἐπίπαν
2561 2361 2768 2436 μεγάλα
2826 2361 2952 2422 τοὺς
3020 2359 3443 2432 πιστευομένους
3515 2359 3852 2431 ἐζημίωσεν.

2191 2448 2524 2508 Ἡηρι
2797 2450 3116 2470 -.,,
3300 2448 3783 2482 ριρκς-

2315 2467 2341 2504 ο
2423 2455 2676 2514 υποθεσις
2730 2472 2825 2504 του
2883 2454 2979 2505 INH
3054 2449 3246 2523 λόγου,
3288 2470 3469 2522 ωσπερ
3509 2471 3598 2503 και
3638 2451 3672 2518 ἠ
3716 2470 3852 2503 ε.-ι-

2189 2543 2395 2617 γραφη,
2458 2541 2586 2613 Περὶ
2644 2539 2816 2611 νόμου
2863 2537 3025 2593 ἐστίν·
3090 2540 3165 2600 ὡς
3203 2539 3292 2592 καὶ
3352 2539 3385 2603 ἡ
3444 2538 3540 2592 τοῦ
3571 2539 3674 2593 ΝΘ¹
3707 2541 3847 2612 Περὶ

2187 2625 2358 2700 ἔθους,
2391 2631 2418 2683 ὃ
2471 2630 2722 2702 πράττειν
2761 2629 2854 2701 μὲν
2897 2628 2996 2682 ὅσα
3049 2629 3077 2682 6
3127 2628 3299 2700 νόμος
3330 2624 3694 2696 ἀποδείκνυσι,
3723 2630 3849 2700 μεθ’

2186 2717 2387 2787 ἡδονῆς
2439 2717 2493 2772 δὲ
2541 2719 2630 2773 καὶ
2681 2719 2898 2779 πειθοῦς
2944 2715 3156 2790 μᾶλλον
3193 2720 3319 2789 [277
3359 2718 3453 2788 1-1.]
3502 2715 3535 2784 ἢ
3572 2715 3712 2789 βίας,
3744 2717 3849 2770 καὶ

2184 2807 2598 2882 ἀσφαλέστερον.
2660 2807 2762 2862 Δύο
2833 2805 2888 2860 δὲ
2940 2807 2993 2860 οἱ
3042 2806 3230 2885 ἐφεξῆς
3272 2805 3402 2879 Περὶ
3445 2807 3645 2880 φθόνου
3704 2802 3843 2859 δια-

2184 2895 2545 2971 λαμϐάνουσι,
2601 2898 2690 2952 καὶ
2751 2900 2777 2952 6
2832 2899 2885 2953 B'
2943 2899 3032 2951 καὶ
3081 2899 3142 2951 Ξ¹
3223 2897 3353 2970 Περὶ
3430 2895 3687 2964 πλούτου,
3767 2897 3847 2951 τὸ

2184 2987 2429 3064 ὀχληρὸν
2463 2989 2631 3042 αὐτοῦ
2662 2989 2751 3041 καὶ
2783 2982 3078 3041 ἐπίϐουλον
3114 2984 3474 3056 στηλιτεύων,
3515 2987 3598 3040 καὶ
3627 2982 3846 3057 πολλῷ

2183 3076 2624 3151 λυσιτελεστέραν
2684 3080 2849 3131 αὐτοῦ
2901 3081 3174 3148 παριστῶν
3229 3076 3327 3144 τήν
3371 3077 3503 3146 μετᾶ
3550 3072 3848 3128 δικαιοσῦ-

2177 3189 2274 3236 νης
2334 3167 2536 3222 πενίαν.
2607 3167 2666 3222 Ὁ
2718 3162 2773 3219 δὲ
2833 3169 2883 3219 Γ¹
2943 3164 3030 3218 καὶ
3089 3166 3150 3218 Ξ’
3215 3163 3564 3239 ἐπιγράφεται
3613 3167 3720 3217 τῶν
3787 3162 3849 3218 ἐν

2180 3255 2402 3324 Κιλικίᾳ
2490 3256 2618 3328 Περὶ
2713 3254 3042 3327 ἐλευθερίας,
3122 3253 3323 3308 ἐκεῖνον
3411 3249 3465 3307 δὲ
3550 3251 3848 3327 ἐλεύθερον

2177 3365 2433 3417 παριστᾳ,
2497 3345 2555 3403 ’ὸς
2621 3348 2727 3398 τῶν
2790 3343 2840 3397 ἐν
2902 3342 3050 3414 αύτῴ
3106 3342 3294 3417 κύριος
3363 3339 3446 3410 εἷή
3498 3342 3845 3408 παθῶν,χὶἱν

2183 3433 2367 3506 μυρίοι
2400 3431 2592 3504 ἔξωθεν
2635 3435 2799 3487 αὑτοῦ
2830 3436 2924 3486 τοῦ
2974 3433 3225 3503 σώματος
3275 3429 3376 3484 ὦσι
3418 3428 3695 3495 δεσπόται,
3736 3434 3841 3484 καὶ

2179 3519 2375 3575 δοῦλον
2438 3521 2656 3588 ἐκεῖνον,
2711 3521 2767 3581 ὃς
2827 3517 3163 3594 ἀνδράποδόν
3231 3519 3341 3573 ἐστι
3390 3521 3594 3586 παθῶν,
3645 3519 3692 3572 εἰ
3734 3521 3840 3573 καὶ

2179 3611 2467 3682 συμπάσης
2494 3612 2539 3646 ⁵³
2591 3610 2780 3684 ἄρχειν
2831 3616 2930 3677 τῆς
2992 3608 3320 3680 οἰκουμένης
3363 3606 3529 3664 δοκεῖ.
3575 3609 3668 3667 Εἰς
3727 3611 3840 3676 τήν

2176 3701 2341 3767 αὐτὴν
2405 3698 2450 3754 δ’
2507 3700 2824 3776 ἀναφέρεται
2892 3697 3133 3753 διάνοιαν
3194 3699 3282 3752 καὶ
3341 3700 3369 3751 ὁ
3427 3698 3637 3772 ἐφεξῆς,
3695 3699 3836 3769 [It-Egi

2178 3785 2428 3848 δουλείας
2487 3791 2573 3842 καὶ
2637 3787 2941 3861 ἐλευθερίας
3012 3787 3315 3861 ἐπιγραφήν
3385 3785 3530 3860 ἔχων
3573 3805 3584 3816 '
3643 3785 3835 3859 ὥσπερ

2175 3877 2261 3932 καὶ
2324 3879 2349 3932 6
2402 3877 2588 3954 ἐφεξῆς
2643 3875 2890 3950 δεύτερος
2944 3880 3070 3951 Περὶ
3123 3874 3338 3930 δούλων
3379 3874 3474 3928 ὤν.
3513 3875 3608 3928 Καὶ
3642 3875 3667 3927 6
3703 3878 3835 3945 μετ’

2176 3967 2333 4020 αὐτὸν
2399 3964 2475 4036 δὲ,
2531 3971 2661 4040 Περὶ
2703 3965 2905 4034 λύπης,
2949 3967 3023 4028 ὼς
3073 3966 3136 4019 οὐ
3186 3965 3297 4038 χρὴ
3337 3969 3700 4038 παρεηυᾶται
3728 3966 3836 4019 τὸν

2175 4061 2418 4129 γενναῖον
2452 4056 2540 4108 καὶ
2568 4061 2692 4108 νοῦν
2723 4053 2922 4128 ἔχοντα
2951 4051 3118 4127 ἄνδρα
3174 4051 3696 4107 ύποκατακλίνεσθαι
3749 4057 3837 4124 τῷ

2173 4145 2352 4214 πάθει,
2403 4149 2656 4218 περιορᾷν
2718 4142 2773 4197 δὲ
2827 4142 3039 4215 μᾶλλον
3091 4142 3179 4196 καὶ
3216 4137 3626 4215 ἀποτρίϐεσθαι,
3661 4143 3769 4198 Καὶ
3808 4144 3838 4196 6

2181 4235 2309 4307 Περὶ
2374 4232 2711 4302 πλεονεξίας,
2773 4234 2819 4285 Z'
2886 4233 2976 4286 mi
3044 4233 3104 4285 Ξ¹
3162 4232 3208 4266 ⁵⁴
3265 4230 3364 4297 ὢν,
3425 4229 3836 4303 ἀποτρέπεσθαι

2174 4323 2375 4390 ταύτην
2435 4327 2733 4398 παρεγγυᾷ.
2797 4322 2891 4377 Καὶ
2951 4323 2976 4376 6
3033 4323 3166 4388 EH',
3214 4320 3394 4393 ὥσπερ
3438 4317 3834 4394 ἐπιγέγραπται

3724 4415 3832 4478 τήν

2177 4504 2423 4557 ὑπόθεσιν
2489 4497 2813 4556 ὑποϐάλλει.
2868 4502 2995 4573 Περὶ
3055 4498 3112 4554 δὲ
3168 4507 3266 4566 τῆς
3310 4498 3473 4552 αὐτοῦ
3522 4499 3836 4575 φιληκοΐας

2175 4595 2201 4647 ὁ
2250 4595 2354 4647 ΞΘ’
2411 4591 2497 4645 καὶ
2549 4591 2896 4669 ἐπιγράφεται
2955 4591 3045 4644 καὶ
3114 4585 3494 4662 διαλαμϐάνει.
3528 4590 3589 4645 Ὁ
3648 4587 3702 4642 δέ
3773 4576 3835 4646 Ο,

2173 4680 2476 4759 ἐπιγραφῆς
2536 4681 2628 4754 μὲν
2684 4681 2810 4754 Περὶ
2863 4679 3270 4752 ἀναχωρήσεως
3323 4678 3598 4756 τυγχάνει,
3656 4699 3838 4731 κατα-

2174 4772 2414 4838 σκευάζει
2456 4767 2509 4823 δὲ
2551 4771 2622 4829 ὡς
2656 4769 2786 4842 οὐχὶ
2833 4769 2894 4824 τὸ
2946 4771 3038 4829 τὰς
3071 4767 3309 4843 ἐρήμους
3346 4765 3562 4822 διώκειν
3606 4767 3834 4840 ἀναχώ.

2173 4859 2326 4932 ρησίς
2376 4857 2487 4912 ἐστι
2537 4861 2720 4912 παθῶν
2754 4857 2841 4911 καὶ
2887 4862 2993 4911 τῶν
3024 4860 3079 4912 ’sv
3118 4858 3224 4932 βίῳ
3261 4853 3534 4930 θορύϐων,
3577 4855 3727 4912 ἀλλὰ
3769 4862 3839 4913 τὸ

2172 4947 2245 5010 εἷς
2303 4949 2488 5001 ἐαυτὸν
2547 4946 2905 5022 ἐπεστράφθαι
2945 4948 3031 5000 καὶ
3092 4945 3335 5001 σπεύδειν
3366 4949 3571 5020 γνῶναι
3613 4946 3834 5013 ἑαυτὸν,

2171 5045 2270 5105 τῆς
2292 5037 2396 5090 ἀπὸ
2423 5038 2528 5090 τῶν
2563 5034 2749 5090 ἄλλων
2778 5035 2967 5095 κακίας
3003 5036 3047 5070 ⁵⁵
3074 5034 3366 5110 φορολίγον
3401 5030 3595 5107 ἔχοντα
3629 5035 3832 5109 λόγον,

2172 5130 2300 5200 Περὶ
2359 5127 2598 5189 κάλλους
2673 5123 2728 5180 δὲ
2782 5127 2808 5179 6
2871 5127 3004 5198 μετὰ
3043 5129 3232 5179 τοῦτον
3292 5122 3483 5199 λόγος,
3547 5125 3606 5177 6v
3639 5123 3834 5200 ἐπιγέο

1761 5237 2004 5292 νΑΡιΙίΕ
2043 5238 2450 5293 LECTIONES.

479 5331 522 5364 ⁵ο
551 5326 766 5407 ὲὲξεισι
831 5334 1255 5407 apographum_
1291 5334 1566 5407 Stephani
1600 5336 1746 5407 :sed
1793 5330 1980 5387 δίεισιν
2029 5341 2117 5391 est
2159 5336 2350 5407 etiam
2401 5353 2457 5407 p.
2513 5337 2610 5390 166
2661 5352 2704 5407 η,
2751 5339 2807 5390 et
2856 5338 2943 5407 Ψ,
3003 5336 3048 5407 ιλ
3093 5335 3188 5407 24.
3258 5333 3302 5407 ‘_1
3346 5333 3372 5384 ὁ
3423 5329 3490 5407 δὲ
3524 5337 3569 5388 Α
3608 5352 3622 5388 :
3657 5355 3691 5388 κ

413 5401 506 5472 μὶν
699 5404 742 5438 ⁵³
770 5401 1351 5510 κατεσᾴηματισμένος
1392 5401 1509 5474 ἤδη
1556 5405 1644 5458 καὶ
1681 5404 1773 5458 τάν
1817 5407 1931 5479 βίον
1979 5410 2020 5461 Α
2050 5424 2062 5464 :
2116 5406 2176 5460 οὐ
2222 5401 2790 5479 κατεσῂηματισμένῳ
2828 5401 2956 5460 εἴδει
3148 5405 3194 5440 ⁵³
3223 5403 3398 5472 πάσης
3591 5407 3640 5441 ⁸⁸

413 5494 466 5527 π.
502 5493 540 5527 π
588 5515 598 5526 .
628 5470 702 5524 ὧν
740 5474 821 5528 ί..
899 5476 918 5509 ⁵
962 5471 1162 5528 ’κακίας
1196 5475 1511 5528 ωοοολίνον]
1547 5481 1838 5528 συμφορῶν
1861 5477 2052 5528 ὀλίγον
2084 5496 2230 5528 corr.
2254 5486 2290 5528 Α
2320 5497 2332 5528 1
2369 5498 2456 5528 nr-
2489 5497 2603 5528 nm.
2637 5478 2849 5528 κακίας.

410 5494 466 5527 π.
502 5475 598 5528 πλ.
628 5475 702 5524 ὢν
899 5475 945 5510 ⁵⁸
962 5475 1162 5538 ’κακίας
1196 5475 1511 5553 φορολίγον]
1547 5475 1838 5553 συμφορῶν
1861 5477 2052 5552 ὀλίγον
2084 5496 2230 5534 corr.
2254 5486 2292 5532 Α
2320 5497 2332 5535 :
2369 5475 2603 5551 iom.
2637 5475 2849 5537 ἱιακίας.

642 5470 653 5486 ἳ

3693 5336 3832 5390 αἱὸ

3697 5409 3729 5460 δ
3761 5409 3835 5479 ις’

2002 5587 2231 5641 NOTAE.

2002 5591 2231 5642 NOTAE.

481 5676 556 5751 (6)
587 5669 781 5728 Cicero
812 5669 868 5725 in
901 5673 1224 5741 Paradoxis,
1255 5684 1307 5731 et
1338 5677 1500 5732 Philo
1531 5679 1762 5736 Judtsus
1793 5681 1968 5750 atque
2001 5678 2289 5734 I-Ioratius.
