4142 6214
430 331 538 393 691

1628 333 1889 393 PHOTll
1938 332 2466 392 PATRIARCHIE
2508 331 2625 391 ΕΡ.

3711 327 3834 387 692

429 467 641 537 cuique
672 466 976 522 assertioni
1001 466 1269 521 refutatio
1292 466 1489 521 statim
1513 470 1917 537 opponeretur.
1944 466 2073 535 Ipsa

2205 464 2393 535 ιμένων
2464 459 2811 531 ἐσπούδαζεν,
2868 460 3061 533 ἑκάστῃ
3129 462 3431 532 κατασκευῇ
3480 458 3840 533 ἀντιπαρατι-

432 572 600 626 porro
646 555 888 611 elocutio
942 571 1131 625 neque
1178 556 1495 611 admodum
1530 559 1860 623 exornatur,
1894 570 2082 625 neque

429 648 647 711 tamen,
682 646 807 699 sine
851 648 1157 699 venustate
1208 644 1563 716 negligitur:
1596 645 1916 716 praesertim
1950 660 2081 699 cum

432 750 546 788 non
566 734 635 788 ad
653 734 1092 789 ostentationem
1113 734 1393 804 aliquam,
1409 736 1509 789 sed
1536 736 1604 789 ad
1630 735 2082 805 disputationem

432 826 628 895 potius
648 842 794 895 opus
812 826 919 881 hoc
942 831 1339 897 comparatum
1360 826 1597 881 sitasuo
1626 830 1879 891 auctore,
1896 824 1988 880 cui
2008 828 2086 879 te-

433 929 545 967 nue
567 914 797 969 dicendi
822 930 1007 985 genus
1033 919 1089 968 et
1110 918 1490 985 cognatarum
1517 931 1704 969 rerum
1730 913 1909 968 series
1931 929 2082 967 cura:

432 1000 557 1056 fuit.
588 1002 752 1057 Utilis
776 1011 967 1057 autem
994 1003 1137 1057 liber
1160 1004 1229 1058 iis
1252 1008 1355 1065 est,
1387 1005 1486 1074 qui
1510 1004 1566 1058 in
1591 1003 1910 1059 dialecticis
1928 1019 2083 1059 exer‘

432 1093 655 1157 cantur,
677 1095 769 1157 atq
782 1105 849 1143 ue
870 1088 981 1142 ista
1004 1089 1117 1142 fere
1140 1105 1245 1143 suo
1270 1094 1611 1158 argumento
1634 1088 2079 1158 comprehensa.

437 1180 483 1229 1.
533 1177 616 1231 Ab
669 1181 914 1247 utroque
964 1182 1198 1246 parente
1246 1178 1395 1232 mitti
1456 1194 1677 1246 semen,
1731 1178 2082 1233 animantia-

434 1281 545 1334 que
577 1264 771 1335 gigni;
798 1271 853 1319 et
876 1273 1072 1320 contra
1105 1283 1217 1321 non
1243 1267 1312 1321 ab
1340 1271 1601 1337 utroque.
1626 1270 1679 1319 2.
1705 1268 1786 1321 Ex
1812 1268 2083 1322 universo

436 1370 674 1424 corpore
724 1372 921 1409 semen
974 1354 1239 1409 excerni':
1276 1361 1478 1410 contra
1528 1372 1658 1411 vero
1700 1374 1732 1409 a
1774 1357 2079 1412 testiculis.

434 1444 485 1496 3.
548 1443 986 1498 Concoctionem
1049 1443 1236 1498 calore
1297 1443 1468 1498 ﬁeri:
1523 1448 1724 1499 contra
1780 1461 1910 1499 vero
1966 1462 2082 1499 non

436 1531 593 1587 item.
656 1534 708 1588 4.
769 1534 983 1589 Attritu
1047 1534 1475 1589 concoctionem
1538 1536 1658 1589 ﬁeri
1706 1552 1717 1589 :
1770 1540 1825 1589 et
1884 1535 2082 1590 attritu

440 1622 679 1676 minime
714 1622 857 1677 ﬁeri.
979 1622 1403 1678 Putrefactione
1437 1624 1558 1677 ﬁeri
1605 1624 2039 1679 concoctionem
2069 1639 2080 1675 :

439 1720 638 1765 contra
667 1728 799 1766 vero
834 1711 1095 1767 minime.
1130 1714 1183 1765 6.
1218 1714 1369 1767 169
1400 1714 1476 1783 (ιι)
1510 1714 1869 1784 Proprietate
1914 1712 2085 1783 spiri-

2194 554 2420 624 θεμένης
2461 552 2697 623 παρευθυ
2728 552 2819 605 καὶ
2871 552 3007 605 κατά
3057 548 3336 623 συνέχειαν
3382 554 3481 616 τῆς
3514 546 3846 615 ἀνασκευῆς.

2194 643 2255 697 ἸΙ
2294 643 2383 713 μὲν
2430 640 2685 716 ἑρμηνεία
2740 643 2834 694 τοῦ
2886 638 3055 714 λόγου
3099 635 3221 691 οὔτε
3269 635 3589 711 ἐξωράϊσται
3638 635 3687 670 ⁸⁵
3718 631 3848 688 οὔτε

2195 725 2440 804 ἔρριπται
2486 735 2582 785 τοῦ
2632 728 2896 795 κάλλους,
2943 726 3129 790 ἄλλως
3176 748 3233 781 τε
3281 725 3370 779 καὶ
3419 724 3503 779 ὅτι
3552 720 3670 779 οὐδ’
3720 723 3847 777 ὲπιον

2195 818 2497 889 δεικτικῶς,
2557 819 2681 874 ἀλλ’
2733 818 2783 881 ἐς
2830 819 2892 873 τὸ
2954 817 3251 893 γυμνάσιον
3298 819 3377 885 τῷ
3434 819 3736 889 συγγραφεῖ
3777 814 3846 867 τὸ

2194 908 2517 982 σπούδασμα
2556 909 2715 964 τείνει
2761 911 2825 977 ⁸⁸,
2874 908 2965 962 καὶ
3019 906 3347 979 ἰσχνότητος
3398 902 3547 975 αὐτῷ
3597 904 3686 957 καὶ
3732 906 3844 957 τῶν

2194 998 2496 1073 συστοίχων
2542 998 2716 1070 μέλει·
2770 999 3047 1071 χρήσιμον
3084 992 3139 1049 δὲ
3187 993 3248 1049 τὸ
3303 990 3519 1067 βιϐλίον
3568 998 3687 1053 τοῖς
3738 998 3845 1059 τήν

2194 1085 2541 1155 διαλεκτικὴν
2569 1082 2762 1159 τριϐήν
2788 1086 3161 1157 άσκουμένοις.
3191 1085 3253 1140 Ἠ
3288 1081 3345 1137 δὲ
3387 1082 3642 1142 ὑπόθεσις
3694 1080 3846 1155 λέγει

2191 1180 2379 1243 ταῦτα,
2405 1178 2488 1230 ὅτι
2532 1175 2581 1246 ἐξ
2626 1176 2947 1251 ἀμφοτέρων
2982 1177 3016 1243 ἡ
3057 1168 3336 1241 καταϐολή
3390 1176 3486 1226 τοῦ
3526 1171 3845 1245 σπέρματος

2192 1267 2278 1318 καί
2316 1265 2587 1341 ζωογονία
2633 1266 2862 1339 γίνεται,
2904 1265 2993 1318 καὶ
3042 1261 3351 1317 τούναντίον
3403 1261 3501 1314 οὐκ
3558 1260 3607 1331 ἐξ
3660 1260 3846 1335 ἀμφο-

2190 1354 2381 1429 τέρων.
2443 1356 2696 1429 Δεύτερον
2758 1356 2839 1408 ὅτι
2884 1354 2969 1429 ἀφ’
3023 1353 3157 1407 ὅλου
3203 1356 3299 1406 τοῦ
3359 1352 3616 1423 σώματος
3662 1352 3698 1417 ἡ
3746 1352 3848 1403 to?)

2193 1448 2502 1518 σπέρματος
2536 1442 2794 1518 ἔκκρισις,
2828 1443 2917 1496 καὶ
2947 1440 3257 1496 τούναντίον
3291 1439 3374 1495 ὅτι
3418 1439 3523 1493 ἀπὸ
3578 1438 3758 1511 μόνων
3801 1437 3849 1472 ⁶Ἶ

2191 1538 2298 1587 τῶν
2336 1530 2601 1605 διδύμωψ
2657 1534 2701 1606 γ’
2762 1533 2909 1600 ὅτιὴ
2943 1532 3105 1604 πέψις
3154 1528 3419 1603 θερμασίᾳ
3472 1527 3703 1604 γίνεται,
3752 1526 3846 1580 καὶ

2194 1623 2278 1676 ὅτι
2312 1622 2417 1700 οὐχ
2450 1622 2644 1691 οὕτως,
2678 1619 2720 1675 δ’
2752 1620 2834 1674 ὅτι
2868 1619 3043 1695 τρίψει
3076 1622 3110 1688 ἡ
3144 1619 3302 1691 πέψις
3346 1616 3573 1691 γίνεται,
3619 1616 3711 1670 καὶ
3761 1616 3853 1669 ὅτι

2196 1713 2259 1766 οὐ
2290 1712 2470 1785 τρίψει
2504 1713 2539 1765 ε’
2573 1712 2653 1765 ὅτι
2689 1713 2849 1783 σήψει
2882 1712 2915 1777 ἡ
2950 1708 3136 1781 πέψις,
3166 1708 3255 1762 καὶ
3289 1708 3373 1761 ὅτι
3424 1705 3483 1760 οὐ
3535 1707 3720 1777 σήψει.

441 1804 538 1854 tus
584 1803 1019 1857 concoctionem
1070 1801 1232 1857 fieri:
1268 1811 1464 1857 contra
1516 1819 1628 1857 non
1663 1806 1820 1857 item.
1854 1803 1907 1855 7.
1943 1802 2081 1855 Suc-

2205 1802 2279 1856 ὕτι
2338 1806 2433 1855 τοῦ
2491 1801 2797 1874 πνεύματος
2852 1796 3086 1868 ἰδιότητι
3120 1800 3153 1867 ἡ
3202 1798 3386 1869 πέψις,
3445 1795 3533 1849 καὶ
3594 1796 3677 1848 ὅτι
3738 1794 3854 1871 οὐχ

443 1905 642 1943 corum
678 1892 1029 1960 proprietate
1050 1892 1343 1947 concoctio
1376 1892 1576 1958 ﬁt;vel
1603 1892 1859 1946 minime.
1884 1892 1936 1946 8.
1965 1891 2093 1945 Pro-

442 1978 689 2047 prietate
740 1980 951 2034 caloris
1003 1981 1065 2033 ﬁt
1096 1982 1429 2037 concoctio:
1467 1986 1523 2035 et
1559 1998 1669 2035 non
1706 1982 1865 2035 item.
1896 1984 1948 2035 9.
1983 1984 2091 2037 Ca-

443 2067 562 2121 lore
613 2068 997 2136 digestionem
1051 2070 1213 2123 ﬁeri:
1249 2074 1305 2125 et
1345 2086 1457 2125 non
1504 2071 1661 2125 item.
1702 2072 1783 2124 10,
1816 2071 2089 2127 Ciberum

444 2155 920 2211 distributionem
954 2174 1055 2228 per
1080 2158 1291 2212 caloris
1313 2160 1381 2212 ad
1407 2174 1467 2212 se
1489 2160 1895 2214 attractionem
1932 2161 2087 2226 ﬁeri;

440 2243 529 2297 vel
565 2244 825 2299 minime.
862 2247 948 2299 11.
984 2247 1201 2315 Spiritu
1238 2248 1301 2300 tit
1345 2248 1619 2318 digestio:
1657 2254 1757 2304 aut
1791 2267 1904 2305 non
1938 2251 2088 2305 item.

447 2331 531 2385 12.
580 2333 932 2390 Arteriarum
985 2337 1371 2406 applicatione
1415 2338 1661 2409 digestio
1714 2340 1815 2395 ﬁt:
1854 2340 2093 2395 minime

445 2434 575 2474 vero
608 2420 713 2476 sic.
751 2422 836 2476 13.
868 2423 1120 2493 Digestio
1154 2425 1218 2479 ﬁt
1249 2442 1350 2495 per
1381 2426 1703 2480 absentiam
1736 2444 1865 2482 cum
1900 2428 2092 2484 vacui-

444 2513 604 2564 tate:
632 2512 862 2581 etquod
892 2529 992 2583 per
1012 2513 1291 2569 incertam
1315 2515 1433 2569 sive
1454 2532 1867 2587 quamcunque
1886 2520 2092 2573 absen-

445 2598 587 2651 tiam
647 2600 769 2654 ﬁeri
820 2602 1002 2657 soleat
1054 2604 1321 2673 digestio.
1358 2605 1443 2659 14.
1477 2604 1557 2659 Ex
1586 2622 1651 2659 eo
1683 2605 1960 2676 glaucedo
1992 2624 2091 2661 na-

448 2687 651 2755 scitur,
677 2692 824 2759 quod
849 2692 1126 2746 alimento
1142 2710 1247 2747 suo
1266 2693 1684 2764 visuulisporus
1707 2696 2094 2751 destituatur:

447 2781 504 2831 et
527 2794 639 2831 non
665 2778 825 2833 item.
856 2781 938 2834 15.
969 2781 1281 2852 Sanguinis
1304 2782 1517 2853 illapsu
1543 2783 1599 2837 in
1626 2784 1865 2839 visionis
1892 2801 2093 2855 porum

448 2864 734 2935 glaucedo
767 2868 832 2922 tit
861 2870 1201 2925 oculorum:
1239 2876 1295 2925 et
1347 2888 1458 2927 non
1507 2873 1663 2926 item.
1702 2874 1783 2925 16.
1818 2875 2095 2928 Humido-

448 2971 575 3009 rum
610 2956 895 3023 crassitie,
932 2964 1103 3028 atque
1162 2960 1529 3015 exhalatione
1578 2961 1637 3014 fit
1682 2962 1964 3029 glaucedo
1997 2981 2007 3016 :
2042 2969 2099 3018 et

451 3062 568 3100 non
621 3047 704 3100 ﬁt.
759 3046 843 3098 17.
900 3048 1285 3103 Phrenitidem
1336 3049 1457 3104 ﬁeri
1512 3066 1613 3120 per
1670 3053 2089 3107 distensionem

2202 1892 2396 1952 οὕτως.
2432 1892 2473 1959 ζ’
2513 1891 2596 1945 ὅτι
2647 1894 2843 1965 χυμῶν
2898 1886 3196 1957 ἰδιότητιὴ
3228 1886 3413 1959 πέψις,
3460 1885 3548 1938 καὶ
3601 1884 3686 1938 δτι
3738 1882 3851 1957 οὐχ

2198 1979 2369 2041 οὕτως
2401 1982 2448 2049 η’
2481 1981 2562 2033 ὅτι
2595 1978 2885 2052 Θερμασίας
2918 1975 3153 2046 ἰδιότητι
3188 1979 3222 2045 ἡ
3265 1977 3446 2047 πέψις,
3487 1974 3576 2027 καὶ
3610 1974 3692 2027 ὅτι
3738 1972 3854 2047 οὐχ

2197 2068 2395 2129 οὕτως.
2429 2070 2470 2120 θ’
2505 2067 2587 2121 ὅτι
2638 2068 2962 2141 θερμασίᾳὴ
2997 2064 3272 2134 ἀνάδοσις,
3322 2064 3410 2118 καὶ
3460 2063 3541 2117 δτι
3594 2062 3703 2136 οὐχ
3750 2061 3849 2114 οὕ-

2199 2178 2325 2217 τως.
2378 2166 2401 2208 ι’
2454 2156 2535 2211 ὅτι
2567 2160 2600 2225 ἡ
2654 2155 2907 2217 ἀνάδοσις
2954 2159 3033 2227 τῷ
3080 2157 3177 2223 τὴν
3240 2152 3531 2227 θερμασίαν
3582 2150 3661 2228 ἐφ’
3712 2151 3851 2203 ἑαυ-

2199 2252 2297 2317 τὴν
2328 2246 2530 2319 έλκειν,
2563 2248 2652 2301 καὶ
2684 2248 2766 2301 δτι
2810 2246 2912 2321 οὐχ
2964 2245 3155 2307 οὕτως·
3212 2246 3275 2299 ια’
3325 2244 3407 2297 ὅτι
3456 2248 3534 2313 τῷ
3581 2260 3850 2311 πνευματι

2201 2342 2233 2407 ἡ
2268 2336 2536 2407 ἀνάδοσις,
2570 2338 2658 2390 καὶ
2700 2336 2780 2390 ὅτι
2835 2336 2943 2410 οὐχ
2978 2335 3173 2403 οὕτως,
3209 2335 3278 2409 ιβ’
3310 2335 3395 2388 ὅτι
3425 2336 3492 2405 τῇ
3524 2338 3632 2385 τῶν
3673 2330 3852 2404 ἀρτη-

2205 2432 2333 2501 ριῶν
2383 2428 2669 2500 παραθέσει
2704 2429 2737 2494 ἡ
2790 2424 3059 2493 ἀνάδοσις,
3110 2424 3199 2479 καὶ
3250 2423 3333 2478 ὅτι
3376 2424 3487 2497 οὐχ
3532 2423 3731 2487 οὕτως,
3788 2421 3853 2493 ιγ’

2203 2517 2285 2570 ὅτι
2344 2522 2411 2589 τῇ
2466 2516 2601 2570 κατά
2641 2516 2793 2569 κενὸν
2847 2515 3085 2585 ἀπουσία
3116 2517 3149 2583 ἡ
3184 2510 3455 2581 ἀνάδοσις,
3507 2511 3596 2565 καὶ
3653 2512 3737 2565 ὅτι
3790 2509 3853 2563 οὐ

2202 2606 2338 2661 κατά
2366 2607 2427 2658 τὸ
2452 2603 2657 2674 ἄδηλον
2684 2604 2918 2674 ἀπουσίᾳ
2940 2607 2975 2672 ἡ
2998 2601 3273 2671 ἀνάδοσις,
3303 2600 3363 2656 ιδ’
3390 2604 3474 2655 ὅτι
3498 2598 3567 2654 δι’
3591 2602 3855 2678 ἀτροφίαν

2202 2700 2298 2749 τοῦ
2353 2696 2606 2767 ὁρατικοῦ
2655 2696 2829 2768 πόρου
2864 2696 2898 2762 ἡ
2933 2692 3355 2769 ἀπογλαύκωσις
3407 2685 3720 2763 συμϐαίνει,
3766 2687 3857 2742 καὶ

2206 2786 2287 2839 ὅτι
2322 2785 2429 2857 οὐχ
2468 2783 2662 2854 οὕτως,
2700 2785 2756 2837 ιε’
2789 2783 2870 2837 ὅτι
2917 2785 3045 2854 παρ’
3084 2780 3360 2855 ἔμπτωσιν
3396 2782 3439 2816 ⁸⁸
3485 2778 3721 2850 α’ίματος
3779 2778 3856 2837 εἷς

2205 2876 2295 2929 τὸν
2337 2874 2585 2948 ὁρατικὸν
2646 2874 2812 2945 πόρον
2876 2874 2902 2939 ἡ
2964 2869 3405 2945 ἀπογλαύκωσις,
3465 2869 3555 2923 καὶ
3605 2870 3689 2922 ὅτι
3748 2866 3861 2944 οὐχ

2208 2963 2396 3025 οὓτως.
2447 2965 2505 3023 ις’
2564 2961 2645 3015 ὅτι
2703 2962 2820 3015 καθ’
2878 2962 3056 3037 ὑγρῶν
3110 2963 3291 3034 πάχος
3340 2959 3430 3013 καὶ
3486 2956 3744 3023 διαπνοὴν
3810 2958 3860 2991 ⁶⁹

2204 3055 2238 3120 ἡ
2274 3051 2713 3125 ὀπογλαόκωσις,
2742 3051 2829 3104 καὶ
2863 3052 2945 3104 ὅτι
2979 3049 3092 3124 οὐχ
3145 3050 3339 3110 οὕτως.
3392 3050 3513 3119 [541
3550 3048 3640 3116 R.]
3678 3052 3736 3114 ιζ’
3770 3046 3855 3100 δτι

449 3134 760 3202 meningis,
794 3137 1211 3206 sanguinisque
1258 3139 1689 3209 corruptionem
1719 3158 1729 3193 :
1763 3154 1815 3195 et
1848 3159 1959 3197 non
2016 3144 2093 3197 ita

2206 3144 2239 3209 ἦ
2274 3147 2509 3219 φρενῖτις
2558 3141 2691 3195 κατά
2748 3140 2987 3193 διάτασιν
3034 3146 3134 3208 τῆς
3180 3142 3443 3214 μήνιγγος
3490 3136 3578 3190 καὶ
3648 3137 3855 3211 φθορὰν

449 3222 595 3275 fieri.
631 3224 716 3276 18.
754 3223 829 3276 Ex
879 3224 1087 3279 caloris
1145 3242 1379 3281 excessu
1440 3230 1599 3282 nasci
1662 3230 2089 3299 phrenitidem:

449 3315 504 3364 et
535 3326 647 3364 non
683 3312 840 3365 item.
878 3313 962 3365 19.
997 3312 1101 3366 Per
1132 3313 1649 3370 inﬂammationem
1702 3317 2092 3387 phrenitidem

451 3399 645 3453 nasci:
672 3403 726 3453 et
749 3415 860 3453 non
884 3401 1042 3455 item.
1068 3404 1154 3455 20.
1183 3402 1522 3472 Lethargum
1548 3421 1614 3459 ex
1638 3406 2096 3462 inﬂammatione

455 3488 616 3541 ﬁeri:
652 3492 707 3542 et
737 3504 849 3542 non
903 3489 1001 3544 ita.
1035 3492 1122 3543 21.
1176 3495 1277 3545 Per
1326 3493 1725 3549 distentionem
1780 3498 2097 3567 corruptio-

456 3592 705 3646 nemque
739 3575 1091 3649 lethargicos
1124 3580 1247 3635 ﬁeri
1275 3597 1286 3633 :
1313 3587 1369 3635 et
1400 3598 1512 3636 non
1549 3584 1707 3639 item.
1732 3587 1820 3641 22.
1845 3587 1951 3640 Per
1974 3587 2098 3640 uni-

453 3682 682 3721 versum
735 3684 943 3739 corpus
995 3668 1241 3724 diffundi
1290 3673 1609 3742 appetitum
1656 3674 1862 3729 edendi
1924 3682 2097 3746 atque

454 3757 748 3813 bibendi:
809 3764 865 3813 et
921 3763 1147 3814 tantum
1208 3761 1263 3815 in
1317 3763 1614 3819 stomacho
1681 3766 1946 3822 existere.
2006 3770 2094 3823 23.

456 3846 675 3901 Edendi
721 3851 894 3917 atque
944 3849 1176 3903 bibendi
1226 3851 1551 3921 appetitum
1586 3853 1641 3906 in
1683 3853 2099 3925 imaginatione

455 3938 635 3992 situm
670 3953 814 3993 esse.
842 3939 932 3992 24.
970 3940 1047 3993 Ex
1102 3942 1408 3997 humorum
1463 3944 1659 4014 inopia
1708 3946 1863 4000 sitim
1900 3948 2095 4001 nasci:

455 4034 508 4081 et
540 4043 653 4081 non
706 4027 866 4083 item.
899 4028 989 4082 25.
1043 4028 1102 4084 In
1151 4032 1452 4086 stomacho
1505 4033 1797 4103 duplicem
1849 4036 2097 4105 spectari

455 4120 745 4174 efficiendi
796 4120 950 4175 vim:
996 4126 1052 4177 et
1101 4139 1231 4178 vero
1282 4126 1538 4181 minime.
1580 4128 1665 4180 26.
1702 4128 1942 4183 Inferior
1986 4128 2097 4199 (il)

460 4209 681 4263 cerebri
717 4209 987 4280 pellicula
1018 4212 1077 4265 in
1107 4215 1456 4269 concavitale
1486 4216 1837 4286 principium
1861 4222 1947 4273 est
1979 4235 2104 4273 ner-

462 4314 663 4352 vorum
694 4314 705 4351 :
739 4304 793 4352 et
842 4316 976 4354 vero
1023 4302 1286 4371 minime,
1320 4305 1415 4358 sed
1470 4306 1731 4359 exterior.
1783 4308 1871 4359 27.
1926 4307 2103 4362 Phar-

466 4402 634 4441 maca
660 4387 871 4443 diffusa
902 4406 998 4459 per
1032 4407 1241 4463 corpus
1269 4409 1556 4464 purgare;
1581 4400 1636 4448 et
1667 4413 1775 4449 non
1812 4396 1968 4461 item,
2003 4398 2103 4451 sed

462 4474 590 4545 ipso
630 4474 875 4544 allapsu.
911 4479 1000 4532 28.
1036 4479 1158 4534 Non
1212 4497 1339 4535 esse
1393 4484 1672 4538 utendum
1726 4486 2108 4555 purgantibus

468 4563 939 4620 medicamentis:
976 4568 1091 4623 imo
1124 4585 1270 4624 esse.
1304 4571 1393 4623 29.
1440 4571 1571 4625 Vini
1624 4572 1901 4627 haustum
1947 4576 2111 4630 febri-

468 4652 786 4709 citantibus
834 4671 961 4711 esse
1010 4659 1483 4715 concedendum:
1518 4666 1575 4717 et
1624 4678 1736 4717 non
1784 4678 1934 4729 esse,
1975 4679 2109 4719 cum

466 4744 829 4815 perniciosus
878 4747 973 4801 sit.
1018 4748 1105 4803 30.
1157 4748 1367 4805 Balnea
1428 4752 1891 4807 febricitantibus
1948 4754 2112 4809 utilia

464 4850 626 4890 esse:
671 4834 788 4890 imo
850 4838 1019 4893 noxia
1067 4853 1213 4894 esse.
1266 4842 1353 4894 31.
1416 4846 1475 4895 In
1528 4844 1862 4898 morborum
1924 4846 2108 4900 incre-

468 4928 685 4982 mentis
717 4927 956 4997 clystere
981 4932 1259 4985 utendum
1288 4948 1300 4985 :
1327 4940 1513 4986 etnon
1550 4934 1851 4989 utendum.
1875 4937 1958 4989 32.
1985 4935 2110 4991 Non

467 5034 594 5071 esse
638 5018 973 5072 morborum
1022 5019 1185 5074 initio
1221 5021 1595 5078 unctionibus
1643 5026 1959 5081 utendum:
1995 5026 2111 5081 imo

468 5104 522 5158 id
551 5104 796 5175 perutile
818 5123 965 5161 esse.
986 5107 1074 5161 33.
1091 5111 1275 5179 Caput
1298 5110 1727 5180 cataplasmatis
1747 5115 2067 5169 curandum
2096 5130 2110 5169 :

468 5198 526 5248 et
574 5211 686 5250 non
733 5194 894 5264 item,
947 5198 1046 5252 sed
1108 5198 1421 5253 olfactoriis
1479 5201 1757 5257 duntaxat
1805 5206 2109 5259 utendum.

2201 3235 2296 3285 τοῦ
2330 3229 2561 3302 α’ίματος
2594 3231 2818 3303 γίνεται,
2852 3230 2941 3283 καὶ
2974 3230 3058 3283 ὅτι
3089 3230 3201 3305 οὐχ
3232 3227 3425 3287 οὕτως·
3473 3227 3540 3295 ιη’
3582 3225 3667 3279 ὅτι
3718 3225 3859 3279 κατά

2208 3323 2499 3394 θερμασίας
2562 3319 2903 3393 πλεονασμὸν
2973 3323 3007 3389 ἡ
3078 3324 3310 3396 φρενῖτις
3394 3312 3702 3389 συμϐαίνει,
3764 3315 3857 3369 καὶ

2210 3412 2289 3463 ὅτι
2326 3409 2431 3484 οὐχ
2464 3410 2656 3471 οὕτως.
2696 3412 2756 3463 ιθ’
2796 3410 2879 3463 ὅτι
2912 3408 2999 3463 διὰ
3035 3406 3350 3485 φλεγμονὴν
3384 3409 3418 3471 ἡ
3452 3410 3711 3481 φρενῖτις,
3764 3405 3857 3459 καὶ

2208 3501 2287 3553 ὅτι
2350 3501 2459 3573 οὐχ
2508 3498 2700 3559 οὕτως.
2758 3506 2801 3553 κ’
2854 3500 2935 3553 ὅτι
2984 3499 3010 3552 ὁ
3060 3497 3334 3572 λήθαργος
3385 3494 3473 3550 δίὰ
3528 3494 3861 3572 φλεγμονὴν

2206 3588 2433 3662 γίνεται,
2465 3590 2554 3643 καὶ
2598 3588 2680 3643 ὅτι
2742 3586 2848 3661 οὺχ
2908 3588 3104 3649 οὕτως.
3164 3594 3245 3640 κα¹
3301 3587 3383 3640 δτι
3431 3586 3569 3639 κατά
3615 3582 3863 3638 διάτασιν

2208 3680 2260 3732 οἱ
2290 3677 2620 3754 ληθαργικοῖ
2682 3678 2772 3732 καὶ
2825 3678 3050 3754 φθορὰν,
3097 3678 3185 3731 καὶ
3239 3674 3321 3730 ὅτι
3380 3674 3487 3749 οὐχ
3535 3674 3732 3735 οὕτως.
3788 3676 3861 3748 κβ

2209 3769 2289 3823 ὅτι
2344 3770 2391 3803 ⁷ο
2448 3768 2571 3843 περὶ
2629 3768 2758 3822 ὅλον
2807 3767 2869 3821 τὸ
2921 3771 3079 3839 σῶμα
3117 3768 3151 3835 ἡ
3182 3770 3279 3819 τοῦ
3326 3771 3468 3819 πιεῖν
3527 3764 3618 3818 καὶ
3667 3768 3865 3838 φαγεῖν

2209 3860 2517 3913 συνίσταται
2545 3854 2738 3931 ὄρεξις,
2781 3858 2871 3911 καὶ
2916 3856 2997 3911 ὅτι
3043 3856 3167 3929 περὶ
3221 3856 3385 3928 μόνον
3430 3854 3519 3909 τὸν
3571 3851 3857 3926 στόμαχον

2208 3956 2285 4024 κγ’
2343 3947 2424 4001 ὅτι
2478 3950 2511 4015 ἡ
2554 3951 2648 4001 τοῦ
2706 3952 2893 4024 φαγεῖν
2954 3946 3043 3999 καὶ
3110 3950 3251 3999 πιεῖν
3314 3943 3485 4018 ὄρεξις
3542 3942 3665 4017 περὶ
3736 3939 3872 3995 διά-

2209 4060 2376 4105 νοιαν,
2405 4035 2482 4091 κδ’
2531 4036 2612 4091 ὅτι
2662 4037 2781 4090 καθ’
2832 4038 3009 4108 ὑγρῶν
3055 4030 3253 4089 ἔνδειαν
3304 4034 3366 4088 τὸ
3416 4030 3595 4105 δίψος,
3647 4032 3736 4084 καί
3776 4031 3865 4085 δτι

2213 4126 2545 4202 (.6103sz,
2606 4128 2677 4180 κε’
2735 4125 2817 4179 ὅτι
2875 4126 2997 4199 περί
3051 4126 3141 4178 τὸν
3203 4124 3480 4197 στόμαχον
3541 4118 3717 4193 διπλῇ
3778 4144 3865 4184 τις

2214 4220 2401 4293 ὁρᾶται
2431 4215 2689 4291 ἐνέργεια,
2712 4215 2800 4269 καὶ
2830 4215 2912 4268 ὅτι
2943 4214 3055 4291 οὐχ
3086 4213 3283 4283 οὕτως,
3311 4214 3391 4273 κς¹
3438 4210 3520 4265 ὅτι
3554 4214 3588 4280 ἡ
3628 4211 3675 4248 7‘
3710 4210 3867 4272 ἐντὸς

2220 4310 2348 4379 [279
2380 4308 2471 4378 Η.)
2529 4306 2728 4377 μῆνιγξ
2760 4306 2793 4372 ἡ
2828 4303 2878 4358 έν
2917 4308 2995 4374 τῷ
3034 4302 3342 4374 κοιλώματι
3389 4301 3536 4375 ἀρχὴ
3576 4304 3683 4354 τῶν
3729 4299 3867 4352 νεύ-

2223 4417 2327 4471 ρων
2363 4395 2493 4466 ὲστῖ,
2534 4396 2624 4449 καὶ
2674 4396 2755 4448 ὅτι
2805 4396 2913 4468 οὐχ
2953 4395 3149 4461 οὕτως,
3200 4390 3325 4446 ἀλλ’
3358 4394 3391 4459 ἡ
3425 4390 3600 4451 ἐκτός.
3650 4395 3727 4458 κζ’
3780 4390 3868 4443 ὅτι

2219 4481 2578 4558 ἀναδιδόμενα
2607 4485 2672 4538 τά
2695 4486 2952 4561 φάρμακα
2971 4482 3239 4555 καθαίρει,
3272 4482 3358 4534 καὶ
3393 4481 3476 4533 ὅτι
3510 4478 3619 4553 οὐχ
3663 4479 3870 4549 οὕτως,

2222 4572 2366 4628 ἀλλὰ
2422 4574 2559 4628 κατὰ
2615 4574 2713 4641 τὴν
2774 4570 3143 4647 πρόσπτωσιν,
3192 4572 3278 4640 κη’
3334 4570 3416 4623 ὅτι
3478 4567 3541 4622 οὐ
3592 4569 3871 4641 χρηστέον

2218 4670 2335 4725 τοῖς
2403 4667 2773 4736 καθαρτικοῖς,
2827 4661 2915 4715 καὶ
2975 4661 3057 4715 ὅτι
3116 4659 3407 4734 χρηστέον·
3468 4657 3657 4711 κθ’8τι
3707 4654 3874 4711 οἶνου

2223 4751 2366 4807 δόσει
2417 4753 2684 4829 χρηστέον
2746 4749 2831 4806 ἐπὶ
2893 4754 2997 4805 τῶν
3058 4748 3457 4822 πυρεσσόντων,
3516 4746 3605 4801 καὶ
3652 4744 3881 4800 τούναν-

2219 4846 2334 4898 τίον
2362 4844 2443 4898 δτι
2468 4842 2804 4918 ἀσύμφορον.
2840 4840 2885 4896 λ’
2918 4842 2999 4895 ὅτι
3032 4840 3260 4912 λουτρὸν
3302 4844 3417 4900 τοῖς
3465 4837 3798 4912 πυρέσσουσι
3826 4838 3875 4874 ’³³

2224 4930 2517 5000 λυσιτελεῖ,
2550 4932 2637 4986 καὶ
2670 4931 2753 4986 ὅτι
2786 4930 3119 5007 ἀσύμφορον.
3154 4928 3236 4984 λα’
3266 4927 3347 4982 ὅτι
3380 4926 3462 4981 δεῖ
3491 4925 3545 4981 έν
3576 4932 3697 4989 ταῖς
3746 4925 3880 4982 ἐπι-

2222 5024 2404 5079 τάσεσι
2434 5029 2541 5077 τῶν
2587 5023 2760 5076 νόσων
2805 5020 3046 5091 κλύζειν,
3096 5018 3185 5074 καὶ
3230 5018 3313 5073 ὅτι
3365 5016 3427 5071 οὐ
3474 5023 3754 5090 προσῆκον
3803 5020 3873 5073 ⁷³.

2225 5114 2310 5187 λβ¹
2344 5116 2427 5168 ὅτι
2458 5114 2521 5168 οὐ
2546 5112 2626 5167 δεῖ
2653 5114 2770 5167 κατ’
2800 5112 2974 5186 ἀρχὰς
3008 5109 3293 5183 ὑπαλείψει
3325 5108 3586 5183 χρῆσθαι,
3639 5106 3731 5160 καὶ
3790 5108 3881 5164 ὅτι

2228 5203 2518 5276 συμφέρον.
2566 5201 2651 5277 λγ¹
2709 5201 2790 5256 ὅτι
2852 5199 2932 5256 δεῖ
2989 5198 3383 5256 καταπλάττειν
3444 5197 3539 5264 τὴν
3598 5196 3883 5271 κεφαλὴν,

1836 5302 2069 5359 VARI/li
2116 5304 2506 5359 LECTIONES

544 5403 590 5436 ⁵⁵
620 5402 653 5469 ἡ
686 5434 753 5443 -
786 5401 1103 5475 ἐξωράϊσται
1135 5408 1216 5461 Ατ
1268 5406 1355 5460 καὶ
1387 5410 1419 5476 ἡ
1458 5440 1519 5451 -—
1554 5409 1894 5484 ἐξωραίζεται
2084 5412 2129 5447 ⁶⁶
2153 5408 2397 5465 διατείνει

544 5474 869 5549 ιρέμπτωσις
1060 5478 1105 5511 ⁶⁹
1135 5473 1223 5531 διὰ
1252 5481 1419 5550 πνοήν
1614 5484 1659 5519 ⁶¹⁰
1690 5481 1773 5538 ὅτι
1807 5482 1867 5538 οὐ
1892 5482 2014 5556 περί
2210 5485 2253 5519 ⁷¹
2288 5485 2321 5551 ἡ
2357 5501 2397 5540 ω

1721 5504 1773 5538 τι
1807 5503 1867 5538 ου
1892 5503 2014 5558 περι
2051 5503 2089 5556 ε
2119 5526 2133 5540 .

480 5474 869 5549 παρέμπτωσις
1060 5478 1105 5511 ⁶⁹
1135 5473 1223 5531 διὰ
1252 5473 1419 5550 πνοήν

2608 5412 2650 5446 ⁸⁷
2686 5410 2865 5481 μόνων
2900 5410 3036 5481 add.
3063 5413 3131 5463 Λ.

2497 5455 2510 5469 .
2608 5412 2650 5446 ⁸⁷
2686 5410 2865 5476 μόνων
2900 5410 3036 5466 add.
3063 5413 3131 5463 A.
3236 5409 3283 5443 6⁸
3318 5410 3445 5476 παρ’
3474 5398 3762 5476 ἔμπτωσιν
3799 5411 3891 5466 Α;

2210 5485 2253 5519 τι
2288 5485 2321 5551 ἡ
2357 5480 2490 5540 ἂάᾱ,
2524 5485 2589 5541 Α,
2622 5484 2665 5518 ἠ
2688 5480 2820 5543 τοὺς
2859 5480 3220 5557 πυρέσσοντας

3426 5480 3447 5514 ³
3490 5477 3764 5551 προσήκει

2061 5583 2297 5641 NOTAE.

548 5672 663 5747 (11)
694 5675 865 5751 Supr.
902 5690 1029 5746 cap.
1061 5679 1151 5749 85,
1184 5679 1216 5747 ἡ
1250 5676 1427 5741 ἐκτός.
