  <div class='ocr_page' id='page_1' title='image "/cluster/home/n/w/nwhite01/storage/ocr_20150623/103/hvd.32044054112495/367.png"; bbox 0 0 4142 6214; ppageno 0'>
   <div class='ocr_carea' id='block_1_1' title="bbox 452 313 569 375">
    <p class='ocr_par' dir='ltr' id='par_1_1' title="bbox 452 313 569 375">
     <span class='ocr_line' id='line_1_1' title="bbox 452 313 569 375; baseline 0.009 -2"><span class='ocrx_word' id='word_1_1' title='bbox 452 313 569 375; x_wconf 74' lang='grc'><strong>695</strong></span> 
     </span>
    </p>
   </div>
   <div class='ocr_carea' id='block_1_2' title="bbox 1657 306 2651 369">
    <p class='ocr_par' dir='ltr' id='par_1_2' title="bbox 1657 306 2651 369">
     <span class='ocr_line' id='line_1_2' title="bbox 1657 306 2651 369; baseline -0.001 -1"><span class='ocrx_word' id='word_1_2' title='bbox 1657 306 1921 369; x_wconf 86' lang='lat' dir='ltr'><strong>PHOTII</strong></span> <span class='ocrx_word' id='word_1_3' title='bbox 1966 306 2493 367; x_wconf 71' lang='lat' dir='ltr'><strong>PATRIARCHE</strong></span> <span class='ocrx_word' id='word_1_4' title='bbox 2535 309 2651 367; x_wconf 87' lang='lat' dir='ltr'><strong>CP.</strong></span> 
     </span>
    </p>
   </div>
   <div class='ocr_carea' id='block_1_3' title="bbox 3739 313 3863 371">
    <p class='ocr_par' dir='ltr' id='par_1_3' title="bbox 3739 313 3863 371">
     <span class='ocr_line' id='line_1_3' title="bbox 3739 313 3863 371; baseline 0 0"><span class='ocrx_word' id='word_1_5' title='bbox 3739 313 3863 371; x_wconf 86' lang='lat'>696</span> 
     </span>
    </p>
   </div>
   <div class='ocr_carea' id='block_1_4' title="bbox 453 433 2110 511">
    <p class='ocr_par' dir='ltr' id='par_1_4' title="bbox 453 440 2086 511">
     <span class='ocr_line' id='line_1_4' title="bbox 453 440 2086 511; baseline -0.005 -10"><span class='ocrx_word' id='word_1_6' title='bbox 453 446 582 503; x_wconf 79' lang='lat' dir='ltr'><strong>sine</strong></span> <span class='ocrx_word' id='word_1_7' title='bbox 638 443 755 499; x_wconf 87' lang='lat' dir='ltr'><strong>ulla</strong></span> <span class='ocrx_word' id='word_1_8' title='bbox 814 442 1177 498; x_wconf 75' lang='lat' dir='ltr'><strong>dubitatione</strong></span> <span class='ocrx_word' id='word_1_9' title='bbox 1225 440 1458 497; x_wconf 88' lang='lat' dir='ltr'><strong>tollere:</strong></span> <span class='ocrx_word' id='word_1_10' title='bbox 1492 440 1841 511; x_wconf 84' lang='lat' dir='ltr'><strong>Pyrrhonios</strong></span> <span class='ocrx_word' id='word_1_11' title='bbox 1898 447 2086 494; x_wconf 88' lang='lat' dir='ltr'><strong>autem</strong></span> 
     </span>
    </p>
   </div>
   <div class='ocr_carea' id='block_1_5' title="bbox 2220 433 3869 511">
    <p class='ocr_par' dir='ltr' id='par_1_5' title="bbox 2220 433 3869 511">
     <span class='ocr_line' id='line_1_5' title="bbox 2220 433 3869 511; baseline 0.002 -20"><span class='ocrx_word' id='word_1_12' title='bbox 2220 440 2468 505; x_wconf 72' lang='grc' dir='ltr'>ττάκτως,</span> <span class='ocrx_word' id='word_1_13' title='bbox 2500 439 2565 491; x_wconf 80' lang='grc' dir='ltr'>τὰ</span> <span class='ocrx_word' id='word_1_14' title='bbox 2606 435 2662 491; x_wconf 80' lang='grc' dir='ltr'>δὲ</span> <span class='ocrx_word' id='word_1_15' title='bbox 2693 437 2935 511; x_wconf 68' lang='grc' dir='ltr'>αἶ’ρουσιν</span> <span class='ocrx_word' id='word_1_16' title='bbox 2984 433 3404 511; x_wconf 72' lang='grc' dir='ltr'>ἀναμφιϐόλως,</span> <span class='ocrx_word' id='word_1_17' title='bbox 3456 441 3510 493; x_wconf 70' lang='grc' dir='ltr'>οἱ</span> <span class='ocrx_word' id='word_1_18' title='bbox 3564 438 3612 494; x_wconf 82' lang='grc' dir='ltr'>δ’</span> <span class='ocrx_word' id='word_1_19' title='bbox 3662 440 3766 495; x_wconf 79' lang='grc' dir='ltr'><strong>ἅπὸ</strong></span> <span class='ocrx_word' id='word_1_20' title='bbox 3818 442 3869 479; x_wconf 68' lang='grc'><strong>⁸³</strong></span> 
     </span>
    </p>
   </div>
   <div class='ocr_carea' id='block_1_6' title="bbox 454 528 2093 601">
    <p class='ocr_par' dir='ltr' id='par_1_6' title="bbox 454 528 2093 601">
     <span class='ocr_line' id='line_1_6' title="bbox 454 528 2093 601; baseline -0.004 -13"><span class='ocrx_word' id='word_1_21' title='bbox 454 533 664 589; x_wconf 90' lang='lat' dir='ltr'><strong>dubios</strong></span> <span class='ocrx_word' id='word_1_22' title='bbox 696 533 931 601; x_wconf 65' lang='lat' dir='ltr'><strong>haerere,</strong></span> <span class='ocrx_word' id='word_1_23' title='bbox 966 536 1023 587; x_wconf 89' lang='lat' dir='ltr'><strong>et</strong></span> <span class='ocrx_word' id='word_1_24' title='bbox 1054 531 1123 586; x_wconf 91' lang='lat' dir='ltr'><strong>ab</strong></span> <span class='ocrx_word' id='word_1_25' title='bbox 1157 531 1311 585; x_wconf 90' lang='lat' dir='ltr'><strong>omni</strong></span> <span class='ocrx_word' id='word_1_26' title='bbox 1364 532 1629 600; x_wconf 83' lang='lat' dir='ltr'><strong>dogmate</strong></span> <span class='ocrx_word' id='word_1_27' title='bbox 1678 528 1891 584; x_wconf 88' lang='lat' dir='ltr'><strong>liberos</strong></span> <span class='ocrx_word' id='word_1_28' title='bbox 1925 534 2093 599; x_wconf 86' lang='lat' dir='ltr'><strong>atque</strong></span> 
     </span>
    </p>
   </div>
   <div class='ocr_carea' id='block_1_7' title="bbox 454 620 2097 687">
    <p class='ocr_par' dir='ltr' id='par_1_7' title="bbox 454 620 2097 687">
     <span class='ocr_line' id='line_1_7' title="bbox 454 620 2097 687; baseline -0.005 -8"><span class='ocrx_word' id='word_1_29' title='bbox 454 623 673 679; x_wconf 90' lang='lat' dir='ltr'><strong>solutos</strong></span> <span class='ocrx_word' id='word_1_30' title='bbox 703 638 862 687; x_wconf 89' lang='lat' dir='ltr'><strong>esse;</strong></span> <span class='ocrx_word' id='word_1_31' title='bbox 899 626 961 675; x_wconf 92' lang='lat' dir='ltr'><strong>ut</strong></span> <span class='ocrx_word' id='word_1_32' title='bbox 1001 636 1201 675; x_wconf 90' lang='lat' dir='ltr'><strong>eorum</strong></span> <span class='ocrx_word' id='word_1_33' title='bbox 1254 620 1428 673; x_wconf 87' lang='lat' dir='ltr'><strong>etiam</strong></span> <span class='ocrx_word' id='word_1_34' title='bbox 1483 636 1650 674; x_wconf 91' lang='lat' dir='ltr'><strong>nemo</strong></span> <span class='ocrx_word' id='word_1_35' title='bbox 1692 620 1959 683; x_wconf 82' lang='lat' dir='ltr'><strong>omnino,</strong></span> <span class='ocrx_word' id='word_1_36' title='bbox 1994 623 2097 672; x_wconf 91' lang='lat' dir='ltr'><strong>aut</strong></span> 
     </span>
    </p>
   </div>
   <div class='ocr_carea' id='block_1_8' title="bbox 453 710 2098 781">
    <p class='ocr_par' dir='ltr' id='par_1_8' title="bbox 453 710 2098 781">
     <span class='ocr_line' id='line_1_8' title="bbox 453 710 2098 781; baseline -0.004 -14"><span class='ocrx_word' id='word_1_37' title='bbox 453 710 861 781; x_wconf 85' lang='lat' dir='ltr'><strong>comprehendi</strong></span> <span class='ocrx_word' id='word_1_38' title='bbox 912 714 1109 764; x_wconf 88' lang='lat' dir='ltr'><strong>omnia</strong></span> <span class='ocrx_word' id='word_1_39' title='bbox 1161 726 1328 779; x_wconf 81' lang='lat' dir='ltr'><strong>posse</strong></span> <span class='ocrx_word' id='word_1_40' title='bbox 1362 710 1515 764; x_wconf 74' lang='lat'><strong>170</strong></span> <span class='ocrx_word' id='word_1_41' title='bbox 1550 712 1620 779; x_wconf 82' lang='grc' dir='ltr'><strong>(α)</strong></span> <span class='ocrx_word' id='word_1_42' title='bbox 1652 718 1745 762; x_wconf 88' lang='lat' dir='ltr'><strong>aut</strong></span> <span class='ocrx_word' id='word_1_43' title='bbox 1782 726 1893 762; x_wconf 85' lang='lat' dir='ltr'><strong>non</strong></span> <span class='ocrx_word' id='word_1_44' title='bbox 1928 724 2098 778; x_wconf 82' lang='lat' dir='ltr'><strong>posse</strong></span> 
     </span>
    </p>
   </div>
   <div class='ocr_carea' id='block_1_9' title="bbox 453 798 2099 869">
    <p class='ocr_par' dir='ltr' id='par_1_9' title="bbox 453 798 2099 869">
     <span class='ocr_line' id='line_1_9' title="bbox 453 798 2099 869; baseline -0.004 -13"><span class='ocrx_word' id='word_1_45' title='bbox 453 800 663 857; x_wconf 80' lang='lat' dir='ltr'><strong>dixerit</strong></span> <span class='ocrx_word' id='word_1_46' title='bbox 688 821 700 866; x_wconf 90' lang='lat'><strong>;</strong></span> <span class='ocrx_word' id='word_1_47' title='bbox 723 800 823 855; x_wconf 90' lang='lat' dir='ltr'><strong>sed</strong></span> <span class='ocrx_word' id='word_1_48' title='bbox 852 798 1031 854; x_wconf 87' lang='lat' dir='ltr'><strong>nihilo</strong></span> <span class='ocrx_word' id='word_1_49' title='bbox 1058 799 1240 869; x_wconf 88' lang='lat' dir='ltr'><strong>magis</strong></span> <span class='ocrx_word' id='word_1_50' title='bbox 1272 798 1434 862; x_wconf 89' lang='lat' dir='ltr'><strong>talia,</strong></span> <span class='ocrx_word' id='word_1_51' title='bbox 1454 814 1631 869; x_wconf 87' lang='lat' dir='ltr'><strong>quam</strong></span> <span class='ocrx_word' id='word_1_52' title='bbox 1666 798 1801 852; x_wconf 88' lang='lat' dir='ltr'><strong>talia</strong></span> <span class='ocrx_word' id='word_1_53' title='bbox 1833 801 2099 864; x_wconf 88' lang='lat' dir='ltr'><strong>esse,aut</strong></span> 
     </span>
    </p>
   </div>
   <div class='ocr_carea' id='block_1_10' title="bbox 453 885 2100 958">
    <p class='ocr_par' dir='ltr' id='par_1_10' title="bbox 453 885 2100 958">
     <span class='ocr_line' id='line_1_10' title="bbox 453 885 2100 958; baseline -0.004 -13"><span class='ocrx_word' id='word_1_54' title='bbox 453 895 594 945; x_wconf 90' lang='lat' dir='ltr'><strong>tunc</strong></span> <span class='ocrx_word' id='word_1_55' title='bbox 625 888 858 958; x_wconf 86' lang='lat' dir='ltr'><strong>quidem</strong></span> <span class='ocrx_word' id='word_1_56' title='bbox 894 888 1054 956; x_wconf 87' lang='lat' dir='ltr'><strong>talia,</strong></span> <span class='ocrx_word' id='word_1_57' title='bbox 1078 888 1222 943; x_wconf 90' lang='lat' dir='ltr'><strong>alias</strong></span> <span class='ocrx_word' id='word_1_58' title='bbox 1246 904 1375 943; x_wconf 89' lang='lat' dir='ltr'><strong>vero</strong></span> <span class='ocrx_word' id='word_1_59' title='bbox 1399 903 1514 943; x_wconf 86' lang='lat' dir='ltr'><strong>non</strong></span> <span class='ocrx_word' id='word_1_60' title='bbox 1536 887 1698 954; x_wconf 87' lang='lat' dir='ltr'><strong>talia,</strong></span> <span class='ocrx_word' id='word_1_61' title='bbox 1724 886 1808 941; x_wconf 89' lang='lat' dir='ltr'><strong>vel</strong></span> <span class='ocrx_word' id='word_1_62' title='bbox 1843 887 1941 940; x_wconf 92' lang='lat' dir='ltr'><strong>uni</strong></span> <span class='ocrx_word' id='word_1_63' title='bbox 1976 885 2100 955; x_wconf 90' lang='lat' dir='ltr'><strong>qui-</strong></span> 
     </span>
    </p>
   </div>
   <div class='ocr_carea' id='block_1_11' title="bbox 453 975 2098 1047">
    <p class='ocr_par' dir='ltr' id='par_1_11' title="bbox 453 975 2098 1047">
     <span class='ocr_line' id='line_1_11' title="bbox 453 975 2098 1047; baseline -0.002 -14"><span class='ocrx_word' id='word_1_64' title='bbox 453 979 585 1033; x_wconf 87' lang='lat' dir='ltr'><strong>dem</strong></span> <span class='ocrx_word' id='word_1_65' title='bbox 646 977 1003 1047; x_wconf 84' lang='lat' dir='ltr'><strong>hujusmodi,</strong></span> <span class='ocrx_word' id='word_1_66' title='bbox 1037 976 1133 1031; x_wconf 92' lang='lat' dir='ltr'><strong>alii</strong></span> <span class='ocrx_word' id='word_1_67' title='bbox 1184 993 1318 1031; x_wconf 89' lang='lat' dir='ltr'><strong>vero</strong></span> <span class='ocrx_word' id='word_1_68' title='bbox 1368 993 1483 1030; x_wconf 90' lang='lat' dir='ltr'><strong>non</strong></span> <span class='ocrx_word' id='word_1_69' title='bbox 1535 976 1897 1045; x_wconf 91' lang='lat' dir='ltr'><strong>hujusmodi,</strong></span> <span class='ocrx_word' id='word_1_70' title='bbox 1930 975 2098 1029; x_wconf 89' lang='lat' dir='ltr'><strong>tertio</strong></span> 
     </span>
    </p>
   </div>
   <div class='ocr_carea' id='block_1_12' title="bbox 451 1066 2099 1138">
    <p class='ocr_par' dir='ltr' id='par_1_12' title="bbox 451 1066 2099 1138">
     <span class='ocr_line' id='line_1_12' title="bbox 451 1066 2099 1138; baseline -0.002 -16"><span class='ocrx_word' id='word_1_71' title='bbox 451 1068 629 1123; x_wconf 87' lang='lat' dir='ltr'><strong>etiam</strong></span> <span class='ocrx_word' id='word_1_72' title='bbox 676 1068 843 1138; x_wconf 90' lang='lat' dir='ltr'><strong>plane</strong></span> <span class='ocrx_word' id='word_1_73' title='bbox 876 1084 990 1122; x_wconf 91' lang='lat' dir='ltr'><strong>non</strong></span> <span class='ocrx_word' id='word_1_74' title='bbox 1024 1082 1171 1121; x_wconf 83' lang='lat' dir='ltr'><strong>esse.</strong></span> <span class='ocrx_word' id='word_1_75' title='bbox 1202 1069 1400 1137; x_wconf 85' lang='lat' dir='ltr'><strong>Neque</strong></span> <span class='ocrx_word' id='word_1_76' title='bbox 1451 1083 1678 1122; x_wconf 79' lang='lat' dir='ltr'><strong>rursum</strong></span> <span class='ocrx_word' id='word_1_77' title='bbox 1730 1066 1926 1121; x_wconf 82' lang='lat' dir='ltr'><strong>omnia</strong></span> <span class='ocrx_word' id='word_1_78' title='bbox 1974 1080 2099 1120; x_wconf 85' lang='lat' dir='ltr'><strong>esse</strong></span> 
     </span>
    </p>
   </div>
   <div class='ocr_carea' id='block_1_13' title="bbox 452 1156 2101 1227">
    <p class='ocr_par' dir='ltr' id='par_1_13' title="bbox 452 1156 2101 1227">
     <span class='ocr_line' id='line_1_13' title="bbox 452 1156 2101 1227; baseline -0.002 -16"><span class='ocrx_word' id='word_1_79' title='bbox 452 1158 846 1213; x_wconf 80' lang='lat' dir='ltr'><strong>communiter</strong></span> <span class='ocrx_word' id='word_1_80' title='bbox 867 1158 1178 1226; x_wconf 84' lang='lat' dir='ltr'><strong>ejusmodi,</strong></span> <span class='ocrx_word' id='word_1_81' title='bbox 1199 1161 1259 1211; x_wconf 91' lang='lat' dir='ltr'><strong>ut</strong></span> <span class='ocrx_word' id='word_1_82' title='bbox 1280 1156 1510 1227; x_wconf 84' lang='lat' dir='ltr'><strong>assequi</strong></span> <span class='ocrx_word' id='word_1_83' title='bbox 1537 1156 1635 1209; x_wconf 91' lang='lat' dir='ltr'><strong>illa</strong></span> <span class='ocrx_word' id='word_1_84' title='bbox 1656 1156 1950 1226; x_wconf 80' lang='lat' dir='ltr'><strong>quispiam</strong></span> <span class='ocrx_word' id='word_1_85' title='bbox 1972 1171 2101 1225; x_wconf 88' lang='lat' dir='ltr'><strong>pos-</strong></span> 
     </span>
    </p>
   </div>
   <div class='ocr_carea' id='block_1_14' title="bbox 454 1246 2096 1318">
    <p class='ocr_par' dir='ltr' id='par_1_14' title="bbox 454 1246 2096 1318">
     <span class='ocr_line' id='line_1_14' title="bbox 454 1246 2096 1318; baseline -0.002 -15"><span class='ocrx_word' id='word_1_86' title='bbox 454 1250 550 1316; x_wconf 88' lang='lat' dir='ltr'><strong>sit,</strong></span> <span class='ocrx_word' id='word_1_87' title='bbox 583 1248 669 1303; x_wconf 88' lang='lat' dir='ltr'><strong>vel</strong></span> <span class='ocrx_word' id='word_1_88' title='bbox 701 1248 965 1318; x_wconf 61' lang='lat' dir='ltr'><strong>quedam</strong></span> <span class='ocrx_word' id='word_1_89' title='bbox 999 1248 1206 1302; x_wconf 89' lang='lat' dir='ltr'><strong>saltem</strong></span> <span class='ocrx_word' id='word_1_90' title='bbox 1241 1248 1450 1303; x_wconf 89' lang='lat' dir='ltr'><strong>horum</strong></span> <span class='ocrx_word' id='word_1_91' title='bbox 1484 1248 1711 1317; x_wconf 77' lang='lat' dir='ltr'><strong>assequi</strong></span> <span class='ocrx_word' id='word_1_92' title='bbox 1746 1264 1857 1303; x_wconf 91' lang='lat' dir='ltr'><strong>non</strong></span> <span class='ocrx_word' id='word_1_93' title='bbox 1894 1246 2096 1317; x_wconf 85' lang='lat' dir='ltr'><strong>possit,</strong></span> 
     </span>
    </p>
   </div>
   <div class='ocr_carea' id='block_1_15' title="bbox 453 1335 2096 1406">
    <p class='ocr_par' dir='ltr' id='par_1_15' title="bbox 453 1335 2096 1406">
     <span class='ocr_line' id='line_1_15' title="bbox 453 1335 2096 1406; baseline -0.004 -14"><span class='ocrx_word' id='word_1_94' title='bbox 453 1337 552 1392; x_wconf 89' lang='lat' dir='ltr'><strong>sed</strong></span> <span class='ocrx_word' id='word_1_95' title='bbox 586 1352 700 1391; x_wconf 92' lang='lat' dir='ltr'><strong>non</strong></span> <span class='ocrx_word' id='word_1_96' title='bbox 734 1336 922 1406; x_wconf 87' lang='lat' dir='ltr'><strong>magis</strong></span> <span class='ocrx_word' id='word_1_97' title='bbox 974 1335 1097 1389; x_wconf 84' lang='lat' dir='ltr'><strong>ﬁeri</strong></span> <span class='ocrx_word' id='word_1_98' title='bbox 1149 1352 1341 1406; x_wconf 88' lang='lat' dir='ltr'><strong>posse,</strong></span> <span class='ocrx_word' id='word_1_99' title='bbox 1374 1340 1434 1389; x_wconf 90' lang='lat' dir='ltr'><strong>ut</strong></span> <span class='ocrx_word' id='word_1_100' title='bbox 1466 1335 1595 1405; x_wconf 91' lang='lat' dir='ltr'><strong>quis</strong></span> <span class='ocrx_word' id='word_1_101' title='bbox 1623 1350 1689 1389; x_wconf 91' lang='lat' dir='ltr'><strong>ea</strong></span> <span class='ocrx_word' id='word_1_102' title='bbox 1728 1339 2096 1404; x_wconf 87' lang='lat' dir='ltr'><strong>assequatur,</strong></span> 
     </span>
    </p>
   </div>
   <div class='ocr_carea' id='block_1_16' title="bbox 453 1424 2099 1497">
    <p class='ocr_par' dir='ltr' id='par_1_16' title="bbox 453 1424 2099 1497">
     <span class='ocr_line' id='line_1_16' title="bbox 453 1424 2099 1497; baseline -0.002 -17"><span class='ocrx_word' id='word_1_103' title='bbox 453 1441 630 1497; x_wconf 90' lang='lat' dir='ltr'><strong>quam</strong></span> <span class='ocrx_word' id='word_1_104' title='bbox 664 1430 724 1479; x_wconf 90' lang='lat' dir='ltr'><strong>ut</strong></span> <span class='ocrx_word' id='word_1_105' title='bbox 757 1441 870 1479; x_wconf 91' lang='lat' dir='ltr'><strong>non</strong></span> <span class='ocrx_word' id='word_1_106' title='bbox 905 1430 1251 1494; x_wconf 90' lang='lat' dir='ltr'><strong>assequatur</strong></span> <span class='ocrx_word' id='word_1_107' title='bbox 1277 1442 1289 1478; x_wconf 89' lang='lat'>:</span> <span class='ocrx_word' id='word_1_108' title='bbox 1315 1425 1400 1479; x_wconf 86' lang='lat' dir='ltr'><strong>vel</strong></span> <span class='ocrx_word' id='word_1_109' title='bbox 1427 1440 1578 1479; x_wconf 92' lang='lat' dir='ltr'><strong>nunc</strong></span> <span class='ocrx_word' id='word_1_110' title='bbox 1603 1424 1835 1494; x_wconf 89' lang='lat' dir='ltr'><strong>quidem</strong></span> <span class='ocrx_word' id='word_1_111' title='bbox 1871 1424 2099 1493; x_wconf 87' lang='lat' dir='ltr'><strong>assequi</strong></span> 
     </span>
    </p>
   </div>
   <div class='ocr_carea' id='block_1_17' title="bbox 455 1514 2099 1586">
    <p class='ocr_par' dir='ltr' id='par_1_17' title="bbox 455 1514 2099 1586">
     <span class='ocr_line' id='line_1_17' title="bbox 455 1514 2099 1586; baseline -0.002 -17"><span class='ocrx_word' id='word_1_112' title='bbox 455 1514 665 1586; x_wconf 86' lang='lat' dir='ltr'><strong>possit,</strong></span> <span class='ocrx_word' id='word_1_113' title='bbox 689 1519 831 1569; x_wconf 90' lang='lat' dir='ltr'><strong>tunc</strong></span> <span class='ocrx_word' id='word_1_114' title='bbox 863 1530 994 1569; x_wconf 86' lang='lat' dir='ltr'><strong>vero</strong></span> <span class='ocrx_word' id='word_1_115' title='bbox 1028 1530 1141 1569; x_wconf 89' lang='lat' dir='ltr'><strong>non</strong></span> <span class='ocrx_word' id='word_1_116' title='bbox 1173 1514 1331 1569; x_wconf 91' lang='lat' dir='ltr'><strong>item.</strong></span> <span class='ocrx_word' id='word_1_117' title='bbox 1370 1515 1491 1569; x_wconf 91' lang='lat' dir='ltr'><strong>Imo</strong></span> <span class='ocrx_word' id='word_1_118' title='bbox 1529 1530 1715 1584; x_wconf 92' lang='lat' dir='ltr'><strong>neque</strong></span> <span class='ocrx_word' id='word_1_119' title='bbox 1744 1529 1963 1581; x_wconf 84' lang='lat' dir='ltr'><strong>verum,</strong></span> <span class='ocrx_word' id='word_1_120' title='bbox 1997 1528 2099 1566; x_wconf 83' lang='lat' dir='ltr'><strong>ne-</strong></span> 
     </span>
    </p>
   </div>
   <div class='ocr_carea' id='block_1_18' title="bbox 456 1603 2099 1674">
    <p class='ocr_par' dir='ltr' id='par_1_18' title="bbox 456 1603 2099 1674">
     <span class='ocr_line' id='line_1_18' title="bbox 456 1603 2099 1674; baseline -0.002 -15"><span class='ocrx_word' id='word_1_121' title='bbox 456 1620 565 1673; x_wconf 90' lang='lat' dir='ltr'><strong>que</strong></span> <span class='ocrx_word' id='word_1_122' title='bbox 590 1603 820 1669; x_wconf 83' lang='lat' dir='ltr'><strong>falsum,</strong></span> <span class='ocrx_word' id='word_1_123' title='bbox 847 1619 1035 1674; x_wconf 91' lang='lat' dir='ltr'><strong>neque</strong></span> <span class='ocrx_word' id='word_1_124' title='bbox 1066 1604 1383 1673; x_wconf 82' lang='lat' dir='ltr'><strong>probabile,</strong></span> <span class='ocrx_word' id='word_1_125' title='bbox 1412 1619 1597 1673; x_wconf 91' lang='lat' dir='ltr'><strong>neque</strong></span> <span class='ocrx_word' id='word_1_126' title='bbox 1628 1620 1751 1670; x_wconf 77' lang='lat' dir='ltr'><strong>ens,</strong></span> <span class='ocrx_word' id='word_1_127' title='bbox 1777 1619 1964 1674; x_wconf 92' lang='lat' dir='ltr'><strong>neque</strong></span> <span class='ocrx_word' id='word_1_128' title='bbox 1986 1619 2099 1657; x_wconf 90' lang='lat' dir='ltr'><strong>non</strong></span> 
     </span>
    </p>
   </div>
   <div class='ocr_carea' id='block_1_19' title="bbox 456 1694 2098 1764">
    <p class='ocr_par' dir='ltr' id='par_1_19' title="bbox 456 1694 2098 1764">
     <span class='ocr_line' id='line_1_19' title="bbox 456 1694 2098 1764; baseline -0.002 -15"><span class='ocrx_word' id='word_1_129' title='bbox 456 1710 577 1764; x_wconf 91' lang='lat' dir='ltr'><strong>ens,</strong></span> <span class='ocrx_word' id='word_1_130' title='bbox 612 1696 709 1749; x_wconf 89' lang='lat' dir='ltr'><strong>sed</strong></span> <span class='ocrx_word' id='word_1_131' title='bbox 761 1696 936 1761; x_wconf 89' lang='lat' dir='ltr'><strong>idem,</strong></span> <span class='ocrx_word' id='word_1_132' title='bbox 973 1699 1037 1749; x_wconf 92' lang='lat' dir='ltr'><strong>ut</strong></span> <span class='ocrx_word' id='word_1_133' title='bbox 1080 1694 1164 1749; x_wconf 90' lang='lat' dir='ltr'><strong>sic</strong></span> <span class='ocrx_word' id='word_1_134' title='bbox 1208 1695 1454 1759; x_wconf 85' lang='lat' dir='ltr'><strong>dicatur,</strong></span> <span class='ocrx_word' id='word_1_135' title='bbox 1490 1712 1601 1748; x_wconf 90' lang='lat' dir='ltr'><strong>non</strong></span> <span class='ocrx_word' id='word_1_136' title='bbox 1655 1694 1848 1764; x_wconf 89' lang='lat' dir='ltr'><strong>potius</strong></span> <span class='ocrx_word' id='word_1_137' title='bbox 1898 1709 2098 1747; x_wconf 89' lang='lat' dir='ltr'><strong>verum</strong></span> 
     </span>
    </p>
   </div>
   <div class='ocr_carea' id='block_1_20' title="bbox 2205 527 3870 604">
    <p class='ocr_par' dir='ltr' id='par_1_20' title="bbox 2205 527 3870 604">
     <span class='ocr_line' id='line_1_20' title="bbox 2205 527 3870 604; baseline 0.002 -22"><span class='ocrx_word' id='word_1_138' title='bbox 2205 527 2497 601; x_wconf 72' lang='grc' dir='ltr'>Πύῤῥωνος</span> <span class='ocrx_word' id='word_1_139' title='bbox 2532 528 2860 600; x_wconf 84' lang='grc' dir='ltr'>ἀπορητικοί</span> <span class='ocrx_word' id='word_1_140' title='bbox 2890 530 2946 583; x_wconf 82' lang='grc' dir='ltr'><strong>τέ</strong></span> <span class='ocrx_word' id='word_1_141' title='bbox 2978 527 3082 581; x_wconf 77' lang='grc' dir='ltr'>εἶσι</span> <span class='ocrx_word' id='word_1_142' title='bbox 3113 528 3201 582; x_wconf 84' lang='grc' dir='ltr'><strong>καί</strong></span> <span class='ocrx_word' id='word_1_143' title='bbox 3253 530 3452 590; x_wconf 87' lang='grc' dir='ltr'>παντὸς</span> <span class='ocrx_word' id='word_1_144' title='bbox 3507 530 3870 604; x_wconf 74' lang='grc' dir='ltr'>ἀπολελυμέ-</span> 
     </span>
    </p>
   </div>
   <div class='ocr_carea' id='block_1_21' title="bbox 2204 615 3871 694">
    <p class='ocr_par' dir='ltr' id='par_1_21' title="bbox 2204 615 3871 694">
     <span class='ocr_line' id='line_1_21' title="bbox 2204 615 3871 694; baseline 0.002 -23"><span class='ocrx_word' id='word_1_145' title='bbox 2204 639 2286 671; x_wconf 85' lang='grc' dir='ltr'><strong>νοι</strong></span> <span class='ocrx_word' id='word_1_146' title='bbox 2348 615 2639 691; x_wconf 82' lang='grc' dir='ltr'>δόγματος,</span> <span class='ocrx_word' id='word_1_147' title='bbox 2704 618 2792 671; x_wconf 83' lang='grc' dir='ltr'><strong>καὶ</strong></span> <span class='ocrx_word' id='word_1_148' title='bbox 2851 615 3029 677; x_wconf 77' lang='grc' dir='ltr'>οὐδεὶς</span> <span class='ocrx_word' id='word_1_149' title='bbox 3089 618 3261 673; x_wconf 81' lang='grc' dir='ltr'>αὐτῶν</span> <span class='ocrx_word' id='word_1_150' title='bbox 3320 620 3381 673; x_wconf 88' lang='grc' dir='ltr'>τὸ</span> <span class='ocrx_word' id='word_1_151' title='bbox 3440 620 3692 694; x_wconf 84' lang='grc' dir='ltr'>παράπαν</span> <span class='ocrx_word' id='word_1_152' title='bbox 3741 620 3871 675; x_wconf 75' lang='grc' dir='ltr'>οὔτε</span> 
     </span>
    </p>
   </div>
   <div class='ocr_carea' id='block_1_22' title="bbox 2208 705 3871 782">
    <p class='ocr_par' dir='ltr' id='par_1_22' title="bbox 2208 705 3871 782">
     <span class='ocr_line' id='line_1_22' title="bbox 2208 705 3871 782; baseline 0.003 -23"><span class='ocrx_word' id='word_1_153' title='bbox 2208 705 2566 775; x_wconf 68' lang='grc' dir='ltr'><strong>ἀκατάληπτα</strong></span> <span class='ocrx_word' id='word_1_154' title='bbox 2626 707 2796 761; x_wconf 84' lang='grc' dir='ltr'>πάντα</span> <span class='ocrx_word' id='word_1_155' title='bbox 2877 706 3088 782; x_wconf 59' lang='grc' dir='ltr'>εἴρηκεν</span> <span class='ocrx_word' id='word_1_156' title='bbox 3151 705 3274 761; x_wconf 79' lang='grc' dir='ltr'>οὕτε</span> <span class='ocrx_word' id='word_1_157' title='bbox 3330 707 3679 777; x_wconf 78' lang='grc' dir='ltr'>καταληπτά,</span> <span class='ocrx_word' id='word_1_158' title='bbox 3736 709 3871 763; x_wconf 82' lang='grc' dir='ltr'>ἀλλ’</span> 
     </span>
    </p>
   </div>
   <div class='ocr_carea' id='block_1_23' title="bbox 2209 794 3873 869">
    <p class='ocr_par' dir='ltr' id='par_1_23' title="bbox 2209 794 3873 869">
     <span class='ocr_line' id='line_1_23' title="bbox 2209 794 3873 869; baseline 0.002 -19"><span class='ocrx_word' id='word_1_159' title='bbox 2209 794 2361 850; x_wconf 76' lang='grc' dir='ltr'>οὐδὲν</span> <span class='ocrx_word' id='word_1_160' title='bbox 2399 794 2610 867; x_wconf 77' lang='grc' dir='ltr'>μᾶλλον</span> <span class='ocrx_word' id='word_1_161' title='bbox 2634 794 2839 865; x_wconf 86' lang='grc' dir='ltr'>τοιάδε,</span> <span class='ocrx_word' id='word_1_162' title='bbox 2867 796 2901 865; x_wconf 71' lang='grc' dir='ltr'>ἤ</span> <span class='ocrx_word' id='word_1_163' title='bbox 2934 794 3141 867; x_wconf 88' lang='grc' dir='ltr'>τοιάδε,</span> <span class='ocrx_word' id='word_1_164' title='bbox 3177 796 3211 865; x_wconf 75' lang='grc' dir='ltr'>ἢ</span> <span class='ocrx_word' id='word_1_165' title='bbox 3251 796 3372 851; x_wconf 77' lang='grc' dir='ltr'>τότε</span> <span class='ocrx_word' id='word_1_166' title='bbox 3418 799 3511 869; x_wconf 77' lang='grc' dir='ltr'><strong>μὲν</strong></span> <span class='ocrx_word' id='word_1_167' title='bbox 3557 805 3702 865; x_wconf 88' lang='grc' dir='ltr'>τοῖα,</span> <span class='ocrx_word' id='word_1_168' title='bbox 3742 800 3873 853; x_wconf 84' lang='grc' dir='ltr'>τότε</span> 
     </span>
    </p>
   </div>
   <div class='ocr_carea' id='block_1_24' title="bbox 2208 882 3871 959">
    <p class='ocr_par' dir='ltr' id='par_1_24' title="bbox 2208 882 3871 959">
     <span class='ocr_line' id='line_1_24' title="bbox 2208 882 3871 959; baseline 0.002 -21"><span class='ocrx_word' id='word_1_169' title='bbox 2208 882 2263 938; x_wconf 76' lang='grc' dir='ltr'><strong>δὲ</strong></span> <span class='ocrx_word' id='word_1_170' title='bbox 2297 884 2359 939; x_wconf 73' lang='grc' dir='ltr'><strong>οὐ</strong></span> <span class='ocrx_word' id='word_1_171' title='bbox 2400 890 2541 954; x_wconf 89' lang='grc' dir='ltr'>τοῖα,</span> <span class='ocrx_word' id='word_1_172' title='bbox 2576 885 2608 954; x_wconf 73' lang='grc' dir='ltr'><strong>ἢ</strong></span> <span class='ocrx_word' id='word_1_173' title='bbox 2651 886 2695 956; x_wconf 82' lang='grc' dir='ltr'>ᾧ</span> <span class='ocrx_word' id='word_1_174' title='bbox 2746 886 2840 957; x_wconf 74' lang='grc' dir='ltr'>μὲν</span> <span class='ocrx_word' id='word_1_175' title='bbox 2889 890 3116 940; x_wconf 77' lang='grc' dir='ltr'>τοιαῦτα</span> <span class='ocrx_word' id='word_1_176' title='bbox 3156 886 3200 957; x_wconf 83' lang='grc' dir='ltr'>ᾧ</span> <span class='ocrx_word' id='word_1_177' title='bbox 3243 883 3299 939; x_wconf 76' lang='grc' dir='ltr'>δὲ</span> <span class='ocrx_word' id='word_1_178' title='bbox 3360 886 3421 940; x_wconf 80' lang='grc' dir='ltr'><strong>οὐ</strong></span> <span class='ocrx_word' id='word_1_179' title='bbox 3466 892 3691 941; x_wconf 80' lang='grc' dir='ltr'>τοιαῦτα</span> <span class='ocrx_word' id='word_1_180' title='bbox 3720 889 3763 959; x_wconf 83' lang='grc' dir='ltr'>ᾧ</span> <span class='ocrx_word' id='word_1_181' title='bbox 3819 886 3871 942; x_wconf 87' lang='grc' dir='ltr'>δ’</span> 
     </span>
    </p>
   </div>
   <div class='ocr_carea' id='block_1_25' title="bbox 2208 971 3867 1052">
    <p class='ocr_par' dir='ltr' id='par_1_25' title="bbox 2208 971 3867 1052">
     <span class='ocr_line' id='line_1_25' title="bbox 2208 971 3867 1052; baseline 0.002 -25"><span class='ocrx_word' id='word_1_182' title='bbox 2208 971 2323 1028; x_wconf 85' lang='grc' dir='ltr'>οὐδ’</span> <span class='ocrx_word' id='word_1_183' title='bbox 2380 973 2526 1035; x_wconf 73' lang='grc' dir='ltr'>ὅλως</span> <span class='ocrx_word' id='word_1_184' title='bbox 2586 972 2734 1029; x_wconf 80' lang='grc' dir='ltr'>ὄντα·</span> <span class='ocrx_word' id='word_1_185' title='bbox 2781 971 2905 1028; x_wconf 79' lang='grc' dir='ltr'>οὐδέ</span> <span class='ocrx_word' id='word_1_186' title='bbox 2954 977 2998 1011; x_wconf 76' lang='grc'><strong>⁸⁴</strong></span> <span class='ocrx_word' id='word_1_187' title='bbox 3046 976 3151 1047; x_wconf 70' lang='grc' dir='ltr'>μὴν</span> <span class='ocrx_word' id='word_1_188' title='bbox 3193 974 3383 1052; x_wconf 86' lang='grc' dir='ltr'>ἐφικτά</span> <span class='ocrx_word' id='word_1_189' title='bbox 3438 978 3613 1031; x_wconf 86' lang='grc' dir='ltr'>πάντα</span> <span class='ocrx_word' id='word_1_190' title='bbox 3660 982 3867 1038; x_wconf 77' lang='grc' dir='ltr'><strong>κοινῶς</strong></span> 
     </span>
    </p>
   </div>
   <div class='ocr_carea' id='block_1_26' title="bbox 2207 1062 3869 1140">
    <p class='ocr_par' dir='ltr' id='par_1_26' title="bbox 2207 1062 3869 1140">
     <span class='ocr_line' id='line_1_26' title="bbox 2207 1062 3869 1140; baseline 0.003 -25"><span class='ocrx_word' id='word_1_191' title='bbox 2207 1064 2241 1130; x_wconf 75' lang='grc' dir='ltr'><strong>’ἥ</strong></span> <span class='ocrx_word' id='word_1_192' title='bbox 2270 1084 2385 1117; x_wconf 90' lang='grc' dir='ltr'>τινα</span> <span class='ocrx_word' id='word_1_193' title='bbox 2452 1062 2659 1117; x_wconf 85' lang='grc' dir='ltr'>τούτων</span> <span class='ocrx_word' id='word_1_194' title='bbox 2693 1064 2727 1132; x_wconf 74' lang='grc' dir='ltr'>ἢ</span> <span class='ocrx_word' id='word_1_195' title='bbox 2770 1065 2816 1099; x_wconf 78' lang='grc'><strong>⁸⁵</strong></span> <span class='ocrx_word' id='word_1_196' title='bbox 2845 1065 2947 1118; x_wconf 80' lang='grc' dir='ltr'>οὐκ</span> <span class='ocrx_word' id='word_1_197' title='bbox 2996 1062 3207 1140; x_wconf 75' lang='grc' dir='ltr'>ἐφικτὰ,</span> <span class='ocrx_word' id='word_1_198' title='bbox 3260 1063 3383 1119; x_wconf 80' lang='grc' dir='ltr'>ἀλλ’</span> <span class='ocrx_word' id='word_1_199' title='bbox 3439 1062 3591 1119; x_wconf 76' lang='grc' dir='ltr'>οὐδὲν</span> <span class='ocrx_word' id='word_1_200' title='bbox 3642 1063 3869 1138; x_wconf 78' lang='grc' dir='ltr'>μᾶλλον</span> 
     </span>
    </p>
   </div>
   <div class='ocr_carea' id='block_1_27' title="bbox 2209 1151 3874 1231">
    <p class='ocr_par' dir='ltr' id='par_1_27' title="bbox 2209 1151 3874 1231">
     <span class='ocr_line' id='line_1_27' title="bbox 2209 1151 3874 1231; baseline 0.003 -26"><span class='ocrx_word' id='word_1_201' title='bbox 2209 1152 2399 1227; x_wconf 77' lang='grc' dir='ltr'>ἐφικτὰ</span> <span class='ocrx_word' id='word_1_202' title='bbox 2504 1152 2602 1207; x_wconf 85' lang='grc' dir='ltr'><strong>οὐκ</strong></span> <span class='ocrx_word' id='word_1_203' title='bbox 2654 1152 2865 1227; x_wconf 76' lang='grc' dir='ltr'>ἐφικτὰ,</span> <span class='ocrx_word' id='word_1_204' title='bbox 2896 1151 2932 1227; x_wconf 65' lang='grc' dir='ltr'>ᾗ</span> <span class='ocrx_word' id='word_1_205' title='bbox 2962 1156 3085 1207; x_wconf 82' lang='grc' dir='ltr'>τότε</span> <span class='ocrx_word' id='word_1_206' title='bbox 3118 1154 3213 1225; x_wconf 76' lang='grc' dir='ltr'>μὲν</span> <span class='ocrx_word' id='word_1_207' title='bbox 3262 1151 3455 1231; x_wconf 67' lang='grc' dir='ltr'>ἐφικτὰ</span> <span class='ocrx_word' id='word_1_208' title='bbox 3503 1156 3625 1209; x_wconf 87' lang='grc' dir='ltr'>τότε</span> <span class='ocrx_word' id='word_1_209' title='bbox 3671 1153 3718 1209; x_wconf 80' lang='grc' dir='ltr'>δ’</span> <span class='ocrx_word' id='word_1_210' title='bbox 3762 1154 3874 1210; x_wconf 79' lang='grc' dir='ltr'><strong>οὐκ</strong></span> 
     </span>
    </p>
   </div>
   <div class='ocr_carea' id='block_1_28' title="bbox 2208 1238 3871 1318">
    <p class='ocr_par' dir='ltr' id='par_1_28' title="bbox 2208 1238 3871 1318">
     <span class='ocr_line' id='line_1_28' title="bbox 2208 1238 3871 1318; baseline 0.003 -25"><span class='ocrx_word' id='word_1_211' title='bbox 2208 1239 2379 1309; x_wconf 69' lang='grc' dir='ltr'>ἐτιδθ,</span> <span class='ocrx_word' id='word_1_212' title='bbox 2514 1246 2594 1311; x_wconf 84' lang='grc' dir='ltr'>τῷ</span> <span class='ocrx_word' id='word_1_213' title='bbox 2646 1243 2739 1313; x_wconf 76' lang='grc' dir='ltr'><strong>μὲν</strong></span> <span class='ocrx_word' id='word_1_214' title='bbox 2798 1241 2987 1318; x_wconf 79' lang='grc' dir='ltr'>ἐφικτά</span> <span class='ocrx_word' id='word_1_215' title='bbox 3042 1246 3120 1314; x_wconf 77' lang='grc' dir='ltr'>τῷ</span> <span class='ocrx_word' id='word_1_216' title='bbox 3180 1238 3226 1295; x_wconf 84' lang='grc' dir='ltr'>δ’</span> <span class='ocrx_word' id='word_1_217' title='bbox 3281 1238 3367 1299; x_wconf 62' lang='grc' dir='ltr'><strong>οὔ,</strong></span> <span class='ocrx_word' id='word_1_218' title='bbox 3426 1242 3520 1296; x_wconf 80' lang='grc' dir='ltr'><strong>Καὶ</strong></span> <span class='ocrx_word' id='word_1_219' title='bbox 3576 1246 3686 1316; x_wconf 70' lang='grc' dir='ltr'>μὴν</span> <span class='ocrx_word' id='word_1_220' title='bbox 3750 1243 3871 1298; x_wconf 75' lang='grc' dir='ltr'>οὐδ’</span> 
     </span>
    </p>
   </div>
   <div class='ocr_carea' id='block_1_29' title="bbox 2208 1328 3871 1403">
    <p class='ocr_par' dir='ltr' id='par_1_29' title="bbox 2208 1328 3871 1403">
     <span class='ocr_line' id='line_1_29' title="bbox 2208 1328 3871 1403; baseline 0.003 -20"><span class='ocrx_word' id='word_1_221' title='bbox 2208 1330 2466 1399; x_wconf 78' lang='grc' dir='ltr'>ἀληθινὸν</span> <span class='ocrx_word' id='word_1_222' title='bbox 2500 1330 2627 1385; x_wconf 77' lang='grc' dir='ltr'>οὐδὲ</span> <span class='ocrx_word' id='word_1_223' title='bbox 2672 1328 2891 1403; x_wconf 72' lang='grc' dir='ltr'>ψεῦδος,</span> <span class='ocrx_word' id='word_1_224' title='bbox 2939 1329 3065 1385; x_wconf 76' lang='grc' dir='ltr'>οὐδὲ</span> <span class='ocrx_word' id='word_1_225' title='bbox 3111 1332 3356 1403; x_wconf 85' lang='grc' dir='ltr'>πιθανὸν,</span> <span class='ocrx_word' id='word_1_226' title='bbox 3404 1329 3519 1385; x_wconf 77' lang='grc' dir='ltr'>οὐδ’</span> <span class='ocrx_word' id='word_1_227' title='bbox 3578 1336 3871 1401; x_wconf 73' lang='grc' dir='ltr'>ἀπίθανον,</span> 
     </span>
    </p>
   </div>
   <div class='ocr_carea' id='block_1_30' title="bbox 2208 1415 3871 1494">
    <p class='ocr_par' dir='ltr' id='par_1_30' title="bbox 2208 1415 3871 1494">
     <span class='ocr_line' id='line_1_30' title="bbox 2208 1415 3871 1494; baseline 0.003 -23"><span class='ocrx_word' id='word_1_228' title='bbox 2208 1415 2323 1471; x_wconf 77' lang='grc' dir='ltr'>οὐδ’</span> <span class='ocrx_word' id='word_1_229' title='bbox 2354 1418 2409 1471; x_wconf 76' lang='grc' dir='ltr'>ὃν</span> <span class='ocrx_word' id='word_1_230' title='bbox 2445 1416 2571 1473; x_wconf 78' lang='grc' dir='ltr'><strong>οὐδέ</strong></span> <span class='ocrx_word' id='word_1_231' title='bbox 2604 1420 2680 1490; x_wconf 74' lang='grc' dir='ltr'>μὴ</span> <span class='ocrx_word' id='word_1_232' title='bbox 2714 1418 2796 1489; x_wconf 74' lang='grc' dir='ltr'><strong>δν,</strong></span> <span class='ocrx_word' id='word_1_233' title='bbox 2830 1420 2975 1474; x_wconf 84' lang='grc' dir='ltr'><strong>ἀλλά</strong></span> <span class='ocrx_word' id='word_1_234' title='bbox 3004 1420 3066 1473; x_wconf 85' lang='grc' dir='ltr'>τὸ</span> <span class='ocrx_word' id='word_1_235' title='bbox 3102 1419 3231 1473; x_wconf 78' lang='grc' dir='ltr'>αὐτὸ</span> <span class='ocrx_word' id='word_1_236' title='bbox 3273 1421 3346 1481; x_wconf 82' lang='grc' dir='ltr'><strong>ὡς</strong></span> <span class='ocrx_word' id='word_1_237' title='bbox 3390 1420 3557 1475; x_wconf 57' lang='grc' dir='ltr'>εἶπεῖν</span> <span class='ocrx_word' id='word_1_238' title='bbox 3604 1420 3667 1474; x_wconf 77' lang='grc' dir='ltr'><strong>οὐ</strong></span> <span class='ocrx_word' id='word_1_239' title='bbox 3721 1421 3871 1494; x_wconf 81' lang='grc' dir='ltr'><strong>μᾶλ·</strong></span> 
     </span>
    </p>
   </div>
   <div class='ocr_carea' id='block_1_31' title="bbox 2210 1507 3871 1584">
    <p class='ocr_par' dir='ltr' id='par_1_31' title="bbox 2210 1507 3871 1584">
     <span class='ocr_line' id='line_1_31' title="bbox 2210 1507 3871 1584; baseline 0.002 -21"><span class='ocrx_word' id='word_1_240' title='bbox 2210 1507 2303 1563; x_wconf 91' lang='grc' dir='ltr'><strong>λον</strong></span> <span class='ocrx_word' id='word_1_241' title='bbox 2334 1510 2534 1579; x_wconf 70' lang='grc' dir='ltr'>ἀληθὲς</span> <span class='ocrx_word' id='word_1_242' title='bbox 2575 1510 2609 1578; x_wconf 73' lang='grc' dir='ltr'><strong>ἢ</strong></span> <span class='ocrx_word' id='word_1_243' title='bbox 2652 1508 2875 1583; x_wconf 75' lang='grc' dir='ltr'>ψεῦδος,</span> <span class='ocrx_word' id='word_1_244' title='bbox 2925 1509 2960 1579; x_wconf 82' lang='grc' dir='ltr'>ἤ</span> <span class='ocrx_word' id='word_1_245' title='bbox 3012 1512 3231 1564; x_wconf 89' lang='grc' dir='ltr'>πιθανὸν</span> <span class='ocrx_word' id='word_1_246' title='bbox 3276 1512 3309 1581; x_wconf 72' lang='grc' dir='ltr'><strong>ἢ</strong></span> <span class='ocrx_word' id='word_1_247' title='bbox 3362 1511 3643 1578; x_wconf 84' lang='grc' dir='ltr'>ἀπίθανον,</span> <span class='ocrx_word' id='word_1_248' title='bbox 3696 1514 3729 1581; x_wconf 69' lang='grc' dir='ltr'><strong>ἢ</strong></span> <span class='ocrx_word' id='word_1_249' title='bbox 3784 1515 3871 1584; x_wconf 83' lang='grc' dir='ltr'><strong>ὃν,</strong></span> 
     </span>
    </p>
   </div>
   <div class='ocr_carea' id='block_1_32' title="bbox 2208 1596 3872 1673">
    <p class='ocr_par' dir='ltr' id='par_1_32' title="bbox 2208 1596 3872 1673">
     <span class='ocr_line' id='line_1_32' title="bbox 2208 1596 3872 1673; baseline 0.003 -23"><span class='ocrx_word' id='word_1_250' title='bbox 2208 1599 2240 1666; x_wconf 75' lang='grc' dir='ltr'>ἦ</span> <span class='ocrx_word' id='word_1_251' title='bbox 2286 1598 2384 1653; x_wconf 74' lang='grc' dir='ltr'><strong>οὐκ</strong></span> <span class='ocrx_word' id='word_1_252' title='bbox 2430 1600 2508 1665; x_wconf 74' lang='grc' dir='ltr'><strong>ὃν,</strong></span> <span class='ocrx_word' id='word_1_253' title='bbox 2541 1599 2575 1667; x_wconf 73' lang='grc' dir='ltr'><strong>ἢ</strong></span> <span class='ocrx_word' id='word_1_254' title='bbox 2604 1600 2727 1654; x_wconf 89' lang='grc' dir='ltr'>τότε</span> <span class='ocrx_word' id='word_1_255' title='bbox 2776 1601 2871 1671; x_wconf 81' lang='grc' dir='ltr'><strong>μὶν</strong></span> <span class='ocrx_word' id='word_1_256' title='bbox 2922 1606 3094 1669; x_wconf 82' lang='grc' dir='ltr'>τοῖον,</span> <span class='ocrx_word' id='word_1_257' title='bbox 3145 1601 3266 1655; x_wconf 80' lang='grc' dir='ltr'>τότε</span> <span class='ocrx_word' id='word_1_258' title='bbox 3318 1596 3375 1653; x_wconf 73' lang='grc' dir='ltr'>δὲ</span> <span class='ocrx_word' id='word_1_259' title='bbox 3422 1606 3593 1669; x_wconf 90' lang='grc' dir='ltr'>τοῖον,</span> <span class='ocrx_word' id='word_1_260' title='bbox 3771 1602 3872 1673; x_wconf 74' lang='grc' dir='ltr'><strong>μὲν</strong></span> 
     </span>
    </p>
   </div>
   <div class='ocr_carea' id='block_1_33' title="bbox 2206 1687 3873 1765">
    <p class='ocr_par' dir='ltr' id='par_1_33' title="bbox 2206 1687 3873 1765">
     <span class='ocr_line' id='line_1_33' title="bbox 2206 1687 3873 1765; baseline 0.002 -23"><span class='ocrx_word' id='word_1_261' title='bbox 2206 1687 2436 1759; x_wconf 79' lang='grc' dir='ltr'>τοιονδὶ,</span> <span class='ocrx_word' id='word_1_262' title='bbox 2469 1690 2513 1761; x_wconf 78' lang='grc' dir='ltr'>ᾧ</span> <span class='ocrx_word' id='word_1_263' title='bbox 2546 1687 2602 1743; x_wconf 72' lang='grc' dir='ltr'>δὲ</span> <span class='ocrx_word' id='word_1_264' title='bbox 2630 1690 2718 1743; x_wconf 77' lang='grc' dir='ltr'><strong>καὶ</strong></span> <span class='ocrx_word' id='word_1_265' title='bbox 2742 1690 2787 1725; x_wconf 78' lang='grc'><strong>⁸⁷</strong></span> <span class='ocrx_word' id='word_1_266' title='bbox 2829 1690 2890 1743; x_wconf 83' lang='grc' dir='ltr'><strong>ού</strong></span> <span class='ocrx_word' id='word_1_267' title='bbox 2947 1688 3172 1745; x_wconf 79' lang='grc' dir='ltr'>τοιονδί.</span> <span class='ocrx_word' id='word_1_268' title='bbox 3226 1688 3473 1745; x_wconf 79' lang='grc' dir='ltr'>Καθόλου</span> <span class='ocrx_word' id='word_1_269' title='bbox 3504 1690 3606 1765; x_wconf 77' lang='grc' dir='ltr'>γὰρ</span> <span class='ocrx_word' id='word_1_270' title='bbox 3656 1688 3813 1745; x_wconf 69' lang='grc' dir='ltr'>οὐδὲν</span> <span class='ocrx_word' id='word_1_271' title='bbox 3846 1693 3873 1745; x_wconf 96' lang='lat'><strong>6</strong></span> 
     </span>
    </p>
   </div>
   <div class='ocr_carea' id='block_1_34' title="bbox 456 1762 2110 1854">
    <p class='ocr_par' dir='ltr' id='par_1_34' title="bbox 456 1762 2100 1854">
     <span class='ocr_line' id='line_1_34' title="bbox 456 1762 2100 1854; baseline -0.001 -16"><span class='ocrx_word' id='word_1_272' title='bbox 456 1762 604 1851; x_wconf 89' lang='lat' dir='ltr'><strong>esse,</strong></span> <span class='ocrx_word' id='word_1_273' title='bbox 648 1800 817 1852; x_wconf 91' lang='lat' dir='ltr'><strong>quam</strong></span> <span class='ocrx_word' id='word_1_274' title='bbox 873 1784 1121 1837; x_wconf 81' lang='lat' dir='ltr'><strong>falsum:</strong></span> <span class='ocrx_word' id='word_1_275' title='bbox 1155 1788 1253 1838; x_wconf 85' lang='lat' dir='ltr'><strong>aut</strong></span> <span class='ocrx_word' id='word_1_276' title='bbox 1307 1783 1605 1854; x_wconf 87' lang='lat' dir='ltr'><strong>probabile</strong></span> <span class='ocrx_word' id='word_1_277' title='bbox 1656 1762 1870 1853; x_wconf 82' lang='lat' dir='ltr'><strong>potius,</strong></span> <span class='ocrx_word' id='word_1_278' title='bbox 1924 1798 2100 1853; x_wconf 88' lang='lat' dir='ltr'><strong>quam</strong></span> 
     </span>
    </p>
   </div>
   <div class='ocr_carea' id='block_1_35' title="bbox 2220 1762 3868 1854">
    <p class='ocr_par' dir='ltr' id='par_1_35' title="bbox 2220 1777 3868 1851">
     <span class='ocr_line' id='line_1_35' title="bbox 2220 1777 3868 1851; baseline 0.001 -21"><span class='ocrx_word' id='word_1_279' title='bbox 2220 1777 2524 1851; x_wconf 73' lang='grc' dir='ltr'>Πύρῥώνιος</span> <span class='ocrx_word' id='word_1_280' title='bbox 2558 1778 2747 1851; x_wconf 81' lang='grc' dir='ltr'>ὁρίζει,</span> <span class='ocrx_word' id='word_1_281' title='bbox 2800 1778 2926 1833; x_wconf 74' lang='grc' dir='ltr'>ἀλλ’</span> <span class='ocrx_word' id='word_1_282' title='bbox 2983 1777 3110 1833; x_wconf 74' lang='grc' dir='ltr'>οὐδὲ</span> <span class='ocrx_word' id='word_1_283' title='bbox 3158 1778 3286 1833; x_wconf 77' lang='grc' dir='ltr'>αὐτὸ</span> <span class='ocrx_word' id='word_1_284' title='bbox 3332 1784 3517 1851; x_wconf 71' lang='grc' dir='ltr'>τοῦτο,</span> <span class='ocrx_word' id='word_1_285' title='bbox 3568 1779 3652 1833; x_wconf 78' lang='grc' dir='ltr'>ὅτι</span> <span class='ocrx_word' id='word_1_286' title='bbox 3707 1777 3868 1834; x_wconf 72' lang='grc' dir='ltr'>οὐδὲν</span> 
     </span>
    </p>
   </div>
   <div class='ocr_carea' id='block_1_36' title="bbox 459 1873 2109 1944">
    <p class='ocr_par' dir='ltr' id='par_1_36' title="bbox 459 1873 2109 1944">
     <span class='ocr_line' id='line_1_36' title="bbox 459 1873 2109 1944; baseline -0.001 -17"><span class='ocrx_word' id='word_1_287' title='bbox 459 1873 883 1944; x_wconf 89' lang='lat' dir='ltr'><strong>improbabile:</strong></span> <span class='ocrx_word' id='word_1_288' title='bbox 912 1881 1011 1927; x_wconf 87' lang='lat' dir='ltr'><strong>aut</strong></span> <span class='ocrx_word' id='word_1_289' title='bbox 1042 1890 1166 1942; x_wconf 91' lang='lat' dir='ltr'><strong>ens,</strong></span> <span class='ocrx_word' id='word_1_290' title='bbox 1194 1890 1367 1943; x_wconf 86' lang='lat' dir='ltr'><strong>quam</strong></span> <span class='ocrx_word' id='word_1_291' title='bbox 1403 1889 1515 1927; x_wconf 93' lang='lat' dir='ltr'><strong>non</strong></span> <span class='ocrx_word' id='word_1_292' title='bbox 1543 1889 1668 1939; x_wconf 89' lang='lat' dir='ltr'><strong>ens,</strong></span> <span class='ocrx_word' id='word_1_293' title='bbox 1695 1878 1794 1928; x_wconf 90' lang='lat' dir='ltr'><strong>aut</strong></span> <span class='ocrx_word' id='word_1_294' title='bbox 1824 1878 1948 1927; x_wconf 88' lang='lat' dir='ltr'><strong>tum</strong></span> <span class='ocrx_word' id='word_1_295' title='bbox 1985 1874 2109 1943; x_wconf 66' lang='lat' dir='ltr'><strong>quio</strong></span> 
     </span>
    </p>
   </div>
   <div class='ocr_carea' id='block_1_37' title="bbox 456 1960 2109 2027">
    <p class='ocr_par' dir='ltr' id='par_1_37' title="bbox 456 1960 2109 2027">
     <span class='ocr_line' id='line_1_37' title="bbox 456 1960 2109 2027; baseline -0.001 -12"><span class='ocrx_word' id='word_1_296' title='bbox 456 1962 589 2016; x_wconf 88' lang='lat' dir='ltr'><strong>dem</strong></span> <span class='ocrx_word' id='word_1_297' title='bbox 624 1960 760 2027; x_wconf 87' lang='lat' dir='ltr'><strong>tale,</strong></span> <span class='ocrx_word' id='word_1_298' title='bbox 797 1961 937 2015; x_wconf 90' lang='lat' dir='ltr'><strong>alias</strong></span> <span class='ocrx_word' id='word_1_299' title='bbox 978 1976 1110 2016; x_wconf 86' lang='lat' dir='ltr'><strong>vero</strong></span> <span class='ocrx_word' id='word_1_300' title='bbox 1158 1962 1508 2015; x_wconf 90' lang='lat' dir='ltr'><strong>aliusmodi:</strong></span> <span class='ocrx_word' id='word_1_301' title='bbox 1544 1966 1644 2015; x_wconf 90' lang='lat' dir='ltr'><strong>aut</strong></span> <span class='ocrx_word' id='word_1_302' title='bbox 1676 1961 1775 2015; x_wconf 90' lang='lat' dir='ltr'><strong>uni</strong></span> <span class='ocrx_word' id='word_1_303' title='bbox 1809 1960 1939 2026; x_wconf 87' lang='lat' dir='ltr'><strong>tale,</strong></span> <span class='ocrx_word' id='word_1_304' title='bbox 1978 1977 2109 2014; x_wconf 81' lang='lat' dir='ltr'><strong>mox</strong></span> 
     </span>
    </p>
   </div>
   <div class='ocr_carea' id='block_1_38' title="bbox 459 2048 2107 2104">
    <p class='ocr_par' dir='ltr' id='par_1_38' title="bbox 459 2048 2107 2104">
     <span class='ocr_line' id='line_1_38' title="bbox 459 2048 2107 2104; baseline 0 -1"><span class='ocrx_word' id='word_1_305' title='bbox 459 2050 629 2104; x_wconf 87' lang='lat' dir='ltr'><strong>alteri</strong></span> <span class='ocrx_word' id='word_1_306' title='bbox 669 2049 841 2104; x_wconf 89' lang='lat' dir='ltr'><strong>etiam</strong></span> <span class='ocrx_word' id='word_1_307' title='bbox 897 2065 1010 2103; x_wconf 92' lang='lat' dir='ltr'><strong>non</strong></span> <span class='ocrx_word' id='word_1_308' title='bbox 1061 2048 1195 2103; x_wconf 87' lang='lat' dir='ltr'><strong>tale.</strong></span> <span class='ocrx_word' id='word_1_309' title='bbox 1248 2048 1404 2103; x_wconf 88' lang='lat' dir='ltr'><strong>Nihil</strong></span> <span class='ocrx_word' id='word_1_310' title='bbox 1455 2048 1611 2103; x_wconf 88' lang='lat' dir='ltr'><strong>enim</strong></span> <span class='ocrx_word' id='word_1_311' title='bbox 1659 2050 1715 2103; x_wconf 89' lang='lat' dir='ltr'><strong>in</strong></span> <span class='ocrx_word' id='word_1_312' title='bbox 1767 2055 2107 2104; x_wconf 90' lang='lat' dir='ltr'><strong>universum</strong></span> 
     </span>
    </p>
   </div>
   <div class='ocr_carea' id='block_1_39' title="bbox 460 2138 2108 2210">
    <p class='ocr_par' dir='ltr' id='par_1_39' title="bbox 460 2138 2108 2210">
     <span class='ocr_line' id='line_1_39' title="bbox 460 2138 2108 2210; baseline 0.002 -21"><span class='ocrx_word' id='word_1_313' title='bbox 460 2138 811 2208; x_wconf 81' lang='lat' dir='ltr'><strong>Pyrrhonios</strong></span> <span class='ocrx_word' id='word_1_314' title='bbox 845 2138 1101 2204; x_wconf 84' lang='lat' dir='ltr'><strong>deﬁnite,</strong></span> <span class='ocrx_word' id='word_1_315' title='bbox 1138 2153 1210 2192; x_wconf 91' lang='lat' dir='ltr'><strong>ne</strong></span> <span class='ocrx_word' id='word_1_316' title='bbox 1258 2138 1364 2193; x_wconf 88' lang='lat' dir='ltr'><strong>hoc</strong></span> <span class='ocrx_word' id='word_1_317' title='bbox 1417 2139 1651 2209; x_wconf 89' lang='lat' dir='ltr'><strong>quidem</strong></span> <span class='ocrx_word' id='word_1_318' title='bbox 1703 2139 1920 2210; x_wconf 91' lang='lat' dir='ltr'><strong>ipsum,</strong></span> <span class='ocrx_word' id='word_1_319' title='bbox 1956 2138 2108 2209; x_wconf 89' lang='lat' dir='ltr'><strong>quod</strong></span> 
     </span>
    </p>
   </div>
   <div class='ocr_carea' id='block_1_40' title="bbox 463 2226 2110 2300">
    <p class='ocr_par' dir='ltr' id='par_1_40' title="bbox 463 2226 2110 2300">
     <span class='ocr_line' id='line_1_40' title="bbox 463 2226 2110 2300; baseline -0.001 -18"><span class='ocrx_word' id='word_1_320' title='bbox 463 2226 610 2282; x_wconf 89' lang='lat' dir='ltr'><strong>nihil</strong></span> <span class='ocrx_word' id='word_1_321' title='bbox 634 2227 962 2282; x_wconf 80' lang='lat' dir='ltr'><strong>deﬁniatur.</strong></span> <span class='ocrx_word' id='word_1_322' title='bbox 988 2228 1202 2282; x_wconf 88' lang='lat' dir='ltr'><strong>Verum</strong></span> <span class='ocrx_word' id='word_1_323' title='bbox 1229 2245 1361 2282; x_wconf 92' lang='lat' dir='ltr'><strong>cum</strong></span> <span class='ocrx_word' id='word_1_324' title='bbox 1389 2245 1503 2283; x_wconf 90' lang='lat' dir='ltr'><strong>non</strong></span> <span class='ocrx_word' id='word_1_325' title='bbox 1530 2232 1820 2300; x_wconf 89' lang='lat' dir='ltr'><strong>suppetat,</strong></span> <span class='ocrx_word' id='word_1_326' title='bbox 1848 2232 1907 2281; x_wconf 92' lang='lat' dir='ltr'><strong>ut</strong></span> <span class='ocrx_word' id='word_1_327' title='bbox 1927 2229 2110 2300; x_wconf 71' lang='lat' dir='ltr'><strong>aiunt,</strong></span> 
     </span>
    </p>
   </div>
   <div class='ocr_carea' id='block_1_41' title="bbox 462 2317 2111 2389">
    <p class='ocr_par' dir='ltr' id='par_1_41' title="bbox 462 2317 2111 2389">
     <span class='ocr_line' id='line_1_41' title="bbox 462 2317 2111 2389; baseline 0.001 -18"><span class='ocrx_word' id='word_1_328' title='bbox 462 2333 577 2387; x_wconf 93' lang='lat' dir='ltr'><strong>quo</strong></span> <span class='ocrx_word' id='word_1_329' title='bbox 613 2332 786 2371; x_wconf 87' lang='lat' dir='ltr'><strong>sensa</strong></span> <span class='ocrx_word' id='word_1_330' title='bbox 819 2318 1028 2371; x_wconf 89' lang='lat' dir='ltr'><strong>mentis</strong></span> <span class='ocrx_word' id='word_1_331' title='bbox 1061 2317 1390 2381; x_wconf 73' lang='lat' dir='ltr'><strong>efferamus,</strong></span> <span class='ocrx_word' id='word_1_332' title='bbox 1426 2318 1509 2373; x_wconf 92' lang='lat' dir='ltr'><strong>sic</strong></span> <span class='ocrx_word' id='word_1_333' title='bbox 1542 2318 1701 2389; x_wconf 90' lang='lat' dir='ltr'><strong>loqui</strong></span> <span class='ocrx_word' id='word_1_334' title='bbox 1733 2317 2011 2373; x_wconf 87' lang='lat' dir='ltr'><strong>solemus.</strong></span> <span class='ocrx_word' id='word_1_335' title='bbox 2041 2322 2111 2372; x_wconf 87' lang='lat' dir='ltr'><strong>At</strong></span> 
     </span>
    </p>
   </div>
   <div class='ocr_carea' id='block_1_42' title="bbox 460 2405 2112 2479">
    <p class='ocr_par' dir='ltr' id='par_1_42' title="bbox 460 2405 2112 2479">
     <span class='ocr_line' id='line_1_42' title="bbox 460 2405 2112 2479; baseline 0 -21"><span class='ocrx_word' id='word_1_336' title='bbox 460 2405 559 2475; x_wconf 89' lang='lat' dir='ltr'><strong>qui</strong></span> <span class='ocrx_word' id='word_1_337' title='bbox 616 2406 687 2460; x_wconf 85' lang='lat' dir='ltr'><strong>ad</strong></span> <span class='ocrx_word' id='word_1_338' title='bbox 741 2405 1135 2470; x_wconf 77' lang='lat' dir='ltr'><strong>Academiam,</strong></span> <span class='ocrx_word' id='word_1_339' title='bbox 1170 2407 1540 2479; x_wconf 87' lang='lat' dir='ltr'><strong>maximeque</strong></span> <span class='ocrx_word' id='word_1_340' title='bbox 1590 2408 1657 2461; x_wconf 88' lang='lat' dir='ltr'><strong>ad</strong></span> <span class='ocrx_word' id='word_1_341' title='bbox 1710 2407 1861 2461; x_wconf 86' lang='lat' dir='ltr'><strong>hanc</strong></span> <span class='ocrx_word' id='word_1_342' title='bbox 1912 2422 2112 2460; x_wconf 89' lang='lat' dir='ltr'><strong>novam</strong></span> 
     </span>
    </p>
   </div>
   <div class='ocr_carea' id='block_1_43' title="bbox 467 2493 2118 2565">
    <p class='ocr_par' dir='ltr' id='par_1_43' title="bbox 467 2493 2118 2565">
     <span class='ocr_line' id='line_1_43' title="bbox 467 2493 2118 2565; baseline 0.001 -18"><span class='ocrx_word' id='word_1_343' title='bbox 467 2494 782 2563; x_wconf 86' lang='lat' dir='ltr'><strong>pertinent,</strong></span> <span class='ocrx_word' id='word_1_344' title='bbox 806 2493 1016 2564; x_wconf 90' lang='lat' dir='ltr'><strong>inquit,</strong></span> <span class='ocrx_word' id='word_1_345' title='bbox 1041 2511 1171 2549; x_wconf 90' lang='lat' dir='ltr'><strong>cum</strong></span> <span class='ocrx_word' id='word_1_346' title='bbox 1198 2496 1407 2550; x_wconf 86' lang='lat' dir='ltr'><strong>Stoicis</strong></span> <span class='ocrx_word' id='word_1_347' title='bbox 1432 2496 1721 2551; x_wconf 88' lang='lat' dir='ltr'><strong>interdum</strong></span> <span class='ocrx_word' id='word_1_348' title='bbox 1748 2495 2118 2565; x_wconf 84' lang='lat' dir='ltr'><strong>Opinionibus</strong></span> 
     </span>
    </p>
   </div>
   <div class='ocr_carea' id='block_1_44' title="bbox 468 2575 2115 2653">
    <p class='ocr_par' dir='ltr' id='par_1_44' title="bbox 468 2575 2115 2653">
     <span class='ocr_line' id='line_1_44' title="bbox 468 2575 2115 2653; baseline 0.001 -16"><span class='ocrx_word' id='word_1_349' title='bbox 468 2583 865 2649; x_wconf 87' lang='lat' dir='ltr'><strong>consentiunt,</strong></span> <span class='ocrx_word' id='word_1_350' title='bbox 916 2588 971 2638; x_wconf 90' lang='lat' dir='ltr'><strong>et</strong></span> <span class='ocrx_word' id='word_1_351' title='bbox 1021 2585 1093 2652; x_wconf 89' lang='lat' dir='ltr'><strong>(si</strong></span> <span class='ocrx_word' id='word_1_352' title='bbox 1141 2601 1341 2639; x_wconf 88' lang='lat' dir='ltr'><strong>verum</strong></span> <span class='ocrx_word' id='word_1_353' title='bbox 1398 2586 1559 2639; x_wconf 83' lang='lat' dir='ltr'><strong>lateri</strong></span> <span class='ocrx_word' id='word_1_354' title='bbox 1614 2585 1897 2653; x_wconf 88' lang='lat' dir='ltr'><strong>volumus)</strong></span> <span class='ocrx_word' id='word_1_355' title='bbox 1941 2575 2115 2640; x_wconf 84' lang='lat' dir='ltr'><strong>Stoici</strong></span> 
     </span>
    </p>
   </div>
   <div class='ocr_carea' id='block_1_45' title="bbox 466 2672 2122 2745">
    <p class='ocr_par' dir='ltr' id='par_1_45' title="bbox 466 2672 2122 2745">
     <span class='ocr_line' id='line_1_45' title="bbox 466 2672 2122 2745; baseline 0.003 -20"><span class='ocrx_word' id='word_1_356' title='bbox 466 2672 599 2743; x_wconf 87' lang='lat' dir='ltr'><strong>ipsi,</strong></span> <span class='ocrx_word' id='word_1_357' title='bbox 628 2675 729 2728; x_wconf 90' lang='lat' dir='ltr'><strong>sed</strong></span> <span class='ocrx_word' id='word_1_358' title='bbox 756 2674 1016 2742; x_wconf 89' lang='lat' dir='ltr'><strong>quicum</strong></span> <span class='ocrx_word' id='word_1_359' title='bbox 1044 2674 1253 2728; x_wconf 86' lang='lat' dir='ltr'><strong>Stoicis</strong></span> <span class='ocrx_word' id='word_1_360' title='bbox 1286 2684 1560 2745; x_wconf 86' lang='lat' dir='ltr'><strong>pugnent,</strong></span> <span class='ocrx_word' id='word_1_361' title='bbox 1589 2674 1877 2729; x_wconf 88' lang='lat' dir='ltr'><strong>videntur.</strong></span> <span class='ocrx_word' id='word_1_362' title='bbox 1903 2674 2122 2730; x_wconf 89' lang='lat' dir='ltr'><strong>Deinde</strong></span> 
     </span>
    </p>
   </div>
   <div class='ocr_carea' id='block_1_46' title="bbox 464 2762 2120 2832">
    <p class='ocr_par' dir='ltr' id='par_1_46' title="bbox 464 2762 2120 2832">
     <span class='ocr_line' id='line_1_46' title="bbox 464 2762 2120 2832; baseline 0.001 -16"><span class='ocrx_word' id='word_1_363' title='bbox 464 2767 521 2817; x_wconf 90' lang='lat' dir='ltr'><strong>et</strong></span> <span class='ocrx_word' id='word_1_364' title='bbox 552 2762 620 2817; x_wconf 93' lang='lat' dir='ltr'><strong>de</strong></span> <span class='ocrx_word' id='word_1_365' title='bbox 646 2762 848 2816; x_wconf 89' lang='lat' dir='ltr'><strong>multis</strong></span> <span class='ocrx_word' id='word_1_366' title='bbox 881 2764 1111 2817; x_wconf 88' lang='lat' dir='ltr'><strong>decreta</strong></span> <span class='ocrx_word' id='word_1_367' title='bbox 1142 2768 1429 2818; x_wconf 88' lang='lat' dir='ltr'><strong>statuunt.</strong></span> <span class='ocrx_word' id='word_1_368' title='bbox 1455 2764 1736 2819; x_wconf 85' lang='lat' dir='ltr'><strong>Virtutem</strong></span> <span class='ocrx_word' id='word_1_369' title='bbox 1763 2765 1914 2818; x_wconf 89' lang='lat' dir='ltr'><strong>enim</strong></span> <span class='ocrx_word' id='word_1_370' title='bbox 1950 2770 2120 2832; x_wconf 89' lang='lat' dir='ltr'><strong>atque</strong></span> 
     </span>
    </p>
   </div>
   <div class='ocr_carea' id='block_1_47' title="bbox 466 2852 2123 2923">
    <p class='ocr_par' dir='ltr' id='par_1_47' title="bbox 466 2852 2123 2923">
     <span class='ocr_line' id='line_1_47' title="bbox 466 2852 2123 2923; baseline 0.002 -18"><span class='ocrx_word' id='word_1_371' title='bbox 466 2852 778 2905; x_wconf 84' lang='lat' dir='ltr'><strong>amentiam</strong></span> <span class='ocrx_word' id='word_1_372' title='bbox 807 2852 1124 2906; x_wconf 90' lang='lat' dir='ltr'><strong>inducunt:</strong></span> <span class='ocrx_word' id='word_1_373' title='bbox 1152 2853 1367 2907; x_wconf 88' lang='lat' dir='ltr'><strong>bonum</strong></span> <span class='ocrx_word' id='word_1_374' title='bbox 1390 2859 1707 2923; x_wconf 90' lang='lat' dir='ltr'><strong>quoque,et</strong></span> <span class='ocrx_word' id='word_1_375' title='bbox 1727 2854 1943 2907; x_wconf 85' lang='lat' dir='ltr'><strong>malum</strong></span> <span class='ocrx_word' id='word_1_376' title='bbox 1967 2854 2123 2909; x_wconf 86' lang='lat' dir='ltr'><strong>velut</strong></span> 
     </span>
    </p>
   </div>
   <div class='ocr_carea' id='block_1_48' title="bbox 465 2941 2110 3011">
    <p class='ocr_par' dir='ltr' id='par_1_48' title="bbox 465 2941 2110 3011">
     <span class='ocr_line' id='line_1_48' title="bbox 465 2941 2110 3011; baseline 0.001 -18"><span class='ocrx_word' id='word_1_377' title='bbox 465 2941 753 3011; x_wconf 89' lang='lat' dir='ltr'><strong>principia</strong></span> <span class='ocrx_word' id='word_1_378' title='bbox 785 2948 1048 3010; x_wconf 90' lang='lat' dir='ltr'><strong>ponunt;</strong></span> <span class='ocrx_word' id='word_1_379' title='bbox 1083 2959 1282 2996; x_wconf 90' lang='lat' dir='ltr'><strong>verum</strong></span> <span class='ocrx_word' id='word_1_380' title='bbox 1334 2943 1494 3010; x_wconf 90' lang='lat' dir='ltr'><strong>item,</strong></span> <span class='ocrx_word' id='word_1_381' title='bbox 1529 2948 1584 2997; x_wconf 82' lang='lat' dir='ltr'><strong>et</strong></span> <span class='ocrx_word' id='word_1_382' title='bbox 1618 2943 1842 3009; x_wconf 87' lang='lat' dir='ltr'><strong>falsum,</strong></span> <span class='ocrx_word' id='word_1_383' title='bbox 1879 2958 2110 2997; x_wconf 87' lang='lat' dir='ltr'><strong>rursum</strong></span> 
     </span>
    </p>
   </div>
   <div class='ocr_carea' id='block_1_49' title="bbox 461 3029 2109 3101">
    <p class='ocr_par' dir='ltr' id='par_1_49' title="bbox 461 3029 2109 3101">
     <span class='ocr_line' id='line_1_49' title="bbox 461 3029 2109 3101; baseline 0.001 -18"><span class='ocrx_word' id='word_1_384' title='bbox 461 3029 778 3099; x_wconf 88' lang='lat' dir='ltr'><strong>probabile,</strong></span> <span class='ocrx_word' id='word_1_385' title='bbox 812 3034 870 3084; x_wconf 92' lang='lat' dir='ltr'><strong>et</strong></span> <span class='ocrx_word' id='word_1_386' title='bbox 920 3030 1328 3101; x_wconf 89' lang='lat' dir='ltr'><strong>improbabile,</strong></span> <span class='ocrx_word' id='word_1_387' title='bbox 1372 3047 1475 3085; x_wconf 90' lang='lat' dir='ltr'><strong>ens</strong></span> <span class='ocrx_word' id='word_1_388' title='bbox 1524 3033 1677 3097; x_wconf 91' lang='lat' dir='ltr'><strong>dein,</strong></span> <span class='ocrx_word' id='word_1_389' title='bbox 1721 3037 1776 3087; x_wconf 88' lang='lat' dir='ltr'><strong>et</strong></span> <span class='ocrx_word' id='word_1_390' title='bbox 1820 3048 1935 3086; x_wconf 93' lang='lat' dir='ltr'><strong>non</strong></span> <span class='ocrx_word' id='word_1_391' title='bbox 1986 3047 2109 3099; x_wconf 90' lang='lat' dir='ltr'><strong>ens,</strong></span> 
     </span>
    </p>
   </div>
   <div class='ocr_carea' id='block_1_50' title="bbox 2213 1864 3867 1946">
    <p class='ocr_par' dir='ltr' id='par_1_50' title="bbox 2213 1864 3867 1946">
     <span class='ocr_line' id='line_1_50' title="bbox 2213 1864 3867 1946; baseline 0.002 -27"><span class='ocrx_word' id='word_1_392' title='bbox 2213 1864 2524 1941; x_wconf 82' lang='grc' dir='ltr'><strong>διορίζεται·</strong></span> <span class='ocrx_word' id='word_1_393' title='bbox 2587 1866 2712 1922; x_wconf 77' lang='grc' dir='ltr'>ἀλλ’</span> <span class='ocrx_word' id='word_1_394' title='bbox 2769 1869 2871 1922; x_wconf 78' lang='grc' dir='ltr'>οὐκ</span> <span class='ocrx_word' id='word_1_395' title='bbox 2926 1864 3168 1942; x_wconf 77' lang='grc' dir='ltr'>ἔχοντες,</span> <span class='ocrx_word' id='word_1_396' title='bbox 3229 1870 3391 1946; x_wconf 74' lang='grc' dir='ltr'>φησὶν</span> <span class='ocrx_word' id='word_1_397' title='bbox 3461 1870 3527 1940; x_wconf 70' lang='grc' dir='ltr'><strong>δ’,</strong></span> <span class='ocrx_word' id='word_1_398' title='bbox 3592 1870 3743 1931; x_wconf 81' lang='grc' dir='ltr'>ὅπως</span> <span class='ocrx_word' id='word_1_399' title='bbox 3802 1870 3867 1924; x_wconf 82' lang='grc' dir='ltr'>τὸ</span> 
     </span>
    </p>
   </div>
   <div class='ocr_carea' id='block_1_51' title="bbox 2212 1954 3869 2032">
    <p class='ocr_par' dir='ltr' id='par_1_51' title="bbox 2212 1954 3869 2032">
     <span class='ocr_line' id='line_1_51' title="bbox 2212 1954 3869 2032; baseline 0.002 -23"><span class='ocrx_word' id='word_1_400' title='bbox 2212 1956 2501 2027; x_wconf 88' lang='grc' dir='ltr'>νοούμενον</span> <span class='ocrx_word' id='word_1_401' title='bbox 2556 1954 2976 2029; x_wconf 75' lang='grc' dir='ltr'>ἐκλαλήσωμεν,</span> <span class='ocrx_word' id='word_1_402' title='bbox 3035 1958 3181 2012; x_wconf 70' lang='grc' dir='ltr'>οὕτω</span> <span class='ocrx_word' id='word_1_403' title='bbox 3223 1960 3521 2032; x_wconf 78' lang='grc' dir='ltr'>φράζομεν,</span> <span class='ocrx_word' id='word_1_404' title='bbox 3583 1960 3647 2015; x_wconf 70' lang='grc' dir='ltr'><strong>Οἱ</strong></span> <span class='ocrx_word' id='word_1_405' title='bbox 3682 1955 3728 2011; x_wconf 84' lang='grc' dir='ltr'>δ’</span> <span class='ocrx_word' id='word_1_406' title='bbox 3758 1958 3869 2012; x_wconf 78' lang='grc' dir='ltr'>ἀπὸ</span> 
     </span>
    </p>
   </div>
   <div class='ocr_carea' id='block_1_52' title="bbox 2213 2044 3871 2124">
    <p class='ocr_par' dir='ltr' id='par_1_52' title="bbox 2213 2044 3871 2124">
     <span class='ocr_line' id='line_1_52' title="bbox 2213 2044 3871 2124; baseline 0 -24"><span class='ocrx_word' id='word_1_407' title='bbox 2213 2053 2310 2114; x_wconf 72' lang='grc' dir='ltr'>τῆς</span> <span class='ocrx_word' id='word_1_408' title='bbox 2344 2044 2705 2117; x_wconf 83' lang='grc' dir='ltr'>’Δκαδημίας,</span> <span class='ocrx_word' id='word_1_409' title='bbox 2748 2048 2900 2124; x_wconf 80' lang='grc' dir='ltr'>φησὶ,</span> <span class='ocrx_word' id='word_1_410' title='bbox 2937 2046 3178 2120; x_wconf 87' lang='grc' dir='ltr'>μάλιστα</span> <span class='ocrx_word' id='word_1_411' title='bbox 3228 2054 3327 2115; x_wconf 79' lang='grc' dir='ltr'><strong>τῆς</strong></span> <span class='ocrx_word' id='word_1_412' title='bbox 3376 2052 3491 2117; x_wconf 69' lang='grc' dir='ltr'>νῦν,</span> <span class='ocrx_word' id='word_1_413' title='bbox 3542 2048 3632 2101; x_wconf 79' lang='grc' dir='ltr'><strong>καὶ</strong></span> <span class='ocrx_word' id='word_1_414' title='bbox 3682 2054 3871 2102; x_wconf 82' lang='grc' dir='ltr'>Στωϊ-</span> 
     </span>
    </p>
   </div>
   <div class='ocr_carea' id='block_1_53' title="bbox 2215 2136 3868 2211">
    <p class='ocr_par' dir='ltr' id='par_1_53' title="bbox 2215 2136 3868 2211">
     <span class='ocr_line' id='line_1_53' title="bbox 2215 2136 3868 2211; baseline 0.002 -23"><span class='ocrx_word' id='word_1_415' title='bbox 2215 2142 2334 2195; x_wconf 89' lang='grc' dir='ltr'>καῖς</span> <span class='ocrx_word' id='word_1_416' title='bbox 2368 2136 2744 2211; x_wconf 71' lang='grc' dir='ltr'>συμφέρονται</span> <span class='ocrx_word' id='word_1_417' title='bbox 2777 2137 2949 2191; x_wconf 86' lang='grc' dir='ltr'>ἐνίοτε</span> <span class='ocrx_word' id='word_1_418' title='bbox 2999 2136 3197 2209; x_wconf 80' lang='grc' dir='ltr'>δόξαις,</span> <span class='ocrx_word' id='word_1_419' title='bbox 3247 2138 3336 2191; x_wconf 76' lang='grc' dir='ltr'><strong>καὶ</strong></span> <span class='ocrx_word' id='word_1_420' title='bbox 3388 2137 3431 2190; x_wconf 82' lang='grc' dir='ltr'><strong>εί</strong></span> <span class='ocrx_word' id='word_1_421' title='bbox 3479 2139 3592 2211; x_wconf 73' lang='grc' dir='ltr'><strong>χρὴ</strong></span> <span class='ocrx_word' id='word_1_422' title='bbox 3630 2136 3868 2207; x_wconf 81' lang='grc' dir='ltr'>τάληθὲς</span> 
     </span>
    </p>
   </div>
   <div class='ocr_carea' id='block_1_54' title="bbox 2218 2226 3869 2301">
    <p class='ocr_par' dir='ltr' id='par_1_54' title="bbox 2218 2226 3869 2301">
     <span class='ocr_line' id='line_1_54' title="bbox 2218 2226 3869 2301; baseline 0 -21"><span class='ocrx_word' id='word_1_423' title='bbox 2218 2226 2405 2285; x_wconf 73' lang='grc' dir='ltr'>εἰπεῖν,</span> <span class='ocrx_word' id='word_1_424' title='bbox 2441 2227 2673 2280; x_wconf 79' lang='grc' dir='ltr'>Στωϊκοὶ</span> <span class='ocrx_word' id='word_1_425' title='bbox 2706 2226 2982 2299; x_wconf 80' lang='grc' dir='ltr'>φαίνονται</span> <span class='ocrx_word' id='word_1_426' title='bbox 3037 2227 3347 2301; x_wconf 88' lang='grc' dir='ltr'>μαχόμενοι</span> <span class='ocrx_word' id='word_1_427' title='bbox 3393 2232 3679 2288; x_wconf 80' lang='grc' dir='ltr'><strong>Στωϊκοῖς.</strong></span> <span class='ocrx_word' id='word_1_428' title='bbox 3723 2227 3869 2286; x_wconf 74' lang='grc' dir='ltr'>Δεύ-</span> 
     </span>
    </p>
   </div>
   <div class='ocr_carea' id='block_1_55' title="bbox 2218 2314 3871 2391">
    <p class='ocr_par' dir='ltr' id='par_1_55' title="bbox 2218 2314 3871 2391">
     <span class='ocr_line' id='line_1_55' title="bbox 2218 2314 3871 2391; baseline 0.001 -23"><span class='ocrx_word' id='word_1_429' title='bbox 2218 2335 2373 2387; x_wconf 83' lang='grc' dir='ltr'>τερον</span> <span class='ocrx_word' id='word_1_430' title='bbox 2405 2316 2449 2350; x_wconf 70' lang='grc'><strong>⁸9</strong></span> <span class='ocrx_word' id='word_1_431' title='bbox 2478 2314 2599 2387; x_wconf 79' lang='grc' dir='ltr'>περὶ</span> <span class='ocrx_word' id='word_1_432' title='bbox 2632 2314 2859 2369; x_wconf 85' lang='grc' dir='ltr'>πολλῶν</span> <span class='ocrx_word' id='word_1_433' title='bbox 2894 2314 3341 2391; x_wconf 83' lang='grc' dir='ltr'>δογματίζουσιν.</span> <span class='ocrx_word' id='word_1_434' title='bbox 3389 2317 3615 2389; x_wconf 75' lang='grc' dir='ltr'>Ἀρετήν</span> <span class='ocrx_word' id='word_1_435' title='bbox 3666 2336 3724 2370; x_wconf 87' lang='grc' dir='ltr'><strong>τε</strong></span> <span class='ocrx_word' id='word_1_436' title='bbox 3767 2317 3871 2389; x_wconf 78' lang='grc' dir='ltr'><strong>γὰρ</strong></span> 
     </span>
    </p>
   </div>
   <div class='ocr_carea' id='block_1_56' title="bbox 2221 2403 3871 2479">
    <p class='ocr_par' dir='ltr' id='par_1_56' title="bbox 2221 2403 3871 2479">
     <span class='ocr_line' id='line_1_56' title="bbox 2221 2403 3871 2479; baseline -0.001 -21"><span class='ocrx_word' id='word_1_437' title='bbox 2221 2405 2311 2458; x_wconf 75' lang='grc' dir='ltr'><strong>καὶ</strong></span> <span class='ocrx_word' id='word_1_438' title='bbox 2376 2403 2679 2479; x_wconf 71' lang='grc' dir='ltr'>ἀφροσύνην</span> <span class='ocrx_word' id='word_1_439' title='bbox 2762 2404 3059 2477; x_wconf 83' lang='grc' dir='ltr'>εἰσάγουσι,</span> <span class='ocrx_word' id='word_1_440' title='bbox 3120 2405 3208 2457; x_wconf 82' lang='grc' dir='ltr'><strong>καὶ</strong></span> <span class='ocrx_word' id='word_1_441' title='bbox 3266 2403 3461 2479; x_wconf 83' lang='grc' dir='ltr'>ἀγαθόν</span> <span class='ocrx_word' id='word_1_442' title='bbox 3540 2404 3632 2458; x_wconf 81' lang='grc' dir='ltr'><strong>καὶ</strong></span> <span class='ocrx_word' id='word_1_443' title='bbox 3707 2406 3871 2459; x_wconf 86' lang='grc' dir='ltr'>κακὸν</span> 
     </span>
    </p>
   </div>
   <div class='ocr_carea' id='block_1_57' title="bbox 2229 2490 3875 2566">
    <p class='ocr_par' dir='ltr' id='par_1_57' title="bbox 2229 2490 3875 2566">
     <span class='ocr_line' id='line_1_57' title="bbox 2229 2490 3875 2566; baseline -0.001 -19"><span class='ocrx_word' id='word_1_444' title='bbox 2229 2495 2593 2561; x_wconf 83' lang='grc' dir='ltr'>ὑποτίθενται,</span> <span class='ocrx_word' id='word_1_445' title='bbox 2638 2495 2724 2547; x_wconf 76' lang='grc' dir='ltr'>καὶ</span> <span class='ocrx_word' id='word_1_446' title='bbox 2784 2493 3040 2563; x_wconf 71' lang='grc' dir='ltr'>ἀλήθειαν</span> <span class='ocrx_word' id='word_1_447' title='bbox 3096 2496 3184 2547; x_wconf 85' lang='grc' dir='ltr'><strong>καὶ</strong></span> <span class='ocrx_word' id='word_1_448' title='bbox 3249 2490 3469 2566; x_wconf 66' lang='grc' dir='ltr'>ψεῦδος,</span> <span class='ocrx_word' id='word_1_449' title='bbox 3524 2495 3615 2547; x_wconf 83' lang='grc' dir='ltr'><strong>καὶ</strong></span> <span class='ocrx_word' id='word_1_450' title='bbox 3667 2492 3734 2562; x_wconf 78' lang='grc' dir='ltr'><strong>δὴ</strong></span> <span class='ocrx_word' id='word_1_451' title='bbox 3786 2496 3875 2548; x_wconf 80' lang='grc' dir='ltr'><strong>καὶ</strong></span> 
     </span>
    </p>
   </div>
   <div class='ocr_carea' id='block_1_58' title="bbox 2225 2580 3877 2652">
    <p class='ocr_par' dir='ltr' id='par_1_58' title="bbox 2225 2580 3877 2652">
     <span class='ocr_line' id='line_1_58' title="bbox 2225 2580 3877 2652; baseline 0.001 -17"><span class='ocrx_word' id='word_1_452' title='bbox 2225 2582 2447 2635; x_wconf 82' lang='grc' dir='ltr'>πιθανὸν</span> <span class='ocrx_word' id='word_1_453' title='bbox 2506 2583 2592 2635; x_wconf 89' lang='grc' dir='ltr'><strong>καὶ</strong></span> <span class='ocrx_word' id='word_1_454' title='bbox 2655 2581 2928 2651; x_wconf 85' lang='grc' dir='ltr'>ἀπίθανον,</span> <span class='ocrx_word' id='word_1_455' title='bbox 2978 2581 3068 2635; x_wconf 77' lang='grc' dir='ltr'><strong>καὶ</strong></span> <span class='ocrx_word' id='word_1_456' title='bbox 3118 2580 3175 2634; x_wconf 77' lang='grc' dir='ltr'>ὃν</span> <span class='ocrx_word' id='word_1_457' title='bbox 3221 2580 3307 2635; x_wconf 75' lang='grc' dir='ltr'>καί</span> <span class='ocrx_word' id='word_1_458' title='bbox 3369 2583 3445 2652; x_wconf 77' lang='grc' dir='ltr'>μὴ</span> <span class='ocrx_word' id='word_1_459' title='bbox 3492 2583 3576 2649; x_wconf 83' lang='grc' dir='ltr'><strong>ὃν,</strong></span> <span class='ocrx_word' id='word_1_460' title='bbox 3625 2581 3770 2637; x_wconf 75' lang='grc' dir='ltr'>ἄλλα</span> <span class='ocrx_word' id='word_1_461' title='bbox 3822 2603 3877 2637; x_wconf 84' lang='grc' dir='ltr'><strong>τε</strong></span> 
     </span>
    </p>
   </div>
   <div class='ocr_carea' id='block_1_59' title="bbox 2225 2667 3879 2750">
    <p class='ocr_par' dir='ltr' id='par_1_59' title="bbox 2225 2667 3879 2750">
     <span class='ocr_line' id='line_1_59' title="bbox 2225 2667 3879 2750; baseline 0 -25"><span class='ocrx_word' id='word_1_462' title='bbox 2225 2670 2412 2725; x_wconf 83' lang='grc' dir='ltr'>πολλά</span> <span class='ocrx_word' id='word_1_463' title='bbox 2447 2668 2679 2745; x_wconf 72' lang='grc' dir='ltr'>βεϐαίως</span> <span class='ocrx_word' id='word_1_464' title='bbox 2710 2672 2975 2746; x_wconf 82' lang='grc' dir='ltr'>ὁρίζουσι,</span> <span class='ocrx_word' id='word_1_465' title='bbox 3009 2667 3432 2745; x_wconf 74' lang='grc' dir='ltr'>διαμφισϐητεῖν</span> <span class='ocrx_word' id='word_1_466' title='bbox 3467 2670 3525 2727; x_wconf 81' lang='grc' dir='ltr'><strong>δέ</strong></span> <span class='ocrx_word' id='word_1_467' title='bbox 3574 2693 3700 2750; x_wconf 82' lang='grc' dir='ltr'>φασι</span> <span class='ocrx_word' id='word_1_468' title='bbox 3750 2672 3879 2746; x_wconf 81' lang='grc' dir='ltr'>περὶ</span> 
     </span>
    </p>
   </div>
   <div class='ocr_carea' id='block_1_60' title="bbox 2232 2758 3875 2837">
    <p class='ocr_par' dir='ltr' id='par_1_60' title="bbox 2232 2758 3875 2837">
     <span class='ocr_line' id='line_1_60' title="bbox 2232 2758 3875 2837; baseline 0.001 -24"><span class='ocrx_word' id='word_1_469' title='bbox 2232 2760 2401 2832; x_wconf 85' lang='grc' dir='ltr'>μόνης</span> <span class='ocrx_word' id='word_1_470' title='bbox 2432 2767 2538 2828; x_wconf 79' lang='grc' dir='ltr'>τῆς</span> <span class='ocrx_word' id='word_1_471' title='bbox 2599 2758 3012 2828; x_wconf 80' lang='grc' dir='ltr'>καταληπτικῆς</span> <span class='ocrx_word' id='word_1_472' title='bbox 3066 2759 3377 2837; x_wconf 86' lang='grc' dir='ltr'>φαντασίας.</span> <span class='ocrx_word' id='word_1_473' title='bbox 3413 2760 3504 2814; x_wconf 83' lang='grc' dir='ltr'><strong>Διό</strong></span> <span class='ocrx_word' id='word_1_474' title='bbox 3554 2761 3605 2813; x_wconf 80' lang='grc' dir='ltr'>οἱ</span> <span class='ocrx_word' id='word_1_475' title='bbox 3637 2761 3731 2832; x_wconf 78' lang='grc' dir='ltr'>μὲν</span> <span class='ocrx_word' id='word_1_476' title='bbox 3760 2760 3875 2814; x_wconf 84' lang='grc' dir='ltr'>ἀπὸ</span> 
     </span>
    </p>
   </div>
   <div class='ocr_carea' id='block_1_61' title="bbox 2228 2846 3873 2923">
    <p class='ocr_par' dir='ltr' id='par_1_61' title="bbox 2228 2846 3873 2923">
     <span class='ocr_line' id='line_1_61' title="bbox 2228 2846 3873 2923; baseline 0 -21"><span class='ocrx_word' id='word_1_477' title='bbox 2228 2848 2517 2923; x_wconf 73' lang='grc' dir='ltr'>Ιιύρῥωνος</span> <span class='ocrx_word' id='word_1_478' title='bbox 2552 2848 2602 2903; x_wconf 93' lang='grc' dir='ltr'><strong>ἐν</strong></span> <span class='ocrx_word' id='word_1_479' title='bbox 2641 2854 2718 2920; x_wconf 75' lang='grc' dir='ltr'>τῷ</span> <span class='ocrx_word' id='word_1_480' title='bbox 2761 2846 2931 2920; x_wconf 76' lang='grc' dir='ltr'>μηδὲν</span> <span class='ocrx_word' id='word_1_481' title='bbox 2965 2849 3161 2923; x_wconf 84' lang='grc' dir='ltr'>ὁρίζειν</span> <span class='ocrx_word' id='word_1_482' title='bbox 3210 2848 3569 2919; x_wconf 78' lang='grc' dir='ltr'>ἀνεπίληπτοι</span> <span class='ocrx_word' id='word_1_483' title='bbox 3615 2850 3676 2903; x_wconf 78' lang='grc' dir='ltr'>τὸ</span> <span class='ocrx_word' id='word_1_484' title='bbox 3724 2870 3873 2922; x_wconf 81' lang='grc' dir='ltr'>παρ-</span> 
     </span>
    </p>
   </div>
   <div class='ocr_carea' id='block_1_62' title="bbox 2230 2935 3873 3016">
    <p class='ocr_par' dir='ltr' id='par_1_62' title="bbox 2230 2935 3873 3016">
     <span class='ocr_line' id='line_1_62' title="bbox 2230 2935 3873 3016; baseline -0.001 -23"><span class='ocrx_word' id='word_1_485' title='bbox 2230 2939 2365 2993; x_wconf 82' lang='grc' dir='ltr'>άπαν</span> <span class='ocrx_word' id='word_1_486' title='bbox 2389 2936 2753 3011; x_wconf 80' lang='grc' dir='ltr'>διαμένουσιν·</span> <span class='ocrx_word' id='word_1_487' title='bbox 2792 2939 2841 2991; x_wconf 69' lang='grc' dir='ltr'>οἱ</span> <span class='ocrx_word' id='word_1_488' title='bbox 2875 2935 2920 2991; x_wconf 84' lang='grc' dir='ltr'>δ’</span> <span class='ocrx_word' id='word_1_489' title='bbox 2953 2935 2999 3006; x_wconf 77' lang='grc' dir='ltr'>ἐξ</span> <span class='ocrx_word' id='word_1_490' title='bbox 3045 2935 3407 3010; x_wconf 76' lang='grc' dir='ltr'>’Δκαδημίας,</span> <span class='ocrx_word' id='word_1_491' title='bbox 3447 2938 3626 3016; x_wconf 81' lang='grc' dir='ltr'>φησὶν,</span> <span class='ocrx_word' id='word_1_492' title='bbox 3663 2938 3873 3009; x_wconf 84' lang='grc' dir='ltr'>ὁμοίας</span> 
     </span>
    </p>
   </div>
   <div class='ocr_carea' id='block_1_63' title="bbox 2224 3024 3875 3103">
    <p class='ocr_par' dir='ltr' id='par_1_63' title="bbox 2224 3024 3875 3103">
     <span class='ocr_line' id='line_1_63' title="bbox 2224 3024 3875 3103; baseline 0 -22"><span class='ocrx_word' id='word_1_493' title='bbox 2224 3028 2319 3087; x_wconf 77' lang='grc' dir='ltr'>τὰς</span> <span class='ocrx_word' id='word_1_494' title='bbox 2352 3026 2569 3088; x_wconf 77' lang='grc' dir='ltr'>εὐθύνας</span> <span class='ocrx_word' id='word_1_495' title='bbox 2598 3032 2715 3088; x_wconf 87' lang='grc' dir='ltr'>τοῖς</span> <span class='ocrx_word' id='word_1_496' title='bbox 2764 3024 2957 3086; x_wconf 79' lang='grc' dir='ltr'>ἄλλοις</span> <span class='ocrx_word' id='word_1_497' title='bbox 2996 3025 3319 3103; x_wconf 74' lang='grc' dir='ltr'>φιλοσόφοις</span> <span class='ocrx_word' id='word_1_498' title='bbox 3374 3026 3658 3100; x_wconf 75' lang='grc' dir='ltr'>ὑπέχουσι.</span> <span class='ocrx_word' id='word_1_499' title='bbox 3700 3027 3782 3083; x_wconf 84' lang='grc' dir='ltr'>Τὸ</span> <span class='ocrx_word' id='word_1_500' title='bbox 3818 3024 3875 3081; x_wconf 72' lang='grc' dir='ltr'>δὲ</span> 
     </span>
    </p>
   </div>
   <div class='ocr_carea' id='block_1_64' title="bbox 461 3092 2110 3191">
    <p class='ocr_par' dir='ltr' id='par_1_64' title="bbox 461 3116 2109 3191">
     <span class='ocr_line' id='line_1_64' title="bbox 461 3116 2109 3191; baseline 0.001 -20"><span class='ocrx_word' id='word_1_501' title='bbox 461 3116 693 3187; x_wconf 87' lang='lat' dir='ltr'><strong>aliaque</strong></span> <span class='ocrx_word' id='word_1_502' title='bbox 744 3134 861 3171; x_wconf 87' lang='lat' dir='ltr'><strong>non</strong></span> <span class='ocrx_word' id='word_1_503' title='bbox 912 3136 1096 3187; x_wconf 89' lang='lat' dir='ltr'><strong>pauca</strong></span> <span class='ocrx_word' id='word_1_504' title='bbox 1144 3125 1301 3174; x_wconf 91' lang='lat' dir='ltr'><strong>certo</strong></span> <span class='ocrx_word' id='word_1_505' title='bbox 1353 3121 1671 3174; x_wconf 83' lang='lat' dir='ltr'><strong>definiunt:</strong></span> <span class='ocrx_word' id='word_1_506' title='bbox 1706 3122 1999 3191; x_wconf 84' lang='lat' dir='ltr'><strong>ambigere</strong></span> <span class='ocrx_word' id='word_1_507' title='bbox 2052 3135 2109 3173; x_wconf 92' lang='lat' dir='ltr'><strong>se</strong></span> 
     </span>
    </p>
   </div>
   <div class='ocr_carea' id='block_1_65' title="bbox 2220 3092 3875 3191">
    <p class='ocr_par' dir='ltr' id='par_1_65' title="bbox 2228 3113 3875 3191">
     <span class='ocr_line' id='line_1_65' title="bbox 2228 3113 3875 3191; baseline 0.001 -21"><span class='ocrx_word' id='word_1_508' title='bbox 2228 3113 2505 3191; x_wconf 79' lang='grc' dir='ltr'>μέγιστον,</span> <span class='ocrx_word' id='word_1_509' title='bbox 2536 3118 2587 3170; x_wconf 72' lang='grc' dir='ltr'>οἱ</span> <span class='ocrx_word' id='word_1_510' title='bbox 2623 3117 2719 3187; x_wconf 77' lang='grc' dir='ltr'><strong>μὲν</strong></span> <span class='ocrx_word' id='word_1_511' title='bbox 2749 3116 2873 3188; x_wconf 85' lang='grc' dir='ltr'>περὶ</span> <span class='ocrx_word' id='word_1_512' title='bbox 2906 3117 3099 3177; x_wconf 83' lang='grc' dir='ltr'>παντὸς</span> <span class='ocrx_word' id='word_1_513' title='bbox 3128 3120 3225 3170; x_wconf 78' lang='grc' dir='ltr'>τοῖ’)</span> <span class='ocrx_word' id='word_1_514' title='bbox 3272 3116 3625 3188; x_wconf 78' lang='grc' dir='ltr'>προτεθέντος</span> <span class='ocrx_word' id='word_1_515' title='bbox 3676 3115 3875 3171; x_wconf 83' lang='grc' dir='ltr'>διαπο-</span> 
     </span>
    </p>
   </div>
   <div class='ocr_carea' id='block_1_66' title="bbox 462 3205 2107 3276">
    <p class='ocr_par' dir='ltr' id='par_1_66' title="bbox 462 3205 2107 3276">
     <span class='ocr_line' id='line_1_66' title="bbox 462 3205 2107 3276; baseline 0.004 -20"><span class='ocrx_word' id='word_1_516' title='bbox 462 3209 687 3258; x_wconf 88' lang='lat' dir='ltr'><strong>tantum</strong></span> <span class='ocrx_word' id='word_1_517' title='bbox 746 3205 1005 3260; x_wconf 87' lang='lat' dir='ltr'><strong>dicentes</strong></span> <span class='ocrx_word' id='word_1_518' title='bbox 1039 3208 1109 3261; x_wconf 91' lang='lat' dir='ltr'><strong>de</strong></span> <span class='ocrx_word' id='word_1_519' title='bbox 1152 3208 1634 3276; x_wconf 89' lang='lat' dir='ltr'><strong>comprehensiva</strong></span> <span class='ocrx_word' id='word_1_520' title='bbox 1677 3209 2107 3273; x_wconf 69' lang='lat' dir='ltr'><strong>imaginatione.</strong></span> 
     </span>
    </p>
   </div>
   <div class='ocr_carea' id='block_1_67' title="bbox 463 3293 2109 3365">
    <p class='ocr_par' dir='ltr' id='par_1_67' title="bbox 463 3293 2109 3365">
     <span class='ocr_line' id='line_1_67' title="bbox 463 3293 2109 3365; baseline 0.004 -20"><span class='ocrx_word' id='word_1_521' title='bbox 463 3293 847 3355; x_wconf 87' lang='lat' dir='ltr'><strong>Quamobrem</strong></span> <span class='ocrx_word' id='word_1_522' title='bbox 900 3295 1226 3365; x_wconf 77' lang='lat' dir='ltr'><strong>Pyrrhonii,</strong></span> <span class='ocrx_word' id='word_1_523' title='bbox 1269 3297 1407 3349; x_wconf 89' lang='lat' dir='ltr'><strong>dum</strong></span> <span class='ocrx_word' id='word_1_524' title='bbox 1452 3296 1595 3350; x_wconf 86' lang='lat' dir='ltr'><strong>nihil</strong></span> <span class='ocrx_word' id='word_1_525' title='bbox 1642 3298 1949 3365; x_wconf 88' lang='lat' dir='ltr'><strong>detiniunt,</strong></span> <span class='ocrx_word' id='word_1_526' title='bbox 1982 3315 2109 3352; x_wconf 88' lang='lat' dir='ltr'><strong>om-</strong></span> 
     </span>
    </p>
   </div>
   <div class='ocr_carea' id='block_1_68' title="bbox 464 3385 2110 3456">
    <p class='ocr_par' dir='ltr' id='par_1_68' title="bbox 464 3385 2110 3456">
     <span class='ocr_line' id='line_1_68' title="bbox 464 3385 2110 3456; baseline 0.004 -19"><span class='ocrx_word' id='word_1_527' title='bbox 464 3385 602 3439; x_wconf 87' lang='lat' dir='ltr'><strong>nino</strong></span> <span class='ocrx_word' id='word_1_528' title='bbox 650 3385 1039 3454; x_wconf 85' lang='lat' dir='ltr'><strong>irreprehensi</strong></span> <span class='ocrx_word' id='word_1_529' title='bbox 1092 3393 1467 3456; x_wconf 81' lang='lat' dir='ltr'><strong>permanent;</strong></span> <span class='ocrx_word' id='word_1_530' title='bbox 1502 3405 1695 3442; x_wconf 85' lang='lat' dir='ltr'><strong>verum</strong></span> <span class='ocrx_word' id='word_1_531' title='bbox 1729 3390 2110 3452; x_wconf 84' lang='lat' dir='ltr'><strong>Academicis,</strong></span> 
     </span>
    </p>
   </div>
   <div class='ocr_carea' id='block_1_69' title="bbox 464 3472 2109 3547">
    <p class='ocr_par' dir='ltr' id='par_1_69' title="bbox 464 3472 2109 3547">
     <span class='ocr_line' id='line_1_69' title="bbox 464 3472 2109 3547; baseline 0.004 -21"><span class='ocrx_word' id='word_1_532' title='bbox 464 3472 564 3538; x_wconf 87' lang='lat' dir='ltr'><strong>ait,</strong></span> <span class='ocrx_word' id='word_1_533' title='bbox 590 3489 757 3543; x_wconf 88' lang='lat' dir='ltr'><strong>pares</strong></span> <span class='ocrx_word' id='word_1_534' title='bbox 781 3490 913 3529; x_wconf 90' lang='lat' dir='ltr'><strong>cum</strong></span> <span class='ocrx_word' id='word_1_535' title='bbox 938 3476 1068 3529; x_wconf 90' lang='lat' dir='ltr'><strong>aliis</strong></span> <span class='ocrx_word' id='word_1_536' title='bbox 1101 3476 1469 3547; x_wconf 88' lang='lat' dir='ltr'><strong>philosophis</strong></span> <span class='ocrx_word' id='word_1_537' title='bbox 1498 3479 1750 3534; x_wconf 89' lang='lat' dir='ltr'><strong>rationes</strong></span> <span class='ocrx_word' id='word_1_538' title='bbox 1783 3479 2109 3533; x_wconf 86' lang='lat' dir='ltr'><strong>reddendae.</strong></span> 
     </span>
    </p>
   </div>
   <div class='ocr_carea' id='block_1_70' title="bbox 461 3561 2110 3638">
    <p class='ocr_par' dir='ltr' id='par_1_70' title="bbox 461 3561 2110 3638">
     <span class='ocr_line' id='line_1_70' title="bbox 461 3561 2110 3638; baseline 0.003 -22"><span class='ocrx_word' id='word_1_539' title='bbox 461 3561 613 3617; x_wconf 90' lang='lat' dir='ltr'><strong>Illud</strong></span> <span class='ocrx_word' id='word_1_540' title='bbox 648 3579 815 3632; x_wconf 90' lang='lat' dir='ltr'><strong>porro</strong></span> <span class='ocrx_word' id='word_1_541' title='bbox 844 3564 1169 3619; x_wconf 84' lang='lat' dir='ltr'><strong>maximum</strong></span> <span class='ocrx_word' id='word_1_542' title='bbox 1198 3582 1209 3619; x_wconf 92' lang='lat'><strong>:</strong></span> <span class='ocrx_word' id='word_1_543' title='bbox 1236 3566 1387 3635; x_wconf 91' lang='lat' dir='ltr'><strong>quod</strong></span> <span class='ocrx_word' id='word_1_544' title='bbox 1414 3566 1497 3619; x_wconf 91' lang='lat' dir='ltr'><strong>illi</strong></span> <span class='ocrx_word' id='word_1_545' title='bbox 1531 3567 1601 3621; x_wconf 90' lang='lat' dir='ltr'><strong>de</strong></span> <span class='ocrx_word' id='word_1_546' title='bbox 1622 3584 1678 3622; x_wconf 93' lang='lat' dir='ltr'><strong>re</strong></span> <span class='ocrx_word' id='word_1_547' title='bbox 1710 3566 1969 3638; x_wconf 86' lang='lat' dir='ltr'><strong>qualibet</strong></span> <span class='ocrx_word' id='word_1_548' title='bbox 2000 3569 2110 3623; x_wconf 90' lang='lat' dir='ltr'><strong>sibi</strong></span> 
     </span>
    </p>
   </div>
   <div class='ocr_carea' id='block_1_71' title="bbox 465 3650 2111 3727">
    <p class='ocr_par' dir='ltr' id='par_1_71' title="bbox 465 3650 2111 3727">
     <span class='ocr_line' id='line_1_71' title="bbox 465 3650 2111 3727; baseline 0.004 -20"><span class='ocrx_word' id='word_1_549' title='bbox 465 3651 659 3707; x_wconf 90' lang='lat' dir='ltr'><strong>oblata</strong></span> <span class='ocrx_word' id='word_1_550' title='bbox 692 3650 1048 3715; x_wconf 86' lang='lat' dir='ltr'><strong>dubitantes,</strong></span> <span class='ocrx_word' id='word_1_551' title='bbox 1086 3670 1199 3709; x_wconf 93' lang='lat' dir='ltr'><strong>non</strong></span> <span class='ocrx_word' id='word_1_552' title='bbox 1249 3658 1479 3709; x_wconf 88' lang='lat' dir='ltr'><strong>tantum</strong></span> <span class='ocrx_word' id='word_1_553' title='bbox 1514 3658 1783 3711; x_wconf 89' lang='lat' dir='ltr'><strong>eumdem</strong></span> <span class='ocrx_word' id='word_1_554' title='bbox 1834 3663 2111 3727; x_wconf 87' lang='lat' dir='ltr'><strong>perpetuo</strong></span> 
     </span>
    </p>
   </div>
   <div class='ocr_carea' id='block_1_72' title="bbox 469 3743 2113 3817">
    <p class='ocr_par' dir='ltr' id='par_1_72' title="bbox 469 3743 2113 3817">
     <span class='ocr_line' id='line_1_72' title="bbox 469 3743 2113 3817; baseline 0.002 -20"><span class='ocrx_word' id='word_1_555' title='bbox 469 3749 697 3797; x_wconf 87' lang='lat' dir='ltr'><strong>teneant</strong></span> <span class='ocrx_word' id='word_1_556' title='bbox 730 3743 1016 3811; x_wconf 89' lang='lat' dir='ltr'><strong>ordinem,</strong></span> <span class='ocrx_word' id='word_1_557' title='bbox 1051 3744 1150 3799; x_wconf 90' lang='lat' dir='ltr'><strong>sed</strong></span> <span class='ocrx_word' id='word_1_558' title='bbox 1186 3761 1491 3815; x_wconf 89' lang='lat' dir='ltr'><strong>nunquam</strong></span> <span class='ocrx_word' id='word_1_559' title='bbox 1542 3745 1717 3800; x_wconf 89' lang='lat' dir='ltr'><strong>etiam</strong></span> <span class='ocrx_word' id='word_1_560' title='bbox 1768 3762 1963 3801; x_wconf 89' lang='lat' dir='ltr'><strong>secum</strong></span> <span class='ocrx_word' id='word_1_561' title='bbox 2006 3748 2113 3817; x_wconf 88' lang='lat' dir='ltr'><strong>ipsi</strong></span> 
     </span>
    </p>
   </div>
   <div class='ocr_carea' id='block_1_73' title="bbox 466 3832 2115 3905">
    <p class='ocr_par' dir='ltr' id='par_1_73' title="bbox 466 3832 2115 3905">
     <span class='ocr_line' id='line_1_73' title="bbox 466 3832 2115 3905; baseline 0.004 -20"><span class='ocrx_word' id='word_1_562' title='bbox 466 3837 749 3902; x_wconf 88' lang='lat' dir='ltr'><strong>pugnent,</strong></span> <span class='ocrx_word' id='word_1_563' title='bbox 783 3848 917 3887; x_wconf 90' lang='lat' dir='ltr'><strong>cum</strong></span> <span class='ocrx_word' id='word_1_564' title='bbox 970 3832 1029 3886; x_wconf 90' lang='lat' dir='ltr'><strong>hi</strong></span> <span class='ocrx_word' id='word_1_565' title='bbox 1076 3849 1275 3888; x_wconf 89' lang='lat' dir='ltr'><strong>secum</strong></span> <span class='ocrx_word' id='word_1_566' title='bbox 1328 3850 1587 3905; x_wconf 86' lang='lat' dir='ltr'><strong>pugnare</strong></span> <span class='ocrx_word' id='word_1_567' title='bbox 1627 3852 1708 3901; x_wconf 90' lang='lat' dir='ltr'><strong>se,</strong></span> <span class='ocrx_word' id='word_1_568' title='bbox 1743 3852 1813 3891; x_wconf 90' lang='lat' dir='ltr'><strong>ne</strong></span> <span class='ocrx_word' id='word_1_569' title='bbox 1857 3838 2115 3892; x_wconf 89' lang='lat' dir='ltr'><strong>sentiant</strong></span> 
     </span>
    </p>
   </div>
   <div class='ocr_carea' id='block_1_74' title="bbox 472 3921 2111 3996">
    <p class='ocr_par' dir='ltr' id='par_1_74' title="bbox 472 3921 2111 3996">
     <span class='ocr_line' id='line_1_74' title="bbox 472 3921 2111 3996; baseline 0.004 -21"><span class='ocrx_word' id='word_1_570' title='bbox 472 3922 734 3990; x_wconf 84' lang='lat' dir='ltr'><strong>quidem.</strong></span> <span class='ocrx_word' id='word_1_571' title='bbox 771 3921 959 3977; x_wconf 89' lang='lat' dir='ltr'><strong>Simul</strong></span> <span class='ocrx_word' id='word_1_572' title='bbox 1007 3923 1160 3977; x_wconf 88' lang='lat' dir='ltr'><strong>enim</strong></span> <span class='ocrx_word' id='word_1_573' title='bbox 1197 3939 1407 3994; x_wconf 89' lang='lat' dir='ltr'><strong>ponere</strong></span> <span class='ocrx_word' id='word_1_574' title='bbox 1438 3924 1762 3996; x_wconf 86' lang='lat' dir='ltr'><strong>quidpiam,</strong></span> <span class='ocrx_word' id='word_1_575' title='bbox 1795 3933 1850 3980; x_wconf 91' lang='lat' dir='ltr'><strong>et</strong></span> <span class='ocrx_word' id='word_1_576' title='bbox 1881 3944 2111 3982; x_wconf 90' lang='lat' dir='ltr'><strong>rursum</strong></span> 
     </span>
    </p>
   </div>
   <div class='ocr_carea' id='block_1_75' title="bbox 467 4010 2116 4077">
    <p class='ocr_par' dir='ltr' id='par_1_75' title="bbox 467 4010 2116 4077">
     <span class='ocr_line' id='line_1_75' title="bbox 467 4010 2116 4077; baseline 0.005 -13"><span class='ocrx_word' id='word_1_577' title='bbox 467 4010 872 4065; x_wconf 88' lang='lat' dir='ltr'><strong>indubitanter</strong></span> <span class='ocrx_word' id='word_1_578' title='bbox 901 4010 1124 4077; x_wconf 87' lang='lat' dir='ltr'><strong>tollere,</strong></span> <span class='ocrx_word' id='word_1_579' title='bbox 1150 4012 1325 4066; x_wconf 90' lang='lat' dir='ltr'><strong>simul</strong></span> <span class='ocrx_word' id='word_1_580' title='bbox 1353 4014 1487 4067; x_wconf 89' lang='lat' dir='ltr'><strong>item</strong></span> <span class='ocrx_word' id='word_1_581' title='bbox 1514 4015 1700 4069; x_wconf 87' lang='lat' dir='ltr'><strong>dicere</strong></span> <span class='ocrx_word' id='word_1_582' title='bbox 1733 4020 2116 4072; x_wconf 87' lang='lat' dir='ltr'><strong>communiter</strong></span> 
     </span>
    </p>
   </div>
   <div class='ocr_carea' id='block_1_76' title="bbox 468 4100 2113 4170">
    <p class='ocr_par' dir='ltr' id='par_1_76' title="bbox 468 4100 2113 4170">
     <span class='ocr_line' id='line_1_76' title="bbox 468 4100 2113 4170; baseline 0.004 -17"><span class='ocrx_word' id='word_1_583' title='bbox 468 4100 660 4169; x_wconf 90' lang='lat' dir='ltr'><strong>aliqua</strong></span> <span class='ocrx_word' id='word_1_584' title='bbox 710 4116 841 4155; x_wconf 87' lang='lat' dir='ltr'><strong>esse</strong></span> <span class='ocrx_word' id='word_1_585' title='bbox 890 4100 1463 4170; x_wconf 88' lang='lat' dir='ltr'><strong>comprehensibilia,</strong></span> <span class='ocrx_word' id='word_1_586' title='bbox 1499 4108 1555 4157; x_wconf 83' lang='lat' dir='ltr'><strong>et</strong></span> <span class='ocrx_word' id='word_1_587' title='bbox 1599 4121 1712 4158; x_wconf 86' lang='lat' dir='ltr'><strong>non</strong></span> <span class='ocrx_word' id='word_1_588' title='bbox 1749 4122 1889 4170; x_wconf 89' lang='lat' dir='ltr'><strong>esse,</strong></span> <span class='ocrx_word' id='word_1_589' title='bbox 1925 4106 2113 4160; x_wconf 90' lang='lat' dir='ltr'><strong>mani-</strong></span> 
     </span>
    </p>
   </div>
   <div class='ocr_carea' id='block_1_77' title="bbox 468 4188 2115 4262">
    <p class='ocr_par' dir='ltr' id='par_1_77' title="bbox 468 4188 2115 4262">
     <span class='ocr_line' id='line_1_77' title="bbox 468 4188 2115 4262; baseline 0.005 -21"><span class='ocrx_word' id='word_1_590' title='bbox 468 4188 677 4243; x_wconf 81' lang='lat' dir='ltr'><strong>festam</strong></span> <span class='ocrx_word' id='word_1_591' title='bbox 726 4189 929 4259; x_wconf 91' lang='lat' dir='ltr'><strong>utique</strong></span> <span class='ocrx_word' id='word_1_592' title='bbox 981 4205 1237 4259; x_wconf 84' lang='lat' dir='ltr'><strong>pugnam</strong></span> <span class='ocrx_word' id='word_1_593' title='bbox 1290 4190 1469 4245; x_wconf 82' lang='lat' dir='ltr'><strong>ati‘ert.</strong></span> <span class='ocrx_word' id='word_1_594' title='bbox 1502 4192 1770 4262; x_wconf 89' lang='lat' dir='ltr'><strong>Alioquin</strong></span> <span class='ocrx_word' id='word_1_595' title='bbox 1824 4195 2115 4262; x_wconf 90' lang='lat' dir='ltr'><strong>quomodo</strong></span> 
     </span>
    </p>
   </div>
   <div class='ocr_carea' id='block_1_78' title="bbox 474 4276 2116 4349">
    <p class='ocr_par' dir='ltr' id='par_1_78' title="bbox 474 4276 2116 4349">
     <span class='ocr_line' id='line_1_78' title="bbox 474 4276 2116 4349; baseline 0.005 -22"><span class='ocrx_word' id='word_1_596' title='bbox 474 4277 596 4329; x_wconf 83' lang='lat' dir='ltr'><strong>ﬁeri</strong></span> <span class='ocrx_word' id='word_1_597' title='bbox 647 4276 844 4345; x_wconf 89' lang='lat' dir='ltr'><strong>possit,</strong></span> <span class='ocrx_word' id='word_1_598' title='bbox 880 4282 942 4331; x_wconf 90' lang='lat' dir='ltr'><strong>ut</strong></span> <span class='ocrx_word' id='word_1_599' title='bbox 972 4278 1073 4349; x_wconf 89' lang='lat' dir='ltr'><strong>qui</strong></span> <span class='ocrx_word' id='word_1_600' title='bbox 1126 4280 1385 4349; x_wconf 84' lang='lat' dir='ltr'><strong>cognorit</strong></span> <span class='ocrx_word' id='word_1_601' title='bbox 1418 4280 1524 4334; x_wconf 88' lang='lat' dir='ltr'><strong>hoc</strong></span> <span class='ocrx_word' id='word_1_602' title='bbox 1556 4297 1683 4335; x_wconf 85' lang='lat' dir='ltr'><strong>esse</strong></span> <span class='ocrx_word' id='word_1_603' title='bbox 1715 4298 1935 4349; x_wconf 88' lang='lat' dir='ltr'><strong>verum,</strong></span> <span class='ocrx_word' id='word_1_604' title='bbox 1971 4281 2116 4336; x_wconf 89' lang='lat' dir='ltr'><strong>illud</strong></span> 
     </span>
    </p>
   </div>
   <div class='ocr_carea' id='block_1_79' title="bbox 471 4361 2113 4441">
    <p class='ocr_par' dir='ltr' id='par_1_79' title="bbox 471 4361 2113 4441">
     <span class='ocr_line' id='line_1_79' title="bbox 471 4361 2113 4441; baseline 0.006 -26"><span class='ocrx_word' id='word_1_605' title='bbox 471 4361 702 4432; x_wconf 84' lang='lat' dir='ltr'><strong>falsum,</strong></span> <span class='ocrx_word' id='word_1_606' title='bbox 766 4366 952 4419; x_wconf 85' lang='lat' dir='ltr'><strong>adhuc</strong></span> <span class='ocrx_word' id='word_1_607' title='bbox 1002 4367 1251 4433; x_wconf 86' lang='lat' dir='ltr'><strong>dubitet,</strong></span> <span class='ocrx_word' id='word_1_608' title='bbox 1313 4373 1488 4438; x_wconf 91' lang='lat' dir='ltr'><strong>atque</strong></span> <span class='ocrx_word' id='word_1_609' title='bbox 1548 4370 1835 4441; x_wconf 84' lang='lat' dir='ltr'><strong>ambigat:</strong></span> <span class='ocrx_word' id='word_1_610' title='bbox 1889 4380 1939 4425; x_wconf 90' lang='lat' dir='ltr'><strong>et</strong></span> <span class='ocrx_word' id='word_1_611' title='bbox 2000 4389 2113 4425; x_wconf 89' lang='lat' dir='ltr'><strong>non</strong></span> 
     </span>
    </p>
   </div>
   <div class='ocr_carea' id='block_1_80' title="bbox 474 4453 2123 4528">
    <p class='ocr_par' dir='ltr' id='par_1_80' title="bbox 474 4453 2123 4528">
     <span class='ocr_line' id='line_1_80' title="bbox 474 4453 2123 4528; baseline 0.005 -23"><span class='ocrx_word' id='word_1_612' title='bbox 474 4455 633 4507; x_wconf 90' lang='lat' dir='ltr'><strong>certo</strong></span> <span class='ocrx_word' id='word_1_613' title='bbox 658 4453 819 4523; x_wconf 85' lang='lat' dir='ltr'><strong>prius</strong></span> <span class='ocrx_word' id='word_1_614' title='bbox 846 4455 989 4509; x_wconf 82' lang='lat' dir='ltr'><strong>illud</strong></span> <span class='ocrx_word' id='word_1_615' title='bbox 1016 4455 1423 4526; x_wconf 87' lang='lat' dir='ltr'><strong>amplectatur,</strong></span> <span class='ocrx_word' id='word_1_616' title='bbox 1447 4458 1809 4528; x_wconf 83' lang='lat' dir='ltr'><strong>alterumque</strong></span> <span class='ocrx_word' id='word_1_617' title='bbox 1828 4461 2123 4515; x_wconf 87' lang='lat' dir='ltr'><strong>declinet?</strong></span> 
     </span>
    </p>
   </div>
   <div class='ocr_carea' id='block_1_81' title="bbox 473 4538 2118 4613">
    <p class='ocr_par' dir='ltr' id='par_1_81' title="bbox 473 4538 2118 4613">
     <span class='ocr_line' id='line_1_81' title="bbox 473 4538 2118 4613; baseline 0.005 -21"><span class='ocrx_word' id='word_1_618' title='bbox 473 4538 619 4594; x_wconf 90' lang='lat' dir='ltr'><strong>Nam</strong></span> <span class='ocrx_word' id='word_1_619' title='bbox 652 4541 701 4595; x_wconf 90' lang='lat' dir='ltr'><strong>si</strong></span> <span class='ocrx_word' id='word_1_620' title='bbox 735 4540 1033 4610; x_wconf 81' lang='lat' dir='ltr'><strong>ignoratur</strong></span> <span class='ocrx_word' id='word_1_621' title='bbox 1064 4543 1171 4598; x_wconf 87' lang='lat' dir='ltr'><strong>hoc</strong></span> <span class='ocrx_word' id='word_1_622' title='bbox 1195 4544 1410 4598; x_wconf 90' lang='lat' dir='ltr'><strong>bonum</strong></span> <span class='ocrx_word' id='word_1_623' title='bbox 1444 4560 1591 4613; x_wconf 88' lang='lat' dir='ltr'><strong>esse,</strong></span> <span class='ocrx_word' id='word_1_624' title='bbox 1616 4551 1717 4600; x_wconf 90' lang='lat' dir='ltr'><strong>aut</strong></span> <span class='ocrx_word' id='word_1_625' title='bbox 1745 4546 1962 4601; x_wconf 86' lang='lat' dir='ltr'><strong>malum</strong></span> <span class='ocrx_word' id='word_1_626' title='bbox 1990 4564 2001 4602; x_wconf 92' lang='lat'><strong>:</strong></span> <span class='ocrx_word' id='word_1_627' title='bbox 2032 4549 2118 4603; x_wconf 80' lang='lat' dir='ltr'><strong>vel</strong></span> 
     </span>
    </p>
   </div>
   <div class='ocr_carea' id='block_1_82' title="bbox 474 4627 2120 4705">
    <p class='ocr_par' dir='ltr' id='par_1_82' title="bbox 474 4627 2120 4705">
     <span class='ocr_line' id='line_1_82' title="bbox 474 4627 2120 4705; baseline 0.006 -22"><span class='ocrx_word' id='word_1_628' title='bbox 474 4627 581 4685; x_wconf 90' lang='lat' dir='ltr'><strong>hoc</strong></span> <span class='ocrx_word' id='word_1_629' title='bbox 640 4646 865 4698; x_wconf 89' lang='lat' dir='ltr'><strong>verum,</strong></span> <span class='ocrx_word' id='word_1_630' title='bbox 901 4631 1040 4687; x_wconf 89' lang='lat' dir='ltr'><strong>illud</strong></span> <span class='ocrx_word' id='word_1_631' title='bbox 1099 4634 1348 4690; x_wconf 85' lang='lat' dir='ltr'><strong>falsum:</strong></span> <span class='ocrx_word' id='word_1_632' title='bbox 1386 4641 1443 4689; x_wconf 92' lang='lat' dir='ltr'><strong>et</strong></span> <span class='ocrx_word' id='word_1_633' title='bbox 1493 4636 1599 4691; x_wconf 89' lang='lat' dir='ltr'><strong>hoc</strong></span> <span class='ocrx_word' id='word_1_634' title='bbox 1650 4638 1944 4705; x_wconf 82' lang='lat' dir='ltr'><strong>exsistere,</strong></span> <span class='ocrx_word' id='word_1_635' title='bbox 1979 4639 2120 4693; x_wconf 93' lang='lat' dir='ltr'><strong>illud</strong></span> 
     </span>
    </p>
   </div>
   <div class='ocr_carea' id='block_1_83' title="bbox 474 4720 2125 4796">
    <p class='ocr_par' dir='ltr' id='par_1_83' title="bbox 474 4720 2125 4796">
     <span class='ocr_line' id='line_1_83' title="bbox 474 4720 2125 4796; baseline 0.005 -21"><span class='ocrx_word' id='word_1_636' title='bbox 474 4737 605 4777; x_wconf 88' lang='lat' dir='ltr'><strong>vero</strong></span> <span class='ocrx_word' id='word_1_637' title='bbox 625 4720 897 4777; x_wconf 88' lang='lat' dir='ltr'><strong>minime:</strong></span> <span class='ocrx_word' id='word_1_638' title='bbox 924 4725 1478 4780; x_wconf 80' lang='lat' dir='ltr'><strong>omninofatendum</strong></span> <span class='ocrx_word' id='word_1_639' title='bbox 1500 4726 1703 4781; x_wconf 88' lang='lat' dir='ltr'><strong>borum</strong></span> <span class='ocrx_word' id='word_1_640' title='bbox 1728 4728 1956 4796; x_wconf 83' lang='lat' dir='ltr'><strong>singula</strong></span> <span class='ocrx_word' id='word_1_641' title='bbox 1973 4745 2125 4784; x_wconf 85' lang='lat' dir='ltr'><strong>com-</strong></span> 
     </span>
    </p>
   </div>
   <div class='ocr_carea' id='block_1_84' title="bbox 475 4813 2121 4885">
    <p class='ocr_par' dir='ltr' id='par_1_84' title="bbox 475 4813 2121 4885">
     <span class='ocr_line' id='line_1_84' title="bbox 475 4813 2121 4885; baseline 0.004 -17"><span class='ocrx_word' id='word_1_642' title='bbox 475 4813 759 4883; x_wconf 89' lang='lat' dir='ltr'><strong>prehendi</strong></span> <span class='ocrx_word' id='word_1_643' title='bbox 792 4830 906 4868; x_wconf 91' lang='lat' dir='ltr'><strong>non</strong></span> <span class='ocrx_word' id='word_1_644' title='bbox 940 4830 1113 4885; x_wconf 89' lang='lat' dir='ltr'><strong>posse</strong></span> <span class='ocrx_word' id='word_1_645' title='bbox 1147 4833 1159 4882; x_wconf 88' lang='lat'>;</span> <span class='ocrx_word' id='word_1_646' title='bbox 1193 4817 1281 4870; x_wconf 91' lang='lat' dir='ltr'><strong>sin</strong></span> <span class='ocrx_word' id='word_1_647' title='bbox 1332 4818 1626 4872; x_wconf 86' lang='lat' dir='ltr'><strong>evidenter</strong></span> <span class='ocrx_word' id='word_1_648' title='bbox 1678 4834 1853 4873; x_wconf 87' lang='lat' dir='ltr'><strong>sensu</strong></span> <span class='ocrx_word' id='word_1_649' title='bbox 1898 4820 1985 4874; x_wconf 92' lang='lat' dir='ltr'><strong>vel</strong></span> <span class='ocrx_word' id='word_1_650' title='bbox 2031 4820 2121 4875; x_wconf 90' lang='lat' dir='ltr'><strong>in-</strong></span> 
     </span>
    </p>
   </div>
   <div class='ocr_carea' id='block_1_85' title="bbox 474 4903 2125 4979">
    <p class='ocr_par' dir='ltr' id='par_1_85' title="bbox 474 4903 2125 4979">
     <span class='ocr_line' id='line_1_85' title="bbox 474 4903 2125 4979; baseline 0.005 -23"><span class='ocrx_word' id='word_1_651' title='bbox 474 4903 802 4975; x_wconf 85' lang='lat' dir='ltr'><strong>telligentia</strong></span> <span class='ocrx_word' id='word_1_652' title='bbox 833 4903 1040 4959; x_wconf 88' lang='lat' dir='ltr'><strong>horum</strong></span> <span class='ocrx_word' id='word_1_653' title='bbox 1073 4906 1331 4976; x_wconf 90' lang='lat' dir='ltr'><strong>quidque</strong></span> <span class='ocrx_word' id='word_1_654' title='bbox 1356 4908 1723 4977; x_wconf 87' lang='lat' dir='ltr'><strong>percipiatur,</strong></span> <span class='ocrx_word' id='word_1_655' title='bbox 1749 4909 2125 4979; x_wconf 88' lang='lat' dir='ltr'><strong>comprehen-</strong></span> 
     </span>
    </p>
   </div>
   <div class='ocr_carea' id='block_1_86' title="bbox 476 4993 2124 5067">
    <p class='ocr_par' dir='ltr' id='par_1_86' title="bbox 476 4993 2124 5067">
     <span class='ocr_line' id='line_1_86' title="bbox 476 4993 2124 5067; baseline 0.005 -20"><span class='ocrx_word' id='word_1_656' title='bbox 476 4993 783 5064; x_wconf 82' lang='lat' dir='ltr'><strong>sibitejam</strong></span> <span class='ocrx_word' id='word_1_657' title='bbox 811 4994 1015 5051; x_wconf 89' lang='lat' dir='ltr'><strong>horum</strong></span> <span class='ocrx_word' id='word_1_658' title='bbox 1042 5012 1168 5052; x_wconf 89' lang='lat' dir='ltr'><strong>esse</strong></span> <span class='ocrx_word' id='word_1_659' title='bbox 1192 4997 1489 5067; x_wconf 87' lang='lat' dir='ltr'><strong>quodlibet</strong></span> <span class='ocrx_word' id='word_1_660' title='bbox 1513 4996 1823 5052; x_wconf 88' lang='lat' dir='ltr'><strong>dicendum</strong></span> <span class='ocrx_word' id='word_1_661' title='bbox 1844 5004 1951 5053; x_wconf 87' lang='lat' dir='ltr'><strong>est.</strong></span> <span class='ocrx_word' id='word_1_662' title='bbox 1978 5001 2124 5067; x_wconf 68' lang='lat' dir='ltr'><strong>Haec,</strong></span> 
     </span>
    </p>
   </div>
   <div class='ocr_carea' id='block_1_87' title="bbox 478 5082 2129 5156">
    <p class='ocr_par' dir='ltr' id='par_1_87' title="bbox 478 5082 2129 5156">
     <span class='ocr_line' id='line_1_87' title="bbox 478 5082 2129 5156; baseline 0.005 -21"><span class='ocrx_word' id='word_1_663' title='bbox 478 5082 708 5154; x_wconf 88' lang='lat' dir='ltr'><strong>aliaque</strong></span> <span class='ocrx_word' id='word_1_664' title='bbox 742 5083 791 5136; x_wconf 86' lang='lat' dir='ltr'><strong>id</strong></span> <span class='ocrx_word' id='word_1_665' title='bbox 827 5100 1034 5155; x_wconf 90' lang='lat' dir='ltr'><strong>genus,</strong></span> <span class='ocrx_word' id='word_1_666' title='bbox 1069 5085 1140 5139; x_wconf 88' lang='lat' dir='ltr'><strong>ab</strong></span> <span class='ocrx_word' id='word_1_667' title='bbox 1173 5086 1299 5156; x_wconf 88' lang='lat' dir='ltr'><strong>ipso</strong></span> <span class='ocrx_word' id='word_1_668' title='bbox 1333 5102 1461 5141; x_wconf 89' lang='lat' dir='ltr'><strong>mox</strong></span> <span class='ocrx_word' id='word_1_669' title='bbox 1497 5086 1775 5142; x_wconf 87' lang='lat' dir='ltr'><strong>librorum</strong></span> <span class='ocrx_word' id='word_1_670' title='bbox 1817 5088 1981 5143; x_wconf 88' lang='lat' dir='ltr'><strong>initio</strong></span> <span class='ocrx_word' id='word_1_671' title='bbox 2012 5091 2129 5144; x_wconf 88' lang='lat' dir='ltr'><strong>dis-</strong></span> 
     </span>
    </p>
   </div>
   <div class='ocr_carea' id='block_1_88' title="bbox 479 5174 2125 5249">
    <p class='ocr_par' dir='ltr' id='par_1_88' title="bbox 479 5174 2125 5249">
     <span class='ocr_line' id='line_1_88' title="bbox 479 5174 2125 5249; baseline 0.007 -26"><span class='ocrx_word' id='word_1_672' title='bbox 479 5174 697 5227; x_wconf 87' lang='lat' dir='ltr'><strong>crimen</strong></span> <span class='ocrx_word' id='word_1_673' title='bbox 732 5175 1088 5244; x_wconf 79' lang='lat' dir='ltr'><strong>Pyrrhonios</strong></span> <span class='ocrx_word' id='word_1_674' title='bbox 1120 5176 1272 5230; x_wconf 91' lang='lat' dir='ltr'><strong>inter</strong></span> <span class='ocrx_word' id='word_1_675' title='bbox 1302 5180 1359 5231; x_wconf 92' lang='lat' dir='ltr'><strong>et</strong></span> <span class='ocrx_word' id='word_1_676' title='bbox 1387 5177 1762 5232; x_wconf 83' lang='lat' dir='ltr'><strong>Academicos</strong></span> <span class='ocrx_word' id='word_1_677' title='bbox 1794 5180 2125 5249; x_wconf 86' lang='lat' dir='ltr'><strong>ostendens,</strong></span> 
     </span>
    </p>
   </div>
   <div class='ocr_carea' id='block_1_89' title="bbox 478 5256 2125 5341">
    <p class='ocr_par' dir='ltr' id='par_1_89' title="bbox 478 5256 2125 5341">
     <span class='ocr_line' id='line_1_89' title="bbox 478 5256 2125 5341; baseline 0.008 -29"><span class='ocrx_word' id='word_1_678' title='bbox 478 5256 572 5314; x_wconf 87' lang='lat' dir='ltr'><strong>hic</strong></span> <span class='ocrx_word' id='word_1_679' title='bbox 587 5262 1205 5335; x_wconf 62' lang='lat' dir='ltr'><strong>zEnesidemuergeus</strong></span> <span class='ocrx_word' id='word_1_680' title='bbox 1218 5268 1935 5337; x_wconf 80' lang='lat' dir='ltr'><strong>pertractat,universuml</strong></span> <span class='ocrx_word' id='word_1_681' title='bbox 1954 5270 2125 5341; x_wconf 73' lang='lat'><strong>10(1))</strong></span> 
     </span>
    </p>
   </div>
   <div class='ocr_carea' id='block_1_90' title="bbox 2223 3203 3871 3282">
    <p class='ocr_par' dir='ltr' id='par_1_90' title="bbox 2223 3203 3871 3282">
     <span class='ocr_line' id='line_1_90' title="bbox 2223 3203 3871 3282; baseline 0.002 -24"><span class='ocrx_word' id='word_1_682' title='bbox 2223 3210 2437 3280; x_wconf 77' lang='grc' dir='ltr'>ροῦντες</span> <span class='ocrx_word' id='word_1_683' title='bbox 2480 3206 2541 3260; x_wconf 86' lang='grc' dir='ltr'><strong>τό</strong></span> <span class='ocrx_word' id='word_1_684' title='bbox 2592 3226 2647 3259; x_wconf 88' lang='grc' dir='ltr'><strong>τε</strong></span> <span class='ocrx_word' id='word_1_685' title='bbox 2700 3207 2993 3282; x_wconf 86' lang='grc' dir='ltr'>σύστοιχον</span> <span class='ocrx_word' id='word_1_686' title='bbox 3036 3203 3356 3281; x_wconf 78' lang='grc' dir='ltr'>διατηροῦσι</span> <span class='ocrx_word' id='word_1_687' title='bbox 3400 3205 3488 3260; x_wconf 84' lang='grc' dir='ltr'><strong>γαὶ</strong></span> <span class='ocrx_word' id='word_1_688' title='bbox 3538 3206 3755 3267; x_wconf 76' lang='grc' dir='ltr'>ἑαυτοῖς</span> <span class='ocrx_word' id='word_1_689' title='bbox 3808 3206 3871 3261; x_wconf 73' lang='grc' dir='ltr'>οὗ</span> 
     </span>
    </p>
   </div>
   <div class='ocr_carea' id='block_1_91' title="bbox 2224 3293 3871 3370">
    <p class='ocr_par' dir='ltr' id='par_1_91' title="bbox 2224 3293 3871 3370">
     <span class='ocr_line' id='line_1_91' title="bbox 2224 3293 3871 3370; baseline 0.002 -22"><span class='ocrx_word' id='word_1_690' title='bbox 2224 3297 2517 3369; x_wconf 76' lang='grc' dir='ltr'>μάχονται,</span> <span class='ocrx_word' id='word_1_691' title='bbox 2574 3296 2625 3350; x_wconf 74' lang='grc' dir='ltr'>οἱ</span> <span class='ocrx_word' id='word_1_692' title='bbox 2675 3293 2731 3349; x_wconf 76' lang='grc' dir='ltr'>δὲ</span> <span class='ocrx_word' id='word_1_693' title='bbox 2788 3295 3122 3370; x_wconf 72' lang='grc' dir='ltr'>μαχομένοις</span> <span class='ocrx_word' id='word_1_694' title='bbox 3151 3299 3193 3333; x_wconf 80' lang='grc'><strong>⁹⁰</strong></span> <span class='ocrx_word' id='word_1_695' title='bbox 3224 3297 3434 3357; x_wconf 75' lang='grc' dir='ltr'>ἑαυτοῖς</span> <span class='ocrx_word' id='word_1_696' title='bbox 3483 3295 3543 3351; x_wconf 77' lang='grc' dir='ltr'>οὗ</span> <span class='ocrx_word' id='word_1_697' title='bbox 3598 3296 3871 3353; x_wconf 75' lang='grc' dir='ltr'>συνίσασι·</span> 
     </span>
    </p>
   </div>
   <div class='ocr_carea' id='block_1_92' title="bbox 2221 3384 3878 3463">
    <p class='ocr_par' dir='ltr' id='par_1_92' title="bbox 2221 3384 3878 3463">
     <span class='ocr_line' id='line_1_92' title="bbox 2221 3384 3878 3463; baseline 0.004 -25"><span class='ocrx_word' id='word_1_698' title='bbox 2221 3385 2282 3438; x_wconf 82' lang='grc' dir='ltr'>τὸ</span> <span class='ocrx_word' id='word_1_699' title='bbox 2313 3386 2411 3459; x_wconf 71' lang='grc' dir='ltr'><strong>γάρ</strong></span> <span class='ocrx_word' id='word_1_700' title='bbox 2448 3387 2558 3457; x_wconf 79' lang='grc' dir='ltr'>ἅμα</span> <span class='ocrx_word' id='word_1_701' title='bbox 2600 3387 2798 3439; x_wconf 75' lang='grc' dir='ltr'>τιθέναι</span> <span class='ocrx_word' id='word_1_702' title='bbox 2837 3407 2886 3440; x_wconf 92' lang='grc' dir='ltr'>τι</span> <span class='ocrx_word' id='word_1_703' title='bbox 2936 3389 3025 3441; x_wconf 80' lang='grc' dir='ltr'><strong>καὶ</strong></span> <span class='ocrx_word' id='word_1_704' title='bbox 3074 3386 3246 3462; x_wconf 62' lang='grc' dir='ltr'>αἴρειν</span> <span class='ocrx_word' id='word_1_705' title='bbox 3293 3384 3716 3463; x_wconf 75' lang='grc' dir='ltr'>ἀναμφιϐόλως,</span> <span class='ocrx_word' id='word_1_706' title='bbox 3762 3390 3878 3461; x_wconf 68' lang='grc' dir='ltr'>ἅμα</span> 
     </span>
    </p>
   </div>
   <div class='ocr_carea' id='block_1_93' title="bbox 2221 3476 3877 3554">
    <p class='ocr_par' dir='ltr' id='par_1_93' title="bbox 2221 3476 3877 3554">
     <span class='ocr_line' id='line_1_93' title="bbox 2221 3476 3877 3554; baseline 0.002 -25"><span class='ocrx_word' id='word_1_707' title='bbox 2221 3497 2277 3530; x_wconf 86' lang='grc' dir='ltr'><strong>τε</strong></span> <span class='ocrx_word' id='word_1_708' title='bbox 2308 3476 2466 3551; x_wconf 81' lang='grc' dir='ltr'>φάναι</span> <span class='ocrx_word' id='word_1_709' title='bbox 2507 3481 2706 3538; x_wconf 82' lang='grc' dir='ltr'>κοινῶς</span> <span class='ocrx_word' id='word_1_710' title='bbox 2740 3478 3003 3553; x_wconf 75' lang='grc' dir='ltr'>ὑπάρχειν</span> <span class='ocrx_word' id='word_1_711' title='bbox 3038 3482 3076 3515; x_wconf 81' lang='grc'><strong>⁰¹</strong></span> <span class='ocrx_word' id='word_1_712' title='bbox 3110 3477 3456 3550; x_wconf 78' lang='grc' dir='ltr'>καταληπτά,</span> <span class='ocrx_word' id='word_1_713' title='bbox 3501 3480 3692 3554; x_wconf 77' lang='grc' dir='ltr'>μάχην</span> <span class='ocrx_word' id='word_1_714' title='bbox 3732 3482 3877 3551; x_wconf 75' lang='grc' dir='ltr'><strong>ὁμο⁶</strong></span> 
     </span>
    </p>
   </div>
   <div class='ocr_carea' id='block_1_94' title="bbox 2224 3564 3879 3643">
    <p class='ocr_par' dir='ltr' id='par_1_94' title="bbox 2224 3564 3879 3643">
     <span class='ocr_line' id='line_1_94' title="bbox 2224 3564 3879 3643; baseline 0.002 -24"><span class='ocrx_word' id='word_1_715' title='bbox 2224 3564 2564 3640; x_wconf 81' lang='grc' dir='ltr'>λυγουμὲνην</span> <span class='ocrx_word' id='word_1_716' title='bbox 2619 3566 2841 3641; x_wconf 80' lang='grc' dir='ltr'>εἰσάγει,</span> <span class='ocrx_word' id='word_1_717' title='bbox 2902 3566 3016 3621; x_wconf 75' lang='grc' dir='ltr'>ἐπεὶ</span> <span class='ocrx_word' id='word_1_718' title='bbox 3072 3572 3187 3629; x_wconf 84' lang='grc' dir='ltr'><strong>πῶς</strong></span> <span class='ocrx_word' id='word_1_719' title='bbox 3248 3569 3366 3622; x_wconf 82' lang='grc' dir='ltr'>οἶόν</span> <span class='ocrx_word' id='word_1_720' title='bbox 3419 3589 3477 3623; x_wconf 78' lang='grc' dir='ltr'><strong>τε</strong></span> <span class='ocrx_word' id='word_1_721' title='bbox 3534 3569 3879 3643; x_wconf 76' lang='grc' dir='ltr'>γινώσκοντα</span> 
     </span>
    </p>
   </div>
   <div class='ocr_carea' id='block_1_95' title="bbox 2223 3654 3877 3732">
    <p class='ocr_par' dir='ltr' id='par_1_95' title="bbox 2223 3654 3877 3732">
     <span class='ocr_line' id='line_1_95' title="bbox 2223 3654 3877 3732; baseline 0.001 -22"><span class='ocrx_word' id='word_1_722' title='bbox 2223 3654 2347 3710; x_wconf 78' lang='grc' dir='ltr'>τόδε</span> <span class='ocrx_word' id='word_1_723' title='bbox 2381 3658 2475 3728; x_wconf 75' lang='grc' dir='ltr'><strong>μὲν</strong></span> <span class='ocrx_word' id='word_1_724' title='bbox 2511 3657 2638 3710; x_wconf 73' lang='grc' dir='ltr'>εἶναι</span> <span class='ocrx_word' id='word_1_725' title='bbox 2691 3656 2890 3727; x_wconf 75' lang='grc' dir='ltr'>ἀληθὲς</span> <span class='ocrx_word' id='word_1_726' title='bbox 2941 3654 3063 3711; x_wconf 86' lang='grc' dir='ltr'>τόδε</span> <span class='ocrx_word' id='word_1_727' title='bbox 3114 3656 3169 3713; x_wconf 74' lang='grc' dir='ltr'>δὲ</span> <span class='ocrx_word' id='word_1_728' title='bbox 3219 3656 3413 3732; x_wconf 73' lang='grc' dir='ltr'>ψεῦδος</span> <span class='ocrx_word' id='word_1_729' title='bbox 3463 3656 3542 3712; x_wconf 80' lang='grc' dir='ltr'>ἔτι</span> <span class='ocrx_word' id='word_1_730' title='bbox 3593 3656 3877 3731; x_wconf 75' lang='grc' dir='ltr'>διαπορεῖν</span> 
     </span>
    </p>
   </div>
   <div class='ocr_carea' id='block_1_96' title="bbox 2223 3743 3876 3822">
    <p class='ocr_par' dir='ltr' id='par_1_96' title="bbox 2223 3743 3876 3822">
     <span class='ocr_line' id='line_1_96' title="bbox 2223 3743 3876 3822; baseline 0.001 -23"><span class='ocrx_word' id='word_1_731' title='bbox 2223 3746 2311 3799; x_wconf 79' lang='grc' dir='ltr'><strong>καὶ</strong></span> <span class='ocrx_word' id='word_1_732' title='bbox 2345 3743 2615 3814; x_wconf 84' lang='grc' dir='ltr'>διστάσαι,</span> <span class='ocrx_word' id='word_1_733' title='bbox 2646 3746 2736 3799; x_wconf 88' lang='grc' dir='ltr'><strong>καὶ</strong></span> <span class='ocrx_word' id='word_1_734' title='bbox 2769 3746 2830 3799; x_wconf 78' lang='grc' dir='ltr'><strong>οὐ</strong></span> <span class='ocrx_word' id='word_1_735' title='bbox 2864 3751 3046 3822; x_wconf 91' lang='grc' dir='ltr'>σαφῶς</span> <span class='ocrx_word' id='word_1_736' title='bbox 3075 3747 3137 3801; x_wconf 90' lang='grc' dir='ltr'>τὸ</span> <span class='ocrx_word' id='word_1_737' title='bbox 3172 3748 3265 3819; x_wconf 76' lang='grc' dir='ltr'><strong>μὲν</strong></span> <span class='ocrx_word' id='word_1_738' title='bbox 3296 3747 3510 3802; x_wconf 74' lang='grc' dir='ltr'>ἑλέσθαι</span> <span class='ocrx_word' id='word_1_739' title='bbox 3544 3748 3605 3801; x_wconf 86' lang='grc' dir='ltr'>τὸ</span> <span class='ocrx_word' id='word_1_740' title='bbox 3632 3744 3687 3800; x_wconf 78' lang='grc' dir='ltr'><strong>δὲ</strong></span> <span class='ocrx_word' id='word_1_741' title='bbox 3718 3768 3876 3819; x_wconf 81' lang='grc' dir='ltr'>περι-</span> 
     </span>
    </p>
   </div>
   <div class='ocr_carea' id='block_1_97' title="bbox 2223 3834 3877 3909">
    <p class='ocr_par' dir='ltr' id='par_1_97' title="bbox 2223 3834 3877 3909">
     <span class='ocr_line' id='line_1_97' title="bbox 2223 3834 3877 3909; baseline -0.01 -3"><span class='ocrx_word' id='word_1_742' title='bbox 2223 3842 2412 3904; x_wconf 66' lang='grc' dir='ltr'>στῆναι</span> <span class='ocrx_word' id='word_1_743' title='bbox 2441 3854 2453 3903; x_wconf 66' lang='grc' dir='ltr'><strong>ἓ</strong></span> <span class='ocrx_word' id='word_1_744' title='bbox 2486 3836 2527 3888; x_wconf 77' lang='grc' dir='ltr'><strong>εἶ</strong></span> <span class='ocrx_word' id='word_1_745' title='bbox 2567 3835 2660 3908; x_wconf 71' lang='grc' dir='ltr'>μὲν</span> <span class='ocrx_word' id='word_1_746' title='bbox 2694 3836 2797 3909; x_wconf 75' lang='grc' dir='ltr'><strong>γὰρ</strong></span> <span class='ocrx_word' id='word_1_747' title='bbox 2839 3838 2883 3872; x_wconf 76' lang='grc'><strong>⁸³</strong></span> <span class='ocrx_word' id='word_1_748' title='bbox 2931 3836 3200 3909; x_wconf 83' lang='grc' dir='ltr'>ἀγνοεῖται</span> <span class='ocrx_word' id='word_1_749' title='bbox 3246 3835 3332 3890; x_wconf 79' lang='grc' dir='ltr'>ὅτι</span> <span class='ocrx_word' id='word_1_750' title='bbox 3380 3834 3505 3890; x_wconf 83' lang='grc' dir='ltr'>τόδε</span> <span class='ocrx_word' id='word_1_751' title='bbox 3553 3835 3688 3890; x_wconf 78' lang='grc' dir='ltr'>ἐστὶν</span> <span class='ocrx_word' id='word_1_752' title='bbox 3739 3836 3877 3909; x_wconf 83' lang='grc' dir='ltr'>ἀγα-</span> 
     </span>
    </p>
   </div>
   <div class='ocr_carea' id='block_1_98' title="bbox 2224 3922 3875 3999">
    <p class='ocr_par' dir='ltr' id='par_1_98' title="bbox 2224 3922 3875 3999">
     <span class='ocr_line' id='line_1_98' title="bbox 2224 3922 3875 3999; baseline 0.001 -21"><span class='ocrx_word' id='word_1_753' title='bbox 2224 3927 2314 3978; x_wconf 84' lang='grc' dir='ltr'><strong>θὸν</strong></span> <span class='ocrx_word' id='word_1_754' title='bbox 2348 3925 2381 3993; x_wconf 76' lang='grc' dir='ltr'>ἢ</span> <span class='ocrx_word' id='word_1_755' title='bbox 2416 3926 2601 3991; x_wconf 80' lang='grc' dir='ltr'>κακὸν,</span> <span class='ocrx_word' id='word_1_756' title='bbox 2636 3924 2669 3998; x_wconf 70' lang='grc' dir='ltr'>ᾗ</span> <span class='ocrx_word' id='word_1_757' title='bbox 2702 3922 2825 3978; x_wconf 86' lang='grc' dir='ltr'>τόδε</span> <span class='ocrx_word' id='word_1_758' title='bbox 2860 3926 2955 3997; x_wconf 71' lang='grc' dir='ltr'>μὲν</span> <span class='ocrx_word' id='word_1_759' title='bbox 3003 3924 3201 3996; x_wconf 68' lang='grc' dir='ltr'>ἀληθὲς</span> <span class='ocrx_word' id='word_1_760' title='bbox 3242 3922 3367 3980; x_wconf 68' lang='grc' dir='ltr'>τόδε</span> <span class='ocrx_word' id='word_1_761' title='bbox 3414 3923 3469 3979; x_wconf 75' lang='grc' dir='ltr'>δὲ</span> <span class='ocrx_word' id='word_1_762' title='bbox 3519 3922 3738 3999; x_wconf 74' lang='grc' dir='ltr'>ψεῦδος,</span> <span class='ocrx_word' id='word_1_763' title='bbox 3781 3927 3875 3980; x_wconf 75' lang='grc' dir='ltr'><strong>καὶ</strong></span> 
     </span>
    </p>
   </div>
   <div class='ocr_carea' id='block_1_99' title="bbox 2223 4012 3872 4089">
    <p class='ocr_par' dir='ltr' id='par_1_99' title="bbox 2223 4012 3872 4089">
     <span class='ocr_line' id='line_1_99' title="bbox 2223 4012 3872 4089; baseline 0.001 -21"><span class='ocrx_word' id='word_1_764' title='bbox 2223 4012 2346 4068; x_wconf 88' lang='grc' dir='ltr'>τόδε</span> <span class='ocrx_word' id='word_1_765' title='bbox 2389 4016 2481 4085; x_wconf 71' lang='grc' dir='ltr'><strong>μὲν</strong></span> <span class='ocrx_word' id='word_1_766' title='bbox 2514 4013 2569 4067; x_wconf 79' lang='grc' dir='ltr'>ὂν</span> <span class='ocrx_word' id='word_1_767' title='bbox 2603 4012 2727 4069; x_wconf 81' lang='grc' dir='ltr'>τόδε</span> <span class='ocrx_word' id='word_1_768' title='bbox 2758 4012 2815 4069; x_wconf 70' lang='grc' dir='ltr'>δὲ</span> <span class='ocrx_word' id='word_1_769' title='bbox 2846 4016 2920 4088; x_wconf 81' lang='grc' dir='ltr'>μὴ</span> <span class='ocrx_word' id='word_1_770' title='bbox 2954 4014 3032 4087; x_wconf 78' lang='grc' dir='ltr'><strong>ὃν,</strong></span> <span class='ocrx_word' id='word_1_771' title='bbox 3065 4018 3280 4077; x_wconf 85' lang='grc' dir='ltr'>πάντως</span> <span class='ocrx_word' id='word_1_772' title='bbox 3322 4015 3704 4089; x_wconf 77' lang='grc' dir='ltr'>ὁμολογητέον</span> <span class='ocrx_word' id='word_1_773' title='bbox 3745 4013 3872 4070; x_wconf 70' lang='grc' dir='ltr'>ἕκα-</span> 
     </span>
    </p>
   </div>
   <div class='ocr_carea' id='block_1_100' title="bbox 2226 4102 3874 4179">
    <p class='ocr_par' dir='ltr' id='par_1_100' title="bbox 2226 4102 3874 4179">
     <span class='ocr_line' id='line_1_100' title="bbox 2226 4102 3874 4179; baseline 0.001 -20"><span class='ocrx_word' id='word_1_774' title='bbox 2226 4125 2346 4159; x_wconf 90' lang='grc' dir='ltr'>στον</span> <span class='ocrx_word' id='word_1_775' title='bbox 2376 4103 2760 4174; x_wconf 82' lang='grc' dir='ltr'>ἀκατάληπτον</span> <span class='ocrx_word' id='word_1_776' title='bbox 2791 4105 2943 4158; x_wconf 73' lang='grc' dir='ltr'>εἶναι’</span> <span class='ocrx_word' id='word_1_777' title='bbox 2988 4108 3118 4177; x_wconf 83' lang='grc'><strong>[545</strong></span> <span class='ocrx_word' id='word_1_778' title='bbox 3148 4107 3241 4178; x_wconf 79' lang='lat' dir='ltr'><strong>R.]</strong></span> <span class='ocrx_word' id='word_1_779' title='bbox 3293 4104 3341 4159; x_wconf 74' lang='grc' dir='ltr'>εἴ</span> <span class='ocrx_word' id='word_1_780' title='bbox 3371 4102 3417 4159; x_wconf 84' lang='grc' dir='ltr'>δ’</span> <span class='ocrx_word' id='word_1_781' title='bbox 3468 4104 3711 4179; x_wconf 80' lang='grc' dir='ltr'>ἐναργῶς</span> <span class='ocrx_word' id='word_1_782' title='bbox 3756 4108 3874 4160; x_wconf 86' lang='grc' dir='ltr'>κατ’</span> 
     </span>
    </p>
   </div>
   <div class='ocr_carea' id='block_1_101' title="bbox 2224 4191 3871 4266">
    <p class='ocr_par' dir='ltr' id='par_1_101' title="bbox 2224 4191 3871 4266">
     <span class='ocr_line' id='line_1_101' title="bbox 2224 4191 3871 4266; baseline 0 -19"><span class='ocrx_word' id='word_1_783' title='bbox 2224 4194 2468 4263; x_wconf 67' lang='grc' dir='ltr'>αἴσθησιν</span> <span class='ocrx_word' id='word_1_784' title='bbox 2504 4192 2538 4261; x_wconf 74' lang='grc' dir='ltr'><strong>ἢ</strong></span> <span class='ocrx_word' id='word_1_785' title='bbox 2570 4194 2702 4247; x_wconf 82' lang='grc' dir='ltr'>κατὰ</span> <span class='ocrx_word' id='word_1_786' title='bbox 2740 4195 2927 4263; x_wconf 84' lang='grc' dir='ltr'>νόησιν</span> <span class='ocrx_word' id='word_1_787' title='bbox 2974 4191 3467 4266; x_wconf 73' lang='grc' dir='ltr'>καταλαμϐάνεται,</span> <span class='ocrx_word' id='word_1_788' title='bbox 3516 4194 3871 4263; x_wconf 85' lang='grc' dir='ltr'>καταληπτὸν</span> 
     </span>
    </p>
   </div>
   <div class='ocr_carea' id='block_1_102' title="bbox 2223 4280 3878 4358">
    <p class='ocr_par' dir='ltr' id='par_1_102' title="bbox 2223 4280 3878 4358">
     <span class='ocr_line' id='line_1_102' title="bbox 2223 4280 3878 4358; baseline 0 -22"><span class='ocrx_word' id='word_1_789' title='bbox 2223 4280 2442 4337; x_wconf 73' lang='grc' dir='ltr'>ἕκαστον</span> <span class='ocrx_word' id='word_1_790' title='bbox 2502 4284 2720 4358; x_wconf 74' lang='grc' dir='ltr'>φατέον.</span> <span class='ocrx_word' id='word_1_791' title='bbox 2788 4287 2961 4338; x_wconf 76' lang='grc' dir='ltr'>Ταῦτα</span> <span class='ocrx_word' id='word_1_792' title='bbox 3022 4284 3115 4356; x_wconf 74' lang='grc' dir='ltr'><strong>μὲν</strong></span> <span class='ocrx_word' id='word_1_793' title='bbox 3174 4282 3481 4358; x_wconf 80' lang='grc' dir='ltr'>ἀρχόμενος</span> <span class='ocrx_word' id='word_1_794' title='bbox 3536 4286 3647 4337; x_wconf 86' lang='grc' dir='ltr'><strong>τῶν</strong></span> <span class='ocrx_word' id='word_1_795' title='bbox 3695 4282 3878 4358; x_wconf 80' lang='grc' dir='ltr'>λόγων</span> 
     </span>
    </p>
   </div>
   <div class='ocr_carea' id='block_1_103' title="bbox 2152 4370 3876 4479">
    <p class='ocr_par' dir='ltr' id='par_1_103' title="bbox 2152 4370 3876 4479">
     <span class='ocr_line' id='line_1_103' title="bbox 2152 4370 3876 4479; baseline -0.001 -53"><span class='ocrx_word' id='word_1_796' title='bbox 2152 4416 2195 4479; x_wconf 81' lang='lat' dir='ltr'>D</span> <span class='ocrx_word' id='word_1_797' title='bbox 2227 4374 2315 4427; x_wconf 82' lang='grc' dir='ltr'><strong>καὶ</strong></span> <span class='ocrx_word' id='word_1_798' title='bbox 2346 4374 2547 4428; x_wconf 77' lang='grc' dir='ltr'>τοιαῦθ’</span> <span class='ocrx_word' id='word_1_799' title='bbox 2578 4371 2753 4444; x_wconf 70' lang='grc' dir='ltr'>ἕτερα,</span> <span class='ocrx_word' id='word_1_800' title='bbox 2784 4373 2881 4441; x_wconf 80' lang='grc' dir='ltr'>τὴν</span> <span class='ocrx_word' id='word_1_801' title='bbox 2935 4370 3193 4451; x_wconf 71' lang='grc' dir='ltr'>διαφορὰν</span> <span class='ocrx_word' id='word_1_802' title='bbox 3253 4378 3360 4427; x_wconf 86' lang='grc' dir='ltr'><strong>τῶν</strong></span> <span class='ocrx_word' id='word_1_803' title='bbox 3406 4370 3739 4447; x_wconf 74' lang='grc' dir='ltr'>Πυῤῥωνίων</span> <span class='ocrx_word' id='word_1_804' title='bbox 3782 4373 3876 4426; x_wconf 83' lang='grc' dir='ltr'><strong>καὶ</strong></span> 
     </span>
     <span class='ocr_line' id='line_1_104' title="bbox 2228 4458 3728 4479; baseline 0 0"><span class='ocrx_word' id='word_1_805' title='bbox 2228 4464 2240 4479; x_wconf 67' lang='lat'><strong>9</strong></span> <span class='ocrx_word' id='word_1_806' title='bbox 2260 4470 2270 4479; x_wconf 65' lang='grc' dir='ltr'><strong>Α</strong></span> <span class='ocrx_word' id='word_1_807' title='bbox 2369 4462 2390 4479; x_wconf 55' lang='grc' dir='ltr'>ἢ</span> <span class='ocrx_word' id='word_1_808' title='bbox 2515 4474 2535 4479; x_wconf 54' lang='grc' dir='ltr'><strong>,λ</strong></span> <span class='ocrx_word' id='word_1_809' title='bbox 2582 4466 2605 4476; x_wconf 58' lang='grc' dir='ltr'><strong><em>ν</em></strong></span> <span class='ocrx_word' id='word_1_810' title='bbox 2702 4463 2714 4479; x_wconf 70' lang='grc' dir='ltr'><strong>ο</strong></span> <span class='ocrx_word' id='word_1_811' title='bbox 2809 4460 2831 4478; x_wconf 52' lang='grc' dir='ltr'>ἢ</span> <span class='ocrx_word' id='word_1_812' title='bbox 2956 4462 2967 4479; x_wconf 84' lang='lat'><strong><em>\</em></strong></span> <span class='ocrx_word' id='word_1_813' title='bbox 3099 4461 3112 4479; x_wconf 74' lang='grc'><strong>9</strong></span> <span class='ocrx_word' id='word_1_814' title='bbox 3272 4460 3281 4478; x_wconf 66' lang='grc' dir='ltr'><strong>Ι</strong></span> <span class='ocrx_word' id='word_1_815' title='bbox 3429 4463 3442 4479; x_wconf 67' lang='grc' dir='ltr'><strong>Ω</strong></span> <span class='ocrx_word' id='word_1_816' title='bbox 3516 4469 3527 4479; x_wconf 75' lang='grc' dir='ltr'><strong>Α</strong></span> <span class='ocrx_word' id='word_1_817' title='bbox 3550 4461 3562 4479; x_wconf 71' lang='grc' dir='ltr'><strong>ν</strong></span> <span class='ocrx_word' id='word_1_818' title='bbox 3680 4458 3728 4479; x_wconf 61' lang='grc' dir='ltr'><strong>’δ</strong></span> 
     </span>
    </p>
   </div>
   <div class='ocr_carea' id='block_1_104' title="bbox 2228 4458 3883 4539">
    <p class='ocr_par' dir='ltr' id='par_1_104' title="bbox 2228 4458 3883 4539">
     <span class='ocr_line' id='line_1_105' title="bbox 2228 4458 3883 4539; baseline -0.002 -22"><span class='ocrx_word' id='word_1_819' title='bbox 2228 4462 2646 4534; x_wconf 70' lang='grc' dir='ltr'>Ἀκαδημαικῶν</span> <span class='ocrx_word' id='word_1_820' title='bbox 2696 4460 3033 4527; x_wconf 75' lang='grc' dir='ltr'>ὑποδεικνὺς,</span> <span class='ocrx_word' id='word_1_821' title='bbox 3088 4460 3377 4539; x_wconf 76' lang='grc' dir='ltr'>ἀναγράφει</span> <span class='ocrx_word' id='word_1_822' title='bbox 3422 4463 3450 4515; x_wconf 88' lang='lat'><strong>6</strong></span> <span class='ocrx_word' id='word_1_823' title='bbox 3500 4458 3883 4533; x_wconf 62' lang='grc' dir='ltr'>Μνησίδημος</span> 
     </span>
    </p>
   </div>
   <div class='ocr_carea' id='block_1_105' title="bbox 2234 4549 3887 4627">
    <p class='ocr_par' dir='ltr' id='par_1_105' title="bbox 2234 4549 3887 4627">
     <span class='ocr_line' id='line_1_106' title="bbox 2234 4549 3887 4627; baseline -0.001 -22"><span class='ocrx_word' id='word_1_824' title='bbox 2234 4554 2261 4605; x_wconf 88' lang='lat'><strong>6</strong></span> <span class='ocrx_word' id='word_1_825' title='bbox 2294 4552 2340 4619; x_wconf 77' lang='grc' dir='ltr'><strong>ἐξ</strong></span> <span class='ocrx_word' id='word_1_826' title='bbox 2393 4553 2589 4627; x_wconf 70' lang='grc' dir='ltr'>Αἰγῶν·</span> <span class='ocrx_word' id='word_1_827' title='bbox 2636 4552 2825 4627; x_wconf 81' lang='grc' dir='ltr'>ἐφεξῆς</span> <span class='ocrx_word' id='word_1_828' title='bbox 2873 4549 2929 4605; x_wconf 76' lang='grc' dir='ltr'>δὲ</span> <span class='ocrx_word' id='word_1_829' title='bbox 2976 4551 3111 4605; x_wconf 76' lang='grc' dir='ltr'>κατὰ</span> <span class='ocrx_word' id='word_1_830' title='bbox 3153 4552 3242 4606; x_wconf 91' lang='grc' dir='ltr'>τὸν</span> <span class='ocrx_word' id='word_1_831' title='bbox 3295 4549 3454 4606; x_wconf 79' lang='grc' dir='ltr'>αὐτὸν</span> <span class='ocrx_word' id='word_1_832' title='bbox 3510 4549 3677 4625; x_wconf 84' lang='grc' dir='ltr'>λόγον</span> <span class='ocrx_word' id='word_1_833' title='bbox 3723 4556 3887 4622; x_wconf 83' lang='grc' dir='ltr'>πρῶ-</span> 
     </span>
    </p>
   </div>
   <div class='ocr_carea' id='block_1_106' title="bbox 2231 4638 3885 4719">
    <p class='ocr_par' dir='ltr' id='par_1_106' title="bbox 2231 4638 3885 4719">
     <span class='ocr_line' id='line_1_107' title="bbox 2231 4638 3885 4719; baseline 0.001 -26"><span class='ocrx_word' id='word_1_834' title='bbox 2231 4661 2321 4694; x_wconf 91' lang='grc' dir='ltr'><strong>τον</strong></span> <span class='ocrx_word' id='word_1_835' title='bbox 2354 4642 2441 4695; x_wconf 79' lang='grc' dir='ltr'><strong>καὶ</strong></span> <span class='ocrx_word' id='word_1_836' title='bbox 2476 4642 2572 4708; x_wconf 70' lang='grc' dir='ltr'>τὴν</span> <span class='ocrx_word' id='word_1_837' title='bbox 2609 4639 2744 4709; x_wconf 80' lang='grc' dir='ltr'>ὅλην</span> <span class='ocrx_word' id='word_1_838' title='bbox 2779 4640 2994 4715; x_wconf 70' lang='grc' dir='ltr'>ἀγωγὴν</span> <span class='ocrx_word' id='word_1_839' title='bbox 3028 4640 3103 4701; x_wconf 87' lang='grc' dir='ltr'>ὡς</span> <span class='ocrx_word' id='word_1_840' title='bbox 3143 4641 3296 4713; x_wconf 84' lang='grc' dir='ltr'>τύπῳ</span> <span class='ocrx_word' id='word_1_841' title='bbox 3340 4640 3428 4695; x_wconf 82' lang='grc' dir='ltr'><strong>καὶ</strong></span> <span class='ocrx_word' id='word_1_842' title='bbox 3478 4638 3885 4719; x_wconf 71' lang='grc' dir='ltr'>κεφαλαιωδῶς</span> 
     </span>
    </p>
   </div>
   <div class='ocr_carea' id='block_1_107' title="bbox 2232 4726 3886 4805">
    <p class='ocr_par' dir='ltr' id='par_1_107' title="bbox 2232 4726 3886 4805">
     <span class='ocr_line' id='line_1_108' title="bbox 2232 4726 3886 4805; baseline 0.001 -22"><span class='ocrx_word' id='word_1_843' title='bbox 2232 4735 2338 4783; x_wconf 80' lang='grc' dir='ltr'><strong>τῶν</strong></span> <span class='ocrx_word' id='word_1_844' title='bbox 2374 4728 2707 4805; x_wconf 69' lang='grc' dir='ltr'>Πυρῥωνίων</span> <span class='ocrx_word' id='word_1_845' title='bbox 2741 4726 3079 4803; x_wconf 84' lang='grc' dir='ltr'>παραδίδωσι</span> <span class='ocrx_word' id='word_1_846' title='bbox 3112 4730 3317 4805; x_wconf 88' lang='grc' dir='ltr'>λόγων.</span> <span class='ocrx_word' id='word_1_847' title='bbox 3352 4731 3438 4787; x_wconf 86' lang='grc' dir='ltr'><strong>Έν</strong></span> <span class='ocrx_word' id='word_1_848' title='bbox 3473 4726 3532 4783; x_wconf 72' lang='grc' dir='ltr'><strong>δὲ</strong></span> <span class='ocrx_word' id='word_1_849' title='bbox 3558 4734 3637 4801; x_wconf 77' lang='grc' dir='ltr'>τῷ</span> <span class='ocrx_word' id='word_1_850' title='bbox 3736 4730 3886 4785; x_wconf 83' lang='grc' dir='ltr'><strong>κατᾶ</strong></span> 
     </span>
    </p>
   </div>
   <div class='ocr_carea' id='block_1_108' title="bbox 2238 4817 3893 4895">
    <p class='ocr_par' dir='ltr' id='par_1_108' title="bbox 2238 4817 3893 4895">
     <span class='ocr_line' id='line_1_109' title="bbox 2238 4817 3893 4895; baseline 0 -22"><span class='ocrx_word' id='word_1_851' title='bbox 2238 4823 2398 4893; x_wconf 65' lang='grc' dir='ltr'>μέρος</span> <span class='ocrx_word' id='word_1_852' title='bbox 2428 4818 2536 4889; x_wconf 69' lang='grc' dir='ltr'><strong>ἤδη</strong></span> <span class='ocrx_word' id='word_1_853' title='bbox 2568 4821 2877 4893; x_wconf 78' lang='grc' dir='ltr'>ἀρχόμενος</span> <span class='ocrx_word' id='word_1_854' title='bbox 2919 4818 3179 4888; x_wconf 67' lang='grc' dir='ltr'>ἐπεξιέναι</span> <span class='ocrx_word' id='word_1_855' title='bbox 3217 4820 3285 4873; x_wconf 78' lang='grc' dir='ltr'>τὰ</span> <span class='ocrx_word' id='word_1_856' title='bbox 3323 4817 3373 4873; x_wconf 89' lang='grc' dir='ltr'><strong>ἐν</strong></span> <span class='ocrx_word' id='word_1_857' title='bbox 3404 4818 3689 4895; x_wconf 81' lang='grc' dir='ltr'>κεφαλαίῳ</span> <span class='ocrx_word' id='word_1_858' title='bbox 3740 4822 3893 4894; x_wconf 75' lang='grc' dir='ltr'>εἰρη-</span> 
     </span>
    </p>
   </div>
   <div class='ocr_carea' id='block_1_109' title="bbox 2239 4904 3888 4983">
    <p class='ocr_par' dir='ltr' id='par_1_109' title="bbox 2239 4904 3888 4983">
     <span class='ocr_line' id='line_1_110' title="bbox 2239 4904 3888 4983; baseline -0.001 -20"><span class='ocrx_word' id='word_1_859' title='bbox 2239 4910 2370 4982; x_wconf 85' lang='grc' dir='ltr'>μένα</span> <span class='ocrx_word' id='word_1_860' title='bbox 2400 4909 2521 4983; x_wconf 87' lang='grc' dir='ltr'>περί</span> <span class='ocrx_word' id='word_1_861' title='bbox 2551 4930 2606 4963; x_wconf 88' lang='grc' dir='ltr'><strong>τε</strong></span> <span class='ocrx_word' id='word_1_862' title='bbox 2637 4907 2861 4978; x_wconf 87' lang='grc' dir='ltr'>ἀληθῶν</span> <span class='ocrx_word' id='word_1_863' title='bbox 2889 4908 2976 4962; x_wconf 81' lang='grc' dir='ltr'><strong>καὶ</strong></span> <span class='ocrx_word' id='word_1_864' title='bbox 3009 4908 3196 4963; x_wconf 74' lang='grc' dir='ltr'>αἰτίων</span> <span class='ocrx_word' id='word_1_865' title='bbox 3225 4911 3346 4979; x_wconf 83' lang='grc'><strong>[281</strong></span> <span class='ocrx_word' id='word_1_866' title='bbox 3383 4908 3475 4979; x_wconf 83' lang='grc' dir='ltr'><strong>Η.]</strong></span> <span class='ocrx_word' id='word_1_867' title='bbox 3517 4904 3888 4981; x_wconf 72' lang='grc' dir='ltr'>διαλαμϐάνει</span> 
     </span>
    </p>
   </div>
   <div class='ocr_carea' id='block_1_110' title="bbox 2234 4998 3888 5077">
    <p class='ocr_par' dir='ltr' id='par_1_110' title="bbox 2234 4998 3888 5077">
     <span class='ocr_line' id='line_1_111' title="bbox 2234 4998 3888 5077; baseline -0.002 -22"><span class='ocrx_word' id='word_1_868' title='bbox 2234 5001 2323 5055; x_wconf 75' lang='grc' dir='ltr'><strong>καὶ</strong></span> <span class='ocrx_word' id='word_1_869' title='bbox 2361 5002 2543 5054; x_wconf 88' lang='grc' dir='ltr'>παθῶν</span> <span class='ocrx_word' id='word_1_870' title='bbox 2573 5000 2660 5053; x_wconf 75' lang='grc' dir='ltr'><strong>καὶ</strong></span> <span class='ocrx_word' id='word_1_871' title='bbox 2690 5001 2977 5068; x_wconf 78' lang='grc' dir='ltr'>κινήσεως,</span> <span class='ocrx_word' id='word_1_872' title='bbox 3011 4998 3267 5072; x_wconf 82' lang='grc' dir='ltr'>γενέσεώς</span> <span class='ocrx_word' id='word_1_873' title='bbox 3293 5019 3349 5052; x_wconf 89' lang='grc' dir='ltr'><strong>τε</strong></span> <span class='ocrx_word' id='word_1_874' title='bbox 3396 4999 3484 5051; x_wconf 79' lang='grc' dir='ltr'><strong>καὶ</strong></span> <span class='ocrx_word' id='word_1_875' title='bbox 3530 5001 3739 5077; x_wconf 76' lang='grc' dir='ltr'>φθορᾶς</span> <span class='ocrx_word' id='word_1_876' title='bbox 3791 5000 3888 5053; x_wconf 80' lang='grc' dir='ltr'><strong>καὶ</strong></span> 
     </span>
    </p>
   </div>
   <div class='ocr_carea' id='block_1_111' title="bbox 2234 5086 3890 5161">
    <p class='ocr_par' dir='ltr' id='par_1_111' title="bbox 2234 5086 3890 5161">
     <span class='ocr_line' id='line_1_112' title="bbox 2234 5086 3890 5161; baseline -0.002 -17"><span class='ocrx_word' id='word_1_877' title='bbox 2234 5095 2339 5145; x_wconf 87' lang='grc' dir='ltr'><strong>τῶν</strong></span> <span class='ocrx_word' id='word_1_878' title='bbox 2371 5089 2583 5149; x_wconf 80' lang='grc' dir='ltr'>τούτοις</span> <span class='ocrx_word' id='word_1_879' title='bbox 2617 5086 2888 5158; x_wconf 82' lang='grc' dir='ltr'>ἐναντίων,</span> <span class='ocrx_word' id='word_1_880' title='bbox 2921 5087 3057 5141; x_wconf 83' lang='grc' dir='ltr'><strong>κατά</strong></span> <span class='ocrx_word' id='word_1_881' title='bbox 3094 5089 3309 5142; x_wconf 85' lang='grc' dir='ltr'>πάντων</span> <span class='ocrx_word' id='word_1_882' title='bbox 3342 5088 3517 5141; x_wconf 77' lang='grc' dir='ltr'>αὐτῶν</span> <span class='ocrx_word' id='word_1_883' title='bbox 3560 5088 3623 5141; x_wconf 83' lang='grc' dir='ltr'>τὸ</span> <span class='ocrx_word' id='word_1_884' title='bbox 3674 5087 3890 5161; x_wconf 76' lang='grc' dir='ltr'>ἄπορόν</span> 
     </span>
    </p>
   </div>
   <div class='ocr_carea' id='block_1_112' title="bbox 2235 5174 3892 5252">
    <p class='ocr_par' dir='ltr' id='par_1_112' title="bbox 2235 5174 3892 5252">
     <span class='ocr_line' id='line_1_113' title="bbox 2235 5174 3892 5252; baseline -0.002 -17"><span class='ocrx_word' id='word_1_885' title='bbox 2235 5202 2293 5235; x_wconf 88' lang='grc' dir='ltr'><strong>τε</strong></span> <span class='ocrx_word' id='word_1_886' title='bbox 2331 5181 2377 5215; x_wconf 76' lang='lat'><strong>93</strong></span> <span class='ocrx_word' id='word_1_887' title='bbox 2424 5176 2513 5233; x_wconf 81' lang='grc' dir='ltr'>καί</span> <span class='ocrx_word' id='word_1_888' title='bbox 2544 5174 2932 5247; x_wconf 81' lang='grc' dir='ltr'>ἀκατάληπτον</span> <span class='ocrx_word' id='word_1_889' title='bbox 2976 5182 3218 5244; x_wconf 80' lang='grc' dir='ltr'>πυκνοῖς,</span> <span class='ocrx_word' id='word_1_890' title='bbox 3274 5176 3350 5239; x_wconf 83' lang='grc' dir='ltr'>ὡς</span> <span class='ocrx_word' id='word_1_891' title='bbox 3392 5175 3589 5245; x_wconf 74' lang='grc' dir='ltr'>οἴεται,</span> <span class='ocrx_word' id='word_1_892' title='bbox 3631 5176 3892 5252; x_wconf 79' lang='grc' dir='ltr'>ἐπιλογι-</span> 
     </span>
    </p>
   </div>
   <div class='ocr_carea' id='block_1_113' title="bbox 2239 5261 3899 5342">
    <p class='ocr_par' dir='ltr' id='par_1_113' title="bbox 2239 5261 3899 5342">
     <span class='ocr_line' id='line_1_114' title="bbox 2239 5261 3899 5342; baseline -0.002 -20"><span class='ocrx_word' id='word_1_893' title='bbox 2239 5272 2398 5339; x_wconf 86' lang='grc' dir='ltr'>σμοῖς</span> <span class='ocrx_word' id='word_1_894' title='bbox 2433 5263 2770 5326; x_wconf 81' lang='grc' dir='ltr'>ὑποδεικνός.</span> <span class='ocrx_word' id='word_1_895' title='bbox 2807 5264 2909 5320; x_wconf 84' lang='grc' dir='ltr'><strong>Καὶ</strong></span> <span class='ocrx_word' id='word_1_896' title='bbox 2941 5265 2968 5319; x_wconf 87' lang='grc' dir='ltr'>ὁ</span> <span class='ocrx_word' id='word_1_897' title='bbox 2998 5267 3043 5340; x_wconf 90' lang='grc' dir='ltr'>γ’</span> <span class='ocrx_word' id='word_1_898' title='bbox 3074 5261 3131 5319; x_wconf 78' lang='grc' dir='ltr'>δὶ</span> <span class='ocrx_word' id='word_1_899' title='bbox 3160 5262 3306 5337; x_wconf 81' lang='grc' dir='ltr'>αὐτῷ</span> <span class='ocrx_word' id='word_1_900' title='bbox 3351 5262 3518 5342; x_wconf 86' lang='grc' dir='ltr'>λόγος</span> <span class='ocrx_word' id='word_1_901' title='bbox 3559 5265 3685 5339; x_wconf 83' lang='grc' dir='ltr'>περὶ</span> <span class='ocrx_word' id='word_1_902' title='bbox 3734 5268 3899 5337; x_wconf 74' lang='grc' dir='ltr'>κινή-</span> 
     </span>
    </p>
   </div>
   <div class='ocr_carea' id='block_1_114' title="bbox 1837 5386 2545 5444">
    <p class='ocr_par' dir='ltr' id='par_1_114' title="bbox 1837 5386 2545 5444">
     <span class='ocr_line' id='line_1_115' title="bbox 1837 5386 2545 5444; baseline -0.003 -3"><span class='ocrx_word' id='word_1_903' title='bbox 1837 5386 2083 5444; x_wconf 77' lang='lat' dir='ltr'><strong>VARUE</strong></span> <span class='ocrx_word' id='word_1_904' title='bbox 2130 5388 2545 5444; x_wconf 83' lang='lat' dir='ltr'><strong>LECTIONES.</strong></span> 
     </span>
    </p>
   </div>
   <div class='ocr_carea' id='block_1_115' title="bbox 555 5491 3375 5579">
    <p class='ocr_par' dir='ltr' id='par_1_115' title="bbox 555 5491 3375 5579">
     <span class='ocr_line' id='line_1_116' title="bbox 555 5491 3375 5579; baseline 0.002 -29"><span class='ocrx_word' id='word_1_905' title='bbox 555 5493 603 5529; x_wconf 80' lang='grc'><strong>⁸³</strong></span> <span class='ocrx_word' id='word_1_906' title='bbox 633 5491 741 5579; x_wconf 64' lang='grc' dir='ltr'><strong>ῥπὸ</strong></span> <span class='ocrx_word' id='word_1_907' title='bbox 777 5496 859 5579; x_wconf 47' lang='grc' dir='ltr'>ς,</span> <span class='ocrx_word' id='word_1_908' title='bbox 972 5496 1249 5579; x_wconf 29' lang='lat' dir='ltr'><strong>sino-666A</strong></span> <span class='ocrx_word' id='word_1_909' title='bbox 1277 5518 1291 5557; x_wconf 86' lang='lat'><strong>:</strong></span> <span class='ocrx_word' id='word_1_910' title='bbox 1322 5497 1444 5579; x_wconf 52' lang='grc' dir='ltr'>οὔτε</span> <span class='ocrx_word' id='word_1_911' title='bbox 1476 5503 1559 5579; x_wconf 49' lang='grc' dir='ltr'><strong>ςε</strong></span> <span class='ocrx_word' id='word_1_912' title='bbox 1598 5571 1617 5579; x_wconf 28' lang='grc' dir='ltr'><strong>Α</strong></span> <span class='ocrx_word' id='word_1_913' title='bbox 1662 5502 1710 5579; x_wconf 42' lang='grc' dir='ltr'><strong>ἥδ</strong></span> <span class='ocrx_word' id='word_1_914' title='bbox 1740 5500 1773 5571; x_wconf 73' lang='grc' dir='ltr'><strong>ἢ</strong></span> <span class='ocrx_word' id='word_1_915' title='bbox 1805 5504 1947 5579; x_wconf 62' lang='lat' dir='ltr'><strong>add.</strong></span> <span class='ocrx_word' id='word_1_916' title='bbox 1971 5506 2038 5560; x_wconf 86' lang='lat' dir='ltr'><strong>A.</strong></span> <span class='ocrx_word' id='word_1_917' title='bbox 2098 5572 2117 5579; x_wconf 81' lang='lat'><strong><em>_</em></strong></span> <span class='ocrx_word' id='word_1_918' title='bbox 2144 5504 2190 5579; x_wconf 48' lang='grc' dir='ltr'><strong>δέ</strong></span> <span class='ocrx_word' id='word_1_919' title='bbox 2220 5501 2421 5571; x_wconf 83' lang='grc' dir='ltr'>οὐκέτι,</span> <span class='ocrx_word' id='word_1_920' title='bbox 2442 5501 2597 5579; x_wconf 45' lang='lat' dir='ltr'><strong>ﬁgi}:</strong></span> <span class='ocrx_word' id='word_1_921' title='bbox 2632 5499 2726 5579; x_wconf 56' lang='grc' dir='ltr'><strong>μεν</strong></span> <span class='ocrx_word' id='word_1_922' title='bbox 2750 5499 2939 5575; x_wconf 85' lang='grc' dir='ltr'>ἐφικτά</span> <span class='ocrx_word' id='word_1_923' title='bbox 2958 5503 3044 5579; x_wconf 45' lang='grc' dir='ltr'><strong>.τῷ</strong></span> <span class='ocrx_word' id='word_1_924' title='bbox 3092 5496 3251 5579; x_wconf 61' lang='grc' dir='ltr'>δ’-οὕ</span> 
     </span>
    </p>
   </div>
   <div class='ocr_carea' id='block_1_116' title="bbox 482 5565 3217 5651">
    <p class='ocr_par' dir='ltr' id='par_1_116' title="bbox 482 5565 3217 5651">
     <span class='ocr_line' id='line_1_117' title="bbox 482 5565 3217 5651; baseline 0.005 -32"><span class='ocrx_word' id='word_1_925' title='bbox 482 5565 526 5601; x_wconf 79' lang='grc'><strong>⁸⁷</strong></span> <span class='ocrx_word' id='word_1_926' title='bbox 557 5565 647 5618; x_wconf 76' lang='grc' dir='ltr'><strong>καὶ</strong></span> <span class='ocrx_word' id='word_1_927' title='bbox 680 5565 893 5651; x_wconf 42' lang='lat' dir='ltr'><strong>o‘m.&quot;A&#39;.</strong></span> <span class='ocrx_word' id='word_1_928' title='bbox 966 5637 974 5651; x_wconf 46' lang='grc'><strong><em>1</em></strong></span> <span class='ocrx_word' id='word_1_929' title='bbox 1001 5569 1050 5602; x_wconf 75' lang='grc'><strong>⁸⁸</strong></span> <span class='ocrx_word' id='word_1_930' title='bbox 1076 5574 1202 5627; x_wconf 83' lang='lat' dir='ltr'><strong>libri</strong></span> <span class='ocrx_word' id='word_1_931' title='bbox 1236 5573 1410 5651; x_wconf 81' lang='grc' dir='ltr'>φασίν.</span> <span class='ocrx_word' id='word_1_932' title='bbox 1469 5565 1561 5651; x_wconf 53' lang='lat'><strong>:5“</strong></span> <span class='ocrx_word' id='word_1_933' title='bbox 1589 5565 1863 5651; x_wconf 64' lang='grc' dir='ltr'>δεύτερον]</span> <span class='ocrx_word' id='word_1_934' title='bbox 1900 5576 1947 5649; x_wconf 91' lang='grc' dir='ltr'><strong>β’</strong></span> <span class='ocrx_word' id='word_1_935' title='bbox 1979 5580 2059 5651; x_wconf 53' lang='grc' dir='ltr'><strong>Α]</strong></span> <span class='ocrx_word' id='word_1_936' title='bbox 2094 5565 2451 5651; x_wconf 74' lang='grc' dir='ltr'>δεύτερονκαί</span> <span class='ocrx_word' id='word_1_937' title='bbox 2632 5565 2642 5573; x_wconf 58' lang='grc'>’</span> <span class='ocrx_word' id='word_1_938' title='bbox 2665 5574 2710 5608; x_wconf 80' lang='grc'><strong>⁰⁰</strong></span> <span class='ocrx_word' id='word_1_939' title='bbox 2744 5565 3092 5645; x_wconf 70' lang='grc' dir='ltr'><strong>μξιχομένόυς</strong></span> 
     </span>
    </p>
   </div>
   <div class='ocr_carea' id='block_1_117' title="bbox 480 5636 2397 5723">
    <p class='ocr_par' dir='ltr' id='par_1_117' title="bbox 480 5636 2397 5723">
     <span class='ocr_line' id='line_1_118' title="bbox 480 5636 2397 5723; baseline 0.007 -32"><span class='ocrx_word' id='word_1_940' title='bbox 480 5656 604 5718; x_wconf 82' lang='grc' dir='ltr'>χειν</span> <span class='ocrx_word' id='word_1_941' title='bbox 636 5636 723 5690; x_wconf 80' lang='grc' dir='ltr'><strong>καὶ</strong></span> <span class='ocrx_word' id='word_1_942' title='bbox 757 5639 834 5713; x_wconf 82' lang='grc' dir='ltr'>μή</span> <span class='ocrx_word' id='word_1_943' title='bbox 871 5636 1138 5713; x_wconf 79' lang='grc' dir='ltr'>ὑπάρχειν</span> <span class='ocrx_word' id='word_1_944' title='bbox 1173 5636 1291 5717; x_wconf 79' lang='lat' dir='ltr'><strong>mg.</strong></span> <span class='ocrx_word' id='word_1_945' title='bbox 1321 5647 1387 5701; x_wconf 90' lang='lat' dir='ltr'><strong>A.</strong></span> <span class='ocrx_word' id='word_1_946' title='bbox 1466 5647 1509 5681; x_wconf 82' lang='grc'>⁹²</span> <span class='ocrx_word' id='word_1_947' title='bbox 1542 5646 1643 5723; x_wconf 77' lang='grc' dir='ltr'>γὰρ</span> <span class='ocrx_word' id='word_1_948' title='bbox 1697 5636 1925 5705; x_wconf 44' lang='grc' dir='ltr'>αόόῘΑλ</span> <span class='ocrx_word' id='word_1_949' title='bbox 2005 5650 2048 5685; x_wconf 74' lang='lat'><strong>93</strong></span> <span class='ocrx_word' id='word_1_950' title='bbox 2085 5668 2142 5702; x_wconf 85' lang='grc' dir='ltr'><strong>τε</strong></span> <span class='ocrx_word' id='word_1_951' title='bbox 2170 5636 2300 5704; x_wconf 78' lang='lat' dir='ltr'><strong>add.</strong></span> <span class='ocrx_word' id='word_1_952' title='bbox 2332 5650 2397 5704; x_wconf 87' lang='lat' dir='ltr'><strong>A.</strong></span> 
     </span>
    </p>
   </div>
   <div class='ocr_carea' id='block_1_118' title="bbox 3401 5496 3900 5589">
    <p class='ocr_par' dir='ltr' id='par_1_118' title="bbox 3401 5496 3900 5589">
     <span class='ocr_line' id='line_1_119' title="bbox 3401 5496 3900 5589; baseline 0.004 -36"><span class='ocrx_word' id='word_1_953' title='bbox 3401 5498 3525 5589; x_wconf 32' lang='grc' dir='ltr'>ὀὐκ</span> <span class='ocrx_word' id='word_1_954' title='bbox 3573 5496 3769 5589; x_wconf 44' lang='grc' dir='ltr'>ἐφικτοά</span> <span class='ocrx_word' id='word_1_955' title='bbox 3804 5501 3900 5589; x_wconf 71' lang='grc' dir='ltr'><strong>ς.</strong></span> 
     </span>
    </p>
   </div>
   <div class='ocr_carea' id='block_1_119' title="bbox 3315 5573 3908 5650">
    <p class='ocr_par' dir='ltr' id='par_1_119' title="bbox 3315 5573 3908 5650">
     <span class='ocr_line' id='line_1_120' title="bbox 3315 5573 3908 5650; baseline 0.005 -24"><span class='ocrx_word' id='word_1_956' title='bbox 3315 5573 3357 5607; x_wconf 77' lang='grc'>⁹¹</span> <span class='ocrx_word' id='word_1_957' title='bbox 3395 5573 3686 5647; x_wconf 78' lang='grc' dir='ltr'>ὑπάρχειν]</span> <span class='ocrx_word' id='word_1_958' title='bbox 3719 5573 3908 5650; x_wconf 61' lang='grc' dir='ltr'>ὑπέρ-</span> 
     </span>
    </p>
   </div>
  </div>
