4142 6214
277 345 401 408 697
1409 349 1949 411 BIBLIOTHECA.
1996 379 2055 393 —
2115 349 2288 410 COD.
2336 347 2567 408 CCXII.
3574 342 3695 404 698

281 497 423 538 σεως
477 475 568 531 καί
621 475 924 546 αἰσθήσεως
974 477 1202 532 καὶτῶν
1244 480 1360 532 κατ’
1391 479 1558 542 αὐτὰς
1588 476 1928 551 ἰδιωμάτων,

2061 479 2320 551 ieinceps
2333 477 2790 551 Pyrrhoniarum
2812 475 3106 532 rationum
3130 476 3469 531 institutum
3490 477 3691 531 eodem

280 567 379 629 τὰς
437 565 635 638 ὁμοίας
690 565 1182 641 περιεργαζόμενος
1246 566 1673 642 έναντιολογίας,
1735 569 1809 629 εἰς
1874 568 1935 622 τὸ

2061 586 2148 625 ioc
2182 570 2372 640 priore
2413 569 2559 624 libro
2611 568 2811 636 paucis
2852 581 2919 621 ac
2954 565 3293 620 summatim
3344 565 3692 620 traditurus.

283 656 572 733 ἀνέφικτον
616 655 705 710 καί
762 655 1150 726 ἀκατάληπτον
1209 657 1465 734 ὑποφέρει
1503 659 1592 713 καὶ
1661 659 1811 714 αὐτά.
1847 661 1932 716 Ἐν

2061 659 2296 713 Secundo
2328 657 2702 712 deindelibro
2724 653 3066 726 singulatim
3089 654 3235 721 jam,
3264 670 3392 723 quas
3423 653 3692 707 universe

285 743 344 800 δὲ
397 750 478 816 τῷ
538 743 585 799 δ’
617 751 818 817 σημεῖα
876 747 990 819 μὲν,
1025 745 1206 821 ὥσπερ
1253 746 1318 801 τὰ
1367 749 1569 824 φανερά
1599 769 1774 824 φαμεν
1830 755 1938 804 τῶν

288 840 524 912 σφαγῶν,
549 831 664 889 οὐδ’
698 834 844 897 ὅλως
873 835 921 870 ⁹⁴
945 836 1082 890 εἶναί
1114 857 1280 913 φησιν
1304 837 1369 905 ⁸⁵,
1393 838 1706 905 ἠπατῆσθαι
1740 835 1796 891 δὲ
1814 841 1940 908 γενῇ

284 923 626 996 προσπαθείᾳ
684 925 810 984 τοὺς
870 923 1177 997 οἰομένους,
1209 923 1404 999 ἐγείρει
1464 922 1520 981 δὲ
1567 926 1661 987 τὰς
1695 925 1745 995 ἐξ
1789 921 1940 989 ἔθους

283 1012 478 1086 ἐφεξῆς
518 1011 752 1086 ἀπορίας
784 1015 906 1088 περί
939 1034 998 1068 τε
1043 1012 1182 1084 ὅλης
1214 1021 1313 1083 τῆς
1345 1014 1555 1092 φύσεως
1595 1014 1680 1068 καὶ
1731 1018 1941 1086 κόσμου

287 1101 380 1155 καὶ
430 1103 589 1169 θεῶν,
621 1099 778 1156 οὐδὲν
825 1106 932 1157 τῶν
988 1103 1036 1138 9⁸
1076 1104 1152 1164 εἰς
1195 1102 1506 1178 κατάληψιν
1539 1109 1718 1158 πεσεῖν
1775 1104 1944 1157 ἐντει-

284 1191 534 1263 νόμενος,
580 1186 966 1266 Προϐάλλεται
1024 1193 1175 1265 αὐτῷ
1234 1196 1277 1229 ⁸⁷
1335 1193 1424 1247 καὶ
1483 1194 1512 1247 ὁ
1561 1195 1598 1247 ε’
1630 1190 1798 1267 λόγος
1845 1193 1940 1254 τὰς

285 1281 426 1335 κατὰ
455 1285 562 1334 τῶν
613 1279 806 1335 αἰτίων
856 1281 1197 1356 ἀπορητικᾶς
1228 1277 1424 1352 λαϐὰς,
1459 1279 1630 1355 μηδὲν
1665 1283 1760 1355 μὲν
1796 1280 1940 1355 μηδ-

291 1366 414 1426 ενὸς
441 1365 608 1421 α’ἰτιον
639 1365 884 1430 ἐνδιδοὺς
926 1369 1086 1437 εἶναι,
1117 1370 1429 1440 ἠπατῆσθαι
1461 1367 1517 1424 δὲ
1547 1372 1590 1406 ⁸⁸
1613 1371 1739 1431 τοὺς
1770 1370 1942 1424 αἰτιο-

291 1454 593 1530 λογοῦντας
641 1458 877 1536 φάσκων,
936 1460 1025 1514 καὶ
1085 1460 1324 1533 τρόπους
1379 1459 1624 1534 ἀριθμῶν
1681 1461 1794 1514 καθ’
1852 1461 1945 1520 οὓς

287 1541 472 1600 οἴεται
512 1545 707 1609 αὐτοὺς
740 1545 1071 1622 αἰτιολογεῖν
1106 1547 1445 1622 ὑπαχθέντας
1478 1547 1554 1610 εἰς
1613 1550 1713 1617 τήν
1761 1548 1946 1603 τοιαύ-

283 1656 389 1704 την
441 1637 857 1711 περιενεχθῆναι
899 1635 1136 1706 πλάνην.
1170 1637 1275 1692 Καὶ
1317 1639 1344 1691 ὁ
1375 1641 1422 1700 ς’
1455 1634 1512 1692 δὲ
1540 1639 1609 1692 τὰ
1632 1639 1801 1713 ἀγαθὰ
1853 1629 1938 1692 καἱ

285 1723 448 1794 κακὰ,
500 1725 588 1779 καὶ
653 1726 760 1798 μὴν
817 1726 908 1780 καὶ
964 1727 1030 1780 τὰ
1077 1728 1265 1800 αἱρετὰ
1306 1726 1393 1781 καὶ
1427 1727 1645 1800 φευκτὰ,
1679 1723 1756 1782 ἔτι
1813 1725 1868 1781 δὲ
1898 1727 1944 1764 9’

2051 749 2296 812 dixerat,
2319 753 2563 802 tractare
2597 746 2902 814 incipiens,
2928 744 2999 798 de
3020 743 3170 797 veris
3193 749 3248 796 et
3277 743 3470 797 causis
3501 744 3697 812 dispu-

2050 842 2154 902 tat,
2187 839 2374 908 deque
2423 836 2852 901 affectionibus,
2887 835 2958 887 de
2990 840 3142 887 motu
3177 833 3332 899 item,
3365 842 3419 887 et
3458 847 3696 900 genera-

2051 928 2204 980 tione
2237 931 2411 997 atque
2458 926 2852 995 corruptione,
2887 941 2953 978 ac
2997 925 3068 980 de
3109 923 3313 978 borum
3365 920 3695 986 contrariis,

2052 1017 2328 1071 adversus
2372 1015 2491 1070 haec
2536 1017 2733 1072 omnia
2782 1019 2963 1074 dubia
2991 1017 3092 1073 illa
3121 1030 3250 1071 esse
3279 1016 3451 1082 atque
3483 1010 3701 1064 incom-

2052 1105 2483 1175 prehensibilia,
2537 1106 2766 1171 validis,
2814 1111 2874 1162 ut
2923 1110 3110 1178 putat,
3156 1099 3699 1158 ratiocinationibus

2053 1200 2185 1249 ante
2217 1195 2416 1250 oculos
2448 1211 2691 1266 ponens.
2717 1195 2947 1252 Tertius
2994 1193 3246 1266 posthaec
3278 1191 3418 1246 liber
3440 1190 3508 1243 de
3539 1191 3700 1243 motu

2053 1288 2110 1339 et
2140 1301 2336 1352 sensu,
2370 1301 2686 1356 eorumque
2717 1285 3192 1356 proprietatibus,
3227 1279 3446 1336 similes
3473 1283 3698 1334 contra-

2054 1374 2338 1430 dictiones
2383 1375 2669 1431 curiosius
2719 1375 3142 1445 investigando,
3175 1372 3246 1426 ad
3278 1387 3341 1425 ea
3373 1385 3499 1439 qua
3532 1383 3700 1422 nemo

2055 1464 2288 1533 assequi
2312 1469 2411 1519 aut
2433 1464 2926 1534 comprehendere
2951 1461 3152 1534 possit,
3169 1460 3290 1514 haec
3308 1472 3540 1528 quoque
3556 1454 3704 1508 abri-

2055 1568 2188 1622 pere
2221 1560 2482 1609 conatur.
2518 1556 2734 1619 Quarto
2764 1557 2958 1608 autem
2992 1552 3139 1606 libro
3173 1549 3340 1620 signa
3379 1560 3572 1601 rerum
3606 1544 3704 1598 ob-

2053 1659 2380 1707 scurarum,
2405 1661 2532 1714 qua
2566 1660 2670 1698 nos
2700 1642 3046 1699 manifestas
3077 1641 3250 1695 hasce
3281 1653 3372 1692 res
3403 1649 3532 1690 esse
3563 1632 3701 1690 dici-

2051 1748 2196 1797 mus,
2233 1749 2301 1787 ne
2340 1749 2468 1788 esse
2507 1733 2743 1803 quidem
2791 1730 2951 1786 vult:
2986 1729 3086 1786 sed
3137 1725 3324 1797 decipi
3365 1723 3524 1779 inani
3569 1721 3701 1778 aii'e-

286 1814 683 1888 προηγοῦμενά
729 1835 785 1870 τε
836 1815 925 1869 καὶ
965 1814 1491 1892 ἀποπροηγοόμενα,
1530 1815 1608 1877 εἰς
1657 1817 1753 1879 τὰς
1781 1815 1945 1877 αὑτὰς

2061 1821 2246 1876 ctione
2291 1837 2387 1876 eos
2433 1823 2534 1892 qui
2585 1822 2700 1876 haec
2750 1821 3085 1890 opinentur.
3119 1818 3309 1872 Movet
3339 1819 3395 1868 et
3426 1829 3494 1868 ex
3539 1824 3698 1866 more

289 1902 613 1982 ἐρεσχελίας
645 1901 785 1980 ἄγει,
806 1909 868 1960 τό
909 1920 971 1980 γε
1003 1903 1084 1959 ἐπ’
1125 1904 1270 1978 αὖτῷ
1318 1907 1408 1960 καὶ
1438 1911 1608 1960 ταῦτα
1641 1910 1740 1973 τῆς
1790 1925 1950 1958 κατα-

290 1990 519 2065 λήψεως
548 1995 709 2064 ἡμῶν
738 1995 829 2048 καὶ
859 1995 1108 2068 γνώσεως
1152 1993 1485 2050 ἀποκλείων.
1521 1993 1628 2050 Τὸν
1675 1994 1856 2066 μέντοι
1908 1986 1950 2062 ζ’

288 2085 426 2136 κατὰ
473 2087 584 2137 τῶν
633 2081 837 2157 ἀρετῶν
888 2082 1129 2154 ὁπλίζει,
1165 2081 1418 2152 διακενῆς
1447 2083 1620 2158 λέγων
1677 2084 1804 2145 τοὺς
1854 2105 1946 2160 φι-

292 2170 669 2246 λοσοφοῦντας
710 2177 726 2209 ί
777 2173 901 2244 περὶ
960 2172 1137 2228 αὐτῶν
1167 2171 1476 2228 ἀναπλάσαι
1508 2170 1685 2243 δόξας,
1712 2173 1802 2226 καὶ
1832 2173 1950 2227 ἑαυ-

291 2260 420 2323 τοὺς
455 2262 478 2296 ²
505 2256 904 2317 ἆποϐουκολεῖν
932 2266 954 2299 ⁸
985 2265 1062 2325 ὡς
1093 2263 1170 2327 εἰς
1198 2265 1297 2332 τὴν
1341 2263 1546 2319 τούτων
1581 2260 1764 2334 ε’ἰησαν
1812 2267 1948 2338 πρᾶ-

294 2349 373 2420 ξίν
438 2370 495 2404 τε
549 2350 638 2404 καὶ
696 2352 925 2425 θεωρίαν
974 2351 1283 2428 ἀφιγμένοι.
1317 2357 1378 2410 Ὁ
1417 2349 1579 2407 δ’ἐπί
1633 2357 1761 2406 πᾶσι
1793 2355 1814 2387 ⁸
1860 2353 1948 2407 καὶ

296 2439 355 2508 η’
387 2439 523 2492 κατᾶ
570 2443 662 2493 τοῦ
719 2437 911 2502 τέλους
951 2439 1241 2513 ἐνίσταται,
1277 2443 1416 2516 μήτε
1473 2444 1571 2511 τήν
1602 2440 1950 2514 εὐδαιμονίαν

296 2528 444 2599 μήτε
498 2529 596 2597 τήν
652 2525 857 2598 ἡδονήν
921 2532 1061 2603 μήτε
1117 2533 1218 2600 τήν
1295 2531 1558 2609 φρόνησιν
1621 2531 1750 2603 μήτ’
1807 2528 1948 2585 ἄλλο

289 2638 342 2672 τι
384 2617 544 2680 τέλος
580 2617 871 2695 ἐπιχωρῶν
907 2620 1060 2690 εἶναι,
1093 2623 1224 2695 δηερ
1259 2620 1314 2676 {iv
1347 2643 1429 2683 τις
1459 2627 1567 2677 τῶν
1593 2621 1730 2677 κατὰ
1785 2621 1949 2700 φιλο-

296 2707 490 2783 σοφίαν
520 2708 781 2781 αἱρέσεων
811 2705 1072 2780 δοξάσειν,
1103 2707 1234 2766 ἀλλ’
1259 2709 1448 2773 ἁπλῶς
1480 2711 1580 2766 οὐκ
1618 2711 1753 2765 εἶναι
1783 2711 1950 2772 τέλος

292 2797 355 2850 τὸ
395 2800 558 2851 πᾶσιν
589 2797 950 2870 ὑμνούμενον.

2061 1909 2200 1965 alias
2247 1910 2456 1966 deinde
2499 1911 2849 1980 quaestiones
2905 1911 2976 1963 de
3036 1906 3306 1962 universa
3354 1908 3584 1967 natura,
3634 1900 3703 1954 de

2063 2000 2304 2065 mundo,
2337 1999 2407 2053 de
2440 1999 2571 2065 diis,
2604 1999 2747 2053 nihil
2782 1999 2986 2055 horum
3021 1994 3238 2068 percipi
3267 2008 3434 2062 posse
3478 1997 3708 2046 conten-

2059 2089 2224 2144 dens.
2255 2087 2533 2160 Proponit
2561 2087 2702 2156 ipsis
2727 2091 2784 2142 et
2815 2086 3059 2157 quintus
3091 2083 3238 2138 liber
3267 2079 3571 2136 dubitandi
3605 2077 3704 2132 ad-

2059 2193 2262 2232 versus
2311 2193 2522 2234 causas
2571 2176 2928 2240 occasiones,
2964 2173 3107 2228 nihil
3143 2170 3364 2226 nullius
3403 2184 3532 2224 esse
3562 2183 3707 2222 cau-

2061 2283 2185 2322 sam
2220 2267 2474 2332 tradens,
2509 2270 2564 2321 et
2599 2263 2714 2320 falli
2747 2264 2845 2335 qui
2895 2278 3104 2318 causas
3155 2260 3359 2315 aﬂ'erre
3388 2259 3705 2312 conentur:

2060 2370 2378 2410 numerans
2405 2354 2579 2409 etiam
2614 2355 2815 2408 modos
2846 2353 3063 2424 quibus
3086 2365 3292 2405 causas
3313 2346 3552 2404 reddere
3584 2348 3712 2399 stu-

2059 2446 2256 2512 deant,
2309 2443 2406 2514 qui
2457 2443 2639 2499 coacti
2688 2443 2813 2512 jam
2867 2441 2924 2496 in
2970 2440 3080 2494 hoc
3129 2453 3324 2494 errore
3383 2440 3706 2489 versentur.

2060 2535 2265 2591 Sextus
2298 2549 2430 2588 vero
2453 2533 2606 2587 bona
2629 2537 2684 2586 et
2709 2531 2882 2601 mala,
2906 2543 3145 2600 quaeque
3167 2526 3488 2597 expetenda
3511 2527 3566 2577 et
3584 2537 3710 2592 qua:

2061 2624 2358 2694 fugienda,
2394 2620 2703 2692 praeposita
2751 2621 2866 2691 (16)
2899 2621 2969 2674 ad
3004 2617 3126 2672 haec
3175 2620 3347 2684 atque
3396 2613 3607 2680 rejecta
3650 2607 3710 2662 in

2059 2712 2325 2768 eamdem
2341 2710 2787 2765 ludiﬁcatoriam
2803 2707 3256 2778 disputationem
3275 2701 3514 2758 adducit
3531 2716 3544 2752 :
3559 2714 3708 2769 quae,

2061 2806 2343 2873 quantum
2358 2799 2416 2854 in
2432 2801 2558 2872 ipso
2570 2804 2678 2862 est,
2693 2815 2726 2853 a
2741 2806 2929 2853 nostra
2944 2811 3175 2868 quoque
3190 2788 3713 2864 comprehensione

294 2895 473 2961 atque
497 2891 832 2961 cognitione
853 2891 1124 2948 excludit.
1147 2893 1476 2966 Septimum
1501 2895 1783 2951 adversus
1806 2896 2044 2952 virtutes
2067 2892 2323 2960 instruit,
2345 2892 2599 2947 referens
2619 2889 2808 2945 varias
2831 2890 2902 2944 de
2919 2888 2991 2942 iis
3012 2885 3318 2957 opiniones
3337 2881 3716 2952 nequidquam

295 2986 662 3038 commentos
693 2997 824 3038 esse
855 2981 1254 3055 philosophos,
1281 2985 1505 3056 seipsos
1529 2985 1906 3057 decipientes,
1929 2985 2234 3057 quasijam
2260 2983 2329 3038 ad
2356 2997 2554 3037 earum
2581 2980 2867 3036 actionem
2891 2973 3565 3046 contemplationemque
3589 2985 3715 3039 per-

295 3069 621 3126 venissent.
647 3071 752 3136 Qui
784 3073 856 3126 ad
889 3071 997 3128 bos
1027 3089 1232 3128 omnes
1263 3073 1512 3130 Octavus
1539 3076 1762 3131 accedit
1791 3075 2176 3140 liber,contra
2197 3070 2534 3142 [bonorum]
2562 3070 2734 3124 tinem
2768 3067 3052 3138 disputat,
3077 3078 3266 3135 neque
3296 3058 3712 3117 beatitudinem

297 3158 464 3216 illum
500 3176 649 3226 esse,
677 3177 866 3232 neque
893 3162 1248 3234 voluptatem
1278 3179 1465 3235 neque
1487 3165 1875 3234 prudentiam,
1902 3179 2089 3235 neque
2111 3162 2267 3218 aliud
2292 3176 2493 3218 eorum
2518 3158 2820 3230 quidpiam
2845 3156 2998 3227 quod
3023 3156 3424 3223 cujuscunque
3455 3147 3713 3220 philoso-

301 3251 550 3324 phorum
573 3252 806 3307 familiae
823 3258 1074 3310 sectator
1095 3253 1386 3325 Opinaudo
1407 3271 1666 3312 asserere
1687 3263 1882 3326 queat:
1909 3256 2008 3312 sed
2030 3253 2266 3311 omnino
2289 3253 2465 3308 ﬁnem
2492 3266 2605 3304 non
2628 3249 2859 3316 esse,ab
2885 3245 3160 3302 omnibus
3184 3244 3318 3298 licet
3347 3242 3706 3296 decantetur.

374 3341 440 3394 Oi
476 3342 566 3412 μὲν
605 3341 696 3396 οὖν
745 3340 844 3396 τοῦ
890 3341 1271 3416 Αἰνησιδήμου
1329 3339 1487 3417 λόγοι
1535 3347 1671 3419 πρὸς
1699 3349 1949 3400 τοιοῦτον

2140 3345 2322 3416 igitur
2351 3342 2422 3397 ad
2463 3339 2798 3410 huiusmodi
2842 3334 3324 3393 concertationem
3375 3332 3711 3402 diriguntur

300 3430 491 3504 ἀγῶνα
538 3430 840 3500 κονίζονται
883 3434 904 3469 ⁸
937 3449 950 3463 ·
1012 3435 1096 3488 ὅτι
1156 3430 1214 3487 δὲ
1266 3435 1567 3506 ματαιότης
1631 3434 1808 3490 αὐτῶν
1868 3436 1949 3490 καί

2067 3433 2414 3490 Enesidemi
2473 3431 2626 3496 libri,
2677 3431 2777 3502 qui
2839 3427 3083 3494 Platoni,
3136 3425 3384 3495 aliisque
3433 3426 3570 3476 ante
3619 3433 3726 3472 nos

303 3517 493 3588 πολλή
521 3515 697 3598 λέσχη
717 3522 753 3589 ἡ
778 3518 1012 3590 σπουδὴ,
1033 3519 1282 3576 Πλάτωνί
1303 3542 1362 3577 τε
1381 3521 1469 3577 καὶ
1501 3522 1736 3585 πολλοῖς
1766 3523 1949 3583 ἄλλοις

2070 3523 2332 3595 pluribus
2372 3521 2518 3578 satis
2559 3519 2912 3582 indicarunt,
2944 3515 3201 3572 stultitiae
3252 3513 3484 3583 plenum
3516 3525 3583 3565 ac
3615 3524 3726 3598 nu-

303 3612 415 3664 τῶν
476 3609 584 3682 πρὸ
638 3611 799 3681 ἡμῶν
860 3611 952 3664 τὸν
992 3607 1225 3686 ἔλεγχον
1257 3607 1442 3666 ἔδοσαν
1479 3631 1491 3645 ·
1525 3614 1616 3668 καὶ
1648 3612 1732 3668 ὅτι
1796 3610 1949 3685 μηδὶπ

2076 3629 2280 3686 garum
2330 3610 2492 3666 illius
2541 3626 2692 3681 Opus
2743 3623 2892 3664 esse.
2924 3605 3076 3661 Nihil
3111 3605 3248 3658 item
3301 3603 3499 3673 ipsum
3528 3598 3597 3652 ad
3630 3596 3729 3650 ali-

307 3696 384 3759 εἰς
446 3695 629 3770 δόγμα
666 3697 935 3768 συντελεῖ,
994 3699 1082 3753 καὶ
1130 3704 1293 3755 τοῦτο
1333 3699 1669 3772 κατάδηλον,
1709 3703 1848 3757 ὅπου
1904 3723 1949 3776 γι

2077 3703 2226 3775 quod
2279 3702 2490 3771 dogma
2537 3693 3058 3771 [conﬁrmandum]
3107 3692 3408 3764 prodesse,
3443 3702 3602 3756 aeque
3645 3689 3729 3738 est

306 3786 394 3840 καὶ
452 3785 552 3850 τὰς
601 3786 820 3849 ἐνούσας
869 3786 1204 3863 δογματικὰς
1245 3791 1472 3864 θεωρίας
1505 3789 1748 3846 ἐλαύνειν
1805 3792 1965 3862 ἡμῶν

306 3881 406 3943 τῆς
467 3872 716 3937 διανοίας
786 3874 1162 3952 ἐπεχείρησαν.
1212 3883 1337 3940 Τοῖς
1398 3879 1584 3951 μέντοι
1639 3879 1778 3933 κατᾶ
1847 3876 1969 3932 δια-

309 3963 569 4035 λεκτικήν
635 3964 865 4038 μελέτην
925 3969 1304 4040 πονουμένοις,
1371 3966 1433 4022 ἃν
1488 3969 1566 4041 μή
1625 3968 1688 4022 τὸ
1747 3967 1972 4040 ἀστήρι-

307 4075 432 4111 κτον
453 4055 638 4111 αὐτῶν
668 4060 784 4117 τοῖς
819 4053 1108 4132 λογισμοῖς
1129 4057 1152 4092 ⁸
1173 4055 1421 4132 ἐνεδρεύῃ
1445 4057 1536 4113 καί
1558 4059 1593 4127 ἡ
1626 4057 1803 4133 κρίσις
1833 4056 1971 4132 πρὸς

2079 3792 2482 3856 manifestum,
2518 3789 2615 3844 ubi
2657 3787 2864 3844 saltem
2912 3785 3071 3855 ipsas
3121 3795 3351 3853 quoque
3383 3777 3732 3833 inhaerentes

2080 3886 2291 3937 nostra:
2340 3879 2521 3936 menti
2567 3875 2932 3948 dogmaticas
2962 3869 3488 3940 contemplationes
3529 3861 3731 3932 expel-

2080 3971 2197 4026 lere
2228 3971 2375 4024 171
2423 3968 2501 4039 (a)
2551 3981 2856 4038 aggressus
2908 3966 3016 4018 est.
3051 3961 3110 4016 Si
3143 3959 3243 4029 qui
3284 3961 3480 4012 tamen
3511 3954 3569 4008 in
3601 3951 3734 4005 dia-

2081 4059 2294 4114 lecticis
2325 4060 2685 4122 exercentur,
2720 4070 2833 4110 non
2867 4051 3093 4106 inutilis
3119 4048 3212 4102 hic
3243 4046 3425 4101 liber:
3463 4041 3630 4098 modo
3661 4056 3733 4094 ne

2086 4147 2296 4204 horum
2331 4161 2534 4218 parum
2587 4143 2779 4200 adhuc
2830 4139 3177 4196 conﬁrmata
3227 4150 3416 4198 mens,
3447 4130 3608 4186 hisce
3641 4144 3732 4218 ra-

2084 4217 2566 4294 tiocinationibus
2615 4227 3330 4302 inhaerescat,judiciique
3380 4217 3724 4294 perspicaci-

2085 4333 2174 4384 tas
2206 4326 2406 4383 vitiata
2437 4341 2551 4383 non
2582 4324 2678 4382 sit.

310 4144 599 4220 ἀγχίνοιαν
637 4144 699 4199 οὐ
731 4145 1106 4218 νενοθευμένη,
1137 4147 1202 4201 τὸ
1244 4142 1460 4222 βιϐλίον
1513 4148 1617 4202 οὐκ
1673 4145 1970 4222 ἄχρηστον.

2797 4410 3036 4469 CCXIII.

756 4505 1164 4584 ’Δγαθαρχίδου
1203 4506 1521 4583 Ἰστορικόν.

2540 4501 2958 4576 Agatharchidae
2991 4498 3284 4555 Historiae.

389 4598 738 4672 ’Λνεγνώσθη
817 4581 1220 4676 ’Ἀγαθαρχίδου
1302 4581 1595 4672 Ἰστορικόν
1647 4615 1660 4629 ·
1716 4596 1848 4653 ἔνιοι
1923 4595 1949 4652 δ

2162 4598 2296 4670 Legi
2327 4595 2792 4668 Agatharchidae,
2825 4607 3000 4663 quem
3033 4583 3471 4676 Agatharchum
3505 4581 3738 4676 quidam

319 4689 484 4745 αὐτὸν
534 4669 906 4763 ἽἊγάθαρχον-
941 4669 1294 4762 ὀνομάζουσι.
1353 4669 1542 4760 Τοότῳ
1600 4688 1793 4762 πατρὶς
1853 4689 1943 4762 [54

2089 4669 2416 4754 nominant,
2469 4685 2614 4757 Opus
2674 4684 3016 4738 historicum.
3081 4677 3183 4733 Hic
3235 4673 3428 4748 patria
3485 4671 3747 4734 Cnidius,

324 4780 415 4852 R.]
446 4779 545 4852 μὲν
596 4779 635 4846 ἠ
696 4775 884 4838 Κνίδος
932 4778 1022 4846 ἦν,
1050 4779 1084 4846 ἡ
1149 4775 1207 4832 δὲ
1263 4775 1428 4852 τέχνη
1471 4777 1856 4854 γραμματικὸν
1887 4775 1949 4831 έπ

2092 4778 2356 4834 instituto
2409 4772 2830 4847 grammaticus
2881 4771 3010 4825 fuit.
3044 4767 3311 4824 Scribam
3345 4768 3541 4854 tamen
3573 4764 3748 4854 atq-ue

327 4845 602 4922 εδέίκνυτο
626 4845 649 4896 γ’
686 4866 1004 4942 ὑπογραφέα
1034 4845 1091 4920 δέ
1119 4866 1207 4921 καὶ
1238 4845 1596 4942 ἀναγνῶστην
1691 4869 1788 4921 τοῦ
1836 4865 1949 4940 Λέμ

2095 4845 2452 4936 anagnosten
2503 4865 2744 4934 insuper
2783 4860 2985 4926 fuisse,
3009 4857 3332 4930 praestitum
3373 4851 3475 4942 his
3503 4845 3745 4942 functio-

328 4950 464 5028 6ρου
493 4959 515 4991 ⁷
556 4937 944 5028 Ἡρακλείδης,
985 4952 1056 5009 δι’
1104 4956 1178 5010 ὧν
1219 4937 1372 5027 αὐτῷ
1428 4953 1830 5030 έξυπηρετεῖτο,
1856 4937 1949 5029 mi;

2095 4956 2267 5012 nibus
2324 4952 2640 5010 Heraclida;
2699 4951 2938 5007 Lembro
2999 4945 3414 5008 ministerium,
3463 4937 3743 4994 indicium

329 5044 458 5120 έσχε
507 5045 886 5119 γνωρίζεσθαι.
936 5049 1032 5099 Ἠν
1091 5041 1148 5101 δὲ
1232 5046 1323 5100 καὶ
1410 5045 1634 5120 θρεπτὸς
1708 5045 1949 5103 Κινναίοι

2098 5046 2250 5102 fecit.
2305 5043 2434 5100 Fuit
2478 5047 2534 5098 et
2580 5041 2855 5098 alumnus
2904 5037 3143 5093 Cinnaei.
3187 5032 3502 5103 Scripsisse
3551 5030 3744 5083 autem

1688 5162 1864 5219 VARI
1878 5164 1932 5218 Ε
1973 5161 2390 5218 LECTIONES.

406 5273 451 5346 ξι
481 5269 659 5346 ὅλῳς]
689 5266 878 5330 ἄλλως
910 5273 980 5346 ᾼ-
1057 5269 1104 5305 ’⁸
1132 5289 1289 5346 sem
1321 5269 1434 5346 91
1479 5270 1688 5346 "-16in
1720 5285 1912 5346 nonae
1940 5267 2180 5346 αιέτετξγο.
2221 5267 2269 5346 Ῠ⁷
2318 5264 2466 5346 ειδτῷ
2497 5269 2591 5346 es
2635 5260 2699 5346 δδ.
2730 5261 2875 5346 eis?
2905 5259 2985 5346 ςῗο
3063 5259 3109 5294 ⁹⁸
3151 5255 3206 5345 5}
3252 5262 3371 5346 Αμί
3413 5250 3489 5346 δῖ
3520 5250 3610 5308 καί
3645 5250 3734 5346 ς

337 5344 384 5379 θ’
414 5340 470 5397 δέ
501 5327 740 5416 εάρξλΑ,
775 5410 792 5416 Α
823 5347 837 5380 ¹
866 5327 1506 5416 φιλοφρονόὗν-ταςδς.-
1533 5343 1554 5378 ³
1593 5327 1790 5416 αὐτούς
1832 5339 1942 5416 ς.-
1992 5339 2014 5374 ³
2046 5339 2184 5416 _libr_'i
2213 5327 2606 5416 άποὸρυκολεῖ.
2683 5336 2706 5370 ⁴
2727 5332 2815 5388 ἐπὶ
2849 5327 3072 5394 ’τοῦτοις
3121 5334 3250 5386 πᾶσι
3469 5328 3490 5362 ⁵
3536 5327 3748 5380 κανονί-

344 5420 523 5484 ζονται
559 5413 643 5489 ς.
720 5413 744 5448 ⁸
775 5405 1072 5488 λογισμοῖς
1099 5418 1144 5470 Α
1175 5429 1190 5470 :
1223 5405 1414 5490 λόγοιξ
1445 5413 1527 5487 ς.
1604 5415 1624 5450 ⁷
1661 5417 1759 5467 τοῦ
1789 5405 2066 5486 Λέμόρου]
2096 5405 2312 5484 Λέμϐος
2344 5409 2744 5467 Casaubonus.

1936 5518 2169 5576 NOTE.

1065 4420 1218 4475 ΣΙΓ¹.

2116 5620 2232 5684 bus,
2281 5622 2337 5675 et
2384 5617 2598 5676 clarius
2644 5616 2849 5673 Sextus
2896 5613 3169 5688 Empiric.
3216 5612 3316 5669 lib.
3366 5627 3429 5667 tu
3471 5609 3747 5682 Pyrrhon.

419 5625 529 5694 (16)
577 5621 977 5698 Προηγσύμενᾴ
1035 5643 1095 5678 τε
1140 5623 1273 5698 καὶ,
1309 5621 1820 5698 ἀποπροηγούμενα
1876 5638 2004 5698 qua}

2114 5693 2310 5764 Hypot.
2339 5707 2467 5764 cap.
2498 5690 2588 5758 24,
2623 5688 2750 5745 init.

356 5693 806 5769 dicantur'apud
834 5693 1084 5764 Stoicos,
1119 5696 1349 5753 docebit
1386 5704 1438 5752 te
1465 5693 1660 5754 Cicero
1688 5693 1750 5751 in
1781 5696 1854 5751 De
1882 5693 2006 5764 ﬁni-
