4142 6214
430 332 545 391 699

1624 331 1883 391 ΡΗΟΤΙΙ
1930 329 2466 392 ΡΛΤΒΙΑΗΟΗᾹΞ
2508 335 2549 394 C
2564 336 2628 393 P.

3713 338 3838 398 700

432 464 716 520 Asiaticas
780 480 871 519 res
915 464 1077 518 libris
1134 464 1355 530 decem,
1389 468 1445 518 et
1493 465 1563 519 de
1612 470 1845 535 Europa:
1898 464 2072 519 rebus

2193 464 2397 536 Γράψαι
2460 464 2515 518 δὲ
2571 466 2660 519 τὸν
2708 462 2874 537 ἄνδρα
2930 468 3122 517 τοῦτον
3181 466 3244 519 τα
3298 467 3435 519 κατὰ
3493 469 3592 535 τὴν
3652 468 3838 525 Ἀσίαν

434 554 597 607 libris
657 556 767 623 (17)
837 552 1218 624 quadraginta
1296 569 1497 608 novem
1568 554 1871 609 historiam
1948 571 2074 623 per-

433 643 706 709 texuisse,
742 642 1076 696 didicimus.
1114 642 1245 711 Ejus
1277 647 1471 697 autem
1502 643 1629 698 libri
1670 644 1785 712 (l8)
1818 644 2076 714 quinque

437 731 699 785 Rubrum
752 748 928 799 mare,
963 748 1205 802 quasque
1255 732 1321 784 ad
1376 732 1516 786 illud
1572 732 1879 803 pertinent,
1912 749 2080 802 expo-

435 825 598 874 nunt.
634 824 695 873 Et
727 820 846 876 haec
878 821 1112 891 quidem
1145 822 1336 875 omnia
1366 822 1613 892 ipsemet
1642 827 1898 877 extremo
1932 823 2076 877 libro

433 909 634 979 quinto
666 915 1105 966 commemorat.
1140 910 1243 965 Ubi
1278 916 1333 964 et
1363 912 1434 965 ob
1464 910 1607 965 alias
1640 920 1827 966 certas
1868 928 2077 966 causas

433 1016 465 1053 a
496 999 807 1054 scribendo
841 1017 903 1054 se
933 1017 1194 1055 cessasse
1244 1001 1343 1062 ait,
1384 1001 1651 1071 quodque
1704 1010 1900 1056 exacta
1949 1003 2075 1071 jam

432 1092 568 1142 aetas
600 1088 656 1142 in
690 1089 915 1143 senium
952 1094 1232 1159 vergeret.
1267 1090 1411 1142 Sunt
1444 1089 1543 1158 qui
1579 1094 1785 1158 praeter
1816 1090 1934 1145 haec
1966 1090 2077 1144 alia

430 1178 503 1232 ab
536 1177 630 1231 illo
664 1180 985 1246 conscripta
1018 1179 1276 1244 tradunt,
1310 1194 1437 1247 quas
1488 1178 1630 1231 mihi
1682 1180 1874 1233 videre
1926 1197 2077 1234 nun-

431 1283 604 1336 quam
655 1266 913 1334 contigit.
974 1268 1116 1323 Nam
1168 1276 1219 1321 et
1273 1267 1695 1336 Compendium
1744 1268 1906 1322 aiunt
1958 1285 2075 1323 uno

430 1357 577 1411 libro
633 1358 933 1427 reliquisse
981 1374 1205 1423 eorum,
1241 1374 1367 1428 quas
1396 1359 1467 1412 de
1499 1358 1693 1413 Rubro
1730 1359 1875 1412 mari
1926 1360 2075 1413 scri-

430 1446 674 1515 psisset;
710 1446 845 1500 item
879 1447 950 1499 De
983 1446 1327 1516 Troglodyti:
1361 1447 1537 1501 libros
1580 1446 1855 1517 quinque,
1892 1448 1991 1502 sed
2024 1452 2078 1503 et

428 1535 709 1604 Epitomcn
770 1536 951 1606 Lydes
1003 1537 1073 1589 ab
1127 1535 1471 1589 Antimacho
1532 1538 1796 1605 SCI‘ipltB;
1843 1552 2073 1591 rursum

428 1624 581 1680 aliud
618 1625 966 1679 Breviarium
1016 1642 1215 1680 eorum
1250 1642 1377 1696 quas
1408 1627 1477 1680 de
1508 1624 1847 1681 collectione
1888 1627 2075 1681 admi-

430 1714 701 1769 rabilium
754 1720 1059 1771 ventorum
1091 1718 1310 1787 scripta
1341 1722 1653 1773 exstarent.
1690 1717 2074 1772 Historiarum

430 1804 625 1859 adbazc
675 1806 955 1875 Excerpta
1004 1806 1417 1875 composuisse,
1454 1811 1627 1876 atque
1662 1808 1731 1861 de
1763 1808 2077 1862 amicorum

2190 1809 2293 1858 τῶν
2374 1807 2821 1881 συγγεγραφότων

437 1892 587 1948 inter
620 1894 775 1965 ipsos
807 1896 1248 1951 consuetudine.

504 2073 601 2126 Est
632 2077 823 2129 autem
858 2074 953 2129 hic
983 2076 1090 2139 vir,
1124 2079 1411 2145 quantum
1453 2075 1582 2145 ejus
1627 2076 1793 2130 libris
1822 2075 2083 2147 legendis

434 2177 780 2231 cognoscere
812 2168 996 2233 potui,
1024 2164 1469 2236 grandiloquus,
1496 2170 1551 2219 et
1569 2165 1873 2219 sententiis
1906 2166 2085 2220 abun-

433 2249 601 2303 dans.
638 2250 742 2314 Qui
778 2252 1057 2307 orationis
1091 2253 1491 2323 magnitudine
1524 2271 1589 2308 ac
1621 2254 1899 2324 dignitate
1933 2270 2085 2324 pra:-

434 2339 653 2393 caeteris
712 2340 947 2409 quidem
1002 2342 1231 2412 gaudet,
1284 2343 1382 2397 sed
1441 2342 1630 2397 verbis
1683 2342 2083 2399 selectioribus

434 2443 548 2482 non
584 2429 898 2484 admodum
933 2430 1161 2485 videtur
1192 2430 1481 2486 addictus.
1507 2432 1703 2502 Neque
1727 2440 1918 2487 tamen
1943 2432 2079 2485 dum

434 2516 676 2572 usitatas
701 2534 798 2588 per
821 2518 1016 2574 omnia
1040 2525 1468 2591 consuetasque
1493 2538 1656 2575 voces
1683 2539 1794 2575 non
1822 2520 2077 2587 adhibet,

432 2621 611 2661 novas
644 2607 767 2677 ipse
808 2610 1053 2663 format:
1083 2610 1195 2664 nisi
1238 2609 1384 2666 forte
1419 2612 1889 2682 usurpandorum
1922 2627 2083 2665 voca-

430 2693 704 2750 bulorum
737 2698 940 2753 artifex
980 2698 1296 2770 quispiam,
1334 2716 1539 2756 novam
1590 2700 1907 2772 quamdam
1942 2717 2084 2771 spe—

428 2785 576 2840 ciem
614 2788 1011 2857 praeferentem
1047 2791 1305 2861 phrasim
1335 2792 1404 2845 de
1450 2808 1562 2846 non
1597 2790 1757 2845 novis
1788 2792 2084 2848 vocabulis

432 2874 707 2930 effecerit.
741 2880 901 2939 Quod
948 2880 1180 2947 quidem
1230 2880 1542 2935 artiﬁcium
1590 2880 1889 2949 ingeniose
1937 2882 2080 2938 adeo

2186 548 2419 627 ἔγνωμεν
2469 556 2487 589 ⁸
2530 553 2581 607 ἐν
2634 550 2883 627 βιϐλίοις
2939 555 2973 605 ι’
3008 573 3019 584 ·
3064 554 3151 607 καὶ
3199 561 3303 608 τῶν
3338 555 3475 609 κατᾶ
3518 558 3618 624 τὴν
3656 559 3845 633 Εὐρώ-

2188 664 2294 711 πην
2340 641 2394 697 δὲ
2426 647 2445 679 ⁹
2487 644 2563 705 είς
2614 646 2655 697 θ’
2686 646 2775 699 καὶ
2821 646 2877 715 μ’
2900 643 3272 718 παρατείνεται
3306 645 3451 717 αὐτῴ
3491 649 3523 714 ἡ
3580 648 3792 722 ἱστορία
3828 669 3839 679 ’

2186 732 2332 787 ἀλλὰ
2363 736 2450 788 καὶ
2479 742 2514 789 ε’
2549 730 2741 809 βιϐλία
2770 737 2869 803 τήν
2912 736 3170 808 Ἐρυθρὰν
3212 736 3359 806 αὐτῷ
3405 742 3576 791 πᾶσαν
3629 739 3717 791 καί
3778 739 3847 793 τὰ

2187 825 2308 895 περὶ
2345 824 2544 894 ταύτην
2588 826 2940 898 ἐξιστορΟὖσι.
2976 826 3089 892 Τὴν
3143 823 3233 879 οὖν
3278 824 3577 899 εἰρημένην
3636 831 3845 883 ἅπασαν

2189 916 2505 990 συγγραφὴν
2567 918 2693 987 [282
2744 918 2833 986 [1.]
2901 914 2988 967 καὶ
3062 914 3217 975 αὐτὸς
3298 915 3383 969 ἐπὶ
3443 916 3727 971 τέλειτοῦ
3799 921 3847 972 ε’

2190 1000 2353 1076 λόγου
2415 1004 2488 1064 εἷς
2554 1006 2775 1075 μνήμην
2829 1001 3027 1077 ἀνὲίγει,
3063 1003 3116 1057 ἐν
3156 1005 3201 1074 ᾧ
3234 1005 3321 1057 καί
3381 1004 3678 1059 πεπαῦσθαι
3738 1013 3839 1060 τοῦ

2188 1092 2409 1169 γράφειν
2464 1093 2552 1148 δια
2608 1094 2755 1157 τινάς
2804 1117 2859 1149 τε
2909 1094 3085 1156 αἰτίας
3128 1094 3297 1167 ἄλλα,
3329 1096 3418 1149 καὶ
3476 1096 3557 1150 ὅτι
3615 1098 3680 1151 τὰ
3741 1104 3843 1166 τῆς

2188 1182 2407 1250 ἡλικίας
2468 1184 2753 1238 ἀποκλίνοι
2813 1184 2947 1251 πρὸς
3004 1185 3063 1237 τὸ
3126 1181 3345 1258 ἔξωρον.
3400 1185 3554 1255 Πλήν
3602 1208 3663 1259 γε
3708 1187 3846 1240 εἰσίν

2189 1270 2239 1325 ο⁹ί
2300 1293 2455 1348 φασιν
2506 1273 2665 1327 αὐτὸν
2722 1274 2809 1327 καὶ
2860 1271 3041 1347 ἐτέρας
3110 1274 3537 1351 συγγεγραφέναι
3596 1297 3851 1350 πραγμα-

2186 1361 2350 1427 τείας,
2384 1363 2457 1414 ὧν
2505 1364 2667 1433 ἡμεῖς
2720 1360 2906 1416 οὐδένα
2953 1360 3166 1416 οὐδέπω
3218 1364 3264 1399 ¹⁰
3314 1363 3489 1435 ἴσμεν,
3536 1365 3847 1435 Ἐπιτομὴν

2190 1448 2244 1503 δὲ
2277 1450 2433 1504 αὐτόν
2466 1473 2593 1527 φασι
2653 1456 2759 1505 τῶν
2803 1451 2924 1523 περὶ
2957 1460 3055 1521 τῆς
3089 1454 3348 1525 Ἐρυθρᾶς
3398 1452 3676 1519 θαλάσσης
3716 1454 3848 1507 ἀνα-

2188 1541 2583 1613 γεγραμμένων
2624 1542 2677 1593 ὲν
2735 1541 2809 1593 ένί
2858 1542 3104 1608 συντάξαι
3158 1536 3385 1612 βιϐλίῳ,
3433 1540 3520 1595 καὶ
3585 1543 3693 1613 μὴν
3754 1544 3847 1595 καὶ

2187 1630 2315 1701 Περὶ
2363 1626 2759 1703 Τρογλοδυτῶν
2824 1623 3019 1701 βιϐλία
3073 1634 3128 1693 ε’,
3190 1626 3331 1681 ἀλλὰ
3391 1629 3481 1681 καί
3531 1630 3841 1700 Ἐπιτομὴν

2226 1722 2251 1731 ς.
2325 1717 2336 1737 ν
2547 1718 2555 1733 ρ
2774 1714 2821 1733 ιη
3039 1714 3050 1731 ς
3156 1715 3165 1732 ι
3321 1713 3367 1733 »ε
3533 1718 3545 1742 ι
3789 1720 3802 1733 ς

2186 1736 2284 1783 της
2345 1724 2670 1789 Αντιμαχου
2716 1725 2919 1785 Λυοης,
2961 1737 3050 1770 και
3099 1713 3264 1769 παλιν
3314 1715 3490 1785 αλλ-ην
3555 1720 3848 1787 Επιτομην

2916 1804 3037 1876 περὶ
3124 1809 3444 1881 συναγωγῆς
3526 1806 3847 1877 Θαυμασίων

2194 1896 2425 1966 ἀνέμων,
2461 1894 2693 1970 ἐκλογάς
2743 1917 2798 1949 τε
2838 1896 3094 1969 ἱστοριῶν
3142 1896 3304 1949 αὐτὸν
3354 1896 3599 1966 συντάξαι
3654 1900 3718 1966 η,
3752 1898 3850 1951 καὶ

2193 1984 2315 2057 περὶ
2362 1992 2461 2052 τῆς
2494 1982 2832 2060 προσφιλοῦς
2864 1984 3107 2057 ὁμιλίας.

2265 2074 2415 2126 Ἐστι
2459 2070 2514 2126 δὲ
2554 2072 2605 2143 ἐξ
2638 2074 2709 2126 ὢν
2741 2074 2830 2127 τὸν
2862 2071 3029 2145 ἄνδρα
3058 2072 3185 2135 τοὺς
3232 2072 3435 2149 λόγους
3474 2074 3639 2129 αὐτοῦ
3689 2072 3851 2128 διελ-

2193 2162 2372 2223 θόντες
2424 2161 2751 2236 ἐπέγνωμεν,
2810 2162 3240 2237 μεγαλοπρεπής
3288 2184 3346 2217 τε
3397 2165 3484 2217 καί
3549 2164 3851 2235 γνωμολο-

2192 2252 2575 2327 γικὸς,καῖτῷ
2608 2253 2701 2324 μὲν
2732 2257 2828 2305 τοῦ
2862 2250 3035 2326 λόγου
3072 2252 3284 2326 μεγέθει
3318 2254 3406 2306 καὶ
3439 2253 3700 2324 ἀξιώματι
3729 2258 3851 2307 τῶν

2194 2341 2379 2396 ἄλλων
2412 2341 2625 2413 μᾶλλον
2660 2343 2897 2416 χαίρων,
2922 2341 3093 2410 λέξεσι
3129 2342 3311 2415 μέντοι
3344 2341 3563 2417 λογάσιν
3604 2342 3665 2395 οὐ
3698 2344 3847 2396 πάνυ

2193 2431 2667 2504 προστεθειμένος,
2713 2429 2835 2485 οὐδὲ
2877 2429 2963 2484 διὰ
3011 2436 3117 2485 τῶν
3166 2430 3364 2502 ἐθίμων
3408 2430 3461 2484 δέ
3509 2428 3597 2484 διὰ
3646 2434 3847 2493 ’παντὸς

2193 2521 2585 2594 πορευόμενος,
2618 2525 2813 2595 γεννῶν
2857 2517 2913 2573 δὲ
2964 2520 3123 2581 αὐτὸς
3166 2520 3225 2574 οὐ
3270 2520 3462 2590 λέξεις,
3496 2519 3622 2574 ἀλλ’
3676 2520 3730 2574 εἷ’
3764 2540 3849 2581 τις

2192 2609 2364 2672 ἄλλος
2401 2612 2444 2647 ¹²
2486 2608 2820 2683 δημιουργὸς
2879 2616 2977 2676 τῆς
3036 2609 3158 2684 περὶ
3214 2610 3309 2670 τὰς
3351 2608 3521 2678 λέξεις
3560 2612 3845 2683 χρήσεως,

2190 2702 2382 2769 καινήν
2430 2720 2548 2753 τινα
2608 2701 2682 2771 μὴ
2722 2704 2932 2760 καιναῖς
2967 2700 3012 2733 ¹³
3039 2697 3385 2772 κεχρημένος
3420 2698 3594 2768 λέξεσι
3639 2719 3848 2775 φαντα-

2192 2789 2304 2843 σίαν
2362 2790 2676 2861 πέμπουσαν
2742 2792 2786 2824 ¹¹⁵
2839 2785 3097 2841 ἀποτελεῖ
3146 2790 3245 2857 τὴν
3286 2790 3477 2866 φράσιν
3516 2808 3527 2820 ·
3572 2785 3709 2840 οὕτω
3781 2784 3845 2840 δὲ

2194 2884 2484 2955 προσφυῶς
2536 2872 2905 2933 ὑποϐάλλεται
2957 2878 3056 2945 τήν
3102 2879 3313 2951 πρᾶξιν,
3346 2877 3419 2937 ὡς
3477 2880 3575 2945 τήν
3619 2896 3675 2929 τε
3724 2896 3853 2929 και-

432 2964 537 3018 tibi
574 2966 833 3033 subjicit,
862 2972 923 3020 ut
947 2984 1049 3022 nec
1074 2970 1405 3024 innovatum
1442 2970 1758 3041 quidquam
1790 2970 2075 3039 videatur,

2190 2967 2446 3039 νοτομίαν
2500 2969 2573 3039 μή
2618 2964 2791 3020 δοκεῖν
2834 2966 2969 3019 εἶναι
3014 2966 3382 3037 καινοτομίαν,
3414 2964 3503 3018 καὶ
3562 2966 3624 3019 τὸ
3682 2966 3853 3041 σαφὲς

432 3069 537 3107 nec
587 3054 775 3109 minor
823 3056 921 3123 sit,
970 3073 1143 3127 quam
1187 3060 1237 3113 si
1279 3063 1523 3113 usitatas
1567 3060 1860 3115 attulisset
1906 3076 2072 3115 voces

434 3142 839 3211 perspicuitas.
868 3144 1054 3199 Utitur
1083 3148 1255 3201 etiam
1288 3149 1613 3215 sententiis,
1640 3165 1765 3219 qua:
1791 3150 1919 3218 ejus
1945 3167 2074 3220 pru-

435 3229 690 3284 dentiam
737 3248 851 3285 non
904 3233 1119 3300 minus,
1158 3251 1329 3304 quam
1374 3236 1721 3291 industriam
1771 3239 2075 3293 manifeste

432 3316 747 3372 declarant.
791 3322 873 3374 Ad
926 3323 1228 3377 verborum
1280 3325 1414 3379 item
1466 3324 1933 3381 immutationem
1984 3344 2073 3382 re-

433 3409 579 3462 ctius
628 3414 1065 3482 assumendam,
1100 3414 1329 3484 egregie
1361 3432 1471 3484 prae
1504 3416 1724 3470 caeteris
1774 3433 2072 3486 compara-

433 3502 527 3553 tus
577 3504 682 3554 est.
734 3500 1171 3558 Jucunditatem
1235 3521 1422 3574 porro,
1485 3507 1758 3577 quodque
1816 3508 2073 3560 animum

434 3588 786 3655 demulcere,
826 3596 926 3645 aut
973 3592 1297 3648 diffundere
1346 3601 1539 3664 queat,
1581 3594 1806 3649 occulte
1856 3596 2071 3666 passim

434 3695 499 3733 ac
531 3678 779 3734 latenter
808 3682 846 3734 1
866 3683 901 3734 7
921 3684 953 3735 Ι
985 3682 1057 3752 (b)
1084 3699 1184 3752 per
1206 3687 1389 3737 totum
1425 3701 1571 3754 opus
1601 3685 1963 3740 disseminat.
1989 3686 2073 3739 Ad

434 3772 635 3839 tropos
685 3786 917 3839 quoque
962 3770 1060 3825 ubi
1110 3788 1171 3826 se
1203 3771 1525 3842 applicarit,
1563 3774 1688 3828 sine
1739 3774 1854 3829 ullo
1901 3774 2075 3828 mole-

435 3858 557 3912 stiae
607 3874 785 3913 sensu
839 3858 970 3913 illos
1020 3860 1271 3916 adhibet.
1309 3861 1471 3927 Quod
1505 3862 1735 3932 quidem
1772 3864 1828 3916 in
1861 3880 1926 3919 eo
1956 3863 2076 3917 effi-

436 3947 513 4001 cit
542 3964 655 4001 non
688 3948 995 4003 verborum
1043 3948 1169 4019 ipsa
1210 3967 1309 4019 per
1340 3968 1400 4005 se
1433 3953 1831 4019 commutatio,
1864 3954 1963 4006 sed
1998 3953 2079 4006 in-

436 4036 676 4107 geniosa
722 4038 989 4107 quaedam
1040 4042 1097 4092 et
1144 4039 1341 4094 suavis
1371 4039 1443 4093 ad
1484 4057 1576 4095 res
1625 4040 1768 4095 alias
1816 4038 2078 4095 transitio

436 4130 611 4196 atque
657 4130 973 4183 conversio.
1011 4128 1231 4182 Etenim
1285 4146 1494 4184 nomen
1547 4148 1647 4202 pro
1695 4131 1867 4185 verbo
1914 4147 2079 4185 assu-

437 4231 613 4280 mere,
648 4232 990 4287 rursumque
1040 4218 1280 4272 verbum
1333 4219 1388 4272 in
1441 4235 1650 4273 nomen
1697 4223 2079 4288 commutare,

436 4320 601 4359 voces
651 4322 878 4377 quoque
928 4308 985 4361 in
1027 4308 1346 4362 orationem
1397 4309 1741 4374 diffundere,
1779 4317 1831 4364 et
1861 4310 2077 4365 oratio-

2190 3057 2288 3111 οὐκ
2318 3052 2541 3111 ἔλαττον
2590 3060 2692 3109 τῶν
2724 3054 2770 3127 ἐξ
2814 3054 2966 3116 ἔθους
3008 3053 3199 3123 λέξεων
3245 3052 3522 3127 παρέχειν.
3560 3054 3850 3127 Κέχρηται

2185 3144 2241 3200 δὲ
2289 3148 2376 3200 καί
2428 3145 2673 3220 γνώμαις
2721 3146 2781 3200 τὸ
2830 3146 3083 3218 νουνεχὶς
3126 3146 3213 3198 καὶ
3264 3141 3590 3216 δραστήριον
3648 3140 3853 3211 ἐπιδη-

2184 3234 2426 3296 λοῦσαις.
2470 3235 2694 3308 Τροπᾶς
2751 3232 2806 3288 δὲ
2862 3232 3137 3304 ὑπελθεῖν,
3171 3232 3221 3287 εἶ’
3266 3254 3349 3294 τις
3408 3230 3601 3301 ἄλλος,
3646 3230 3845 3306 ἄριστα

2184 3325 2684 3397 παρεσκευασμένος
2739 3325 2799 3378 τὸ
2871 3325 2967 3395 μὲν
3032 3320 3134 3391 ἡδὺ
3180 3323 3269 3375 καὶ
3339 3320 3546 3391 κηλοῦν
3606 3320 3697 3374 καὶ
3740 3323 3841 3388 τήν

2184 3414 2369 3488 ψυχὴν
2402 3410 2620 3485 διαχέον
2674 3410 2990 3477 λεληθότως
3025 3408 3092 3464 δι’
3125 3409 3259 3463 ὅλου
3300 3407 3598 3483 διασπείρει
3643 3412 3687 3443 ¹⁸
3732 3414 3832 3462 τοῦ

2183 3504 2524 3575 γράμματος,
2559 3501 2634 3563 εἰς
2690 3504 2899 3573 τροπὴν
2971 3499 3025 3555 δὲ
3080 3500 3161 3553 ὅτι
3204 3502 3611 3573 παρενήνεκται,
3672 3496 3832 3553 οὐδε-

2190 3592 2312 3662 μίαν
2350 3591 2525 3660 λύπην
2569 3588 2840 3657 δηλοῦσαν
2898 3592 3107 3666 ἀφίησι.
3146 3595 3302 3643 Ποιεῖ
3360 3586 3416 3643 δὲ
3474 3588 3620 3658 αὐτῷ
3665 3592 3831 3641 τοῦτο

2190 3680 2425 3752 μάλιστα
2457 3680 2587 3754 οὐχὶ
2619 3683 2651 3748 ἡ
2684 3684 2791 3733 τῶν
2840 3679 3034 3751 λέξεων
3068 3678 3205 3745 αὐτή
3255 3680 3371 3731 καθ’
3414 3678 3608 3745 ἑαυτὴν
3669 3698 3835 3748 μετα-

2187 3764 2352 3838 ϐολὴ,
2378 3768 2503 3823 ἀλλ’
2536 3773 2568 3838 ἡ
2622 3770 2726 3823 ἀπὸ
2773 3769 3105 3842 πραγμάτων
3159 3767 3353 3840 ἑτέρων
3390 3767 3464 3829 εἰς
3509 3762 3657 3836 ’ἔτερα
3690 3766 3836 3835 μετα

2184 3880 2332 3920 τινος
2390 3866 2559 3937 σοφῆς
2616 3860 2703 3913 καὶ
2754 3859 3021 3933 ἠρεμαίας
3085 3857 3508 3932 μεταχειρίσεως
3559 3857 3599 3889 ¹⁶
3660 3855 3835 3925 μετά-

2188 3944 2347 4011 616i;
2386 3970 2443 4003 τε
2473 3950 2557 4002 καὶ
2615 3950 2957 4021 μετατροπή.
2999 3946 3173 4003 Ἀλλὰ
3217 3948 3319 4021 γὰρ
3378 3946 3465 3998 καὶ
3527 3938 3841 3997 ἀντιλαὸεῖν

2192 4039 2285 4111 μὲν
2320 4034 2491 4110 ὄνομα
2524 4038 2787 4109 ῥήματος,
2821 4038 3051 4109 ἀμεῖψαι
3092 4035 3146 4090 δὲ
3187 4036 3249 4090 τὸ
3292 4034 3440 4109 ῥὴμα
3501 4032 3576 4095 εἷς
3634 4029 3837 4103 ὄνομα,

2190 4128 2279 4181 καὶ
2340 4126 2499 4180 λῦσαι
2548 4128 2641 4198 μὲν
2673 4125 2841 4197 λέξεις
2875 4126 2949 4186 είς
2994 4126 3214 4199 λόγους,
3259 4128 3575 4198 συναγαγεῖν
3629 4120 3686 4175 δὲ
3739 4119 3842 4175 λό-

2191 4239 2284 4293 γον
2339 4217 2413 4279 εἷ’ς
2476 4217 2641 4270 τύπον
2709 4216 2998 4287 ὀνόματος,
3051 4212 3270 4276 οὐδενὸς
3334 4210 3843 4285 ἀνεπιτηδειότερος

2198 4308 2225 4323 ν
2291 4305 2315 4327 )Ῑ
2592 4305 2603 4321 \
2843 4306 2854 4320 ι
2980 4304 2988 4321 Ι
3382 4299 3462 4319 ’κολ
3571 4296 3595 4317 μ’
3812 4304 3838 4314 ν

2186 4327 2260 4359 ω]
2295 4327 2465 4378 ισμεν.
2503 4312 2605 4359 Και
2640 4304 2895 4375 ζηλωτης
2930 4324 3021 4375 μεν
3058 4304 3165 4358 ἐστι
3199 4310 3531 4357 Θουκυοιοου
3570 4322 3624 4354 εν
3675 4322 3734 4355 τε
3768 4322 3842 4373 τῃ

3574 4394 3599 4404 η

2182 4397 2289 4451 τῶν
2350 4393 2711 4469 δημηγοριῶν
2775 4392 3031 4467 δαψιλείᾳ
3085 4414 3140 4447 τε
3197 4394 3285 4446 καὶ
3347 4390 3603 4453 διασκευῇ
3652 4390 3717 4455 ¹⁷,
3764 4395 3845 4461 τῷ

2186 4484 2458 4560 μεγαλείῳ
2516 4482 2573 4537 δὲ
2644 4486 2717 4555 μὴ
2780 4480 3105 4554 δευτερεύων
3163 4486 3261 4535 τοῦ
3312 4480 3479 4555 λόγου
3539 4484 3619 4551 τῷ
3680 4485 3845 4555 σαφεῖ

434 4568 833 4641 Thucydidem
876 4573 932 4627 in
984 4577 1364 4630 concionibus
1414 4580 1695 4647 apparatu
1728 4582 1783 4631 et
1816 4580 2076 4632 ubertate

2190 4574 2511 4648 παρελαύνει
2550 4573 2639 4627 τὸν
2689 4569 2874 4644 ἄνδρα.
2913 4570 3087 4626 Ἀλλὰ
3132 4573 3233 4645 γὰρ
3268 4572 3294 4623 ὁ
3330 4570 3423 4642 μὲν
3457 4568 3595 4643 ἀνὴρ
3644 4571 3842 4621 τοιοῦ-

434 4657 717 4723 imitatus,
781 4663 1186 4732 magnitudine
1243 4664 1521 4719 orationis
1580 4671 1788 4735 aaquat,
1852 4665 2077 4735 perspi-

2190 4683 2290 4731 τος,
2350 4662 2437 4716 καὶ
2516 4662 2578 4716 τὸ
2639 4662 2741 4715 ἀπὸ
2800 4664 2897 4729 τῆς
2960 4665 3348 4733 γραμματικῆς
3424 4656 3569 4732 ἔχων
3629 4655 3837 4715 κλέος’

431 4748 641 4804 cuitate
682 4753 872 4805 autem
919 4752 1090 4806 etiam
1140 4754 1335 4807 vineit.
1371 4754 1529 4808 Talis
1580 4756 1819 4809 omnino
1852 4755 1938 4809 vir
1970 4755 2075 4810 iste

2190 4752 2229 4806 εἷ’
2262 4751 2315 4806 δὲ
2355 4752 2445 4806 καὶ
2500 4752 2560 4805 τὸ
2592 4757 2691 4819 τῆς
2726 4753 3022 4823 ῥητορικῆς
3053 4748 3339 4821 ἐπώνυμον
3372 4748 3519 4818 αὐτῷ
3549 4749 3583 4814 ἡ
3621 4746 3701 4819 μὴ
3732 4748 3840 4815 νή-

430 4843 538 4906 est,
575 4839 648 4894 ab
682 4840 809 4911 ipsa
838 4859 1070 4914 quoque
1120 4844 1496 4912 grammatica
1546 4844 1791 4913 gloriam
1842 4861 2075 4899 assecu-

2190 4863 2355 4915 ςρουσα
2400 4845 2581 4919 ψῆφος
2630 4839 2729 4894 οὺκ
2775 4840 2988 4895 ἐπέθετο
3021 4860 3033 4872 ·
3082 4838 3227 4893 ἀλλὰ
3275 4839 3374 4913 γὰρ
3432 4835 3626 4910 ἔμοιγε
3689 4834 3846 4891 δοκεῖ

429 4933 546 4987 tus.
582 4930 682 4985 Cui
730 4931 840 4985 etsi
889 4932 1135 4987 rhetoris
1185 4937 1637 5003 cognomentum
1686 4933 2074 5005 improvidum

2190 4928 2335 4986 οὑδὲν
2395 4929 2619 4985 ἔλαττον
2682 4932 2721 4967 ⁸⁸
2768 4935 2876 4984 τῶν
2935 4932 3331 5006 γραμματικῶν
3375 4928 3435 4981 οὐ
3498 4924 3756 4999 δεύτερος
3803 4928 3840 4996 ἢ

1808 5079 2048 5134 νΑΗιιΕ
2094 5078 2394 5135 LECTION
2406 5079 2506 5133 ES.

1841 5196 1881 5229 ¹⁰
1913 5192 2125 5266 οὐδένα]
2160 5195 2277 5266 imo
2310 5190 2462 5266 οὐδέν
2488 5197 2588 5250 aut
2611 5188 2887 5264 οὐδεμίαν.

1909 5267 1953 5303 1⁵
1983 5264 2329 5339 κατασπείρει
2526 5267 2567 5302 ¹⁶
2604 5264 3044 5338 μεταχειρήσεως
3076 5267 3139 5318 Α.

438 4407 568 4445 nem
618 4392 673 4446 in
733 4395 985 4450 nominis
1034 4398 1197 4465 quasi
1242 4398 1483 4451 formam
1532 4415 1753 4469 cogere,
1787 4416 1957 4454 nemo
1989 4402 2075 4455 est

436 4480 723 4548 omnium,
758 4500 903 4552 quos
954 4486 1243 4551 novimus,
1293 4486 1399 4541 hoc
1450 4487 1573 4557 ipso
1625 4487 1877 4556 peritior.
1916 4490 2073 4543 Idem

2970 5191 3010 5227 ”
3045 5187 3475 5261 συντάξαι-αὐτόν
3685 5190 3729 5261 α
3752 5186 3858 5261 ξλ-

499 5191 518 5222 θ
542 5188 787 5265 ἔγνωμεν
811 5192 1211 5267 Αεέγνωσμένα
1403 5190 1497 5247 ⁹δὶ
1528 5196 1662 5249 add.
1696 5197 1759 5251 A.
1841 5196 1881 5229 ¹⁰
1913 5192 2125 5266 οὐδένα]
2160 5195 2277 5250 imo
2310 5190 2462 5247 οὐδέν
2488 5197 2588 5250 aut
2611 5188 2887 5264 οὐδεμίαν.
2970 5191 3010 5227 ίί
3045 5189 3290 5258 συντάξαι
3312 5188 3475 5243 αὐτόν
3685 5188 3782 5273 αξ

506 5282 529 5315 ς
568 5264 700 5315 add.
736 5266 801 5315 A.
886 5267 924 5299 ¹⁸
954 5270 1135 5315 κεναῖς
1167 5265 1249 5315 ε’.
1330 5266 1375 5303 ¹⁴
1408 5264 1715 5315 πρέπουσαν
1744 5266 1826 5315 ε’.
1909 5267 1953 5303 1⁵
1983 5264 2329 5315 natae-iratos:
2363 5265 2445 5315 ε’-
2526 5267 2567 5302 ιθ
2605 5264 3044 5315 μετανειοήσεως
3076 5267 3139 5315 Α.
3220 5264 3259 5297 ¹⁷
3300 5259 3557 5315 διασκευῆ
3609 5260 3703 5313 καὶ
3756 5277 3782 5311 ο

3337 5280 3557 5332 ιασκευῃ
3609 5280 3703 5313 και
3756 5277 3859 5313 ou-

430 5253 529 5339 λος
568 5253 717 5339 add;
736 5266 801 5319 A.
825 5335 857 5339 ῃ
886 5253 1135 5339 [ξ’κεναῖς
1167 5253 1283 5339 ς.”
1330 5266 1375 5303 ¹⁴
1408 5264 1715 5339 πρέπουσαν

430 5265 529 5320 λος
568 5265 700 5316 add.
736 5266 801 5319 A.
886 5265 1135 5327 ¹⁸’κεναῖς
1236 5305 1245 5322 ι

426 5328 622 5404 ψιλείᾳ
819 5335 861 5371 1⁸
894 5335 1133 5392 ἇλάττων

2016 5475 2253 5531 ΝΟΤᾸΕ.

530 5587 803 5663 17)_Quos
834 5590 970 5663 citat
1020 5608 1132 5649 non
1184 5593 1363 5649 semel
1416 5595 1750 5663 Athenaeus,
1786 5598 1850 5649 ut
1879 5598 1937 5650 et
1969 5596 2083 5649 Lu-

2267 5591 2381 5663 (18)
2411 5590 2669 5663 Quorum
2702 5589 2872 5661 primi
2903 5593 2958 5645 et
2987 5589 3169 5659 quinti
3204 5590 3482 5658 Excerpta
3529 5592 3863 5645 occurrent

427 5658 589 5715 cian.
620 5658 681 5716 in
706 5661 1027 5735 Macrobius,
1060 5681 1117 5721 ιι
1143 5665 1433 5727 Asiaticor.

2194 5662 2393 5735 pestea
2420 5664 2549 5721 cod.
2580 5662 2705 5722 250.
