4142 6214
327 370 444 431 701

1437 363 1981 427 BIBLIOTHECA.
2031 395 2106 407 ——
2149 362 2324 424 COD.
2372 365 2625 427 CCXIV.

3625 370 3743 431 702

320 505 440 554 τῶν
492 496 770 574 ῥητόρων,
813 495 881 550 δι’
937 497 1016 550 ὧν
1073 496 1162 550 καὶ
1220 497 1412 574 γράφει
1478 498 1569 550 καὶ
1630 494 1869 550 διδάσκει
1914 496 1975 562 ¹⁰,

2094 495 2340 552 aliorum
2382 498 2671 568 judicium
2718 514 2833 553 non
2889 498 3199 568 conceSsit,
3234 514 3360 554 mea
3406 504 3559 555 certe
3601 517 3737 558 sen-

323 587 770 667 καταφαίνεσθαι.

1081 856 1232 912 ΣΙΔ’.

319 943 652 1020 Ἱεροκλέους
726 946 853 1019 Περὶ
943 944 1240 1086 Πρὲγοίαςζ,
1285 946 1372 999 καὶ
1460 944 1805 1020 Εἱμαρμένης
1882 946 1970 1017 βι-

1100 1037 1149 1070 ια
1250 1059 1264 1072 σ

400 1107 738 1179 Ἀνεγνώσθη
830 1100 1046 1178 βιϐλίον
1093 1104 1426 1180 Ἱεροκλέους
1501 1106 1631 1180 Περὶ
1708 1103 1973 1178 Προνοίας

319 1195 412 1250 καί
470 1194 852 1268 Εἷμαρμένης,
911 1194 1001 1248 καὶ
1049 1202 1149 1264 τῆς
1211 1199 1308 1250 τοῦ
1370 1195 1448 1272 ἐφ’
1499 1197 1633 1266 ἡμῖν
1677 1195 1812 1268 πρὸς
1875 1195 1972 1262 τὴν

319 1287 450 1360 [549
499 1287 588 1358 3.]
619 1284 766 1339 θείαν
822 1284 1117 1359 ἡγεμονίαν
1169 1285 1489 1356 συντάξεως.
1524 1287 1676 1340 Ἔστι
1731 1285 1823 1356 μὲν
1883 1280 1972 1337 οὖν

321 1376 428 1442 τήν
474 1376 786 1446 προαίρεσιν
839 1372 1143 1451 φιλόσοφος
1192 1376 1220 1428 6
1266 1376 1426 1446 ἂνήρ,
1468 1377 1502 1442 ἡ
1566 1373 1622 1428 δὲ
1681 1374 1970 1449 συγγραφή

323 1462 474 1534 αὐτῷ
509 1460 968 1536 Ὀλυμπιόδωρον
1023 1465 1212 1537 κριτήν
1271 1463 1608 1537 προκαθίξει,
1637 1464 1695 1517 ὃν
1743 1463 1833 1516 καὶ
1874 1483 1974 1521 πα,

316 1557 550 1628 ρασχεῖν
596 1556 694 1607 τοῦ
741 1550 908 1628 λόγου
955 1553 1051 1614 τὰς
1084 1552 1337 1631 ἀφορμὰς
1369 1551 1699 1621 ὑποτίθεται,
1732 1551 1822 1606 καὶ
1879 1551 1971 1606 αύ-

310 1644 406 1696 τὸν
439 1639 644 1719 ἔχοντα
688 1646 786 1696 τοῦ
839 1641 1162 1719 φιλοσοφεῖν
1223 1638 1415 1716 ἔρωτα,
1451 1642 1513 1696 οὑ
1549 1642 1656 1715 μὴν
1690 1638 1814 1696 οὐδὲ
1873 1647 1972 1710 τῆς

316 1729 618 1796 πολιτικῆς
686 1730 882 1804 σοφίας
950 1729 1173 1805 ἄπειρον
1209 1751 1221 1763 °
1275 1733 1548 1807 ἐμπρέψαι
1609 1734 1733 1803 [283
1767 1732 1855 1803 IL]
1915 1751 1973 1785 τε

2088 588 2266 642 lentia
2315 605 2430 643 non
2483 590 3001 660 grammaticorum
3053 588 3266 656 solum,
3299 592 3398 645 sed
3447 608 3516 647 ne
3548 593 3739 649 rheto-

2086 692 2218 730 rum
2256 677 2490 747 quidem
2524 677 2627 733 ulli
2659 679 2952 734 secundus
2977 693 3112 734 cum
3141 679 3420 750 docendo,
3446 686 3568 738 tum
3601 683 3741 739 scri-

2085 764 2285 820 bendo
2319 765 2569 822 videtur.

2794 948 3025 1003 CCXIV.

2261 1035 2527 1092 Hieroclis
2559 1038 2632 1091 De
2663 1037 3024 1093 Providentia
3055 1047 3105 1093 ct
3136 1040 3267 1092 Fato
3300 1039 3431 1095 libri
3460 1057 3556 1095 vn.

2158 1123 2354 1179 Lectus
2402 1131 2490 1180 est
2541 1125 2821 1181 Hieroclis
2866 1127 2979 1197 (19)
3030 1126 3173 1182 liber
3206 1129 3276 1182 De
3306 1129 3656 1185 Providentia
3685 1136 3736 1186 et

2081 1212 2212 1266 Fato
2243 1212 2384 1283 (20),
2417 1219 2588 1283 atque
2617 1216 2686 1269 de
2720 1215 2941 1269 arbitrii
2975 1216 3160 1271 nostri
3209 1232 3341 1270 cum
3389 1217 3585 1272 divina
3635 1237 3734 1290 gu-

2081 1302 2424 1358 bernatione
2482 1305 2879 1376 congruentia.
2945 1309 3162 1361 Auctor
3219 1305 3314 1362 hic
3374 1308 3732 1378 professione

2084 1388 2490 1460 philosophus,
2526 1393 2617 1447 cui
2649 1391 2798 1448 liber
2829 1394 2954 1464 ipse
3003 1394 3481 1466 Olympiodorum
3523 1411 3732 1467 quem-

2089 1479 2220 1532 dam
2255 1480 2430 1533 veluti
2463 1496 2764 1536 censorem
2797 1483 3120 1549 constituit,
3153 1485 3246 1554 qui
3280 1487 3407 1554 ejus
3437 1485 3732 1540 scribendi

2084 1583 2318 1622 causam
2371 1570 2616 1636 dederit,
2665 1588 2825 1640 cum,
2875 1572 3257 1645 philosOphire
3310 1591 3419 1629 non
3481 1574 3737 1646 vulgaris

2089 1656 2414 1725 adamator,
2450 1675 2522 1713 ne
2555 1659 2742 1715 civilis
2772 1661 3008 1730 quidem
3046 1664 3340 1733 sapientiae
3372 1664 3533 1718 rudis
3558 1668 3734 1719 esset.

2085 1743 2318 1801 Clarum
2353 1748 2509 1802 enim
2543 1747 2932 1819 legationibus
2956 1751 3236 1807 Romanis
3260 1753 3459 1819 fuisse,
3487 1753 3737 1808 multas-

312 1820 420 1896 γὰρ
463 1821 806 1892 Ῥωμαϊκαῖς
856 1815 1190 1895 πρεσϐείαις,
1221 1821 1310 1875 καὶ
1361 1821 1550 1876 πολλᾶ
1598 1821 1687 1875 καὶ
1751 1820 1974 1895 μέγιστα

2089 1850 2193 1905 que
2235 1851 2298 1888 ac
2341 1815 2644 1906 magnase
2684 1839 2947 1894 barbaris
2997 1841 3273 1910 gentibus
3325 1815 3584 1897 Romano
3632 1842 3733 1897 ad-

311 1914 422 1964 τῶν
484 1905 776 1984 βαρϐάρων
822 1909 987 1964 ἐθνῶν
1038 1915 1108 1984 τῇ
1139 1911 1422 1984 Ῥωμαϊκῇ
1456 1912 1686 1984 συνάψαι
1721 1909 1872 1981 λήξει
1903 1911 1971 1978 9°,

315 1996 516 2060 α’ίτινες
556 1999 706 2071 αὐτῷ
748 2000 836 2053 καὶ
888 2003 995 2053 τῶν
1059 1999 1323 2073 μεγίστων
1387 2000 1512 2074 παρ’
1551 1999 1736 2062 αὐτοῖς
1793 2003 1969 2072 τιμῶν

315 2085 656 2157 κατέστησαν
711 2086 901 2145 αἶ’τιαι.
937 2089 997 2145 Ὁ
1054 2091 1148 2162 μὲν
1196 2092 1237 2125 ²¹
1297 2085 1777 2164 Ὀλυμπιόδωρος,
1836 2089 1972 2162 πρὸς

316 2179 374 2233 ’ὸν
411 2181 440 2233 6
471 2179 659 2253 λόγος,
689 2182 937 2240 τοιοῦτος
959 2197 972 2209 ⁸
1011 2179 1056 2251 ᾦ
1098 2176 1164 2246 δή
1206 2179 1296 2234 καὶ
1331 2177 1971 2254 παραμυθικοὺςλόγους

318 2268 346 2320 6
387 2265 722 2346 συγγραφεὺς
783 2265 870 2322 ἐπὶ
927 2266 1075 2324 τὲλει
1125 2273 1223 2322 τοῦ
1281 2266 1502 2341 πρώτου
1539 2263 1783 2342 βιϐλίου,
1817 2270 1973 2321 θετοῦ

318 2355 518 2417 παιδὸς
562 2351 852 2426 ἀποϐολὴν
899 2357 1262 2430 ποτνιωμένῳ
1293 2359 1340 2394 ²²
1378 2359 1465 2412 καὶ
1501 2357 1972 2430 σκυθρωπάζοντι,

318 2450 748 2524 προσενήνοχεν.
783 2450 843 2504 Ἦ
897 2448 945 2504 δ’
1001 2448 1297 2526 ἐπαγγελία
1360 2451 1460 2519 της
1516 2449 1796 2523 παρούσης
1849 2447 1976 2502 σκέ-

322 2543 476 2613 ψεως
536 2538 657 2614 Περὶ
727 2539 992 2611 Προνοίας
1045 2538 1155 2593 ἐστὶ
1217 2534 1496 2594 διαλαϐεἷν
1551 2542 1620 2611 τῇ
1679 2538 1974 2599 Πλάτωνος

319 2625 450 2700 δόξῃ
508 2629 595 2682 καὶ
657 2627 1078 2702 Ἀριστοτέλους
1131 2625 1580 2700 συνδιατιθεμὲνῳ
1613 2644 1626 2656 ⁸
1687 2628 1971 2682 συνάπτειν

312 2719 418 2792 γὰρ
454 2715 717 2791 βούλεται
761 2718 889 2778 τοὺς
919 2715 1114 2793 ἄνδρας
1173 2722 1292 2779 ταῖς
1325 2716 1528 2788 δόξαις,
1561 2715 1622 2771 οὐ
1664 2717 1800 2771 κατά
1846 2715 1973 2778 τοὺς

315 2805 528 2883 λόγους
567 2813 669 2876 τῆς
711 2809 979 2880 Προνοίας
1038 2808 1228 2881 μόνον,
1257 2805 1402 2861 ἀλλά
1445 2807 1534 2860 καὶ
1575 2805 1693 2860 ὅσοι
1735 2807 1834 2874 τὴν
1873 2809 1972 2880 ψυο

316 2898 430 2970 χὴν
488 2899 780 2972 φρονοῦσιν
824 2897 1110 2964 ἀθάνατον,
1150 2898 1239 2951 καὶ
1281 2893 1335 2950 εἷ’
1369 2917 1422 2950 τι
1460 2896 1583 2970 περὶ
1617 2896 1847 2969 οὐρανοῦ
1885 2895 1974 2951 καὶ

314 2985 533 3056 κόσμου
579 2984 794 3046 τούτοις
845 2983 1308 3062 πεφιλοσόφητάι.
1339 2986 1499 3042 "ant
1534 2983 1589 3038 δὲ
1618 2983 1746 3046 τοὺς
1778 2981 1972 3060 ἄνδρας

318 3074 398 3137 εἷς
441 3073 742 3152 διαφωνίαν
797 3071 1048 3147 ἔστησαν,
1078 3076 1308 3140 τούτους
1356 3077 1430 3138 εἰς
1481 3076 1546 3132 τὰ
1597 3076 1836 3150 μάλιστα
1882 3098 1971 3130 πε-

2076 1922 2346 1992 junxisse
2377 1925 2648 1995 imperio,
2675 1943 2798 1997 quas
2821 1928 2932 1998 ipsi
2957 1945 3188 1999 quoque
3209 1931 3278 1984 ad
3303 1945 3548 2002 magnos
3579 1931 3734 2002 apud

2083 2010 2210 2066 illas
2242 2013 2620 2082 magistratus
2654 2017 3044 2088 acquirendos
3075 2016 3226 2073 viam
3257 2019 3588 2074 straverint.
3625 2019 3740 2089 lgi-

2082 2103 2177 2154 tur
2231 2100 2700 2174 Olympiodorus,
2743 2106 2817 2161 ad
2865 2122 3041 2177 quem
3090 2107 3237 2162 liber
3285 2107 3561 2174 mittitur,
3605 2109 3739 2164 talis

2087 2189 2230 2258 fuit;
2267 2190 2340 2245 ad
2390 2209 2564 2262 quem
2621 2194 2860 2265 insuper
2901 2194 3050 2250 libro
3097 2196 3283 2266 primo
3333 2200 3588 2250 extremo
3634 2197 3737 2250 ad-

2083 2277 2280 2347 junxit
2308 2287 2511 2336 auctor
2539 2283 3022 2350 consolationem,
3055 2301 3184 2339 cum
3216 2283 3314 2341 ille
3343 2285 3592 2355 adoptivi
3631 2284 3735 2338 ﬁlii

2087 2367 2451 2425 amissionem
2484 2388 2660 2441 supra
2690 2374 2926 2428 modum
2963 2373 3190 2444 lugens,
3216 2391 3330 2429 non
3365 2374 3581 2430 dolenti
3617 2380 3738 2428 tan-

2087 2462 2215 2512 tum
2266 2462 2420 2513 esset
2464 2460 2681 2530 animo,
2718 2463 2817 2516 sed
2869 2463 3043 2517 etiam
3098 2462 3256 2518 vultu
3307 2463 3577 2518 tristiore.
3613 2464 3742 2532 Ipse

2090 2550 2285 2601 autem
2337 2551 2794 2604 commentarius
2844 2551 2917 2606 De
2963 2551 3342 2618 Providentia,
3387 2551 3742 2622 disputatio-
3805 2577 3808 2582 -

2091 2650 2225 2689 nem
2275 2636 2522 2706 praefert,
2567 2637 2692 2706 ejus
2741 2638 2844 2708 qui
2891 2654 3026 2709 erga
3070 2640 3330 2694 Platonis
3380 2657 3495 2693 non
3545 2638 3737 2705 aliter,

2090 2739 2265 2792 quam
2315 2741 2448 2795 erga
2494 2724 2832 2781 Aristotelis
2873 2727 3221 2782 sententiam
3255 2728 3449 2782 animo
3490 2729 3738 2782 affectus

2086 2816 2260 2868 esset.
2285 2813 2606 2870 Conciliare
2636 2817 2791 2870 enim
2826 2815 3030 2870 borum
3064 2815 3548 2886 philosophorum
3584 2817 3738 2870 inter

2086 2919 2150 2959 se
2181 2905 2484 2976 opiniones
2532 2907 2744 2976 studet,
2777 2923 2893 2962 non
2925 2907 3114 2962 solum
3148 2908 3206 2962 in
3240 2907 3310 2961 iis
3340 2924 3462 2978 quae
3495 2907 3564 2962 de
3598 2907 3734 2962 Pro-

2083 2992 2342 3049 videntia
2373 2993 2702 3065 disputant,
2725 3011 2924 3072 verum
2951 2995 3126 3051 etiam
3152 2995 3249 3051 ubi
3273 2996 3500 3052 animos
3523 2997 3733 3050 docent

2082 3097 2210 3138 esse
2257 3081 2645 3153 immortales,
2676 3090 2778 3140 aut
2811 3086 2882 3141 de
2911 3085 3052 3141 ccelo
3085 3085 3383 3156 quidpiam
3415 3101 3480 3140 ac
3509 3085 3730 3140 mundo

320 3164 638 3234 πλανῆσθαί
695 3186 752 3220 τε
809 3173 906 3235 τῆς
957 3171 1064 3221 τῶν
1123 3164 1330 3241 ἀνδρῶν
1371 3165 1676 3241 προθέσεως
1731 3166 1820 3220 καὶ
1873 3170 1972 3220 τοῦ

2089 3171 2261 3225 iidem
2313 3171 2824 3243 philosophantur.
2865 3175 3157 3244 Quotquot
3203 3178 3396 3229 autem
3442 3173 3542 3228 hos
3582 3175 3736 3229 inter

324 3253 571 3319 ἀληθοῦς
632 3254 874 3309 ἐκπεσεῖν
929 3257 974 3291 ³⁸
1027 3253 1392 3324 ἀποτείνεται,
1430 3257 1557 3317 τοὺς
1611 3257 1705 3329 μὲν
1755 3255 1974 3318 ἑκόντας

327 3341 472 3416 ἔριδι
515 3343 601 3397 καὶ
650 3344 876 3416 ἀπονοίᾳ
942 3349 1077 3418 σφᾶς
1118 3343 1316 3405 αὐτοὺς
1369 3344 1815 3418 προσαναθὲντας,
1847 3347 1976 3407 τοὺς

330 3431 393 3488 δὲ
455 3432 541 3487 καὶ
614 3432 892 3509 προλήψει
947 3435 1039 3488 καὶ
1093 3434 1300 3506 ἀμαθίᾳ
1359 3432 1821 3507 δεδουλωμένους.
1871 3434 1974 3490 Καὶ

326 3522 508 3578 πολὺν
552 3521 677 3583 τοὺς
733 3518 1036 3598 ἔμπροσθεν
1103 3531 1294 3593 στῆσαι
1345 3524 1536 3599 χορὸν,
1607 3524 1802 3599 μέχρις
1849 3524 1976 3578 ὅτου

325 3615 360 3681 ἡ
417 3611 744 3684 Ἀμμωνίου
790 3613 951 3688 σοφία
999 3610 1322 3687 διέλαμψεν,
1364 3614 1421 3667 ’ὀν
1472 3615 1562 3666 καὶ
1621 3611 1978 3668 Θεοδίδακτον

325 3700 710 3754 ἐπικαλεῖσθαι
771 3701 928 3773 ὑμνεῖ
959 3721 972 3733 ο
1033 3705 1222 3755 τοῦτον
1271 3703 1374 3777 γὰρ
1430 3701 1524 3763 τὰς
1569 3705 1678 3756 τῶν
1727 3700 1976 3756 παλαιῶν

327 3785 542 3861 ἀνδρῶν
599 3785 998 3862 διακαθάραντα
1058 3786 1236 3858 δόξας,
1285 3788 1375 3842 καὶ
1437 3790 1564 3851 τοὺς
1649 3789 1978 3863 ἑκατέρωθεν

327 3876 736 3954 ἀναφυομένους
812 3877 1318 3951 ἀποσκευασάμενον
1402 3876 1630 3954 λήρους,
1691 3880 1980 3951 σύμφωνον

330 3965 382 4020 ἐν
441 3975 559 4028 τοὶς
617 3965 921 4041 ἐπικαίροις
974 3989 1031 4022 τε
1087 3967 1177 4023 καὶ
1239 3968 1688 4045 ἀναγκαιοτάτοις
1725 3973 1832 4022 τῶν
1882 3965 1982 4022 δο-

331 4057 562 4131 γμάτων
595 4055 886 4118 Πλάτωνός
933 4077 990 4111 τε
1037 4058 1124 4111 καὶ
1159 4054 1570 4131 Ἀριστοτέλους
1617 4063 1716 4125 τήν
1755 4058 1979 4132 γνώμην

331 4144 634 4224 ἀποφῆναι.
682 4148 866 4203 Ταῦτα
935 4141 1024 4200 διὰ
1092 4154 1192 4216 τῆς
1268 4153 1478 4224 γραφῆς
1555 4147 1584 4201 6
1649 4145 1982 4219 Ἱεροκλέους

334 4234 500 4307 λόγος
536 4231 855 4304 σπουδάζων
883 4237 1265 4305 κατασκευάζει
1319 4236 1412 4308 μὲν
1455 4235 1489 4290 ’ὰ
1536 4235 1776 4298 ἐκείνους
1818 4236 1980 4313 φιλο-

330 4331 577 4399 τιμεῖται
611 4322 870 4398 δοξάζειν,
902 4325 1318 4404 ἂνταγωνίζεται
1360 4325 1416 4383 δὲ
1445 4328 1582 4402 πρὸς
1624 4329 1752 4390 τοὺς
1784 4327 1982 4383 ἐσπου-

334 4413 568 4475 δακότας
660 4416 930 4487 τάναντία,
1015 4415 1421 4492 Ἐπικουρείους
1520 4416 1578 4470 τέ
1666 4437 1810 4495 φημι
1893 4415 1981 4470 καὶ

918 4475 930 4487 ,
1247 4475 1256 4492 .
1409 4475 1418 4479 -
1678 4475 1687 4495 .
1729 4475 1761 4488 ..

332 4505 646 4574 Στωϊκοὺς,
686 4506 775 4560 καὶ
853 4504 968 4559 ὅσοι
1047 4504 1316 4562 Πλάτωνα
1376 4508 1469 4581 μὲν
1525 4502 1848 4561 ὑποδύονται
1894 4475 2061 4560 καὶῙ)

330 4593 751 4666 Ἀριστοτέλην,
783 4593 882 4649 οὐκ
934 4595 1107 4668 ὀρθῶς
1140 4592 1198 4650 δὲ
1243 4596 1310 4650 τὰ
1359 4593 1572 4650 ἐκείνων
1623 4595 1983 4671 εἰσηγοῦνται.

328 4683 441 4741 Καὶ
497 4685 606 4757 μην
669 4681 832 4746 ὅσους
891 4685 919 4739 6
975 4691 1076 4754 τῆς
1142 4683 1584 4762 γενεθλιαλογίας
1639 4686 1984 4760 ἀνηρτήσατο

330 4773 527 4842 πόνος,
579 4769 654 4827 δι’
703 4771 944 4848 ἐλὲῃίων
1003 4774 1052 4809 ²⁴
1123 4773 1260 4849 ἄγει,
1319 4774 1590 4850 σφαλερὰν
1654 4775 1833 4830 αὐτῶν
1886 4776 1986 4844 τήν

327 4862 464 4934 περὶ
523 4868 623 4931 τῆς
677 4862 1012 4936 εἱμαρμένης
1078 4862 1379 4927 ἐπιδεικνὺς
1450 4863 1627 4935 δόξαν.
1687 4865 1792 4921 Καὶ
1857 4864 1984 4928 τοὺς

332 4956 622 5025 μηχαναῖς
678 4953 723 4986 ³⁸
779 4971 919 5006 τισιν
973 4951 1009 5021 ἢ
1066 4953 1342 5029 γοητείαις
1400 4955 1499 5024 τήν
1559 4955 1820 5028 [Ιρῦνοιαν
1880 4958 1986 5008 τῶν

326 5039 510 5094 ὄντων
569 5039 953 5110 ἀποσκευάζειν
1006 5040 1334 5115 τολμῶντας
1408 5047 1525 5103 ταῖς
1587 5043 1806 5116 ὁμοίαις
1876 5047 1985 5097 τῶν

2086 3277 2146 3316 se
2196 3263 2506 3319 dissentire
2539 3281 2603 3318 ac
2638 3281 2898 3338 pugnare
2950 3267 3213 3321 arbitrati
3263 3275 3421 3333 sunt,
3482 3283 3582 3321 eos
3611 3266 3737 3320 lon-

2083 3350 2323 3421 gissime
2371 3353 2442 3408 ab
2491 3369 2692 3409 eorum
2744 3354 3033 3410 sententia
3082 3356 3385 3424 abductos,
3420 3372 3452 3409 a
3492 3355 3735 3410 veritate

2086 3441 2324 3497 omnino
2375 3442 2677 3498 aberrasse
2707 3444 3029 3511 contendit,
3061 3443 3204 3500 alios
3235 3460 3342 3498 sua
3377 3451 3580 3515 sponte
3605 3460 3738 3499 con-

2085 3531 2362 3588 tendendi
2406 3533 2598 3588 studio
2644 3539 2818 3603 atque
2851 3534 3004 3589 I72
3036 3534 3107 3602 (a)
3138 3534 3380 3588 vesaniae
3411 3549 3536 3588 sese
3567 3533 3738 3588 addi—

2087 3626 2304 3686 centes,
2338 3621 2482 3677 alios
2529 3628 2931 3693 praeoccupate.
2971 3621 3243 3692 opinione
3291 3628 3457 3692 atque
3500 3622 3738 3693 imperi-

2091 3712 2170 3766 tia
2199 3711 2498 3766 subactos.
2533 3716 2611 3766 Ac
2644 3712 2857 3781 prioris
2888 3711 3123 3781 quidem
3171 3711 3393 3765 ordinis
3446 3713 3738 3781 ingentem

2089 3798 2270 3853 fuisse
2303 3815 2612 3853 numerum
2648 3798 2844 3865 refert,
2877 3799 3062 3853 donec
3091 3798 3391 3852 Ammonii
3423 3797 3737 3866 aliquando

2091 3887 2377 3956 sapientia
2424 3886 2549 3942 orbi
2599 3887 2807 3955 illuxit,
2839 3903 3009 3956 quem
3059 3887 3235 3941 etiam
3286 3885 3566 3941 Divinilus
3613 3887 3738 3941 edo-

2089 3977 2236 4026 ctum
2265 3970 2543 4042 appellari
2576 3971 2874 4043 praedicat.
2907 3972 3072 4026 Hunc
3117 3971 3273 4026 enim
3323 3977 3581 4025 veterum
3615 3969 3739 4039 phi-

2086 4059 2463 4131 losophorum
2531 4061 2905 4132 opinionibus
2964 4061 3350 4131 perpurgatis,
3399 4063 3454 4114 et
3502 4058 3738 4114 resectis

2090 4167 2214 4220 quas
2271 4149 2545 4222 utrinque
2619 4158 2989 4206 excreverant
3062 4149 3255 4222 nugis,
3314 4150 3374 4204 in
3433 4148 3741 4220 praecipuis

2093 4240 2423 4311 quibusque
2449 4243 2505 4295 et
2536 4239 2789 4296 maxime
2821 4239 3164 4296 necessariis
3197 4237 3587 4310 dogmatibus,
3613 4252 3746 4292 con-

2094 4329 2326 4386 cordem
2385 4345 2514 4385 esse
2563 4328 2820 4384 Platonis
2872 4332 2928 4383 et
2975 4327 3308 4384 Aristotelis
3365 4327 3741 4392 sententiam,

2094 4419 2541 4474 demonstrasse.
2573 4423 2698 4472 Huc
2739 4417 2919 4489 igitur
2950 4415 3228 4472 Hieroclis
3259 4415 3495 4486 scriptio
3527 4431 3740 4487 magno

2095 4505 2286 4561 studio
2334 4505 2665 4574 connitens,
2697 4511 2755 4562 et
2796 4505 3153 4576 argumentis
3200 4503 3302 4559 illa
3350 4503 3578 4569 astruit,
3611 4520 3738 4576 quae

2095 4595 2254 4666 ipsos
2285 4595 2537 4652 sensisse
2574 4594 2910 4663 contendit;
2943 4599 3000 4650 et
3031 4593 3240 4649 acriter
3269 4608 3400 4648 cum
3432 4593 3502 4648 iis
3535 4597 3739 4658 certat,

2096 4685 2197 4757 qui
2229 4683 2580 4740 contrariam
2630 4683 2783 4738 tueri
2829 4688 3054 4754 partem
3105 4682 3295 4738 conati
3338 4687 3497 4738 sunt.
3530 4682 3741 4753 Epicu-

2096 4791 2225 4831 reos
2257 4773 2406 4841 dico,
2437 4791 2502 4828 ac
2547 4771 2793 4838 Stoicos,
2827 4778 2884 4828 et
2914 4776 3202 4844 quotquot
3250 4772 3390 4827 forte
3438 4772 3742 4825 Platonem

2095 4872 2269 4937 atque
2293 4863 2666 4919 Aristotelem
2696 4861 2897 4919 colunt
2927 4863 3184 4933 quidem,
3213 4864 3310 4916 sed
3342 4877 3544 4916 eorum
3567 4875 3742 4914 sensa

2096 4956 2291 5010 minus
2344 4957 2497 5009 recte
2551 4951 2859 5024 explicant.
2917 4952 3024 5008 Eos
3085 4953 3247 5017 item,
3299 4950 3399 5021 qui
3453 4949 3512 5004 in
3566 4964 3742 5019 gene-

2098 5044 2311 5101 thliaca
2364 5044 2652 5101 desudant
2699 5048 2842 5113 arte,
2895 5042 3214 5115 redarguit,
3275 5041 3417 5096 dum
3475 5038 3742 5097 fallacem

1693 5163 1933 5220 VARIIE
1972 5162 2388 5220 LECTIONES.

411 5263 458 5299 "
489 5257 732 5338 διδάσκει
750 5261 841 5338 καὶ
872 5264 1064 5338 γράφει
1098 5264 1205 5338 ς’.Δ
1257 5260 1472 5338 "Liger.
1498 5265 1590 5338 A._
1639 5263 1683 5298 ³⁸
1713 5261 1814 5338 μέν
1853 5259 1943 5315 οὖν
1970 5259 2189 5338 0ng

411 5283 458 5299 ι’
489 5283 727 5316 οιοασκει
750 5283 841 5316 και
872 5283 977 5338 γρα
1021 5283 1064 5318 ει
1098 5283 1136 5338 ε
1167 5308 1178 5320 .
1258 5283 1303 5300 ’ν
1333 5283 1472 5332 Λεξει
1498 5283 1559 5319 Δ.
1640 5283 1683 5298 υ
1720 5283 1814 5333 μεν
1853 5283 1943 5315 ουν
1987 5283 2091 5318 υΑ.
2127 5283 2166 5335 5
2264 5283 2308 5297 ··
2347 5283 2706 5335 ποτνιωμενῳ
2738 5283 3020 5336 περιαλγει
3059 5283 3116 5316 τε

323 5339 520 5390 πεσεῖν
552 5339 649 5388 τοῦ
679 5332 923 5404 ἀληθοῦς
1116 5337 1162 5370 Ἡ
1185 5333 1252 5390 δι’
1287 5333 1415 5410 ἐλέγ
1464 5356 1538 5389 ων
1563 5333 1856 5391 Bentleius
1887 5335 2043 5406 apud
2075 5335 2394 5391 Needham.
2429 5353 2486 5407 p.
2521 5337 2623 5392 440
2655 5353 2669 5394 :
2705 5332 3004 5412 διελέγχων

323 5408 362 5476 ἦ
402 5405 687 5481 γοητείαις
716 5413 847 5480 post
874 5409 1198 5481 τολμῶντας
1236 5409 1396 5481 ponit
1421 5353 1510 5481 ξ’,
1544 5407 1743 5464 addito
1778 5401 1834 5459 δὲ
1865 5410 1999 5478 post
2025 5405 2308 5480 πρόνοιαν.

1493 5453 1510 5480 ,
1544 5407 1743 5464 addito
1778 5405 1834 5459 δὲ
1865 5405 1999 5478 post
2025 5405 2308 5480 πρόνοιαν.

323 5408 362 5476 ἦ
402 5405 687 5483 γοητείαις
716 5413 847 5480 post
874 5405 1198 5482 τολμῶντας
1236 5409 1396 5481 ponit

2263 5264 2308 5297 ³³
2347 5263 2723 5336 ποτνιωμένῳᾼ
2738 5260 3022 5336 περιαλγεῖ
3059 5281 3116 5336 ἓ
3151 5258 3265 5336 ὄντι
3312 5258 3401 5314 καί
3433 5260 3512 5334 ς.
3592 5260 3637 5295 ³³
3667 5258 3748 5315 ἐκ-

3207 5335 3253 5368 ²⁵
3286 5337 3566 5407 μηχαναῖς
3603 5352 3743 5390 τισιν

1937 5523 1984 5581 Ν
1990 5524 2171 5584 OTIE.

378 5627 513 5713 ,(19)
557 5629 632 5686 De
683 5641 797 5699 quo
840 5625 1000 5684 Suid.
1034 5629 1092 5684 et
1121 5626 1323 5690 Liban.
1359 5625 1459 5684 lib.
1493 5642 1512 5682 ι
1541 5626 1713 5698 Epist.
1745 5624 1814 5681 ad
1842 5626 1988 5682 Aca-

329 5715 503 5757 cium.

2172 5624 2281 5695 (20)
2314 5622 2475 5680 Unde
2521 5623 2808 5752 impressa
2852 5624 3090 5684 Lutetiae
3140 5624 3406 5697 quaedam
3455 5634 3742 5698 excerpta,

2179 5695 2257 5752 ud
2287 5695 2423 5752 Fed.
2455 5697 2610 5752 More
2635 5695 2674 5752 l.

2100 5695 2257 5769 apud
2287 5695 2423 5756 Fed.
2455 5695 2674 5754 Morel].
