4142 6214
489 346 602 406 703
1690 348 1955 412 PHOTII
2002 353 2125 412 PA’]

2257 350 2389 410 HIC
2399 349 2527 408 HAS
2569 347 2686 408 ΟΡ.
3770 348 3893 408 704

487 495 686 536 eorum
718 496 847 536 esse
870 498 934 536 ac
953 480 1232 537 lubricam
1259 482 1326 534 de
1353 483 1466 537 fato
1489 483 1818 553 opinionem
1851 483 2123 540 ostendit.

2257 481 2428 554 λόγων
2493 472 2797 532 ὑποϐάλλει
2880 476 3155 550 βασάνοις.
3215 477 3311 530 Καὶ
3383 479 3623 533 καθόλου
3706 479 3893 555 φάναι,

486 569 605 623 Imo
628 577 679 623 et
703 571 798 638 qui
823 570 1244 625 Providentiam
1273 587 1463 626 rerum
1489 576 1814 627 creatarum
1839 590 2122 628 commen-

2255 569 2378 641 πρὸς
2455 566 2548 626 τὰς
2632 563 2938 638 ὑπολήψεις
3014 564 3278 618 ἐνίσταταί
3341 567 3538 632 πάσας,
3594 569 3714 620 ὅσαι
3792 570 3891 635 τὴν

484 657 557 711 tis
588 657 932 727 quibusdam
965 663 1064 713 aut
1096 659 1398 730 praestigiis
1442 659 1643 715 tollere
1686 663 1918 717 audent.
1955 662 2120 716 iidem

2252 657 2383 711 θείαν
2438 655 2536 710 οὐκ
2592 654 2724 708 εἶναι
2776 653 3136 726 Πρόνοιαν,ἣ
3200 653 3328 707 εἶναι
3387 656 3479 726 μὲν
3528 655 3745 732 φαύλην
3813 654 3888 722 δὲ,

482 763 723 816 prorsus
757 748 1042 803 rationum
1077 751 1244 818 quasi
1278 749 1696 819 quaastionibus
1744 751 2118 822 explorandos

1744 751 2131 822 explorandos
2242 745 2367 808 τοὺς
2399 742 2798 818 ἀμαθεστέρους
2838 744 3082 797 πείθουσι
3111 743 3373 815 νομίζειν.

477 833 736 902 subjicit.
754 834 1032 891 Utautem
1049 836 1223 890 simul
1250 837 1445 891 omnia
1464 838 1672 904 dicam,
1690 836 2645 906 adversusomnesillasOpiniones
2664 833 2934 902 insurgit,
2952 849 3075 903 quae
3092 833 3445 889 indoctiores
3466 851 3531 890 eo
3558 835 3887 903 adducunt,

481 930 541 976 ut
572 923 825 977 divinam
855 925 1280 980 Providentiam
1314 925 1399 980 vel
1431 928 1669 981 omnino
1703 943 1816 982 non
1850 945 1998 992 esse,
2025 927 2110 982 vel
2135 926 2355 982 nullius
2388 941 2514 980 esse
2548 922 2821 978 momenti
2845 937 2910 976 ac
2930 922 3252 990 despicatui
3285 923 3616 978 ducendam
3651 929 3883 995 putent.

555 1010 630 1064 Ex
663 1010 918 1068 Platonis
951 1013 1124 1082 igitur
1154 1015 1439 1068 sententia
1473 1015 1746 1086 supponit
1779 1015 1897 1071 haec
1925 1016 2122 1086 dispu-

2303 1011 2404 1066 Καὶ
2463 1011 2597 1064 κατά
2655 1008 2923 1065 Πλάτωνα
2971 1009 3098 1063 Θεὸν
3159 1010 3307 1080 αὐτῷ
3374 1012 3417 1045 ²⁶
3484 1011 3882 1084 προϋφίστησιν

479 1099 621 1154 tatio
653 1105 835 1154 Deum
873 1111 1078 1156 natura
1105 1109 1238 1156 ante
1274 1103 1433 1157 illam
1467 1103 1935 1174 [providentiam]
1969 1121 2115 1173 esse,

2247 1101 2504 1173 ἥσκέψις,
2539 1101 2715 1169 πάσης
2772 1097 3041 1176 ἐμφανοῦς
3096 1119 3154 1153 τε
3203 1100 3291 1152 καὶ
3341 1101 3570 1173 ἀφανοῦς
3605 1097 3883 1174 δημιουρ-

478 1188 635 1242 velut
686 1189 964 1245 universae
1017 1191 1188 1245 simul
1242 1192 1610 1263 aspectabilis
1641 1198 1697 1247 et
1729 1193 2114 1264 inspectabilis

2243 1191 2322 1266 γὸν
2358 1187 2794 1261 διακοσμήσεως,
2827 1189 2889 1256 ἣν
2930 1186 2988 1241 ἐκ
3031 1185 3263 1260 μηδενός
3304 1209 3466 1264 φησιν
3519 1189 3879 1262 ὑποκειμένου

481 1276 654 1345 hujus
705 1277 1025 1332 molitionis
1075 1279 1363 1350 opificem,
1397 1297 1573 1350 quam
1604 1297 1666 1335 ex
1703 1281 1864 1336 nulla
1895 1298 1952 1337 re
1983 1283 2117 1336 sub-

2244 1284 2563 1355 προαγαγεῖν
2592 1279 2681 1332 τὸν
2715 1277 2968 1351 τεχνίτην
3006 1296 3018 1308 ’
3061 1277 3242 1350 ἀρκεῖν
3282 1277 3385 1352 γὰρ
3425 1279 3574 1349 αὐτῷ
3624 1277 3697 1338 εἷς
3742 1277 3880 1334 ὑπό-

472 1365 628 1436 jecta
677 1365 858 1420 vulta
889 1382 988 1422 suo
1048 1367 1266 1423 artifice
1322 1371 1706 1440 productam:
1750 1376 1813 1424 ut
1855 1371 1948 1426 cui
1998 1371 2108 1425 sols

2246 1390 2413 1424 ιτασιν
2445 1373 2551 1422 τῶν
2614 1366 2784 1421 ὅντων
2843 1367 2904 1421 τὸ
2950 1366 3232 1439 βούλημα.
3267 1369 3375 1436 Τῆς
3442 1365 3498 1422 δὲ
3555 1376 3882 1438 σωματικῆς

477 1454 771 1510 sufﬁceret
802 1453 1093 1523 voluntas,
1128 1473 1241 1526 quo
1275 1472 1466 1513 rerum
1512 1465 1718 1515 natura
1751 1460 2113 1515 subsisteret.

2244 1460 2540 1519 ›ὐσιώσεως
2588 1461 2656 1530 τῇ
2707 1458 2981 1530 ἀσωμάτῳ
3026 1455 3454 1530 συντεταγμένης
3513 1455 3880 1535 δημιουργίᾳ,

479 1543 758 1598 (laterum
812 1561 1082 1615 corporea
1114 1547 1440 1603 substantia
1473 1565 1572 1620 per
1601 1551 1950 1605 creationem
1992 1565 2115 1605 cum

2240 1553 2434 1625 κόσμον
2484 1549 2534 1621 ἐξ
2585 1551 2785 1628 ἀμφοῖν
2834 1547 3192 1617 τελεώτατον,
3240 1546 3466 1604 διπλοῦν
3516 1570 3576 1604 τε
3623 1552 3739 1621 ἅμα
3790 1553 3876 1606 καὶ

479 1633 816 1702 incorporea
862 1635 1191 1703 conjuncta,
1225 1638 1505 1692 mundum
1538 1656 1606 1693 ex
1638 1644 1880 1710 utraque
1920 1644 2115 1694 natura

2245 1638 2341 1711 ἱνα,
2396 1647 2676 1709 συστῆσαι,
2720 1639 2769 1692 ἐν
2829 1640 2874 1710 ᾦ
2934 1637 3071 1711 ἄκρα
3114 1639 3199 1692 καὶ
3265 1638 3401 1709 μέσα
3451 1638 3540 1692 καὶ
3590 1637 3881 1694 τελευταῖα

478 1723 994 1793 perfectissimum,
1029 1726 1318 1797 duplicem
1359 1729 1530 1784 simul
1573 1734 1631 1784 et
1671 1747 1880 1796 unum,
1913 1730 2114 1785 consti-

2242 1733 2328 1799 τήν
2380 1728 2716 1801 κοσμοποιὸν
2759 1729 2949 1800 σοφίαν
2991 1727 3126 1781 κατὰ
3173 1727 3328 1802 φύσιν
3361 1723 3671 1801 διακρῖναι·
3709 1729 3782 1781 ὧν
3813 1730 3878 1783 τὰ

478 1813 671 1867 tutum
705 1829 872 1869 esse:
906 1815 963 1869 in
997 1831 1110 1885 quo
1141 1832 1396 1880 summa,
1432 1817 1644 1884 media,
1677 1823 1733 1874 et
1765 1819 1880 1872 ima
1915 1819 2112 1873 mundi

2241 1821 2326 1890 μὲν
2383 1820 2570 1895 πρῶτα
2638 1817 2839 1894 λογικά
2898 1813 3120 1887 οὒράνιά
3148 1837 3206 1871 τε
3234 1816 3323 1870 καὶ
3364 1817 3513 1876 θεοὺς
3561 1815 3877 1885 καλεῖσθαι,

479 1900 668 1970 opifex
717 1903 1001 1973 sapientia
1035 1905 1197 1972 juxta
1227 1906 1513 1976 cujusque
1547 1915 1809 1962 naturam
1853 1908 2114 1962 decreve-

2239 1911 2262 1964 Ξι
2293 1908 2350 1965 δὲ
2380 1914 2412 1979 ἡ
2441 1913 2554 1982 μετ’
2586 1909 2757 1964 ἐκεῖνο
2785 1910 2847 1962 τὸ
2891 1907 3055 1976 σῦστη
3069 1928 3141 1979 μα
3189 1903 3335 1984 ἔχειν
3379 1903 3550 1984 ἔλαχε
3581 1909 3743 1982 χώρα
3777 1907 3875 1963 λο-

480 1988 576 2043 rit.
613 1991 819 2045 Horum
854 1992 1040 2061 prima
1078 1993 1290 2048 ratione
1339 1996 1575 2063 praedita
1620 1996 1879 2060 caelestia,
1913 2002 1967 2052 et
1996 1997 2116 2052 deos

2236 2002 2379 2074 γικά,
2431 1999 2640 2071 αἰθέριά
2696 2019 2753 2053 τε
2817 1997 2906 2051 καὶ
2966 1997 3194 2070 ἀγαθοὺς
3271 1993 3532 2067 δαίμονας
3592 1995 3872 2069 ὀνομάζει,

481 2079 670 2133 vocari
701 2079 818 2134 ait:
853 2081 986 2144 Qua
1026 2098 1158 2137 vero
1211 2085 1478 2153 proximae
1511 2091 1640 2154 post
1672 2086 1824 2140 hunc
1856 2087 2117 2141 ordinem

2242 2091 2354 2161 :55'2
2387 2090 2471 2159 IL]
2531 2092 2637 2142 τῶν
2676 2107 2733 2140 τε
2793 2085 3174 2162 συμφερόντων
3233 2083 3540 2158 ἀνθρώποις
3600 2085 3878 2158 ἑρμηνέας

481 2167 699 2235 regioni
760 2170 1036 2224 attributa
1091 2177 1248 2236 sunt,
1308 2190 1375 2228 ea
1431 2191 1565 2229 cum
1626 2178 1841 2231 ratione
1882 2177 2117 2246 praedita

2241 2199 2286 2232 τε
2317 2178 2404 2231 καὶ
2437 2172 2700 2252 ἀγγέλους
2746 2174 3072 2250 γενομένους
3106 2192 3120 2206 ·
3169 2174 3230 2228 τὸ
3280 2172 3337 2228 δὲ
3385 2174 3719 2245 ἀνθρώπειον
3768 2180 3877 2251 (ρῦ-

477 2255 737 2324 έειΙιενια,
786 2263 910 2313 tum
968 2258 1245 2316 daemonas
1303 2262 1468 2318 bona:
1523 2265 1781 2335 appellat,
1838 2266 2113 2322 bonorum

2245 2272 2327 2321 λον
2381 2268 2479 2335 τὴν
2528 2265 2840 2320 τελευταίαν
2880 2265 3027 2334 τάξιν
3075 2262 3315 2341 ἐπέχειν,
3375 2263 3468 2324 οὓς
3509 2263 3760 2336 περίγειά⁵
3818 2284 3881 2318 τε

478 2344 616 2398 item
652 2346 992 2403 hominibus
1021 2351 1366 2421 interpretes
1395 2357 1450 2407 et
1480 2354 1717 2409 nuntios
1757 2356 1938 2410 factos
1964 2373 1976 2410 :
2009 2355 2114 2411 hu-

2243 2361 2343 2425 ξῶα
2398 2357 2486 2410 καὶ
2553 2354 2845 2416 ἀθανάτους
2913 2355 3094 2427 ψυχάς
3142 2352 3230 2406 καὶ
3274 2352 3371 2424 (ὡς
3419 2353 3477 2405 ἂν
3524 2351 3669 2406 εἴποι
3728 2351 3879 2407 Πλά-

477 2449 717 2488 manum
750 2435 1001 2507 denique
1029 2454 1214 2509 genus
1246 2440 1511 2496 infimum
1547 2448 1740 2498 tenere
1769 2443 1983 2514 locum,
2007 2462 2113 2500 eos-

2245 2448 2362 2512 των)
2438 2445 2731 2504 ἀθανάτους
2817 2442 3170 2515 ὀνομάζεσθαι
3254 2441 3598 2514 ἀνθρώπους.
3657 2442 3742 2497 Τὰ
3829 2439 3881 2495 δὲ

477 2537 587 2590 que
635 2527 862 2579 terrena
909 2529 1242 2595 animantia,
1276 2533 1326 2585 el
1357 2531 1624 2587 humanas
1671 2535 1914 2603 animos,
1948 2540 2113 2605 atque

2244 2533 2350 2607 τρία
2380 2537 2548 2588 ταῦτα
2595 2535 2722 2609 γένη
2759 2535 2884 2604 [284
2908 2535 2997 2604 IL]
3034 2531 3106 2592 ὡς
3139 2529 3191 2584 ἐν
3222 2531 3298 2584 ὲνὶ
3324 2531 3450 2602 ζώῳ
3482 2531 3515 2598 ἢ
3573 2536 3735 2605 χορῷ
3791 2530 3880 2584 καὶ

476 2611 566 2681 (ut
613 2610 768 2668 Plato
802 2613 1035 2684 diceret)
1077 2619 1332 2673 mortales
1379 2621 1623 2675 homines
1681 2622 1957 2693 appellari
2003 2629 2112 2679 tra-

2248 2622 2519 2701 τυμφωνίᾳ
2577 2623 2940 2696 συνηρτῆσθαι
2993 2622 3086 2692 μὶν
3128 2617 3424 2688 ἀλλήλοις,
3458 2618 3771 2694 ἂσύγχυτον
3828 2617 3884 2674 δὲ

475 2699 580 2757 dit.
613 2701 740 2758 Haec
772 2719 940 2773 porro
973 2707 1082 2762 tria
1112 2724 1324 2779 genera
1355 2710 1414 2764 in
1448 2727 1561 2766 uno
1602 2711 1757 2767 velut
1801 2713 2111 2780 animante,

2339 2699 2520 2768 ἒνώσει
2578 2713 2665 2766 καὶ
2727 2710 3088 2788 ἀλληλουχίᾳ
3144 2712 3242 2778 τήν
3295 2710 3431 2764 κατὰ
3489 2710 3644 2786 φύσιν
3705 2709 3884 2764 aeta»

473 2790 560 2845 vel
597 2791 770 2848 choro
822 2799 992 2865 atque
1037 2804 1320 2854 concentu
1354 2800 1434 2854 ita
1465 2817 1590 2856 esse
1630 2807 1824 2873 aptata
1874 2803 2109 2860 invicem

2246 2803 2498 2876 Ξιάκρισιν
2543 2804 2942 2876 συντηρεῖσθαι.
2996 2800 3098 2856 Καὶ
3164 2801 3408 2873 ἡγεῖσθαι
3473 2800 3566 2870 μὶν
3605 2803 3708 2854 τῶν
3767 2821 3882 2854 κα-

475 2883 647 2951 atque
686 2897 965 2951 connexa,
1001 2890 1064 2940 ut
1095 2889 1380 2944 naturalis
1428 2906 1628 2946 eorum
1675 2893 1968 2949 distinctio
2020 2910 2111 2965 per

2242 2893 2589 2971 εαδεεστέρων
2664 2893 2730 2948 τὰ
2799 2893 3229 2968 προτεταγμένοι,
3289 2892 3506 2946 πάντων
3565 2889 3618 2945 δὲ
3684 2891 3878 2946 αὐτῶν

474 2970 745 3026 unionem
796 2971 979 3041 illam,
1012 2993 1076 3030 ac
1119 2994 1326 3034 nexum
1373 2986 1644 3036 mutuum
1697 2983 1936 3038 minime
1988 3002 2110 3040 con-

2239 2986 2533 3059 βασιλεύειν
2591 2985 2682 3038 τὸν
2745 2981 2953 3055 Πατέρα
3012 2981 3140 3036 Θεὸν
3191 2983 3278 3036 καὶ
3330 2979 3705 3054 Δημιουργόν.
3762 2982 3875 3037 Καὶ

472 3057 603 3112 fusa
635 3070 1020 3118 conservetur.
1052 3066 1131 3118 Ac
1163 3083 1407 3136 praeesse
1439 3071 1670 3139 quidem
1712 3075 2108 3142 przsstentiora

2237 3057 2424 3144 ταύτην
2464 3075 2563 3142 τὴν
2624 3073 3036 3147 πατρονομικήν
3088 3071 3132 3106 ³⁷
3182 3071 3350 3126 αὐτοῦ
3404 3068 3681 3147 βασιλείαν
3737 3069 3873 3144 πρό-

1163 3118 1404 3136 τ---ηη
1443 3118 1670 3139 νην--
1712 3118 2108 3142 νην---.ηωη

472 3145 896 3206 inferioribus:
944 3154 1216 3209 omnibus
1275 3160 1466 3212 tamen
1527 3160 1767 3216 omnino
1826 3163 2108 3233 imperare

2239 3118 2421 3144 ’“”’Ἶ⁷
2476 3118 2560 3142 ’Ἶ”
2631 3118 3031 3147 ⁷”’Τ“””Γ””’Ὶ’
3183 3118 3348 3126 ⁷⁷⁷⁷⁷*
3404 3118 3674 3147 l'"""""'
3746 3118 3848 3144 "r‘

2239 3183 2369 3218 μοιαν
2411 3165 2500 3218 καὶ
2549 3163 2863 3236 νομίζεσθαι
2915 3163 3001 3216 καὶ
3073 3161 3227 3231 εἶναι,
3273 3161 3394 3230 ἥτις
3455 3162 3662 3232 ἓκάστῳ
3733 3160 3875 3235 γένει

473 3233 733 3327 ipsorum
768 3237 991 3294 Patrem
1025 3247 1196 3312 atque
1221 3244 1582 3302 Conditorem
1616 3256 1820 3304 Deum.
1856 3254 2005 3308 I72
2040 3255 2109 3324 (ὁ)

2241 3253 2678 3327 εδι⁸προσήκοντσ
2738 3249 2998 3324 διανέμει.
3032 3253 3142 3318 Τὴν
3205 3250 3388 3323 μέντοι
3435 3271 3494 3323 γε
3530 3253 3599 3322 τῇ
3635 3249 3877 3322 Προνοίᾳ

472 3321 589 3375 Hoc
647 3339 784 3394 ergo
841 3327 965 3394 ejus
1032 3333 1307 3400 tanquam
1367 3351 1398 3388 a
1452 3342 1611 3406 patre
1674 3321 2108 3397 denominatum

2241 3339 2596 3413 τυνεπομένην
2637 3338 2795 3409 δίκην
2855 3339 3184 3411 εἱμαρμένην
3243 3336 3529 3392 καλεῖσθαι
3574 3357 3588 3369 ·
3643 3337 3719 3398 εἷς
3761 3339 3877 3397 ἑνὸς

473 3426 738 3480 regnum,
773 3417 829 3468 et
852 3415 1057 3484 videri,
1093 3424 1148 3473 et
1177 3436 1306 3475 vere
1339 3439 1461 3479 esse
1505 3427 1950 3496 Providentiam,
1984 3447 2109 3501 quae

2243 3431 2323 3503 τὰρ
2383 3427 2558 3483 πλείω
2609 3428 2982 3502 σημαινόμενα
3036 3431 3130 3482 τοῦ
3183 3434 3280 3496 τῆς
3312 3427 3644 3501 εἱμαρμένης
3676 3426 3879 3497 ὀνόμα-

473 3500 626 3593 quod
669 3501 878 3593 cuique
924 3508 1115 3576 generi
1168 3511 1454 3579 convenit,
1489 3513 1594 3569 hoc
1645 3515 1725 3571 illi
1758 3500 2109 3575 distribuat:

2240 3540 2312 3580 τος
2347 3520 2448 3573 ὑπὸ
2505 3523 2611 3574 τῶν
2666 3519 2974 3593 χαιρόντων
3021 3522 3141 3577 ταῖς
3179 3515 3562 3588 καινοτομίαις
3605 3536 3876 3571 κατασκε-

471 3591 531 3642 at
586 3603 716 3646 vero
765 3591 1059 3661 justitiam
1120 3597 1305 3667 illam,
1357 3618 1482 3672 qua:
1537 3604 1630 3658 Dei
1687 3605 2107 3664 Providentiam

2237 3606 2524 3676 Ξασθέντος,
2583 3607 2682 3662 οὐκ
2740 3606 2916 3676 ἀλλην
2989 3605 3232 3678 νομίζειν
3309 3605 3463 3659 αὐτὸν
3530 3603 3873 3676 εἱμαρμένην

468 3679 799 3747 comitatur,
834 3685 1018 3739 vocari
1069 3687 1270 3744 fatum.
1308 3689 1427 3745 Uno
1459 3692 1610 3747 enim
1648 3694 1746 3749 fati
1788 3697 2019 3752 nomine
2052 3699 2104 3753 in

2238 3699 2348 3755 ὶλλ’
2378 3703 2437 3769 ἣν
2483 3697 2843 3774 ’Δριστοτέλει
2911 3698 3000 3752 καὶ
3071 3696 3323 3754 Ηλάτωνι
3369 3697 3610 3769 νομίζειν
3655 3694 3874 3755 δίδωσι,

471 3765 670 3835 plures
720 3771 1005 3842 notiones,
1039 3777 1110 3830 ab
1143 3776 1215 3833 iis
1246 3779 1346 3849 qui
1393 3784 1643 3837 novitate
1692 3787 1964 3855 gaudent,
1999 3788 2107 3844 dis-

2233 3792 2332 3860 Γην
2391 3765 2449 3844 τε
2496 3765 2597 3864 γάρ
2644 3794 2750 3843 τῶν
2803 3786 3234 3861 γενεθλιαλόγων
3288 3765 3578 3859 ἀλόγιστον
3624 3783 3869 3861 ἀνάγκην

470 3858 827 3953 ιςαοιο,-ηοῐι
859 3861 1013 3917 aliud
1067 3869 1261 3922 tamen
1314 3869 1498 3924 fatum
1549 3872 1658 3928 sibi
1704 3874 1903 3942 videri,
1934 3894 2106 3948 quam

2234 3877 2338 3934 >ὐδ⁹
2378 3878 2524 3940 δλως
2565 3876 2866 3953 προσίεται,
2901 3873 3027 3930 οὐδὲ
3056 3877 3155 3945 τήν
3199 3877 3451 3944 Στωϊκήν
3483 3875 3624 3948 βίαν,
3657 3872 3714 3928 οὗ
3753 3875 3870 3946 μὴν

559 3946 714 4015 quod
743 3949 1104 4008 Aristotelem
1136 3959 1192 4010 et
1222 3955 1518 4015 Platonem
1549 3963 1866 4020 credidisse
1908 3943 2105 4022 tradit.

2235 3967 2347 4023 ἱλλ’
2379 3965 2496 4022 οὐδ’
2534 3943 2661 4037 ait
2693 3967 2742 4039 ἐξ
2785 3943 3197 4042 Ἀιρροδισιάὸος
3248 3943 3462 4034 δοξάζει
3483 3943 3871 4039 ’Ἀλέξανδροα

466 4032 853 4132 Nequeenim
888 4038 1048 4096 illam
1081 4048 1295 4100 temere
1339 4049 1585 4116 positam
1615 4054 2102 4123 genethliacorum

2339 4058 2662 4126 Πλατωνικῆ
2725 4061 2832 4112 τῶν
2900 4057 3167 4128 σωμάτων
3212 4056 3364 4132 φύσει
3423 4054 3504 4116 εἷς
3562 4055 3872 4125 ταυτότητα

464 4123 870 4221 necessitatem
906 4129 1022 4186 ullo
1051 4135 1222 4189 modo
1252 4137 1526 4207 admittit,
1562 4157 1664 4197 nec
1697 4143 1936 4200 stoicam
1969 4145 2100 4200 item

2233 4148 2493 4222 περιάγων
2553 4146 2752 4216 ταύτην
2789 4166 2802 4178 ·
2861 4143 2986 4200 ἀλλ’
3020 4143 3144 4199 οὐδέ
3207 4145 3306 4211 τήν
3362 4140 3600 4216 ἐπῳδαῖς
3646 4147 3738 4198 καὶ
3779 4146 3869 4199 0n-

463 4212 600 4311 vim,
651 4231 838 4311 neque
897 4217 1036 4274 illud
1092 4224 1260 4278 etiam
1323 4227 1527 4296 fatum,
1579 4233 1729 4299 quod
1789 4234 2099 4289 Alexander

2236 4235 2359 4299 riui:
2425 4236 2910 4311 παρατρεπομένην
2968 4232 3195 4310 γένεσιν.
3253 4235 3499 4303 Ἐκείνην
3553 4231 3636 4301 δὲ,
3689 4237 3872 4296 καθὼς

460 4301 934 4401 a-phrodisiensis
985 4313 1207 4385 statuit,
1241 4331 1421 4387 eoque
1470 4320 1701 4376 tandem
1753 4323 2008 4390 deducit,
2042 4329 2096 4380 ut

2230 4325 2447 4401 ἔφημεν,
2490 4301 2794 4400 πρεσϐεύει,
2950 4301 3002 4380 oi
3055 4326 3179 4398 περὶ
3211 4301 3484 4381 Πλάτωνα
3519 4323 3816 4398 βούλονται
3853 4343 3866 4354 ·

461 4389 614 4444 idem
646 4409 884 4461 prorsus
914 4415 1047 4456 cum
1081 4408 1287 4458 natura
1339 4421 1643 4478 corporum
1677 4410 2097 4470 Platonicorum

461 4478 670 4506 ηεΩ-;-ι
697 4497 709 4506 .
745 4485 841 4506 --.1
904 4503 962 4506 __,
993 4505 1002 4506 κ
1613 4499 1622 4506 .
1679 4500 1708 4506 ..
2001 4505 2005 4506 ,
2056 4504 2064 4506 _

2236 4414 2339 4484 ἥτις
2367 4419 2474 4471 τῶν
2509 4409 2863 4470 ἐκϐαινόντων
2900 4415 3034 4468 κατᾶ
3089 4415 3179 4468 τὸν
3209 4419 3308 4482 τῆς
3341 4413 3612 4486 Προνοίας
3671 4412 3872 4486 θεσμὸν

461 4478 709 4535 efﬁciat:
743 4485 844 4539 sed
904 4503 1010 4545 nec
1065 4506 1211 4562 eam,
1259 4511 1385 4564 quas
1445 4499 1805 4556 carminibus
1863 4504 2097 4576 magicis

2237 4506 2496 4574 ἷικαστική
2567 4509 2662 4559 τοῦ
2739 4504 2895 4559 Θείου
2964 4503 3198 4578 ὑπάρχει
3255 4499 3511 4576 ἐνέργεια,
3569 4502 3717 4571 τάξει
3777 4503 3873 4556 καὶ

461 4570 560 4622 aut
589 4572 888 4630 sacriﬁciis
919 4594 952 4632 a
981 4587 1259 4638 consueto
1310 4590 1532 4642 natura;
1579 4590 1783 4646 ordine
1831 4570 2097 4649 deﬂecta-

2233 4595 2390 4668 ,ἱρμῷ
2447 4595 2582 4669 πρὸς
2637 4597 2734 4655 τὰς
2777 4593 3160 4668 προαιρετικᾶις
3196 4591 3470 4653 ὑποθέσεις
3519 4596 3627 4646 τῶν
3678 4593 3869 4661 αὒτεξ-

459 4663 572 4761 t‘ur,
619 4662 856 4730 genesin
889 4684 903 4733 ;
938 4669 1035 4722 sed
1105 4669 1243 4726 illud
1301 4679 1702 4734 tantummodo
1755 4681 1960 4750 fatum,
2014 4684 2095 4738 uti

1911 4697 1960 4750 n,
2014 4684 2100 4738 uti
2213 4662 2408 4738 ουσίων
2451 4662 2625 4761 ἔργων
2659 4662 3103 4757 ἐπανο-ρθουμένη
3135 4683 3202 4737 τὰ
3232 4682 3346 4736 καθ’
3377 4682 3547 4753 ἡμᾶς.

454 4746 726 4820 diximus,
789 4757 1028 4828 extollit,
1089 4764 1236 4831 quod
1298 4781 1430 4820 cum
1491 4769 1610 4824 suis
1670 4769 1828 4826 Plato
1866 4746 2021 4830 vult:
2075 4792 2269 4832 rerum
2347 4746 2565 4832 scilicet
2644 4746 3034 4832 evenientium
3091 4775 3410 4830 secundum
3471 4771 3866 4830 Providentia

453 4838 608 4913 leges
657 4843 1000 4913 judicialem
1061 4855 1373 4922 quamdam
1434 4856 1702 4914 Numinis
1763 4864 2179 4936 operationem,
2215 4867 2365 4922 bono
2425 4866 2626 4922 ordine
2659 4881 2723 4921 ac
2768 4865 2918 4921 serie
2962 4882 3054 4921 res
3103 4872 3330 4920 nostras
3388 4862 3744 4934 dirigentem
3807 4863 3867 4918 in

455 4931 625 4990 illum
662 4936 860 5007 finem,
895 4939 950 4994 in
988 4958 1161 5012 quem
1197 4945 1387 5001 liberae
1421 4949 1677 5005 actiones
1707 4969 1773 5006 ex
1796 4958 1951 5008 certo
1985 4957 2278 5028 proposito
2311 4957 2597 5012 feruntur.

525 5025 597 5119 .At
624 5026 780 5081 enim
814 5028 1014 5085 isthaac
1054 5031 1225 5102 hujus
1254 5035 1357 5090 viri
1392 5038 1606 5110 scripto
1639 5057 1772 5096 cum
1819 5025 2108 5099 contineri

2283 5042 2462 5099 Ἀλλά
2514 5046 2614 5119 γὰρ
2669 5048 2837 5100 ταῦτα
2899 5045 2992 5117 μὲν
3050 5042 3192 5098 ἔστιν
3244 5040 3376 5096 ἰδεῖν
3420 5045 3500 5112 τῷ
3537 5044 3637 5095 τοῦ
3670 5038 3869 5114 ἀνδρὸς

456 5109 676 5184 videas,
710 5115 980 5188 frequens
1029 5122 1418 5181 nihilominus
1446 5109 1554 5198 ipsi
1586 5135 1643 5184 et
1677 5147 1946 5201 magnum
1983 5149 2092 5188 cer-

2235 5109 2661 5214 νμφερόμενσα21³
2715 5109 3004 5209 γράμματι
3049 5152 3062 5164 ·
3097 5133 3125 5186 ὁ
3182 5129 3437 5191 πλεῖστος
3472 5109 3530 5183 ’δ’
3580 5131 3734 5201 αὐτῷ
3775 5109 3871 5184 ita:

458 5202 651 5298 tpmen
685 5211 774 5262 est
817 5208 886 5263 de
931 5208 1324 5272 humanorum
1375 5219 1706 5276 animorum
1752 5222 1940 5294 priore
1967 5226 2094 5296 vita,

2235 5202 2383 5298 λέγας
2428 5202 2590 5298 ’ἀγὼν
2648 5225 2682 5291 ἡ
2728 5202 3260 5297 ’τῶν-ἀνθρωπίνων
3304 5223 3498 5295 ψυχῶν
3551 5218 3663 5274 ἐστι
3732 5240 3871 5293 προ-

460 5286 646 5360 deque
677 5309 874 5354 eorum
907 5298 966 5356 in
998 5300 1110 5359 alia
1139 5320 1378 5378 corpora
1403 5286 1936 5382 transmigratione.
1961 5286 2096 5370 Nam

2237 5309 2376 5384 ἷιοτὴ
2429 5313 2517 5369 καὶ
2579 5314 3084 5388 μετενσωμάτωσις,
3117 5311 3210 5367 τὸν
3274 5311 3368 5384 μὶν
3426 5309 3483 5344 ²”
3539 5308 3593 5380 ἐξ
3651 5306 3873 5384 ἀλόγων

1815 5466 2058 5524 νΑιιιιΕ
2095 5467 2507 5526 LECTIONES.

463 5589 1045 5749 "1:53:35?"
1094 5604 1221 5663 “bri
1301 5616 1747 5688 πατρωνυμικῆν⁸
1799 5617 1873 5675 cf‘
1933 5634 1990 5690 p'
2053 5617 2119 5673 Β·
2182 5617 2339 5684 1381⁷
2387 5618 2478 5672 5"-
2556 5617 2603 5651 ’³
2639 5613 2983 5694 ἐμφερόμενα
3051 5631 3170 5688 mg.
3217 5614 3399 5672 :libri
3484 5611 3875 5693 ἐμφερομὲνῳ.
