  <div class='ocr_page' id='page_1' title='image "/cluster/home/n/w/nwhite01/storage/ocr_20150623/103/hvd.32044054112495/372.png"; bbox 0 0 4198 6216; ppageno 0'>
   <div class='ocr_carea' id='block_1_1' title="bbox 333 348 450 409">
    <p class='ocr_par' dir='ltr' id='par_1_1' title="bbox 333 348 450 409">
     <span class='ocr_line' id='line_1_1' title="bbox 333 348 450 409; baseline 0.017 -2"><span class='ocrx_word' id='word_1_1' title='bbox 333 348 450 409; x_wconf 79' lang='lat'><strong>705</strong></span> 
     </span>
    </p>
   </div>
   <div class='ocr_carea' id='block_1_2' title="bbox 1456 352 2638 423">
    <p class='ocr_par' dir='ltr' id='par_1_2' title="bbox 1456 352 2638 423">
     <span class='ocr_line' id='line_1_2' title="bbox 1456 352 2638 423; baseline 0.003 -8"><span class='ocrx_word' id='word_1_2' title='bbox 1456 352 2000 417; x_wconf 82' lang='lat' dir='ltr'><strong>BlBLIOTHECA.</strong></span> <span class='ocrx_word' id='word_1_3' title='bbox 2048 388 2123 403; x_wconf 93' lang='lat'><strong>—</strong></span> <span class='ocrx_word' id='word_1_4' title='bbox 2166 357 2341 419; x_wconf 91' lang='lat' dir='ltr'><strong>COD.</strong></span> <span class='ocrx_word' id='word_1_5' title='bbox 2390 356 2638 423; x_wconf 81' lang='lat' dir='ltr'><strong>CCXIV.</strong></span> 
     </span>
    </p>
   </div>
   <div class='ocr_carea' id='block_1_3' title="bbox 3626 358 3747 420">
    <p class='ocr_par' dir='ltr' id='par_1_3' title="bbox 3626 358 3747 420">
     <span class='ocr_line' id='line_1_3' title="bbox 3626 358 3747 420; baseline 0.017 -2"><span class='ocrx_word' id='word_1_6' title='bbox 3626 358 3747 420; x_wconf 77' lang='lat'><strong>706</strong></span> 
     </span>
    </p>
   </div>
   <div class='ocr_carea' id='block_1_4' title="bbox 333 478 1981 561">
    <p class='ocr_par' dir='ltr' id='par_1_4' title="bbox 333 478 1981 560">
     <span class='ocr_line' id='line_1_4' title="bbox 333 478 1981 560; baseline 0.002 -24"><span class='ocrx_word' id='word_1_7' title='bbox 333 480 546 554; x_wconf 83' lang='grc' dir='ltr'>ζώωνῆ</span> <span class='ocrx_word' id='word_1_8' title='bbox 597 480 674 544; x_wconf 77' lang='grc' dir='ltr'>εἷς</span> <span class='ocrx_word' id='word_1_9' title='bbox 721 478 896 554; x_wconf 73' lang='grc' dir='ltr'>ἄλογα</span> <span class='ocrx_word' id='word_1_10' title='bbox 928 482 1320 559; x_wconf 76' lang='grc' dir='ltr'>’μεταγγισμόν</span> <span class='ocrx_word' id='word_1_11' title='bbox 1395 483 1495 538; x_wconf 78' lang='grc' dir='ltr'><strong>οὺκ</strong></span> <span class='ocrx_word' id='word_1_12' title='bbox 1559 482 1981 560; x_wconf 83' lang='grc' dir='ltr'>ἀναδεχόμενος,</span> 
     </span>
    </p>
   </div>
   <div class='ocr_carea' id='block_1_5' title="bbox 2094 478 3746 561">
    <p class='ocr_par' dir='ltr' id='par_1_5' title="bbox 2101 490 3746 561">
     <span class='ocr_line' id='line_1_5' title="bbox 2101 490 3746 561; baseline 0.001 -16"><span class='ocrx_word' id='word_1_13' title='bbox 2101 505 2169 545; x_wconf 86' lang='lat' dir='ltr'><strong>ex</strong></span> <span class='ocrx_word' id='word_1_14' title='bbox 2200 490 2600 545; x_wconf 77' lang='lat' dir='ltr'><strong>animantibus</strong></span> <span class='ocrx_word' id='word_1_15' title='bbox 2632 491 2864 561; x_wconf 88' lang='lat' dir='ltr'><strong>quidem</strong></span> <span class='ocrx_word' id='word_1_16' title='bbox 2897 490 3117 546; x_wconf 81' lang='lat' dir='ltr'><strong>ratione</strong></span> <span class='ocrx_word' id='word_1_17' title='bbox 3166 490 3523 561; x_wconf 89' lang='lat' dir='ltr'><strong>carentibus,</strong></span> <span class='ocrx_word' id='word_1_18' title='bbox 3557 497 3655 547; x_wconf 83' lang='lat' dir='ltr'><strong>aut</strong></span> <span class='ocrx_word' id='word_1_19' title='bbox 3686 492 3746 546; x_wconf 92' lang='lat' dir='ltr'><strong>in</strong></span> 
     </span>
    </p>
   </div>
   <div class='ocr_carea' id='block_1_6' title="bbox 331 569 1995 648">
    <p class='ocr_par' dir='ltr' id='par_1_6' title="bbox 331 569 1995 648">
     <span class='ocr_line' id='line_1_6' title="bbox 331 569 1995 648; baseline 0.002 -22"><span class='ocrx_word' id='word_1_20' title='bbox 331 574 434 641; x_wconf 74' lang='grc' dir='ltr'>τὴν</span> <span class='ocrx_word' id='word_1_21' title='bbox 468 571 527 629; x_wconf 76' lang='grc' dir='ltr'>δὲ</span> <span class='ocrx_word' id='word_1_22' title='bbox 557 571 610 643; x_wconf 76' lang='grc' dir='ltr'><strong>ἐξ</strong></span> <span class='ocrx_word' id='word_1_23' title='bbox 647 571 945 643; x_wconf 85' lang='grc' dir='ltr'>ἀνθρώπων</span> <span class='ocrx_word' id='word_1_24' title='bbox 978 570 1053 633; x_wconf 81' lang='grc' dir='ltr'>εἷς</span> <span class='ocrx_word' id='word_1_25' title='bbox 1102 572 1423 648; x_wconf 79' lang='grc' dir='ltr'><strong>ἀνθρώπους</strong></span> <span class='ocrx_word' id='word_1_26' title='bbox 1464 569 1777 646; x_wconf 74' lang='grc' dir='ltr'>μεταϐολήν</span> <span class='ocrx_word' id='word_1_27' title='bbox 1833 596 1995 630; x_wconf 88' lang='grc' dir='ltr'>σπου.</span> 
     </span>
    </p>
   </div>
   <div class='ocr_carea' id='block_1_7' title="bbox 333 658 1993 742">
    <p class='ocr_par' dir='ltr' id='par_1_7' title="bbox 333 658 1993 742">
     <span class='ocr_line' id='line_1_7' title="bbox 333 658 1993 742; baseline 0.002 -25"><span class='ocrx_word' id='word_1_28' title='bbox 333 659 829 738; x_wconf 80' lang='grc' dir='ltr'>δαιολογούμενος.</span> <span class='ocrx_word' id='word_1_29' title='bbox 882 658 1096 731; x_wconf 82' lang='grc' dir='ltr'><strong>Ταύτην</strong></span> <span class='ocrx_word' id='word_1_30' title='bbox 1150 658 1207 716; x_wconf 71' lang='grc' dir='ltr'>δὲ</span> <span class='ocrx_word' id='word_1_31' title='bbox 1263 663 1362 730; x_wconf 80' lang='grc' dir='ltr'><strong>τήν</strong></span> <span class='ocrx_word' id='word_1_32' title='bbox 1431 660 1705 742; x_wconf 71' lang='grc' dir='ltr'>ἑπισφαλῆ</span> <span class='ocrx_word' id='word_1_33' title='bbox 1746 664 1836 719; x_wconf 70' lang='grc' dir='ltr'><strong>καὶ</strong></span> <span class='ocrx_word' id='word_1_34' title='bbox 1892 687 1993 739; x_wconf 88' lang='grc' dir='ltr'>μα-</span> 
     </span>
    </p>
   </div>
   <div class='ocr_carea' id='block_1_8' title="bbox 333 746 1996 830">
    <p class='ocr_par' dir='ltr' id='par_1_8' title="bbox 333 746 1996 830">
     <span class='ocr_line' id='line_1_8' title="bbox 333 746 1996 830; baseline 0.002 -24"><span class='ocrx_word' id='word_1_35' title='bbox 333 751 490 807; x_wconf 84' lang='grc' dir='ltr'>ταίαν</span> <span class='ocrx_word' id='word_1_36' title='bbox 526 746 806 823; x_wconf 74' lang='grc' dir='ltr'>ὑπόληψιν</span> <span class='ocrx_word' id='word_1_37' title='bbox 848 748 960 804; x_wconf 75' lang='grc' dir='ltr'>ἂνω</span> <span class='ocrx_word' id='word_1_38' title='bbox 1000 749 1091 804; x_wconf 77' lang='grc' dir='ltr'><strong>καὶ</strong></span> <span class='ocrx_word' id='word_1_39' title='bbox 1128 750 1279 804; x_wconf 79' lang='grc' dir='ltr'>κάτω</span> <span class='ocrx_word' id='word_1_40' title='bbox 1321 751 1686 830; x_wconf 79' lang='grc' dir='ltr'>περιστρέφει,</span> <span class='ocrx_word' id='word_1_41' title='bbox 1720 750 1791 807; x_wconf 83' lang='grc' dir='ltr'>δι’</span> <span class='ocrx_word' id='word_1_42' title='bbox 1826 752 1996 823; x_wconf 78' lang='grc' dir='ltr'>αὐτῆς</span> 
     </span>
    </p>
   </div>
   <div class='ocr_carea' id='block_1_9' title="bbox 340 838 1992 917">
    <p class='ocr_par' dir='ltr' id='par_1_9' title="bbox 340 838 1992 917">
     <span class='ocr_line' id='line_1_9' title="bbox 340 838 1992 917; baseline 0.001 -22"><span class='ocrx_word' id='word_1_43' title='bbox 340 841 465 914; x_wconf 73' lang='grc' dir='ltr'>μὶν,</span> <span class='ocrx_word' id='word_1_44' title='bbox 521 841 599 903; x_wconf 86' lang='grc' dir='ltr'><strong>ὡς</strong></span> <span class='ocrx_word' id='word_1_45' title='bbox 647 838 838 910; x_wconf 78' lang='grc' dir='ltr'>οἷέται,</span> <span class='ocrx_word' id='word_1_46' title='bbox 881 840 982 908; x_wconf 71' lang='grc' dir='ltr'>τήν</span> <span class='ocrx_word' id='word_1_47' title='bbox 1030 839 1128 894; x_wconf 71' lang='grc' dir='ltr'><strong>τοῦ</strong></span> <span class='ocrx_word' id='word_1_48' title='bbox 1178 840 1323 894; x_wconf 88' lang='grc' dir='ltr'>θείου</span> <span class='ocrx_word' id='word_1_49' title='bbox 1377 841 1642 914; x_wconf 80' lang='grc' dir='ltr'>Πρόνοιαν</span> <span class='ocrx_word' id='word_1_50' title='bbox 1691 841 1992 917; x_wconf 90' lang='grc' dir='ltr'>κρατύνων,</span> 
     </span>
    </p>
   </div>
   <div class='ocr_carea' id='block_1_10' title="bbox 337 927 1999 1003">
    <p class='ocr_par' dir='ltr' id='par_1_10' title="bbox 337 927 1999 1003">
     <span class='ocr_line' id='line_1_10' title="bbox 337 927 1999 1003; baseline 0.002 -18"><span class='ocrx_word' id='word_1_51' title='bbox 337 928 408 985; x_wconf 78' lang='grc' dir='ltr'>δι’</span> <span class='ocrx_word' id='word_1_52' title='bbox 445 930 616 1000; x_wconf 76' lang='grc' dir='ltr'>αὐτῆς</span> <span class='ocrx_word' id='word_1_53' title='bbox 649 928 707 985; x_wconf 77' lang='grc' dir='ltr'>δὲ</span> <span class='ocrx_word' id='word_1_54' title='bbox 744 931 807 985; x_wconf 87' lang='grc' dir='ltr'>τὸ</span> <span class='ocrx_word' id='word_1_55' title='bbox 839 927 923 1003; x_wconf 80' lang='grc' dir='ltr'><strong>ἐφ’</strong></span> <span class='ocrx_word' id='word_1_56' title='bbox 952 931 1088 1002; x_wconf 70' lang='grc' dir='ltr'>ἡμῖν</span> <span class='ocrx_word' id='word_1_57' title='bbox 1119 931 1206 985; x_wconf 82' lang='grc' dir='ltr'><strong>καὶ</strong></span> <span class='ocrx_word' id='word_1_58' title='bbox 1242 928 1636 987; x_wconf 80' lang='grc' dir='ltr'>αὐτοδέσποτον</span> <span class='ocrx_word' id='word_1_59' title='bbox 1678 933 1999 988; x_wconf 85' lang='grc' dir='ltr'>κατασκευά-</span> 
     </span>
    </p>
   </div>
   <div class='ocr_carea' id='block_1_11' title="bbox 336 1017 1995 1096">
    <p class='ocr_par' dir='ltr' id='par_1_11' title="bbox 336 1017 1995 1096">
     <span class='ocr_line' id='line_1_11' title="bbox 336 1017 1995 1096; baseline 0.001 -21"><span class='ocrx_word' id='word_1_60' title='bbox 336 1026 469 1091; x_wconf 82' lang='grc' dir='ltr'>ζων,</span> <span class='ocrx_word' id='word_1_61' title='bbox 510 1017 697 1088; x_wconf 83' lang='grc' dir='ltr'>ναὶδὴ</span> <span class='ocrx_word' id='word_1_62' title='bbox 753 1018 841 1073; x_wconf 77' lang='grc' dir='ltr'><strong>καὶ</strong></span> <span class='ocrx_word' id='word_1_63' title='bbox 889 1020 989 1087; x_wconf 78' lang='grc' dir='ltr'>τὴν</span> <span class='ocrx_word' id='word_1_64' title='bbox 1050 1018 1218 1096; x_wconf 91' lang='grc' dir='ltr'>φίλην</span> <span class='ocrx_word' id='word_1_65' title='bbox 1265 1019 1412 1091; x_wconf 86' lang='grc' dir='ltr'><strong>αύτῷ</strong></span> <span class='ocrx_word' id='word_1_66' title='bbox 1458 1018 1761 1096; x_wconf 76' lang='grc' dir='ltr'>ἐπικουρῶν</span> <span class='ocrx_word' id='word_1_67' title='bbox 1800 1022 1995 1096; x_wconf 70' lang='grc' dir='ltr'>εἱμαρ-</span> 
     </span>
    </p>
   </div>
   <div class='ocr_carea' id='block_1_12' title="bbox 336 1104 1995 1184">
    <p class='ocr_par' dir='ltr' id='par_1_12' title="bbox 336 1104 1995 1184">
     <span class='ocr_line' id='line_1_12' title="bbox 336 1104 1995 1184; baseline 0.001 -21"><span class='ocrx_word' id='word_1_68' title='bbox 336 1110 530 1180; x_wconf 90' lang='grc' dir='ltr'>μένην,</span> <span class='ocrx_word' id='word_1_69' title='bbox 563 1108 613 1178; x_wconf 78' lang='grc' dir='ltr'><strong>ἐξ</strong></span> <span class='ocrx_word' id='word_1_70' title='bbox 664 1104 983 1163; x_wconf 76' lang='grc' dir='ltr'><strong>ἀλλοκότων</strong></span> <span class='ocrx_word' id='word_1_71' title='bbox 1031 1109 1124 1182; x_wconf 78' lang='grc' dir='ltr'>μὲν</span> <span class='ocrx_word' id='word_1_72' title='bbox 1175 1106 1428 1163; x_wconf 77' lang='grc' dir='ltr'><strong>ἐπινοιῶν</strong></span> <span class='ocrx_word' id='word_1_73' title='bbox 1484 1110 1830 1184; x_wconf 83' lang='grc' dir='ltr'>ὁρμώμενος,</span> <span class='ocrx_word' id='word_1_74' title='bbox 1863 1112 1995 1164; x_wconf 80' lang='grc' dir='ltr'>ἀσυ-</span> 
     </span>
    </p>
   </div>
   <div class='ocr_carea' id='block_1_13' title="bbox 328 1195 1996 1272">
    <p class='ocr_par' dir='ltr' id='par_1_13' title="bbox 328 1195 1996 1272">
     <span class='ocr_line' id='line_1_13' title="bbox 328 1195 1996 1272; baseline 0.001 -20"><span class='ocrx_word' id='word_1_75' title='bbox 328 1198 557 1259; x_wconf 73' lang='grc' dir='ltr'>στάτους</span> <span class='ocrx_word' id='word_1_76' title='bbox 606 1197 656 1233; x_wconf 82' lang='grc' dir='ltr'><strong>³ο</strong></span> <span class='ocrx_word' id='word_1_77' title='bbox 696 1195 755 1251; x_wconf 74' lang='grc' dir='ltr'>δὲ</span> <span class='ocrx_word' id='word_1_78' title='bbox 809 1201 919 1251; x_wconf 88' lang='grc' dir='ltr'><strong>τῶν</strong></span> <span class='ocrx_word' id='word_1_79' title='bbox 975 1196 1425 1272; x_wconf 78' lang='grc' dir='ltr'>ἐπιχειρημάτων</span> <span class='ocrx_word' id='word_1_80' title='bbox 1480 1198 1576 1260; x_wconf 78' lang='grc' dir='ltr'><strong>τὰς</strong></span> <span class='ocrx_word' id='word_1_81' title='bbox 1633 1199 1996 1272; x_wconf 74' lang='grc' dir='ltr'>νομιζομένας</span> 
     </span>
    </p>
   </div>
   <div class='ocr_carea' id='block_1_14' title="bbox 328 1284 1996 1364">
    <p class='ocr_par' dir='ltr' id='par_1_14' title="bbox 328 1284 1996 1364">
     <span class='ocr_line' id='line_1_14' title="bbox 328 1284 1996 1364; baseline 0.002 -24"><span class='ocrx_word' id='word_1_82' title='bbox 328 1288 480 1358; x_wconf 77' lang='grc' dir='ltr'>αὐτῷ</span> <span class='ocrx_word' id='word_1_83' title='bbox 524 1289 564 1323; x_wconf 74' lang='grc'><em>³³</em></span> <span class='ocrx_word' id='word_1_84' title='bbox 627 1286 964 1349; x_wconf 77' lang='grc' dir='ltr'>κατασκευὰς</span> <span class='ocrx_word' id='word_1_85' title='bbox 1014 1288 1301 1364; x_wconf 83' lang='grc' dir='ltr'>προάγων,</span> <span class='ocrx_word' id='word_1_86' title='bbox 1332 1286 1383 1360; x_wconf 68' lang='grc' dir='ltr'><strong>ἐξ</strong></span> <span class='ocrx_word' id='word_1_87' title='bbox 1435 1288 1508 1343; x_wconf 79' lang='grc' dir='ltr'>ὧν</span> <span class='ocrx_word' id='word_1_88' title='bbox 1556 1284 1603 1342; x_wconf 86' lang='grc' dir='ltr'>δ’</span> <span class='ocrx_word' id='word_1_89' title='bbox 1648 1289 1721 1351; x_wconf 85' lang='grc' dir='ltr'><strong>ὡς</strong></span> <span class='ocrx_word' id='word_1_90' title='bbox 1772 1288 1996 1358; x_wconf 82' lang='grc' dir='ltr'>ἀληθῶς</span> 
     </span>
    </p>
   </div>
   <div class='ocr_carea' id='block_1_15' title="bbox 326 1374 1992 1452">
    <p class='ocr_par' dir='ltr' id='par_1_15' title="bbox 326 1374 1992 1452">
     <span class='ocr_line' id='line_1_15' title="bbox 326 1374 1992 1452; baseline 0.001 -21"><span class='ocrx_word' id='word_1_91' title='bbox 326 1377 392 1431; x_wconf 85' lang='grc' dir='ltr'><strong>τὸ</strong></span> <span class='ocrx_word' id='word_1_92' title='bbox 444 1383 546 1445; x_wconf 78' lang='grc' dir='ltr'><strong>τῆς</strong></span> <span class='ocrx_word' id='word_1_93' title='bbox 602 1374 869 1448; x_wconf 78' lang='grc' dir='ltr'>Προνοίας</span> <span class='ocrx_word' id='word_1_94' title='bbox 928 1376 986 1430; x_wconf 76' lang='grc' dir='ltr'><strong>ἂν</strong></span> <span class='ocrx_word' id='word_1_95' title='bbox 1043 1376 1347 1452; x_wconf 79' lang='grc' dir='ltr'>παρασταίη</span> <span class='ocrx_word' id='word_1_96' title='bbox 1412 1374 1617 1452; x_wconf 84' lang='grc' dir='ltr'>δόγμα,</span> <span class='ocrx_word' id='word_1_97' title='bbox 1668 1375 1787 1433; x_wconf 82' lang='grc' dir='ltr'>οὐδ’</span> <span class='ocrx_word' id='word_1_98' title='bbox 1828 1380 1875 1416; x_wconf 64' lang='grc'><strong>³⁵⁸</strong></span> <span class='ocrx_word' id='word_1_99' title='bbox 1905 1379 1992 1433; x_wconf 81' lang='grc' dir='ltr'>ἐπὶ</span> 
     </span>
    </p>
   </div>
   <div class='ocr_carea' id='block_1_16' title="bbox 329 1465 1990 1545">
    <p class='ocr_par' dir='ltr' id='par_1_16' title="bbox 329 1465 1990 1545">
     <span class='ocr_line' id='line_1_16' title="bbox 329 1465 1990 1545; baseline 0.002 -24"><span class='ocrx_word' id='word_1_100' title='bbox 329 1472 460 1521; x_wconf 78' lang='grc' dir='ltr'>νοῦν</span> <span class='ocrx_word' id='word_1_101' title='bbox 494 1466 840 1541; x_wconf 86' lang='grc' dir='ltr'>βαλλόμενος</span> <span class='ocrx_word' id='word_1_102' title='bbox 869 1467 937 1524; x_wconf 83' lang='grc'><strong>³³.</strong></span> <span class='ocrx_word' id='word_1_103' title='bbox 970 1466 1204 1525; x_wconf 79' lang='grc' dir='ltr'>Μᾶλλον</span> <span class='ocrx_word' id='word_1_104' title='bbox 1236 1465 1293 1522; x_wconf 74' lang='grc' dir='ltr'>δὲ</span> <span class='ocrx_word' id='word_1_105' title='bbox 1323 1466 1375 1523; x_wconf 80' lang='grc' dir='ltr'><strong>εἷ’</strong></span> <span class='ocrx_word' id='word_1_106' title='bbox 1401 1489 1485 1531; x_wconf 89' lang='grc' dir='ltr'><strong>τις</strong></span> <span class='ocrx_word' id='word_1_107' title='bbox 1521 1472 1618 1523; x_wconf 78' lang='grc' dir='ltr'><strong>τοῦ</strong></span> <span class='ocrx_word' id='word_1_108' title='bbox 1657 1466 1851 1545; x_wconf 87' lang='grc' dir='ltr'>ἀνδρὸς</span> <span class='ocrx_word' id='word_1_109' title='bbox 1889 1471 1990 1539; x_wconf 76' lang='grc' dir='ltr'><strong>την</strong></span> 
     </span>
    </p>
   </div>
   <div class='ocr_carea' id='block_1_17' title="bbox 327 1553 1988 1633">
    <p class='ocr_par' dir='ltr' id='par_1_17' title="bbox 327 1553 1988 1633">
     <span class='ocr_line' id='line_1_17' title="bbox 327 1553 1988 1633; baseline 0.002 -23"><span class='ocrx_word' id='word_1_110' title='bbox 327 1553 594 1626; x_wconf 73' lang='grc' dir='ltr'>ἄλήθειαν</span> <span class='ocrx_word' id='word_1_111' title='bbox 622 1560 894 1630; x_wconf 83' lang='grc' dir='ltr'>προτιμᾷν</span> <span class='ocrx_word' id='word_1_112' title='bbox 950 1554 1151 1625; x_wconf 82' lang='grc' dir='ltr'>ἐθέλοι,</span> <span class='ocrx_word' id='word_1_113' title='bbox 1192 1554 1266 1611; x_wconf 80' lang='grc' dir='ltr'>δι’</span> <span class='ocrx_word' id='word_1_114' title='bbox 1308 1558 1382 1610; x_wconf 80' lang='grc' dir='ltr'>ὧν</span> <span class='ocrx_word' id='word_1_115' title='bbox 1419 1557 1621 1629; x_wconf 87' lang='grc' dir='ltr'>ταύτην</span> <span class='ocrx_word' id='word_1_116' title='bbox 1670 1557 1988 1633; x_wconf 83' lang='grc' dir='ltr'>ἀγωνίζεται</span> 
     </span>
    </p>
   </div>
   <div class='ocr_carea' id='block_1_18' title="bbox 324 1643 1990 1722">
    <p class='ocr_par' dir='ltr' id='par_1_18' title="bbox 324 1643 1990 1722">
     <span class='ocr_line' id='line_1_18' title="bbox 324 1643 1990 1722; baseline 0.001 -23"><span class='ocrx_word' id='word_1_117' title='bbox 324 1646 769 1715; x_wconf 77' lang='grc' dir='ltr'>κατασκευάζειν,</span> <span class='ocrx_word' id='word_1_118' title='bbox 833 1643 1112 1707; x_wconf 83' lang='grc' dir='ltr'>παντελῶς</span> <span class='ocrx_word' id='word_1_119' title='bbox 1162 1646 1329 1715; x_wconf 76' lang='grc' dir='ltr'>αὐτῆς</span> <span class='ocrx_word' id='word_1_120' title='bbox 1378 1647 1476 1715; x_wconf 79' lang='grc' dir='ltr'><strong>τήν</strong></span> <span class='ocrx_word' id='word_1_121' title='bbox 1541 1646 1811 1722; x_wconf 86' lang='grc' dir='ltr'>ἀναίρεσιν</span> <span class='ocrx_word' id='word_1_122' title='bbox 1870 1669 1990 1702; x_wconf 86' lang='grc' dir='ltr'>συν-</span> 
     </span>
    </p>
   </div>
   <div class='ocr_carea' id='block_1_19' title="bbox 326 1734 1987 1813">
    <p class='ocr_par' dir='ltr' id='par_1_19' title="bbox 326 1734 1987 1813">
     <span class='ocr_line' id='line_1_19' title="bbox 326 1734 1987 1813; baseline 0.001 -22"><span class='ocrx_word' id='word_1_123' title='bbox 326 1737 556 1813; x_wconf 81' lang='grc' dir='ltr'>εισάγει·</span> <span class='ocrx_word' id='word_1_124' title='bbox 630 1736 825 1812; x_wconf 80' lang='grc' dir='ltr'>σαθρὰν</span> <span class='ocrx_word' id='word_1_125' title='bbox 875 1736 978 1811; x_wconf 79' lang='grc' dir='ltr'><strong>γὰρ</strong></span> <span class='ocrx_word' id='word_1_126' title='bbox 1047 1734 1184 1809; x_wconf 74' lang='grc' dir='ltr'>αὒτῇ</span> <span class='ocrx_word' id='word_1_127' title='bbox 1247 1737 1444 1811; x_wconf 81' lang='grc' dir='ltr'>βάθραν</span> <span class='ocrx_word' id='word_1_128' title='bbox 1511 1738 1751 1799; x_wconf 80' lang='grc' dir='ltr'>ὑποθεὶς.</span> <span class='ocrx_word' id='word_1_129' title='bbox 1813 1738 1887 1801; x_wconf 83' lang='grc' dir='ltr'>ὡς</span> <span class='ocrx_word' id='word_1_130' title='bbox 1937 1739 1987 1797; x_wconf 81' lang='grc' dir='ltr'>ἐν</span> 
     </span>
    </p>
   </div>
   <div class='ocr_carea' id='block_1_20' title="bbox 2106 579 3750 651">
    <p class='ocr_par' dir='ltr' id='par_1_20' title="bbox 2106 579 3750 651">
     <span class='ocr_line' id='line_1_20' title="bbox 2106 579 3750 651; baseline 0.002 -19"><span class='ocrx_word' id='word_1_131' title='bbox 2106 579 2275 633; x_wconf 90' lang='lat' dir='ltr'><strong>bruta</strong></span> <span class='ocrx_word' id='word_1_132' title='bbox 2320 579 2770 635; x_wconf 82' lang='lat' dir='ltr'><strong>transfusioncm</strong></span> <span class='ocrx_word' id='word_1_133' title='bbox 2806 597 2918 635; x_wconf 92' lang='lat' dir='ltr'><strong>non</strong></span> <span class='ocrx_word' id='word_1_134' title='bbox 2960 580 3267 651; x_wconf 82' lang='lat' dir='ltr'><strong>recipiens,</strong></span> <span class='ocrx_word' id='word_1_135' title='bbox 3300 584 3360 635; x_wconf 88' lang='lat' dir='ltr'><strong>at</strong></span> <span class='ocrx_word' id='word_1_136' title='bbox 3388 596 3520 636; x_wconf 89' lang='lat' dir='ltr'><strong>vero</strong></span> <span class='ocrx_word' id='word_1_137' title='bbox 3553 580 3750 636; x_wconf 74' lang='grc' dir='ltr'><strong>Ι]οωὶ-</strong></span> 
     </span>
    </p>
   </div>
   <div class='ocr_carea' id='block_1_21' title="bbox 2108 667 3747 736">
    <p class='ocr_par' dir='ltr' id='par_1_21' title="bbox 2108 667 3747 736">
     <span class='ocr_line' id='line_1_21' title="bbox 2108 667 3747 736; baseline 0.003 -14"><span class='ocrx_word' id='word_1_138' title='bbox 2108 684 2247 723; x_wconf 91' lang='lat' dir='ltr'><strong>num</strong></span> <span class='ocrx_word' id='word_1_139' title='bbox 2281 667 2339 724; x_wconf 92' lang='lat' dir='ltr'><strong>in</strong></span> <span class='ocrx_word' id='word_1_140' title='bbox 2383 668 2678 724; x_wconf 84' lang='lat' dir='ltr'><strong>hominem</strong></span> <span class='ocrx_word' id='word_1_141' title='bbox 2729 669 3044 724; x_wconf 78' lang='lat' dir='ltr'><strong>transitum</strong></span> <span class='ocrx_word' id='word_1_142' title='bbox 3094 668 3357 724; x_wconf 88' lang='lat' dir='ltr'><strong>studiose</strong></span> <span class='ocrx_word' id='word_1_143' title='bbox 3408 669 3747 736; x_wconf 77' lang='lat' dir='ltr'><strong>defendens.</strong></span> 
     </span>
    </p>
   </div>
   <div class='ocr_carea' id='block_1_22' title="bbox 2109 758 3747 829">
    <p class='ocr_par' dir='ltr' id='par_1_22' title="bbox 2109 758 3747 829">
     <span class='ocr_line' id='line_1_22' title="bbox 2109 758 3747 829; baseline 0.001 -16"><span class='ocrx_word' id='word_1_144' title='bbox 2109 758 2495 829; x_wconf 79' lang='lat' dir='ltr'><strong>periculosam</strong></span> <span class='ocrx_word' id='word_1_145' title='bbox 2549 759 2695 814; x_wconf 89' lang='lat' dir='ltr'><strong>hanc</strong></span> <span class='ocrx_word' id='word_1_146' title='bbox 2743 763 2918 829; x_wconf 90' lang='lat' dir='ltr'><strong>atque</strong></span> <span class='ocrx_word' id='word_1_147' title='bbox 2966 759 3221 829; x_wconf 91' lang='lat' dir='ltr'><strong>ineptam</strong></span> <span class='ocrx_word' id='word_1_148' title='bbox 3252 758 3583 829; x_wconf 84' lang='lat' dir='ltr'><strong>opinionem</strong></span> <span class='ocrx_word' id='word_1_149' title='bbox 3615 776 3747 815; x_wconf 90' lang='lat' dir='ltr'><strong>sur-</strong></span> 
     </span>
    </p>
   </div>
   <div class='ocr_carea' id='block_1_23' title="bbox 2107 846 3748 918">
    <p class='ocr_par' dir='ltr' id='par_1_23' title="bbox 2107 846 3748 918">
     <span class='ocr_line' id='line_1_23' title="bbox 2107 846 3748 918; baseline 0.001 -16"><span class='ocrx_word' id='word_1_150' title='bbox 2107 863 2235 902; x_wconf 90' lang='lat' dir='ltr'><strong>sum</strong></span> <span class='ocrx_word' id='word_1_151' title='bbox 2269 848 2535 902; x_wconf 87' lang='lat' dir='ltr'><strong>deorsum</strong></span> <span class='ocrx_word' id='word_1_152' title='bbox 2568 851 2776 903; x_wconf 81' lang='lat' dir='ltr'><strong>versat.</strong></span> <span class='ocrx_word' id='word_1_153' title='bbox 2814 848 2918 903; x_wconf 91' lang='lat' dir='ltr'><strong>Per</strong></span> <span class='ocrx_word' id='word_1_154' title='bbox 2965 846 3125 902; x_wconf 90' lang='lat' dir='ltr'><strong>illam</strong></span> <span class='ocrx_word' id='word_1_155' title='bbox 3166 847 3424 918; x_wconf 86' lang='lat' dir='ltr'><strong>quidem,</strong></span> <span class='ocrx_word' id='word_1_156' title='bbox 3455 852 3519 901; x_wconf 94' lang='lat' dir='ltr'><strong>ut</strong></span> <span class='ocrx_word' id='word_1_157' title='bbox 3546 848 3748 918; x_wconf 82' lang='lat' dir='ltr'><strong>credit,</strong></span> 
     </span>
    </p>
   </div>
   <div class='ocr_carea' id='block_1_24' title="bbox 2107 935 3751 1007">
    <p class='ocr_par' dir='ltr' id='par_1_24' title="bbox 2107 935 3751 1007">
     <span class='ocr_line' id='line_1_24' title="bbox 2107 935 3751 1007; baseline 0.001 -17"><span class='ocrx_word' id='word_1_158' title='bbox 2107 935 2361 990; x_wconf 89' lang='lat' dir='ltr'><strong>divinam</strong></span> <span class='ocrx_word' id='word_1_159' title='bbox 2415 936 2825 1005; x_wconf 78' lang='lat' dir='ltr'><strong>providentiam</strong></span> <span class='ocrx_word' id='word_1_160' title='bbox 2870 936 3291 1005; x_wconf 82' lang='lat' dir='ltr'><strong>corroborans;</strong></span> <span class='ocrx_word' id='word_1_161' title='bbox 3329 952 3427 1007; x_wconf 88' lang='lat' dir='ltr'><strong>per</strong></span> <span class='ocrx_word' id='word_1_162' title='bbox 3477 937 3650 1001; x_wconf 77' lang='lat' dir='ltr'><strong>hanc,</strong></span> <span class='ocrx_word' id='word_1_163' title='bbox 3685 938 3751 991; x_wconf 89' lang='lat' dir='ltr'><strong>li-</strong></span> 
     </span>
    </p>
   </div>
   <div class='ocr_carea' id='block_1_25' title="bbox 2108 1023 3744 1096">
    <p class='ocr_par' dir='ltr' id='par_1_25' title="bbox 2108 1023 3744 1096">
     <span class='ocr_line' id='line_1_25' title="bbox 2108 1023 3744 1096; baseline 0.001 -17"><span class='ocrx_word' id='word_1_164' title='bbox 2108 1026 2309 1079; x_wconf 89' lang='lat' dir='ltr'><strong>berum</strong></span> <span class='ocrx_word' id='word_1_165' title='bbox 2343 1024 2668 1089; x_wconf 90' lang='lat' dir='ltr'><strong>arbitrium,</strong></span> <span class='ocrx_word' id='word_1_166' title='bbox 2701 1023 3068 1095; x_wconf 90' lang='lat' dir='ltr'><strong>liberumque</strong></span> <span class='ocrx_word' id='word_1_167' title='bbox 3111 1026 3199 1079; x_wconf 92' lang='lat' dir='ltr'><strong>sui</strong></span> <span class='ocrx_word' id='word_1_168' title='bbox 3250 1025 3436 1096; x_wconf 87' lang='lat' dir='ltr'><strong>ipsius</strong></span> <span class='ocrx_word' id='word_1_169' title='bbox 3481 1026 3744 1081; x_wconf 87' lang='lat' dir='ltr'><strong>domina-</strong></span> 
     </span>
    </p>
   </div>
   <div class='ocr_carea' id='block_1_26' title="bbox 2106 1114 3744 1185">
    <p class='ocr_par' dir='ltr' id='par_1_26' title="bbox 2106 1114 3744 1185">
     <span class='ocr_line' id='line_1_26' title="bbox 2106 1114 3744 1185; baseline 0.001 -16"><span class='ocrx_word' id='word_1_170' title='bbox 2106 1120 2229 1169; x_wconf 91' lang='lat' dir='ltr'><strong>tum</strong></span> <span class='ocrx_word' id='word_1_171' title='bbox 2279 1118 2582 1180; x_wconf 81' lang='lat' dir='ltr'><strong>astruens;</strong></span> <span class='ocrx_word' id='word_1_172' title='bbox 2619 1115 2731 1169; x_wconf 82' lang='lat' dir='ltr'><strong>fato</strong></span> <span class='ocrx_word' id='word_1_173' title='bbox 2780 1120 2931 1169; x_wconf 91' lang='lat' dir='ltr'><strong>certe</strong></span> <span class='ocrx_word' id='word_1_174' title='bbox 2981 1119 3099 1169; x_wconf 89' lang='lat' dir='ltr'><strong>tam</strong></span> <span class='ocrx_word' id='word_1_175' title='bbox 3149 1114 3200 1169; x_wconf 93' lang='lat' dir='ltr'><strong>ei</strong></span> <span class='ocrx_word' id='word_1_176' title='bbox 3250 1121 3410 1185; x_wconf 88' lang='lat' dir='ltr'><strong>grato</strong></span> <span class='ocrx_word' id='word_1_177' title='bbox 3461 1114 3744 1171; x_wconf 79' lang='lat' dir='ltr'><strong>auxilium</strong></span> 
     </span>
    </p>
   </div>
   <div class='ocr_carea' id='block_1_27' title="bbox 2107 1202 3745 1273">
    <p class='ocr_par' dir='ltr' id='par_1_27' title="bbox 2107 1202 3745 1273">
     <span class='ocr_line' id='line_1_27' title="bbox 2107 1202 3745 1273; baseline 0.002 -17"><span class='ocrx_word' id='word_1_178' title='bbox 2107 1204 2331 1258; x_wconf 82' lang='lat' dir='ltr'><strong>ferens:</strong></span> <span class='ocrx_word' id='word_1_179' title='bbox 2384 1203 2558 1273; x_wconf 89' lang='lat' dir='ltr'><strong>idque</strong></span> <span class='ocrx_word' id='word_1_180' title='bbox 2614 1219 2729 1257; x_wconf 90' lang='lat' dir='ltr'><strong>non</strong></span> <span class='ocrx_word' id='word_1_181' title='bbox 2789 1202 3061 1257; x_wconf 85' lang='lat' dir='ltr'><strong>absurdis</strong></span> <span class='ocrx_word' id='word_1_182' title='bbox 3120 1210 3338 1257; x_wconf 90' lang='lat' dir='ltr'><strong>tantum</strong></span> <span class='ocrx_word' id='word_1_183' title='bbox 3396 1203 3745 1260; x_wconf 83' lang='lat' dir='ltr'><strong>commentis</strong></span> 
     </span>
    </p>
   </div>
   <div class='ocr_carea' id='block_1_28' title="bbox 2105 1290 3747 1363">
    <p class='ocr_par' dir='ltr' id='par_1_28' title="bbox 2105 1290 3747 1363">
     <span class='ocr_line' id='line_1_28' title="bbox 2105 1290 3747 1363; baseline 0.001 -18"><span class='ocrx_word' id='word_1_184' title='bbox 2105 1290 2401 1357; x_wconf 87' lang='lat' dir='ltr'><strong>incitatus,</strong></span> <span class='ocrx_word' id='word_1_185' title='bbox 2428 1292 2527 1347; x_wconf 90' lang='lat' dir='ltr'><strong>sed</strong></span> <span class='ocrx_word' id='word_1_186' title='bbox 2551 1290 2720 1346; x_wconf 88' lang='lat' dir='ltr'><strong>etiam</strong></span> <span class='ocrx_word' id='word_1_187' title='bbox 2753 1307 2821 1346; x_wconf 85' lang='lat' dir='ltr'><strong>ex</strong></span> <span class='ocrx_word' id='word_1_188' title='bbox 2852 1291 3096 1346; x_wconf 91' lang='lat' dir='ltr'><strong>minime</strong></span> <span class='ocrx_word' id='word_1_189' title='bbox 3126 1290 3549 1347; x_wconf 84' lang='lat' dir='ltr'><strong>cobarentibus</strong></span> <span class='ocrx_word' id='word_1_190' title='bbox 3579 1307 3747 1363; x_wconf 86' lang='lat' dir='ltr'><strong>argu-</strong></span> 
     </span>
    </p>
   </div>
   <div class='ocr_carea' id='block_1_29' title="bbox 2106 1380 3745 1451">
    <p class='ocr_par' dir='ltr' id='par_1_29' title="bbox 2106 1380 3745 1451">
     <span class='ocr_line' id='line_1_29' title="bbox 2106 1380 3745 1451; baseline 0.001 -16"><span class='ocrx_word' id='word_1_191' title='bbox 2106 1380 2561 1436; x_wconf 89' lang='lat' dir='ltr'><strong>mentationibus</strong></span> <span class='ocrx_word' id='word_1_192' title='bbox 2609 1396 2767 1447; x_wconf 87' lang='lat' dir='ltr'><strong>suas,</strong></span> <span class='ocrx_word' id='word_1_193' title='bbox 2803 1396 2947 1451; x_wconf 89' lang='lat' dir='ltr'><strong>quas</strong></span> <span class='ocrx_word' id='word_1_194' title='bbox 2997 1383 3180 1450; x_wconf 88' lang='lat' dir='ltr'><strong>putat,</strong></span> <span class='ocrx_word' id='word_1_195' title='bbox 3216 1380 3582 1451; x_wconf 83' lang='lat' dir='ltr'><strong>probationes</strong></span> <span class='ocrx_word' id='word_1_196' title='bbox 3613 1397 3745 1451; x_wconf 89' lang='lat' dir='ltr'><strong>pro-</strong></span> 
     </span>
    </p>
   </div>
   <div class='ocr_carea' id='block_1_30' title="bbox 2103 1468 3743 1539">
    <p class='ocr_par' dir='ltr' id='par_1_30' title="bbox 2103 1468 3743 1539">
     <span class='ocr_line' id='line_1_30' title="bbox 2103 1468 3743 1539; baseline 0.001 -15"><span class='ocrx_word' id='word_1_197' title='bbox 2103 1470 2354 1526; x_wconf 90' lang='lat' dir='ltr'><strong>ducens:</strong></span> <span class='ocrx_word' id='word_1_198' title='bbox 2389 1486 2520 1525; x_wconf 91' lang='lat' dir='ltr'><strong>cum</strong></span> <span class='ocrx_word' id='word_1_199' title='bbox 2555 1468 2810 1538; x_wconf 89' lang='lat' dir='ltr'><strong>interim,</strong></span> <span class='ocrx_word' id='word_1_200' title='bbox 2844 1485 2943 1539; x_wconf 91' lang='lat' dir='ltr'><strong>per</strong></span> <span class='ocrx_word' id='word_1_201' title='bbox 2973 1484 3103 1539; x_wconf 84' lang='lat' dir='ltr'><strong>qua</strong></span> <span class='ocrx_word' id='word_1_202' title='bbox 3133 1483 3332 1523; x_wconf 88' lang='lat' dir='ltr'><strong>revera</strong></span> <span class='ocrx_word' id='word_1_203' title='bbox 3362 1468 3743 1525; x_wconf 89' lang='lat' dir='ltr'><strong>Providentia</strong></span> 
     </span>
    </p>
   </div>
   <div class='ocr_carea' id='block_1_31' title="bbox 2104 1558 3742 1630">
    <p class='ocr_par' dir='ltr' id='par_1_31' title="bbox 2104 1558 3742 1630">
     <span class='ocr_line' id='line_1_31' title="bbox 2104 1558 3742 1630; baseline 0 -17"><span class='ocrx_word' id='word_1_204' title='bbox 2104 1560 2316 1629; x_wconf 77' lang='lat' dir='ltr'><strong>dogma</strong></span> <span class='ocrx_word' id='word_1_205' title='bbox 2347 1558 2619 1614; x_wconf 86' lang='lat' dir='ltr'><strong>constitui</strong></span> <span class='ocrx_word' id='word_1_206' title='bbox 2642 1562 2886 1630; x_wconf 85' lang='lat' dir='ltr'><strong>poterat,</strong></span> <span class='ocrx_word' id='word_1_207' title='bbox 2910 1573 2981 1613; x_wconf 93' lang='lat' dir='ltr'><strong>ne</strong></span> <span class='ocrx_word' id='word_1_208' title='bbox 3015 1558 3072 1612; x_wconf 92' lang='lat' dir='ltr'><strong>in</strong></span> <span class='ocrx_word' id='word_1_209' title='bbox 3106 1561 3357 1613; x_wconf 90' lang='lat' dir='ltr'><strong>mentem</strong></span> <span class='ocrx_word' id='word_1_210' title='bbox 3392 1558 3625 1629; x_wconf 90' lang='lat' dir='ltr'><strong>quidem</strong></span> <span class='ocrx_word' id='word_1_211' title='bbox 3659 1558 3742 1614; x_wconf 91' lang='lat' dir='ltr'><strong>illi</strong></span> 
     </span>
    </p>
   </div>
   <div class='ocr_carea' id='block_1_32' title="bbox 2102 1646 3741 1719">
    <p class='ocr_par' dir='ltr' id='par_1_32' title="bbox 2102 1646 3741 1719">
     <span class='ocr_line' id='line_1_32' title="bbox 2102 1646 3741 1719; baseline 0.001 -16"><span class='ocrx_word' id='word_1_212' title='bbox 2102 1649 2384 1704; x_wconf 90' lang='lat' dir='ltr'><strong>venerint.</strong></span> <span class='ocrx_word' id='word_1_213' title='bbox 2417 1651 2539 1704; x_wconf 90' lang='lat' dir='ltr'><strong>Imo</strong></span> <span class='ocrx_word' id='word_1_214' title='bbox 2585 1665 2739 1717; x_wconf 91' lang='lat' dir='ltr'><strong>vero,</strong></span> <span class='ocrx_word' id='word_1_215' title='bbox 2772 1648 2821 1703; x_wconf 91' lang='lat' dir='ltr'><strong>si</strong></span> <span class='ocrx_word' id='word_1_216' title='bbox 2855 1647 2988 1719; x_wconf 89' lang='lat' dir='ltr'><strong>quis</strong></span> <span class='ocrx_word' id='word_1_217' title='bbox 3019 1646 3156 1702; x_wconf 87' lang='lat' dir='ltr'><strong>huic</strong></span> <span class='ocrx_word' id='word_1_218' title='bbox 3187 1647 3412 1702; x_wconf 90' lang='lat' dir='ltr'><strong>homini</strong></span> <span class='ocrx_word' id='word_1_219' title='bbox 3440 1649 3741 1704; x_wconf 82' lang='lat' dir='ltr'><strong>veritatem</strong></span> 
     </span>
    </p>
   </div>
   <div class='ocr_carea' id='block_1_33' title="bbox 2103 1735 3743 1808">
    <p class='ocr_par' dir='ltr' id='par_1_33' title="bbox 2103 1735 3743 1808">
     <span class='ocr_line' id='line_1_33' title="bbox 2103 1735 3743 1808; baseline 0.001 -16"><span class='ocrx_word' id='word_1_220' title='bbox 2103 1742 2452 1808; x_wconf 90' lang='lat' dir='ltr'><strong>anteponere</strong></span> <span class='ocrx_word' id='word_1_221' title='bbox 2527 1739 2778 1805; x_wconf 88' lang='lat' dir='ltr'><strong>studeat,</strong></span> <span class='ocrx_word' id='word_1_222' title='bbox 2856 1738 3070 1808; x_wconf 88' lang='lat' dir='ltr'><strong>quibus</strong></span> <span class='ocrx_word' id='word_1_223' title='bbox 3145 1735 3303 1791; x_wconf 84' lang='lat' dir='ltr'><strong>illam</strong></span> <span class='ocrx_word' id='word_1_224' title='bbox 3378 1738 3743 1808; x_wconf 82' lang='lat' dir='ltr'><strong>argumentis</strong></span> 
     </span>
    </p>
   </div>
   <div class='ocr_carea' id='block_1_34' title="bbox 324 1798 1981 1900">
    <p class='ocr_par' dir='ltr' id='par_1_34' title="bbox 324 1822 1981 1900">
     <span class='ocr_line' id='line_1_34' title="bbox 324 1822 1981 1900; baseline 0.001 -20"><span class='ocrx_word' id='word_1_225' title='bbox 324 1822 525 1886; x_wconf 78' lang='grc' dir='ltr'>ἄλλοις</span> <span class='ocrx_word' id='word_1_226' title='bbox 577 1832 679 1894; x_wconf 85' lang='grc' dir='ltr'><strong>τῆς</strong></span> <span class='ocrx_word' id='word_1_227' title='bbox 726 1822 1031 1885; x_wconf 70' lang='grc' dir='ltr'>ὑποθέσεως</span> <span class='ocrx_word' id='word_1_228' title='bbox 1079 1824 1414 1894; x_wconf 76' lang='grc' dir='ltr'>ἀπαιτούσης</span> <span class='ocrx_word' id='word_1_229' title='bbox 1481 1824 1815 1900; x_wconf 72' lang='grc' dir='ltr'>πλατύτερον</span> <span class='ocrx_word' id='word_1_230' title='bbox 1898 1828 1981 1882; x_wconf 80' lang='grc' dir='ltr'>ὑπ-</span> 
     </span>
    </p>
   </div>
   <div class='ocr_carea' id='block_1_35' title="bbox 2094 1798 3738 1900">
    <p class='ocr_par' dir='ltr' id='par_1_35' title="bbox 2101 1826 3738 1897">
     <span class='ocr_line' id='line_1_35' title="bbox 2101 1826 3738 1897; baseline 0.001 -16"><span class='ocrx_word' id='word_1_231' title='bbox 2101 1832 2364 1882; x_wconf 87' lang='lat' dir='ltr'><strong>astruere</strong></span> <span class='ocrx_word' id='word_1_232' title='bbox 2394 1827 2618 1893; x_wconf 84' lang='lat' dir='ltr'><strong>nititur,</strong></span> <span class='ocrx_word' id='word_1_233' title='bbox 2652 1827 2743 1882; x_wconf 91' lang='lat' dir='ltr'><strong>bis</strong></span> <span class='ocrx_word' id='word_1_234' title='bbox 2773 1827 2914 1897; x_wconf 89' lang='lat' dir='ltr'><strong>ipsis</strong></span> <span class='ocrx_word' id='word_1_235' title='bbox 2946 1826 3213 1881; x_wconf 86' lang='lat' dir='ltr'><strong>eamdem</strong></span> <span class='ocrx_word' id='word_1_236' title='bbox 3244 1826 3483 1881; x_wconf 90' lang='lat' dir='ltr'><strong>omnino</strong></span> <span class='ocrx_word' id='word_1_237' title='bbox 3514 1827 3738 1884; x_wconf 83' lang='lat' dir='ltr'><strong>evertit.</strong></span> 
     </span>
    </p>
   </div>
   <div class='ocr_carea' id='block_1_36' title="bbox 323 1911 1987 1988">
    <p class='ocr_par' dir='ltr' id='par_1_36' title="bbox 323 1911 1987 1988">
     <span class='ocr_line' id='line_1_36' title="bbox 323 1911 1987 1988; baseline 0.001 -19"><span class='ocrx_word' id='word_1_238' title='bbox 323 1911 626 1986; x_wconf 78' lang='grc' dir='ltr'>εδείξαμεν,</span> <span class='ocrx_word' id='word_1_239' title='bbox 678 1913 1062 1988; x_wconf 85' lang='grc' dir='ltr'>εύπερίτρεπον</span> <span class='ocrx_word' id='word_1_240' title='bbox 1123 1916 1170 1949; x_wconf 75' lang='grc'>⁸⁴</span> <span class='ocrx_word' id='word_1_241' title='bbox 1226 1913 1393 1982; x_wconf 75' lang='grc' dir='ltr'>αὐτὴν</span> <span class='ocrx_word' id='word_1_242' title='bbox 1461 1915 1597 1988; x_wconf 82' lang='grc' dir='ltr'>πρὸς</span> <span class='ocrx_word' id='word_1_243' title='bbox 1678 1914 1987 1970; x_wconf 90' lang='grc' dir='ltr'>τούναντίον</span> 
     </span>
    </p>
   </div>
   <div class='ocr_carea' id='block_1_37' title="bbox 320 2002 1984 2081">
    <p class='ocr_par' dir='ltr' id='par_1_37' title="bbox 320 2002 1984 2081">
     <span class='ocr_line' id='line_1_37' title="bbox 320 2002 1984 2081; baseline 0.002 -24"><span class='ocrx_word' id='word_1_244' title='bbox 320 2003 412 2058; x_wconf 85' lang='grc' dir='ltr'>καί</span> <span class='ocrx_word' id='word_1_245' title='bbox 464 2004 832 2057; x_wconf 82' lang='grc' dir='ltr'>ἀνυπόστατον</span> <span class='ocrx_word' id='word_1_246' title='bbox 878 2002 1266 2081; x_wconf 83' lang='grc' dir='ltr'>συναπέφηνεν.</span> <span class='ocrx_word' id='word_1_247' title='bbox 1316 2005 1430 2072; x_wconf 81' lang='grc' dir='ltr'><strong>Τῆς</strong></span> <span class='ocrx_word' id='word_1_248' title='bbox 1479 2005 1583 2080; x_wconf 75' lang='grc' dir='ltr'><strong>γὰρ</strong></span> <span class='ocrx_word' id='word_1_249' title='bbox 1630 2006 1737 2058; x_wconf 84' lang='grc' dir='ltr'><strong>τῶν</strong></span> <span class='ocrx_word' id='word_1_250' title='bbox 1788 2008 1984 2079; x_wconf 79' lang='grc' dir='ltr'>ψυχῶν</span> 
     </span>
    </p>
   </div>
   <div class='ocr_carea' id='block_1_38' title="bbox 318 2087 1984 2168">
    <p class='ocr_par' dir='ltr' id='par_1_38' title="bbox 318 2087 1984 2168">
     <span class='ocr_line' id='line_1_38' title="bbox 318 2087 1984 2168; baseline 0.001 -20"><span class='ocrx_word' id='word_1_251' title='bbox 318 2087 628 2167; x_wconf 79' lang='grc' dir='ltr'>προόιοτῆς</span> <span class='ocrx_word' id='word_1_252' title='bbox 687 2093 779 2147; x_wconf 82' lang='grc' dir='ltr'><strong>καὶ</strong></span> <span class='ocrx_word' id='word_1_253' title='bbox 841 2093 1405 2166; x_wconf 85' lang='grc' dir='ltr'>μετενσωματώσεως,</span> <span class='ocrx_word' id='word_1_254' title='bbox 1438 2094 1504 2162; x_wconf 67' lang='grc' dir='ltr'>ἢν</span> <span class='ocrx_word' id='word_1_255' title='bbox 1556 2093 1718 2155; x_wconf 81' lang='grc' dir='ltr'>αὐτὸς</span> <span class='ocrx_word' id='word_1_256' title='bbox 1759 2091 1984 2168; x_wconf 78' lang='grc' dir='ltr'>ἔρεισμα</span> 
     </span>
    </p>
   </div>
   <div class='ocr_carea' id='block_1_39' title="bbox 318 2175 1985 2255">
    <p class='ocr_par' dir='ltr' id='par_1_39' title="bbox 318 2175 1985 2255">
     <span class='ocr_line' id='line_1_39' title="bbox 318 2175 1985 2255; baseline 0.001 -19"><span class='ocrx_word' id='word_1_257' title='bbox 318 2182 410 2236; x_wconf 76' lang='grc' dir='ltr'><strong>καὶ</strong></span> <span class='ocrx_word' id='word_1_258' title='bbox 463 2180 719 2255; x_wconf 77' lang='grc' dir='ltr'>θεμέλιον</span> <span class='ocrx_word' id='word_1_259' title='bbox 766 2187 866 2250; x_wconf 83' lang='grc' dir='ltr'>τῆς</span> <span class='ocrx_word' id='word_1_260' title='bbox 907 2181 1177 2255; x_wconf 84' lang='grc' dir='ltr'>Προνοίας</span> <span class='ocrx_word' id='word_1_261' title='bbox 1224 2175 1529 2235; x_wconf 72' lang='grc' dir='ltr'>ὑποϐάλλει</span> <span class='ocrx_word' id='word_1_262' title='bbox 1568 2182 1790 2236; x_wconf 78' lang='grc' dir='ltr'>καὶτοῦ</span> <span class='ocrx_word' id='word_1_263' title='bbox 1848 2183 1985 2238; x_wconf 89' lang='grc' dir='ltr'>αύτ-</span> 
     </span>
    </p>
   </div>
   <div class='ocr_carea' id='block_1_40' title="bbox 319 2270 1981 2344">
    <p class='ocr_par' dir='ltr' id='par_1_40' title="bbox 319 2270 1981 2344">
     <span class='ocr_line' id='line_1_40' title="bbox 319 2270 1981 2344; baseline 0.002 -20"><span class='ocrx_word' id='word_1_264' title='bbox 319 2270 565 2343; x_wconf 79' lang='grc' dir='ltr'>εξουσίου</span> <span class='ocrx_word' id='word_1_265' title='bbox 631 2271 721 2325; x_wconf 82' lang='grc' dir='ltr'><strong>καὶ</strong></span> <span class='ocrx_word' id='word_1_266' title='bbox 778 2276 880 2340; x_wconf 79' lang='grc' dir='ltr'><strong>τῆς</strong></span> <span class='ocrx_word' id='word_1_267' title='bbox 960 2270 1318 2344; x_wconf 78' lang='grc' dir='ltr'>εἱμαρμένης,</span> <span class='ocrx_word' id='word_1_268' title='bbox 1404 2271 1607 2340; x_wconf 87' lang='grc' dir='ltr'>ταύτης</span> <span class='ocrx_word' id='word_1_269' title='bbox 1699 2272 1981 2335; x_wconf 87' lang='grc' dir='ltr'>παντελῶς</span> 
     </span>
    </p>
   </div>
   <div class='ocr_carea' id='block_1_41' title="bbox 323 2357 1984 2436">
    <p class='ocr_par' dir='ltr' id='par_1_41' title="bbox 323 2357 1984 2436">
     <span class='ocr_line' id='line_1_41' title="bbox 323 2357 1984 2436; baseline 0.001 -23"><span class='ocrx_word' id='word_1_270' title='bbox 323 2359 408 2421; x_wconf 75' lang='grc' dir='ltr'>εἱς</span> <span class='ocrx_word' id='word_1_271' title='bbox 453 2360 517 2414; x_wconf 81' lang='grc' dir='ltr'><strong>τὸ</strong></span> <span class='ocrx_word' id='word_1_272' title='bbox 567 2357 771 2436; x_wconf 83' lang='grc' dir='ltr'>ἄλογόν</span> <span class='ocrx_word' id='word_1_273' title='bbox 799 2381 858 2414; x_wconf 92' lang='grc' dir='ltr'><strong>τε</strong></span> <span class='ocrx_word' id='word_1_274' title='bbox 904 2360 992 2414; x_wconf 80' lang='grc' dir='ltr'>καὶ</span> <span class='ocrx_word' id='word_1_275' title='bbox 1037 2357 1297 2414; x_wconf 81' lang='grc' dir='ltr'>ἀδύνατον</span> <span class='ocrx_word' id='word_1_276' title='bbox 1336 2359 1440 2414; x_wconf 80' lang='grc' dir='ltr'>ὑπὸ</span> <span class='ocrx_word' id='word_1_277' title='bbox 1475 2366 1577 2429; x_wconf 80' lang='grc' dir='ltr'><strong>τῆς</strong></span> <span class='ocrx_word' id='word_1_278' title='bbox 1606 2359 1868 2430; x_wconf 82' lang='grc' dir='ltr'>ἀληθείας</span> <span class='ocrx_word' id='word_1_279' title='bbox 1909 2359 1984 2434; x_wconf 79' lang='grc' dir='ltr'><strong>ἐξ-</strong></span> 
     </span>
    </p>
   </div>
   <div class='ocr_carea' id='block_1_42' title="bbox 321 2444 1982 2526">
    <p class='ocr_par' dir='ltr' id='par_1_42' title="bbox 321 2444 1982 2526">
     <span class='ocr_line' id='line_1_42' title="bbox 321 2444 1982 2526; baseline 0 -23"><span class='ocrx_word' id='word_1_280' title='bbox 321 2448 815 2525; x_wconf 85' lang='grc' dir='ltr'>οστρακιζομένης,</span> <span class='ocrx_word' id='word_1_281' title='bbox 881 2444 1053 2518; x_wconf 84' lang='grc' dir='ltr'>δῆλον</span> <span class='ocrx_word' id='word_1_282' title='bbox 1140 2447 1223 2503; x_wconf 90' lang='grc' dir='ltr'><strong>ὅτι</strong></span> <span class='ocrx_word' id='word_1_283' title='bbox 1309 2449 1825 2526; x_wconf 84' lang='grc' dir='ltr'>συγκαταστρέφεται</span> <span class='ocrx_word' id='word_1_284' title='bbox 1901 2454 1982 2523; x_wconf 80' lang='grc' dir='ltr'>τῷ</span> 
     </span>
    </p>
   </div>
   <div class='ocr_carea' id='block_1_43' title="bbox 324 2535 1979 2613">
    <p class='ocr_par' dir='ltr' id='par_1_43' title="bbox 324 2535 1979 2613">
     <span class='ocr_line' id='line_1_43' title="bbox 324 2535 1979 2613; baseline 0.001 -22"><span class='ocrx_word' id='word_1_285' title='bbox 324 2535 404 2591; x_wconf 84' lang='grc' dir='ltr'>δι’</span> <span class='ocrx_word' id='word_1_286' title='bbox 462 2536 675 2592; x_wconf 74' lang='grc' dir='ltr'>ἐκείνων</span> <span class='ocrx_word' id='word_1_287' title='bbox 735 2542 907 2593; x_wconf 76' lang='grc' dir='ltr'>ταῦτα</span> <span class='ocrx_word' id='word_1_288' title='bbox 963 2537 1474 2612; x_wconf 84' lang='grc' dir='ltr'>πραγματευομένῳ</span> <span class='ocrx_word' id='word_1_289' title='bbox 1509 2538 1599 2592; x_wconf 80' lang='grc' dir='ltr'><strong>καὶ</strong></span> <span class='ocrx_word' id='word_1_290' title='bbox 1649 2541 1683 2608; x_wconf 84' lang='grc' dir='ltr'>ἡ</span> <span class='ocrx_word' id='word_1_291' title='bbox 1745 2539 1979 2613; x_wconf 91' lang='grc' dir='ltr'>Πρόνοια</span> 
     </span>
    </p>
   </div>
   <div class='ocr_carea' id='block_1_44' title="bbox 317 2626 1980 2704">
    <p class='ocr_par' dir='ltr' id='par_1_44' title="bbox 317 2626 1980 2704">
     <span class='ocr_line' id='line_1_44' title="bbox 317 2626 1980 2704; baseline 0.001 -22"><span class='ocrx_word' id='word_1_292' title='bbox 317 2627 421 2682; x_wconf 79' lang='grc' dir='ltr'><strong>καὶ</strong></span> <span class='ocrx_word' id='word_1_293' title='bbox 476 2628 538 2681; x_wconf 84' lang='grc' dir='ltr'>τὸ</span> <span class='ocrx_word' id='word_1_294' title='bbox 601 2626 680 2704; x_wconf 83' lang='grc' dir='ltr'><strong>ἐφ’</strong></span> <span class='ocrx_word' id='word_1_295' title='bbox 716 2629 852 2700; x_wconf 76' lang='grc' dir='ltr'>ἡμῖν</span> <span class='ocrx_word' id='word_1_296' title='bbox 911 2626 999 2682; x_wconf 81' lang='grc' dir='ltr'><strong>καὶ</strong></span> <span class='ocrx_word' id='word_1_297' title='bbox 1050 2629 1083 2696; x_wconf 81' lang='grc' dir='ltr'>ἡ</span> <span class='ocrx_word' id='word_1_298' title='bbox 1144 2627 1470 2701; x_wconf 72' lang='grc' dir='ltr'>εἱμαρμένη,</span> <span class='ocrx_word' id='word_1_299' title='bbox 1529 2627 1617 2681; x_wconf 83' lang='grc' dir='ltr'><strong>καὶ</strong></span> <span class='ocrx_word' id='word_1_300' title='bbox 1680 2627 1756 2689; x_wconf 79' lang='grc' dir='ltr'>εἷς</span> <span class='ocrx_word' id='word_1_301' title='bbox 1810 2626 1980 2699; x_wconf 82' lang='grc' dir='ltr'>λῆρον</span> 
     </span>
    </p>
   </div>
   <div class='ocr_carea' id='block_1_45' title="bbox 318 2713 1662 2792">
    <p class='ocr_par' dir='ltr' id='par_1_45' title="bbox 318 2713 1662 2792">
     <span class='ocr_line' id='line_1_45' title="bbox 318 2713 1662 2792; baseline 0 -21"><span class='ocrx_word' id='word_1_302' title='bbox 318 2716 478 2771; x_wconf 82' lang='grc' dir='ltr'>αὐτῶ</span> <span class='ocrx_word' id='word_1_303' title='bbox 508 2716 568 2770; x_wconf 87' lang='grc' dir='ltr'>τὸ</span> <span class='ocrx_word' id='word_1_304' title='bbox 606 2715 969 2792; x_wconf 74' lang='grc' dir='ltr'>πολύμοχθον</span> <span class='ocrx_word' id='word_1_305' title='bbox 1004 2713 1280 2770; x_wconf 80' lang='grc' dir='ltr'>διαλύεται</span> <span class='ocrx_word' id='word_1_306' title='bbox 1322 2713 1662 2788; x_wconf 83' lang='grc' dir='ltr'>σπούδασμα.</span> 
     </span>
    </p>
   </div>
   <div class='ocr_carea' id='block_1_46' title="bbox 2097 1916 3739 1987">
    <p class='ocr_par' dir='ltr' id='par_1_46' title="bbox 2097 1916 3739 1987">
     <span class='ocr_line' id='line_1_46' title="bbox 2097 1916 3739 1987; baseline -0.001 -15"><span class='ocrx_word' id='word_1_307' title='bbox 2097 1918 2240 1972; x_wconf 88' lang='lat' dir='ltr'><strong>Nam</strong></span> <span class='ocrx_word' id='word_1_308' title='bbox 2293 1917 2388 1987; x_wconf 91' lang='lat' dir='ltr'><strong>qui</strong></span> <span class='ocrx_word' id='word_1_309' title='bbox 2449 1917 2750 1971; x_wconf 78' lang='lat' dir='ltr'><strong>infirmum</strong></span> <span class='ocrx_word' id='word_1_310' title='bbox 2810 1922 3220 1986; x_wconf 84' lang='lat' dir='ltr'><strong>argumentum</strong></span> <span class='ocrx_word' id='word_1_311' title='bbox 3279 1916 3454 1970; x_wconf 88' lang='lat' dir='ltr'><strong>semel</strong></span> <span class='ocrx_word' id='word_1_312' title='bbox 3513 1916 3739 1971; x_wconf 88' lang='lat' dir='ltr'><strong>veritati</strong></span> 
     </span>
    </p>
   </div>
   <div class='ocr_carea' id='block_1_47' title="bbox 2096 2004 3741 2077">
    <p class='ocr_par' dir='ltr' id='par_1_47' title="bbox 2096 2004 3741 2077">
     <span class='ocr_line' id='line_1_47' title="bbox 2096 2004 3741 2077; baseline -0.001 -15"><span class='ocrx_word' id='word_1_313' title='bbox 2096 2007 2413 2062; x_wconf 89' lang='lat' dir='ltr'><strong>substravit</strong></span> <span class='ocrx_word' id='word_1_314' title='bbox 2444 2007 2528 2077; x_wconf 86' lang='lat' dir='ltr'><strong>(ut</strong></span> <span class='ocrx_word' id='word_1_315' title='bbox 2558 2004 2719 2069; x_wconf 89' lang='lat' dir='ltr'><strong>alibi,</strong></span> <span class='ocrx_word' id='word_1_316' title='bbox 2760 2020 2890 2061; x_wconf 90' lang='lat' dir='ltr'><strong>cum</strong></span> <span class='ocrx_word' id='word_1_317' title='bbox 2938 2021 3030 2060; x_wconf 89' lang='lat' dir='ltr'><strong>res</strong></span> <span class='ocrx_word' id='word_1_318' title='bbox 3062 2004 3145 2059; x_wconf 90' lang='lat' dir='ltr'><strong>ita</strong></span> <span class='ocrx_word' id='word_1_319' title='bbox 3178 2005 3517 2073; x_wconf 83' lang='lat' dir='ltr'><strong>postularet,</strong></span> <span class='ocrx_word' id='word_1_320' title='bbox 3549 2006 3741 2077; x_wconf 77' lang='lat' dir='ltr'><strong>copio-</strong></span> 
     </span>
    </p>
   </div>
   <div class='ocr_carea' id='block_1_48' title="bbox 2094 2092 3743 2165">
    <p class='ocr_par' dir='ltr' id='par_1_48' title="bbox 2094 2092 3743 2165">
     <span class='ocr_line' id='line_1_48' title="bbox 2094 2092 3743 2165; baseline -0.001 -14"><span class='ocrx_word' id='word_1_321' title='bbox 2094 2095 2219 2151; x_wconf 92' lang='lat' dir='ltr'><strong>sius</strong></span> <span class='ocrx_word' id='word_1_322' title='bbox 2238 2093 2649 2165; x_wconf 88' lang='lat' dir='ltr'><strong>ostendimus),</strong></span> <span class='ocrx_word' id='word_1_323' title='bbox 2665 2093 2714 2147; x_wconf 89' lang='lat' dir='ltr'><strong>is</strong></span> <span class='ocrx_word' id='word_1_324' title='bbox 2733 2094 2789 2147; x_wconf 91' lang='lat' dir='ltr'><strong>in</strong></span> <span class='ocrx_word' id='word_1_325' title='bbox 2810 2094 3158 2148; x_wconf 87' lang='lat' dir='ltr'><strong>contrariam</strong></span> <span class='ocrx_word' id='word_1_326' title='bbox 3183 2092 3347 2148; x_wconf 83' lang='lat' dir='ltr'><strong>facile</strong></span> <span class='ocrx_word' id='word_1_327' title='bbox 3365 2098 3588 2163; x_wconf 88' lang='lat' dir='ltr'><strong>partem</strong></span> <span class='ocrx_word' id='word_1_328' title='bbox 3608 2110 3743 2150; x_wconf 92' lang='lat' dir='ltr'><strong>con-</strong></span> 
     </span>
    </p>
   </div>
   <div class='ocr_carea' id='block_1_49' title="bbox 2092 2183 3735 2255">
    <p class='ocr_par' dir='ltr' id='par_1_49' title="bbox 2092 2183 3735 2255">
     <span class='ocr_line' id='line_1_49' title="bbox 2092 2183 3735 2255; baseline -0.001 -15"><span class='ocrx_word' id='word_1_329' title='bbox 2092 2185 2236 2240; x_wconf 84' lang='lat' dir='ltr'><strong>verti</strong></span> <span class='ocrx_word' id='word_1_330' title='bbox 2284 2183 2445 2239; x_wconf 90' lang='lat' dir='ltr'><strong>illam</strong></span> <span class='ocrx_word' id='word_1_331' title='bbox 2497 2198 2688 2254; x_wconf 86' lang='lat' dir='ltr'><strong>posse,</strong></span> <span class='ocrx_word' id='word_1_332' title='bbox 2724 2183 2866 2255; x_wconf 91' lang='lat' dir='ltr'><strong>quin</strong></span> <span class='ocrx_word' id='word_1_333' title='bbox 2899 2191 2950 2237; x_wconf 92' lang='lat' dir='ltr'><strong>et</strong></span> <span class='ocrx_word' id='word_1_334' title='bbox 2984 2197 3354 2253; x_wconf 87' lang='lat' dir='ltr'><strong>nequaquam</strong></span> <span class='ocrx_word' id='word_1_335' title='bbox 3401 2183 3735 2252; x_wconf 86' lang='lat' dir='ltr'><strong>subsistere,</strong></span> 
     </span>
    </p>
   </div>
   <div class='ocr_carea' id='block_1_50' title="bbox 2091 2271 3739 2343">
    <p class='ocr_par' dir='ltr' id='par_1_50' title="bbox 2091 2271 3739 2343">
     <span class='ocr_line' id='line_1_50' title="bbox 2091 2271 3739 2343; baseline -0.001 -15"><span class='ocrx_word' id='word_1_336' title='bbox 2091 2272 2269 2329; x_wconf 91' lang='lat' dir='ltr'><strong>simul</strong></span> <span class='ocrx_word' id='word_1_337' title='bbox 2302 2272 2739 2327; x_wconf 84' lang='lat' dir='ltr'><strong>demonstravit.</strong></span> <span class='ocrx_word' id='word_1_338' title='bbox 2770 2272 2871 2327; x_wconf 89' lang='lat' dir='ltr'><strong>Illa</strong></span> <span class='ocrx_word' id='word_1_339' title='bbox 2915 2272 3128 2342; x_wconf 89' lang='lat' dir='ltr'><strong>quippe</strong></span> <span class='ocrx_word' id='word_1_340' title='bbox 3177 2271 3507 2326; x_wconf 89' lang='lat' dir='ltr'><strong>animorum</strong></span> <span class='ocrx_word' id='word_1_341' title='bbox 3548 2271 3739 2343; x_wconf 86' lang='lat' dir='ltr'><strong>priore</strong></span> 
     </span>
    </p>
   </div>
   <div class='ocr_carea' id='block_1_51' title="bbox 2091 2360 3737 2434">
    <p class='ocr_par' dir='ltr' id='par_1_51' title="bbox 2091 2360 3737 2434">
     <span class='ocr_line' id='line_1_51' title="bbox 2091 2360 3737 2434; baseline -0.001 -17"><span class='ocrx_word' id='word_1_342' title='bbox 2091 2363 2228 2428; x_wconf 89' lang='lat' dir='ltr'><strong>vita,</strong></span> <span class='ocrx_word' id='word_1_343' title='bbox 2279 2367 2335 2417; x_wconf 91' lang='lat' dir='ltr'><strong>et</strong></span> <span class='ocrx_word' id='word_1_344' title='bbox 2381 2362 2442 2417; x_wconf 90' lang='lat' dir='ltr'><strong>in</strong></span> <span class='ocrx_word' id='word_1_345' title='bbox 2492 2378 2733 2434; x_wconf 91' lang='lat' dir='ltr'><strong>corpora</strong></span> <span class='ocrx_word' id='word_1_346' title='bbox 2788 2361 3310 2431; x_wconf 89' lang='lat' dir='ltr'><strong>transmigratione</strong></span> <span class='ocrx_word' id='word_1_347' title='bbox 3355 2364 3558 2431; x_wconf 90' lang='lat' dir='ltr'><strong>(quam</strong></span> <span class='ocrx_word' id='word_1_348' title='bbox 3610 2360 3737 2432; x_wconf 90' lang='lat' dir='ltr'><strong>ipse</strong></span> 
     </span>
    </p>
   </div>
   <div class='ocr_carea' id='block_1_52' title="bbox 2090 2448 3737 2519">
    <p class='ocr_par' dir='ltr' id='par_1_52' title="bbox 2090 2448 3737 2519">
     <span class='ocr_line' id='line_1_52' title="bbox 2090 2448 3737 2519; baseline -0.002 -12"><span class='ocrx_word' id='word_1_349' title='bbox 2090 2452 2277 2508; x_wconf 86' lang='lat' dir='ltr'><strong>basim</strong></span> <span class='ocrx_word' id='word_1_350' title='bbox 2313 2467 2379 2508; x_wconf 88' lang='lat' dir='ltr'><strong>ac</strong></span> <span class='ocrx_word' id='word_1_351' title='bbox 2407 2451 2850 2507; x_wconf 84' lang='lat' dir='ltr'><strong>fundamentum</strong></span> <span class='ocrx_word' id='word_1_352' title='bbox 2886 2448 3279 2514; x_wconf 80' lang='lat' dir='ltr'><strong>Providentia,</strong></span> <span class='ocrx_word' id='word_1_353' title='bbox 3313 2448 3608 2519; x_wconf 90' lang='lat' dir='ltr'><strong>liberoque</strong></span> <span class='ocrx_word' id='word_1_354' title='bbox 3648 2466 3737 2503; x_wconf 90' lang='lat' dir='ltr'><strong>ar-</strong></span> 
     </span>
    </p>
   </div>
   <div class='ocr_carea' id='block_1_53' title="bbox 2090 2537 3735 2609">
    <p class='ocr_par' dir='ltr' id='par_1_53' title="bbox 2090 2537 3735 2609">
     <span class='ocr_line' id='line_1_53' title="bbox 2090 2537 3735 2609; baseline -0.002 -14"><span class='ocrx_word' id='word_1_355' title='bbox 2090 2540 2282 2606; x_wconf 88' lang='lat' dir='ltr'><strong>bitrio,</strong></span> <span class='ocrx_word' id='word_1_356' title='bbox 2307 2557 2371 2595; x_wconf 91' lang='lat' dir='ltr'><strong>ac</strong></span> <span class='ocrx_word' id='word_1_357' title='bbox 2403 2540 2517 2595; x_wconf 84' lang='lat' dir='ltr'><strong>fato</strong></span> <span class='ocrx_word' id='word_1_358' title='bbox 2549 2539 2631 2594; x_wconf 91' lang='lat' dir='ltr'><strong>illi</strong></span> <span class='ocrx_word' id='word_1_359' title='bbox 2682 2538 2959 2609; x_wconf 82' lang='lat' dir='ltr'><strong>subjicit),</strong></span> <span class='ocrx_word' id='word_1_360' title='bbox 2994 2537 3231 2592; x_wconf 92' lang='lat' dir='ltr'><strong>omnino</strong></span> <span class='ocrx_word' id='word_1_361' title='bbox 3282 2537 3434 2593; x_wconf 88' lang='lat' dir='ltr'><strong>inter</strong></span> <span class='ocrx_word' id='word_1_362' title='bbox 3479 2537 3735 2593; x_wconf 89' lang='lat' dir='ltr'><strong>absurda</strong></span> 
     </span>
    </p>
   </div>
   <div class='ocr_carea' id='block_1_54' title="bbox 2089 2626 3733 2700">
    <p class='ocr_par' dir='ltr' id='par_1_54' title="bbox 2089 2626 3733 2700">
     <span class='ocr_line' id='line_1_54' title="bbox 2089 2626 3733 2700; baseline -0.002 -16"><span class='ocrx_word' id='word_1_363' title='bbox 2089 2635 2146 2684; x_wconf 90' lang='lat' dir='ltr'><strong>et</strong></span> <span class='ocrx_word' id='word_1_364' title='bbox 2172 2628 2562 2700; x_wconf 90' lang='lat' dir='ltr'><strong>impossibilia</strong></span> <span class='ocrx_word' id='word_1_365' title='bbox 2594 2628 2846 2699; x_wconf 74' lang='lat' dir='ltr'><strong>173(a)</strong></span> <span class='ocrx_word' id='word_1_366' title='bbox 2870 2643 2970 2697; x_wconf 87' lang='lat' dir='ltr'><strong>per</strong></span> <span class='ocrx_word' id='word_1_367' title='bbox 3005 2626 3303 2681; x_wconf 88' lang='lat' dir='ltr'><strong>veritatem</strong></span> <span class='ocrx_word' id='word_1_368' title='bbox 3334 2626 3621 2697; x_wconf 87' lang='lat' dir='ltr'><strong>ablegata,</strong></span> <span class='ocrx_word' id='word_1_369' title='bbox 3647 2628 3733 2681; x_wconf 89' lang='lat' dir='ltr'><strong>ni-</strong></span> 
     </span>
    </p>
   </div>
   <div class='ocr_carea' id='block_1_55' title="bbox 2089 2714 3731 2787">
    <p class='ocr_par' dir='ltr' id='par_1_55' title="bbox 2089 2714 3731 2787">
     <span class='ocr_line' id='line_1_55' title="bbox 2089 2714 3731 2787; baseline -0.004 -14"><span class='ocrx_word' id='word_1_370' title='bbox 2089 2718 2303 2773; x_wconf 89' lang='lat' dir='ltr'><strong>mirum</strong></span> <span class='ocrx_word' id='word_1_371' title='bbox 2335 2735 2452 2773; x_wconf 83' lang='lat' dir='ltr'><strong>una</strong></span> <span class='ocrx_word' id='word_1_372' title='bbox 2482 2733 2615 2773; x_wconf 90' lang='lat' dir='ltr'><strong>cum</strong></span> <span class='ocrx_word' id='word_1_373' title='bbox 2643 2717 2763 2784; x_wconf 84' lang='lat' dir='ltr'><strong>illo,</strong></span> <span class='ocrx_word' id='word_1_374' title='bbox 2798 2716 2891 2787; x_wconf 91' lang='lat' dir='ltr'><strong>qui</strong></span> <span class='ocrx_word' id='word_1_375' title='bbox 2925 2731 3022 2787; x_wconf 90' lang='lat' dir='ltr'><strong>per</strong></span> <span class='ocrx_word' id='word_1_376' title='bbox 3044 2714 3157 2770; x_wconf 83' lang='lat' dir='ltr'><strong>ista</strong></span> <span class='ocrx_word' id='word_1_377' title='bbox 3189 2715 3307 2768; x_wconf 81' lang='lat' dir='ltr'><strong>hac</strong></span> <span class='ocrx_word' id='word_1_378' title='bbox 3342 2714 3577 2768; x_wconf 89' lang='lat' dir='ltr'><strong>molitur</strong></span> <span class='ocrx_word' id='word_1_379' title='bbox 3606 2715 3731 2768; x_wconf 81' lang='lat' dir='ltr'><strong>efﬁ-</strong></span> 
     </span>
    </p>
   </div>
   <div class='ocr_carea' id='block_1_56' title="bbox 319 2821 3739 2897">
    <p class='ocr_par' dir='ltr' id='par_1_56' title="bbox 319 2821 3739 2897">
     <span class='ocr_line' id='line_1_56' title="bbox 319 2821 3739 2897; baseline -0.001 -15"><span class='ocrx_word' id='word_1_380' title='bbox 319 2841 474 2892; x_wconf 88' lang='lat' dir='ltr'><strong>cere,</strong></span> <span class='ocrx_word' id='word_1_381' title='bbox 509 2826 685 2882; x_wconf 90' lang='lat' dir='ltr'><strong>etiam</strong></span> <span class='ocrx_word' id='word_1_382' title='bbox 719 2826 1107 2894; x_wconf 86' lang='lat' dir='ltr'><strong>Providentia,</strong></span> <span class='ocrx_word' id='word_1_383' title='bbox 1138 2829 1195 2881; x_wconf 90' lang='lat' dir='ltr'><strong>et</strong></span> <span class='ocrx_word' id='word_1_384' title='bbox 1225 2824 1477 2882; x_wconf 90' lang='lat' dir='ltr'><strong>liberum</strong></span> <span class='ocrx_word' id='word_1_385' title='bbox 1529 2825 1836 2881; x_wconf 88' lang='lat' dir='ltr'><strong>arbitrium</strong></span> <span class='ocrx_word' id='word_1_386' title='bbox 1866 2830 1922 2882; x_wconf 87' lang='lat' dir='ltr'><strong>et</strong></span> <span class='ocrx_word' id='word_1_387' title='bbox 1953 2827 2136 2883; x_wconf 80' lang='lat' dir='ltr'><strong>fatum</strong></span> <span class='ocrx_word' id='word_1_388' title='bbox 2187 2825 2477 2892; x_wconf 84' lang='lat' dir='ltr'><strong>evertitur,</strong></span> <span class='ocrx_word' id='word_1_389' title='bbox 2512 2829 2687 2897; x_wconf 75' lang='lat' dir='ltr'><strong>atque</strong></span> <span class='ocrx_word' id='word_1_390' title='bbox 2736 2824 2792 2879; x_wconf 91' lang='lat' dir='ltr'><strong>in</strong></span> <span class='ocrx_word' id='word_1_391' title='bbox 2847 2839 3033 2896; x_wconf 82' lang='lat' dir='ltr'><strong>nugas</strong></span> <span class='ocrx_word' id='word_1_392' title='bbox 3083 2839 3323 2895; x_wconf 86' lang='lat' dir='ltr'><strong>operosa</strong></span> <span class='ocrx_word' id='word_1_393' title='bbox 3370 2821 3473 2878; x_wconf 88' lang='lat' dir='ltr'><strong>illa</strong></span> <span class='ocrx_word' id='word_1_394' title='bbox 3521 2822 3739 2883; x_wconf 85' lang='lat' dir='ltr'><strong>machi-</strong></span> 
     </span>
    </p>
   </div>
   <div class='ocr_carea' id='block_1_57' title="bbox 316 2914 659 2970">
    <p class='ocr_par' dir='ltr' id='par_1_57' title="bbox 316 2914 659 2970">
     <span class='ocr_line' id='line_1_57' title="bbox 316 2914 659 2970; baseline 0.003 -1"><span class='ocrx_word' id='word_1_395' title='bbox 316 2915 484 2970; x_wconf 86' lang='lat' dir='ltr'><strong>natio</strong></span> <span class='ocrx_word' id='word_1_396' title='bbox 514 2914 659 2970; x_wconf 88' lang='lat' dir='ltr'><strong>abit.</strong></span> 
     </span>
    </p>
   </div>
   <div class='ocr_carea' id='block_1_58' title="bbox 390 2999 1973 3077">
    <p class='ocr_par' dir='ltr' id='par_1_58' title="bbox 390 2999 1973 3077">
     <span class='ocr_line' id='line_1_58' title="bbox 390 2999 1973 3077; baseline -0.002 -18"><span class='ocrx_word' id='word_1_397' title='bbox 390 3004 515 3076; x_wconf 79' lang='grc'>[553</span> <span class='ocrx_word' id='word_1_398' title='bbox 548 3004 645 3075; x_wconf 67' lang='lat'><strong>3.]</strong></span> <span class='ocrx_word' id='word_1_399' title='bbox 691 3004 862 3059; x_wconf 83' lang='grc' dir='ltr'><strong>Ἐπτὰ</strong></span> <span class='ocrx_word' id='word_1_400' title='bbox 917 2999 973 3057; x_wconf 73' lang='grc' dir='ltr'>δὲ</span> <span class='ocrx_word' id='word_1_401' title='bbox 1031 3001 1189 3076; x_wconf 86' lang='grc' dir='ltr'>λόγοι</span> <span class='ocrx_word' id='word_1_402' title='bbox 1237 3001 1401 3057; x_wconf 77' lang='grc' dir='ltr'>αὐτοῦ</span> <span class='ocrx_word' id='word_1_403' title='bbox 1442 3000 1846 3077; x_wconf 79' lang='grc' dir='ltr'>ἐπιμερίζονται</span> <span class='ocrx_word' id='word_1_404' title='bbox 1874 3005 1973 3073; x_wconf 79' lang='grc' dir='ltr'>τὴν</span> 
     </span>
    </p>
   </div>
   <div class='ocr_carea' id='block_1_59' title="bbox 308 3089 1971 3165">
    <p class='ocr_par' dir='ltr' id='par_1_59' title="bbox 308 3089 1971 3165">
     <span class='ocr_line' id='line_1_59' title="bbox 308 3089 1971 3165; baseline 0 -19"><span class='ocrx_word' id='word_1_405' title='bbox 308 3089 572 3159; x_wconf 73' lang='grc' dir='ltr'>σπουδὴν.</span> <span class='ocrx_word' id='word_1_406' title='bbox 606 3092 708 3149; x_wconf 76' lang='grc' dir='ltr'>Καὶ</span> <span class='ocrx_word' id='word_1_407' title='bbox 760 3093 788 3146; x_wconf 87' lang='grc' dir='ltr'><strong>ὁ</strong></span> <span class='ocrx_word' id='word_1_408' title='bbox 842 3093 939 3165; x_wconf 78' lang='grc' dir='ltr'>μὲν</span> <span class='ocrx_word' id='word_1_409' title='bbox 969 3093 1015 3128; x_wconf 79' lang='grc'><strong>³⁵</strong></span> <span class='ocrx_word' id='word_1_410' title='bbox 1052 3093 1101 3146; x_wconf 91' lang='grc' dir='ltr'>α’</span> <span class='ocrx_word' id='word_1_411' title='bbox 1141 3092 1216 3153; x_wconf 85' lang='grc' dir='ltr'><strong>εἰς</strong></span> <span class='ocrx_word' id='word_1_412' title='bbox 1258 3089 1463 3147; x_wconf 82' lang='grc' dir='ltr'>ἔκθεσιν</span> <span class='ocrx_word' id='word_1_413' title='bbox 1513 3089 1866 3147; x_wconf 78' lang='grc' dir='ltr'>δίατυποῦται</span> <span class='ocrx_word' id='word_1_414' title='bbox 1898 3093 1971 3147; x_wconf 83' lang='grc' dir='ltr'>ὧν</span> 
     </span>
    </p>
   </div>
   <div class='ocr_carea' id='block_1_60' title="bbox 311 3178 1973 3258">
    <p class='ocr_par' dir='ltr' id='par_1_60' title="bbox 311 3178 1973 3258">
     <span class='ocr_line' id='line_1_60' title="bbox 311 3178 1973 3258; baseline 0.001 -23"><span class='ocrx_word' id='word_1_415' title='bbox 311 3180 479 3242; x_wconf 77' lang='grc' dir='ltr'>αὐτὸς</span> <span class='ocrx_word' id='word_1_416' title='bbox 512 3180 597 3258; x_wconf 79' lang='grc' dir='ltr'><strong>ἐφ’·</strong></span> <span class='ocrx_word' id='word_1_417' title='bbox 623 3182 799 3253; x_wconf 78' lang='grc' dir='ltr'>ἑαυτῷ</span> <span class='ocrx_word' id='word_1_418' title='bbox 830 3182 955 3257; x_wconf 86' lang='grc' dir='ltr'>περὶ</span> <span class='ocrx_word' id='word_1_419' title='bbox 996 3180 1261 3255; x_wconf 88' lang='grc' dir='ltr'>Ηρονοίας</span> <span class='ocrx_word' id='word_1_420' title='bbox 1303 3180 1391 3236; x_wconf 88' lang='grc' dir='ltr'><strong>καὶ</strong></span> <span class='ocrx_word' id='word_1_421' title='bbox 1421 3178 1575 3252; x_wconf 85' lang='grc' dir='ltr'>δίκης</span> <span class='ocrx_word' id='word_1_422' title='bbox 1604 3182 1694 3236; x_wconf 86' lang='grc' dir='ltr'><strong>καὶ</strong></span> <span class='ocrx_word' id='word_1_423' title='bbox 1725 3188 1825 3251; x_wconf 78' lang='grc' dir='ltr'>τῆς</span> <span class='ocrx_word' id='word_1_424' title='bbox 1856 3184 1973 3236; x_wconf 82' lang='grc' dir='ltr'>κατ’</span> 
     </span>
    </p>
   </div>
   <div class='ocr_carea' id='block_1_61' title="bbox 312 3269 1972 3348">
    <p class='ocr_par' dir='ltr' id='par_1_61' title="bbox 312 3269 1972 3348">
     <span class='ocr_line' id='line_1_61' title="bbox 312 3269 1972 3348; baseline 0.002 -24"><span class='ocrx_word' id='word_1_425' title='bbox 312 3270 469 3340; x_wconf 79' lang='grc' dir='ltr'>ἀξίαν</span> <span class='ocrx_word' id='word_1_426' title='bbox 509 3274 612 3325; x_wconf 89' lang='grc' dir='ltr'><strong>τῶν</strong></span> <span class='ocrx_word' id='word_1_427' title='bbox 650 3269 828 3348; x_wconf 81' lang='grc' dir='ltr'>ἔργων</span> <span class='ocrx_word' id='word_1_428' title='bbox 884 3271 960 3334; x_wconf 81' lang='grc' dir='ltr'>εἷς</span> <span class='ocrx_word' id='word_1_429' title='bbox 1016 3272 1163 3344; x_wconf 76' lang='grc' dir='ltr'>ἡμᾶς</span> <span class='ocrx_word' id='word_1_430' title='bbox 1210 3271 1509 3342; x_wconf 81' lang='grc' dir='ltr'>κατιούσης</span> <span class='ocrx_word' id='word_1_431' title='bbox 1564 3272 1793 3346; x_wconf 86' lang='grc' dir='ltr'>κρίσεως</span> <span class='ocrx_word' id='word_1_432' title='bbox 1850 3294 1972 3327; x_wconf 88' lang='grc' dir='ltr'>συν-</span> 
     </span>
    </p>
   </div>
   <div class='ocr_carea' id='block_1_62' title="bbox 317 3357 1971 3435">
    <p class='ocr_par' dir='ltr' id='par_1_62' title="bbox 317 3357 1971 3435">
     <span class='ocr_line' id='line_1_62' title="bbox 317 3357 1971 3435; baseline 0 -21"><span class='ocrx_word' id='word_1_433' title='bbox 317 3360 664 3433; x_wconf 75' lang='grc' dir='ltr'>εγυμνάσατό</span> <span class='ocrx_word' id='word_1_434' title='bbox 694 3381 752 3415; x_wconf 90' lang='grc' dir='ltr'><strong>τε</strong></span> <span class='ocrx_word' id='word_1_435' title='bbox 781 3360 872 3415; x_wconf 80' lang='grc' dir='ltr'>καὶ</span> <span class='ocrx_word' id='word_1_436' title='bbox 922 3357 1260 3434; x_wconf 75' lang='grc' dir='ltr'>διεσκέψατο,</span> <span class='ocrx_word' id='word_1_437' title='bbox 1291 3361 1353 3417; x_wconf 79' lang='grc' dir='ltr'>Ὀ</span> <span class='ocrx_word' id='word_1_438' title='bbox 1472 3358 1528 3415; x_wconf 76' lang='grc' dir='ltr'>δὲ</span> <span class='ocrx_word' id='word_1_439' title='bbox 1556 3360 1650 3423; x_wconf 81' lang='grc' dir='ltr'><strong>τὰς</strong></span> <span class='ocrx_word' id='word_1_440' title='bbox 1685 3360 1971 3417; x_wconf 85' lang='grc' dir='ltr'>Πλατωνι-</span> 
     </span>
    </p>
   </div>
   <div class='ocr_carea' id='block_1_63' title="bbox 321 3448 1976 3526">
    <p class='ocr_par' dir='ltr' id='par_1_63' title="bbox 321 3448 1976 3526">
     <span class='ocr_line' id='line_1_63' title="bbox 321 3448 1976 3526; baseline 0.001 -21"><span class='ocrx_word' id='word_1_441' title='bbox 321 3449 428 3511; x_wconf 75' lang='grc' dir='ltr'><strong>κὰς</strong></span> <span class='ocrx_word' id='word_1_442' title='bbox 462 3448 746 3526; x_wconf 83' lang='grc' dir='ltr'>συλλέγων</span> <span class='ocrx_word' id='word_1_443' title='bbox 776 3449 956 3520; x_wconf 81' lang='grc' dir='ltr'>δόξας,</span> <span class='ocrx_word' id='word_1_444' title='bbox 987 3453 1085 3520; x_wconf 79' lang='grc' dir='ltr'><strong>τήν</strong></span> <span class='ocrx_word' id='word_1_445' title='bbox 1117 3450 1295 3505; x_wconf 89' lang='grc' dir='ltr'>πίστιν</span> <span class='ocrx_word' id='word_1_446' title='bbox 1343 3449 1390 3519; x_wconf 80' lang='grc' dir='ltr'>ἐξ</span> <span class='ocrx_word' id='word_1_447' title='bbox 1434 3450 1607 3504; x_wconf 79' lang='grc' dir='ltr'>αὐτῶν</span> <span class='ocrx_word' id='word_1_448' title='bbox 1640 3451 1713 3505; x_wconf 87' lang='grc' dir='ltr'><strong>ῶν</strong></span> <span class='ocrx_word' id='word_1_449' title='bbox 1750 3449 1976 3506; x_wconf 84' lang='grc' dir='ltr'>Πλάτων</span> 
     </span>
    </p>
   </div>
   <div class='ocr_carea' id='block_1_64' title="bbox 324 3535 1979 3618">
    <p class='ocr_par' dir='ltr' id='par_1_64' title="bbox 324 3535 1979 3618">
     <span class='ocr_line' id='line_1_64' title="bbox 324 3535 1979 3618; baseline 0.002 -27"><span class='ocrx_word' id='word_1_450' title='bbox 324 3535 559 3612; x_wconf 80' lang='grc' dir='ltr'>ἔγραψεν</span> <span class='ocrx_word' id='word_1_451' title='bbox 607 3537 935 3608; x_wconf 78' lang='grc' dir='ltr'>ἐπιτίθησιν.</span> <span class='ocrx_word' id='word_1_452' title='bbox 985 3540 1045 3597; x_wconf 76' lang='grc' dir='ltr'>Ὀ</span> <span class='ocrx_word' id='word_1_453' title='bbox 1102 3537 1159 3594; x_wconf 75' lang='grc' dir='ltr'>δὲ</span> <span class='ocrx_word' id='word_1_454' title='bbox 1216 3541 1264 3616; x_wconf 88' lang='grc' dir='ltr'>γ’</span> <span class='ocrx_word' id='word_1_455' title='bbox 1318 3540 1413 3600; x_wconf 80' lang='grc' dir='ltr'><strong>τὰς</strong></span> <span class='ocrx_word' id='word_1_456' title='bbox 1471 3540 1770 3618; x_wconf 77' lang='grc' dir='ltr'>ὑποφοράς,</span> <span class='ocrx_word' id='word_1_457' title='bbox 1800 3542 1888 3602; x_wconf 78' lang='grc' dir='ltr'>αἶς</span> <span class='ocrx_word' id='word_1_458' title='bbox 1920 3538 1979 3594; x_wconf 76' lang='grc' dir='ltr'>ἄν</span> 
     </span>
    </p>
   </div>
   <div class='ocr_carea' id='block_1_65' title="bbox 322 3626 1978 3706">
    <p class='ocr_par' dir='ltr' id='par_1_65' title="bbox 322 3626 1978 3706">
     <span class='ocr_line' id='line_1_65' title="bbox 322 3626 1978 3706; baseline 0.002 -26"><span class='ocrx_word' id='word_1_459' title='bbox 322 3647 408 3690; x_wconf 89' lang='grc' dir='ltr'><strong>τις</strong></span> <span class='ocrx_word' id='word_1_460' title='bbox 451 3629 727 3705; x_wconf 77' lang='grc' dir='ltr'>χρήσαιτο</span> <span class='ocrx_word' id='word_1_461' title='bbox 765 3628 902 3702; x_wconf 74' lang='grc' dir='ltr'>πρὸς</span> <span class='ocrx_word' id='word_1_462' title='bbox 933 3627 1236 3683; x_wconf 74' lang='grc' dir='ltr'>ἐναντίωσιν</span> <span class='ocrx_word' id='word_1_463' title='bbox 1266 3634 1374 3683; x_wconf 87' lang='grc' dir='ltr'><strong>τῶν</strong></span> <span class='ocrx_word' id='word_1_464' title='bbox 1420 3632 1543 3701; x_wconf 74' lang='lat'><strong>[2835</strong></span> <span class='ocrx_word' id='word_1_465' title='bbox 1717 3626 1978 3706; x_wconf 82' lang='grc' dir='ltr'>δεδογμέ-</span> 
     </span>
    </p>
   </div>
   <div class='ocr_carea' id='block_1_66' title="bbox 318 3711 1978 3790">
    <p class='ocr_par' dir='ltr' id='par_1_66' title="bbox 318 3711 1978 3790">
     <span class='ocr_line' id='line_1_66' title="bbox 318 3711 1978 3790; baseline 0.001 -22"><span class='ocrx_word' id='word_1_466' title='bbox 318 3737 445 3783; x_wconf 85' lang='grc' dir='ltr'>νων,</span> <span class='ocrx_word' id='word_1_467' title='bbox 498 3716 814 3790; x_wconf 75' lang='grc' dir='ltr'>παρατιθείς</span> <span class='ocrx_word' id='word_1_468' title='bbox 867 3713 1108 3770; x_wconf 83' lang='grc' dir='ltr'>διαλύειν</span> <span class='ocrx_word' id='word_1_469' title='bbox 1164 3717 1340 3771; x_wconf 81' lang='grc' dir='ltr'>αὑτῶν</span> <span class='ocrx_word' id='word_1_470' title='bbox 1400 3718 1500 3785; x_wconf 80' lang='grc' dir='ltr'><strong>τήν</strong></span> <span class='ocrx_word' id='word_1_471' title='bbox 1577 3711 1877 3785; x_wconf 72' lang='grc' dir='ltr'>ἒπιὸου)ἠν</span> <span class='ocrx_word' id='word_1_472' title='bbox 1934 3720 1978 3754; x_wconf 82' lang='grc'><strong>³⁸</strong></span> 
     </span>
    </p>
   </div>
   <div class='ocr_carea' id='block_1_67' title="bbox 321 3801 1976 3881">
    <p class='ocr_par' dir='ltr' id='par_1_67' title="bbox 321 3801 1976 3881">
     <span class='ocr_line' id='line_1_67' title="bbox 321 3801 1976 3881; baseline 0 -22"><span class='ocrx_word' id='word_1_473' title='bbox 321 3805 783 3880; x_wconf 81' lang='grc' dir='ltr'>πραγματεύεται.</span> <span class='ocrx_word' id='word_1_474' title='bbox 816 3806 876 3861; x_wconf 92' lang='grc' dir='ltr'>Ὁ</span> <span class='ocrx_word' id='word_1_475' title='bbox 930 3801 985 3858; x_wconf 75' lang='grc' dir='ltr'>δὲ</span> <span class='ocrx_word' id='word_1_476' title='bbox 1024 3801 1065 3858; x_wconf 83' lang='grc' dir='ltr'>δ’</span> <span class='ocrx_word' id='word_1_477' title='bbox 1095 3804 1161 3859; x_wconf 81' lang='grc' dir='ltr'><strong>τά</strong></span> <span class='ocrx_word' id='word_1_478' title='bbox 1204 3806 1477 3881; x_wconf 86' lang='grc' dir='ltr'>λεγόμενα</span> <span class='ocrx_word' id='word_1_479' title='bbox 1509 3804 1673 3881; x_wconf 87' lang='grc' dir='ltr'>λόγια</span> <span class='ocrx_word' id='word_1_480' title='bbox 1702 3807 1792 3860; x_wconf 87' lang='grc' dir='ltr'><strong>καὶ</strong></span> <span class='ocrx_word' id='word_1_481' title='bbox 1848 3805 1976 3867; x_wconf 76' lang='grc' dir='ltr'>τοὺς</span> 
     </span>
    </p>
   </div>
   <div class='ocr_carea' id='block_1_68' title="bbox 316 3895 1978 3971">
    <p class='ocr_par' dir='ltr' id='par_1_68' title="bbox 316 3895 1978 3971">
     <span class='ocr_line' id='line_1_68' title="bbox 316 3895 1978 3971; baseline 0.001 -22"><span class='ocrx_word' id='word_1_482' title='bbox 316 3896 630 3971; x_wconf 73' lang='grc' dir='ltr'>ἱερατικοὺς</span> <span class='ocrx_word' id='word_1_483' title='bbox 681 3895 913 3968; x_wconf 72' lang='grc' dir='ltr'>θεσμοὺς</span> <span class='ocrx_word' id='word_1_484' title='bbox 956 3896 1031 3958; x_wconf 84' lang='grc' dir='ltr'>εἷς</span> <span class='ocrx_word' id='word_1_485' title='bbox 1081 3896 1400 3969; x_wconf 74' lang='grc' dir='ltr'>συμφωνίαν</span> <span class='ocrx_word' id='word_1_486' title='bbox 1429 3895 1671 3971; x_wconf 76' lang='grc' dir='ltr'>συνάγειν</span> <span class='ocrx_word' id='word_1_487' title='bbox 1712 3898 1794 3957; x_wconf 79' lang='grc' dir='ltr'>οἷς</span> <span class='ocrx_word' id='word_1_488' title='bbox 1824 3896 1978 3952; x_wconf 78' lang='grc' dir='ltr'>Πλά-</span> 
     </span>
    </p>
   </div>
   <div class='ocr_carea' id='block_1_69' title="bbox 315 3982 1975 4062">
    <p class='ocr_par' dir='ltr' id='par_1_69' title="bbox 315 3982 1975 4062">
     <span class='ocr_line' id='line_1_69' title="bbox 315 3982 1975 4062; baseline -0.001 -22"><span class='ocrx_word' id='word_1_489' title='bbox 315 4006 429 4040; x_wconf 89' lang='grc' dir='ltr'><strong>των</strong></span> <span class='ocrx_word' id='word_1_490' title='bbox 487 3982 811 4062; x_wconf 74' lang='grc' dir='ltr'>ἐδογμάτισε</span> <span class='ocrx_word' id='word_1_491' title='bbox 872 3983 1147 4059; x_wconf 83' lang='grc' dir='ltr'>βούλεται.</span> <span class='ocrx_word' id='word_1_492' title='bbox 1200 3985 1256 4039; x_wconf 76' lang='grc' dir='ltr'>Ὀ</span> <span class='ocrx_word' id='word_1_493' title='bbox 1317 3982 1373 4039; x_wconf 73' lang='grc' dir='ltr'>δὲ</span> <span class='ocrx_word' id='word_1_494' title='bbox 1439 3986 1479 4039; x_wconf 92' lang='grc' dir='ltr'>ε’</span> <span class='ocrx_word' id='word_1_495' title='bbox 1527 3984 1602 4047; x_wconf 85' lang='grc' dir='ltr'><strong>είς</strong></span> <span class='ocrx_word' id='word_1_496' title='bbox 1656 3983 1862 4060; x_wconf 83' lang='grc' dir='ltr'>Ὀρφέα</span> <span class='ocrx_word' id='word_1_497' title='bbox 1886 3984 1975 4039; x_wconf 87' lang='grc' dir='ltr'><strong>καὶ</strong></span> 
     </span>
    </p>
   </div>
   <div class='ocr_carea' id='block_1_70' title="bbox 312 4072 1979 4149">
    <p class='ocr_par' dir='ltr' id='par_1_70' title="bbox 312 4072 1979 4149">
     <span class='ocr_line' id='line_1_70' title="bbox 312 4072 1979 4149; baseline -0.001 -20"><span class='ocrx_word' id='word_1_498' title='bbox 312 4078 587 4148; x_wconf 66' lang='grc' dir='ltr'>⁸Ομηρον,</span> <span class='ocrx_word' id='word_1_499' title='bbox 646 4074 736 4128; x_wconf 82' lang='grc' dir='ltr'><strong>καὶ</strong></span> <span class='ocrx_word' id='word_1_500' title='bbox 796 4073 915 4129; x_wconf 88' lang='grc' dir='ltr'>ὅσοι</span> <span class='ocrx_word' id='word_1_501' title='bbox 965 4072 1128 4129; x_wconf 77' lang='grc' dir='ltr'>ἄλλοι</span> <span class='ocrx_word' id='word_1_502' title='bbox 1174 4074 1280 4148; x_wconf 89' lang='grc' dir='ltr'>πρὸ</span> <span class='ocrx_word' id='word_1_503' title='bbox 1310 4080 1409 4143; x_wconf 82' lang='grc' dir='ltr'><strong>τῆς</strong></span> <span class='ocrx_word' id='word_1_504' title='bbox 1450 4073 1745 4135; x_wconf 81' lang='grc' dir='ltr'>Πλάτωνος</span> <span class='ocrx_word' id='word_1_505' title='bbox 1776 4072 1979 4149; x_wconf 82' lang='grc' dir='ltr'>ἒπιφα-</span> 
     </span>
    </p>
   </div>
   <div class='ocr_carea' id='block_1_71' title="bbox 314 4162 1976 4240">
    <p class='ocr_par' dir='ltr' id='par_1_71' title="bbox 314 4162 1976 4240">
     <span class='ocr_line' id='line_1_71' title="bbox 314 4162 1976 4240; baseline 0.001 -23"><span class='ocrx_word' id='word_1_506' title='bbox 314 4164 464 4227; x_wconf 88' lang='grc' dir='ltr'>νείας</span> <span class='ocrx_word' id='word_1_507' title='bbox 504 4162 881 4238; x_wconf 80' lang='grc' dir='ltr'>ἔγνωρίζοντο,</span> <span class='ocrx_word' id='word_1_508' title='bbox 939 4164 1040 4232; x_wconf 77' lang='grc' dir='ltr'>τὴν</span> <span class='ocrx_word' id='word_1_509' title='bbox 1100 4164 1464 4234; x_wconf 73' lang='grc' dir='ltr'>Πλατωνικὴν</span> <span class='ocrx_word' id='word_1_510' title='bbox 1510 4164 1634 4239; x_wconf 82' lang='grc' dir='ltr'>περὶ</span> <span class='ocrx_word' id='word_1_511' title='bbox 1673 4168 1779 4218; x_wconf 88' lang='grc' dir='ltr'><strong>τῶν</strong></span> <span class='ocrx_word' id='word_1_512' title='bbox 1838 4184 1976 4240; x_wconf 90' lang='grc' dir='ltr'>προ-</span> 
     </span>
    </p>
   </div>
   <div class='ocr_carea' id='block_1_72' title="bbox 311 4250 1976 4330">
    <p class='ocr_par' dir='ltr' id='par_1_72' title="bbox 311 4250 1976 4330">
     <span class='ocr_line' id='line_1_72' title="bbox 311 4250 1976 4330; baseline 0.001 -23"><span class='ocrx_word' id='word_1_513' title='bbox 311 4252 585 4325; x_wconf 81' lang='grc' dir='ltr'>κειμένων</span> <span class='ocrx_word' id='word_1_514' title='bbox 637 4252 960 4330; x_wconf 69' lang='grc' dir='ltr'>φιλοσοφίαν</span> <span class='ocrx_word' id='word_1_515' title='bbox 1019 4252 1258 4311; x_wconf 82' lang='grc' dir='ltr'>ἀνάπτει.</span> <span class='ocrx_word' id='word_1_516' title='bbox 1312 4255 1374 4309; x_wconf 75' lang='grc' dir='ltr'><strong>Ὀ</strong></span> <span class='ocrx_word' id='word_1_517' title='bbox 1434 4250 1490 4308; x_wconf 77' lang='grc' dir='ltr'>δὲ</span> <span class='ocrx_word' id='word_1_518' title='bbox 1551 4253 1626 4327; x_wconf 66' lang='grc' dir='ltr'><em>ς</em></span> <span class='ocrx_word' id='word_1_519' title='bbox 1672 4273 1799 4313; x_wconf 87' lang='grc' dir='ltr'>τους</span> <span class='ocrx_word' id='word_1_520' title='bbox 1844 4253 1976 4325; x_wconf 82' lang='grc' dir='ltr'>μετᾶ</span> 
     </span>
    </p>
   </div>
   <div class='ocr_carea' id='block_1_73' title="bbox 318 4340 1975 4421">
    <p class='ocr_par' dir='ltr' id='par_1_73' title="bbox 318 4340 1975 4421">
     <span class='ocr_line' id='line_1_73' title="bbox 318 4340 1975 4421; baseline 0.001 -26"><span class='ocrx_word' id='word_1_521' title='bbox 318 4340 594 4397; x_wconf 77' lang='grc' dir='ltr'>Πλάτωνα</span> <span class='ocrx_word' id='word_1_522' title='bbox 649 4341 876 4412; x_wconf 82' lang='grc' dir='ltr'>πάντας,</span> <span class='ocrx_word' id='word_1_523' title='bbox 916 4340 1076 4396; x_wconf 76' lang='grc' dir='ltr'>αὐτόν</span> <span class='ocrx_word' id='word_1_524' title='bbox 1127 4340 1513 4416; x_wconf 82' lang='grc' dir='ltr'>Ἀριστοτέλην</span> <span class='ocrx_word' id='word_1_525' title='bbox 1542 4346 1833 4421; x_wconf 76' lang='grc' dir='ltr'>κορυφαῖον</span> <span class='ocrx_word' id='word_1_526' title='bbox 1878 4341 1975 4397; x_wconf 87' lang='grc' dir='ltr'>λα-</span> 
     </span>
    </p>
   </div>
   <div class='ocr_carea' id='block_1_74' title="bbox 323 4425 1977 4505">
    <p class='ocr_par' dir='ltr' id='par_1_74' title="bbox 323 4425 1977 4505">
     <span class='ocr_line' id='line_1_74' title="bbox 323 4425 1977 4505; baseline 0.001 -21"><span class='ocrx_word' id='word_1_527' title='bbox 323 4425 462 4497; x_wconf 72' lang='grc' dir='ltr'>ϐὼν,</span> <span class='ocrx_word' id='word_1_528' title='bbox 517 4431 717 4504; x_wconf 81' lang='grc' dir='ltr'>μέχρις</span> <span class='ocrx_word' id='word_1_529' title='bbox 776 4430 1100 4503; x_wconf 81' lang='grc' dir='ltr'>Ἀμμωνίου</span> <span class='ocrx_word' id='word_1_530' title='bbox 1149 4435 1245 4486; x_wconf 79' lang='grc' dir='ltr'><strong>τοῦ</strong></span> <span class='ocrx_word' id='word_1_531' title='bbox 1293 4428 1707 4505; x_wconf 85' lang='grc' dir='ltr'>Ἀλεξανδρέως,</span> <span class='ocrx_word' id='word_1_532' title='bbox 1752 4431 1815 4485; x_wconf 83' lang='grc' dir='ltr'><strong>οὗ</strong></span> <span class='ocrx_word' id='word_1_533' title='bbox 1870 4435 1977 4486; x_wconf 85' lang='grc' dir='ltr'><strong>τῶν</strong></span> 
     </span>
    </p>
   </div>
   <div class='ocr_carea' id='block_1_75' title="bbox 2157 3000 3734 3078">
    <p class='ocr_par' dir='ltr' id='par_1_75' title="bbox 2157 3000 3734 3078">
     <span class='ocr_line' id='line_1_75' title="bbox 2157 3000 3734 3078; baseline -0.003 -17"><span class='ocrx_word' id='word_1_534' title='bbox 2157 3005 2334 3061; x_wconf 91' lang='lat' dir='ltr'><strong>Porro</strong></span> <span class='ocrx_word' id='word_1_535' title='bbox 2366 3006 2425 3060; x_wconf 91' lang='lat' dir='ltr'><strong>in</strong></span> <span class='ocrx_word' id='word_1_536' title='bbox 2459 3008 2683 3078; x_wconf 88' lang='lat' dir='ltr'><strong>septem</strong></span> <span class='ocrx_word' id='word_1_537' title='bbox 2717 3004 2831 3075; x_wconf 81' lang='grc'>(21)</span> <span class='ocrx_word' id='word_1_538' title='bbox 2882 3001 3063 3057; x_wconf 90' lang='lat' dir='ltr'><strong>libros</strong></span> <span class='ocrx_word' id='word_1_539' title='bbox 3105 3000 3441 3057; x_wconf 88' lang='lat' dir='ltr'><strong>universum</strong></span> <span class='ocrx_word' id='word_1_540' title='bbox 3475 3018 3622 3072; x_wconf 90' lang='lat' dir='ltr'><strong>opus</strong></span> <span class='ocrx_word' id='word_1_541' title='bbox 3653 3002 3734 3056; x_wconf 91' lang='lat' dir='ltr'><strong>di-</strong></span> 
     </span>
    </p>
   </div>
   <div class='ocr_carea' id='block_1_76' title="bbox 2085 3091 3734 3167">
    <p class='ocr_par' dir='ltr' id='par_1_76' title="bbox 2085 3091 3734 3167">
     <span class='ocr_line' id='line_1_76' title="bbox 2085 3091 3734 3167; baseline -0.002 -17"><span class='ocrx_word' id='word_1_542' title='bbox 2085 3096 2295 3153; x_wconf 89' lang='lat' dir='ltr'><strong>viditur</strong></span> <span class='ocrx_word' id='word_1_543' title='bbox 2319 3112 2331 3150; x_wconf 88' lang='lat'><strong>:</strong></span> <span class='ocrx_word' id='word_1_544' title='bbox 2357 3112 2606 3167; x_wconf 90' lang='lat' dir='ltr'><strong>quorum</strong></span> <span class='ocrx_word' id='word_1_545' title='bbox 2642 3096 2866 3167; x_wconf 90' lang='lat' dir='ltr'><strong>primus</strong></span> <span class='ocrx_word' id='word_1_546' title='bbox 2898 3093 3131 3165; x_wconf 91' lang='lat' dir='ltr'><strong>quidem</strong></span> <span class='ocrx_word' id='word_1_547' title='bbox 3164 3107 3447 3162; x_wconf 87' lang='lat' dir='ltr'><strong>exponere</strong></span> <span class='ocrx_word' id='word_1_548' title='bbox 3478 3091 3734 3147; x_wconf 88' lang='lat' dir='ltr'><strong>instituit</strong></span> 
     </span>
    </p>
   </div>
   <div class='ocr_carea' id='block_1_77' title="bbox 2083 3179 3734 3256">
    <p class='ocr_par' dir='ltr' id='par_1_77' title="bbox 2083 3179 3734 3256">
     <span class='ocr_line' id='line_1_77' title="bbox 2083 3179 3734 3256; baseline -0.004 -15"><span class='ocrx_word' id='word_1_549' title='bbox 2083 3202 2151 3241; x_wconf 89' lang='lat' dir='ltr'><strong>ea</strong></span> <span class='ocrx_word' id='word_1_550' title='bbox 2180 3202 2307 3256; x_wconf 82' lang='lat' dir='ltr'><strong>qua</strong></span> <span class='ocrx_word' id='word_1_551' title='bbox 2340 3187 2463 3255; x_wconf 92' lang='lat' dir='ltr'><strong>ipse</strong></span> <span class='ocrx_word' id='word_1_552' title='bbox 2492 3185 2643 3255; x_wconf 90' lang='lat' dir='ltr'><strong>apud</strong></span> <span class='ocrx_word' id='word_1_553' title='bbox 2678 3200 2741 3239; x_wconf 90' lang='lat' dir='ltr'><strong>se</strong></span> <span class='ocrx_word' id='word_1_554' title='bbox 2781 3184 2852 3239; x_wconf 91' lang='lat' dir='ltr'><strong>de</strong></span> <span class='ocrx_word' id='word_1_555' title='bbox 2883 3181 3269 3248; x_wconf 89' lang='lat' dir='ltr'><strong>Providentia,</strong></span> <span class='ocrx_word' id='word_1_556' title='bbox 3303 3180 3373 3236; x_wconf 91' lang='lat' dir='ltr'><strong>de</strong></span> <span class='ocrx_word' id='word_1_557' title='bbox 3397 3179 3645 3250; x_wconf 88' lang='lat' dir='ltr'><strong>justitia,</strong></span> <span class='ocrx_word' id='word_1_558' title='bbox 3680 3186 3734 3235; x_wconf 91' lang='lat' dir='ltr'><strong>et</strong></span> 
     </span>
    </p>
   </div>
   <div class='ocr_carea' id='block_1_78' title="bbox 2084 3268 3729 3343">
    <p class='ocr_par' dir='ltr' id='par_1_78' title="bbox 2084 3268 3729 3343">
     <span class='ocr_line' id='line_1_78' title="bbox 2084 3268 3729 3343; baseline -0.004 -13"><span class='ocrx_word' id='word_1_559' title='bbox 2084 3276 2155 3330; x_wconf 91' lang='lat' dir='ltr'><strong>de</strong></span> <span class='ocrx_word' id='word_1_560' title='bbox 2186 3274 2476 3330; x_wconf 88' lang='lat' dir='ltr'><strong>sententia</strong></span> <span class='ocrx_word' id='word_1_561' title='bbox 2506 3275 2564 3328; x_wconf 93' lang='lat' dir='ltr'><strong>in</strong></span> <span class='ocrx_word' id='word_1_562' title='bbox 2606 3290 2711 3328; x_wconf 90' lang='lat' dir='ltr'><strong>nos</strong></span> <span class='ocrx_word' id='word_1_563' title='bbox 2743 3289 2844 3343; x_wconf 88' lang='lat' dir='ltr'><strong>pro</strong></span> <span class='ocrx_word' id='word_1_564' title='bbox 2894 3271 3173 3327; x_wconf 76' lang='lat' dir='ltr'><strong>factorum</strong></span> <span class='ocrx_word' id='word_1_565' title='bbox 3223 3268 3423 3325; x_wconf 88' lang='lat' dir='ltr'><strong>merito</strong></span> <span class='ocrx_word' id='word_1_566' title='bbox 3472 3269 3729 3334; x_wconf 80' lang='lat' dir='ltr'><strong>ferenda,</strong></span> 
     </span>
    </p>
   </div>
   <div class='ocr_carea' id='block_1_79' title="bbox 2087 3359 3731 3430">
    <p class='ocr_par' dir='ltr' id='par_1_79' title="bbox 2087 3359 3731 3430">
     <span class='ocr_line' id='line_1_79' title="bbox 2087 3359 3731 3430; baseline -0.002 -12"><span class='ocrx_word' id='word_1_567' title='bbox 2087 3366 2400 3419; x_wconf 88' lang='lat' dir='ltr'><strong>meditatus</strong></span> <span class='ocrx_word' id='word_1_568' title='bbox 2422 3367 2594 3419; x_wconf 90' lang='lat' dir='ltr'><strong>esset.</strong></span> <span class='ocrx_word' id='word_1_569' title='bbox 2613 3362 2915 3418; x_wconf 91' lang='lat' dir='ltr'><strong>Secundus</strong></span> <span class='ocrx_word' id='word_1_570' title='bbox 2940 3361 3094 3429; x_wconf 86' lang='lat' dir='ltr'><strong>dein,</strong></span> <span class='ocrx_word' id='word_1_571' title='bbox 3112 3359 3438 3415; x_wconf 83' lang='lat' dir='ltr'><strong>Platonicae</strong></span> <span class='ocrx_word' id='word_1_572' title='bbox 3455 3359 3731 3430; x_wconf 82' lang='lat' dir='ltr'><strong>colligens</strong></span> 
     </span>
    </p>
   </div>
   <div class='ocr_carea' id='block_1_80' title="bbox 2089 3448 3734 3525">
    <p class='ocr_par' dir='ltr' id='par_1_80' title="bbox 2089 3448 3734 3525">
     <span class='ocr_line' id='line_1_80' title="bbox 2089 3448 3734 3525; baseline -0.002 -17"><span class='ocrx_word' id='word_1_573' title='bbox 2089 3453 2413 3525; x_wconf 90' lang='lat' dir='ltr'><strong>opiniones,</strong></span> <span class='ocrx_word' id='word_1_574' title='bbox 2438 3470 2576 3509; x_wconf 84' lang='lat' dir='ltr'><strong>suae</strong></span> <span class='ocrx_word' id='word_1_575' title='bbox 2598 3453 2806 3523; x_wconf 88' lang='lat' dir='ltr'><strong>cuique</strong></span> <span class='ocrx_word' id='word_1_576' title='bbox 2831 3451 3200 3523; x_wconf 88' lang='lat' dir='ltr'><strong>probationes</strong></span> <span class='ocrx_word' id='word_1_577' title='bbox 3220 3466 3288 3504; x_wconf 84' lang='lat' dir='ltr'><strong>ex</strong></span> <span class='ocrx_word' id='word_1_578' title='bbox 3310 3448 3453 3520; x_wconf 91' lang='lat' dir='ltr'><strong>ipsis</strong></span> <span class='ocrx_word' id='word_1_579' title='bbox 3478 3448 3734 3504; x_wconf 91' lang='lat' dir='ltr'><strong>Platonis</strong></span> 
     </span>
    </p>
   </div>
   <div class='ocr_carea' id='block_1_81' title="bbox 2087 3539 3731 3615">
    <p class='ocr_par' dir='ltr' id='par_1_81' title="bbox 2087 3539 3731 3615">
     <span class='ocr_line' id='line_1_81' title="bbox 2087 3539 3731 3615; baseline -0.004 -16"><span class='ocrx_word' id='word_1_580' title='bbox 2087 3544 2363 3615; x_wconf 89' lang='lat' dir='ltr'><strong>operibus</strong></span> <span class='ocrx_word' id='word_1_581' title='bbox 2408 3545 2667 3614; x_wconf 87' lang='lat' dir='ltr'><strong>apponit.</strong></span> <span class='ocrx_word' id='word_1_582' title='bbox 2698 3542 2939 3608; x_wconf 87' lang='lat' dir='ltr'><strong>Tertius,</strong></span> <span class='ocrx_word' id='word_1_583' title='bbox 2972 3539 3329 3611; x_wconf 91' lang='lat' dir='ltr'><strong>objectiones</strong></span> <span class='ocrx_word' id='word_1_584' title='bbox 3377 3554 3731 3612; x_wconf 89' lang='lat' dir='ltr'><strong>proponens,</strong></span> 
     </span>
    </p>
   </div>
   <div class='ocr_carea' id='block_1_82' title="bbox 2086 3627 3730 3704">
    <p class='ocr_par' dir='ltr' id='par_1_82' title="bbox 2086 3627 3730 3704">
     <span class='ocr_line' id='line_1_82' title="bbox 2086 3627 3730 3704; baseline -0.004 -17"><span class='ocrx_word' id='word_1_585' title='bbox 2086 3635 2302 3704; x_wconf 90' lang='lat' dir='ltr'><strong>quibus</strong></span> <span class='ocrx_word' id='word_1_586' title='bbox 2334 3634 2415 3688; x_wconf 91' lang='lat' dir='ltr'><strong>uti</strong></span> <span class='ocrx_word' id='word_1_587' title='bbox 2448 3634 2738 3704; x_wconf 88' lang='lat' dir='ltr'><strong>quispiam</strong></span> <span class='ocrx_word' id='word_1_588' title='bbox 2772 3631 3052 3688; x_wconf 82' lang='lat' dir='ltr'><strong>adversus</strong></span> <span class='ocrx_word' id='word_1_589' title='bbox 3074 3646 3140 3684; x_wconf 91' lang='lat' dir='ltr'><strong>ea</strong></span> <span class='ocrx_word' id='word_1_590' title='bbox 3171 3646 3293 3698; x_wconf 87' lang='lat' dir='ltr'><strong>qua</strong></span> <span class='ocrx_word' id='word_1_591' title='bbox 3327 3627 3540 3682; x_wconf 88' lang='lat' dir='ltr'><strong>tradita</strong></span> <span class='ocrx_word' id='word_1_592' title='bbox 3570 3631 3730 3689; x_wconf 86' lang='lat' dir='ltr'><strong>sunt,</strong></span> 
     </span>
    </p>
   </div>
   <div class='ocr_carea' id='block_1_83' title="bbox 2086 3717 3728 3793">
    <p class='ocr_par' dir='ltr' id='par_1_83' title="bbox 2086 3717 3728 3793">
     <span class='ocr_line' id='line_1_83' title="bbox 2086 3717 3728 3793; baseline -0.004 -17"><span class='ocrx_word' id='word_1_593' title='bbox 2086 3730 2281 3793; x_wconf 85' lang='lat' dir='ltr'><strong>queat,</strong></span> <span class='ocrx_word' id='word_1_594' title='bbox 2341 3721 2657 3778; x_wconf 90' lang='lat' dir='ltr'><strong>dissolvere</strong></span> <span class='ocrx_word' id='word_1_595' title='bbox 2729 3720 2937 3775; x_wconf 90' lang='lat' dir='ltr'><strong>harum</strong></span> <span class='ocrx_word' id='word_1_596' title='bbox 3011 3717 3406 3776; x_wconf 89' lang='lat' dir='ltr'><strong>cavillationes</strong></span> <span class='ocrx_word' id='word_1_597' title='bbox 3463 3719 3728 3770; x_wconf 91' lang='lat' dir='ltr'><strong>conatur.</strong></span> 
     </span>
    </p>
   </div>
   <div class='ocr_carea' id='block_1_84' title="bbox 2086 3804 3731 3881">
    <p class='ocr_par' dir='ltr' id='par_1_84' title="bbox 2086 3804 3731 3881">
     <span class='ocr_line' id='line_1_84' title="bbox 2086 3804 3731 3881; baseline -0.005 -15"><span class='ocrx_word' id='word_1_598' title='bbox 2086 3811 2337 3875; x_wconf 89' lang='lat' dir='ltr'><strong>Quartus</strong></span> <span class='ocrx_word' id='word_1_599' title='bbox 2370 3810 2626 3875; x_wconf 87' lang='lat' dir='ltr'><strong>oracula,</strong></span> <span class='ocrx_word' id='word_1_600' title='bbox 2659 3826 2789 3881; x_wconf 82' lang='lat' dir='ltr'><strong>qua</strong></span> <span class='ocrx_word' id='word_1_601' title='bbox 2837 3812 3133 3874; x_wconf 89' lang='lat' dir='ltr'><strong>vocantur,</strong></span> <span class='ocrx_word' id='word_1_602' title='bbox 3167 3822 3234 3862; x_wconf 89' lang='lat' dir='ltr'><strong>ac</strong></span> <span class='ocrx_word' id='word_1_603' title='bbox 3265 3805 3625 3860; x_wconf 87' lang='lat' dir='ltr'><strong>sacerdotum</strong></span> <span class='ocrx_word' id='word_1_604' title='bbox 3659 3804 3731 3858; x_wconf 85' lang='lat' dir='ltr'><strong>le-</strong></span> 
     </span>
    </p>
   </div>
   <div class='ocr_carea' id='block_1_85' title="bbox 2082 3891 3729 3971">
    <p class='ocr_par' dir='ltr' id='par_1_85' title="bbox 2082 3891 3729 3971">
     <span class='ocr_line' id='line_1_85' title="bbox 2082 3891 3729 3971; baseline -0.005 -17"><span class='ocrx_word' id='word_1_605' title='bbox 2082 3916 2204 3971; x_wconf 85' lang='lat' dir='ltr'><strong>ges,</strong></span> <span class='ocrx_word' id='word_1_606' title='bbox 2228 3908 2281 3954; x_wconf 92' lang='lat' dir='ltr'><strong>et</strong></span> <span class='ocrx_word' id='word_1_607' title='bbox 2302 3899 2561 3955; x_wconf 88' lang='lat' dir='ltr'><strong>Platonis</strong></span> <span class='ocrx_word' id='word_1_608' title='bbox 2593 3899 2870 3968; x_wconf 85' lang='lat' dir='ltr'><strong>dogmata</strong></span> <span class='ocrx_word' id='word_1_609' title='bbox 2898 3896 3147 3952; x_wconf 88' lang='lat' dir='ltr'><strong>invicem</strong></span> <span class='ocrx_word' id='word_1_610' title='bbox 3171 3893 3482 3950; x_wconf 88' lang='lat' dir='ltr'><strong>conciliare</strong></span> <span class='ocrx_word' id='word_1_611' title='bbox 3513 3891 3729 3946; x_wconf 87' lang='lat' dir='ltr'><strong>studet.</strong></span> 
     </span>
    </p>
   </div>
   <div class='ocr_carea' id='block_1_86' title="bbox 2085 3978 3732 4058">
    <p class='ocr_par' dir='ltr' id='par_1_86' title="bbox 2085 3978 3732 4058">
     <span class='ocr_line' id='line_1_86' title="bbox 2085 3978 3732 4058; baseline -0.005 -16"><span class='ocrx_word' id='word_1_612' title='bbox 2085 3990 2357 4056; x_wconf 87' lang='lat' dir='ltr'><strong>Quintus,</strong></span> <span class='ocrx_word' id='word_1_613' title='bbox 2392 3987 2640 4058; x_wconf 88' lang='lat' dir='ltr'><strong>Orpheo,</strong></span> <span class='ocrx_word' id='word_1_614' title='bbox 2674 3985 2938 4050; x_wconf 90' lang='lat' dir='ltr'><strong>Homero,</strong></span> <span class='ocrx_word' id='word_1_615' title='bbox 2972 3989 3027 4040; x_wconf 91' lang='lat' dir='ltr'><strong>et</strong></span> <span class='ocrx_word' id='word_1_616' title='bbox 3057 3982 3277 4039; x_wconf 80' lang='lat' dir='ltr'><strong>caeteris</strong></span> <span class='ocrx_word' id='word_1_617' title='bbox 3310 3981 3406 4052; x_wconf 92' lang='lat' dir='ltr'><strong>qui</strong></span> <span class='ocrx_word' id='word_1_618' title='bbox 3439 3984 3571 4036; x_wconf 90' lang='lat' dir='ltr'><strong>ante</strong></span> <span class='ocrx_word' id='word_1_619' title='bbox 3600 3978 3732 4034; x_wconf 91' lang='lat' dir='ltr'><strong>Pla-</strong></span> 
     </span>
    </p>
   </div>
   <div class='ocr_carea' id='block_1_87' title="bbox 2083 4067 3732 4140">
    <p class='ocr_par' dir='ltr' id='par_1_87' title="bbox 2083 4067 3732 4140">
     <span class='ocr_line' id='line_1_87' title="bbox 2083 4067 3732 4140; baseline -0.006 -9"><span class='ocrx_word' id='word_1_620' title='bbox 2083 4082 2278 4132; x_wconf 89' lang='lat' dir='ltr'><strong>tonem</strong></span> <span class='ocrx_word' id='word_1_621' title='bbox 2331 4075 2794 4140; x_wconf 85' lang='lat' dir='ltr'><strong>celebrabantur,</strong></span> <span class='ocrx_word' id='word_1_622' title='bbox 2842 4073 3199 4128; x_wconf 85' lang='lat' dir='ltr'><strong>Platonicam</strong></span> <span class='ocrx_word' id='word_1_623' title='bbox 3232 4072 3304 4126; x_wconf 92' lang='lat' dir='ltr'><strong>de</strong></span> <span class='ocrx_word' id='word_1_624' title='bbox 3341 4069 3509 4123; x_wconf 92' lang='lat' dir='ltr'><strong>modo</strong></span> <span class='ocrx_word' id='word_1_625' title='bbox 3560 4067 3732 4122; x_wconf 89' lang='lat' dir='ltr'><strong>dictis</strong></span> 
     </span>
    </p>
   </div>
   <div class='ocr_carea' id='block_1_88' title="bbox 2084 4156 3733 4231">
    <p class='ocr_par' dir='ltr' id='par_1_88' title="bbox 2084 4156 3733 4231">
     <span class='ocr_line' id='line_1_88' title="bbox 2084 4156 3733 4231; baseline -0.007 -11"><span class='ocrx_word' id='word_1_626' title='bbox 2084 4164 2405 4220; x_wconf 88' lang='lat' dir='ltr'><strong>doctrinam</strong></span> <span class='ocrx_word' id='word_1_627' title='bbox 2429 4163 2651 4218; x_wconf 88' lang='lat' dir='ltr'><strong>tribuit.</strong></span> <span class='ocrx_word' id='word_1_628' title='bbox 2671 4164 2895 4227; x_wconf 84' lang='lat' dir='ltr'><strong>Sextus,</strong></span> <span class='ocrx_word' id='word_1_629' title='bbox 2917 4178 3141 4228; x_wconf 89' lang='lat' dir='ltr'><strong>omnes,</strong></span> <span class='ocrx_word' id='word_1_630' title='bbox 3166 4159 3264 4231; x_wconf 91' lang='lat' dir='ltr'><strong>qui</strong></span> <span class='ocrx_word' id='word_1_631' title='bbox 3289 4164 3420 4230; x_wconf 90' lang='lat' dir='ltr'><strong>post</strong></span> <span class='ocrx_word' id='word_1_632' title='bbox 3437 4156 3733 4211; x_wconf 90' lang='lat' dir='ltr'><strong>Platonem</strong></span> 
     </span>
    </p>
   </div>
   <div class='ocr_carea' id='block_1_89' title="bbox 2085 4248 3732 4323">
    <p class='ocr_par' dir='ltr' id='par_1_89' title="bbox 2085 4248 3732 4323">
     <span class='ocr_line' id='line_1_89' title="bbox 2085 4248 3732 4323; baseline -0.006 -15"><span class='ocrx_word' id='word_1_633' title='bbox 2085 4255 2267 4322; x_wconf 83' lang='lat' dir='ltr'><strong>fuere,</strong></span> <span class='ocrx_word' id='word_1_634' title='bbox 2300 4253 2424 4322; x_wconf 90' lang='lat' dir='ltr'><strong>ipso</strong></span> <span class='ocrx_word' id='word_1_635' title='bbox 2466 4268 2701 4323; x_wconf 92' lang='lat' dir='ltr'><strong>quoque</strong></span> <span class='ocrx_word' id='word_1_636' title='bbox 2731 4248 3040 4306; x_wconf 85' lang='lat' dir='ltr'><strong>Aristotele</strong></span> <span class='ocrx_word' id='word_1_637' title='bbox 3088 4248 3349 4320; x_wconf 89' lang='lat' dir='ltr'><strong>principe</strong></span> <span class='ocrx_word' id='word_1_638' title='bbox 3410 4248 3732 4314; x_wconf 87' lang='lat' dir='ltr'><strong>assumpto,</strong></span> 
     </span>
    </p>
   </div>
   <div class='ocr_carea' id='block_1_90' title="bbox 2086 4333 3737 4413">
    <p class='ocr_par' dir='ltr' id='par_1_90' title="bbox 2086 4333 3737 4413">
     <span class='ocr_line' id='line_1_90' title="bbox 2086 4333 3737 4413; baseline -0.006 -16"><span class='ocrx_word' id='word_1_639' title='bbox 2086 4359 2273 4413; x_wconf 90' lang='lat' dir='ltr'><strong>usque</strong></span> <span class='ocrx_word' id='word_1_640' title='bbox 2294 4344 2359 4398; x_wconf 85' lang='lat' dir='ltr'><strong>ad</strong></span> <span class='ocrx_word' id='word_1_641' title='bbox 2384 4341 2759 4397; x_wconf 87' lang='lat' dir='ltr'><strong>Ammonium</strong></span> <span class='ocrx_word' id='word_1_642' title='bbox 2792 4338 3269 4403; x_wconf 78' lang='lat' dir='ltr'><strong>Alexandrinum,</strong></span> <span class='ocrx_word' id='word_1_643' title='bbox 3292 4338 3464 4405; x_wconf 90' lang='lat' dir='ltr'><strong>cujus</strong></span> <span class='ocrx_word' id='word_1_644' title='bbox 3486 4334 3543 4388; x_wconf 92' lang='lat' dir='ltr'><strong>in</strong></span> <span class='ocrx_word' id='word_1_645' title='bbox 3571 4333 3737 4389; x_wconf 81' lang='lat' dir='ltr'><strong>fami-</strong></span> 
     </span>
    </p>
   </div>
   <div class='ocr_carea' id='block_1_91' title="bbox 2082 4423 3732 4497">
    <p class='ocr_par' dir='ltr' id='par_1_91' title="bbox 2082 4423 3732 4497">
     <span class='ocr_line' id='line_1_91' title="bbox 2082 4423 3732 4497; baseline -0.005 -11"><span class='ocrx_word' id='word_1_646' title='bbox 2082 4432 2329 4487; x_wconf 91' lang='lat' dir='ltr'><strong>liaribus</strong></span> <span class='ocrx_word' id='word_1_647' title='bbox 2373 4432 2734 4488; x_wconf 85' lang='lat' dir='ltr'><strong>celeberrimi</strong></span> <span class='ocrx_word' id='word_1_648' title='bbox 2780 4431 3045 4486; x_wconf 89' lang='lat' dir='ltr'><strong>Plotinus</strong></span> <span class='ocrx_word' id='word_1_649' title='bbox 3076 4433 3134 4483; x_wconf 92' lang='lat' dir='ltr'><strong>et</strong></span> <span class='ocrx_word' id='word_1_650' title='bbox 3165 4426 3465 4497; x_wconf 87' lang='lat' dir='ltr'><strong>Origenes,</strong></span> <span class='ocrx_word' id='word_1_651' title='bbox 3496 4424 3566 4478; x_wconf 89' lang='lat' dir='ltr'><strong>ad</strong></span> <span class='ocrx_word' id='word_1_652' title='bbox 3602 4423 3732 4490; x_wconf 90' lang='lat' dir='ltr'><strong>bos,</strong></span> 
     </span>
    </p>
   </div>
   <div class='ocr_carea' id='block_1_92' title="bbox 311 4511 1981 4623">
    <p class='ocr_par' dir='ltr' id='par_1_92' title="bbox 311 4518 1974 4597">
     <span class='ocr_line' id='line_1_92' title="bbox 311 4518 1974 4597; baseline 0.001 -24"><span class='ocrx_word' id='word_1_653' title='bbox 311 4518 617 4594; x_wconf 85' lang='grc' dir='ltr'>γνωρίμων</span> <span class='ocrx_word' id='word_1_654' title='bbox 668 4520 718 4574; x_wconf 77' lang='grc' dir='ltr'>οἱ</span> <span class='ocrx_word' id='word_1_655' title='bbox 768 4518 1179 4597; x_wconf 79' lang='grc' dir='ltr'>ἐπιφανέστατοι</span> <span class='ocrx_word' id='word_1_656' title='bbox 1231 4518 1516 4582; x_wconf 85' lang='grc' dir='ltr'>Πλωτῖνός</span> <span class='ocrx_word' id='word_1_657' title='bbox 1544 4541 1603 4574; x_wconf 90' lang='grc' dir='ltr'><strong>τε</strong></span> <span class='ocrx_word' id='word_1_658' title='bbox 1640 4521 1728 4574; x_wconf 81' lang='grc' dir='ltr'>καὶ</span> <span class='ocrx_word' id='word_1_659' title='bbox 1761 4520 1974 4595; x_wconf 86' lang='grc' dir='ltr'>Ὠριγέ-</span> 
     </span>
    </p>
   </div>
   <div class='ocr_carea' id='block_1_93' title="bbox 2094 4511 3734 4623">
    <p class='ocr_par' dir='ltr' id='par_1_93' title="bbox 2094 4511 3734 4623">
     <span class='ocr_line' id='line_1_93' title="bbox 2094 4511 3734 4591; baseline -0.005 -17"><span class='ocrx_word' id='word_1_660' title='bbox 2094 4522 2347 4591; x_wconf 85' lang='lat' dir='ltr'><strong>inquam,</strong></span> <span class='ocrx_word' id='word_1_661' title='bbox 2384 4536 2565 4591; x_wconf 89' lang='lat' dir='ltr'><strong>usque</strong></span> <span class='ocrx_word' id='word_1_662' title='bbox 2612 4518 2868 4574; x_wconf 90' lang='lat' dir='ltr'><strong>Platonis</strong></span> <span class='ocrx_word' id='word_1_663' title='bbox 2917 4526 3200 4589; x_wconf 89' lang='lat' dir='ltr'><strong>posteros,</strong></span> <span class='ocrx_word' id='word_1_664' title='bbox 3232 4514 3329 4585; x_wconf 86' lang='lat' dir='ltr'><strong>qui</strong></span> <span class='ocrx_word' id='word_1_665' title='bbox 3361 4512 3594 4584; x_wconf 89' lang='lat' dir='ltr'><strong>quidem</strong></span> <span class='ocrx_word' id='word_1_666' title='bbox 3626 4511 3734 4567; x_wconf 88' lang='lat' dir='ltr'><strong>ali-</strong></span> 
     </span>
     <span class='ocr_line' id='line_1_94' title="bbox 2218 4601 3728 4623; baseline -0.007 2"><span class='ocrx_word' id='word_1_667' title='bbox 2218 4610 2233 4623; x_wconf 94' lang='lat'><strong>.</strong></span> <span class='ocrx_word' id='word_1_668' title='bbox 2768 4609 2777 4619; x_wconf 92' lang='lat'><strong>.</strong></span> <span class='ocrx_word' id='word_1_669' title='bbox 2869 4608 2905 4623; x_wconf 93' lang='lat'><strong>..</strong></span> <span class='ocrx_word' id='word_1_670' title='bbox 3034 4622 3041 4623; x_wconf 54' lang='lat'><strong><em>,</em></strong></span> <span class='ocrx_word' id='word_1_671' title='bbox 3381 4603 3632 4623; x_wconf 34' lang='grc' dir='ltr'>,χυμῷ</span> <span class='ocrx_word' id='word_1_672' title='bbox 3664 4601 3728 4623; x_wconf 35' lang='grc' dir='ltr'>μ,</span> 
     </span>
    </p>
   </div>
   <div class='ocr_carea' id='block_1_94' title="bbox 312 4607 1972 4684">
    <p class='ocr_par' dir='ltr' id='par_1_94' title="bbox 312 4607 1972 4684">
     <span class='ocr_line' id='line_1_95' title="bbox 312 4607 1972 4684; baseline 0.002 -23"><span class='ocrx_word' id='word_1_673' title='bbox 312 4630 444 4679; x_wconf 85' lang='grc' dir='ltr'>νης,</span> <span class='ocrx_word' id='word_1_674' title='bbox 490 4609 620 4670; x_wconf 80' lang='grc' dir='ltr'>τοὺς</span> <span class='ocrx_word' id='word_1_675' title='bbox 651 4607 741 4663; x_wconf 76' lang='grc' dir='ltr'>οὖν</span> <span class='ocrx_word' id='word_1_676' title='bbox 796 4610 930 4682; x_wconf 82' lang='grc' dir='ltr'>μετὰ</span> <span class='ocrx_word' id='word_1_677' title='bbox 986 4610 1253 4664; x_wconf 75' lang='grc' dir='ltr'>Πλάτωνα</span> <span class='ocrx_word' id='word_1_678' title='bbox 1305 4608 1469 4684; x_wconf 87' lang='grc' dir='ltr'>μέχρι</span> <span class='ocrx_word' id='word_1_679' title='bbox 1519 4613 1625 4665; x_wconf 84' lang='grc' dir='ltr'><strong>τῶν</strong></span> <span class='ocrx_word' id='word_1_680' title='bbox 1673 4609 1972 4683; x_wconf 82' lang='grc' dir='ltr'>εἰρημένων</span> 
     </span>
    </p>
   </div>
   <div class='ocr_carea' id='block_1_95' title="bbox 312 4695 1976 4776">
    <p class='ocr_par' dir='ltr' id='par_1_95' title="bbox 312 4695 1976 4776">
     <span class='ocr_line' id='line_1_96' title="bbox 312 4695 1976 4776; baseline 0.001 -24"><span class='ocrx_word' id='word_1_681' title='bbox 312 4695 552 4767; x_wconf 77' lang='grc' dir='ltr'>ἀνδρῶν,</span> <span class='ocrx_word' id='word_1_682' title='bbox 604 4697 753 4759; x_wconf 89' lang='grc' dir='ltr'>ὅσοις</span> <span class='ocrx_word' id='word_1_683' title='bbox 805 4698 895 4752; x_wconf 80' lang='grc' dir='ltr'><strong>ἐπὶ</strong></span> <span class='ocrx_word' id='word_1_684' title='bbox 955 4697 1116 4775; x_wconf 79' lang='grc' dir='ltr'>σοφίᾳ</span> <span class='ocrx_word' id='word_1_685' title='bbox 1156 4698 1374 4776; x_wconf 84' lang='grc' dir='ltr'>γέγονεν</span> <span class='ocrx_word' id='word_1_686' title='bbox 1418 4698 1591 4771; x_wconf 82' lang='grc' dir='ltr'>ὄνομα</span> <span class='ocrx_word' id='word_1_687' title='bbox 1618 4697 1820 4770; x_wconf 83' lang='grc' dir='ltr'>λιπεῖν,</span> <span class='ocrx_word' id='word_1_688' title='bbox 1851 4701 1976 4754; x_wconf 86' lang='grc' dir='ltr'>τού·-</span> 
     </span>
    </p>
   </div>
   <div class='ocr_carea' id='block_1_96' title="bbox 311 4784 1976 4861">
    <p class='ocr_par' dir='ltr' id='par_1_96' title="bbox 311 4784 1976 4861">
     <span class='ocr_line' id='line_1_97' title="bbox 311 4784 1976 4861; baseline 0.002 -21"><span class='ocrx_word' id='word_1_689' title='bbox 311 4807 447 4847; x_wconf 88' lang='grc' dir='ltr'>τους</span> <span class='ocrx_word' id='word_1_690' title='bbox 497 4786 733 4850; x_wconf 77' lang='grc' dir='ltr'>ἅπαντας</span> <span class='ocrx_word' id='word_1_691' title='bbox 794 4784 1078 4861; x_wconf 83' lang='grc' dir='ltr'>ὁμοδοξεῖν</span> <span class='ocrx_word' id='word_1_692' title='bbox 1132 4792 1200 4861; x_wconf 81' lang='grc' dir='ltr'><strong>τῇ</strong></span> <span class='ocrx_word' id='word_1_693' title='bbox 1244 4788 1541 4849; x_wconf 83' lang='grc' dir='ltr'>Πλάτωνος</span> <span class='ocrx_word' id='word_1_694' title='bbox 1595 4787 1976 4858; x_wconf 80' lang='grc' dir='ltr'>κατασκευάζει</span> 
     </span>
    </p>
   </div>
   <div class='ocr_carea' id='block_1_97' title="bbox 311 4872 1975 4948">
    <p class='ocr_par' dir='ltr' id='par_1_97' title="bbox 311 4872 1975 4948">
     <span class='ocr_line' id='line_1_98' title="bbox 311 4872 1975 4948; baseline 0 -19"><span class='ocrx_word' id='word_1_695' title='bbox 311 4873 515 4941; x_wconf 84' lang='grc' dir='ltr'>κρίσει,</span> <span class='ocrx_word' id='word_1_696' title='bbox 557 4874 647 4928; x_wconf 84' lang='grc' dir='ltr'><strong>καὶ</strong></span> <span class='ocrx_word' id='word_1_697' title='bbox 694 4876 811 4929; x_wconf 84' lang='grc' dir='ltr'>ὅσοι</span> <span class='ocrx_word' id='word_1_698' title='bbox 864 4872 1072 4946; x_wconf 83' lang='grc' dir='ltr'>διιστᾷν</span> <span class='ocrx_word' id='word_1_699' title='bbox 1116 4883 1217 4945; x_wconf 83' lang='grc' dir='ltr'><strong>τῆς</strong></span> <span class='ocrx_word' id='word_1_700' title='bbox 1263 4873 1554 4948; x_wconf 82' lang='grc' dir='ltr'>ὁμοδοξίας</span> <span class='ocrx_word' id='word_1_701' title='bbox 1588 4874 1857 4931; x_wconf 77' lang='grc' dir='ltr'>Πλάτωνα</span> <span class='ocrx_word' id='word_1_702' title='bbox 1884 4874 1975 4929; x_wconf 86' lang='grc' dir='ltr'><strong>καὶ</strong></span> 
     </span>
    </p>
   </div>
   <div class='ocr_carea' id='block_1_98' title="bbox 310 4961 1976 5043">
    <p class='ocr_par' dir='ltr' id='par_1_98' title="bbox 310 4961 1976 5043">
     <span class='ocr_line' id='line_1_99' title="bbox 310 4961 1976 5043; baseline -0.001 -23"><span class='ocrx_word' id='word_1_703' title='bbox 310 4963 715 5038; x_wconf 74' lang='grc' dir='ltr'>Ἀριστοτέλην</span> <span class='ocrx_word' id='word_1_704' title='bbox 756 4961 1139 5039; x_wconf 82' lang='grc' dir='ltr'>ἐπεχείρησαν,</span> <span class='ocrx_word' id='word_1_705' title='bbox 1172 4969 1282 5019; x_wconf 89' lang='grc' dir='ltr'><strong>τῶν</strong></span> <span class='ocrx_word' id='word_1_706' title='bbox 1328 4963 1551 5043; x_wconf 77' lang='grc' dir='ltr'>φαύλων</span> <span class='ocrx_word' id='word_1_707' title='bbox 1588 4985 1647 5019; x_wconf 90' lang='grc' dir='ltr'><strong>τε</strong></span> <span class='ocrx_word' id='word_1_708' title='bbox 1694 4965 1785 5018; x_wconf 84' lang='grc' dir='ltr'><strong>καὶ</strong></span> <span class='ocrx_word' id='word_1_709' title='bbox 1836 4965 1976 5019; x_wconf 87' lang='grc' dir='ltr'>ἀπο-</span> 
     </span>
    </p>
   </div>
   <div class='ocr_carea' id='block_1_99' title="bbox 307 5052 1973 5126">
    <p class='ocr_par' dir='ltr' id='par_1_99' title="bbox 307 5052 1973 5126">
     <span class='ocr_line' id='line_1_100' title="bbox 307 5052 1973 5126; baseline 0 -19"><span class='ocrx_word' id='word_1_710' title='bbox 307 5052 596 5126; x_wconf 89' lang='grc' dir='ltr'>τροπαίων</span> <span class='ocrx_word' id='word_1_711' title='bbox 629 5052 832 5122; x_wconf 86' lang='grc' dir='ltr'>τίθησι,</span> <span class='ocrx_word' id='word_1_712' title='bbox 866 5052 1053 5109; x_wconf 80' lang='grc' dir='ltr'>πολλοὶ</span> <span class='ocrx_word' id='word_1_713' title='bbox 1080 5075 1138 5108; x_wconf 91' lang='grc' dir='ltr'><strong>τε</strong></span> <span class='ocrx_word' id='word_1_714' title='bbox 1184 5056 1430 5109; x_wconf 81' lang='grc' dir='ltr'>νοθεῦσαι</span> <span class='ocrx_word' id='word_1_715' title='bbox 1466 5057 1573 5108; x_wconf 91' lang='grc' dir='ltr'><strong>τῶν</strong></span> <span class='ocrx_word' id='word_1_716' title='bbox 1608 5052 1973 5108; x_wconf 87' lang='grc' dir='ltr'>Πλατωνικῶν</span> 
     </span>
    </p>
   </div>
   <div class='ocr_carea' id='block_1_100' title="bbox 310 5140 1971 5218">
    <p class='ocr_par' dir='ltr' id='par_1_100' title="bbox 310 5140 1971 5218">
     <span class='ocr_line' id='line_1_101' title="bbox 310 5140 1971 5218; baseline 0.002 -24"><span class='ocrx_word' id='word_1_717' title='bbox 310 5140 520 5214; x_wconf 88' lang='grc' dir='ltr'>λόγων,</span> <span class='ocrx_word' id='word_1_718' title='bbox 551 5140 735 5196; x_wconf 88' lang='grc' dir='ltr'>καίτοι</span> <span class='ocrx_word' id='word_1_719' title='bbox 767 5141 1034 5197; x_wconf 85' lang='grc' dir='ltr'>Πλάτωνα</span> <span class='ocrx_word' id='word_1_720' title='bbox 1057 5140 1380 5198; x_wconf 80' lang='grc' dir='ltr'>διδάσκαλον</span> <span class='ocrx_word' id='word_1_721' title='bbox 1410 5142 1877 5218; x_wconf 76' lang='grc' dir='ltr'>ἐπιγραφομένους</span> <span class='ocrx_word' id='word_1_722' title='bbox 1907 5142 1971 5209; x_wconf 79' lang='grc'><strong>³⁷,</strong></span> 
     </span>
    </p>
   </div>
   <div class='ocr_carea' id='block_1_101' title="bbox 2085 4601 3732 4680">
    <p class='ocr_par' dir='ltr' id='par_1_101' title="bbox 2085 4601 3732 4680">
     <span class='ocr_line' id='line_1_102' title="bbox 2085 4601 3732 4680; baseline -0.007 -14"><span class='ocrx_word' id='word_1_723' title='bbox 2085 4610 2237 4680; x_wconf 89' lang='lat' dir='ltr'><strong>quod</strong></span> <span class='ocrx_word' id='word_1_724' title='bbox 2270 4610 2377 4666; x_wconf 90' lang='lat' dir='ltr'><strong>sibi</strong></span> <span class='ocrx_word' id='word_1_725' title='bbox 2411 4624 2621 4664; x_wconf 89' lang='lat' dir='ltr'><strong>nomen</strong></span> <span class='ocrx_word' id='word_1_726' title='bbox 2656 4608 2958 4680; x_wconf 88' lang='lat' dir='ltr'><strong>sapientia</strong></span> <span class='ocrx_word' id='word_1_727' title='bbox 2983 4607 3348 4678; x_wconf 90' lang='lat' dir='ltr'><strong>pepererunt,</strong></span> <span class='ocrx_word' id='word_1_728' title='bbox 3374 4603 3638 4672; x_wconf 85' lang='lat' dir='ltr'><strong>ejusdem</strong></span> <span class='ocrx_word' id='word_1_729' title='bbox 3661 4601 3732 4655; x_wconf 85' lang='lat' dir='ltr'><strong>ad</strong></span> 
     </span>
    </p>
   </div>
   <div class='ocr_carea' id='block_1_102' title="bbox 2087 4692 3733 4761">
    <p class='ocr_par' dir='ltr' id='par_1_102' title="bbox 2087 4692 3733 4761">
     <span class='ocr_line' id='line_1_103' title="bbox 2087 4692 3733 4761; baseline -0.007 -6"><span class='ocrx_word' id='word_1_730' title='bbox 2087 4715 2267 4755; x_wconf 90' lang='lat' dir='ltr'><strong>unum</strong></span> <span class='ocrx_word' id='word_1_731' title='bbox 2301 4714 2505 4754; x_wconf 90' lang='lat' dir='ltr'><strong>omnes</strong></span> <span class='ocrx_word' id='word_1_732' title='bbox 2527 4714 2657 4753; x_wconf 91' lang='lat' dir='ltr'><strong>cum</strong></span> <span class='ocrx_word' id='word_1_733' title='bbox 2680 4696 2916 4751; x_wconf 92' lang='lat' dir='ltr'><strong>Platone</strong></span> <span class='ocrx_word' id='word_1_734' title='bbox 2940 4710 3069 4749; x_wconf 90' lang='lat' dir='ltr'><strong>esse</strong></span> <span class='ocrx_word' id='word_1_735' title='bbox 3090 4692 3408 4757; x_wconf 88' lang='lat' dir='ltr'><strong>sententia,</strong></span> <span class='ocrx_word' id='word_1_736' title='bbox 3428 4706 3733 4761; x_wconf 84' lang='lat' dir='ltr'><strong>argumen-</strong></span> 
     </span>
    </p>
   </div>
   <div class='ocr_carea' id='block_1_103' title="bbox 2085 4779 3734 4860">
    <p class='ocr_par' dir='ltr' id='par_1_103' title="bbox 2085 4779 3734 4860">
     <span class='ocr_line' id='line_1_104' title="bbox 2085 4779 3734 4860; baseline -0.007 -17"><span class='ocrx_word' id='word_1_737' title='bbox 2085 4789 2162 4844; x_wconf 87' lang='lat' dir='ltr'><strong>tis</strong></span> <span class='ocrx_word' id='word_1_738' title='bbox 2214 4787 2441 4860; x_wconf 88' lang='lat' dir='ltr'><strong>probat.</strong></span> <span class='ocrx_word' id='word_1_739' title='bbox 2474 4787 2635 4853; x_wconf 91' lang='lat' dir='ltr'><strong>Quod</strong></span> <span class='ocrx_word' id='word_1_740' title='bbox 2667 4788 2715 4841; x_wconf 92' lang='lat' dir='ltr'><strong>si</strong></span> <span class='ocrx_word' id='word_1_741' title='bbox 2748 4785 2850 4857; x_wconf 87' lang='lat' dir='ltr'><strong>qui</strong></span> <span class='ocrx_word' id='word_1_742' title='bbox 2903 4782 3334 4840; x_wconf 88' lang='lat' dir='ltr'><strong>consentientes</strong></span> <span class='ocrx_word' id='word_1_743' title='bbox 3383 4779 3640 4834; x_wconf 89' lang='lat' dir='ltr'><strong>Platonis</strong></span> <span class='ocrx_word' id='word_1_744' title='bbox 3680 4784 3734 4832; x_wconf 90' lang='lat' dir='ltr'><strong>et</strong></span> 
     </span>
    </p>
   </div>
   <div class='ocr_carea' id='block_1_104' title="bbox 2082 4870 3735 4948">
    <p class='ocr_par' dir='ltr' id='par_1_104' title="bbox 2082 4870 3735 4948">
     <span class='ocr_line' id='line_1_105' title="bbox 2082 4870 3735 4948; baseline -0.008 -16"><span class='ocrx_word' id='word_1_745' title='bbox 2082 4878 2410 4933; x_wconf 85' lang='lat' dir='ltr'><strong>Aristotelis</strong></span> <span class='ocrx_word' id='word_1_746' title='bbox 2440 4878 2744 4948; x_wconf 90' lang='lat' dir='ltr'><strong>opiniones</strong></span> <span class='ocrx_word' id='word_1_747' title='bbox 2775 4875 3043 4929; x_wconf 87' lang='lat' dir='ltr'><strong>dirimere</strong></span> <span class='ocrx_word' id='word_1_748' title='bbox 3075 4870 3334 4943; x_wconf 89' lang='lat' dir='ltr'><strong>aggressi</strong></span> <span class='ocrx_word' id='word_1_749' title='bbox 3368 4870 3603 4929; x_wconf 83' lang='lat' dir='ltr'><strong>fuerint,</strong></span> <span class='ocrx_word' id='word_1_750' title='bbox 3638 4882 3735 4921; x_wconf 87' lang='lat' dir='ltr'><strong>eos</strong></span> 
     </span>
    </p>
   </div>
   <div class='ocr_carea' id='block_1_105' title="bbox 2085 4954 3736 5034">
    <p class='ocr_par' dir='ltr' id='par_1_105' title="bbox 2085 4954 3736 5034">
     <span class='ocr_line' id='line_1_106' title="bbox 2085 4954 3736 5034; baseline -0.008 -14"><span class='ocrx_word' id='word_1_751' title='bbox 2085 4970 2142 5020; x_wconf 90' lang='lat' dir='ltr'><strong>et</strong></span> <span class='ocrx_word' id='word_1_752' title='bbox 2172 4965 2335 5020; x_wconf 92' lang='lat' dir='ltr'><strong>nihili</strong></span> <span class='ocrx_word' id='word_1_753' title='bbox 2368 4966 2659 5028; x_wconf 88' lang='lat' dir='ltr'><strong>homines,</strong></span> <span class='ocrx_word' id='word_1_754' title='bbox 2687 4967 2744 5019; x_wconf 91' lang='lat' dir='ltr'><strong>et</strong></span> <span class='ocrx_word' id='word_1_755' title='bbox 2773 4959 3083 5034; x_wconf 86' lang='lat' dir='ltr'><strong>fugiendos</strong></span> <span class='ocrx_word' id='word_1_756' title='bbox 3114 4958 3339 5014; x_wconf 87' lang='lat' dir='ltr'><strong>statuit.</strong></span> <span class='ocrx_word' id='word_1_757' title='bbox 3367 4954 3550 5011; x_wconf 91' lang='lat' dir='ltr'><strong>Multa</strong></span> <span class='ocrx_word' id='word_1_758' title='bbox 3579 4954 3736 5009; x_wconf 90' lang='lat' dir='ltr'><strong>insu-</strong></span> 
     </span>
    </p>
   </div>
   <div class='ocr_carea' id='block_1_106' title="bbox 2086 5043 3730 5126">
    <p class='ocr_par' dir='ltr' id='par_1_106' title="bbox 2086 5043 3730 5126">
     <span class='ocr_line' id='line_1_107' title="bbox 2086 5043 3730 5126; baseline -0.01 -14"><span class='ocrx_word' id='word_1_759' title='bbox 2086 5072 2188 5126; x_wconf 87' lang='lat' dir='ltr'><strong>per</strong></span> <span class='ocrx_word' id='word_1_760' title='bbox 2217 5053 2638 5111; x_wconf 89' lang='lat' dir='ltr'><strong>Platonicorum</strong></span> <span class='ocrx_word' id='word_1_761' title='bbox 2665 5052 3005 5122; x_wconf 87' lang='lat' dir='ltr'><strong>scriptorum</strong></span> <span class='ocrx_word' id='word_1_762' title='bbox 3038 5048 3400 5103; x_wconf 86' lang='lat' dir='ltr'><strong>adulterasse</strong></span> <span class='ocrx_word' id='word_1_763' title='bbox 3429 5061 3528 5099; x_wconf 90' lang='lat' dir='ltr'><strong>eos</strong></span> <span class='ocrx_word' id='word_1_764' title='bbox 3558 5043 3730 5097; x_wconf 90' lang='lat' dir='ltr'><strong>etiam</strong></span> 
     </span>
    </p>
   </div>
   <div class='ocr_carea' id='block_1_107' title="bbox 2085 5131 3733 5215">
    <p class='ocr_par' dir='ltr' id='par_1_107' title="bbox 2085 5131 3733 5215">
     <span class='ocr_line' id='line_1_108' title="bbox 2085 5131 3733 5215; baseline -0.008 -17"><span class='ocrx_word' id='word_1_765' title='bbox 2085 5145 2186 5215; x_wconf 90' lang='lat' dir='ltr'><strong>qui</strong></span> <span class='ocrx_word' id='word_1_766' title='bbox 2220 5145 2375 5199; x_wconf 84' lang='lat' dir='ltr'><strong>hunc</strong></span> <span class='ocrx_word' id='word_1_767' title='bbox 2404 5143 2517 5198; x_wconf 90' lang='lat' dir='ltr'><strong>sibi</strong></span> <span class='ocrx_word' id='word_1_768' title='bbox 2548 5145 2963 5213; x_wconf 90' lang='lat' dir='ltr'><strong>praceptorem</strong></span> <span class='ocrx_word' id='word_1_769' title='bbox 3016 5137 3395 5202; x_wconf 84' lang='lat' dir='ltr'><strong>ascriberent,</strong></span> <span class='ocrx_word' id='word_1_770' title='bbox 3432 5138 3493 5187; x_wconf 91' lang='lat' dir='ltr'><strong>ut</strong></span> <span class='ocrx_word' id='word_1_771' title='bbox 3519 5137 3578 5188; x_wconf 88' lang='lat' dir='ltr'><strong>et</strong></span> <span class='ocrx_word' id='word_1_772' title='bbox 3605 5131 3733 5187; x_wconf 84' lang='lat' dir='ltr'><strong>Ari-</strong></span> 
     </span>
    </p>
   </div>
   <div class='ocr_carea' id='block_1_108' title="bbox 1682 5258 2366 5316">
    <p class='ocr_par' dir='ltr' id='par_1_108' title="bbox 1682 5258 2366 5316">
     <span class='ocr_line' id='line_1_109' title="bbox 1682 5258 2366 5316; baseline 0 -1"><span class='ocrx_word' id='word_1_773' title='bbox 1682 5260 1916 5316; x_wconf 80' lang='lat' dir='ltr'><strong>VARUE</strong></span> <span class='ocrx_word' id='word_1_774' title='bbox 1957 5258 2366 5316; x_wconf 83' lang='lat' dir='ltr'><strong>LECTIONES.</strong></span> 
     </span>
    </p>
   </div>
   <div class='ocr_carea' id='block_1_109' title="bbox 384 5356 3718 5443">
    <p class='ocr_par' dir='ltr' id='par_1_109' title="bbox 384 5356 3718 5443">
     <span class='ocr_line' id='line_1_110' title="bbox 384 5356 3718 5443; baseline -0.007 -8"><span class='ocrx_word' id='word_1_775' title='bbox 384 5370 432 5404; x_wconf 84' lang='grc'>³⁰</span> <span class='ocrx_word' id='word_1_776' title='bbox 453 5369 774 5443; x_wconf 60' lang='grc' dir='ltr'>ᾳᾳιξσττέτῳν</span> <span class='ocrx_word' id='word_1_777' title='bbox 956 5370 1008 5443; x_wconf 31' lang='grc' dir='ltr'><strong>³¹Ᾱ</strong></span> <span class='ocrx_word' id='word_1_778' title='bbox 1031 5367 1176 5443; x_wconf 67' lang='grc' dir='ltr'><strong>αὗτῷ</strong></span> <span class='ocrx_word' id='word_1_779' title='bbox 1206 5370 1343 5443; x_wconf 53' lang='lat' dir='ltr'><strong>add:</strong></span> <span class='ocrx_word' id='word_1_780' title='bbox 1374 5373 1441 5423; x_wconf 85' lang='lat' dir='ltr'><strong>A.</strong></span> <span class='ocrx_word' id='word_1_781' title='bbox 1520 5363 1710 5443; x_wconf 71' lang='lat'><strong>&quot;_068’</strong></span> <span class='ocrx_word' id='word_1_782' title='bbox 1743 5374 1838 5443; x_wconf 81' lang='lat' dir='ltr'><strong>A_:</strong></span> <span class='ocrx_word' id='word_1_783' title='bbox 1871 5368 1899 5422; x_wconf 88' lang='grc' dir='ltr'>ὁ</span> <span class='ocrx_word' id='word_1_784' title='bbox 1938 5363 1984 5421; x_wconf 83' lang='grc' dir='ltr'>δ’</span> <span class='ocrx_word' id='word_1_785' title='bbox 2178 5366 2226 5404; x_wconf 82' lang='grc'><strong>³³</strong></span> <span class='ocrx_word' id='word_1_786' title='bbox 2259 5365 2564 5443; x_wconf 88' lang='grc' dir='ltr'>βαλόμενος</span> <span class='ocrx_word' id='word_1_787' title='bbox 2596 5372 2666 5423; x_wconf 79' lang='grc' dir='ltr'><strong>Δ.</strong></span> <span class='ocrx_word' id='word_1_788' title='bbox 2742 5367 2790 5402; x_wconf 71' lang='grc'>⁸⁸</span> <span class='ocrx_word' id='word_1_789' title='bbox 2817 5360 3205 5437; x_wconf 81' lang='grc' dir='ltr'>ἂπερίτρεπτον</span> <span class='ocrx_word' id='word_1_790' title='bbox 3401 5356 3449 5393; x_wconf 79' lang='grc'>⁸⁵</span> <span class='ocrx_word' id='word_1_791' title='bbox 3482 5356 3576 5429; x_wconf 77' lang='grc' dir='ltr'>μὲν</span> <span class='ocrx_word' id='word_1_792' title='bbox 3599 5372 3718 5411; x_wconf 88' lang='lat' dir='ltr'><strong>om.</strong></span> 
     </span>
    </p>
   </div>
   <div class='ocr_carea' id='block_1_110' title="bbox 316 5433 1857 5520">
    <p class='ocr_par' dir='ltr' id='par_1_110' title="bbox 316 5433 1857 5520">
     <span class='ocr_line' id='line_1_111' title="bbox 316 5433 1857 5520; baseline 0.002 -26"><span class='ocrx_word' id='word_1_793' title='bbox 316 5442 384 5495; x_wconf 81' lang='grc' dir='ltr'><strong>Α.</strong></span> <span class='ocrx_word' id='word_1_794' title='bbox 461 5440 510 5477; x_wconf 76' lang='grc'><strong>³⁸</strong></span> <span class='ocrx_word' id='word_1_795' title='bbox 540 5433 834 5509; x_wconf 77' lang='grc' dir='ltr'>ἒπιϐολὴν’</span> <span class='ocrx_word' id='word_1_796' title='bbox 848 5433 1164 5499; x_wconf 52' lang='lat' dir='ltr'><strong>Bentleius;</strong></span> <span class='ocrx_word' id='word_1_797' title='bbox 1241 5442 1286 5477; x_wconf 80' lang='grc'>³⁷</span> <span class='ocrx_word' id='word_1_798' title='bbox 1324 5439 1755 5520; x_wconf 64' lang='grc' dir='ltr'>ἐπιγραφόμενος</span> <span class='ocrx_word' id='word_1_799' title='bbox 1776 5440 1857 5513; x_wconf 86' lang='grc' dir='ltr'><strong>ς’.</strong></span> 
     </span>
    </p>
   </div>
   <div class='ocr_carea' id='block_1_111' title="bbox 1970 5560 2199 5619">
    <p class='ocr_par' dir='ltr' id='par_1_111' title="bbox 1970 5560 2199 5619">
     <span class='ocr_line' id='line_1_112' title="bbox 1970 5560 2199 5619; baseline -0.013 0"><span class='ocrx_word' id='word_1_800' title='bbox 1970 5560 2199 5619; x_wconf 69' lang='lat' dir='ltr'><strong>NOTE.</strong></span> 
     </span>
    </p>
   </div>
   <div class='ocr_carea' id='block_1_112' title="bbox 381 5676 2720 5753">
    <p class='ocr_par' dir='ltr' id='par_1_112' title="bbox 381 5676 2720 5753">
     <span class='ocr_line' id='line_1_113' title="bbox 381 5676 2720 5753; baseline 0 -19"><span class='ocrx_word' id='word_1_801' title='bbox 381 5678 498 5752; x_wconf 86' lang='grc'><strong>(21)</strong></span> <span class='ocrx_word' id='word_1_802' title='bbox 530 5680 570 5737; x_wconf 83' lang='lat' dir='ltr'><strong>E</strong></span> <span class='ocrx_word' id='word_1_803' title='bbox 608 5694 862 5751; x_wconf 90' lang='lat' dir='ltr'><strong>quorum</strong></span> <span class='ocrx_word' id='word_1_804' title='bbox 892 5680 1080 5738; x_wconf 89' lang='lat' dir='ltr'><strong>tribus</strong></span> <span class='ocrx_word' id='word_1_805' title='bbox 1107 5678 1314 5753; x_wconf 85' lang='lat' dir='ltr'><strong>primis</strong></span> <span class='ocrx_word' id='word_1_806' title='bbox 1344 5684 1607 5752; x_wconf 87' lang='lat' dir='ltr'><strong>excerpta</strong></span> <span class='ocrx_word' id='word_1_807' title='bbox 1630 5679 1892 5752; x_wconf 85' lang='lat' dir='ltr'><strong>quadam</strong></span> <span class='ocrx_word' id='word_1_808' title='bbox 1918 5680 2243 5736; x_wconf 79' lang='lat' dir='ltr'><strong>oii‘eruntur</strong></span> <span class='ocrx_word' id='word_1_809' title='bbox 2274 5676 2408 5737; x_wconf 81' lang='lat' dir='ltr'><strong>infr.</strong></span> <span class='ocrx_word' id='word_1_810' title='bbox 2440 5678 2567 5735; x_wconf 90' lang='lat' dir='ltr'><strong>cod.</strong></span> <span class='ocrx_word' id='word_1_811' title='bbox 2594 5677 2720 5734; x_wconf 86' lang='lat'><strong>202.</strong></span> 
     </span>
    </p>
   </div>
  </div>
