4142 6214
447 324 562 383 ’707

1611 318 1880 382 ΡΗΟῚἭ
1924 315 2448 380 ΡΑΤΒΙΑΒΟΗΕ
2491 318 2606 379 GP.

3739 320 3860 382 708

448 463 844 540 stotelicorum
867 475 1105 531 operum
1132 475 1252 526 eos,
1269 458 1367 530 qui
1391 472 1452 513 se
1473 457 1647 529 hujus
1666 461 1886 528 partem
1910 456 2087 511 maxi-

2204 451 2456 512 ὡσαότως
2487 447 2544 505 δὲ
2576 452 2666 506 καὶ
2703 456 2810 507 τῶν
2850 453 3301 528 Ἀριστοτελικῶν
3352 457 3700 531 γραμμάτων
3731 456 3862 518 τοὺς

449 555 530 610 mi
580 553 768 608 facere
817 549 1265 621 proﬁterentur:
1299 563 1413 602 non
1460 546 1634 601 aliam
1665 545 1724 600 id
1771 546 1970 617 utique
2017 545 2089 600 ob

447 659 710 706 causam,
743 655 915 711 quam
962 642 1025 692 ut
1064 638 1428 691 committere
1474 637 1623 690 inter
1670 650 1732 690 se
1777 634 2089 704 Stagiriten

447 728 922 802 atqueAristonis
956 726 1140 781 ﬁlium
1175 730 1426 794 possent.
1451 723 1742 796 Septimus
1776 723 1938 790 liber,
1965 738 2094 792 pro-

446 822 570 894 prio
619 819 727 874 sibi
779 822 1012 886 sumpto
1056 819 1423 886 argumento,
1452 815 1521 868 de
1563 811 1852 868 Ammonii
1886 827 2094 881 supra-

446 910 650 980 scripti
669 907 1073 979 Disputatione
1091 905 1351 960 studiose
1369 904 1620 971 disserit,
1637 908 1811 973 utque
1832 901 2091 955 Plotinus

447 1005 503 1056 et
533 1001 831 1069 Origenes,
867 998 982 1050 imo
1015 1001 1070 1049 et
1101 993 1458 1065 Porphyrius
1500 998 1671 1063 atque
1702 991 2087 1059 Jamblichus,

445 1096 502 1147 et
532 1090 802 1159 deinceps
833 1085 1034 1142 ordine
1065 1084 1278 1150 caeteri,
1312 1083 1412 1154 qui
1446 1082 1640 1136 divina
1689 1081 2090 1152 (quemadmo-

447 1183 583 1235 dum
616 1179 738 1248 ipse
767 1175 1003 1248 quidem
1038 1174 1314 1244 loquitur)
1351 1171 1720 1242 generatione
1752 1177 1888 1225 sunt
1925 1170 2084 1236 editi,

444 1285 632 1340 usque
680 1267 750 1321 ad
803 1263 1172 1319 Plutarchum
1225 1261 1662 1328 Atheniensem,
1693 1275 1864 1331 quem
1915 1258 2086 1314 etiam

443 1364 734 1415 auctorem
772 1354 975 1408 talium
1010 1353 1132 1421 ipse
1174 1351 1440 1406 nominat
1485 1351 1844 1418 dogmatum,
1880 1353 1963 1415 ut,
1996 1347 2086 1402 in-

442 1463 641 1517 quam,
677 1444 732 1498 hi
768 1459 968 1497 omnes
1003 1444 1258 1512 purgata:
1295 1438 1543 1494 Platonis
1578 1436 1952 1507 philosophia:
1984 1437 2084 1491 ad-

445 1536 581 1591 dicti
615 1535 754 1589 sint.

514 1625 644 1695 Ipsa
676 1639 804 1677 vero
835 1621 1010 1690 hujus
1043 1618 1297 1673 auctoris
1347 1617 1522 1672 dictio
1570 1615 1876 1688 perspicua
1906 1619 1994 1670 est
2023 1631 2088 1670 ac

440 1731 608 1784 pura,
643 1718 695 1767 et
740 1708 1204 1782 phi1050phicum
1257 1707 1469 1762 decens
1521 1707 1821 1762 studium:
1857 1705 2085 1760 tametsi

442 1804 593 1859 I73
627 1803 702 1872 (Ο)
738 1799 941 1855 fucatis
973 1805 1028 1853 et
1056 1795 1499 1868 supervacaneis
1531 1793 1844 1862 coloribus,
1869 1802 1965 1848 aut
1993 1794 2084 1848 be-

441 1910 511 1947 ne
543 1891 764 1946 dicendi
795 1889 1069 1944 varietate
1101 1903 1215 1942 non
1251 1892 1578 1941 exornetur.

1166 1972 1376 2028 CCXV.

435 2073 675 2124 Joannes
757 2065 1089 2134 l’hiIOponus
1163 2064 1364 2118 Contra
1436 2060 1732 2116 Jamblichz’
1805 2074 1935 2128 opus
2020 2059 2091 2112 De

1090 2134 1425 2188 simulacris.

513 2226 647 2298 Legi
680 2224 923 2280 Joannis
957 2231 1338 2292 cognomento
1391 2220 1697 2291 Philoponi
1730 2219 1943 2274 librum
1976 2219 2090 2273 Ad-

436 2332 624 2370 versus
671 2313 965 2370 Jamblichz'
1011 2328 1143 2383 opus
1197 2311 1350 2382 quod
1410 2311 1480 2364 De
1523 2308 1837 2363 simulacris
1886 2307 2092 2362 inscri-

439 2406 574 2476 psit.
598 2410 820 2474 Scopus
843 2406 1034 2457 autem
1058 2399 1386 2455 Jamblicho
1413 2401 1743 2470 propositus
1765 2402 1871 2463 est,
1897 2403 2088 2452 osten-

440 2495 596 2562 dere,
631 2509 758 2548 cum
810 2491 1011 2546 divina
1053 2506 1183 2544 esse
1234 2487 1389 2543 idola
1440 2491 1597 2556 (nam
1630 2489 1744 2540 ista
1784 2486 1957 2540 etiam
2011 2486 2086 2539 si-

439 2582 683 2638 mulacri
711 2580 944 2636 nomine
959 2578 1413 2649 complectitur),
1430 2584 1552 2632 tum
1578 2574 2087 2646 przesentiaNumi-

437 2675 528 2728 nis
582 2673 828 2728 referta:
878 2686 992 2724 non
1044 2668 1235 2723 solum
1281 2683 1405 2737 quae
1459 2667 1761 2722 hominum
1817 2665 2085 2720 manibus

435 2762 664 2819 occulta
696 2759 945 2829 quadam
971 2765 1092 2813 arte
1116 2758 1413 2824 fabricata,
1437 2757 1508 2811 ob
1532 2756 1892 2827 incognitum
1919 2755 2083 2809 nimi-

438 2869 569 2907 rum
599 2851 877 2905 artiﬁcem
910 2847 1051 2903 ccelo
1085 2848 1322 2919 delapsa
1357 2846 1728 2900 nominentur
1753 2845 1896 2914 (haec
1925 2845 2082 2899 enim

441 2945 497 2996 et
526 2940 774 2996 cmlestis
805 2954 933 2992 esse
968 2943 1209 3003 naturae,
1234 2942 1289 2991 et
1314 2935 1447 2989 inde
1471 2935 1530 2989 in
1553 2940 1763 2989 terram
1787 2934 2094 3000 decidisse,

445 3029 599 3085 unde
612 3028 786 3083 etiam
804 3029 923 3082 sint
938 3027 1145 3080 merita
1160 3040 1370 3079 nomen
1386 3025 1688 3093 accipere),
1706 3039 1904 3077 verum
1921 3023 2094 3077 etiam

447 3132 808 3190 quagcunque
839 3114 1114 3169 fundendi
1142 3119 1283 3180 arte,
1303 3119 1358 3166 et
1383 3112 1688 3182 sculpendi
1711 3117 1888 3182 atque
1920 3111 2092 3166 fabri-

449 3208 487 3261 li
522 3212 674 3260 cet-ta
702 3204 878 3258 simul
914 3204 1177 3256 mercede
1199 3207 1255 3256 et
1277 3218 1449 3270 Opera
1472 3202 1562 3271 [ab
1587 3201 1928 3271 artificibus]
1955 3218 2094 3255 con-

450 3299 696 3350 formata
729 3298 940 3348 essent.
969 3293 1183 3346 Horum
1220 3291 1398 3360 igitur
1428 3291 1685 3344 omnium
1719 3307 1891 3362 opera
1924 3295 2095 3344 natu-

451 3401 573 3440 ram
608 3383 902 3445 excedere,
937 3385 992 3435 et
1034 3380 1334 3434 hominum
1385 3379 1656 3449 Opinione
1705 3379 1926 3448 majora
1972 3396 2096 3433 esse

447 3470 813 3529 Jamblichus
833 3469 1056 3536 scribit;
1082 3467 1262 3522 multa
1280 3468 1489 3539 partim
1511 3467 1871 3522 incredibilia
1888 3483 1916 3520 e
1937 3468 2096 3522 fabu-

449 3563 521 3617 lis
553 3560 865 3621 narrando,
893 3557 1106 3629 partim
1139 3557 1197 3610 in
1221 3557 1500 3611 obscuras
1529 3571 1740 3611 causas
1774 3557 2091 3623 referendo,

450 3651 658 3722 partim
692 3649 868 3704 etiam
902 3652 1104 3702 contra
1137 3652 1306 3716 atque
1357 3645 1539 3700 oculis
1583 3654 1910 3711 cernantur,
1945 3645 2095 3700 scri-

446 3742 583 3797 bere
614 3739 758 3793 nihil
795 3737 1129 3792 metuendo.
1151 3736 1311 3806 Opus
1337 3735 1623 3805 integrum
1649 3735 1794 3790 duas
1818 3735 1875 3789 in
1902 3740 2094 3806 partes

447 3834 622 3886 secat.
661 3829 1032 3899 Majoremque
1083 3825 1345 3889 alteram,
1399 3823 1641 3878 alteram
1691 3825 1948 3879 Minorem
1998 3842 2095 3880 no-

447 3922 652 3974 minat.
687 3917 1006 3986 Utramque
1057 3914 1410 3986 Philoponus
1464 3919 1780 3985 oppugnat,
1815 3921 2092 3970 consueto

445 4010 724 4065 orationis
774 4023 983 4078 genere
1038 4021 1192 4067 Usus,
1227 4004 1366 4075 quin
1405 4012 1457 4059 et
1495 4004 1972 4074 compositionem
2022 4006 2091 4058 ad

445 4099 672 4155 solitam
709 4097 820 4152 sibi
855 4097 1097 4150 formam
1132 4097 1436 4165 adaptans.
1469 4095 1513 4147 A
1546 4111 1688 4165 puro
1726 4094 1879 4148 enim
1914 4101 1968 4148 et
2001 4093 2096 4147 di—

444 4188 638 4242 lucido
674 4204 786 4241 non
822 4186 1034 4239 recedit
1063 4201 1074 4237 :
1103 4200 1288 4253 neque
1319 4187 1512 4237 tamen
1545 4182 1832 4253 elegantia
1865 4189 1915 4238 et
1949 4184 2093 4236 Atti-

447 4295 511 4330 ca
544 4277 738 4345 phrasi
763 4278 1074 4330 exornatus
1099 4273 1265 4326 nitet.
1293 4272 1601 4326 Rationum
1628 4278 1900 4344 praeterea
1931 4273 2091 4328 Jam-

2196 540 2295 608 τὴν
2339 538 2541 594 ἐκείνου
2595 537 2789 615 μερίδα
2838 545 3000 614 τιμᾷν
3047 540 3476 619 ὁμολογοῦντας
3529 548 3616 602 καὶ
3661 545 3732 601 δι’
3765 549 3859 604 οὗ·

2200 624 2284 681 δέν
2329 623 2514 701 ἓτερον
2559 628 2776 691 τούτοις
2833 629 2899 684 τὰ
2944 634 3168 685 τοιαῦτα
3213 637 3662 712 μεμηχανῆσθαι,
3704 639 3738 706 ἢ
3791 640 3862 692 ἲν*

2197 714 2380 790 ἓχοιεν
2403 717 2722 793 συγκρούειν
2754 720 2842 773 τὸν
2875 720 3228 795 Σταγειρίτην
3271 723 3406 797 πρὸς
3449 725 3535 778 τὸν
3597 725 3861 800 Ἀρίστω-

2199 827 2310 867 νος.
2345 809 2405 860 ’0
2451 804 2507 860 δὲ
2560 809 2598 875 ζ’
2630 807 2791 882 λόγος
2845 809 3024 887 ἀρχὴν
3075 808 3215 864 ἰδίαν
3251 812 3702 887 ὑποστησάμενος
3727 821 3859 892 περὶ

2199 903 2297 965 τῆς
2355 893 2643 971 διατριϐῆς
2697 903 2793 952 τοῦ
2876 901 3281 974 προειρημένου
3346 904 3674 977 Ἀμμωνίου
3752 910 3857 976 τήν

2199 984 2438 1056 σπουδὴν
2473 983 2860 1060 ἁναλαμϐάνει’
2896 989 2986 1043 καὶ
3018 990 3092 1051 ὡς
3134 988 3417 1054 Ηλωτῐνός
3467 1014 3524 1048 τε
3574 995 3664 1048 καὶ
3707 997 3859 1069 Ὠρι-

2194 1078 2374 1151 γένης,
2407 1078 2493 1131 καὶ
2551 1078 2656 1148 μὴν
2701 1079 2789 1131 καὶ
2841 1079 3147 1154 Πορφύριος
3187 1081 3275 1134 καὶ
3319 1077 3645 1156 Ἰάμϐλιχος
3678 1087 3770 1139 καὶ
3806 1089 3859 1141 o't

2194 1164 2408 1240 ἐφεξῆς,
2441 1165 2559 1221 ὅσοι
2589 1174 2688 1235 τῆς
2717 1169 2862 1241 ἱερᾶς
2915 1169 3020 1240 (ὡς
3050 1169 3208 1232 αὐτός
3241 1180 3400 1248 φησι)
3431 1178 3621 1246 γενεᾶς
3653 1173 3856 1251 ἔτυχον

2195 1254 2407 1328 φύντες,
2438 1253 2542 1318 ἕως
2575 1254 2936 1332 Πλουτάρχου
2977 1262 3075 1312 τοῦ
3121 1260 3429 1328 Ἀθηναίου,
3481 1260 3537 1315 ὃν
3581 1263 3672 1317 καὶ
3721 1269 3854 1320 καθ-

2194 1348 2405 1420 ηγητὴν
2439 1343 2600 1400 αἶ)τοῦ
2628 1348 2676 1383 ⁸⁸
2714 1351 2822 1400 τῶν
2873 1348 3138 1403 τοιούτων
3191 1350 3482 1427 ἀναγράφει
3524 1349 3850 1426 δογμάτων,

2195 1437 2342 1491 οὗτοι
2383 1435 2572 1496 πάντες
2601 1440 2668 1508 τῇ
2729 1435 3019 1500 Πλάτωνος
3055 1435 3516 1514 διακεκαθαρμένῃ
3561 1442 3856 1514 συνᾴδουσι

2195 1525 2515 1605 φιλοσοφίᾳ.

2263 1618 2416 1671 Ἔστι
2458 1614 2514 1671 δὶ
2554 1618 2588 1685 ἡ
2640 1616 2832 1690 φράσις
2873 1622 2954 1688 τῷ
2993 1615 3147 1690 άνδρὶ
3179 1621 3353 1697 σαφὴς
3399 1623 3491 1693 μὶν
3523 1623 3614 1676 καὶ
3645 1626 3856 1700 καθαρὰ

2193 1704 2282 1758 καὶ
2332 1703 2542 1779 σπουδῇ
2592 1703 2878 1782 φιλοσόφῳ
2916 1706 3216 1780 πρέπουσα,
3265 1708 3330 1762 οὐ
3379 1713 3488 1782 μήν
3521 1733 3582 1786 γε
3609 1719 3728 1774 τοῖς
3766 1736 3860 1769 κε-

2195 1791 2676 1866 καλλωπισμένοις
2704 1795 2794 1849 καὶ
2831 1802 3105 1871 περιττοῖς
3135 1797 3534 1872 ἐξωραϊζομένη
3587 1804 3858 1876 χρώμασί

2197 1903 2252 1938 τε
2281 1883 2372 1937 καὶ
2402 1881 2731 1956 ποικίλμασι
2761 1891 2860 1954 τῆς
2902 1885 3211 1958 ῥητορείας.

2959 1977 3103 2031 ΣΙΕ’.

2269 2060 2518 2115 Ἰωάννου
2561 2061 3190 2142 ΦιλοπόνοωΚκτά-τῆς
3237 2063 3478 2142 σπουδῆς
3527 2065 3788 2142 Ἰαμὸλί-

2637 2155 2742 2209 χου
2773 2133 2899 2208 Περί
2928 2134 3036 2189 τῶν
3067 2135 3423 2212 ἀγαλμάτων.

2268 2221 2608 2297 Ἀνεγνώσθη
2667 2222 2920 2279 Ἰωάννου
2977 2229 3073 2279 τοῦ
3131 2224 3448 2282 Φιλοπόνου
3523 2231 3670 2285 Κατὰ
3751 2238 3859 2300 τῆς

2197 2307 2437 2378 σπουδῆς
2495 2307 2846 2386 Ἰαμόλίχου,
2913 2315 2977 2383 ἢν
3048 2312 3318 2390 ἐπέγραψε
3385 2318 3514 2389 Περὶ
3591 2318 3863 2394 ἀγαλμά-

2193 2420 2320 2454 των.
2353 2401 2507 2454 Ἔστι
2543 2401 2638 2472 μὲν
2673 2399 2762 2455 οὖν
2785 2402 2812 2456 ὁ
2845 2404 3047 2464 σκοπὸς
3089 2399 3404 2480 Ἰαμϐλίχῳ
3430 2407 3549 2461 θεῖά
3577 2428 3636 2462 τε
3686 2406 3856 2478 δεῖξαι

2194 2488 2260 2542 τὰ
2305 2485 2506 2543 εἷ’δωλα
2564 2494 2750 2559 (ταῦτα
2807 2493 2910 2565 γάρ
2967 2488 3273 2548 ὑποϐάλλει
3332 2499 3409 2565 τῷ
3467 2495 3699 2569 ὀνόματι
3757 2505 3853 2554 τοῦ

2196 2575 2538 2650 ἀγάλματος)
2585 2579 2674 2633 καὶ
2738 2580 2881 2642 Θείας
2945 2581 3230 2652 μετουσίας
3262 2582 3529 2654 ἀνάπλεα,
3583 2587 3650 2641 οὗ
3699 2589 3864 2659 μόνον

2198 2660 2295 2719 ὅσα
2341 2671 2522 2740 χεῖρες
2565 2666 2862 2741 ἀνθρώπων
2931 2669 3132 2747 κρυφίᾳ
3189 2671 3376 2743 πράξει
3452 2675 3864 2747 τεχνησάμεναι

2197 2749 2286 2806 διὰ
2349 2755 2410 2808 τὸ
2475 2752 2680 2824 ἄδηλον
2736 2761 2832 2810 τοῦ
2889 2757 3145 2832 τεχνίτου
3205 2757 3432 2830 διοπετῆ
3501 2761 3872 2832 ἐπωνομάσαν

2194 2843 2380 2912 (ταῦτα
2435 2845 2537 2917 γὰρ
2598 2843 2843 2919 οὐρανίας
2898 2866 2956 2900 τε
3007 2846 3225 2923 φύσεως
3282 2849 3420 2902 εἶναι
3480 2851 3711 2904 κάκεῖθεν
3767 2851 3862 2905 ἐπὶ

2206 2938 2306 3006 γῆς
2358 2937 2558 2999 πεσεῖν,
2615 2930 2663 3002 ἐξ
2724 2933 2785 2986 οὗ
2837 2934 2924 2987 καὶ
2976 2935 3076 3002 τὴν
3137 2933 3452 3008 ἐπωνυμίαν
3501 2938 3670 3013 φέρειν
3728 2958 3865 2990 συν-

2209 3022 2540 3093 εστήσαντο),
2602 3019 2747 3076 ἀλλὰ
2813 3023 2902 3076 καὶ
2961 3023 3060 3076 ὃσα
3113 3022 3280 3097 τέχνη
3315 3023 3649 3103 χαλκευτική
3680 3047 3741 3080 τε
3771 3027 3869 3081 καὶ

2210 3108 2496 3181 λαξευτική
2527 3113 2614 3166 καὶ
2648 3113 2682 3181 ἡ
2714 3113 2978 3167 τεκτόνων
3009 3112 3095 3167 ἐπὶ
3141 3111 3298 3186 δήλῳ
3341 3118 3518 3186 μισθῷ
3567 3116 3654 3170 καὶ
3704 3114 3866 3190 ἐργα-

2208 3200 2294 3270 σίᾳ
2353 3197 2820 3276 διεμορφώσαντο.
2879 3202 3095 3256 Τούτων
3163 3203 3257 3257 οὖν
3318 3205 3565 3258 ἁπάντων
3633 3203 3760 3280 ἔργα
3808 3227 3870 3261 τε

2209 3290 2451 3362 ὑπερφυῆ
2491 3290 2582 3343 καὶ
2631 3288 2791 3362 δόξης
2848 3292 3195 3365 ἀνθρωπίνης
3255 3293 3531 3366 κρείττονα
3587 3295 3785 3372 γράφει
3837 3297 3866 3350 ὁ

2207 3373 2556 3451 Ἰάμϐλιχος,
2600 3381 2728 3451 [556
2759 3380 2848 3453 Κ]
2880 3378 3066 3434 πολλᾶ
3098 3381 3194 3454 μὶν
3234 3381 3464 3437 ἀπίθανα
3507 3382 3866 3460 μυθολογῶν,

2204 3464 2392 3520 πολλὰ
2422 3463 2476 3520 δὲ
2525 3465 2600 3526 εἷς
2649 3466 2892 3538 ἀδήλους
2922 3471 2968 3505 ³ο
3005 3469 3180 3544 φέρων
3223 3470 3420 3537 αἰτίας,
3453 3470 3642 3526 πολλὰ
3677 3471 3743 3526 δά
3773 3475 3868 3528 καὶ

2202 3561 2317 3616 τοῖς
2379 3557 2677 3629 ὁρωμένοις
2737 3557 2945 3613 ἐναντία
3001 3560 3223 3638 γράφειν
3281 3559 3379 3615 οὐκ
3440 3560 3863 3636 αἰσχυνόμενος.

2206 3646 2296 3706 Εἰς
2343 3643 2437 3698 δύο
2485 3642 2540 3700 δὲ
2587 3648 2685 3715 τὴν
2727 3646 2862 3717 ὅλην
2908 3650 2953 3683 ⁴⁰
2993 3650 3361 3723 πραγματείαν
3412 3647 3712 3722 διατέμνει,
3763 3656 3866 3722 τήν

2207 3735 2300 3807 μὲν
2332 3735 2566 3804 Μείζονα
2620 3735 2829 3803 καλῶν,
2876 3738 2974 3805 τὴν
3032 3735 3089 3792 δὲ
3136 3736 3458 3797 Ἐλάττονα.
3507 3741 3639 3796 Καθ’
3673 3741 3867 3796 ἑκατέο

2206 3844 2298 3898 ρας
2349 3821 2405 3878 δὲ
2461 3825 2665 3878 τούτων
2721 3827 2808 3879 καὶ
2870 3827 2896 3880 ὁ
2947 3825 3259 3890 Φιλόπονος
3301 3826 3542 3895 ἵσταται,
3577 3827 3712 3898 λέξει
3761 3831 3861 3901 μὲν

2201 3913 2546 3986 κεχρημένος
2586 3915 2724 3986 ᾗπερ
2775 3913 2973 3987 εἰώθει,
3013 3915 3102 3969 καὶ
3134 3917 3232 3984 τήν
3267 3919 3534 3986 συνθήκην
3575 3914 3629 3972 δὲ
3662 3917 3740 3980 είς
3768 3921 3863 3973 τὸν

2203 4000 2397 4074 ὅμοιον
2431 4003 2603 4074 ἑαυτῷ
2633 4002 2800 4057 τύπον
2844 4005 3238 4078 ἁρμοζόμενος·
3285 4009 3382 4060 τοῦ
3436 4007 3531 4078 μὲν
3560 4007 3666 4082 γὰρ
3697 4011 3866 4062 καθα-

2204 4096 2299 4166 ροῦ
2337 4092 2425 4145 καὶ
2459 4092 2736 4163 εὐκρινοῦς
2768 4096 2894 4166 [286
2928 4096 3019 4168 Η.]
3052 4095 3151 4149 οὐκ
3201 4093 3506 4165 ἀποκλίνει,
3560 4097 3624 4150 οὐ
3682 4098 3863 4169 μέντοι

2200 4203 2260 4256 γε
2310 4187 2378 4256 τῇ
2434 4179 2626 4255 λογάδι
2675 4184 2764 4236 καὶ
2819 4183 3170 4260 άττικιζοόσῃ
3205 4186 3392 4259 φράσει
3425 4185 3864 4257 καλλωπίζεται.

2202 4271 2304 4326 Καὶ
2326 4271 2453 4332 τοὺς
2477 4270 2745 4346 ἐλέγχους
2770 4270 2826 4327 δὲ
2846 4278 2951 4327 τῶν
2979 4269 3312 4353 Ἰαμϐλίχου
3336 4274 3517 4349 λόγων
3561 4276 3868 4352 πολλαχοῦ

445 4366 623 4420 blichi
661 4363 1140 4434 reprehensiones
1173 4377 1311 4416 sane
1344 4376 1675 4430 generosas,
1709 4365 1763 4415 et
1796 4378 1894 4431 per
1925 4363 2083 4432 ipsas

2205 4361 2299 4431 μὲν
2332 4362 2610 4433 γενναίους
2643 4381 2699 4414 τε
2739 4361 2826 4414 καὶ
2861 4359 2924 4415 δι’
2971 4362 3141 4416 αὐτῶν
3193 4363 3527 4438 ἐρχομένους
3557 4369 3670 4419 τῶν
3722 4386 3865 4435 πρα-

447 4468 678 4523 quoque
713 4457 1084 4522 penetrantes
1115 4466 1321 4505 causas
1347 4449 1675 4519 frequenter
1698 4450 1798 4504 tibi
1824 4451 2082 4514 exhibet;

443 4559 585 4612 quas
619 4541 910 4595 interdum
947 4540 1253 4610 superﬁcie
1285 4543 1455 4592 tenus
1481 4543 1711 4592 tantum
1740 4538 2088 4602 reicllentes,

442 4636 500 4687 et
549 4630 618 4684 ad
672 4630 795 4684 s-ila
841 4630 1079 4684 nomina
1128 4629 1358 4694 relatas,
1391 4626 1738 4698 longiusque
1771 4644 1803 4680 a
1836 4643 1894 4681 re
1943 4644 2088 4682 con-

441 4727 694 4777 troversa
726 4720 1059 4774 recedentes
1091 4718 1280 4789 [affert
1303 4719 1341 4786 ;]
1373 4718 1549 4772 etiam
1585 4733 1716 4770 cum
1751 4715 1869 4770 haec
1900 4718 2088 4771 redar-

439 4811 639 4884 guenti
689 4808 852 4864 valde
884 4813 967 4864 est
997 4807 1267 4875 obnoxia,
1300 4811 1356 4862 et
1404 4823 1505 4878 per
1536 4821 1596 4862 se
1629 4805 2087 4862 imbecillitatem

439 4917 607 4957 suam
645 4899 853 4970 prodit.

1153 4982 1379 5040 CCXVI.

921 5074 1166 5131 ()ribasii
1196 5072 1393 5128 medici
1421 5087 1609 5144 opera.

512 5169 649 5238 Legi
701 5165 1002 5222 volumina
1049 5167 1322 5235 quatuor,
1374 5161 1590 5232 quibus
1640 5162 1916 5218 medicam
1969 5182 2089 5220 rem

438 5255 742 5311 Oribasius
793 5256 904 5326 (22)
952 5271 984 5309 a
1035 5270 1095 5309 se
1145 5255 1518 5322 compositam
1569 5252 1904 5325 complexus
1960 5266 2088 5311 est:

2199 4450 2421 4522 γμάτων
2469 4446 2849 4518 ἐπιδείκνυσιν,
2904 4449 3070 4505 ἐνίοτε
3119 4449 3175 4506 δὲ
3213 4449 3538 4506 ἐπιπόλαιον
3589 4455 3694 4522 τήν
3741 4455 3869 4510 ἀνα-

2199 4540 2395 4605 σκευήν
2455 4539 2714 4615 φέροντας
2770 4541 2858 4593 καὶ
2917 4542 3050 4615 πρὸς
3111 4537 3280 4614 ὄνομα
3361 4543 3684 4616 γινομένους
3771 4545 3867 4598 καὶ

2199 4626 2389 4702 πόῤῥω
2441 4632 2538 4682 τοῦ
2587 4627 2844 4683 ἅπτεσθαι
2895 4635 3001 4683 τῶν
3068 4629 3439 4704 εὖθυνομένων
3500 4631 3864 4709 φερομένους,

2199 4715 2376 4769 καίτοι
2444 4713 2642 4789 ῥᾳδίων
2702 4718 2747 4752 ⁴¹
2787 4717 3046 4772 κάκείνων
3098 4720 3234 4791 πρὸς
3298 4715 3530 4795 ἔλεγχον
3610 4719 3867 4793 ἐκκειμέ-

2201 4826 2303 4859 νων
2346 4807 2414 4875 ⁴²,
2446 4805 2534 4860 καὶ
2575 4805 2626 4879 ἐξ
2669 4807 2870 4861 ἑαυτῶν
2910 4803 3392 4882 προϐαλλομένων
3431 4809 3494 4863 τὸ
3537 4808 3865 4885 άνίσχυρον.

2945 4987 3096 5060 ΣΙς.

2723 5067 3060 5148 Ὀρειϐασίου
3089 5069 3300 5150 βιϐλία.

2275 5163 2708 5237 ’Λνεγνώσθησαν
2775 5157 2930 5236 βιϐία
2995 5159 3060 5233 δ’,
3133 5164 3165 5216 ἅ
3227 5165 3326 5232 τὴν
3385 5165 3431 5206 ⁴³
3483 5167 3870 5241 πραγματείαν

2203 5253 2450 5329 ἰατρικὴν
2495 5245 2815 5324 Ὀρειϐαςίῳ
2863 5251 2910 5286 ⁴⁴
2966 5252 3394 5328 συντεταγμένην
3454 5259 3724 5330 περιεῖγε.
3772 5259 3870 5312 καὶ

1806 5351 1980 5407 VARI

1806 5353 1902 5407 VA
1962 5354 1980 5407 l

515 5442 564 5519 δεῇ
593 5441 763 5519 αὐτου
787 5445 872 5519 ᾼέ
906 5439 1068 5519 antra;
1261 5442 1308 5476 ⁸9
1338 5436 1558 5510 ἀδήλως
1749 5441 1795 5476 ⁴⁰
1843 5353 2514 5516 ὅλῐήνιῗῆἓὲξΤἮἿξῗί
2542 5438 2755 5516 ῥᾴδιον.
2832 5443 2878 5479 ⁴²
2927 5441 3256 5519 ἐγκειμένων
3447 5445 3495 5480 ⁴³
3534 5447 3636 5514 τήν
3676 5448 3858 5507 dele-

2035 5585 2262 5643 NOTAE.

443 5516 644 5572 verim.
723 5513 771 5548 ⁴¹⁴
798 5507 1094 5585 Ὀριϐισίῳ
1117 5507 1185 5568 Ἇ.

515 5658 631 5730 (22)
663 5656 742 5713 De
773 5657 880 5713 hoc
907 5660 1126 5728 Eunap.
1159 5661 1216 5714 et
1243 5657 1410 5714 Suid.
1442 5658 1776 5717 meminere.
