4198 6216
356 328 474 391 709

1328 326 1872 395 BIBLIOTHEGA.
1917 365 1995 375 —
2035 332 2262 393 CODD.
2307 330 2812 395 CCXV-CCXVII.

3648 338 3768 401 710

356 464 439 525 ἔτι
476 464 634 542 ἕτερα
666 470 705 536 ζ’
744 462 938 540 ἀνδρός
969 486 1028 521 τε
1056 467 1153 521 τοῦ
1191 465 1356 521 αὐτοῦ
1384 465 1474 520 καὶ
1514 463 1589 527 εἷς
1619 463 2003 541 παραπλήσιον

2121 467 2352 539 aliaque
2383 470 2656 539 presteres
2687 470 2939 539 septem,
2959 468 3160 524 eadem
3189 484 3334 541 pene
3364 469 3548 528 forma
3576 473 3647 528 ab
3677 488 3772 530 eo-

365 558 754 631 ἐξενηνεγμένα
784 556 830 592 ⁴⁸
852 556 1047 625 τύπον,

427 642 770 724 Ὀρειϐασίου
818 646 1115 773 Ἐπιτομήλ
1158 649 1256 771 τοόῦ
1296 645 1550 717 Γαληνοῦ
1599 647 1735 718 πρὸς
1807 647 1945 701 Ἰου-

1125 738 1203 771 ιαν
1241 738 1291 773 ν.

1125 738 1266 771 ιανον
1279 762 1291 775 ,

425 813 486 867 Ἦ
524 812 620 885 μὲν
676 808 768 863 οὖν
828 810 1021 881 πρώτη
1081 805 1291 877 σπουδὴ
1343 813 1423 880 τῷ
1468 806 1638 883 ἀνδρὶ.
1704 806 2015 878 ἂΓαληνὸς

356 900 453 973 μὶν
487 898 719 974 ἔγραψεν
755 899 783 952 ὁ
815 898 1020 971 ἰατρὸς,
1053 898 1357 970 συντέμνει,
1394 896 1680 968 Ἰουλιανῷ
1704 895 1759 951 δὲ
1788 901 1867 969 τῷ
1909 903 2011 965 τῆς

356 983 630 1048 εὐσεϐείας
694 988 974 1061 ἀποστάτῃ
1033 986 1331 1064 ἀναγράφει
1363 1003 1377 1017 ·
1436 988 1469 1056 ἢ
1552 985 1641 1039 καὶ
1702 987 2007 1059 ἄπάρχεται

356 1077 550 1140 οὕτως.
1371 1074 1381 1087 κ

430 1191 450 1217 ι
512 1163 838 1222 Κελεύσαντί
898 1185 1006 1235 σοι,
1056 1166 1298 1220 θειότατε
1344 1164 1680 1239 αὐτοκράτορ
1721 1162 2004 1232 Ἰουλιανὲ,

351 1255 479 1318 τοὺς
510 1261 590 1328 τῷ
630 1254 919 1329 θαυμασίῳ
970 1253 1199 1327 Γαληνῷ
1231 1255 1544 1330 χρησίμους
1578 1254 1653 1317 εἷς
1699 1256 1798 1323 τὴν
1834 1256 2006 1330 ἰατρι-

351 1348 457 1415 κην
518 1345 712 1421 οέχνην
772 1345 1187 1420 γεγραμμένους
1250 1344 1450 1419 λόγους
1510 1350 1790 1417 συντεμεῖν
1822 1344 1870 1379 ⁴⁶
1926 1344 2003 1404 εἰς

352 1433 602 1503 ἔλαττον,
634 1433 937 1507 προθύμως
991 1435 1297 1504 ὑπήκουσα.
1331 1438 1461 1496 Τοῖς
1505 1454 1563 1489 τε
1606 1434 1710 1511 γὰρ
1773 1434 2005 1507 μετιέναι

347 1527 450 1594 τήν
494 1526 698 1599 τέχνην
736 1525 939 1595 ταύτην
993 1524 1482 1601 προαιρουμένοις,
1515 1526 1590 1586 ὡς
1623 1523 1780 1587 σύτός
1808 1528 2005 1601 φησιν,

349 1613 475 1671 οὔτε
508 1612 565 1669 δὲ
597 1614 807 1692 φύσεως
860 1611 1187 1684 ἐπιτηδείως
1222 1618 1288 1684 ⁴“²,
1321 1612 1437 1670 οὗθ’
1468 1613 1693 1684 ἡλικίας
1725 1613 2005 1690 ἁρμοζού-

350 1725 453 1775 σης
481 1702 832 1777 τετυχηκόσι,
866 1701 1141 1765 πολλάκις
1172 1701 1229 1757 δὲ
1267 1700 1391 1757 οὐδὲ
1419 1708 1526 1758 τῶν
1557 1704 1789 1777 πρώτων
1835 1703 2006 1775 μαθη-

2126 558 2256 612 dem
2289 557 2463 613 edita.

2122 648 2367 703 Oribasii
2420 646 2621 703 medici
2678 646 2871 728 Caleni
2923 648 3310 728 compendium
3360 650 3436 706 ad
3482 651 3770 708 lulianum

2741 724 3150 789 imperatorem.

2193 807 2388 864 Priore
2418 823 2553 879 ergo
2587 806 2902 874 volumine,
2927 822 3045 877 qua:
3069 807 3320 864 Galenus
3345 811 3605 866 medicus
3630 828 3764 867 con-

2119 897 2451 968 scripserat,
2484 912 2554 950 ea
2586 895 2677 950 hic
2709 896 2766 950 in
2814 896 3221 966 compendium
3267 897 3497 970 redigit.
3530 899 3765 956 Julianu

2119 990 2309 1040 autem
2335 984 2670 1040 Christianae
2696 983 2989 1055 religionis
3011 986 3293 1041 desertori
3319 987 3474 1042 hunc
3507 987 3760 1044 laborem

2115 1074 2439 1145 inscripsit,
2475 1074 2581 1129 hoc
2616 1075 2729 1129 fere
2764 1090 2907 1129 usus
2939 1074 3264 1145 principio:

2190 1186 2216 1211 ‹‹
2246 1165 2449 1218 Jussus
2483 1180 2516 1218 a
2546 1167 2620 1230 te,
2646 1163 2774 1218 dive
2803 1161 3037 1218 Juliane
3068 1164 3403 1235 imperator,
3429 1165 3628 1222 Galeni
3661 1167 3765 1224 ho-

2117 1252 2294 1308 minis
2326 1253 2657 1307 admirandi
2691 1251 2970 1323 perutiles
2995 1255 3149 1308 174
3169 1254 3244 1325 (α)
3268 1255 3339 1309 de
3362 1271 3421 1310 re
3444 1256 3670 1312 medica
3702 1258 3767 1313 li-

2113 1343 2250 1398 bros
2282 1343 2351 1397 ad
2386 1342 2663 1413 pauciora
2694 1342 2975 1413 redigere,
3008 1341 3260 1397 libenter
3288 1360 3429 1399 sane
3480 1346 3762 1403 voluntati

2113 1436 2226 1486 tuae
2258 1448 2389 1487 sum
2423 1432 2753 1487 obsecutus.
2790 1433 2865 1487 Iis
2896 1432 3049 1487 enim
3084 1433 3183 1504 qui
3216 1434 3287 1487 ad
3322 1433 3473 1489 hanc
3502 1451 3629 1491 sese
3660 1454 3763 1492 ar-

2115 1525 2233 1576 tem
2265 1519 2559 1591 applicare
2608 1518 2819 1588 volent,
2856 1521 2942 1592 (ut
2971 1521 3093 1592 ipse
3124 1521 3247 1592 ait),
3280 1526 3337 1576 et
3385 1528 3597 1579 natura
3646 1525 3764 1580 for-

2116 1611 2270 1665 sitan
2304 1610 2726 1676 destituuntur,
2750 1626 2937 1681 neque
2960 1616 3147 1679 aptam
3172 1617 3311 1666 sunt
3333 1612 3487 1667 nacti
3511 1616 3759 1683 aetatem,

2117 1715 2185 1753 ne
2209 1698 2495 1769 prioribus
2518 1698 2755 1769 quidem
2779 1714 3174 1769 “spenumero
3197 1697 3521 1771 disciplinis
3546 1702 3761 1759 initiati

351 1793 540 1866 μάτων
594 1791 940 1866 ἀρξαμένοις,
994 1792 1084 1846 καὶ
1143 1790 1231 1846 διὰ
1279 1796 1446 1847 ταῦτα
1502 1789 1777 1855 ἀδυνάτως
1815 1787 2003 1867 ἔχουσι

2117 1790 2199 1859 (ut
2229 1789 2299 1842 ob
2331 1804 2429 1842 eas
2461 1803 2663 1841 causas
2693 1786 2875 1841 libros
2906 1786 3036 1841 illos
3070 1787 3315 1843 fusiores
3347 1789 3606 1846 ediscere
3655 1808 3763 1847 ne—

343 1881 474 1943 τους
530 1882 669 1935 κατὰ
725 1878 960 1950 διέξοδον
1004 1878 1201 1955 λόγους
1258 1881 1629 1955 ἐκμανθάνειν,
1675 1882 1888 1955 ἀρκέσει
1934 1880 2000 1935 τὰ

345 1975 438 2026 νῦν
509 1968 921 2047 γραφησόμενα,
953 1969 1159 2044 χρόνου
1210 1991 1267 2025 τε
1336 1971 1675 2045 βραχυτέρου
1718 1971 1854 2041 πρὸς
1899 1971 1997 2037 τὴν

342 2061 653 2133 ἒκμάθησιν
695 2063 999 2134 χρῄζοντα,
1048 2059 1137 2113 καὶ
1186 2061 1286 2128 τήν
1326 2056 1513 2130 νόησιν
1546 2058 1923 2133 εύπετεστέραν
1956 2059 2004 2093 4³

344 2148 532 2223 ἕξοντα
560 2154 642 2222 τῷ
677 2151 778 2219 τήν
806 2148 1108 2223 συναίρεσιν
1140 2148 1215 2210 είς
1274 2149 1649 2225 βραχυλογίαν
1684 2149 1783 2204 οὐκ
1820 2150 1999 2226 ἀσαφῆ

343 2240 684 2315 γενήσεσθαι.
736 2240 868 2302 Τοῖς
911 2258 969 2292 τε
1015 2240 1061 2274 ⁴⁹
1115 2236 1167 2292 ἐν
1214 2236 1541 2312 προπαιδεία
1597 2237 2001 2315 γεγενημένοις,

342 2328 438 2383 καὶ
482 2331 621 2401 μήτε
670 2328 774 2382 ὑπὸ
821 2327 1033 2404 φύσεως
1090 2329 1228 2399 μήτε
1285 2326 1507 2396 ἡλικίας
1570 2327 1865 2383 κωλυθεῖσι
1910 2348 2001 2382 τε-

345 2416 523 2479 λείαις
564 2419 868 2493 χρτςσεσθαι
918 2422 1039 2480 ταῖς
1098 2414 1497 2488 διδασκαλίαις,
1566 2418 1797 2492 ἁρμόζοι
1848 2414 1909 2471 ἂν
1966 2419 2001 2487 ἡ

344 2511 578 2577 τοιαύτη
621 2507 843 2582 σύνοψις
876 2506 961 2562 ἐπ’
991 2507 1169 2562 αὐτῶν
1200 2511 1309 2562 τῶν
1341 2505 1515 2583 ἔργων
1549 2510 1646 2576 τῆς
1688 2508 1785 2580 μὲν
1819 2506 2005 2581 χρείας

348 2597 698 2669 ἐπειγούσης,
729 2596 781 2651 ἐν
829 2597 1029 2671 βραχεῖ
1054 2592 1128 2668 ,δὲ
1174 2602 1273 2665 τῆς
1314 2597 1668 2669 ἀναμνήσεως
1698 2600 1805 2649 τῶν
1841 2596 2002 2672 ἀναγ-

346 2686 651 2741 καιοτάτων
685 2685 1008 2760 γενομένης.
1044 2708 1072 2736 ››

421 2774 581 2832 Οὕτω
630 2775 725 2847 μὲν
781 2775 809 2828 ὁ
864 2769 1202 2849 Ὀρειϐάσιος
1251 2774 1301 2829 ἐν
1350 2773 1520 2848 ταύτῃ
1552 2777 1621 2848 τῇ
1661 2773 2007 2849 πραγματείᾳ

346 2866 796 2940 προοιμιάζεται,
841 2865 1224 2941 ὑποσχόμενος
1256 2865 1431 2920 ἐκεῖνα
1466 2866 1608 2938 μόνα
1666 2864 2003 2940 συναγαγεῖν,

344 2954 379 3008 ’ἁ
423 2959 530 3009 τῶν
570 2955 909 3027 ἀρεσκόντων
959 2955 1070 3009 ἐστὶ
1120 2960 1199 3027 τῷ
1229 2952 1383 3028 ἀνδρὶ
1414 2955 1506 3008 καὶ
1535 2955 1671 3027 πρὸς
1708 2956 1806 3023 τήν
1834 2954 2007 3027 ἰατρι-

344 3045 447 3114 κὴν
477 3043 664 3121 ἀιρορᾷ
706 3045 908 3119 τέχνην
965 3065 1024 3099 τε
1079 3043 1168 3099 καὶ
1211 3051 1312 3114 τῆς
1352 3042 1551 3118 τέχνης
1615 3042 2006 3117 μεταχείρισιν,

2111 1877 2350 1949 queant)
2400 1876 2689 1931 sufﬁcient
2737 1892 2867 1946 quae
2906 1876 3032 1946 jam
3084 1875 3461 1933 scribentur:
3513 1894 3647 1935 cum
3707 1889 3761 1937 et

2110 1969 2371 2033 tempore
2400 1971 2603 2034 egeant
2636 1962 2706 2016 ad
2739 1962 3109 2018 ediscendum
3137 1962 3419 2030 breviore,
3443 1969 3500 2020 et
3520 1982 3758 2023 sensum

2110 2051 2385 2107 habitura
2432 2050 2549 2104 sint
2600 2047 2955 2116 faciliorem;
2988 2050 3220 2119 quando
3253 2049 3310 2103 in
3354 2066 3540 2121 pauca
3586 2052 3761 2109 verba
3850 2058 3855 2065 ”

2110 2140 2215 2197 hoc
2236 2139 2650 2211 compendium
2679 2139 2862 2194 vitata
2885 2138 3115 2193 interim
3144 2138 3517 2206 obscuritate,
3545 2141 3741 2213 redige

2108 2234 2225 2287 tur.
2258 2230 2360 2285 His
2390 2244 2522 2284 vero
2554 2228 2649 2299 qui
2684 2227 3141 2299 praecedentibus
3191 2227 3540 2283 medicinam
3574 2230 3763 2286 scien-

2110 2320 2208 2376 tiis
2239 2319 2473 2386 exculti,
2509 2334 2696 2389 neque
2728 2334 2829 2389 per
2859 2321 3153 2385 naturam,
3187 2333 3377 2388 neque
3408 2335 3507 2389 per
3536 2327 3759 2376 aetatem

2112 2410 2497 2482 prohibentur
2517 2405 2957 2478 pert'ectioribus
2980 2406 3071 2461 hic
3092 2406 3278 2461 imbui
3303 2408 3622 2478 praeceptis,
3644 2409 3765 2465 haec

2112 2515 2345 2572 quoque
2374 2498 2643 2569 synopsis
2675 2498 3015 2551 conveniet:
3048 2512 3181 2550 cum
3216 2498 3467 2551 maxime
3500 2514 3761 2554 necessa-

2113 2588 2199 2645 ria
2229 2602 2478 2659 qumque
2508 2585 2761 2641 breviter
2804 2586 2875 2639 iis
2909 2589 3296 2656 snggerentur
3329 2590 3489 2652 tunc,
3529 2587 3760 2656 quando

2112 2677 2169 2732 in
2204 2677 2332 2748 ipso
2364 2675 2603 2730 curandi
2638 2690 2809 2745 opere
2837 2673 3065 2744 urgebit
3094 2672 3437 2728 necessitas.
3471 2696 3490 2721 ι

2182 2768 2274 2821 Sic
2323 2764 2502 2835 igitur
2549 2761 2854 2817 Oribasius
2884 2761 2941 2815 in
2976 2760 3083 2816 hoc
3111 2775 3282 2830 opere
3336 2760 3629 2830 przefatus,
3664 2761 3764 2817 illa

2114 2851 2306 2906 solum
2338 2851 2641 2923 pollicetur
2669 2849 3052 2906 collecturum
3086 2864 3170 2914 se,
3202 2864 3325 2919 quae
3374 2848 3591 2905 Galeno
3632 2850 3766 2922 pla-

2115 2940 2393 3007 cuissent,
2426 2956 2667 3010 quaeque
2699 2939 2767 2993 ad
2801 2937 3085 2992 medicam
3136 2941 3341 3004 artem,
3375 2942 3431 2991 et
3468 2937 3593 3008 ejus
3642 2943 3760 2994 tra—

2115 3030 2429 3086 ctationem
2487 3029 2755 3084 facerent.
2790 3024 3042 3082 Absolvit
3091 3029 3284 3081 autem
3319 3026 3462 3081 illud
3496 3043 3641 3098 opus
3691 3027 3763 3083 li-

345 3134 669 3203 Ηεπόνηται
732 3131 790 3188 δὲ
837 3133 986 3205 αύτῷ
1023 3135 1058 3203 ἡ
1115 3134 1340 3204 τοιαύτη
1373 3130 1582 3204 σπουδη
1616 3132 1668 3187 ἐν
1703 3132 2010 3210 λόγοις.....
2043 3123 2086 3191 C
2125 3120 2309 3176 bris-ﬂ

1117 3224 1258 3280 Σ1Ζ’.

462 3315 575 3369 Τοὖ
606 3312 769 3367 αὐτοῦ
794 3313 1149 3389 Πραγματεία
1181 3310 1233 3366 ἐν
1268 3310 1462 3387 λόγοις
1492 3307 1895 3384 ἑϐδομήκοντα.

423 3407 484 3456 Ἡ
517 3399 573 3456 δὲ
620 3401 844 3477 δευτέρα
888 3400 1231 3477 πραγματεία
1282 3400 1567 3472 Ἰουλιανῷ
1619 3401 1712 3473 μὲν
1745 3400 1837 3455 καὶ
1867 3400 2004 3469 αὐτὴ

348 3493 453 3562 τήν
483 3493 867 3569 προσφώνησιν
895 3496 1154 3561 ποιεῖται,
1187 3491 1239 3546 ἐν
1286 3492 1327 3545 o'
1366 3492 1413 3527 ⁵⁵
1462 3488 1518 3545 δὲ
1563 3491 1873 3565 περαίνεται
1914 3489 2008 3546 λό-

342 3603 490 3658 γοις,
520 3581 609 3635 καὶ
640 3583 702 3636 τὸ
734 3584 1016 3658 χρήσιμον
1055 3578 1155 3635 οὒκ
1185 3578 1430 3651 ἔλαττον,
1472 3578 1615 3635 ἀλλὰ
1648 3580 1740 3635 καὶ
1787 3578 2005 3653 μᾶλλον

341 3673 379 3742 ἢ
411 3674 446 3739 ἡ
482 3670 718 3745 προτέρα
746 3675 842 3726 τοῦ
886 3671 1234 3745 πολυστίχου
1270 3672 1589 3746 παρέχεται.
1647 3672 2006 3744 Προοιμιάζε-

342 3782 434 3816 ται
465 3758 525 3814 δὲ
556 3761 644 3814 καὶ
678 3758 818 3830 αὕτη
852 3765 1046 3815 τοῦτον
1076 3760 1167 3815 τὸν
1198 3761 1426 3833 τρόπον’

415 3853 544 3922 [557
572 3852 660 3923 3.]
694 3874 721 3902 ‹‹
744 3850 850 3911 Τὰς
874 3850 1310 3926 προσταχθείσας
1334 3848 1601 3922 ἐπιτομὰς
1619 3852 1766 3924 παρά
1784 3858 1882 3918 τῆς
1902 3856 2003 3919 σῆς

348 3940 656 4010 θειότητος,
688 3939 1024 4015 αὐτοκράτορ
1065 3940 1348 4008 Ἰουλιανὲ,
1381 3937 1671 4014 πρότερον,
1696 3940 1860 4008 ἡνίκα
1890 3935 2003 3992 διε-

343 4023 611 4101 τρίϐομεν
643 4027 695 4082 ἐν
744 4026 983 4099 Γαλατίᾳ
1011 4031 1080 4101 τῇ
1120 4029 1257 4101 πρὸς
1288 4026 1539 4103 ἑσπέραν,
1572 4027 1647 4089 εἷς
1678 4025 1836 4089 τέλος
1863 4025 1999 4103 ἤγα-

342 4130 446 4190 γον
469 4116 651 4179 καθὼς
668 4112 1083 4186 ἠϐουλήθης,ἅς
1105 4137 1253 4178 τινας
1275 4114 1334 4170 ἐκ
1359 4116 1537 4189 μόνων
1559 4121 1665 4171 τῶν
1693 4116 1795 4171 ὑπό
1820 4114 2001 4186 Γαλη-

338 4210 436 4259 νοῦ
467 4206 782 4281 γραφέντων
816 4204 1190 4280 ἐποιησάμην.
1215 4204 1436 4275 Ἐπειδὴ
1480 4204 1536 4261 δὲ
1558 4205 1839 4269 ἐπαινέσας
1869 4206 1999 4262 ταύ-

339 4314 436 4356 τας
470 4291 724 4369 δευτέραν
771 4294 1026 4365 ἐπέταξας
1074 4295 1288 4370 πρᾶξιν,
1334 4297 1552 4351 πάντων
1605 4300 1713 4352 τῶν
1762 4295 1995 4370 ἀρίστων

339 4382 556 4459 ἀνδρῶν
619 4385 1040 4455 ἀναζητήσαντά
1110 4406 1177 4458 με
1244 4388 1313 4440 τὰ
1364 4388 1697 4460 καιριώτατα
1759 4408 2001 4461 συναγα-

2152 3298 2404 3370 Ejusdem
2440 3294 2869 3354 Medicinalium
2908 3296 3018 3367 (22)
3047 3293 3393 3351 cottanorum
3425 3293 3561 3350 libri
3601 3312 3727 3351 Lxx.

2187 3388 2454 3443 Alterum
2487 3401 2718 3458 quoque
2752 3400 2899 3455 cpus
2941 3384 3126 3439 eidem
3154 3382 3393 3439 Juliano
3434 3384 3761 3440 dedicatum

2117 3476 2488 3549 septuaginta
2520 3475 2682 3531 libris
2713 3472 3075 3529 absolvitur:
3102 3471 3285 3527 nihilo
3316 3472 3547 3528 interim
3582 3475 3767 3530 mino-

2117 3583 2262 3633 rem,
2289 3581 2463 3637 quam
2499 3563 2644 3618 illud
2677 3563 2861 3635 prius,
2888 3563 2983 3618 sed
3011 3562 3288 3633 majorem
3322 3562 3517 3631 potius
3550 3562 3760 3618 utilita-

2116 3660 2228 3711 tem
2248 3672 2356 3711 sua
2380 3654 2527 3710 mole
2552 3654 2815 3708 atterens.
2838 3652 2975 3722 Ejus
2994 3656 3187 3706 autem
3211 3649 3580 3721 proloquium
3603 3650 3759 3707 hunc

2115 3746 2172 3799 in
2208 3745 2445 3799 modum
2476 3741 2844 3798 instituitur:

2187 3856 2214 3883 ‹‹
2248 3833 2568 3904 Epitomas,
2600 3846 2749 3902 quas
2796 3834 2856 3884 tu
2907 3830 3070 3896 olim,
3102 3827 3230 3883 dive
3274 3827 3499 3883 Juliane
3546 3827 3759 3896 Caesar,

2114 3923 2256 3979 mihi
2305 3921 2695 3978 conficiendas
2745 3919 3147 3987 mandaveras,
3173 3918 3298 3987 jam
3345 3916 3566 3988 pridem
3599 3916 3758 3985 (cum

2112 4015 2169 4068 in
2220 4012 2467 4068 Occidua
2515 4010 2701 4067 Gallia
2748 4011 3141 4078 versaremur)
3191 4008 3259 4061 ad
3306 4006 3503 4074 ﬁnem,
3555 4018 3759 4076 quem‘

2112 4102 2427 4161 admodum
2462 4106 2523 4155 tu
2557 4097 2813 4165 voluisti,
2846 4095 3264 4168 perduximus:
3299 4098 3355 4148 et
3385 4110 3480 4149 eas
3522 4094 3757 4165 quidem

2110 4211 2179 4249 ex
2208 4193 2280 4248 iis
2308 4191 2447 4248 solis
2478 4190 2793 4256 confectas,
2827 4203 2954 4258 quis
2986 4184 3240 4241 Galenus
3285 4184 3755 4255 conscripsisset.

2110 4284 2317 4339 Verum
2370 4280 2465 4335 ubi
2523 4283 2584 4334 tu
2644 4278 2718 4333 iis
2765 4276 3021 4331 laudatis
3081 4274 3327 4329 alterum
3390 4272 3534 4327 mihi
3593 4271 3757 4329 labo-

2110 4389 2225 4427 rem
2275 4368 2618 4440 adjunxisti,
2653 4372 2716 4422 ut
2760 4363 3093 4437 perquisitis
3142 4361 3415 4418 omnibus
3465 4377 3592 4432 quas
3638 4377 3757 4417 me-

337 4480 455 4550 γεῖν
483 4476 525 4511 ⁵¹
560 4476 649 4529 καὶ
697 4475 870 4529 πάντα
923 4474 1022 4530 ὅσα
1052 4476 1385 4551 χρησιμεύει
1418 4477 1553 4550 πρὸς
1584 4477 1646 4531 τὸ
1679 4476 1808 4531 αὐτὸ
1837 4477 1996 4538 τέλος

2117 4462 2217 4517 iici
2270 4457 2737 4532 praestantissimi
2791 4455 3037 4509 maxime
3069 4455 3399 4525 opportuna
3456 4451 3755 4521 dixissent,

335 4569 439 4631 τῆς
486 4564 756 4639 ἰατρικῆς,
813 4564 902 4617 καὶ
973 4568 1134 4619 τοῦτο
1184 4565 1443 4638 πράττειν
1492 4566 1564 4627 ὡς
1615 4565 1732 4627 οἶός
1774 4566 1833 4621 τέ
1882 4565 1995 4638 εἶμι

336 4651 644 4726 προθύμως
696 4649 986 4728 διέγνωκα.
1045 4653 1307 4728 Περιττὸν
1349 4651 1407 4708 δὲ
1454 4653 1682 4726 νομίσας
1731 4656 1861 4709 εἶναι
1912 4654 2002 4709 καὶ

340 4739 624 4802 παντελῶς
669 4737 856 4811 εὔηθες
898 4742 960 4796 τὸ
1015 4740 1296 4821 ἐγγράφειν
1344 4743 1409 4796 τὰ
1443 4742 1574 4798 αὐτὰ
1603 4742 1875 4806 πολλάκις
1913 4744 2002 4799 καὶ

345 4834 459 4884 τῶν
506 4830 698 4903 ἄριστα
758 4832 1152 4906 συγγαψάντων
1213 4832 1300 4887 καὶ
1361 4835 1469 4888 τῶν
1533 4834 1609 4906 μὴ
1665 4834 1876 4907 ὁμοίως
1939 4834 2001 4889 τὸ

343 4913 566 4991 ἀκριϐὲς
618 4916 1063 4993 ἐξεργασαμένων
1120 4920 1189 4991 ⁵²,
1244 4918 1382 4991 μόνα
1411 4921 1480 4974 τὰ
1520 4924 1627 4974 τῶν
1672 4919 1892 4993 ἄμεινον
1924 4920 2000 4975 εἰ-

342 5007 562 5062 πόντων
614 5006 842 5079 συνάξω,
879 5004 1051 5079 μηδὶν
1094 5009 1166 5062 ὧν
1218 5006 1461 5078 Γαληνὸς
1509 5009 1627 5064 εἶπε
1657 5009 2001 5084 παραλιπὼν,

340 5094 534 5150 καθότι
582 5099 692 5149 τῶν
744 5099 1141 5172 συγγαψάντων
1212 5098 1462 5152 ἁπάντων
1532 5097 1606 5159 εἷς
1664 5099 1761 5160 τὰς
1837 5098 2002 5162 αὐτὰς

342 5179 626 5243 ὑποθέσεις
657 5180 817 5243 αὐτὸς
868 5188 1077 5256 κρατεῖ,
1115 5180 1371 5254 μεθόδοις
1409 5191 1497 5237 και
1530 5179 1839 5257 διορισμοῖς
1886 5189 2003 5244 τοῖς

2106 4556 2164 4606 et
2212 4563 2573 4621 quaecunque
2604 4548 2669 4601 ad
2709 4545 2980 4600 eumdem
3034 4542 3186 4597 hunc
3232 4539 3533 4596 medicinae
3579 4541 3754 4595 ﬁnem

2112 4641 2487 4713 pertinerent,
2518 4652 2705 4692 unum
2737 4634 2796 4688 in
2827 4634 3101 4689 volumen
3135 4631 3479 4703 redigerem.
3518 4630 3576 4683 ld
3611 4646 3755 4700 quo-

2112 4748 2223 4803 que
2272 4745 2377 4802 ego
2425 4743 2528 4799 pro
2567 4725 2720 4781 virili
2768 4732 2947 4793 parte,
3000 4727 3057 4777 et
3106 4725 3373 4792 prompto
3423 4719 3620 4775 animo
3672 4719 3752 4773 fa-

2110 4836 2239 4877 cere
2295 4816 2542 4874 decrevi.
2592 4816 3104 4885 Supervacaneum
3159 4810 3357 4880 igitur,
3406 4812 3464 4863 et
3516 4805 3753 4861 omnino

2110 4911 2373 4981 ineptum
2404 4906 2717 4963 arbitratus
2748 4902 2948 4958 eadem
2996 4914 3147 4969 saepe
3177 4897 3448 4965 scribere,
3481 4896 3597 4950 sive
3628 4911 3752 4981 quae

2113 5002 2184 5059 ab
2214 4980 2454 5070 optimis
2486 4993 2749 5061 medicis,
2782 4990 2901 5047 sive
2951 5005 3078 5061 quae
3126 4986 3199 5043 ab
3238 4985 3310 5040 iis
3360 4982 3459 5053 qui
3505 4998 3619 5037 non
3675 4980 3755 5036 ita

2112 5092 2422 5163 diligenter
2480 5102 2572 5140 res
2630 5083 3039 5145 tractaverunt,
3095 5076 3313 5145 scripta
3366 5070 3625 5163 fuerint-2
3685 5086 3754 5163 ea

2113 5158 2304 5239 solum
2361 5175 2654 5247 colligam,
2705 5186 2836 5243 quae
2905 5168 3071 5223 nobis
3129 5163 3494 5234 reliquerunt
3553 5159 3592 5213 ii
3650 5158 3752 5230 qui

1708 5292 1944 5348 VARIxE
1987 5291 2152 5348 LEC’I
2166 5286 2397 5345 IONES.

408 5399 452 5432 “
492 5396 901 5474 ἐξενηνεγμάνη
936 5405 1001 5454 A.
1087 5399 1132 5474 Ψ
1166 5397 1440 5474 συντελεῖν
1636 5400 1680 5474 ’⁸7
1724 5397 2071 5474 ἐπιτηδείως]
2106 5388 2606 5474 ἱωοέπιτηδείας.
2762 5381 3182 5474 εὐτερεπεσξέρακτ

340 5454 542 5527 bonus‘
568 5454 1016 5545 εὐτρεπέστέραν.
1095 5473 1139 5508 ⁴⁹
1164 5490 1224 5525 τε
1252 5477 1296 5526 Α
1327 5488 1340 5527 :
1374 5468 1438 5525 δά
1630 5473 1675 5507 ⁸ο
1706 5454 1781 5547 ο’]ν
1803 5454 1884 5547 οβ3

2242 5454 2598 5543 Ὀρειοάσιος.
2673 5460 2717 5496 ⁵¹
2743 5454 2990 5531 συνάγειν
3018 5454 3099 5529 ςζ

3225 5378 3308 5506 Ξ,
3340 5377 3494 5434 unde
3533 5376 3750 5433 Casau-

3281 5447 3635 5506 ογασαμένων
3666 5446 3747 5506 ς’.

3176 5453 3221 5488 ⁸³
3239 5446 3635 5527 ’ἐργασαμένων
3666 5446 3747 5519 ς.

1941 5580 2152 5638 ΝΟΤΑΕ

412 5674 528 5749 (23)
558 5674 647 5734 Its
677 5675 773 5734 hic
804 5676 1011 5736 titulus
1040 5677 1099 5734 in
1134 5676 1307 5735 editis
1336 5676 1549 5750 legitur
1574 5677 1761 5737 libris.
