4184 6212
417 358 525 416 711

1608 350 1871 412 PHOTII
1915 347 2446 409 PATRIARCHJE
2483 347 2602 408 GP.

3701 350 3820 412 712

415 492 636 548 caeteris
668 491 1077 564 praestiterunt,
1109 487 1256 543 nihil
1302 503 1501 543 eorum
1547 486 1893 551 omittendo,
1927 500 2056 556 quae

2175 477 2578 555 ἀκριϐεστάτοις
2643 483 2955 557 χρώμενος,
3025 484 3114 537 ἅτε
3188 486 3305 544 ταῖς
3391 483 3823 559 Ἰπποκρατείοις

422 580 675 637 Galenus
725 580 968 644 dixerit;
1016 578 1063 632 si
1110 576 1345 647 quidem
1397 577 1638 641 cmteris,
1681 575 1781 647 qui
1829 575 2062 630 easdem

416 688 506 726 res
567 672 1085 740 per-tractaverunt,
1137 666 1357 737 optima
1415 667 1558 735 ipse,
1612 670 1668 721 et
1715 667 1806 720 via
1855 681 1920 720 ac
1969 682 2062 719 ra-

417 763 590 825 tione,
624 764 680 814 et
710 759 1084 813 distinctione
1117 757 1401 823 adhibita,
1437 757 1707 812 omnibus
1750 755 2060 825 antecellit,

413 854 475 904 ut
533 848 632 920 qui
694 846 979 918 principia
1031 851 1087 901 et
1138 848 1292 899 174
1344 846 1416 915 (b)
1468 844 1789 899 sententias
1845 844 2060 915 Hippo-

412 940 586 994 cratis
641 938 877 992 assidue
936 940 1321 991 consectetur.
1372 935 1489 1006 Ego
1538 951 1671 989 vero
1721 933 1814 989 hic
1864 934 2063 1003 hujus-

413 1028 566 1082 modi
632 1030 761 1080 utar
808 1026 1028 1080 ordine.
1079 1024 1349 1095 Inprimis
1400 1023 1671 1093 colligam
1714 1038 1781 1077 ea
1813 1038 1938 1094 quae
1989 1023 2059 1076 ad

410 1120 632 1185 partem
688 1112 1038 1169 malerialem
1099 1117 1384 1184 spectant,
1418 1110 1627 1166 deinde
1676 1128 1802 1181 quis
1852 1112 1922 1165 de
1968 1110 2062 1165 ho-

410 1203 589 1257 minis
647 1208 852 1257 natura
912 1206 1084 1272 atque
1143 1201 1357 1255 fabrica
1407 1198 1560 1254 dicta
1610 1210 1776 1265 sunt;
1823 1206 1941 1253 tum
1993 1199 2061 1253 de

2174 573 2372 645 ἀρχαῖς
2421 571 2507 624 καὶ
2561 569 2729 642 δίξαις
2783 571 3181 642 ἐξακολουθῶν.
3243 574 3537 646 Χρησομαι
3590 570 3646 628 δὲ
3694 575 3822 629 κᾶν·

2166 663 2333 714 ταῦθα
2378 661 2602 734 τοιαύτῃ
2667 660 2830 730 τάξει.
2897 666 3117 733 Πρῶτον
3183 662 3277 734 μὶν
3340 660 3547 731 συνάξω
3603 662 3669 716 τὰ
3724 668 3822 718 τοῦ

2172 750 2364 805 ὑλικοῖι
2402 750 2622 823 μέρους,
2652 753 2767 806 εἶτα
2798 750 2895 805 ὅσα
2934 752 3057 823 περί
3100 750 3309 830 φύσεως
3352 753 3440 807 καὶ
3488 760 3825 823 κατασκευῆς

2172 837 2381 915 εἴρηται
2442 841 2753 914 ἀνθρώπου,
2791 843 2906 913 μεθ’
2940 842 2972 893 ἅ
3026 841 3092 894 τὰ
3145 848 3244 911 τῆς
3298 842 3535 916 ὑγιεινῆς
3572 842 3664 896 καὶ
3696 843 3824 898 ἀνα-

2172 928 2448 999 ληπτικῆς
2490 929 2882 1004 πραγματείας,
2948 931 3081 1003 μετὰ
3111 935 3276 985 ταῦτα
3308 930 3404 985 ὅσα
3452 938 3552 999 τῆς
3595 929 3826 1007 διαγνῶ-

2172 1026 2361 1088 στικῆς
2410 1021 2495 1073 καὶ
2540 1026 2960 1094 προγνωστικῆς
3014 1015 3195 1095 ἔχεται
3257 1020 3504 1096 θεωρίας,
3532 1018 3610 1097 ἐφ’
3644 1025 3725 1082 οἷς
3757 1023 3823 1077 τὰ

2170 1109 2291 1182 περὶ
2335 1109 2654 1179 νοσημάτων
2696 1107 2785 1161 καὶ
2820 1109 3243 1179 συμπτωμάτων
3283 1110 3370 1161 καὶ
3406 1106 3553 1169 ὅλως
3593 1115 3692 1177 τῆς
3712 1114 3823 1163 τῶν

2170 1197 2313 1269 παρὰ
2344 1197 2501 1273 φύσιν
2534 1196 2975 1271 ἐπανορθώσεως,
3012 1220 3039 1247 ››

406 1295 621 1349 tuenda
679 1295 946 1359 sanitate,
1000 1299 1055 1347 et
1105 1291 1434 1347 reficiendis
1494 1290 1836 1361 corporibus
1891 1296 2129 1360 agetur:
2164 1288 2378 1358 quibus
2428 1291 2705 1346 confectis
2754 1291 2963 1345 addam
3017 1307 3143 1361 qua:
3189 1290 3261 1344 ad
3310 1289 3714 1362 dignotionem
3769 1293 3826 1347 et

409 1384 823 1457 praenotionem
870 1385 1198 1454 pertinent:
1250 1382 1321 1436 ad
1373 1381 1515 1447 haec,
1566 1398 1688 1450 quae
1739 1381 1808 1434 de
1860 1378 2076 1434 morbis
2125 1377 2311 1448 deque
2360 1381 2769 1450 symptomatis
2818 1384 2953 1435 sunt
3005 1381 3302 1446 accedent,
3358 1384 3413 1435 et
3462 1380 3710 1450 denique
3758 1398 3827 1437 ea

409 1492 532 1546 quae
567 1473 754 1527 valent
785 1473 855 1527 ad
891 1472 1297 1541 corrigendum
1332 1487 1417 1539 ea,
1454 1486 1577 1539 quae
1612 1474 1817 1538 preter
1848 1473 2121 1523 naturam
2149 1471 2305 1535 sunt,
2340 1469 2798 1525 adhibebuntur.
2832 1492 2860 1519 »

480 1564 597 1619 Hoc
655 1563 835 1633 igitur
891 1562 1260 1633 proloquium
1321 1559 1559 1615 secundi
1620 1560 1835 1629 operis,
1890 1559 2059 1627 cujus

410 1652 672 1724 (perinde
721 1668 785 1705 ac
846 1650 1249 1721 praecedentis)
1300 1649 1369 1703 ab
1424 1666 1488 1703 eo
1541 1652 1889 1718 argumento
1950 1647 2061 1700 du-

411 1742 561 1797 citur
591 1741 849 1806 initium,
884 1741 1036 1810 quod
1089 1739 1500 1793 alimentorum
1535 1736 1703 1792 nobis
1754 1736 2061 1791 facultates

412 1830 668 1902 exponit.
724 1830 1105 1900 Septuaginta
1164 1844 1296 1883 vero
1342 1828 1454 1897 (24)
1508 1826 1693 1893 libris,
1731 1843 1854 1897 quae
1906 1842 2058 1879 rece-

2244 1557 2328 1616 Ἐς
2357 1560 2601 1610 τοιοῦτον
2649 1556 2742 1629 μὲν
2775 1558 2941 1611 τύπον
2987 1558 3073 1610 καὶ
3109 1560 3143 1626 ἡ
3197 1554 3417 1630 δευτέρα
3471 1558 3827 1632 προοιμιάζε-

2169 1666 2256 1699 ται
2305 1646 2673 1721 πραγματεία,
2732 1646 2825 1700 ἀπ’
2881 1645 3092 1715 ἐκείνης
3145 1646 3433 1720 ἀρχομένη
3492 1654 3595 1715 τῆς
3630 1649 3827 1703 ὑποθέ-

2173 1756 2331 1804 σεως,
2363 1737 2605 1809 καθάπερ
2637 1735 2724 1790 καὶ
2776 1737 2809 1802 ἡ
2860 1737 2967 1809 πρὸ
3024 1736 3214 1804 αὐτῆς,
3246 1738 3280 1805 ἣ
3310 1758 3391 1797 τις
3431 1738 3525 1799 τὰς
3586 1736 3637 1792 ἐν
3696 1758 3829 1811 τρο-

2172 1831 2296 1901 φαῖς
2358 1821 2612 1898 δυνάμεις
2664 1823 3029 1880 ἀναδιδάσκει.
3101 1828 3223 1899 [287
3261 1828 3354 1897 Η.]
3386 1825 3439 1881 ἐν
3472 1833 3513 1880 o'
3544 1824 3600 1882 δὲ
3631 1825 3825 1902 λόγοις

415 1924 597 1992 perat,
678 1924 1008 1990 pertractat.
1090 1917 1245 1988 Opus
1319 1916 1609 1987 equidem,
1671 1919 1735 1969 ut
1805 1919 2060 1985 tempore

2175 1911 2415 1983 διέξεισιν
2470 1913 2503 1967 ’ἀ
2553 1913 2974 1991 ἐπαγγέλλεται.
3038 1915 3134 1968 Καὶ
3196 1912 3414 1988 δευτέρα
3448 1916 3541 1988 μέν
3579 1915 3691 1971 ἐστι
3747 1923 3829 1989 τῷ

414 2009 728 2080 posterius,
764 2009 844 2063 ita
897 2008 1149 2061 utilitate
1202 2007 1382 2077 prius.
1416 2006 1616 2077 Neque
1664 2004 1834 2059 enim‘
1861 2020 1927 2059 ea
1968 2020 2059 2058 so-

417 2100 561 2167 lum,
615 2115 740 2167 quae
792 2096 1044 2152 Galenus
1090 2101 1242 2151 recte
1292 2095 1616 2149 litterarum
1665 2092 2061 2148 monumentis

416 2186 764 2255 prodiderat,
814 2184 1089 2251 continet,
1139 2185 1239 2238 sed
1272 2184 1445 2238 etiam
1480 2200 1599 2253 quae
1634 2184 1703 2238 ab
1745 2182 1872 2253 ipso
1919 2198 2061 2252 prae-

424 2276 695 2331 termissa
727 2274 823 2329 alii
855 2275 1136 2328 discenda
1169 2278 1616 2344 proposuerunt.
1648 2275 1725 2326 Ac
1761 2272 1901 2326 mihi
1933 2272 2061 2343 qui-

411 2365 541 2419 dem
601 2380 739 2418 sane
798 2362 957 2417 utilis
1017 2362 1111 2416 hic
1168 2361 1333 2415 labor
1394 2362 1642 2425 videtur,
1702 2360 1751 2414 si
1794 2377 1905 2415 non
1960 2377 2063 2416 cae-

420 2453 561 2507 teris
593 2452 891 2518 omnibus,
924 2454 1209 2522 quotquot
1240 2450 1295 2503 in
1332 2450 1563 2505 medicae
1595 2451 1734 2504 artis
1775 2466 1946 2503 usum
1977 2455 2062 2504 at-

420 2557 532 2612 que
588 2539 1139 2610 contemplationem
1198 2539 1476 2593 hactenus
1530 2537 1717 2593 collati
1775 2546 1955 2605 sunt;
2009 2542 2067 2592 at

418 2638 569 2684 certe
610 2646 723 2699 prie
776 2628 1086 2699 plurimis;
1125 2628 1299 2697 idque
1346 2628 1435 2682 vel
1484 2645 1549 2683 eo
1600 2628 1856 2696 nomine,
1910 2628 2063 2699 quod

420 2736 534 2773 non
590 2719 895 2788 perspicue
943 2722 1169 2771 tantum
1223 2734 1326 2771 sua
1372 2718 1584 2785 tradat,
1623 2717 1879 2787 nihilque
1931 2733 2068 2788 prae-

424 2808 729 2875 termittat,
780 2807 879 2861 sed
940 2822 1136 2861 eorum
1197 2807 1375 2861 etiam
1434 2824 1559 2877 qua:
1617 2807 1909 2878 congessit
1958 2806 2069 2877 ple-

423 2913 603 2968 raque
634 2896 809 2951 variis
839 2894 1081 2951 vocibus
1112 2896 1443 2951 efferantur.
1478 2895 1639 2951 Unde
1671 2897 1718 2951 si
1751 2897 1892 2967 quid
1926 2897 2069 2951 forte

419 2985 728 3042 obscurius
788 2984 882 3039 hic
940 2989 1029 3039 est
1081 2985 1150 3039 ab
1210 2984 1404 3055 aliquo
1461 2983 1772 3056 prolatum,
1821 2986 1878 3039 id
1940 3002 2069 3040 mox

421 3096 521 3149 per
573 3076 819 3132 aliorum
871 3076 1312 3147 explicationem
1366 3077 1713 3132 declaratur.
1765 3080 1949 3143 Quare
1988 3079 2058 3132 ad

422 3166 720 3221 medicinae
772 3165 1027 3220 studium
1075 3182 1200 3220 sese
1231 3166 1664 3236 applicantibus
1709 3172 1908 3221 auctor
1952 3184 2055 3237 ego

2170 2002 2380 2075 χρόνῳ,
2422 2006 2736 2076 προτερεύει
2769 1999 2825 2055 δὲ
2880 2007 2948 2075 τῇ
2985 2001 3145 2077 χρείᾳ
3184 2002 3275 2057 ἅτε
3304 2004 3378 2074 μή
3416 2001 3555 2075 μόνα
3585 2002 3685 2058 ὅσα
3714 2010 3829 2058 Γα-

2171 2089 2339 2159 ληνὸς
2380 2091 2557 2164 ὀρθῶς
2608 2086 2811 2166 ἔγραψε
2865 2094 3221 2169 περιέχουσα,
3252 2090 3397 2145 ἀλλὰ
3422 2092 3510 2146 καὶ
3551 2091 3649 2146 ὅσα
3682 2093 3829 2165 αὐτῷ

2174 2181 2268 2252 μὲν
2302 2186 2573 2254 παρεῖται,
2609 2179 2804 2242 ἄλλοις
2837 2179 2893 2235 δὲ
2935 2181 3010 2243 εἷς
3053 2178 3403 2236 διδασκαλίαν
3460 2183 3824 2257 προτέθειται.

2175 2270 2274 2325 Καὶ
2307 2271 2369 2345 γέ
2404 2291 2495 2342 μοι
2530 2267 2674 2324 δοκῶ
2703 2271 2751 2305 ⁵³
2782 2270 3141 2345 χρησιμεύειν
3172 2272 3270 2337 τὴν
3318 2269 3558 2339 σπουδὴν
3596 2271 3826 2343 ταύτην,

2167 2356 2257 2411 ’ίνα
2293 2360 2367 2430 μὴ
2430 2356 2603 2433 λέγων
2663 2364 2848 2413 πασῶν
2906 2363 3013 2413 τῶν
3061 2356 3248 2413 ἄλλων
3282 2357 3403 2414 ὅσαι
3454 2360 3530 2419 εἰς
3578 2360 3831 2436 ἰατρικὴν

2174 2448 2363 2521 χρείαν
2412 2469 2469 2501 τε
2508 2448 2597 2502 καὶ
2657 2448 2885 2522 θεωρίαν
2956 2443 3367 2518 κατεϐλήθησαν
3434 2457 3828 2523 πραγματεῖαι,

2174 2535 2318 2591 ἀλλὰ
2349 2537 2567 2601 πάντως
2595 2558 2653 2612 γε
2693 2542 2798 2591 τῶν
2832 2535 3103 2591 πλειόνων
3142 2538 3221 2608 τῷ
3253 2558 3310 2591 τε
3355 2543 3538 2615 σαφῶς
3570 2541 3615 2574 ³⁸
3645 2541 3824 2614 ἀπηγ-

2175 2625 2370 2702 γέλθαι
2426 2627 2491 2680 τὰ
2534 2626 2947 2702 ἀπηγγελμένα,
2983 2626 3071 2681 καὶ
3125 2630 3203 2697 τῷ
3256 2624 3425 2700 μηδὲν
3472 2627 3825 2702 παραλιπεῖν,

2174 2716 2370 2788 καὶτῷ
2403 2723 2610 2792 φωυαῖς
2664 2715 2946 2795 διαφόροις
2996 2716 3062 2771 τὰ
3109 2716 3285 2772 πλείω
3323 2722 3432 2772 τῶν
3474 2724 3833 2794 συντεταγμὲ-

2174 2826 2276 2859 νων
2310 2807 2562 2878 ῥηθῆναι,
2597 2809 2645 2875 ἐξ
2679 2808 2751 2860 ὧν
2784 2806 2874 2860 καὶ
2906 2804 2958 2860 εἷ’
2993 2827 3043 2861 τι
3094 2805 3293 2883 ἀσαφὲς
3345 2805 3397 2861 ἐν
3445 2807 3657 2868 τούτοις
3701 2830 3825 2862 συν-

2175 2890 2272 2964 έϐη
2307 2896 2411 2948 τινὶ
2470 2896 2724 2969 ῥηθῆναι,
2766 2892 2854 2950 διὰ
2900 2902 3000 2965 τῆς
3040 2895 3223 2951 ἄλλων
3252 2898 3298 2932 ⁵⁵
3348 2897 3685 2967 ἄναπτύξεως
3732 2917 3830 2950 σας

2177 2985 2477 3062 φηνίζεται.
2530 2985 2626 3041 Καὶ
2676 2989 2756 3057 τῷ
2794 3007 2857 3060 γε
2900 2986 3150 3060 ἰατρικὴν
3186 2987 3424 3059 μετιόντι
3455 2988 3592 3041 κατὰ
3631 3008 3834 3059 ταυτην

2175 3074 2345 3149 ἔγωγε
2383 3076 2767 3148 παραινέσαιμ’
2825 3074 2883 3129 ἂν
2939 3076 3037 3144 τὴν
3071 3076 3117 3112 ⁸⁸
3169 3076 3539 3151 πραγματείαν
3577 3078 3677 3145 τήν
3712 3074 3831 3131 δια-

2166 3161 2359 3239 τριϐὴν
2394 3165 2474 3219 δτι
2512 3165 2751 3236 μάλιστα
2782 3168 3077 3223 ποιεῖσθαι.
3118 3164 3297 3222 Ἀλλὰ
3352 3167 3577 3237 τοιαύτη
3618 3168 3713 3239 μὲν
3740 3171 3833 3222 καὶ

415 3256 546 3322 sim,
597 3261 657 3309 ut
717 3255 825 3309 hoc
885 3255 1246 3325 potissimum
1304 3270 1449 3323 Opus
1511 3255 1745 3311 assidue
1801 3261 2051 3313 versent.

2175 3257 2200 3322 ἡ
2245 3252 2464 3329 δευτέρα
2496 3249 2817 3328 Ὀρειϐασίῳ
2848 3257 2889 3290 ⁵⁷
2941 3256 3039 3323 τῆς
3090 3254 3334 3328 ἰατρικῆς
3390 3257 3837 3333 μεταχειρήσεώς

415 3350 603 3415 Atque
648 3343 986 3413 bujusmodi
1039 3343 1275 3414 quidem
1332 3343 1580 3398 Oribasii
1629 3343 1807 3399 altera
1850 3344 1952 3399 illa
1978 3350 2067 3401 est

417 3435 653 3488 medicae
686 3432 1042 3487 tractationis
1075 3437 1131 3487 et
1162 3432 1674 3503 contemplationis
1708 3432 1989 3488 collectio.

1093 3520 1383 3576 CCXVIII.

698 3613 954 3681 Ejusdem
987 3612 1304 3682 Compendii
1333 3611 1401 3666 ad
1432 3613 1778 3667 Eustathium

1018 3684 1203 3753 ﬁlium
1235 3685 1367 3738 libri
1399 3699 1453 3738 ι.

484 3773 742 3829 Tertium
792 3772 928 3827 item
981 3773 1053 3827 ab
1104 3773 1307 3828 eodem
1360 3778 1449 3829 est
1479 3773 1837 3828 elaboratum
1892 3791 2062 3846 opus,

418 3871 477 3918 ut
536 3863 783 3933 ipsemet
836 3862 893 3916 in
954 3863 1229 3932 procemio
1291 3868 1548 3918 testatur.
1596 3864 1846 3919 Secundi
1903 3864 2063 3919 illius

416 3950 861 4021 Compendium,
908 3951 1209 4005 Eustathio
1260 3950 1378 4006 tilio
1440 3951 1805 4023 inscriptum,
1866 3970 1930 4007 ac
1988 3954 2066 4007 li-

419 4042 535 4096 bris
584 4056 787 4095 novem
840 4040 1200 4107 distinctum,
1231 4041 1443 4111 quibus
1470 4059 1536 4096 ea
1570 4043 1902 4097 morborum
1951 4059 2064 4097 me-

418 4131 747 4185 dicamenta
801 4134 1229 4200 proponuntur,
1283 4147 1411 4201 quae
1460 4132 1650 4201 parari
1712 4132 1876 4186 facile
1937 4149 2064 4199 pos-

416 4221 560 4288 sint,
622 4220 677 4273 in
748 4224 1134 4290 promptuque
1205 4218 1343 4275 sint.
1403 4220 1682 4276 Caeterum
1756 4222 2057 4292 chirurgiae

418 4308 665 4379 speciem
716 4323 945 4362 omnem
1001 4308 1156 4362 hisce
1206 4307 1578 4365 collectaneis
1638 4310 1869 4381 penitus
1918 4328 2057 4380 prae-

416 4396 685 4452 termisit.
723 4396 915 4463 Itaque
960 4396 1105 4449 liber
1154 4396 1245 4451 hic
1296 4401 1633 4454 memoriam
1666 4399 1967 4455 excitando
2000 4401 2055 4454 in

414 4486 482 4539 iis
514 4484 612 4554 qui
648 4485 704 4537 in
741 4485 979 4539 medicae
1026 4486 1168 4540 artis
1216 4488 1625 4543 exercitatione
1679 4505 1744 4543 ac
1796 4487 2057 4558 specula-

2171 3364 2228 3397 τε
2260 3343 2346 3397 καὶ
2380 3344 2642 3416 θεωραίας
2677 3346 2987 3419 συναγωγή.

2920 3527 3075 3585 ΣΙΗ’.

2245 3619 2356 3673 Τοῦ
2407 3616 2571 3670 αὐτοῦ
2605 3615 2880 3687 Συντομία
2931 3623 3029 3684 τῆς
3077 3613 3327 3687 δευτέρας
3378 3618 3760 3740 Πραγματείας

2446 3687 2581 3740 πρὸς
2613 3688 2907 3740 Εὐστάθιον
2940 3688 3075 3740 υἱὸν.
3110 3687 3163 3740 ἐς
3204 3686 3395 3740 λόγοις
3448 3689 3479 3740 ’.

2446 3687 2581 3761 πρὸς
2613 3686 2907 3742 Εὐστάθιον
2940 3688 3075 3757 υἱὸν,
3110 3687 3163 3747 ἐς
3204 3686 3395 3762 λόγοις
3416 3686 3458 3740 θ’

2242 3775 2411 3851 Τρίτη
2448 3774 2504 3831 δὲ
2544 3777 2689 3848 αὐτῷ
2738 3774 3176 3842 διεσπούδασται,
3220 3776 3294 3836 ὡς
3337 3775 3427 3830 καί
3475 3776 3634 3838 αὐτὸς
3684 3776 3828 3832 ἐκεῖ·

2170 3885 2257 3926 νος
2297 3867 2797 3938 προοιμιαζόμενος
2843 3863 3015 3940 λέγει,
3072 3866 3364 3936 συντομίαν
3404 3864 3550 3937 αύτῷ
3577 3872 3674 3933 τῆς
3708 3862 3831 3919 δευ-

2169 3954 2325 4028 τέρας
2372 3956 2705 4029 περιέχουσα
2747 3952 3147 4028 πραγματείας.
3197 3953 3476 4025 Εύσταθίῳ
3524 3951 3580 4008 δὲ
3625 3959 3706 4026 τῷ
3727 3956 3834 4026 υἱῷ

2169 4044 2230 4098 τὸ
2265 4039 2482 4119 βιϐλίον
2519 4046 2804 4119 ἀναφωνεῖ,
2836 4045 2878 4106 θ’
2905 4041 3236 4118 διῃρημένον
3268 4042 3480 4119 λόγοις,
3514 4044 3565 4098 ἐν
3597 4045 3684 4106 οἷς
3716 4043 3832 4098 ἐστι

2169 4138 2276 4188 τῶν
2310 4135 2492 4188 παθῶν
2529 4133 2749 4205 ἰάματα,
2781 4133 2881 4187 ’ὀσα
2920 4134 2979 4187 τὸ
3034 4131 3350 4205 εὐπόριστον
3401 4133 3490 4187 καὶ
3530 4132 3829 4208 πρόχειρον

2174 4222 2477 4277 ὑποτίθεται
2522 4265 2534 4277 .
2595 4222 2656 4277 τὸ
2719 4222 2903 4295 μέντοι
2954 4223 3301 4297 χειρουγικὸν
3351 4219 3496 4285 εἶδος
3550 4221 3835 4284 παντελῶς

2168 4311 2316 4382 αὐτῷ
2377 4313 2510 4366 κατὰ
2564 4311 2763 4381 ταύτην
2822 4315 2920 4382 τήν
2990 4314 3305 4386 συναγωγήν
3356 4316 3627 4387 παρεῖται.
3695 4314 3828 4383 [560

2166 4402 2254 4472 Η.]
2290 4402 2440 4457 Ἔστι
2491 4398 2548 4455 δὲ
2598 4402 2660 4455 τὸ
2706 4400 2875 4474 παρὸν
2921 4395 3137 4475 βιϐλίον
3192 4401 3327 4474 πρὸς
3383 4401 3477 4472 μὲν
3528 4398 3829 4471 ἀνάμνησιν

2164 4496 2280 4553 τοῖς
2330 4491 2463 4544 κατὰ
2510 4491 2604 4551 τὰς
2655 4490 2896 4566 impne;
2942 4490 3161 4564 πράξεις
3203 4510 3262 4544 τε
3311 4489 3397 4543 καὶ
3440 4489 3669 4563 θεωρίας
3706 4510 3834 4543 συν-

416 4576 571 4629 tione
611 4576 728 4645 jam
783 4576 988 4629 versati
1038 4582 1194 4642 sunt,
1247 4593 1359 4631 non
1415 4579 1701 4633 modicam
1754 4579 1913 4634 affert
1964 4583 2060 4633 aut

2175 4577 2508 4652 ησκημένοις
2541 4579 2601 4634 οὐ
2635 4579 2847 4655 φαύλην
2890 4579 3131 4657 παρέχον
3171 4580 3270 4646 τὴν
3314 4577 3524 4653 χρείαν,
3561 4578 3651 4633 καὶ
3688 4577 3833 4650 μᾶλ-

418 4683 624 4737 parum
662 4674 986 4737 promptam
1023 4666 1351 4723 utilitatem.
1384 4668 1461 4723 Iis
1494 4670 1650 4735 item,
1684 4670 1781 4740 qui
1814 4670 2063 4741 primum

416 4756 485 4810 ad
537 4756 679 4810 artis
729 4756 903 4826 hujus
953 4757 1341 4827 cognitionem
1389 4758 1495 4813 hoc
1547 4759 1891 4830 compendio
1938 4776 2063 4827 per-

416 4845 612 4900 venire
662 4860 723 4899 se
772 4861 940 4915 posse
990 4850 1244 4916 sperant,
1300 4846 1549 4901 dicerem
1603 4848 1755 4902 brevi
1806 4853 2063 4918 tempore

420 4952 536 4992 non
600 4934 889 4990 modicum
954 4934 1268 4990 allaturum
1330 4937 1653 4993 utilitatis:
1704 4939 1818 4994 nisi
1874 4957 1940 4994 ex
1999 4956 2062 4997 eo

420 5026 573 5096 quod
626 5026 899 5082 methodo
948 5032 1160 5094 careat,
1211 5031 1266 5082 et
1314 5027 1454 5082 nihil
1507 5030 1746 5085 definite
1804 5048 2061 5102 pronun-

414 5115 537 5184 tiet,
599 5116 875 5186 quosdam
955 5131 1130 5186 parva
1202 5132 1393 5171 rerum
1462 5116 1669 5174 barum
1743 5119 2060 5176 instructos

2175 4668 2271 4724 λον
2324 4669 2643 4744 πρόχειρον’
2704 4674 2822 4730 τοῖς
2873 4666 2914 4723 δ’
2960 4668 3018 4723 ἐκ
3070 4669 3302 4744 πρώτων
3355 4667 3429 4729 είς
3466 4667 3703 4739 μάθησιν
3732 4670 3836 4736 τῆς

2170 4760 2373 4833 τέχνης
2414 4755 2502 4811 διὰ
2547 4756 2714 4827 τῆσδε
2751 4762 2851 4823 τῆς
2896 4758 3169 4831 συνόψεως
3215 4756 3389 4812 ἐλθεῖν
3420 4756 3723 4826 ἠλπικόσιν
3758 4758 3833 4811 εἷ-

2171 4869 2270 4902 πον
2304 4846 2365 4903 ἃν
2415 4849 2489 4910 ὡς
2541 4846 2621 4901 ἐπ’
2667 4847 2855 4923 ἀλίγον
2906 4846 2991 4917 εἷή
3032 4848 3094 4903 τὸ
3146 4845 3426 4908 λυσιτελὲς
3466 4846 3731 4924 παρέχον,
3786 4846 3834 4900 εί

2177 4940 2250 5011 μή
2300 4939 2362 4993 τὸ
2406 4938 2523 4992 κατ’
2554 4936 2716 5005 αὐτὴν
2770 4935 3032 5009 ὀμέθοδόν
3080 4957 3137 4991 τε
3166 4937 3216 4971 ⁵⁸
3261 4936 3351 4990 καὶ
3395 4932 3829 5011 ἀπροσδοριστον

2172 5028 2297 5090 τοὺς
2345 5028 2695 5103 ἀπειρότερον
2754 5029 2877 5102 περὶ
2924 5032 3088 5082 ταῦτα
3143 5023 3518 5099 διακειμένους
3560 5026 3648 5079 καὶ
3683 5026 3830 5079 ἑτοι-

2174 5118 2399 5192 μότερον
2447 5118 2582 5192 πρὸς
2640 5118 2737 5179 τὰς
2796 5118 3077 5190 θεραπείας
3136 5120 3451 5192 χωροῦντας
3495 5114 3571 5176 εἷς
3602 5115 3698 5176 τὰς
3733 5134 3834 5187 με-

1764 5235 2015 5291 VARI/E
2052 5234 2466 5293 LECTIONES.

486 5333 1358 5419 280356;].fort-asselegendum
1386 5336 1553 5394 δοκεῖ.
1632 5341 1676 5375 ⁸⁵
1710 5340 1871 5419 σαφές
1926 5341 2008 5413 ς’.
2085 5343 2129 5382 ⁸⁸
2176 5338 2387 5412 ἄλλων]
2430 5343 2537 5394 τῶν
2608 5337 2793 5395 ἄλλων
2836 5358 2914 5398 rc.
2973 5347 3042 5399 Δ.

416 5408 458 5441 ⁵⁷
501 5403 828 5481 Ὀριϐαᾶίων
858 5411 923 5464 Α.
1002 5410 1044 5444 ⁸⁸
1073 5403 1132 5463 τῖ
1164 5412 1297 5468 add.
1331 5414 1398 5467 Α.

3120 5340 3169 5374 55
3196 5340 3297 5408 τὴν
3330 5344 3463 5413 post
3494 5338 3554 5393 ἂν
3588 5337 3723 5395 add.
3758 5343 3827 5393 Α.

2012 5520 2241 5576 NOTAE.

490 5625 602 5703 (24)
660 5626 913 5690 Quorum
967 5624 1139 5680 hodie
1196 5630 1610 5699 septemdecim
1666 5636 1892 5686 tantum
1953 5629 2152 5685 Latine
2204 5631 2451 5698 exstant,
2498 5630 2687 5702 primo
2735 5646 2967 5703 quoque
3014 5646 3079 5686 eo
3126 5628 3439 5699 volumine,
3488 5630 3553 5683 ut
3598 5626 3829 5699 opinor,

421 5697 657 5754 amisso.
