4198 6216
347 328 463 387 713

1429 333 1977 398 BIBLIO'I‘HECA.
2023 373 2097 388 —-
2146 343 2320 404 COD.
2367 344 2675 410 CCXVIII.

3639 360 3754 422 7H

348 465 536 540 γίστας
591 459 801 541 βλάϐας
859 471 966 521 τῶν
1000 466 1341 540 καμνόντων,
1377 469 1483 526 ἔσθ’
1515 472 1605 527 ’ὀτε
1646 470 1702 527 δὲ
1742 474 1831 528 καὶ
1877 480 1985 529 τῶν

2113 482 2480 554 experientia,
2527 487 2673 544 I75
2727 488 2798 556 (a)
2849 495 2898 543 et
2950 505 3114 561 aequo
3166 494 3361 547 tamen
3426 497 3754 566 promptius

346 553 728 630 ὑγιαινόντων,
761 554 846 610 ἐπ’
875 554 1050 610 αὐτῶν
1084 560 1194 612 τῶν
1239 555 1410 636 ἓργων
1451 558 1595 616 εἶδον
1647 563 1997 636 συνωθουμέ-

339 665 488 706 νους.
535 643 688 713 Πλήν
727 641 858 698 ἀλλ’
888 639 940 699 ἔν
991 667 1052 720 γε
1100 651 1218 708 τοῖς
1251 647 1561 723 εἰρημένοις
1595 649 1780 726 λόγοις
1807 654 1854 706 θ’
1886 658 1992 709 τῶν

345 737 387 791 ο’
423 730 663 810 βιϐλίων
703 736 805 805 τὴν
839 735 1063 810 σύνοψιν
1089 740 1432 817 περιγράφει.

420 1003 524 1060 Καὶ
577 1001 627 1056 ἐν
687 1003 782 1075 μὲν
830 1007 908 1075 τῷ
955 1004 1001 1057 α’
1047 999 1405 1078 διαλαμϐάνει
1457 1008 1576 1083 περί
1625 1029 1682 1063 τε
1730 1013 1831 1079 τῆς
1861 1012 1998 1067 κατά

342 1093 412 1146 τὰ
467 1091 741 1168 γυμνάσια
781 1091 1144 1167 προφυλακῆς
1201 1097 1290 1150 καὶ
1342 1093 1516 1150 αὒτῶν
1572 1101 1680 1152 τῶν
1711 1100 1760 1134 ⁵9
1798 1121 1997 1175 γυμνα-

344 1180 498 1248 σίων,
548 1181 828 1236 κενώσεών
880 1203 938 1237 τε
987 1183 1229 1239 καθόλου
1281 1185 1370 1240 καὶ
1413 1185 1500 1240 ἐπὶ
1553 1186 1772 1262 μέρους,
1802 1193 1908 1243 τῶν
1937 1211 1995 1245 τε

345 1268 421 1324 δι’
471 1269 715 1333 ἐπινοίας
755 1272 842 1325 καὶ
899 1270 1041 1327 ὅσων
1071 1275 1106 1342 ἠ
1160 1274 1314 1350 φύσις
1358 1277 1535 1349 κυρία·
1569 1276 1692 1351 περί
1729 1298 1784 1332 τε
1824 1278 1994 1354 ἀέρων

342 1361 436 1414 καὶ
500 1357 770 1431 λουτρῶν,
819 1361 1109 1436 αὐτοφυῶν
1160 1383 1218 1417 τε
1264 1363 1490 1418 καὶτῶν
1539 1365 1597 1418 ἐκ
1641 1367 1862 1441 τέχνης·
1906 1369 1995 1422 καὶ

345 1447 474 1522 περί
520 1445 788 1524 ἱδρώτων,
837 1449 923 1503 ναὶ
962 1450 1011 1485 ⁶⁰
1063 1447 1128 1520 δὴ
1181 1452 1271 1506 καὶ
1318 1451 1442 1526 περὶ
1492 1453 1993 1529 καταπλασμάτων,

340 1537 470 1612 περί
516 1558 574 1592 τε
621 1544 722 1606 τῆς
756 1537 830 1600 εἷς
876 1535 1060 1594 ἔλαιον
1113 1540 1202 1593 καὶ
1258 1537 1540 1614 ὑδρέλαιον
1573 1538 1872 1615 έμϐάσεως,
1907 1545 1996 1599 καὶ

338 1627 443 1682 ’ὃσα
496 1626 558 1681 τὸ
616 1624 792 1703 δέρμα
841 1625 1101 1684 δάκνοντα
1148 1631 1183 1700 ἢ
1234 1626 1422 1694 ἄλλως
1466 1628 1830 1709 διαφοροῦντα
1882 1637 1991 1689 τῶν

340 1715 715 1792 χρονιζόντων
766 1720 951 1772 παθῶν
1029 1719 1128 1787 τὴν
1211 1724 1724 1796 μετασυγκριτικὴν,
1783 1723 1858 1785 ὡς
1932 1723 1991 1778 ἂν

343 1802 642 1879 μεθοδικὸς
668 1807 712 1842 ⁶¹
746 1807 876 1884 φαίη
910 1807 1066 1882 ἀνήρ,
1100 1808 1459 1885 ἀπεργάζεται
1493 1812 1797 1887 θεραπείαν.

417 2089 508 2144 Ἐν
560 2083 620 2142 δὶ
663 2092 742 2160 τῷ
793 2089 842 2163 β’
894 2089 1018 2163 περί
1074 2109 1132 2144 τε
1186 2096 1287 2159 τῆς
1340 2088 1618 2164 δυνάμεως
1661 2098 1767 2148 τῶν
1807 2094 1994 2150 ἁπλῶν

342 2171 718 2248 διαλαμϐάνει
769 2178 1096 2252 φαρμάκωνι,
1146 2179 1233 2233 καὶ
1274 2181 1397 2253 περὶ
1445 2187 1545 2249 τῆς
1596 2181 1799 2236 τούτων
1842 2182 1994 2239 έκλοο

341 2272 476 2340 γῆς,
535 2265 624 2320 καὶ
679 2267 801 2341 περί
848 2274 1186 2337 κατασκευῆς
1236 2273 1345 2324 τῶν
1394 2290 1444 2323 τι
1476 2270 1694 2325 ἀκόπων
1727 2272 1995 2346 καλουμέ-

338 2376 451 2408 νων
485 2353 814 2429 χρὶσμάτων
858 2355 946 2409 καὶ
981 2355 1362 2431 έμπλάστρων,
1398 2357 1486 2412 καὶ
1546 2359 1666 2433 περὶ
1717 2362 1992 2433 σταθμῶν,

342 2443 472 2519 περί
520 2464 580 2498 τε
626 2447 734 2498 τῶν
777 2449 994 2499 κοπτῶν
1043 2445 1398 2518 καλουμένων
1448 2445 1872 2520 πλατυσμάτων,
1904 2451 1992 2504 καὶ

343 2531 476 2607 περὶ
542 2532 783 2606 έψήσιως
835 2537 944 2588 τῶν
999 2529 1433 2608 ἐμϐαλλομένων
1501 2535 1577 2598 εἷς
1625 2538 1719 2599 τὰς
1777 2535 1994 2612 ἒμπλά-

345 2642 548 2696 στρους
579 2623 706 2695 [288
738 2624 832 2696 Η.]
863 2624 1186 2703 φαρμάκων.

415 2796 487 2851 Τὸ
523 2793 606 2851 ’δὲ
653 2802 698 2872 γ’
766 2794 1031 2858 συνθέσεις
1088 2796 1235 2870 αὐτῷ
1293 2799 1592 2876 φαρμάκων
1632 2798 1991 2856 παντοδαπῶν

346 2884 626 2963 περιέχει.

418 2973 495 3030 Τὸ
529 2969 587 3027 δὲ
630 2969 672 3026 δ’
720 2974 843 3048 περὶ
883 2976 1104 3051 τροφῶν
1154 2970 1296 3028 ἐστὶν
1363 2973 1511 3046 αὐτῷ
1571 2977 1990 3052 συντεταγμένον

347 3060 662 3136 δυνάμεως,
717 3061 805 3116 καὶ
864 3063 986 3137 περὶ
1033 3070 1134 3132 τῆς
1185 3062 1394 3118 τούτων
1441 3063 1745 3132 σκευασίας,
1777 3063 1899 3137 περί
1937 3086 1995 3119 τε

351 3152 689 3229 μελικράτου
747 3153 834 3208 καὶ
892 3152 1157 3225 πομάτων
1208 3150 1415 3221 ἄλλων,
1450 3154 1549 3207 ὅσα
1598 3156 1849 3228 χρήσιμα
1877 3161 1993 3216 τοῖς

347 3242 720 3319 ἀρρωστοῦσι,
775 3242 899 3317 περί
956 3255 1014 3297 τε
1073 3241 1531 3318 γαλακτοποσίας,
1590 3243 1679 3296 καὶ
1748 3241 1825 3298 ἔτι
1874 3245 1996 3319 περὶ

357 3330 568 3388 ὑδάτων
579 3375 592 3389 .

426 3424 503 3480 Τὸ
561 3421 620 3478 δὲ
675 3425 712 3478 ε’
758 3423 856 3478 ὃσα
898 3445 956 3479 τε
984 3426 1030 3460 ⁸³
1074 3429 1194 3499 ταῖς
1241 3423 1496 3484 κυούσαις
1536 3419 1817 3498 συμϐαίνει
1854 3422 1998 3480 διδά-

355 3533 494 3582 σκει,
555 3511 762 3566 δίαιτάν
816 3533 875 3567 τε
932 3513 1132 3583 αὐτῶν,
1182 3513 1272 3567 καὶ
1333 3513 1518 3567 ὁποῖαι
1549 3513 1604 3566 αἱ
1632 3512 1832 3579 τιτθαὶ,
1873 3513 1999 3588 περὶ

351 3623 412 3658 τε
461 3599 700 3674 κομιδῆς
745 3600 988 3670 παιδίου,
1047 3602 1134 3657 καὶ
1194 3601 1291 3656 ’ὀσα
1349 3600 1514 3656 θῗωθε
1570 3598 1881 3675 συμϐαίνειν
1919 3608 1998 3674 τῷ

353 3687 534 3749 παιδί.
577 3689 707 3756 Περί
736 3710 795 3744 τε
841 3691 1046 3760 κόπων,
1082 3688 1175 3753 οὓς
1216 3694 1366 3744 ποιεῖ
1416 3691 1461 3726 ⁸³
1486 3691 1552 3744 τά
1582 3692 1876 3765 γυμνάσια,
1909 3691 1998 3746 καὶ

355 3781 430 3834 ῶν
478 3779 578 3834 οὐκ
634 3773 744 3834 ἔστι
808 3773 996 3834 λαϐεῖν
1054 3777 1114 3834 ἐκ
1164 3783 1260 3833 τοῦ
1309 3780 1640 3858 φαινομένου
1689 3781 1750 3836 τὸ
1809 3780 1996 3836 αἶ’τιον.

356 3869 470 3925 Καὶ
520 3867 641 3942 περὶ
701 3869 1043 3944 στεγνώσεως
1095 3864 1379 3943 δέρματος.
1431 3869 1706 3944 Γερόντων
1753 3890 1812 3924 τε
1861 3867 2002 3924 δίαι-

356 3978 450 4012 ταν
512 3956 760 4031 εὑρήσεις
794 3957 846 4011 ἐν
896 3957 1098 4030 τούτῳ,
1129 3957 1219 4012 καὶ
1275 3958 1372 4012 ὅσα
1416 3961 1512 4012 τοῦ
1572 3957 1826 4032 σώματος
1869 3959 2006 4013 κατά

354 4047 456 4114 τὴν
516 4043 826 4119 ἆπιφάνειαν
882 4046 1226 4117 συμπεσόντα
1286 4045 1453 4120 ἄχαρι
1509 4046 1608 4114 τήν
1669 4043 1790 4119 ὅψιν
1835 4051 2002 4117 ποιεῖ,

355 4135 570 4190 τούτων
616 4132 942 4210 ἀπαλλαγὴν
989 4135 1080 4189 καὶ
1135 4141 1236 4205 τῆς
1284 4142 1638 4211 παρατροπῆς
1688 4135 2001 4208 ἐπανόρθω-

358 4245 465 4293 σιν,
499 4220 737 4279 ὀδόντων
768 4244 824 4277 τε
865 4221 1136 4298 φυλακὴν,
1169 4225 1258 4278 καὶ
1303 4223 1635 4299 βαρυηκοίας
1665 4225 1754 4278 καὶ
1797 4223 2004 4299 ἀχλύος

356 4312 626 4388 ὀμμάτων
685 4309 1000 4388 διόρθωσιν,
1045 4312 1134 4367 καὶ
1187 4320 1287 4382 τῆς
1344 4313 1450 4368 ἀπό
1507 4321 1604 4382 τῆς
1676 4312 2008 4386 πλησμονῆς

2103 571 2172 624 ad
2208 573 2538 629 curationes
2572 576 2994 646 aggredientes,
3029 580 3084 633 in
3117 580 3242 650 ipso
3275 580 3554 639 vidissem
3586 601 3756 657 Opere

2103 661 2373 731 compelli
2406 664 2476 717 ad
2510 666 2792 721 maximas
2845 683 3026 723 noxas
3073 671 3199 725 tum
3254 671 3442 742 (agris,
3485 677 3610 730 tum
3659 675 3752 733 in-

2104 751 2336 805 terdum
2397 752 2567 808 etiam
2629 754 2787 810 sanis
2847 755 3200 814 inferendae.
3261 761 3467 817 Verum
3548 781 3752 822 novem

2107 839 2260 895 hisce
2311 839 2477 897 libris
2526 841 2762 898 illorum
2812 847 3182 918 septuaginta
3215 851 3629 923 compendium
3661 854 3754 910 in-

2105 927 2306 986 cludit.

2176 1017 2366 1074 Primo
2416 1019 2528 1090 (25)
2574 1037 2705 1088 ergo
2755 1021 2904 1078 libro
2962 1023 3196 1080 disserit
3251 1026 3318 1081 de
3379 1029 3647 1086 cautione
3693 1029 3756 1086 in

2105 1107 2362 1176 corporis
2411 1110 2927 1166 exercitationibus
2972 1112 3327 1183 adhibenda,
3380 1122 3434 1172 et
3492 1119 3564 1173 de
3610 1119 3756 1190 ipsis

2104 1195 2636 1266 exercitationibus,
2671 1198 2739 1253 de
2770 1201 3250 1257 evacuationibus
3281 1220 3413 1259 cum
3463 1207 3753 1278 universe,

2103 1286 2230 1338 tum
2265 1285 2606 1357 singulatim
2635 1303 2647 1340 :
2673 1287 2839 1354 etiis,
2863 1287 2951 1342 vel
2986 1305 3087 1360 per
3109 1306 3174 1344 ea
3197 1307 3320 1361 quas
3353 1291 3587 1364 ingenio
3618 1303 3757 1350 sunt

2105 1373 2447 1445 excogitata,
2474 1374 2558 1428 vel
2593 1391 2694 1444 per
2723 1393 2790 1431 ea
2821 1391 3070 1447 quorum
3126 1378 3359 1434 domina
3409 1386 3615 1436 natura
3644 1388 3752 1438 est.

2105 1462 2182 1516 De
2241 1478 2371 1517 aere
2416 1463 2486 1517 ad
2541 1463 2682 1530 haec,
2734 1472 2786 1519 et
2837 1465 3064 1522 balneis
3118 1472 3233 1523 tam
3298 1469 3526 1540 nativis,
3575 1487 3754 1542 quam

2104 1551 2458 1607 artiﬁciosis.
2490 1553 2631 1607 Item
2684 1555 2754 1609 de
2805 1555 3118 1612 sudoribus
3169 1565 3219 1612 et
3271 1558 3751 1632 cataplasmatis:

2103 1639 2173 1695 de
2221 1639 2331 1696 olei
2386 1642 2550 1711 meri,
2602 1646 2658 1697 et
2701 1643 2813 1698 olei
2864 1661 3017 1715 aqua
3075 1645 3246 1701 diluti
3297 1647 3474 1704 labro.
3533 1649 3633 1718 [De
3680 1650 3754 1706 iis

2105 1729 2379 1803 denique]
2414 1749 2537 1802 qua:
2590 1738 2781 1788 cutem
2829 1735 3104 1801 rodendo,
3139 1739 3236 1792 aut
3280 1738 3485 1794 saltem
3537 1740 3756 1797 dissolv

2026 1809 2073 1874 Β
2103 1822 2310 1887 vendo,
2342 1820 2501 1876 illam
2542 1823 2954 1878 diuturnorum
3001 1826 3338 1882 morborum
3390 1830 3751 1886 curationem

2103 1909 2386 1978 efficiunt,
2421 1928 2594 1982 quam
2647 1915 3157 1984 metasyncrilivam
3199 1917 3513 1973 methodici
3555 1918 3751 1991 appel-

2103 1997 2249 2054 lant.

2174 2089 2438 2143 Secundo
2490 2089 2637 2146 libro
2685 2093 2795 2160 ('26)
2841 2093 2912 2148 de
2962 2093 3316 2164 simplicium
3371 2096 3758 2152 medicamen-

2105 2185 2292 2232 torum
2355 2177 2624 2234 facultate
2682 2185 2909 2251 tractat,
2966 2198 3281 2254 eorumque
3357 2183 3629 2240 delectu:
3683 2187 3755 2241 de

2104 2272 2410 2338 apparatu,
2444 2283 2572 2323 cum
2618 2267 2839 2323 ἀκόπων
2885 2271 2996 2343 (27)
3047 2288 3169 2342 quae
3221 2273 3600 2328 nominantur
3641 2291 3750 2329 un-

2104 2362 2475 2427 guentorum,
2510 2364 2631 2414 tum
2685 2361 3154 2430 emplastrorum.
3189 2361 3321 2417 Post
3363 2362 3484 2418 haec
3515 2365 3582 2419 de
3614 2381 3753 2434 pon-

2103 2445 2386 2501 deribus:
2447 2447 2517 2501 de
2572 2446 2703 2503 latis
2772 2449 3122 2521 emplastris,
3181 2465 3309 2520 quis
3378 2449 3552 2503 κοπτᾶ
3610 2452 3752 2524 [sive

2103 2535 2349 2606 contusa]
2398 2535 2708 2606 appellant,
2770 2538 2955 2607 deque
3027 2539 3287 2593 coctione
3353 2539 3749 2594 medicamen-

2103 2626 2314 2689 torum,
2367 2640 2489 2694 quzs
2547 2625 2614 2678 ad
2673 2624 2974 2695 emplastri
3035 2626 3457 2682 coniectionem
3517 2627 3752 2683 commi-

2102 2715 2354 2766 scentur.

2172 2801 2363 2856 Tertio
2438 2799 2580 2858 libro
2658 2803 3108 2874 compositiones
3186 2805 3748 2862 medicamentorum

2101 2891 2294 2949 omnis
2326 2893 2556 2963 generis
2588 2893 2978 2964 persequitur.

2176 2985 2427 3051 Quartus
2454 2984 2559 3053 (28)
2594 2985 2660 3038 de
2693 2984 3097 3040 alimentorum
3127 2986 3416 3051 facultate,
3441 2987 3625 3059 deque
3650 2987 3752 3043 ho-

2107 3091 2235 3128 rum
2259 3078 2557 3144 apparatu,
2585 3074 2985 3144 conscriptus:
3012 3076 3079 3130 de
3103 3075 3292 3130 mulso
3320 3076 3476 3145 item,
3499 3077 3748 3132 caeteris-

2109 3179 2217 3234 que
2251 3163 2499 3233 potionis
2532 3163 2864 3234 generibus,
2897 3181 3022 3236 quas
3057 3165 3289 3237 quidem
3333 3167 3748 3237 aegrotantibus

2109 3252 2276 3308 utilia
2307 3253 2440 3308 sint.
2476 3257 2555 3306 De
2587 3252 2754 3308 lactis
2804 3253 3045 3324 insuper
3093 3257 3258 3324 potu,
3289 3271 3354 3308 ac
3385 3254 3633 3326 denique
3681 3255 3750 3310 de

2107 3340 2295 3412 aquis.

2179 3430 2431 3493 Quintus
2473 3429 2617 3486 liber
2661 3431 2796 3502 (29),
2829 3447 2955 3502 quas
3007 3431 3263 3504 gravidis
3294 3448 3358 3486 ac
3389 3431 3753 3503 praignanti-

2110 3519 2218 3574 bus
2277 3519 2565 3586 accidant,
2617 3520 2810 3583 tradit,
2861 3536 3180 3591 earumque
3235 3521 3472 3589 victum,
3514 3525 3572 3576 et
3616 3538 3755 3593 qua-

2107 3607 2189 3663 les
2223 3608 2479 3662 nutrices
2509 3608 2809 3678 eligendae.
2837 3613 2912 3662 De
2944 3607 3184 3663 infantis
3211 3609 3570 3678 educatione,
3606 3627 3758 3680 quas-

2109 3713 2222 3768 que
2253 3696 2303 3751 ei
2336 3697 2488 3750 aetati
2540 3697 2800 3751 accidere
2850 3697 3058 3751 solent.
3108 3697 3185 3752 De
3237 3696 3576 3751 lassitudine
3626 3715 3756 3753 cum

2110 3786 2181 3841 ab
2233 3785 2639 3840 exercitatione
2690 3789 2844 3851 nata,
2879 3790 3002 3839 tum
3053 3801 3119 3840 ea
3167 3785 3336 3855 cujus
3381 3802 3549 3840 causa
3600 3791 3758 3842 exte-

2112 3873 2235 3928 rius
2269 3873 2508 3928 minime
2539 3877 2777 3944 apparet
2805 3891 2816 3928 :
2843 3873 3097 3943 itemque
3127 3874 3194 3927 de
3217 3873 3368 3927 cutis
3399 3873 3757 3928 astrictione.

2112 3962 2329 4018 Senum
2384 3977 2617 4032 quoque
2671 3961 2882 4015 victum
2937 3961 3026 4016 bic
3075 3959 3353 4030 reperias,
3388 3965 3440 4014 et
3486 3977 3760 4030 quascun-

2112 4067 2225 4121 que
2281 4050 2504 4121 corpori
2567 4051 2924 4104 extrinsecus
2995 4050 3358 4104 advenientis
3434 4048 3763 4104 deformita-

2115 4145 2230 4195 tem
2280 4138 2616 4206 conciliant,
2659 4139 2988 4211 horumque
3039 4137 3441 4208 depulsionem
3487 4142 3542 4192 et
3594 4153 3759 4192 cura-

2116 4229 2353 4284 tionem.
2392 4228 2664 4283 Dentium
2717 4232 2994 4297 praeterea
3039 4226 3382 4296 custodiam,
3414 4231 3470 4282 et
3500 4242 3625 4296 quae
3658 4242 3763 4281 au-

2115 4317 2309 4372 diendi
2371 4317 2780 4372 difﬁcultatem
2843 4321 3019 4387 atque
3075 4315 3379 4371 oculorum
3447 4314 3762 4386 caliginem

358 4397 576 4478 βλάϐης
623 4403 928 4478 θεραπείαν,
960 4401 1209 4478 ἀσχόλου
1255 4423 1310 4458 τε
1353 4402 1474 4478 βίου
1525 4400 1748 4457 δίαιταν·
1800 4402 1998 4476 περίτι

2121 4407 2478 4462 restituunt:
2528 4407 2725 4461 damni
2780 4407 2852 4461 ad
2905 4406 3026 4461 haec
3058 4423 3089 4460 a
3121 4405 3424 4460 saturitate
3474 4403 3613 4459 illati
3664 4420 3764 4458 cu-

350 4496 461 4546 τῶν
521 4489 940 4568 διαφθειρόντων
1001 4491 1066 4547 τὰ
1130 4491 1292 4548 σιτία.
1358 4489 1742 4566 Ὀδοιποροῦσί
1807 4513 1863 4548 τε
1921 4494 2010 4546 καὶ

348 4579 750 4654 πλοϊζομένοις
808 4580 1075 4637 ἐκτίθεται
1127 4578 1357 4653 δίαιταν,
1408 4581 1498 4636 καί
1566 4583 1690 4658 περὶ
1757 4583 2012 4656 καθαιρέ-

353 4691 491 4733 σεως
537 4669 753 4746 σαρκῶν
806 4665 1171 4745 διαλαμϐάνει
1223 4669 1570 4745 ἀναθρέψεώς
1615 4692 1691 4740 τε,
1743 4672 1834 4725 καὶ
1895 4667 2010 4725 8mi-

355 4785 557 4840 γνωσιν
606 4762 873 4838 κράσεως,
905 4762 992 4817 καὶ
1050 4760 1497 4838 παρατραπείσης
1539 4765 1586 4797 ⁸⁸
1625 4761 1794 4831 αὐτῆς
1861 4763 2011 4834 θερα-

2121 4496 2430 4564 rationem,
2466 4501 2522 4550 et
2554 4495 2864 4566 negotiosas
2911 4495 3039 4549 vita:
3082 4494 3319 4549 victum.
3354 4493 3435 4548 De
3472 4493 3544 4548 iis
3591 4493 3767 4548 etiam

2124 4586 2340 4658 quibus
2371 4585 2654 4640 alimenta
2702 4588 3202 4655 corrumpuntur:
3238 4586 3294 4638 et
3322 4583 3430 4638 iter
3459 4582 3770 4654 agentibus

2122 4691 2188 4732 ac
2219 4673 2636 4746 navigantibus
2669 4674 2853 4728 victus
2889 4674 3165 4728 rationem
3201 4673 3540 4743 praescribit.
3578 4672 3770 4726 Disse-

2123 4764 2197 4819 rit
2235 4769 2290 4820 et
2323 4765 2394 4818 de
2426 4763 2621 4820 carnis
2656 4762 3062 4817 extenuatione
3084 4764 3257 4831 atque
3280 4759 3614 4826 nutritione,
3641 4761 3772 4829 post

2122 4870 2244 4925 quae
2295 4853 2744 4924 temperamenti
2796 4851 3186 4924 cognitionem
3221 4852 3276 4904 et
3306 4849 3430 4918 ejus
3461 4847 3640 4903 eversi
3673 4863 3772 4902 cu-

2119 4942 2404 4999 rationem
2436 4942 2630 4998 tradit.

1707 5095 1950 5152 VARI/E
1997 5093 2415 5150 LECTIONES.

356 4853 529 4911 πείαν.

433 5226 617 5299 ⁵⁹τῶν
648 5227 786 5299 add.
815 5229 884 5284 Α.
964 5225 1127 5299 ⁸ο-ναὶ
1158 5231 1244 5299 Α)
1276 5224 1365 5281 καὶ
1415 5225 1496 5299 ς’.

354 5317 444 5352 ται
645 5298 693 5334 ⁶⁴
721 5296 1142 5373 περιτραπείσης

1576 5224 1620 5262 ⁸1
1669 5220 1965 5298 μεθοδικὴν
2007 5231 2087 5280 A:
2124 5219 2427 5297 μεθοδικῶς
2619 5222 2665 5258 δ’
2705 5241 2764 5276 τε
2803 5223 2939 5280 add.
2973 5228 3035 5280 Α.
3114 5221 3162 5257 ⁸³
3191 5219 3434 5276 ποιεῖτά
3472 5223 3553 5276 A:
3597 5222 3772 5274 ποιεῖ·

1961 5420 2174 5476 NOTAE

428 5541 541 5613 (25)
573 5540 646 5613 is.
683 5539 743 5613 in
777 5539 846 5594 35
882 5539 1053 5596 hodie
1081 5539 1272 5607 capita
1301 5539 1613 5613 dissectus.

433 5611 546 5682 (26)
580 5611 772 5683 Hujus
803 5627 987 5667 unum
1019 5615 1077 5667 et
1101 5613 1172 5666 60
1202 5612 1412 5682 capita.

439 5681 545 5755 (17)
579 5681 853 5751 Quisnam
884 5699 950 5740 ea
983 5684 1122 5751 sint,
1155 5681 1387 5740 docebit
1417 5684 1686 5740 Gorrasus
1714 5683 1772 5740 in
1807 5681 1926 5739 Dei.

679 5783 950 5851 Panos.
998 5782 1109 5849 Gn.
1154 5783 1308 5847 Clll.

2199 5536 2311 5604 (28)
2344 5536 2545 5607 Capita
2573 5535 2624 5592 ei
2658 5535 2874 5591 tributa
2903 5536 2962 5590 in
2994 5533 3166 5591 editis
3193 5535 3282 5589 41.

2199 5609 2310 5678 (29)
2346 5608 2547 5664 Sectus
2577 5608 2636 5664 in
2669 5608 2860 5679 capita
2887 5608 2979 5664 53.

3373 5782 3447 5840 23
