4142 6214
457 373 574 434 715

456 596 623 667 signa
655 597 790 648 sunt
812 591 883 646 ad
908 593 1060 644 recte
1091 590 1334 658 tutoque
1356 585 1426 639 de
1456 583 2098 653 morbisjudicandum.

455 681 687 738 Curatio
719 681 876 741 item,
910 693 975 731 ac
1007 675 1284 746 praenotio
1336 672 1582 728 febrium
1633 678 1807 742 atque
1849 682 2101 744 sympto-

456 776 677 826 matum
706 785 718 822 :
749 767 1043 837 sdjunctis
1074 768 1129 820 et
1161 762 1408 818 febrium
1442 760 1748 832 generibus
1787 777 2104 832 earumque

454 859 746 918 remediis.
794 859 871 912 De
924 857 1092 922 fame,
1144 854 1213 908 de
1261 852 1440 908 animi
1493 852 1812 906 defectione
1861 869 1924 906 ac
1974 868 2106 923 syn-

455 967 616 1020 copa,
652 953 826 1019 atque
873 946 944 1000 de
991 944 1208 1008 dolore,
1241 946 1299 998 et
1347 939 1610 1010 singultu
1663 939 1801 1012 agit.
1842 944 1982 995 Item
2034 942 2102 995 de

454 1039 664 1095 canina
709 1033 1060 1108 appetentis,
1106 1036 1164 1087 et
1207 1035 1413 1088 contra
1463 1031 1533 1084 de
1582 1034 1873 1100 prostrato
1923 1045 2100 1100 appe-

453 1129 588 1194 titu,
641 1131 698 1182 et
746 1125 1044 1181 curatione
1092 1124 1396 1177 immensas
1457 1119 1651 1174 famis.
1705 1119 1984 1175 Praeterea
2034 1121 2104 1175 de

453 1232 671 1274 nausea
693 1219 749 1270 et
769 1213 1011 1280 vomitu,
1041 1212 1187 1267 etde
1210 1208 1526 1273 insomnis,
1553 1215 1804 1279 torpore,
1826 1207 2104 1279 colliqua-

452 1307 632 1372 tione,
665 1304 778 1372 siti,
813 1312 986 1374 atque
1016 1299 1324 1356 exulcerati
1358 1299 1506 1354 ossis
1538 1297 1687 1352 sacri
1717 1297 2026 1353 medicina.

523 1395 780 1466 Septimo
812 1393 921 1463 (31)
950 1407 1086 1446 vero
1133 1389 1282 1444 libro
1324 1388 1395 1442 de
1446 1387 1744 1442 ulceribus
1793 1385 2100 1454 universis,

450 1490 570 1541 tam
605 1499 732 1556 qum
759 1480 1073 1552 simplicia,
1107 1493 1284 1550 quam
1318 1493 1444 1548 quae
1475 1491 1614 1530 cava
1646 1476 1958 1530 dicuntur:
1990 1476 2104 1531 imo

453 1579 510 1630 et
541 1575 610 1627 de
643 1572 715 1626 iis
746 1569 965 1641 quibus
996 1566 1264 1623 cicatrice
1294 1569 1382 1620 est
1411 1581 1580 1635 opus,
1615 1569 1788 1634 atque
1829 1564 1898 1618 de
1930 1580 2103 1620 carne

452 1663 889 1721 abundantibus
919 1659 1069 1732 agit:
1095 1658 1189 1713 ubi
1223 1662 1279 1712 et
1303 1657 1434 1729 igne
1466 1656 1753 1712 ambustis
1785 1655 2101 1710 remedium

455 1755 638 1810 affert.
661 1747 800 1808 Item
833 1751 904 1806 de
937 1747 1186 1820 pupulis,
1213 1747 1282 1801 de
1313 1745 1559 1816 pruritu,
1586 1745 1656 1800 de
1681 1743 1952 1816 pustulis,
1975 1761 2101 1815 quae

1654 359 1920 421 ΡΗΟΤῘΙ
1964 362 2489 427 ΡΑΤΒΙΑΒΟΗΕ
2531 365 2648 425 GP.

527 508 568 562 1
584 508 623 560 1
637 504 679 561 ὅ
697 505 768 575 (b)
785 502 845 558 In
860 504 1080 558 sextum
1095 497 1310 554 librum
1329 494 1436 566 (30)
1451 501 1666 551 essunt
1682 494 2098 567 conjecta,quaa
2132 500 2182 564 Α

3743 365 3875 424 ’116

2289 500 2374 552 Ἐν
2425 493 2483 551 δὲ
2531 502 2609 568 τῷ
2651 497 2726 570 ς’
2767 495 3113 551 συντέτακται
3159 493 3302 567 αὖτῷ
3359 493 3456 550 ὅσα
3489 516 3546 551 τε
3577 497 3622 532 ⁸⁸
3660 493 3882 564 sica-q-

2213 584 2434 658 μείωσιν
2476 584 2690 662 ἀσφαλῆ
2738 584 2897 640 τείνει
2955 585 3042 638 καὶ
3109 583 3282 657 κρίσιν
3332 584 3520 657 ὀρθὴν,
3580 584 3882 656 θεραπεῖαί

2206 697 2264 730 τε
2312 677 2400 730 xui
2451 677 2784 749 προγνώσεις
2839 678 3083 747 πυρετῶν
3152 675 3239 728 καὶ
3281 675 3736 747 συμπτωμάτων.
3787 677 3885 733 Τά

2206 787 2264 821 τε
2295 764 2410 836 εἴδη
2446 767 2552 819 τῶν
2609 769 2852 839 πυρετῶν
2886 763 2974 818 καὶ
3004 765 3099 828 τὰς
3141 763 3326 834 ἰάσεις,
3358 765 3482 838 περί
3531 784 3590 818 τε
3639 763 3881 837 λοιμῖω

2210 854 2569 926 λειποθυμίας
2601 876 2658 909 τε
2707 856 2797 908 καὶ
2831 861 3112 928 συγκοπῆς
3153 853 3244 907 καὶ
3297 850 3492 922 ὀδύνης
3519 852 3608 906 καί
3640 853 3886 928 λυγμοῦ

2211 940 2589 1017 διαλαμϐάνει,
2639 941 2911 1006 κυνώδους
2963 963 3022 996 τε
3071 943 3295 1016 ὀρέξεως
3327 942 3419 996 καὶ
3461 942 3741 1018 ἇνορεξίας
3773 945 3886 998 καὶ

2213 1032 2489 1108 βουλίμου
2522 1032 2825 1108 θεραπείας,
2870 1035 2986 1105 [561
3027 1033 3116 1104 3.]
3149 1029 3226 1086 ἔτι
3256 1029 3313 1085 δὲ
3351 1033 3474 1105 περὶ
3521 1034 3741 1094 ναυτίας
3775 1035 3885 1088 καὶ

2211 1121 2416 1195 ἐμέτων
2487 1121 2786 1194 ἀγρυπνίας
2844 1141 2902 1175 τε
2957 1121 3048 1175 καὶ
3110 1124 3441 1197 καταφορᾶς,
3499 1121 3590 1176 xui
3659 1127 3887 1193 συντή-

2210 1213 2339 1282 ξεως
2406 1212 2495 1266 καὶ
2566 1209 2776 1284 δίψους,
2810 1210 2902 1265 καὶ
2951 1207 3285 1272 ἐλκωθὲντος
3329 1215 3424 1265 τοῦ
3486 1211 3633 1284 ἱερου
3701 1211 3886 1266 δστοῧ

2211 1302 2497 1376 θεραπείας
2538 1301 2605 1354 ⁸⁸.

2283 1391 2432 1446 Κατὰ
2463 1388 2518 1444 δὲ
2557 1389 2618 1443 τὸ
2670 1391 2710 1458 ζ’
2769 1388 2943 1443 ἑλκῶν
2991 1390 3082 1460 μὲν
3138 1388 3411 1455 ἁπάντων,
3440 1393 3545 1444 τῶν
3577 1409 3634 1443 τε
3700 1388 3890 1463 λεγο-

2213 1478 2387 1551 μενων
2437 1479 2626 1533 ἁπλῶν
2669 1479 2758 1532 καὶ
2815 1484 2922 1532 τῶν
2982 1477 3210 1546 κοίλων,
3242 1478 3332 1531 καί
3387 1499 3446 1554 γε
3485 1479 3573 1532 xui
3614 1483 3734 1532 τῶν
3781 1481 3889 1534 οὐ·

2211 1566 2315 1636 λῆς
2365 1565 2634 1640 δεομένων
2690 1566 2779 1622 καί
2831 1567 3308 1641 ὑπερσαρκούντων
3359 1563 3691 1635 ἐκδιδάσκει,
3727 1571 3889 1641 πρὸς

2207 1678 2266 1711 τε
2312 1657 2377 1711 τά
2422 1658 2726 1730 πυρίκαυτα
2775 1656 3058 1731 θεραπείας
3122 1657 3341 1730 εἰσάγει,
3389 1655 3476 1709 καὶ
3526 1657 3642 1730 περὶ
3712 1657 3893 1729 ἐξαν-

2212 1746 2470 1819 θημάτων
2517 1746 2607 1799 καὶ
2655 1751 2917 1818 κνησμῶν
2966 1745 3056 1799 καὶ
3111 1744 3478 1822 φλυκταινῶν,
3517 1744 3893 1821 auger,va

453 1843 791 1916 pblyctana
845 1844 1102 1906 vocatur,
1155 1840 1211 1892 et
1259 1837 1330 1890 de
1379 1835 1673 1890 ulceribus
1730 1835 1977 1905 diruptis
2034 1851 2098 1889 ac

2213 1837 2382 1905 μένων
2437 1857 2494 1890 τε
2550 1835 2724 1890 ἑλκῶν
2783 1836 2870 1889 καὶ
2932 1837 3242 1904 κακοήθων·
3305 1833 3440 1908 πρὸς
3487 1832 3762 1908 ἄνθρακάς
3819 1859 3892 1893 τε

457 1931 745 2002 malignis.
778 1931 863 1984 Ad
895 1925 1283 1982 carbunculos
1313 1939 1545 1995 quoque
1575 1927 1629 1978 et
1661 1939 1898 1977 cancros
1939 1939 2102 1978 cura-

456 2021 646 2075 tiones
677 2017 954 2073 ascribit:
989 2014 1399 2070 convulsorum
1433 2013 1567 2066 item
1599 2027 1662 2065 ac
1693 2010 2022 2066 luxaturum
2047 2016 2105 2067 et

460 2113 761 2180 ruptorum
794 2121 807 2160 :
843 2104 1056 2176 quibus
1095 2104 1167 2158 ad
1210 2102 1334 2156 hinc
1383 2103 1556 2156 rebus
1607 2100 1824 2170 cuspis,
1858 2101 2101 2167 arundo,

459 2197 651 2267 spina,
683 2198 786 2249 aut
815 2193 988 2248 sudes
1032 2190 1192 2246 carni
1233 2190 1408 2244 inﬁxa
1440 2188 1779 2244 evelluntur.
1815 2189 1894 2242 De
1926 2189 2104 2242 redu-

459 2285 590 2352 viis,
623 2282 1006 2338 articulorum
1057 2280 1372 2347 ulceribus,
1425 2277 1730 2348 sanguinis
1775 2277 2102 2348 eruptione.

459 2373 540 2429 De
571 2372 759 2428 nervis
791 2371 1125 2435 vulneratis,
1149 2374 1208 2425 et
1229 2367 1488 2423 articulis
1521 2367 1756 2433 luxatis;
1779 2367 1850 2421 de
1875 2366 2102 2420 inﬂam-

457 2463 734 2528 matione,
777 2464 833 2515 et
882 2459 951 2514 de
999 2458 1322 2524 ati‘ectione,
1372 2474 1495 2528 quas
1547 2473 1617 2511 ex
1673 2454 2103 2510 deﬂuxionibus

457 2551 523 2606 ﬁt
549 2568 563 2616 ;
593 2551 662 2604 de
708 2563 1027 2619 gangrena,
1058 2555 1111 2602 et
1150 2545 1576 2618 sphacelismo;
1609 2544 1679 2598 de
1724 2545 2105 2615 apostematis

455 2657 559 2697 seu
578 2636 952 2693 abscessibus
977 2639 1033 2690 et
1056 2634 1294 2700 ﬁstulis;
1319 2635 1388 2689 de
1410 2633 1749 2705 erySIpelate
1772 2638 1828 2687 et
1851 2633 2102 2700 herpete.

456 2735 599 2789 Item
631 2731 700 2785 de
731 2729 993 2796 scirrhis,
1028 2727 1351 2795 mdematis,
1383 2725 1722 2789 termintho,
1756 2724 2100 2797 epinyctide.

455 2822 534 2877 De
566 2820 838 2875 dissectis
871 2816 1203 2887 ligamentis
1231 2825 1283 2871 et
1307 2817 1534 2888 thymo,
1560 2816 1686 2870 ﬁcis
1710 2820 1882 2885 atque
1907 2815 2107 2868 furun-

452 2909 620 2966 culis.
655 2909 734 2964 De
765 2908 1021 2963 verrucis
1064 2912 1121 2962 et
1171 2906 1524 2978 myrmeciis,
1567 2910 1744 2973 atque
1789 2902 2099 2958 similibus.

452 3002 534 3056 Ad
569 3000 824 3072 ganglia,
857 3015 980 3069 quae
1012 2997 1402 3070 appellantur,
1435 2997 1503 3051 ad
1535 2995 1864 3064 perniones,
1897 3010 1961 3047 ac
1996 2993 2095 3047 fis-

449 3105 612 3144 suras
640 3089 761 3142 edit
790 3086 1208 3141 medicamenta
1236 3103 1250 3151 ;
1283 3089 1341 3139 et
1383 3085 1451 3137 ad
1501 3083 1751 3138 ulcerato.
1801 3081 2090 3152 pudenda.

450 3176 528 3228 De
561 3173 718 3228 leuce
751 3178 1042 3243 praeterea,
1067 3170 1263 3241 alpho,
1293 3171 1473 3240 lepra,
1507 3169 1721 3233 scabie,
1756 3168 1832 3221 im
1848 3168 2094 3238 peligine

448 3266 678 3329 tractat,
704 3266 759 3314 et
789 3262 858 3314 do
890 3260 1320 3314 inﬂationibus:
1350 3265 1526 3328 utque
1559 3257 1811 3311 theriaca
1835 3272 1864 3310 e
1886 3255 2098 3324 viperis

451 3366 664 3421 magno
696 3349 772 3404 sit
803 3347 1223 3418 elephantiacis
1247 3348 1599 3417 adjumento.
1627 3346 1691 3400 Et
1715 3345 1834 3399 huc
1858 3344 2092 3414 quidem

449 3439 700 3510 septimo
732 3436 1106 3492 continentur
1139 3435 1304 3490 libro.

524 3613 857 3685 insequenti
881 3628 1012 3668 vero
1037 3612 1104 3668 de
1126 3611 1684 3681 memoriaejactura,
1703 3611 1888 3680 deque
1909 3610 1977 3665 iis
1999 3611 2094 3682 qui

450 3703 634 3762 nimia
656 3702 872 3774 vigilia,
888 3701 975 3757 vel
996 3701 1148 3771 gravi
1179 3699 1571 3756 somnolentis
1590 3705 1954 3770 torquentur,
1979 3703 2097 3773 agit

449 3791 746 3850 Oribasius
778 3792 893 3861 (3‘2)
921 3807 933 3844 :
971 3795 1091 3844 tum
1125 3789 1261 3859 quid
1296 3789 1577 3858 epbialtes
1609 3788 1704 3851 sit,
1739 3789 2096 3861 morbosque

449 3879 783 3947 comitialis,
807 3887 859 3934 et
885 3880 1123 3950 vertigo,
1157 3877 1481 3948 apoplexia,
1512 3885 1633 3931 atra
1665 3876 1819 3944 bilis,
1842 3876 2091 3947 insanis,

447 3971 758 4027 vehemens
787 3984 966 4035 amor,
990 3984 1055 4022 ac
1086 3966 1522 4038 lycanthropia:
1560 3967 1878 4036 horumque
1912 3983 2094 4024 reme-

447 4061 563 4116 dia.
580 4059 656 4114 De
679 4058 897 4114 cerebri
921 4058 988 4110 ad
1016 4056 1133 4110 haec
1153 4057 1389 4120 morbis,
1410 4059 1466 4110 et
1485 4055 1669 4110 rabidi
1693 4054 1852 4109 canis
1875 4072 2092 4112 morsu.

452 4150 526 4202 De
575 4146 844 4219 paralysi,
879 4160 980 4200 seu
1023 4160 1329 4199 nervorum
1383 4146 1752 4211 resolutione,
1788 4150 1842 4201 et
1881 4145 2091 4216 rigore,

449 4239 548 4308 qui
581 4237 836 4292 calefieri
867 4242 1134 4307 nequeat.
1171 4234 1248 4289 De
1279 4235 1756 4292 convulsionibus
1786 4255 1852 4293 ac
1885 4237 2096 4291 distin-

446 4326 660 4394 ctione,
691 4327 878 4396 deque
923 4323 1130 4396 capitis
1179 4322 1499 4379 doloribus.
1533 4325 1614 4378 Ad
1651 4343 1960 4395 puerorum
2011 4325 2095 4378 in-

2212 1926 2300 1979 xui
2359 1924 2646 1999 καρκίνους
2725 1924 2890 1986 ίάσεις
2953 1924 3270 2002 ἀναγράφει,
3334 1929 3590 1994 σπασμῶν
3646 1944 3714 1977 τε
3773 1926 3887 1980 καὶ

2214 2014 2572 2086 στρεμμάτων
2597 2015 2686 2068 xui
2719 2013 3067 2086 θλασμάτων·
3104 2011 3241 2073 οἵοις
3272 2033 3329 2067 τε
3369 2011 3428 2067 ἂν
3459 2012 3579 2074 (ixi:
3609 2013 3642 2079 ἢ
3681 2011 3888 2068 κάλα-

2217 2124 2318 2174 μος
2358 2104 2390 2170 ἢ
2441 2101 2639 2156 ἄκανθα
2698 2103 2731 2171 ἢ
2791 2101 3001 2176 σκόλοψ
3049 2101 3356 2176 ὲμπαγέντα
3404 2101 3556 2175 σαρκὶ
3607 2102 3886 2158 ἀποσπα-

2215 2192 2384 2261 σθείη·
2420 2192 2542 2266 περί
2580 2212 2637 2246 τε
2667 2197 3034 2266 παρωνυλιῶν
3066 2192 3155 2246 καὶ
3184 2196 3292 2245 τῶν
3320 2189 3371 2245 ἒν
3406 2189 3615 2265 ἄρθροις
3647 2189 3887 2264 ἑλκῶν,

2215 2276 2577 2351 αἱμορῥαγίας
2626 2299 2682 2331 τε
2735 2278 2824 2332 καὶ
2871 2283 3278 2352 νευροτρώτων,
3314 2275 3401 2330 xui
3452 2276 3570 2349 περὶ
3613 2274 3892 2350 κεχαλα-

2214 2367 2422 2438 σμένων
2477 2370 2711 2441 ἄρθρων,
2744 2367 2866 2439 περί
2924 2387 2981 2420 τε
3029 2365 3350 2442 φλεγμονῆς
3381 2365 3468 2419 xui
3523 2366 3888 2438 ῥευξαατικῆς

2216 2452 2525 2524 διαθέσεως,
2593 2456 2715 2529 περί
2771 2475 2828 2510 τε
2883 2455 3215 2531 γαγγραίνης
3289 2456 3374 2510 xui
3454 2452 3882 2531 σφακελισμοῢ,

2213 2544 2301 2598 καὶ
2335 2545 2455 2618 περὶ
2507 2545 2909 2618 ἂποστημάτων
2959 2545 3049 2598 xui
3113 2543 3410 2620 συρίγγων.
3469 2542 3882 2617 ἐρυσιπέλατός

2213 2653 2271 2686 τε
2325 2635 2414 2687 καὶ
2466 2631 2725 2708 ἓρπητος,
2783 2635 2874 2688 xui
2930 2634 3054 2706 περὶ
3121 2632 3354 2706 σκίρῥων
3409 2632 3455 2667 ⁸⁷
3485 2633 3576 2685 καὶ
3625 2630 3886 2706 οἰδημά-

2213 2743 2344 2792 των,
2377 2724 2664 2796 τερμίνθου
2702 2745 2758 2777 τε
2804 2722 2892 2776 καὶ
2943 2720 3301 2791 ἑπινυκτίδος,
3344 2721 3465 2796 περί
3522 2742 3579 2776 τε
3619 2718 3885 2793 διατμη-

2213 2811 2408 2866 θὲντων
2445 2809 2780 2884 συνδέσμων,
2825 2812 2913 2865 xui
2962 2811 3136 2882 θύμου
3186 2811 3275 2864 xui
3327 2815 3502 2865 συκῶν
3540 2809 3626 2864 xui
3663 2808 3880 2882 δοθιή-

2214 2921 2346 2970 νων,
2417 2898 2840 2976 ἀκροχορδὸνων
2909 2921 2968 2954 τε
3031 2901 3118 2954 xui
3189 2904 3517 2972 μυρμηκιῶν
3595 2898 3685 2952 xui
3755 2904 3886 2956 τῶν

2206 2988 2532 3063 συστοίχων.
2581 2991 2718 3062 ΙΙρὸς
2759 3010 2815 3043 τε
2860 2989 2924 3042 τά
2972 2987 3240 3065 λεγόμενα
3294 2986 3529 3063 γαγγλία
3577 2989 3666 3041 xui
3728 2990 3874 3061 χεί-

2211 3078 2384 3150 μεθλα
2421 3080 2470 3113 ⁸⁸
2515 3078 2601 3133 xui
2662 3075 2900 3156 ῥαγάδας
2946 3076 3205 3132 ἐκτίθεται
3265 3076 3454 3146 ῗάσεις,
3495 3078 3583 3130 καὶ
3615 3076 3753 3152 πρὸς
3797 3081 3879 3134 τὰ

2207 3168 2511 3242 ἡλκωμένα
2559 3171 2664 3222 τῶν
2714 3165 2954 3223 αἰδοίων.
2990 3167 3116 3240 Περί
3162 3186 3218 3220 τε
3277 3167 3476 3236 λεύκης
3525 3166 3615 3220 xui
3661 3167 3870 3242 ἀλφῶν

2207 3257 2293 3310 xui
2331 3257 2531 3329 λέπρας
2564 3257 2652 3311 xui
2686 3258 2871 3330 ψώρας
2913 3258 3001 3310 xui
3050 3254 3328 3332 λειχήνων
3365 3256 3411 3291 ⁸9
3462 3251 3870 3328 διαλαμϐάνει,

2206 3347 2295 3398 καὶ
2345 3346 2467 3418 περὶ
2517 3346 2944 3423 ἐμφυσημάτων,
2976 3345 3063 3400 καὶ
3098 3345 3170 3406 ὡς
3204 3347 3237 3412 ἡ
3271 3349 3378 3399 τῶν
3427 3341 3664 3418 ἐχιδνῶν
3716 3342 3872 3398 ἐδω-

2208 3433 2274 3502 δὴ
2305 3435 2520 3505 ἄριστον
2559 3436 2819 3509 βοήθημα
2856 3441 2970 3496 τοῖς
3000 3433 3378 3510 ἐλεφαντιῶσι.
3412 3435 3595 3490 Ταῦτα
3622 3435 3718 3505 μὲν
3761 3435 3866 3488 καὶ

2205 3525 2343 3578 κατᾶ
2372 3525 2434 3578 τὸ
2463 3520 2723 3596 ἕϐδομον.

2278 3615 2426 3670 Κατὰ
2479 3611 2535 3667 δὲ
2587 3615 2649 3668 τὸ
2708 3615 2757 3680 η’
2813 3614 2936 3688 περὶ
2993 3620 3091 3682 τῆς
3151 3614 3287 3667 κατᾶ
3333 3613 3431 3680 τὴν
3470 3613 3688 3683 μνήμην
3741 3611 3863 3666 άπ-

2205 3702 2401 3764 ωλείας
2433 3703 2521 3756 xui
2566 3709 2673 3757 τῶν
2706 3701 2893 3764 ἄλλως
2942 3701 3362 3778 ἅγρυπνητικῶν
3402 3701 3433 3768 ἧ
3464 3701 3853 3774 καταφορικῶν

2206 3787 2584 3864 διαλαμϐάνει,
2633 3793 2713 3856 τίς
2755 3813 2812 3846 τε
2861 3795 2887 3846 ὁ
2938 3791 3202 3871 ὲφιάλτης
3255 3793 3342 3846 xui
3394 3793 3427 3860 ἡ
3458 3787 3715 3860 ἐπιληψία
3745 3792 3855 3844 xui

2204 3883 2266 3937 τὸ
2305 3885 2432 3956 [289
2481 3885 2572 3955 Η.]
2605 3884 3013 3954 σκοτωματικὸν
3064 3882 3257 3945 πάθος,
3298 3879 3616 3948 ἁποπληξία
3656 3898 3714 3933 τε
3752 3879 3858 3934 xui

2208 3971 2556 4046 μελαγχολία
2586 3970 2671 4024 xui
2710 3970 2869 4042 μανία
2914 3973 2998 4024 xui
3035 3968 3170 4043 ἔρως
3224 3969 3368 4040 ὀξὺς,
3401 3969 3492 4023 καὶ
3516 3969 3597 4032 τίς
3628 3971 3663 4036 ἡ
3714 3967 3858 4024 λυκ-

2204 4061 2500 4133 ανθρωπία,
2568 4061 2652 4113 xui
2710 4059 2916 4113 τούτων
2989 4059 3170 4120 ἰάσεις”
3234 4060 3355 4130 περί
3412 4079 3472 4113 τε
3536 4063 3644 4112 τῶν
3716 4062 3856 4114 κατᾶ

2203 4149 2292 4202 τὸν
2352 4147 2643 4225 ἐγκέφαλον
2693 4149 2898 4217 παθῶν,
2949 4149 3039 4201 xui
3102 4147 3224 4221 περὶ
3293 4145 3715 4220 λυσσοδήκτων,
3763 4152 3856 4202 xui

2203 4238 2325 4312 περὶ
2398 4236 2752 4311 παραλύσεως
2815 4235 2903 4291 xui
2962 4237 3385 4309 ἀνεκθερμάντου
3440 4236 3652 4310 ῥίγους,
3727 4239 3858 4310 περί

2203 4345 2258 4379 τε
2317 4330 2578 4396 σπασμῶν
2635 4325 2726 4379 xui
2775 4326 3016 4393 τετάνου,
3076 4324 3165 4378 καὶ
3222 4325 3342 4398 περὶ
3394 4329 3504 4377 τῶν
3574 4326 3705 4378 κατᾶ
3751 4325 3857 4393 τήν

447 4431 616 4484 super
634 4413 991 4480 adustiones,
1009 4415 1077 4467 ad
1101 4413 1310 4467 {uadum
1335 4414 1558 4469 narium
1573 4416 1830 4483 odorem,
1847 4422 1883 4472 1
1903 4420 1998 4473 76
2016 4419 2092 4491 (a)

2213 4413 2443 4488 κεφαλήν
2495 4415 2700 4468 παθῶν.
2762 4411 2904 4486 Πρός
2958 4433 3015 4467 τε
3070 4414 3137 4467 τὰ
3193 4417 3482 4486 σειριῶντα
3543 4413 3592 4448 ⁷ο
3640 4411 3853 4482 παιδία,

445 4503 518 4558 ad
545 4502 984 4575 suggillationes
1008 4503 1116 4558 sub
1141 4501 1364 4568 oculos,
1383 4505 1438 4556 et
1461 4504 1526 4556 ad
1549 4505 1986 4577 eechymomata
2008 4509 2095 4562 in-

445 4597 701 4646 veterata
733 4592 868 4660 (33).
906 4591 1045 4645 Item
1080 4591 1148 4645 de
1179 4591 1463 4645 labiorum
1498 4592 1748 4648 ﬁssione.
1785 4595 1870 4648 Ad
1915 4595 2092 4667 ephe-

444 4681 620 4737 lidem
655 4695 887 4751 quoque
917 4696 982 4734 ac
1017 4679 1176 4734 faciei
1213 4696 1420 4746 naevos,
1446 4682 1866 4754 oculorumque
1898 4685 2092 4755 nigras

443 4770 726 4837 maculas,
769 4774 826 4824 et
875 4785 1062 4836 varos,
1107 4785 1172 4823 ac
1222 4769 1428 4822 ficosus
1486 4771 1661 4824 menti
1722 4771 2086 4828 eminentiae.

437 4863 517 4918 De
553 4861 702 4915 Γωᾶο
733 4857 956 4912 alarum
991 4859 1202 4912 odore:
1239 4859 1307 4912 de
1339 4858 1513 4912 variis
1544 4860 1841 4914 oculorum
1875 4860 2089 4916 dolori-

435 4952 567 5010 bus.
600 4951 670 5005 de
702 4947 1021 5021 pediculari
1059 4947 1280 5014 morbo,
1315 4948 1384 5001 de
1417 4947 1647 5002 narium
1691 4949 2086 5005 obstructione

434 5046 489 5096 et
519 5041 587 5095 de
619 5037 1024 5110 strangulatis.
1059 5039 1250 5108 Atque
1285 5037 1374 5091 hic
1408 5043 1648 5093 octavus
1683 5038 1823 5094 liber
1857 5045 1961 5094 est.

2205 4504 2338 4576 πρός
2369 4523 2426 4556 τε
2475 4500 2739 4564 δυσωδίας
2791 4502 2956 4575 ῥινὸς,
2999 4502 3089 4556 καὶ
3133 4503 3268 4574 πρὸς
3314 4503 3561 4572 ὑπώπια,
3593 4503 3856 4576 καὶπρὸς

2204 4591 2584 4668 ἐκχυμώματα
2623 4592 2666 4629 7t
2729 4591 3142 4664 κεχρονισμὲνα.
3195 4592 3321 4664 Περί
3379 4612 3437 4645 τε
3491 4591 3728 4668 χειλέων
3757 4593 3858 4666 ῥα-

2199 4677 2389 4754 γαδος,
2423 4681 2510 4734 xui
2545 4682 2678 4755 πρὸς
2715 4679 2936 4756 ἐφήλεις
2968 4680 3055 4735 xui
3091 4679 3318 4740 σπίλους
3370 4681 3459 4733 καὶ
3507 4681 3709 4756 φακοὺς
3756 4683 3855 4736 xui

2203 4768 2408 4831 ίόνθους
2460 4771 2549 4823 xui
2607 4770 2701 4830 τὰς
2755 4769 2804 4823 ἐν
2855 4768 2933 4841 τῷ
2997 4769 3184 4844 γενείῳ
3231 4769 3493 4831 συκώδεις
3550 4770 3854 4826 ἐπαναστά-

2199 4881 2326 4922 σεις·
2361 4860 2480 4931 περί
2543 4882 2600 4914 τε
2661 4860 2962 4936 μασχαλῶν
3014 4858 3302 4927 δυσωδίας,
3334 4865 3426 4913 καῖ
3474 4861 3752 4934 περὶτῶν
3801 4862 3854 4915 ἐν

2196 4955 2312 5011 τοῖς
2373 4950 2688 5028 ὀφθαλμοῖς
2755 4952 2962 5016 παθῶν,
3031 4948 3153 5023 περί
3209 4970 3265 5004 τε
3323 4949 3687 5025 φθειριάσεως
3761 4951 3854 5004 xui

2196 5039 2512 5118 ἐμφράξεως
2583 5041 2940 5113 μυξωτήρων,
2999 5038 3088 5092 καὶ
3147 5039 3271 5112 περί
3337 5043 3446 5092 τῶν
3525 5040 3855 5114 ἀπαγχομέ-

2195 5152 2315 5184 νων.
2353 5131 2439 5186 Ἐν
2467 5130 2685 5190 τούτοις
2731 5129 2826 5201 μὲν
2860 5128 2948 5182 xui
2981 5129 3008 5182 ὁ
3039 5135 3088 5198 η’
3121 5126 3308 5200 λόγος.

1802 5229 2035 5286 VARI/E
2075 5228 2478 5286 LECTIONES.

1888 5329 1946 5350 μ-

981 5326 1024 5402 βθ
1047 5325 1339 5402 ,θεραπείας
1373 5329 1530 5402 rOLA
1555 5347 1572 5402 :7
1601 5327 1853 5400 Θεραπεία

504 5324 553 5358 ⁸⁸
580 5344 637 5378 τε
669 5325 798 5380 add.
834 5329 898 5384 A.

2043 5331 2085 5365 ⁸⁷
2118 5327 2313 5403 σκίρων
2343 5332 2407 5384 Α.

2485 5326 2533 5401 ss
2563 5325 2825 5400 χήμεολα
2854 5332 2939 5383 Αε
2977 5323 3222 5400 χὲμεθλα
3419 5325 3470 5360 ⁶⁰
3510 5323 3769 5401 λιχήνων
3812 5337 3854 5383 Α

433 5397 479 5432 ⁷ο
506 5399 784 5468 σηριῶντα
817 5404 878 5453 Α.
957 5399 1000 5435 τί
1044 5395 1420 5472 ἐκχυμώματα
1451 5395 1932 5474 Ηοὼοῐίιθεθῐὶδίἓ
1963 5419 1974 5456 :
2007 5401 2143 5458 libri
2174 5395 2371 5472 scripti
2407 5395 2678 5474 ἐχύμαῖτα.

2030 5502 2258 5556 ΝΟΤᾹΣ.

508 5606 623 5678 (30)
653 5604 921 5678 ροηιὶηρι
945 5621 1116 5678 nunc
1137 5609 1327 5678 capita
1359 5609 1444 5662 47.

656 5674 781 5731 Uno
811 5681 864 5729 et
897 5677 968 5728 50
999 5674 1304 5748 capitibus.

2265 5608 2380 5677 (32)
2409 5607 2711 5679 Capitibus
2737 5608 2828 5663 57.

2270 5676 2384 5749 (33)
2416 5676 2629 5736 Vitiosa
2662 5680 2773 5751 legi
2821 5679 2916 5736 hic
2964 5676 3201 5750 ἐκύματα
3245 5679 3455 5737 docent
3502 5678 3639 5735 libri
3694 5680 3845 5737 editi
