4184 6212
297 415 416 478 717

1393 413 1930 476 BlBLlOTHECA.
1980 446 2054 460 —
2097 415 2274 476 COD.
2320 415 2575 480 CCXIX.

3587 419 3704 480 718

367 551 431 607 Ὀ
488 545 846 618 δὲθ¹αὖτῷ,
891 544 992 600 ὅσα
1047 544 1192 616 πάθη
1249 548 1374 622 περί
1421 569 1479 602 τε
1550 547 1768 622 θώρακα
1860 548 1946 602 καὶ

2135 554 2330 606 Nonus
2381 557 2571 608 autem
2633 558 2688 608 et
2730 553 2968 609 ultimus
3001 554 3134 625 (34),
3168 553 3314 609 illud
3365 553 3702 610 morborum

293 637 593 712 σπλάγχνα
651 635 960 690 συνίσταται
1007 635 1098 690 καὶ
1153 631 1258 698 ἕως
1307 633 1528 691 αἰδοίων
1586 634 1785 708 διήκει,
1837 633 1952 690 δια-

297 723 590 802 λαμϐάνει,
621 727 688 780 τά
715 746 774 779 τε
817 729 1100 801 γυναικεῖα
1137 724 1429 800 καταλέγει
1467 727 1638 797 πάθη,
1687 728 1774 781 καὶ
1828 723 1950 799 περὶ

295 814 576 890 ποδάγρας
633 815 724 869 καὶ
783 811 1096 888 ἀρθρίτιδος
1169 815 1260 868 καὶ
1329 813 1581 892 ἷσχιάδος
1666 814 1950 890 θεραπείας

297 906 619 984 ἀναγράῳει.
653 903 896 974 Τοιαύτη
929 903 1020 958 καὶ
1049 906 1086 974 ἡ
1116 903 1274 978 τρίτη
1318 909 1398 977 τῷ
1451 901 1779 980 Ὀρειόασίῳ
1831 926 1954 958 συν-

299 996 604 1071 τεταγμένη
635 994 999 1069 πραγματεία.

1059 1173 1206 1230 ΣΙΘ’.

605 1265 714 1319 Τοῦ
749 1262 916 1316 αὐτοῦ
944 1261 1080 1337 πρὸς
1110 1261 1373 1317 Εὐνάπιον
1408 1263 1565 1339 λόγοι
1598 1260 1660 1319 δ’.

375 1354 436 1409 εΗ
480 1348 526 1406 δκ
695 1351 744 1386 ΡΑ
1100 1352 1112 1392 ἵ
1270 1351 1286 1368 \
1445 1351 1458 1370 ἱ
1555 1351 1568 1372 ς
1625 1352 1640 1372 \
1771 1352 1792 1386 'J

513 1371 538 1406 ε
585 1371 817 1424 τεταρτη
871 1357 1177 1423 Συντομ.αν
1231 1373 1325 1424 μεν
1372 1373 1460 1406 και
1512 1373 1646 1419 αυτη
1703 1349 1956 1425 βοολεται

305 1440 456 1513 αὖτῷ
484 1447 583 1509 τῆς
613 1441 839 1518 τέχνης,
891 1438 944 1493 ἐν
999 1437 1040 1494 δ’
1092 1437 1146 1494 δέ
1202 1441 1554 1515 ἀπαρτίζεται
1604 1440 1818 1516 λόγοις,
1869 1443 1958 1495 καὶ

303 1530 399 1584 τὸν
443 1529 718 1586 Εὗνάπιον
771 1523 1100 1596 ὑποϐάλλει,
1140 1528 1198 1583 ’ὃν
1249 1529 1338 1584 καὶ
1389 1528 1730 1604 λογιώτατον
1781 1531 1957 1602 ὑμνεῖ,

308 1617 484 1673 αἴτιον
525 1617 672 1690 αὖτῷ
720 1621 816 1672 τοῦ
878 1618 1249 1693 συντάγματος
1308 1620 1690 1694 γεγενημένον.
1741 1619 1817 1675 Τὰ
1864 1617 1960 1672 εὐ·-

308 1707 542 1782 πόριστα
601 1703 660 1760 δέ
723 1706 873 1778 αὐτῷ
919 1709 1028 1760 τῶν
1089 1705 1335 1778 ῗαμάτων
1411 1707 1680 1762 κάνταῦθα
1735 1709 1962 1782 γνώμην

313 1801 638 1872 συναγαγεῖν
687 1793 913 1867 εἰσάγει,
985 1795 1057 1848 ὧν
1116 1795 1208 1849 καὶ
1263 1797 1360 1864 τήν
1410 1793 1762 1850 διδασκαλίαν
1818 1796 1962 1869 τρισί

2062 653 2244 710 genus
2276 642 2701 713 complectitur,
2727 645 2878 715 quod
2907 643 3059 698 circa
3089 643 3378 699 thoracem
3405 659 3468 698 ac
3489 644 3706 699 viscera

2062 729 2347 798 consistit,
2379 739 2434 786 et
2466 733 2534 786 ad
2567 733 2816 787 verenda
2847 749 3030 802 usque
3064 733 3359 804 pertingit.
3394 731 3704 788 Muliebres

2061 817 2238 873 etiam
2289 821 2523 876 morbos
2573 826 2852 890 recenset,
2886 821 3163 877 adversus
3197 823 3534 893 podagram,
3568 822 3705 876 arti-

2063 906 2318 961 cularem
2344 909 2638 975 morbum,
2664 915 2719 964 et
2743 909 3061 965 ischiadem
3085 910 3344 966 remedia
3365 911 3706 979 praescribit.

2063 997 2224 1062 Quod
2260 997 2494 1066 quidem
2529 997 2759 1053 tertium
2794 1003 2882 1054 est
2911 999 2981 1054 ab
3015 997 3298 1066 Oribasio,
3326 999 3606 1070 scriptum
3639 999 3709 1053 de

2065 1099 2124 1138 re
2156 1085 2383 1141 medica
2414 1103 2580 1158 opus.

2767 1177 3003 1233 CCXIX.

2403 1265 2662 1335 Ejusdem
2692 1265 2762 1320 ad
2793 1267 3104 1336 Eunapium
3138 1267 3273 1321 libri
3307 1283 3379 1320 ιν.

2139 1353 2418 1414 Quartum
2453 1353 2586 1409 item
2620 1371 2767 1426 cpus
2800 1356 3060 1425 ejusdem
3099 1372 3228 1412 esse
3259 1356 3406 1410 Artis
3437 1358 3712 1426 Compen-

2067 1441 2241 1509 dium,
2267 1443 2570 1498 Oribasius
2593 1445 2732 1510 vult,
2757 1449 3006 1516 quatuor
3031 1445 3170 1499 illud
3197 1445 3361 1500 libris
3384 1445 3712 1501 absolvens.

2070 1530 2246 1600 Cujus
2279 1532 2512 1602 quidem
2547 1533 2933 1603 componendi
2961 1535 3281 1604 Eunapium
3309 1537 3503 1604 (quem
3530 1537 3588 1588 et
3607 1533 3718 1587 elo-

2071 1621 2527 1700 quentissimum
2560 1625 2858 1694 pradicet)
2890 1627 3186 1679 auctorem
3215 1625 3332 1679 sibi
3355 1624 3534 1680 fuisse
3558 1639 3717 1678 com-

2073 1716 2374 1766 memorat.
2439 1711 2711 1767 Remedia
2767 1727 2918 1780 vero,
2973 1729 3097 1783 quae
3179 1713 3345 1768 facile
3416 1720 3716 1784 parantur,

2074 1801 2298 1856 tradere
2330 1801 2439 1855 sibi
2483 1803 2840 1872 propositum
2893 1803 3006 1856 ait:
3043 1818 3216 1874 quam
3269 1803 3438 1857 etiam
3490 1803 3718 1858 doctri-

312 1884 596 1962 διέρχεται
635 1885 884 1958 τρόποις,
917 1883 998 1938 lvi
1037 1883 1130 1956 μὲν
1175 1883 1272 1946 τάς
1325 1905 1382 1938 τε
1428 1883 1667 1939 καθόλου
1708 1883 1963 1956 δυνάμεις

2091 1905 2208 1944 iam
2242 1889 2450 1960 triplici
2483 1891 2598 1945 fere
2629 1893 2802 1946 modo
2834 1892 3085 1947 coniicit.
3111 1891 3367 1946 Primum
3391 1891 3546 1946 enim
3577 1891 3718 1947 sim-

312 1977 406 2029 καὶ
459 1973 554 2036 τὰς
615 1971 702 2028 ἐπὶ
779 1971 978 2048 μέρους
1049 1974 1276 2047 χρήσεις
1332 1973 1558 2028 έκάστου
1615 1979 1722 2028 τῶν
1773 1971 1962 2028 ἁπλῶν

313 2062 506 2133 ἐπιὼν,
540 2064 672 2136 1564
703 2063 797 2134 [1.]
845 2059 1081 2136 δευτέρῳ
1131 2058 1188 2116 δὲ
1237 2061 1443 2124 πάθους
1491 2062 1716 2117 ἑκάστου
1765 2063 1832 2117 τὰ
1878 2063 1966 2116 ici-

318 2173 460 2227 ματα
518 2153 848 2206 συντάττων·
918 2149 1000 2229 ἐφ’
1056 2152 1144 2212 οἷς
1200 2153 1300 2220 τήν
1355 2171 1416 2206 τε
1472 2152 1796 2222 κατανόησιν
1873 2155 1968 2205 τοῦ

312 2243 650 2312 πεπονθότος
686 2240 884 2315 μορίου
914 2240 1008 2294 καὶ
1059 2242 1157 2309 τήν
1212 2237 1468 2316 διήγησιν
1498 2241 1546 2310 ἐξ
1580 2241 1653 2295 ὧν
1704 2238 1765 2294 ἄν
1812 2242 1971 2314 θερα-

313 2331 566 2401 πευθείη.
625 2329 901 2402 Τετάρτην
950 2326 1006 2382 δί
1056 2329 1308 2384 ὑπόθεσιν
1373 2329 1832 2404 μεταχειρίζεται,
1901 2327 1967 2397 ἢν

315 2422 410 2476 καὶ
448 2425 559 2474 τῶν
607 2417 914 2493 εἰρημένων
964 2417 1276 2492 προτάττει,
1326 2422 1421 2472 τοῦ
1473 2418 1710 2490 ὑγιεινοῦ
1767 2418 1970 2491 τυγχά-

317 2529 518 2564 νουσαν
581 2506 796 2582 μέρους.
851 2506 947 2562 Καὶ
997 2504 1228 2583 ἄρχεται
1287 2503 1344 2560 δὲ
1391 2505 1584 2561 αὐτίκα
1650 2506 1698 2575 ἐξ
1754 2507 1826 2560 ὧν
1883 2504 1972 2559 καὶ

323 2602 362 2669 ἡ
398 2597 578 2674 φύσις,
608 2597 729 2670 περί
769 2593 988 2650 παιδίου
1021 2593 1170 2666 λέγω
1200 2601 1428 2671 τροφῆς.

403 2690 563 2746 ’Ἐστι
596 2687 689 2760 μέν
737 2687 829 2741 οὖν
862 2689 896 2754 ἠ
928 2685 1064 2760 πρὸς
1093 2685 1365 2742 Εὐνάπιον
1397 2684 1544 2757 αὐτῷ
1577 2682 1972 2760 συντεταγμένη

331 2775 542 2848 σπουδὴ
569 2773 764 2850 σχεδὸν
789 2775 976 2844 ἡαῦτή
999 2777 1068 2848 τῇ
1108 2773 1464 2849 γεγραμμένῃ
1513 2775 1648 2848 πρὸς
1698 2775 1788 2829 τὸν
1840 2773 1972 2827 υἱόν·

329 2870 450 2922 Τῶν
471 2886 528 2920 τι
554 2866 657 2942 γὰρ
682 2863 1200 2939 χειρουργουμένων
1233 2859 1488 2936 οὐδετέρα
1520 2861 1686 2933 λόγον
1720 2859 1857 2936 ἔχει,
1879 2861 1976 2916 κάν

331 2961 449 3018 τοῖς
481 2953 678 3015 ἄλλοις
713 2951 768 3008 δέ
800 2951 1150 3030 συμφέρεται,
1179 2949 1328 3020 πλὴν
1360 2950 1457 3006 ὅσα
1485 2953 1584 3020 τήν
1612 2953 1756 3025 τάξιν
1787 2951 1846 3006 οὐ
1877 2953 1977 3020 τὴν

333 3045 458 3114 ἴσην
499 3043 590 3098 καὶ
621 3042 817 3115 ὁμοίαν
862 3039 1138 3110 διασώζει.
1182 3043 1300 3097 Ἐπ’
1351 3039 1515 3102 ἐνίοις
1577 3038 1634 3095 δὲ
1687 3042 1878 3116 μικρόν
1926 3061 1979 3093 τι

331 3133 420 3187 καὶ
464 3133 622 3206 ἑτέρα
649 3137 749 3200 τῆς
791 3129 976 3204 ἑτέρας
1027 3128 1362 3199 πλεονεκτεῖ,
1413 3128 1594 3202 ὥσπερ
1644 3129 1696 3182 έν
1745 3127 1980 3188 πολλοῖς

331 3228 441 3280 τῶν
473 3222 608 3278 κατᾶ
649 3222 778 3282 τοὺς
824 3221 1026 3280 τόπους
1072 3221 1256 3274 παθῶν
1290 3221 1323 3288 ἡ
1355 3220 1492 3294 πρὸς
1543 3219 1842 3286 Εὐνάπιον,
1890 3218 1980 3273 καὶ

331 3312 410 3374 εἷς
464 3311 564 3380 τὴν
615 3315 722 3365 τῶν
779 3308 970 3364 ἁπλῶν
1025 3307 1328 3384 φαρμάκων
1400 3305 1710 3382 διάγνωσιν·
1761 3301 1873 3362 ἔστι
1925 3305 1982 3362 δὲ

329 3401 397 3455 οὗ
441 3399 530 3453 καὶ
562 3400 596 3467 ἡ
629 3397 765 3472 πρὸς
809 3395 1104 3453 Εὖστάθιον
1153 3390 1268 3469 ἔχει
1317 3417 1371 3451 τι
1415 3395 1616 3467 ταύτης
1681 3395 1850 3452 πλέον
1903 3417 1980 3451 σε·

334 3489 803 3566 μνολογήσασθαι.
855 3486 1034 3545 ’Δλλᾶ
1064 3508 1126 3560 γε
1170 3489 1333 3562 χάρις
1382 3487 1514 3561 ὑπὲρ
1565 3489 1820 3562 ἑκατέρας
1874 3491 1981 3542 τῶν

333 3581 516 3636 πόνων
564 3583 644 3650 τῷ
704 3575 877 3652 ἀνδρί·
940 3576 1002 3630 τὸ
1050 3577 1151 3652 γὰρ
1199 3577 1368 3632 αὐτοῦ
1428 3577 1590 3652 μέρος
1649 3578 1710 3631 ού
1773 3572 1985 3651 βλάϐης

409 3667 434 3688 δ
502 3668 514 3685 1
583 3666 701 3688 1“,
769 3666 783 3687 9

338 3759 447 3833 πρὸ
487 3755 695 3813 τούτων
755 3755 1044 3828 συνέταξεν.
1106 3755 1362 3824 Φράσεως
1421 3752 1478 3809 δὲ
1534 3762 1858 3830 χαρακτῆρα
1905 3751 1992 3810 λέ-

342 3868 456 3924 γειν
486 3849 585 3902 τοῦ
643 3845 814 3919 λόγου
865 3843 979 3918 ἅμα
1029 3864 1087 3898 τε
1141 3841 1345 3918 ἄπορον
1403 3843 1494 3898 καὶ
1542 3844 1794 3917 περιττὸν
1853 3845 1990 3898 εἶναι

344 3935 514 3992 δοκεῖ·
548 3929 608 3989 ἔκ
658 3953 714 3988 τε
762 3935 808 3969 ⁷³
845 3931 948 4007 γὰρ
990 3929 1262 4011 διαφόρων
1309 3933 1398 3987 καὶ
1447 3930 1804 3987 παντοδαπῶν
1847 3932 1992 4005 αὐτῷ

343 4028 410 4084 τὰ
465 4025 814 4098 συντάγματα
882 4025 1284 4096 συνήθροισται,
1345 4024 1435 4078 καὶ
1495 4023 1679 4097 ἰατρὸς
1737 4023 1874 4097 ἀνὴρ
1933 4022 1994 4078 οὐ

341 4121 440 4172 τοῦ
469 4117 522 4170 ἐν
553 4114 708 4190 λόγῳ
739 4111 982 4174 καλλους
1016 4113 1106 4166 καὶ
1146 4119 1247 4182 τῆς
1281 4114 1474 4191 σοφίας
1515 4112 1736 4175 εὐθύνας
1785 4111 1844 4166 ἄν
1892 4132 1996 4168 τινι

341 4209 454 4262 τῶν
507 4203 936 4282 σωφρονούντων
992 4203 1291 4278 παράσχοι,
1343 4201 1468 4258 ἀλλ’
1514 4201 1566 4258 εἷ’
1607 4225 1658 4258 τι
1705 4209 1813 4257 τῶν
1863 4202 2000 4258 κατὰ

342 4297 446 4363 τήν
481 4293 730 4368 ἰατρικὴν
781 4287 956 4368 ἔργων
1008 4289 1106 4346 οὐκ
1154 4291 1332 4366 ὀρθῶς
1377 4289 1597 4362 διῆλθεν
1649 4290 1760 4346 οὐδ’
1801 4288 2001 4346 ἐπεδεί-

347 4387 496 4455 ξατο.

424 4647 591 4708 Εῖδον
648 4645 706 4704 δὶ
748 4645 920 4723 ἔγωγε
974 4653 1070 4703 τοῦ
1123 4646 1317 4723 ἀνδρὸς
1375 4650 1464 4704 καὶ
1514 4651 1693 4724 ἑτέραν
1741 4670 2001 4724 πραγμα-

350 4739 497 4795 τείαν
556 4737 609 4792 έν
689 4735 731 4792 δ’
799 4735 993 4812 λόγοις
1052 4739 1480 4810 συντεθειμένην.
1563 4737 1868 4812 Εὐπόριστα
1945 4735 2004 4792 δὲ

351 4827 686 4902 ἐπεγράφετο
740 4826 804 4882 τὸ
865 4821 1106 4900 βιϐλίον,
1151 4827 1240 4881 καὶ
1283 4827 1374 4881 τὸν
1435 4826 1685 4901 Εὐγένιον
1753 4828 2002 4882 ὑπόθεσιν

349 4921 454 4972 τοῦ
515 4917 886 4990 συντάγματος
943 4913 1202 4973 ἐποιεῖτο.
1262 4916 1610 4994 Λογιώτατον
1671 4913 1726 4970 δὲ
1775 4915 1862 4970 καὶ
1911 4918 2004 4971 τὸν

351 5005 623 5080 Εὖγένιον
680 5003 958 5077 όνομάζει’
1019 5004 1110 5058 καὶ
1177 5005 1533 5081 χρησιμεύειν
1595 5007 1720 5078 [290
1773 5007 1860 5080 Η.]
1907 5007 2004 5074 τήν

353 5093 732 5170 πραγματείαν
791 5095 928 5150 κατά
985 5115 1044 5148 τε
1101 5093 1305 5171 ἀγροὺς
1367 5094 1456 5148 καὶ
1536 5091 1852 5168 ὁδοιπορίας
1918 5094 2008 5148 καὶ

2076 1979 2311 2050 plicium
2365 1979 2668 2034 facultates
2715 1981 3000 2048 universe,
3051 1985 3108 2035 et
3156 1979 3496 2053 singulatim
3549 1997 3720 2037 usum

2079 2069 2366 2138 cuiusque
2397 2072 2676 2123 recenset.
2703 2069 2919 2124 Deinde
2942 2069 3128 2124 morbi
3152 2071 3445 2141 cujusque
3475 2070 3726 2126 curatio-

2078 2172 2208 2210 nem
2235 2156 2630 2211 docet.Tertio
2649 2161 2854 2228 praeter
2873 2159 3052 2228 partis
3071 2158 3290 2213 affecta
3310 2159 3723 2230 cognitionem,

2079 2247 2252 2300 etiam
2307 2246 2628 2302 medicandi
2679 2247 2958 2302 rationem
3005 2249 3262 2318 exponit.
3305 2250 3514 2313 Quarto
3565 2246 3729 2302 deni-

2081 2350 2193 2404 que
2241 2333 2366 2389 loco
2398 2334 2537 2389 illud
2573 2340 2986 2406 argumentum
3017 2339 3247 2402 tractat,
3281 2335 3434 2406 quod
3467 2336 3536 2389 ad
3570 2334 3729 2389 sani-

2079 2427 2257 2477 tatem
2291 2423 2610 2478 curandam
2644 2429 2902 2493 spectat:
2931 2424 3080 2494 quod
3107 2429 3162 2479 et
3186 2424 3407 2478 caeteris
3431 2425 3551 2492 jam
3585 2439 3731 2478 enu—

2085 2511 2324 2566 meratis
2356 2513 2674 2582 praemittit.
2709 2515 2831 2567 Mox
2864 2528 2996 2582 ergo
3027 2529 3160 2566 cum
3195 2517 3405 2567 natura
3435 2512 3505 2566 ab
3539 2511 3730 2565 infan-

2083 2602 2154 2656 tis
2184 2603 2528 2657 educatione
2559 2603 2913 2672 auspicatur.

2155 2695 2436 2746 Caeterum
2475 2690 2564 2746 hic
2597 2691 2666 2744 ad
2703 2690 3028 2760 Eunapium
3077 2691 3239 2745 labor
3286 2690 3440 2746 idem
3495 2689 3609 2744 fere
3665 2705 3732 2744 ac

2087 2779 2354 2850 geminus
2385 2783 2468 2834 est
2499 2795 2632 2834 cum
2663 2795 2729 2833 eo
2761 2793 2955 2849 opere,
2979 2781 3129 2850 quod
3158 2780 3226 2834 ad
3253 2779 3438 2833 filium
3470 2777 3730 2849 scripsit.

2087 2871 2366 2922 Neutrum
2402 2867 2556 2924 enim
2588 2867 2897 2938 chirurgiae
2949 2869 3226 2922 rationem
3277 2869 3472 2934 ducit;
3506 2871 3563 2922 et
3593 2883 3731 2922 vero

2087 2959 2146 3013 in
2193 2959 2413 3012 caeteris
2455 2973 2684 3028 quoque
2732 2957 3093 3028 conspirant,
3129 2957 3237 3012 nisi
3272 2957 3422 3026 quod
3467 2955 3733 3012 ordinem

2091 3048 2286 3116 aliqua
2316 3047 2584 3100 eumdem
2609 3045 2696 3099 vel
2719 3046 2970 3101 similem
2996 3061 3109 3100 non
3135 3052 3384 3100 servant.
3409 3047 3472 3100 In
3497 3045 3750 3116 quibus-.

2094 3139 2226 3190 dam
2267 3139 2398 3189 item
2449 3133 2692 3188 alterum
2742 3135 2922 3189 altero
2972 3135 3238 3188 nonnihil
3291 3139 3545 3205 prastat,
3579 3134 3733 3188 utin

2093 3225 2383 3296 plerisque
2413 3222 2673 3278 locorum
2723 3223 2963 3290 morbis,
2997 3228 3053 3277 et
3083 3227 3366 3292 quantum
3401 3223 3470 3277 ad
3505 3221 3736 3292 simpli-

2090 3314 2240 3369 cium
2275 3313 2837 3367 medicamentorum
2871 3311 3258 3383 cognitionem
3283 3309 3447 3377 illud,
3475 3311 3626 3382 quod
3663 3309 3732 3364 ad

2089 3402 2416 3473 Eunapium
2449 3401 2740 3466 scribitur,
2772 3418 2935 3473 opus.
2971 3401 3038 3454 Et
3071 3399 3244 3454 habet
3288 3399 3546 3455 vicissim
3596 3397 3734 3453 alibi

2093 3492 2394 3564 quidpiam
2429 3491 2498 3546 ad
2531 3491 2902 3545 Eustathium
2935 3488 3107 3556 liber,
3133 3489 3203 3544 de
3225 3505 3340 3561 quo
3363 3505 3478 3560 prae
3503 3488 3599 3543 illo
3622 3487 3737 3556 glo-

2096 3581 2235 3636 riari
2258 3579 2457 3650 possit.
2481 3583 2696 3634 Verum
2727 3597 2824 3650 pro
2851 3583 3097 3649 utroque
3120 3581 3391 3647 suscepto
3413 3577 3608 3631 labore
3629 3577 3740 3646 (35)

2100 3671 2360 3726 habenda
2375 3669 2594 3724 homini
2611 3668 2792 3740 gratia
2805 3675 2909 3722 est.
2928 3669 3082 3732 Quod
3099 3666 3254 3720 enim
3269 3666 3326 3720 in
3343 3667 3622 3734 scriptore
3636 3663 3746 3719 fuit

2099 3777 2214 3816 non
2241 3759 2598 3814 incommodi
2630 3755 2978 3826 cujuspiam,
3004 3755 3102 3809 sed
3137 3751 3517 3808 emolumenti
3552 3752 3744 3822 potius

2099 3867 2276 3906 causa
2323 3849 2436 3918 (36)
2487 3857 2797 3916 utrumque
2829 3847 2911 3916 (ut
2941 3849 2997 3898 et
3028 3859 3152 3915 quas
3198 3847 3364 3898 antea
3413 3841 3745 3911 scripserat)

2099 3937 2436 3996 elaboravit.
2463 3935 2622 4002 Quod
2657 3937 2844 3988 autem
2871 3933 2941 3986 ad
2966 3932 3195 3986 dicendi
3229 3930 3620 3986 characterem
3655 3933 3746 3983 at-

2102 4027 2266 4093 tinet,
2317 4023 2566 4078 dubium
2615 4037 2741 4074 esse
2790 4037 2854 4074 ac
2903 4035 3400 4090 supervacaneum
3461 4018 3746 4084 videatur,

2106 4115 2422 4186 quidquam
2468 4111 2746 4180 iudicare.
2779 4109 2925 4165 Nam
2956 4126 3038 4165 ea)
3069 4110 3242 4164 variis
3287 4113 3457 4176 atque
3488 4107 3748 4180 omnige-

2107 4205 2196 4260 nis
2219 4206 2256 4258 1
2274 4203 2472 4272 16(1))
2496 4203 2613 4256 haec
2635 4204 2772 4254 sunt
2795 4201 2866 4254 ab
2891 4216 2955 4254 eo
2979 4199 3218 4254 collecta
3241 4197 3564 4254 volumina:
3589 4207 3640 4250 et
3663 4195 3752 4250 vir

2107 4293 2371 4349 medicus
2394 4308 2510 4347 non
2533 4289 2818 4345 sermonis
2841 4289 3141 4360 elegantiae
3160 4287 3491 4358 peritiaque
3513 4285 3751 4340 reddere

2105 4381 2390 4438 rationem
2427 4377 2812 4450 prudentibus
2844 4377 3033 4445 debet,
3058 4376 3161 4431 sed
3184 4376 3233 4431 si
3257 4393 3430 4448 quam
3459 4376 3602 4430 forte
3627 4389 3755 4428 me-

2029 4495 2074 4560 D
2109 4472 2370 4528 dicarum
2407 4467 2772 4524 functionum
2807 4466 3000 4522 minus
3037 4471 3189 4522 recte
3220 4470 3322 4522 aut
3351 4465 3620 4533 reddidit,
3653 4469 3756 4520 aut

2109 4558 2544 4616 demonstravit.

2182 4650 2310 4703 Vidi
2342 4664 2446 4719 ego
2474 4645 2714 4700 alterum
2743 4645 3005 4715 ejusdem
3037 4644 3294 4700 auctoris
3325 4660 3490 4714 Opus,
3517 4643 3756 4699 totidem

2113 4738 2276 4794 libris
2303 4735 3146 4805 distinctum,inscriptumque
3171 4733 3604 4804 Parata-facilia
3624 4733 3758 4804 (37).

2115 4827 2179 4881 Id
2205 4826 2271 4880 ad
2297 4823 2618 4894 Eugenium
2645 4824 2958 4892 quemdam
2980 4827 3394 4894 argumentum
3419 4837 3587 4875 suum
3614 4820 3759 4874 rel‘e-

2114 4917 2293 4984 rebat,
2327 4931 2501 4985 quem
2539 4919 2592 4969 et
2631 4915 2908 4966 disertum
2963 4912 3246 4968 nominat.
3281 4910 3485 4965 Utilem
3536 4924 3762 4980 quoque

2116 5005 2491 5076 scriptionem
2564 5003 2684 5058 l'ore
2749 5001 3165 5057 rusticantibus
3233 4999 3486 5069 additur,
3539 4997 3764 5069 iterque

2115 5095 2442 5166 agentibus,
2473 5096 2528 5148 et
2560 5092 2892 5162 ubicunque
2925 5092 3177 5147 locorum
3210 5087 3420 5145 medici
3453 5087 3619 5160 copia
3649 5105 3764 5143 non

1711 5241 1947 5298 VARIIE
1999 5239 2406 5297 LECTIONES.

431 5362 566 5416 ἠτα
605 5363 785 5434 Αεγε

1947 5489 2178 5547 NOTAE.

433 5613 549 5680 (34)
579 5613 684 5669 Ροι·
716 5611 902 5682 capita
935 5613 1025 5671 62.

440 5677 552 5758 (35)
589 5677 868 5771 @meqdo,
893 5683 1026 5760 ὑπὲρ
1057 5681 1310 5758 ἑκατέρας
1340 5685 1447 5738 τῶν
1470 5677 1743 5750 σπουδῶν,
1769 5687 1870 5737 aut
1898 5677 2019 5734 ἐκα-

367 5753 670 5834 τέρου-τῷν
702 5753 907 5811 πόνων.

2200 5606 2312 5684 (ἓξ)
2343 5607 2544 5684 "_Ev_eagz
2576 5620 2790 5684 repono
2823 5620 2922 5684 p_ro
2945 5602 3194 5684 έκατέρα.
3305 5675 3320 5684 _
3357 5673 3396 5684 κ
3563 5670 3575 5684 ι
3717 5669 3729 5682 _

2201 5673 2313 5750 (3'7)
2347 5678 2456 5744 Qui
2486 5673 2698 5750 titulus
2729 5673 2904 5732 modo
2945 5673 3226 5732 librorum
3254 5675 3323 5730 ad
3357 5673 3684 5744 Eunapium
3715 5673 3776 5726 in

2130 5751 2394 5808 excussis
2418 5749 2871 5822 exemplaribus.
