4184 6212
477 382 591 444 719

1672 371 1935 435 PHOTlI
1982 369 2512 433 PATRIARCH/E
2557 374 2674 435 ΟΡ.

3758 371 3887 434 ’120

473 519 848 590 suppeteret:
883 514 1281 569 verumtamen
1331 511 1427 566 hic
1473 509 1618 566 liber
1670 508 1778 565 etsi
1827 505 2018 573 titulo,
2059 508 2116 560 et

2236 503 2504 578 ἰλλαχοῦ,
2563 504 2671 580 ὅπῃ
2728 506 3000 582 παρουσία
3061 506 3247 580 ἰατροῦ
3307 507 3411 561 οὐκ
3493 507 3882 586 ἐπιχωριάζει.

476 605 743 678 apposita
819 601 1172 658 dedicationi
1236 616 1500 672 persona,
1552 597 1819 655 nonnihil
1873 595 2120 662 differat,

474 701 680 751 caetera
719 698 916 748 tamen
968 689 1204 745 nonnisi
1247 689 1608 759 descriptum
1653 703 1778 743 esse
1828 684 2019 756 operis
2051 683 2122 737 ad

471 783 796 854 Eunapium
847 781 995 836 satis
1045 780 1353 835 manifeste
1400 783 1660 851 apparet.
1688 777 1874 841 Quare
1907 777 1963 830 in
1995 789 2123 830 eam

473 873 780 944 cogitando
811 870 1159 926 sententiam
1191 869 1342 935 veni,
1370 885 1482 923 non
1513 884 1642 922 esse
1670 867 1725 920 id
1760 879 2020 934 unquam
2052 862 2123 917 ab

474 961 739 1017 Oribasio
770 960 988 1013 factum
1016 975 1029 1013 :
1063 957 1164 1012 sed
1196 958 1280 1010 vel
1313 972 1565 1012 errorem
1600 955 1749 1024 ejus,
1781 953 1881 1024 qui
1909 951 1980 1006 ab
2014 951 2124 1004 ini-

471 1050 554 1106 tio
587 1050 833 1105 missum
861 1049 930 1102 ad
958 1049 1281 1118 Eunapium
1317 1045 1530 1100 librum
1562 1043 1964 1106 describendo,
1989 1042 2127 1094 titu-

472 1139 597 1194 lum
631 1137 866 1209 quidem
902 1137 959 1191 in
991 1133 1421 1204 Parata-[acilia
1453 1130 1852 1196 commutarit,
1886 1146 1986 1199 pro
2018 1129 2124 1182 Eu-

471 1229 647 1300 napio
696 1243 828 1281 vero
880 1225 1198 1297 Eugenium
1251 1223 1599 1294 subjecerit:
1633 1221 1718 1277 vel
1748 1220 1926 1275 alium
1976 1225 2124 1274 certe

475 1315 812 1388 quempiam
845 1313 1093 1386 gloriam
1127 1313 1238 1368 sibi
1273 1328 1338 1367 ex
1369 1311 1730 1366 dedicatione
1759 1309 2121 1380 querentem,

473 1411 543 1465 ad
596 1407 706 1463 hoc
749 1405 1081 1478 confugisse
1142 1411 1556 1469 commentum,
1592 1407 1657 1457 ut
1706 1419 1808 1472 pro
1861 1398 2122 1469 Eunapio

471 1496 817 1569 Eugenium,
851 1499 910 1552 et
939 1511 1041 1566 pro
1093 1494 1309 1566 scripto
1357 1492 1439 1548 ibi
1479 1492 1652 1548 titulo
1684 1487 2125 1559 Parata-facilia

473 1586 772 1644 scriberet.

1197 1759 1393 1818 CCXX.

929 1852 1155 1908 Theonis
1186 1849 1463 1905 archiam‘
1490 1849 1674 1903 Homo.

546 1943 682 2016 Legi
703 1941 954 1999 Theonis
988 1939 1257 1994 archiatri
1281 1937 1656 1993 Alexandrini
1690 1936 1904 1991 librum
1939 1933 2124 1989 medi-

473 2051 628 2101 cum,
653 2032 752 2105 qui
783 2033 950 2086 Homo
981 2028 1340 2089 inscribitur.
1363 2035 1417 2080 et
1441 2024 1770 2080 Theoctisto
1803 2023 2121 2077 dedicatur.

472 2123 818 2180 Curationes
848 2125 1040 2175 autem
1073 2119 1412 2188 auspicatur
1435 2117 1505 2172 ab
1529 2114 1784 2172 hominis
1813 2114 2000 2184 capite
2031 2129 2128 2167 us-

473 2228 581 2283 que
611 2213 680 2266 ad
715 2210 913 2282 pedes,
937 2208 1275 2263 allectorum
1295 2205 1558 2260 omnium
1589 2202 1834 2258 humani
1867 2200 2125 2274 corporis

472 2300 728 2374 partium
765 2297 984 2354 morbis
1017 2296 1267 2352 remedia
1301 2295 1564 2366 quaedam
1596 2293 1858 2348 aﬂerens.
1893 2291 2018 2346 Non
2042 2300 2123 2346 ta-

476 2407 608 2446 men
645 2393 746 2444 aut
777 2387 961 2442 morbi
983 2392 1274 2450 naturam,
1298 2385 1410 2438 nisi
1435 2384 1494 2437 in
1531 2382 1728 2452 paucis
1764 2384 1927 2448 forte,
1951 2380 2127 2449 expli-

477 2484 591 2545 cat,
628 2487 726 2532 aut
758 2476 905 2531 satis
954 2475 1228 2529 distincte
1279 2472 1408 2526 illas
1450 2488 1542 2526 res
1593 2469 1765 2524 tradit
1804 2471 1874 2524 de
1912 2469 2124 2540 quibus

477 2567 765 2623 disserere
827 2563 1114 2634 proponit.
1178 2559 1490 2631 Descriptis
1546 2575 1680 2614 vero
1733 2561 1854 2631 jam
1925 2574 2124 2613 eorum

473 2655 813 2711 morborum
865 2650 1157 2717 remediis,
1191 2649 1292 2721 qui
1326 2649 1503 2719 pedes
1535 2651 1704 2718 atque
1731 2645 2006 2702 articulos
2035 2646 2127 2700 in-

472 2744 683 2799 vaders
741 2740 956 2805 solent,
1015 2741 1085 2794 de
1140 2737 1525 2809 purgantibus
1583 2735 1794 2792 deinde
1872 2737 2126 2791 medica-

474 2832 690 2887 mentis
765 2828 1133 2900 simplicibus
1193 2827 1338 2898 agit,
1397 2830 1757 2896 conaturque
1813 2830 1868 2880 et
1920 2840 2130 2880 causas

476 2920 763 2994 quasdam
799 2919 1039 2974 reddere
1069 2917 1267 2987 idque,
1302 2923 1355 2970 ut
1407 2915 1551 2970 mihi
1602 2914 1827 2985 quidem
1877 2914 2126 2979 videtur,

475 3026 591 3065 non
625 3012 799 3076 recte,
832 3021 1019 3077 neque
1065 3006 1358 3060 veritatem
1393 3007 1654 3069 secutus,
1688 3019 1791 3058 cur
1839 3001 2121 3073 purgandi

475 3097 808 3154 facultatem
843 3095 1292 3167 pharmacorum
1330 3097 1538 3146 natura
1569 3095 1781 3146 exerat.
1817 3091 1961 3144 Hinc
2011 3105 2127 3144 me-

476 3187 941 3242 dicamentorum
993 3182 1186 3238 omnis
1218 3179 1448 3250 generis
1480 3179 1960 3251 compositionem
1994 3195 2122 3249 per-
2157 3161 2198 3228 C

479 3279 711 3340 tractat,
745 3290 871 3344 qua:
903 3271 1293 3326 sufﬁcientem
1329 3270 1398 3324 ad
1425 3285 1604 3339 supra
1634 3269 1950 3323 nominatos
1983 3284 2130 3321 mor-

477 3365 606 3430 bos,
639 3370 987 3430 czsterasque
1022 3359 1259 3414 humani
1299 3358 1558 3428 corporis
1589 3358 1922 3412 affectiones
1955 3372 2127 3411 usum

480 3453 802 3526 praebeant,
836 3447 1086 3522 singulis
1138 3446 1422 3502 morbosis
1473 3446 1754 3516 partibus,
1789 3462 1936 3515 quas
1980 3445 2129 3499 omi-

478 3545 658 3608 serat,
683 3539 938 3595 remedia
970 3539 1117 3592 177
1155 3537 1233 3607 (α)
1267 3535 1586 3590 ascribens.
1617 3534 1937 3605 Emplastra
1969 3534 2129 3589 insu-

479 3646 601 3702 per,
653 3633 708 3685 et
765 3628 1046 3684 adversus
1103 3625 1510 3682 lassitudinem
1575 3625 1848 3692 remedia,
1895 3623 2130 3694 collyria

477 3721 641 3785 item,
676 3735 741 3773 ac
773 3719 964 3773 varias
1014 3716 1306 3771 antidotos
1339 3733 1371 3769 a
1400 3714 1574 3769 variis
1618 3713 1974 3784 praescriptas
2010 3729 2127 3766 me-

479 3806 622 3864 dicis
666 3807 852 3862 affert.
881 3807 1006 3871 Qua
1048 3805 1108 3858 in
1155 3820 1297 3874 opus
1345 3803 1489 3857 illud
1540 3803 1928 3856 consumitur.
1965 3801 2131 3855 Liber

481 3903 674 3951 autem
721 3893 818 3948 hic
849 3893 1110 3948 eamdem
1148 3891 1264 3947 fere
1296 3890 1624 3955 utilitatem,
1659 3905 1833 3961 quam
1884 3887 2129 3944 Oribasii

480 3982 779 4056 synopsis,
815 3983 1037 4038 atl‘erat.

1275 4160 1427 4211 XXI.

725 4246 872 4303 Aetii
901 4245 1158 4301 Amidem'
1185 4156 1608 4316 ἓὲἔξνῖίηεάιέἱ
1637 4245 1771 4300 libri
1801 4263 1914 4301 XVI.

554 4336 826 4407 Legimus
855 4334 1003 4390 Aetii
1040 4333 1305 4388 Amideni
1329 4338 1411 4389 De
1432 4349 1490 4388 re
1521 4333 1728 4389 medica
1758 4334 1936 4390 libros
1968 4336 2129 4391 sede-

478 4425 594 4482 cim
627 4424 758 4495 (38).
792 4423 1040 4494 Collegit
1070 4427 1258 4478 autem
1305 4427 1488 4478 totum
1533 4422 1706 4478 hocce
1737 4439 1884 4495 opus
1917 4440 2028 4478 non
2064 4440 2132 4478 ex

2151 1829 2200 1895 B

2231 591 2406 647 Ἀλλά
2435 598 2599 649 τοῦτο
2631 596 2690 649 τὸ
2727 591 2945 670 βιϐλίον
2977 595 3115 650 κατᾶ
3155 597 3248 668 μὲν
3295 596 3392 663 τὴν
3437 594 3743 672 ἐπιγραφὴν
3787 600 3880 653 καὶ

2229 682 2292 735 τὸ
2352 679 2801 757 ὑποϐαλλόμενον
2860 685 2934 747 εἰς
2987 685 3086 754 τὴν
3147 685 3532 764 προσφώνησιν
3583 686 3882 762 πρόσωπον

2232 766 2496 847 διαφοράν
2539 771 2679 846 ἔχει,
2727 775 2793 828 τὰ
2851 770 2895 827 δ’
2956 771 3101 828 ἄλλα
3149 773 3297 846 μάλα
3353 779 3666 854 περιφανῶς
3716 798 3884 848 μετα·-

2227 862 2409 935 γραφή
2455 861 2594 934 μόνη
2647 863 2758 917 ἒστὶ
2815 869 2914 931 τῆς
2973 864 3109 936 πρὸς
3165 863 3433 918 Εὐνάπιον
3480 865 3882 941 πραγματείας,

2229 949 2366 1004 ὥστε
2397 949 2571 1026 ἔγωγε
2600 953 2688 1005 καὶ
2715 952 2793 1013 εἷς
2825 951 3130 1025 λογισμοὺς
3161 951 3440 1028 ἀφικόμην
3491 953 3565 1016 ὡς
3618 953 3722 1030 ἄρα
3765 958 3881 1027 μή-

2229 1059 2361 1093 ποτε
2391 1040 2489 1094 οὐκ
2519 1039 2604 1109 εἶή
2636 1045 2797 1094 τοῦτο
2840 1036 3164 1114 Ὀρειϐασίῳ
3205 1039 3699 1116 διαπεπραγμένον,
3748 1042 3882 1100 ἀλλ’

2229 1129 2264 1198 ἢ
2300 1129 2598 1202 ἁμάρτημα
2629 1134 2724 1183 τοῦ
2775 1130 2864 1184 ἀπ’
2910 1129 3088 1204 ἀρχῆς
3132 1132 3436 1204 γράψαντος
3479 1133 3540 1186 τὸ
3593 1133 3728 1206 πρὸς
3770 1133 3882 1190 Εὐ-

2230 1217 2420 1271 νάπιον
2453 1213 2695 1292 βιϐλίον,
2751 1219 2810 1279 ὃς
2855 1221 2955 1288 τήν
3006 1240 3064 1273 τε
3112 1217 3422 1296 ἐπιγραφὴν
3463 1220 3536 1282 εἷς
3575 1223 3641 1274 τὰ
3688 1223 3882 1277 Εὐπό-

2233 1326 2387 1379 ριστα
2442 1307 2762 1378 μετετάξατο
2818 1307 2908 1361 καὶ
2967 1307 3084 1362 ἀντὶ
3140 1309 3415 1364 Εύναπίου
3474 1308 3730 1383 Εύγένιον
3777 1311 3882 1364 ὑπ-

2233 1389 2478 1464 εϐάλετο,
2511 1398 2546 1466 ἢ
2577 1393 2760 1470 ἕτερόν
2792 1417 2908 1451 τινα
2941 1395 3094 1466 δόξαν
3134 1398 3308 1470 ἑαυτῷ
3357 1398 3416 1453 ἐκ
3462 1405 3562 1468 τῆς
3612 1419 3879 1476 προσφω-

2230 1485 2435 1554 νήσεως
2495 1486 2779 1558 μνώμενον
2840 1485 2915 1548 εἷς
2972 1488 3070 1555 τήν
3126 1487 3382 1557 τοιαύτην
3460 1491 3879 1561 περιενεχθῆναι

2231 1571 2494 1645 ἐπίνοιαν,
2527 1573 2615 1628 καί
2656 1575 2884 1649 ἀμεῖψαι
2931 1577 3024 1630 τόν
3069 1597 3126 1631 τε
3174 1577 3442 1632 Εύνάπιον
3495 1577 3570 1639 εἷς
3617 1578 3877 1652 Εύγένιον

2231 1663 2322 1716 καὶ
2352 1663 2450 1730 τήν
2483 1663 2734 1736 κειμένην
2768 1662 3073 1744 ἐπιγραφὴν
3108 1665 3202 1726 Εἲς
3233 1664 3527 1740 εὐπόριστα
3557 1667 3624 1722 7³.

2992 1756 3112 1812 ΣΚ’.

2558 1841 2767 1904 Θέωνος
2799 1843 3100 1917 ἆρχιατροῦ
3130 1843 3158 1897 ὁ
3189 1845 3532 1917 νΑνθρωπος.

2301 1930 2634 2004 Ἀνεγνώσθη
2693 1931 2899 1992 Θέωνος
2959 1931 3269 2006 ἀρχιητροῦ
3341 1930 3740 2008 Ἀλεξανδρέως
3791 1933 3881 1988 ία-

2225 2019 2412 2090 τρικὸν
2465 2014 2705 2092 βιϐλίον,
2761 2021 2789 2073 δ
2837 2019 3123 2098 ἐπιγράφει
3175 2022 3517 2095 ’Δνθρωπον.
3577 2023 3883 2095 Θεοκτίστῳ

2231 2107 2325 2181 μὶν
2357 2109 2418 2163 τὸ
2469 2110 2751 2182 σύνταγμα
2799 2115 3133 2186 προσφωνεῖ,
3183 2110 3490 2185 ἆπάρχεται
3533 2108 3590 2166 δί
3635 2119 3734 2179 τῆς
3785 2114 3878 2165 θεν

2229 2195 2449 2268 ραπείας
2482 2194 2586 2250 ἀπὸ
2627 2198 2871 2273 κεφαλῆς
2903 2198 2993 2252 καὶ
3044 2196 3220 2268 διήκει
3271 2199 3436 2274 μέχρι
3486 2197 3689 2270 ποδῶν,
3739 2201 3881 2255 πάν-

2225 2304 2334 2338 των
2393 2290 2502 2338 τῶν
2558 2287 2907 2340 πεπονθότων
2973 2287 3180 2361 μορίων
3238 2292 3335 2342 τοῦ
3405 2289 3664 2360 σώματος
3716 2291 3880 2362 θερα-

2226 2373 2382 2436 πείας
2417 2375 2568 2436 τινας
2603 2376 2942 2453 ἀναγράφων.
2997 2375 3129 2432 Οὔτε
3180 2375 3236 2431 δὲ
3279 2378 3377 2445 τήν
3422 2381 3519 2432 τοῦ
3564 2381 3880 2451 νοσήματος

2228 2463 2384 2542 φύσιν
2424 2462 2570 2533 πλὴν
2622 2464 2709 2519 ἐπί
2767 2487 2828 2539 γε
2891 2466 3140 2541 βραχέων
3187 2463 3513 2537 ἐκδιδάσκει,
3583 2465 3708 2522 οὔτε
3763 2475 3881 2532 τοῖς

2227 2553 2493 2628 πρέπουσι
2525 2551 2980 2628 προσδιορισμοῖς
3023 2556 3090 2624 7‘,
3140 2556 3264 2631 περὶ
3313 2553 3388 2609 ὦν
3437 2556 3731 2630 προάγεται
3785 2558 3880 2612 λέ-

2227 2663 2358 2717 γειν,
2404 2644 2504 2711 τήν
2546 2641 2898 2698 διδασκαλίαν
2950 2644 3162 2719 ὑπάγει.
3213 2645 3362 2701 Μετὰ
3409 2642 3464 2698 δέ
3523 2665 3583 2718 γε
3631 2647 3694 2700 τὸ
3744 2649 3882 2723 γρά-

2229 2735 2326 2795 ψαι
2387 2735 2430 2768 ⁷⁵
2469 2736 2574 2786 τῶν
2621 2729 2965 2807 ποδαγρικῶν
3017 2733 3104 2787 καὶ
3163 2733 3490 2808 ἀρθριτικῶν
3543 2736 3727 2788 παθῶν
3789 2736 3884 2789 td-

2232 2839 2396 2892 ματα,
2465 2817 2678 2889 διέξεισι
2752 2819 2849 2891 μὲν
2927 2820 3048 2892 περὶ
3114 2824 3218 2874 τῶν
3282 2819 3471 2875 ἁπλῶν
3539 2822 3884 2894 καθαρτικῶν

2229 2910 2553 2983 φαρμάκων,
2587 2915 2838 2982 πειρᾶται
2871 2905 2928 2963 δὲ
2967 2909 3057 2963 καὶ
3121 2909 3295 2972 αἰτίας
3337 2909 3488 2972 τινας
3535 2906 3881 2978 ἀποδιδόναι,

2233 2999 2360 3070 [565
2401 2999 2491 3070 R.]
2543 2997 2642 3052 οὐκ
2696 2993 2888 3074 ἔμοιγε
2943 2996 3132 3052 δοκοῦν
3185 2997 3360 3072 ὀρθῶς
3421 2995 3547 3052 οὐδὲ
3587 3006 3688 3068 τῆς
3738 2997 3884 3069 ἁλη-

2233 3085 2375 3148 θείας
2418 3083 2738 3159 ἐξημμένος,
2793 3085 2861 3140 δι’
2911 3086 2971 3148 ἃς
3024 3088 3124 3155 τὴν
3173 3089 3507 3162 καθαρτικὴν
3570 3083 3799 3160 δύναμιν
3845 3090 3883 3157 ἡ

2235 3178 2345 3228 τῶν
2404 3175 2706 3248 φαρμάκων
2762 3172 3090 3230 ἐπιδείκνυσι
3150 3175 3329 3253 φύσις,
3399 3174 3531 3230 Εἶτα
3589 3175 3710 3249 περὶ
3771 3197 3891 3230 συν-

2240 3261 2433 3324 θέσεως
2486 3261 2845 3318 παντοδαπῶν
2901 3260 3262 3337 διαλαμϐάνει
3307 3265 3632 3342 φαρμάκων,
3681 3264 3782 3318 ὅσα
3831 3287 3890 3320 τε

2238 3349 2384 3422 αὐτῷ
2433 3352 2567 3423 πρὸς
2626 3353 2691 3405 τα
2738 3351 3106 3426 προειρημένα
3161 3357 3269 3407 τῶν
3324 3353 3652 3425 νοσημάτων
3696 3354 3887 3422 ἱκανήν

2237 3440 2532 3514 παρέχεται
2557 3442 2656 3509 τήν
2688 3440 2896 3515 χρείαν,
2940 3441 3028 3495 καὶ
3070 3442 3203 3516 πρὸς
3246 3442 3313 3496 τά
3357 3439 3526 3496 λοιπὰ
3573 3443 3747 3497 πάντα
3792 3447 3890 3498 τοῦ

2239 3529 2492 3600 σώματος
2550 3530 2722 3599 πάθη,
2766 3531 2797 3583 ἃ
2845 3537 3060 3604 παρῆκε
3110 3531 3210 3598 τήν
3273 3531 3410 3584 κατὰ
3461 3531 3528 3584 τά
3576 3531 3888 3586 πεπονθότα

2242 3617 2406 3690 μόρια
2465 3619 2749 3691 θεραπείαν
2807 3620 3152 3698 ἀναγράφων,
3231 3617 3616 3693 ἐμπλάστρους
3683 3641 3740 3674 τε
3797 3623 3891 3674 καὶ

2238 3705 2417 3760 ἄκοπα
2465 3707 2553 3760 καὶ
2599 3706 2936 3782 κουλλούρια
2986 3709 3078 3762 καὶ
3127 3705 3440 3769 ἀντιδότους
3491 3706 3782 3787 διαφόρους
3829 3710 3895 3763 ἐκ

3777 3799 3885 3853 Καὶ

2239 3885 2289 3940 ἐν
2349 3886 2564 3948 τούτοις
2624 3888 2835 3959 αὐτῷἡ
2879 3886 3106 3957 τοιαύτη
3169 3888 3579 3963 συμπεραίνεται
3628 3906 3889 3962 πραγμα-

2237 3975 2374 4031 τεία.
2406 3978 2559 4032 Ἔστι
2622 3977 2806 4048 μέντοι
2852 3977 2950 4046 τὴν
2985 3976 3173 4052 χρείαν
3224 3978 3285 4032 τὸ
3346 3973 3568 4051 βιϐλίον
3617 3982 3738 4040 ταῖς
3787 3981 3890 4032 τοῦ

2238 4061 2580 4140 Ὀρειϐασίου
2611 4068 2858 4141 συνόψεσι
2900 4070 3276 4142 παρεχόμενον
3307 4067 3722 4142 παραπλησίαν.

2979 4159 3151 4215 ΣΚΑ’.

2473 4246 2684 4301 Ἀετίου
2713 4243 3018 4318 ’Λμιδηνοίἲ
3051 4246 3308 4319 Ἰατρικοὶ
3339 4245 3496 4320 λόγοι
3535 4248 3649 4321 ις’.

2312 4335 2642 4409 Ἀνεγνώσθη
2701 4334 2910 4389 Ἀετίου
2994 4333 3300 4407 ’Δμιδηνοῦ
3361 4330 3586 4391 Βιϐλίον
3643 4335 3890 4409 ἰατρικὸν

2245 4421 2295 4476 ὲν
2328 4421 2517 4498 λόγοις
2557 4423 2671 4496 ις’.
2705 4425 2858 4479 Ἔστι
2906 4424 2998 4495 μὲν
3048 4424 3138 4477 οὖν
3188 4424 3337 4495 αὐτῷ
3382 4429 3528 4478 πᾶσα
3556 4429 3590 4492 ὴ
3637 4443 3892 4498 πραγμα-

2240 3794 2512 3870 διαφόρων
2575 3796 2782 3871 ἀνδρῶν
2838 3797 3332 3870 κατεσκευασμένας
3391 3798 3695 3874 ἀναγράφει.

478 4516 552 4572 iis
603 4491 827 4570 tantum
877 4491 1283 4585 scriptoribus,
1317 4513 1588 4584 aquibus
1637 4491 1938 4569 Oribasius
1987 4530 2126 4569 suos

2236 4511 2351 4565 τεία
2384 4513 2784 4587 συντεταγμένη
2820 4506 2879 4566 ἔκ
2924 4533 2982 4566 τε
3037 4513 3112 4566 ὧν
3169 4508 3509 4585 Ὀρειϐάσιος
3550 4514 3686 4588 πρὸς
3751 4514 3892 4570 Ἰου-

479 4606 599 4661 sive
621 4606 692 4660 ad
723 4603 1022 4659 Julianum
1059 4603 1466 4673 imperatorem
1503 4603 1624 4658 sive
1658 4606 1725 4658 ad
1761 4604 2123 4658 Eustathium

478 4700 536 4750 et
568 4695 890 4765 Eunapium
926 4693 1126 4762 libros,
1160 4693 1262 4747 sed
1295 4709 1363 4748 ex
1396 4692 1804 4762 therapeuticis
1849 4699 2127 4764 prasterea

477 4784 681 4841 Galeni
731 4781 920 4848 libris,
955 4785 1126 4852 atque
1155 4797 1223 4836 ex
1253 4781 1574 4852 Archigene
1606 4786 1661 4836 et
1687 4782 1856 4836 Rufo.
1891 4783 1974 4836 Ad
2010 4784 2128 4838 haec

477 4891 508 4932 e
537 4871 894 4936 Dioscoride,
930 4870 1237 4936 Herodoto,
1287 4872 1530 4934 Sorano,
1583 4871 1898 4941 Philagrio,
1932 4873 2124 4928 Philo-

477 4979 670 5032 msne,
711 4959 1044 5028 Posidonio,
1079 4959 1328 5031 aliisque
1379 4960 1698 5028 nonnullis,
1732 4960 1824 5030 qui
1862 4962 2127 5016 medendi

478 5058 597 5107 arte
627 5067 837 5106 nomen
872 5051 984 5104 sibi
1015 5049 1378 5121 gloriamque
1411 5056 1771 5121 pepererunt.
1809 5052 1856 5104 A
1888 5050 2130 5106 faculta—

478 5141 636 5195 tibus
667 5146 857 5195 autem
891 5137 1252 5208 simplicium
1288 5137 1867 5206 medicamentorum,
1895 5157 1959 5194 ac
1981 5140 2132 5196 cibo-

479 5244 606 5283 rum
639 5243 668 5283 e
700 5225 918 5283 Galsno
951 5226 1196 5282 breviter
1226 5225 1344 5281 haec
1376 5241 1863 5295 commemorans,
1894 5228 2126 5284 initium

2237 4599 2422 4656 λιανὸν
2455 4595 2654 4674 ἔγραψε
2702 4601 2837 4670 πρός
2881 4621 2939 4654 τε
2990 4601 3284 4657 Εὐστάθιον
3327 4605 3416 4654 καί
3467 4600 3756 4671 Εύνάπιον,
3808 4597 3889 4658 ἔτι

2238 4687 2295 4744 δὲ
2324 4691 2414 4743 καὶ
2461 4689 2520 4744 ἐκ
2575 4695 2683 4744 τῶν
2735 4693 3134 4758 θεραπευτικῶν
3189 4686 3422 4764 βιϐλίων
3474 4689 3747 4760 Γαληνοῠ,
3794 4694 3887 4747 καὶ

2294 4782 2306 4796 .
2454 4780 2466 4796 κ
2501 4781 2513 4798 ,
2708 4778 2716 4794 ο
2967 4779 2980 4798 ,
3031 4780 3044 4798 ς
3138 4778 3150 4798 ρ
3331 4777 3352 4796 ,ο
3466 4777 3488 4795 η

2241 4801 2347 4853 μην
2380 4800 2469 4833 και
2519 4787 2844 4856 Αρχιγενοος
2895 4801 2983 4833 και
3052 4787 3286 4858 Ρουφου,
3327 4795 3405 4834 ετι
3462 4780 3518 4833 οὶ
3561 4781 3888 4854 Διοσκουρί-

2239 4867 2356 4938 δου,
2387 4869 2477 4923 καὶ
2521 4867 2821 4944 Ἡροδότου
2870 4870 2959 4923 καὶ
3021 4875 3300 4945 Σωρανοῦ,
3348 4868 3653 4944 Φιλαγρίου
3698 4891 3758 4924 τε
3798 4873 3887 4925 καὶ

2239 4957 2588 5032 Φιλουμένου
2619 4959 2711 5012 καὶ
2757 4957 3122 5014 Ποσειδωνίου
3171 4961 3261 5014 καὶ
3310 4960 3504 5035 ἑτέρων
3564 4964 3728 5014 τινῶν
3777 4964 3889 5015 τῶν

2238 5048 2328 5104 ἐπὶ
2383 5049 2449 5122 τῇ
2505 5050 2674 5124 τέχνῃ
2724 5056 2821 5118 τῆς
2885 5050 3133 5125 ἰατρικῆς
3192 5045 3366 5121 ὄνομα
3427 5047 3722 5105 λιπόντων.
3791 5051 3890 5104 Καὶ

2238 5137 2542 5212 ἀπάρχεται
2602 5138 2696 5210 μὲν
2756 5138 2859 5192 ἀπὸ
2910 5145 3008 5207 τῆς
3059 5143 3165 5191 τῶν
3217 5136 3409 5192 ἁπλῶν
3470 5137 3774 5213 φαρμάκων
3830 5158 3892 5192 τε

2241 5226 2330 5281 καί
2381 5232 2598 5303 τροφῶν
2661 5223 2942 5298 δυνάμεως
3006 5223 3273 5298 Γαληνοῦ,
3325 5229 3383 5281 ἐν
3443 5228 3663 5300 συνόψει
3720 5230 3892 5282 ταῦτα

1837 5338 2074 5392 VARle
2116 5338 2531 5394 LECTIONES.

550 5425 598 5462 ⁷³
632 5422 1089 5531 ρρεΐχ-εύπέδριὲτα
1127 5423 1254 5514 in‘A
1296 5424 1461 5530 νειραὶ
1491 5441 1698 5531 Xersxus
1727 5425 1796 5511 ?8
1845 5443 1975 5531 cum
2030 5428 2244 5524 pagina
2289 5429 2526 5484 adversa
2557 5428 2615 5482 in
2663 5429 2703 5485 Ο
2752 5444 2956 5484 versus
2983 5429 3019 5482 2
3053 5428 3139 5496 1/2
3212 5429 3258 5463 7‘
3293 5426 3557 5502 πρέπουσι
3605 5431 3723 5489 τοῖς
3776 5424 3896 5482 διο-

488 5496 707 5572 ρισμὸῖς
741 5496 825 5569 ς.

985 5493 1041 5548 δὲ
1069 5515 1127 5569 γε
1157 5495 1218 5549 τὸ
1248 5495 1448 5569 γράψαι
1483 5499 1527 5552 Α
1555 5515 1566 5552 :
1605 5493 1662 5550 δὲ
1691 5497 1754 5550 τὸ
1784 5497 1982 5569 γράψαι
2015 5493 2220 5570 καΐς.

554 5690 668 5759 (38)
699 5687 952 5752 Quorum
989 5685 1210 5758 priores
1243 5687 1308 5741 18
1337 5685 1530 5743 Greece
1555 5688 1777 5759 pridem
1807 5595 2313 5745 Venetiishegcrtfi.
