4198 6216
354 319 463 380 721

1333 315 1876 378 BIBLIOTIIECA.
1922 346 2002 359 -—
2043 314 2215 375 COD.
2264 316 2484 387 CCXX,
2535 317 2789 381 CCXXI.

3636 322 3754 384 722

351 448 580 522 διεξιώνο
615 447 1038 522 συμπεραίνεται
1078 445 1134 502 δὲ
1182 446 1328 520 αὐτῷ
1371 449 1433 502 τὸ
1486 449 1600 516 [291
1786 443 1969 523 βιϐλίο

2080 506 2085 516 _
2119 450 2300 519 ducit,
2342 451 2656 522 ﬁniturque
2699 469 2845 523 opus
2875 453 3023 511 libro
3065 458 3224 512 sexto
3255 458 3501 526 decimo,
3535 459 3635 531 qui
3682 462 3754 517 de

344 537 420 600 εἷς
451 538 543 592 τὸν
581 537 678 612 ις’
719 535 905 613 λόγον,
955 536 1080 610 περὶ
1131 535 1452 611 γυναικείων
1499 537 1597 605 τήν
1653 533 2005 590 διδασκαλίαν

342 627 673 700 ποιούμενον
732 628 942 681 παθῶν.
1001 627 1104 688 Οἷς
1161 625 1253 680 καὶ
1309 624 1468 700 ἕτερά
1550 647 1666 680 τινα
1725 626 1998 680 συντάττει

339 715 632 796 κεφάλαια,
689 715 988 789 σμήγματά
1032 737 1090 770 τε
1148 714 1324 789 ὅψεως
1387 713 1719 789 παραδιδοὺς
1758 717 1846 770 καὶ
1901 719 2001 769 τοῦ

340 805 542 861 λοιποῦ
611 807 890 878 σώματος,
985 803 1266 866 σκευασίας
1335 826 1391 860 τε
1450 804 1816 879 οἰνανθαρίων,
1908 803 1998 859 καί

340 890 496 969 ἕτερά
523 915 646 949 τινα
684 894 1111 968 τοιουτότροπα.

2115 539 2423 595 mulierum
2456 542 2676 597 morbis
2709 547 2964 614 pascepta
2987 545 3165 600 tradit
3195 563 3208 602 :
3242 547 3460 618 quibus
3483 564 3617 604 cum
3641 550 3758 607 alia

2115 628 2373 684 adnectit
2389 631 2601 702 capita,
2618 635 2743 686 tum
2769 634 3053 702 tergendis
3077 635 3261 703 faciei,
3286 635 3613 710 reliquique
3635 655 3756 695 cor-

2111 719 2268 788 poris
2303 719 2586 775 rationem
2611 722 2794 789 docet,
2828 723 3332 780 mnautbariorum
3357 725 3594 797 insuper
3617 745 3752 796 prm-

2109 807 2431 878 paratione,
2455 813 2512 864 et
2537 809 2589 863 id
2614 825 2800 880 genus
2823 810 2950 865 aliis
2967 813 3315 882 quibusdam
3345 814 3609 884 adjectis.
3637 815 3750 885 Sic,

2108 896 2190 950 uti
2248 895 2528 964 diximus,
2576 915 2725 969 opus
2774 899 3110 955 universum
3169 907 3224 956 et
3253 902 3458 972 incipit
3516 910 3568 960 et
3598 903 3752 961 desi-

338 986 446 1042 nit.
479 985 836 1057 Singulatim
869 989 1062 1042 autem
1098 1003 1112 1050 ;
1149 985 1373 1057 primus
1423 985 1568 1041 liber
1609 984 1968 1056 simplicium
2002 984 2415 1040 alimentorum
2448 1003 2512 1040 ac
2561 987 3113 1045 medicamentorum
3154 989 3464 1048 facultates
3495 993 3751 1050 breviter

338 1075 707 1146 perstringit.

411 1163 475 1219 Ἢ
523 1163 618 1235 μὲν
653 1159 744 1216 οῦν
793 1161 898 1232 ὅλη
951 1163 1095 1234 αὐτῷ
1140 1163 1482 1238 πραγματεία
1513 1161 1564 1232 ἐξ
1596 1160 1669 1216 ὧν
1718 1182 1775 1216 τε
1826 1159 1991 1236 ἄρχε-

338 1272 457 1318 ται,
491 1250 725 1327 εἴρηται,
757 1252 847 1305 καὶ
893 1250 944 1306 ἐν
994 1253 1080 1313 οἷς
1127 1252 1189 1305 τὸ
1237 1253 1402 1316 πέρας
1451 1247 1849 1323 ἀπολαμϐάνει’
1903 1272 1992 1305 κα·

339 1341 413 1394 τὰ
447 1341 608 1414 μέρος
641 1337 697 1394 δὲ
725 1342 787 1395 τὸ
823 1341 915 1412 μὲν
952 1342 996 1394 α’
1028 1341 1175 1412 αὐτῷ
1206 1335 1424 1414 βιϐλίον
1452 1346 1560 1396 τῶν
1621 1339 1810 1394 ἁπλῶν
1851 1360 1988 1415 τρο-

339 1433 459 1504 ςρῶν
518 1430 606 1483 καὶ
664 1433 774 1484 τῶν
831 1427 1129 1507 φαρμάκων
1182 1427 1234 1482 ἐν
1295 1430 1513 1503 συνόψει
1571 1429 1666 1491 τὰς
1733 1427 1988 1501 δυνάμεις

331 1515 646 1592 καταλέγει,
683 1519 710 1571 ὁ
742 1513 798 1571 δὲ
907 1518 1003 1579 τὰς
1035 1523 1142 1572 τῶν
1197 1517 1543 1590 μεταλλικῶν
1593 1515 1848 1590 δυνάμεις
1895 1517 1986 1572 καὶ

2104 1163 2262 1219 Alter
2292 1166 2424 1221 dein
2471 1166 2892 1223 metallicorum
2929 1169 3263 1226 facultatem
3294 1175 3352 1227 et
3391 1189 3587 1242 usum,
3622 1173 3747 1231 ani-

2105 1254 2506 1327 mantiumque
2524 1257 2607 1311 vel
2639 1256 2996 1329 integrorum
3021 1258 3109 1316 vel
3134 1261 3387 1332 partium
3411 1279 3613 1320 eorum
3637 1263 3748 1319 uti-

2100 1341 2319 1398 litatem
2357 1346 2556 1415 paucis
2586 1346 2643 1400 iu
2689 1345 2946 1402 medium
2972 1346 3135 1403 affert
3171 1366 3184 1402 :
3218 1351 3403 1420 possit
3433 1356 3626 1408 autem
3659 1361 3746 1408 to-

2100 1434 2216 1486 tius
2248 1434 2316 1486 de
2346 1433 2718 1505 simplicibus
2749 1437 3192 1494 medicamentis
3224 1439 3584 1498 tractationis
3615 1459 3747 1513 pars

2100 1520 2220 1576 hac
2252 1538 2363 1576 non
2402 1523 2629 1578 modica
2659 1524 2899 1580 censeri.

329 1607 565 1680 χρήσεις
590 1606 680 1660 καὶ
709 1605 804 1667 τὰς
835 1605 943 1660 ἀπὸ
974 1610 1080 1660 τῶν
1114 1607 1266 1675 ζώων
1301 1605 1446 1660 ὅλων
1477 1627 1534 1661 τε
1572 1605 1662 1660 καὶ
1697 1607 1902 1678 μορίων
1955 1604 2221 1683 ὠφελείας
2266 1605 2319 1661 ἐν
2370 1607 2588 1682 συνόψει
2635 1611 3009 1685 παρατίθεται⁶
3070 1611 3153 1683 εἴη
3207 1611 3267 1670 δὲ
3313 1615 3404 1669 καὶ
3432 1619 3594 1672 τοῦτο
3640 1624 3741 1688 τῆς

325 1693 455 1766 περὶ
498 1697 606 1747 τῶν
635 1693 826 1748 ἁπλῶν
859 1695 1158 1771 φαρμάκων
1189 1695 1562 1769 πραγματείας
1600 1695 1763 1768 μέρος
1788 1693 1886 1748 οὐκ
1925 1693 2240 1770 ἐλάχιστον,

402 1784 464 1840 Ὁ
499 1779 557 1836 δὲ
585 1789 633 1856 γ’
660 1783 813 1855 αὖτῷ
861 1780 1030 1856 λόγος
1076 1783 1199 1858 περί
1247 1804 1303 1838 τε
1350 1786 1665 1858 γυμνασίων
1713 1781 1969 1838 παντοδα-

2163 1788 2388 1843 Tertius
2419 1788 2546 1858 ejus
2578 1788 2726 1846 liber
2767 1791 2886 1863 agit
2916 1792 2988 1848 de
3020 1793 3214 1851 omnis
3245 1795 3471 1866 generis
3512 1797 3740 1855 exerci-

320 1876 441 1926 πῶν
490 1867 878 1944 διαλαμϐάνει,
928 1873 1020 1926 καὶ
1064 1873 1165 1927 ὅσα
1212 1872 1605 1947 παρασκευάζει
1655 1873 1716 1928 τὸ
1764 1873 1980 1946 γυμνά-

326 1982 468 2017 σιον.
531 1963 668 2016 Εἶτα
729 1961 864 2034 μετὰ
916 1962 1012 2024 τὰς
1070 1964 1322 2023 κενώσεις
1385 1963 1419 2031 ἢ
1476 1963 1569 2023 τὰς
1626 1959 1982 2036 διαφορήσεις

317 2049 522 2111 ταύτας
553 2051 648 2112 τὰς
682 2049 780 2104 οὐκ
811 2047 1108 2120 ἐπιδήλους
1141 2051 1266 2126 περὶ
1311 2046 1682 2129 φλεϐοτομίας
1737 2049 1980 2125 διαλαμ-

319 2135 496 2211 ϐάνει,
531 2139 770 2214 τρόπους
799 2161 858 2194 τε
904 2146 1004 2209 τῆς
1049 2147 1230 2214 τομῆς
1279 2137 1620 2215 διευκρινῶν,
1676 2141 1766 2194 καὶ
1820 2139 1982 2215 μεγέ-

320 2231 452 2290 θους
482 2229 572 2282 καὶ
604 2228 913 2306 σχημάτων
945 2229 1035 2283 καὶ
1066 2233 1258 2302 καιροῦ
1298 2231 1388 2283 καὶ
1445 2231 1647 2304 μέτρου
1699 2231 1978 2292 κενώσεως

321 2318 643 2397 ἀναγράφει·
701 2320 824 2393 περί
882 2339 939 2374 τε
994 2319 1426 2393 ἀρτηριοτομίας
1496 2319 1585 2373 καὶ
1645 2321 1978 2395 ἁρτηριακοῦ

323 2409 620 2483 ἱσχαίμου,
649 2406 739 2462 καὶ
771 2407 980 2477 σικύας,
1021 2409 1111 2463 καὶ
1167 2407 1536 2484 ἐγχαράξεως,
1584 2409 1673 2464 καὶ
1727 2407 1978 2484 βδελλῶν

326 2494 572 2572 ἐκλογῆς
600 2517 658 2551 τε
683 2499 728 2533 ’³⁸
756 2497 847 2552 καὶ
887 2495 1102 2568 διαίτης
1142 2497 1231 2551 καὶ
1263 2498 1541 2572 χρήσεως,
1572 2495 1696 2572 περί
1736 2518 1795 2552 τε
1843 2499 1978 2552 καθ-

327 2588 602 2662 αιρόντων
658 2589 983 2665 φαρμάκων,
1039 2587 1131 2642 καὶ
1181 2585 1340 2642 οἷ’νων
1395 2591 1733 2664 καθαρτικῶν
1786 2586 1977 2666 διαφό-

324 2697 462 2752 ρους
512 2677 559 2711 ⁷⁷
605 2677 911 2751 σκευασίας,
953 2679 1040 2733 καὶ
1109 2678 1455 2751 οἰνομέλιτος
1503 2681 1830 2753 καθαρτικοῦ
1886 2677 1976 2732 καὶ

319 2765 582 2821 κονδίτου
613 2767 702 2822 καὶ
733 2767 1029 2841 ἀψινθάτου
1059 2768 1148 2822 καὶ
1182 2767 1434 2840 ῥοσάτου,
1474 2767 1566 2823 καὶ
1609 2765 1976 2844 ῥοδομέλιτος

315 2857 411 2911 καὶ
480 2853 821 2929 ὀξυμέλιτος,
880 2857 1052 2934 γάρου
1109 2879 1166 2912 τε
1221 2859 1547 2931 καθαρτικοῦ
1602 2855 1690 2912 καί
1753 2855 1974 2929 μέλιτος

314 2947 409 3000 καὶ
443 2946 727 3023 οἷνογάρου
775 2949 819 2984 ’⁸⁸
866 2949 957 3002 καὶ
1005 2947 1294 3022 ὀξυγάρου,
1345 2952 1535 3020 ζωμοῦ
1581 2968 1640 3002 τε
1692 2947 1967 3020 μαλακτι-

311 3039 415 3090 κοῦ
440 3037 528 3091 καὶ
562 3034 839 3113 γάλακτος
889 3037 980 3092 καὶ
1029 3035 1229 3092 ἐλαιῶν
1278 3039 1641 3112 καθαρτικῶν,
1675 3038 1797 3112 περὶ
1840 3037 1967 3092 τού-

301 3147 418 3180 των
458 3126 707 3182 ἁπάντων
738 3129 838 3196 τήν
890 3124 1240 3182 διδασκαλίαν
1282 3126 1532 3204 προάγει.
1584 3131 1706 3183 Ἔτι
1766 3126 1823 3182 δὲ
1870 3127 1960 3182 καὶ

302 3215 437 3289 περὶ
497 3215 760 3271 συνθέτων
821 3214 1124 3290 ὀξυπορίων
1182 3215 1272 3271 καὶ
1319 3217 1697 3290 καθαρτηρίων
1765 3213 1960 3294 διαφό-

305 3323 445 3379 ρων,
512 3306 598 3360 καὶ
657 3303 977 3360 παστίλλων
1033 3305 1122 3360 καὶ
1187 3303 1572 3380 βουκελλάτων
1622 3306 1960 3376 καθαρτικῶν

302 3391 656 3468 Ἀλοηδάριά
728 3415 785 3449 τε
858 3394 1152 3468 καθαρτικὰ
1226 3394 1545 3469 ἀναγράφει,
1621 3394 1711 3448 καὶ
1789 3392 1960 3450 ἅλατα

303 3481 522 3554 ὁμοίως
571 3483 662 3536 καὶ
709 3481 804 3543 τὰς
856 3483 892 3536 ε’
941 3482 1109 3556 ἱερὰς,
1177 3484 1300 3549 [568
1361 3483 1453 3555 R.]
1517 3482 1846 3556 βοηθήματά
1903 3503 1961 3536 τε

300 3577 428 3635 τοῖς
473 3565 699 3626 λαϐοῦσι
747 3572 808 3626 τὸ
855 3573 1218 3647 καθαρτήριον
1268 3571 1358 3626 καὶ
1409 3571 1470 3625 οὐ
1517 3571 1956 3646 καθμκιρομένοις,

300 3659 398 3714 καὶ
430 3665 548 3722 τοῖς
578 3660 709 3733 ὑπὲρ
747 3660 940 3735 μέτρον
990 3662 1292 3716 κενωθεῖσι.
1345 3659 1472 3734 Περί
1503 3681 1562 3714 τε
1592 3658 1818 3732 ἐμέτων,
1866 3661 1957 3716 καὶ

298 3750 415 3805 τίσι
451 3745 634 3803 δοτέον
683 3748 775 3803 τὸν
824 3744 1142 3823 ἐλλέϐορον,
1191 3750 1280 3803 καὶ
1312 3749 1365 3803 τί
1394 3747 1633 3820 δύναται,
1683 3750 1772 3803 καὶ
1820 3749 1959 3813 τίνες

295 3839 438 3914 πρὸς
500 3839 664 3893 αὐτὸν
725 3836 1053 3912 ἐπιτήδειοι,
1122 3837 1445 3912 δοκιμασίας
1509 3860 1568 3894 τε
1627 3835 1956 3914 ἐλλεϐόρου,

296 3929 391 3983 καὶ
427 3927 879 4002 προπαρασκευὰς
911 3933 1008 3984 τοῦ
1052 3926 1359 4001 μέλλοντος
1408 3927 1568 3982 αὐτὸν
1617 3928 1814 3998 πίνειν,
1861 3929 1954 3990 τάς

291 4037 357 4073 τε
393 4013 655 4093 διαφορὰς
704 4019 801 4085 τῆς
857 4021 955 4072 τοῦ
1014 4013 1315 4092 ἐλλεϐόρου
1371 4019 1648 4093 χρήσεως,
1718 4019 1807 4072 καί
1857 4019 1956 4087 τὴν

293 4107 426 4180 περί
457 4105 583 4168 τοὺς
625 4106 848 4166 πιόντας
898 4105 1062 4160 αὐτὸν
1111 4107 1450 4179 ἐπιμέλειαν.
1493 4109 1623 4183 Περί
1671 4129 1728 4162 τε
1777 4107 1954 4162 ἐπιθε-

301 4195 495 4269 μάτων
571 4197 911 4270 καθαρτικῶν
989 4191 1366 4268 διαλαμϐάνει·
1426 4196 1517 4251 καὶ
1575 4195 1674 4251 ὅσα
1729 4202 1837 4252 τῶν
1897 4196 1949 4250 ἐν

296 4287 439 4357 ἡμῖν
505 4282 712 4360 μορίων
773 4282 885 4340 ἐστὶ
933 4284 1253 4359 καθαρτικὰ,
1297 4285 1596 4364 ὀφθαλμῶν
1658 4283 1806 4361 λέγω
1864 4285 1954 4340 καὶ

300 4372 463 4427 ὤτων
518 4371 608 4429 καί
661 4378 768 4427 τῶν
829 4371 1040 4451 ἐφεξῆςο
1101 4375 1225 4448 περί
1279 4394 1337 4428 τε
1398 4374 1813 4447 ὑποκαπνισμοῦ
1875 4374 2030 4466 εἷ’ςΒ

292 4463 398 4530 τήν
449 4460 618 4532 αὐτὴν
673 4460 944 4538 ἐνέργειαν
1005 4461 1412 4527 συντελοῦντος·
1463 4464 1552 4518 καὶ
1604 4464 1730 4538 περί
1782 4484 1947 4518 κενω-

290 4555 489 4620 τικῶν,
522 4549 737 4606 λεπτῶν
770 4573 826 4606 τε
870 4550 1101 4626 ἐντέρων
1155 4553 1244 4608 καὶ
1280 4557 1392 4609 τῶν
1433 4557 1610 4628 σιμῶν
1661 4557 1758 4609 τοῦ
1806 4555 1950 4623 ἣπα-

287 4662 393 4705 τος
441 4641 529 4696 καὶ
576 4645 684 4696 τῶν
733 4639 1154 4716 παραπλησίων.
1205 4643 1335 4717 Περί
1380 4665 1437 4698 τε
1477 4643 1648 4719 ἀέρων
1709 4643 1800 4698 καὶ
1831 4643 1952 4699 ἀνέ-

294 4753 416 4806 μων
450 4732 539 4785 καί
577 4729 982 4806 ἐπισημασιῶν,
1035 4729 1242 4787 ὑδάτων
1282 4753 1340 4788 τε
1386 4733 1476 4788 καὶ
1528 4733 1794 4810 λουτρῶν,
1844 4737 1954 4788 τῶν

287 4841 350 4876 τε
377 4819 438 4875 ἐκ
483 4820 685 4896 τέχνης
715 4821 808 4875 καὶ
841 4822 939 4875 ὅσα
988 4823 1023 4890 ἡ
1075 4821 1230 4899 φύσις
1282 4823 1589 4898 προήγαγε,
1637 4823 1954 4898 ψυχρολου-

292 4912 417 4972 σὶας
443 4931 501 4965 τε
529 4910 621 4965 καὶ
659 4917 760 4980 τῆς
811 4908 887 4972 εἷς
938 4908 1122 4966 ἔλαιον
1174 4907 1476 4985 ἐμϐάσεως”
1529 4913 1619 4966 καὶ
1669 4912 1792 4986 περὶ
1841 4918 1949 4968 τῶν

289 5004 393 5055 τοῦ
459 5001 763 5076 προσώπου
830 4999 1184 5074 κλυσμάτων,
1273 5002 1671 5072 καταιονήσεώς
1739 5023 1796 5056 τε
1861 5002 1950 5056 καὶ

291 5089 699 5166 ἐγκαθίσματυς
762 5090 850 5144 vui
928 5085 1214 5166 ἐμϐροχῆς
1280 5091 1370 5146 καὶ
1457 5091 1784 5165 πυριάσεως.
1845 5088 1950 5144 Καὶ

289 5180 417 5256 περὶ
477 5175 752 5257 διαφόρων
826 5178 1328 5253 καταπλασμάτων,
1398 5176 1686 5254 δροπάκων
1747 5198 1806 5233 τε
1861 5176 1951 5232 καὶ

288 5269 612 5330 πιττώσεως
670 5269 760 5323 καὶ
819 5273 1147 5344 σιναπισμοῦ
1205 5270 1294 5324 καὶ
1355 5272 1667 5348 φοινιγμοῦ’
1720 5269 1806 5324 καί
1864 5265 1950 5322 ἐπὶ

285 5361 399 5415 τίσι
428 5357 703 5433 χρηστέον
756 5359 886 5434 [292
933 5359 1026 5432 H.]
1075 5363 1190 5420 τοῖς
1247 5361 1755 5434 μετασυγκριτικοῖς
1809 5358 1955 5431 βοη-

285 5449 518 5520 θήμασι.
570 5447 757 5503 Ταῦτα
809 5445 905 5520 μὶν
958 5445 1046 5501 καὶ
1080 5447 1106 5500 ὁ
1140 5446 1189 5522 γ’
1220 5447 1372 5516 αὖτῷ
1423 5447 1700 5501 συντάττει
1751 5443 1948 5522 λόγος.

2092 1878 2434 1946 tationibus,
2482 1896 2726 1952 quaeque
2778 1884 3248 1940 exercitationem
3311 1891 3534 1958 parent.
3594 1887 3741 1944 Hinc

2091 1975 2218 2037 post
2249 1971 2677 2038 evacuationes,
2713 1987 2815 2027 seu
2873 1972 3184 2029 bumorum
3219 1975 3557 2032 eductiones
3607 1978 3739 2034 illas

2089 2056 2369 2124 occultas,
2393 2059 2462 2113 de
2483 2073 2640 2113 venas
2674 2060 2930 2116 sectione
2962 2067 3293 2132 pertractat,
3321 2081 3434 2120 non
3467 2066 3740 2122 sectionis

2090 2151 2312 2201 tantum
2338 2148 2540 2204 modos
2571 2148 2932 2217 discernens,
2959 2152 3059 2206 sed
3083 2151 3259 2208 etiam
3293 2154 3740 2225 magnitudinis,

2090 2233 2438 2304 formarum,
2481 2237 2762 2308 temporis
2812 2241 3148 2309 opportuni,
3183 2245 3362 2312 atque
3419 2244 3742 2300 evacuandi

2088 2341 2374 2381 mensurae
2405 2327 2917 2406 άοεοιιίὺοηεηΜοκ
2932 2330 3003 2385 de
3021 2331 3248 2386 arteriis
3273 2334 3550 2401 sectione,
3583 2337 3640 2389 et
3668 2335 3740 2391 de

2087 2415 2432 2486 sanguinem
2453 2415 2690 2472 sistente
2713 2417 3060 2474 arteriarum
3082 2421 3528 2487 medicamento,
3547 2421 3618 2478 de
3639 2438 3738 2478 cu-

2086 2503 2336 2574 curbita,
2387 2506 2832 2575 scarificatione,
2881 2511 2939 2562 et
2987 2507 3330 2564 hirudinum
3373 2509 3622 2566 delectu.
3654 2510 3735 2567 De

2084 2593 2272 2648 victus
2295 2592 2514 2649 ratione
2535 2602 2589 2650 et
2617 2611 2750 2662 usu,
2775 2595 2844 2649 de
2867 2596 3248 2667 purgantibus
3271 2597 3733 2670 medicamentis,

2085 2686 2142 2738 et
2173 2682 2435 2738 vinorum
2485 2684 2860 2755 purgantium
2902 2686 3059 2740 vario
3118 2691 3419 2757 apparatu.
3479 2685 3558 2743 De
3591 2704 3731 2760 pur-

2085 2775 2259 2843 gante
2303 2771 2438 2826 vino
2499 2772 2714 2839 mulso,
2774 2773 3029 2841 condito,
3089 2773 3468 2844 absinthiato,
3514 2782 3728 2844 rosato,

2084 2859 2256 2916 melle
2289 2877 2546 2928 rosaceo,
2579 2867 2740 2918 aceto
2772 2864 2986 2930 mulso,
3018 2862 3280 2934 itemque
3309 2865 3379 2920 de
3423 2881 3559 2934 garo
3589 2882 3730 2935 pur-

2081 2953 2272 3018 gante.
2311 2953 2384 3004 De
2438 2948 2631 3017 melle,
2681 2950 2815 3006 vino
2858 2949 3074 3015 mulso,
3105 2958 3367 3022 oxygato,
3401 2967 3466 3006 ac
3490 2950 3727 3023 jusculo

2077 3037 2370 3093 molliente
2401 3055 2414 3093 :
2469 3039 2539 3094 de
2567 3038 2736 3110 lacte,
2767 3044 2938 3110 atque
2977 3039 3144 3095 olivis
3205 3039 3614 3112 purgantibus.
3645 3041 3726 3097 De

2077 3127 2290 3198 quibus
2323 3127 2561 3199 quidem
2593 3128 2868 3185 omnibus
2901 3130 3310 3201 praeceptiones
3339 3129 3537 3187 tradit.
3569 3131 3722 3186 Prae-

2074 3221 2231 3270 terea
2262 3226 2315 3270 et
2355 3217 2426 3271 de
2457 3217 2799 3288 compositis
2831 3220 2980 3274 177
3016 3219 3094 3290 (b)
3127 3218 3420 3290 oxyporis,
3451 3234 3519 3273 ac
3547 3218 3726 3274 variis

2074 3305 2449 3376 purgatoriis,
2474 3305 2662 3376 deque
2686 3307 2957 3377 pastillis,
2989 3313 3044 3364 et
3067 3306 3408 3363 buccellatis
3429 3307 3727 3379 purganti-

2073 3394 2200 3450 bus.
2225 3396 2527 3451 Aloedaria
2549 3412 2779 3467 quoque
2813 3397 3119 3468 purgantia
3149 3397 3446 3466 describit,
3481 3396 3725 3453 similia-

2071 3501 2183 3555 que
2216 3501 2244 3540 e
2277 3484 2420 3554 sale,
2445 3489 2501 3540 et
2523 3485 2651 3540 illas
2674 3486 2935 3558 quinque
2958 3487 3276 3544 celebratas
3305 3486 3519 3542 bieras.
3549 3487 3724 3542 Auxi-

2073 3572 2274 3628 liantia
2294 3590 2522 3646 quoque
2544 3575 2617 3630 iis
2638 3592 2784 3646 quos
2807 3593 3060 3646 purgans
3082 3576 3578 3632 medicamentum
3603 3593 3722 3633 non

2070 3659 2578 3733 purgavit,autqui
2603 3677 2779 3733 supra
2801 3661 3321 3729 modum,evacuati
3345 3666 3504 3717 sunt.
3527 3661 3607 3716 De
3627 3678 3721 3716 vo-

2070 3747 2240 3814 mitu,
2256 3753 2311 3803 et
2334 3749 2548 3819 quibus
2566 3749 2824 3804 dandum
2843 3751 2921 3805 sit
2936 3755 3245 3814 veratrum,
3261 3751 3402 3820 quid
3418 3749 3559 3804 illud
3583 3765 3717 3819 pos-

2067 3838 2164 3902 sit,
2179 3850 2244 3890 ac
2258 3836 2357 3907 qui
2371 3837 2442 3891 ad
2457 3839 2811 3892 sumendum
2825 3837 2963 3909 apti.
2983 3839 3062 3894 De
3073 3836 3472 3909 exploratione
3486 3835 3715 3904 veratri,

2069 3931 2120 3978 et
2144 3925 2561 3995 praeparatione
2575 3925 2833 3980 bibituri.
2853 3925 2931 3981 De
2949 3926 3106 3982 vario
3120 3925 3357 3982 ellebori
3381 3942 3483 3982 seu
3507 3924 3717 3982 veratri

2068 4029 2173 4068 usu
2197 4019 2370 4084 atque
2382 4014 2757 4083 exhibitione,
2775 4023 2826 4071 et
2841 4016 2912 4070 de
2929 4031 3069 4070 cura
3082 4031 3219 4071 eoru
3233 4015 3387 4087 mqui
3403 4015 3546 4072 illud
3564 4015 3718 4069 bibe-

2064 4107 2222 4158 runt.
2274 4103 2354 4157 De
2384 4103 2757 4174 epithematis
2816 4105 3206 4176 purgantibus
3255 4104 3619 4177 posequitur,
3661 4110 3717 4160 et

2067 4207 2424 4264 quaecunque
2451 4193 2510 4246 in
2535 4193 2705 4249 nobis
2731 4198 2923 4265 partes
2950 4199 3293 4266 purgentur,
3323 4199 3466 4266 puta
3491 4192 3712 4263 oculos,

2065 4296 2254 4348 aures,
2287 4291 2341 4337 et
2371 4281 2649 4353 reliquas.
2684 4281 2761 4337 De
2791 4282 3133 4338 sufﬁmento
3166 4284 3235 4338 ad
3271 4283 3540 4338 eumdem
3573 4283 3708 4337 etre-

2063 4379 2216 4425 ctum
2253 4373 2596 4442 pertinente,
2649 4377 2707 4427 et
2754 4373 2824 4428 de
2869 4373 2941 4428 iis
2989 4389 3115 4442 quae
3165 4373 3360 4428 tenuia
3408 4372 3710 4439 intestina,

2062 4477 2373 4532 semasque
2397 4462 2606 4532 jecoris
2640 4467 2850 4533 partes,
2883 4468 2940 4518 et
2984 4463 3073 4518 his
3129 4463 3348 4519 similia
3403 4467 3709 4520 evacuant.

2064 4550 2141 4605 De
2171 4567 2322 4621 aere,
2355 4552 2542 4606 ventis
2573 4567 2640 4606 ac
2697 4551 2998 4608 stellarum
3049 4552 3597 4624 significationibus.
3634 4553 3712 4608 De

2061 4640 2229 4711 aquis
2261 4639 2400 4695 item
2434 4645 2488 4695 et
2518 4640 2762 4708 balneis,
2795 4641 3006 4713 partim
3030 4641 3278 4697 artiﬁcio
3309 4641 3548 4712 paratis,
3581 4658 3712 4710 par-

2063 4732 2166 4784 tim
2201 4734 2410 4784 natura
2461 4730 2781 4799 productis.
2841 4730 2921 4786 De
2979 4730 3190 4801 frigida
3246 4730 3484 4797 lotione,
3521 4730 3708 4800 deque

2061 4819 2293 4874 insessu
2351 4817 2483 4874 solii
2540 4834 2608 4874 ex
2665 4817 2812 4888 oleo,
2844 4825 2900 4875 et
2953 4820 3022 4876 de
3053 4819 3217 4875 faciei
3248 4820 3602 4890 aspersione,
3635 4818 3708 4873 de

2062 4905 2408 4977 perfusione,
2460 4906 2910 4979 insessionibus,
2961 4907 3418 4973 bumectatione,
3448 4913 3502 4962 et
3551 4907 3706 4963 sicco

2062 4996 2334 5052 fomento.
2391 4997 2465 5053 De
2495 4996 2674 5052 variis
2723 4998 3207 5066 cataplasmatum
3264 4994 3594 5068 generibus.
3627 4996 3708 5052 De

2061 5085 2328 5155 dropace,
2380 5085 2689 5156 picatione,
2729 5084 3072 5156 sinapismo,
3104 5084 3518 5154 rubricatione,
3557 5085 3706 5141 etin

2062 5173 2274 5246 quibus
2315 5175 2388 5229 sit
2438 5173 2946 5246 metasyncriticis,
2977 5173 3093 5230 sive
3149 5174 3424 5231 humores
3462 5190 3531 5230 ex
3587 5173 3704 5230 alto

2061 5263 2439 5320 evocantibus
2473 5262 2725 5331 auxiliis,
2758 5266 3066 5322 utendum.
3101 5264 3170 5320 Et
3213 5265 3334 5322 haec
3364 5264 3599 5338 quidem
3625 5262 3702 5320 li-

2061 5352 2163 5409 bro
2186 5352 2351 5410 tertio
2386 5353 2776 5410 continentur.

1654 5545 1890 5604 νΑΒΙίΕ
1939 5544 2350 5602 LECTIONES.

363 5639 408 5677 ⁷⁸
434 5656 493 5693 τε
519 5637 654 5696 add.
686 5641 753 5698 Δ.
832 5639 876 5675 ⁷⁷
908 5633 1168 5718 διαφόρου
1201 5638 1282 5712 ς’.
1359 5638 1406 5675 ⁷⁸
1435 5635 1728 5713 οἷνογάρου
1757 5639 1804 5695 Α
1837 5655 1850 5695 :
1885 5634 2230 5711 οἰνομέλιτος
2261 5636 2342 5709 ς’.
