4184 6212
436 269 549 330 723

1646 280 1914 341 PHOTII
1957 281 2481 343 PATRIARCHIE
2524 283 2642 342 GP.

3712 286 3837 344 724

507 404 761 467 Quartus
785 406 951 473 liber,
977 423 1100 475 quae
1124 411 1192 463 ad
1222 412 1496 466 tuendam
1531 412 1914 469 valetudinem
1947 430 2076 485 per-

2259 414 2319 469 Ὀ
2347 410 2403 467 δὲ
2434 411 2475 467 δ’
2508 416 2822 488 συναγωγήν
2863 433 2921 467 τε
2966 418 3073 467 τῶν
3123 414 3373 490 ὑγιεινῶν
3421 412 3688 487 περιέχει,
3737 413 3843 485 ἆρ-

436 492 650 561 tinent,
683 494 924 566 colligit.
959 498 1316 567 Auspicatus
1339 516 1475 569 ergo
1507 502 1578 555 ab
1609 501 1918 557 infantium
1944 504 2085 558 edu-

436 580 681 649 catione,
706 582 913 638 horum
941 601 1073 638 cum
1108 589 1363 655 morbos,
1390 598 1513 643 tum
1540 591 1796 647 remedia
1826 592 2083 661 exponit.

437 670 566 737 Agit
602 674 655 723 et
687 671 757 725 de
792 673 1058 729 omnium
1093 680 1329 730 aatatum
1365 694 1430 731 ac
1462 680 1863 735 conditionum
1898 680 2084 735 victus

436 760 680 813 ratione.
708 761 781 815 De
804 763 1063 819 carnium
1090 766 1223 820 item
1254 766 1663 836 diminutione,
1696 775 1754 824 et
1783 771 2083 841 gracilium

440 846 877 904 instauratione.
938 853 1012 907 De
1062 854 1413 911 lassitudine
1447 859 1519 911 ab
1551 859 2083 915 exercitationibus.

439 935 625 1006 deque
650 935 817 1006 hujus
840 940 1183 998 dill'erentiis
1210 960 1223 1009 ;
1248 945 1317 999 de
1335 961 1401 999 ea
1430 946 1588 1013 item,
1622 964 1747 1017 quae
1779 963 1845 1002 ex
1868 947 2086 1002 Venere

438 1026 648 1090 oritur,
679 1032 735 1080 et
765 1029 932 1098 cujus
966 1046 1143 1085 causa
1171 1031 1493 1103 ignoratur,
1528 1052 1702 1105 quam
1723 1046 2087 1106 spontaneum

439 1114 769 1169 nominant.
831 1117 954 1179 Qua
994 1135 1128 1173 cura
1172 1122 1242 1175 ad
1298 1123 1620 1177 coctionem
1673 1126 1954 1180 utendum
1988 1128 2086 1189 sit,

440 1203 587 1257 etde
617 1204 874 1259 densetae
894 1209 1043 1261 cutis
1068 1210 1388 1278 curatione,
1415 1216 1586 1279 atque
1613 1213 1682 1267 de
1704 1222 1952 1268 aestuoso
1985 1232 2086 1268 ar-

441 1290 578 1345 dore
608 1297 664 1347 et
697 1294 959 1350 frictione
990 1304 1337 1368 opportuna.
1384 1301 1462 1354 De
1495 1301 1803 1370 cruditate,
1845 1319 1911 1357 ac
1951 1320 2087 1358 cra-

442 1380 599 1450 pula,
632 1387 689 1437 et
718 1384 923 1453 aequali
957 1390 1364 1456 temperatura.
1401 1388 1614 1459 Optimi
1650 1398 1924 1460 praeterea
1947 1397 2090 1447 tem-

440 1472 762 1539 peramenti
805 1473 1188 1541 dinotionem,
1221 1483 1276 1530 et
1325 1477 1493 1531 calidi
1532 1479 1918 1550 aliorumque,
1954 1498 2085 1535 cum

442 1558 822 1630 simplicium,
856 1569 974 1617 tum
1007 1565 1463 1635 compositorum
1498 1574 2085 1637 temperamentorum

444 1653 613 1704 notas
647 1650 846 1721 (idque
879 1670 992 1708 non
1034 1657 1204 1710 modo
1236 1658 1494 1727 corporis
1536 1658 1734 1727 totius,
1767 1659 1865 1713 sed
1909 1668 1962 1714 et
1994 1676 2091 1716 ca-

2193 501 2430 575 χόμενος
2491 503 2594 556 ἀπὸ
2642 509 2742 570 τῆς
2787 506 2883 557 τοῦ
2937 502 3170 579 βρέφους
3216 500 3447 572 διαίτης,
3496 501 3562 555 τά
3609 522 3669 555 τε
3715 501 3844 571 περὶ

2188 590 2249 642 τὸ
2321 591 2521 663 βρέφος
2576 590 2718 660 πάθη
2786 590 2875 644 καὶ
2928 590 3024 652 τὰς
3085 588 3368 662 θεραπείας
3452 586 3693 659 διέξεισι,
3751 587 3847 642 xui

2192 678 2314 752 περὶ
2348 675 2559 747 διαίτης
2608 683 2794 733 πασῶν
2842 683 2949 733 τῶν
3004 677 3239 747 ἡλικιῶν
3276 679 3366 732 καὶ
3414 682 3521 732 τῶν
3569 674 3847 756 διαφόρων

2198 766 2352 839 βίων,
2414 772 2627 841 σαρκῶν
2684 788 2743 821 τε
2800 768 3166 841 καθαιρέσεως
3210 766 3301 821 καὶ
3351 763 3550 828 ἐνδεῶς
3596 765 3850 841 ἐχουσῶν

2192 853 2537 928 ἀναλήψεωςο
2569 857 2690 929 περί
2722 877 2781 910 τε
2826 857 3013 911 κόπων
3060 860 3168 910 τῶν
3226 854 3315 910 ἐπὶ
3361 854 3703 929 γυμνασίοις,
3754 855 3849 909 καὶ

2190 951 2289 1014 τῆς
2321 942 2579 1021 διαφορᾶς
2631 944 2829 1015 αὐτῶν,
2880 947 2971 999 καὶ
3022 948 3118 999 τοῦ
3168 944 3220 1017 ἐξ
3269 942 3596 1019 ἀροοδισίων
3644 946 3847 1013 κόπου,

2193 1034 2281 1087 καὶ
2314 1038 2423 1088 τῶν
2452 1031 2657 1104 ἄδηλον
2701 1034 2939 1110 ἐχόντων
2989 1035 3089 1102 τὴν
3138 1034 3310 1088 αἰτίαν
3360 1035 3564 1104 κόπων,
3609 1033 3699 1095 οὓς
3748 1031 3847 1088 λέ-

2195 1145 2380 1200 γουσιν
2458 1123 2822 1196 αὐτομάτους·
2906 1122 3036 1178 ποία
3090 1144 3149 1178 τε
3204 1123 3491 1198 ἐπιμέλεια
3545 1122 3682 1197 πρὸς
3745 1124 3847 1185 τὰς

2193 1213 2381 1286 πέψεις
2464 1213 2741 1287 χρησίμη,
2819 1213 2908 1269 καὶ
2966 1217 3062 1267 τοῦ
3126 1214 3499 1272 πυκνωθέντος
3571 1211 3848 1287 δέρματος

2195 1300 2468 1374 θεραπεία,
2529 1300 2617 1354 καὶ
2677 1301 2799 1372 περὶ
2860 1300 3182 1375 ἐγκαύσεως,
3278 1301 3369 1355 καὶ
3427 1300 3551 1374 περὶ
3605 1300 3847 1374 τρίψεως

2198 1391 2474 1463 εὐκαίρου,
2534 1390 2765 1464 ἀπεψίας
2824 1412 2882 1445 τε
2934 1391 3023 1445 καὶ
3082 1390 3397 1464 κραιπάλης
3444 1391 3535 1443 καὶ
3596 1388 3850 1462 ὁμαλοῦς

2197 1476 2541 1554 δυσκρασίας·
2610 1479 2833 1551 ἀρίστης
2900 1500 2959 1534 τε
3017 1479 3257 1553 κράσεως
3353 1475 3660 1533 ἐκδιδάσκει
3726 1474 3852 1532 διά-

2200 1590 2423 1646 γνωσιν,
2481 1568 2569 1623 καὶ
2638 1571 2842 1642 θερμῆς
2908 1570 3285 1644 γνωρίσματα,
3345 1568 3434 1622 καὶ
3492 1572 3598 1622 τῶν
3656 1565 3847 1622 ἄλλων

2201 1656 2584 1729 ἁπλουστέρων
2642 1679 2700 1712 τε
2755 1656 2844 1711 καὶ
2902 1658 3161 1712 συνθέτων
3222 1657 3487 1731 κράσεων,
3548 1655 3655 1732 οὐχ
3713 1654 3854 1710 ὅλου

446 1741 584 1810 pitis
621 1742 855 1810 cerebri,
890 1745 1127 1813 ventris,
1172 1747 1380 1807 cordis.
1425 1748 1663 1817 jecoris,
1695 1765 1761 1803 ac
1794 1751 2091 1805 testiculo—

2208 1746 2365 1817 μόνον
2413 1749 2510 1799 τοῦ
2540 1746 2587 1781 7°
2618 1746 2895 1818 σώματος,
2947 1744 3094 1800 ἄλλα
3140 1746 3231 1799 καὶ
3262 1743 3508 1821 κεφαλῆς
3560 1744 3647 1799 xui
3695 1743 3852 1820 ἐγκεο

446 1831 597 1899 rum)
628 1832 831 1886 edocet
866 1850 877 1886 :
926 1834 1252 1905 horumque
1282 1838 1571 1905 omnium,
1604 1837 1649 1891 si
1684 1839 1827 1892 forte
1856 1857 1887 1892 α
1920 1844 2090 1893 natu—

446 1918 554 1973 rali
585 1925 743 1975 statu
776 1922 1135 1991 deﬂexerint,
1168 1925 1421 1980 remedia
1454 1926 1634 1996 ponit.

524 2191 773 2257 Quintus
822 2192 969 2247 Aetii
1010 2192 1176 2258 liber,
1208 2193 1275 2249 de
1310 2194 1544 2263 morbis,
1577 2200 1633 2250 et
1690 2196 1749 2250 in
1792 2196 1994 2268 primis
2023 2198 2093 2252 de

452 2281 714 2335 febribus
744 2282 1024 2352 disputat,
1061 2282 1211 2337 178
1246 2283 1318 2353 (α)
1360 2300 1609 2354 quorum
1645 2284 1833 2355 signa,
1868 2303 2091 2355 praeno-

453 2371 663 2435 tiones,
700 2371 1052 2438 dinotiones,
1086 2374 1415 2427 curationes
1446 2373 1758 2444 diligenter
1788 2391 1927 2430 sane
1962 2392 2099 2446 per-

452 2462 684 2524 tractat,
724 2464 779 2513 et
822 2476 1181 2530 quaecunque
1223 2465 1495 2528 praeterea
1522 2463 1593 2516 ad
1627 2463 1776 2517 hanc
1810 2465 2095 2519 medicam

453 2545 1004 2617 contemplationem
1030 2553 1328 2618 spectant:
1373 2549 1668 2619 quodnam
1703 2552 1888 2607 morbi
1934 2554 2100 2623 prin-

457 2636 670 2707 cipium
692 2636 1191 2705 sitjudicandum,
1219 2638 1621 2710 trifariamque
1642 2640 1783 2696 illud
1809 2642 1941 2696 dici.
1966 2642 2100 2704 Quas

455 2725 593 2778 item
627 2724 881 2779 accessio
911 2726 1123 2793 morbi,
1154 2742 1404 2796 qumque
1438 2729 1702 2783 remissio
1740 2730 1935 2800 :vigor
1964 2730 2101 2785 item

457 2819 625 2882 atque
666 2813 1001 2880 declinatio,
1035 2832 1168 2869 cum
1224 2816 1484 2886 partialis
1525 2818 1711 2873 morbi
1742 2822 2097 2889 accessione,

456 2908 581 2957 tum
617 2903 873 2972 corporis
898 2904 1172 2959 universi.
1198 2904 1331 2967 Quae
1352 2907 1472 2960 sint
1503 2909 1769 2963 sanitatis
1802 2910 1988 2979 signa,
2016 2911 2101 2966 vel

457 2991 664 3044 mortis
687 2992 743 3043 in
768 2995 1116 3060 aegrotante:
1142 2997 1485 3061 etquzsnam
1514 2994 1722 3048 borum
1757 2996 1982 3053 tardius
2005 3005 2101 3052 aut

458 3078 632 3133 citius
665 3077 750 3132 vel
786 3079 974 3133 medio
1009 3082 1199 3145 modo,
1242 3081 1310 3134 ad
1346 3083 1653 3137 sanitatem
1686 3083 1769 3138 vel
1807 3086 2101 3142 interitum

458 3170 748 3238 pertinere
776 3169 1137 3239 judicentur.
1172 3170 1251 3224 De
1284 3171 1557 3238 pulsuum
1605 3174 1787 3243 signis
1819 3180 1875 3230 et
1909 3177 2102 3232 crina-

459 3272 590 3309 rum
622 3256 919 3311 dinotione
951 3274 963 3310 :
1000 3274 1065 3312 ac
1094 3258 1233 3328 quid
1270 3259 1391 3313 haec
1440 3260 1765 3329 designent.
1802 3263 1880 3319 De
1910 3281 2102 3320 excre-

460 3350 793 3399 mentorum
829 3348 1002 3411 notis,
1036 3348 1402 3418 vomitusque
1435 3351 1788 3419 praenotione
1828 3369 1892 3408 ac
1923 3356 2104 3425 signi-

461 3434 754 3488 ﬁcatione.
816 3435 895 3488 De
958 3437 1259 3504 sanguinis
1317 3453 1347 3491 e
1401 3438 1642 3492 naribus
1692 3441 2015 3510 emptione,
2049 3448 2107 3498 et

461 3522 731 3577 muliebri
756 3525 1120 3594 purgatione.
1138 3524 1218 3579 De
1236 3527 1389 3580 notis
1402 3526 1621 3581 criticis
1636 3529 1913 3583 sudorum
1930 3536 2105 3602 atque

460 3614 842 3668 abscessuum
873 3631 883 3666 :
920 3619 976 3668 et
1006 3614 1075 3669 de
1106 3614 1322 3669 indicio
1355 3632 1384 3671 e
1414 3621 1606 3686 sputo.
1644 3618 1931 3675 Medicum
1963 3638 2104 3692 prte-

460 3705 615 3757 terea
646 3702 791 3757 bene
823 3701 1069 3773 peritum
1102 3705 1492 3775 cogniturum,
1515 3707 1831 3763 morbusne
1859 3711 2107 3779 perfecte

461 3796 684 3851 solutus
716 3794 812 3862 sit,
845 3812 1058 3864 annon,
1087 3796 1318 3851 etiamsi
1356 3798 1498 3853 forte
1539 3799 1764 3856 solutus
1796 3802 2058 3857 videatur
2089 3820 2101 3858 :

462 3885 614 3940 diem
650 3885 823 3939 etiam
858 3890 1032 3954 atque
1059 3886 1201 3939 adeo
1229 3886 1454 3954 horam,
1478 3903 1593 3957 qua
1617 3888 1687 3943 sit
1711 3897 1967 3961 aegrotus
1994 3908 2107 3947 mo-

461 3977 702 4032 riturus.
722 3979 795 4029 De
819 3974 1197 4045 popularibus
1220 3981 1275 4029 et
1297 3978 1708 4034 communibus
1732 3997 1796 4035 ac
1820 3980 2106 4051 pestiferis

460 4066 681 4123 morbis
712 4067 1002 4133 tractatio,
1036 4072 1091 4120 et
1121 4066 1191 4120 de
1222 4066 1293 4121 iis
1324 4069 1419 4136 qui
1455 4070 1624 4123 variis
1647 4086 1714 4124 ex
1747 4072 1940 4126 causis
1965 4088 2107 4140 syn-

460 4171 601 4227 cope
632 4155 1048 4225 corripiuntur,
1083 4155 1269 4225 deque
1291 4157 1470 4210 animi
1497 4156 1771 4228 deliquio,
1807 4161 1959 4230 quod
2012 4178 2103 4215 va-

462 4245 567 4299 riis
589 4244 723 4298 item
757 4261 824 4299 ex
847 4244 1041 4298 causis
1062 4244 1347 4299 animanti
1380 4246 1629 4300 obvenit.
1656 4247 1735 4301 De
1770 4248 2107 4304 febricitan-

2198 1833 2380 1909 φάλου
2424 1834 2512 1887 καὶ
2560 1835 2792 1908 γαστρὸς
2842 1834 2929 1888 καὶ
2982 1833 3290 1907 πνεύμονος
3334 1833 3425 1887 καὶ
3474 1830 3703 1905 καρδίας
3760 1832 3855 1886 καὶ

2196 1922 2407 1990 ἥπατος
2456 1923 2544 1976 xui
2595 1917 2828 1997 ὄρχεων,
2873 1921 2963 1977 xui
3013 1929 3113 1991 τῆς
3169 1922 3379 1978 τούτων
3433 1920 3687 1975 ἁπάντων
3744 1920 3855 1975 ἀπὸ

2196 2018 2297 2080 τῆς
2338 2016 2434 2065 τοῦ
2464 2012 2600 2065 κατὰ
2631 2010 2785 2087 φύσιν
2839 2011 2916 2072 εἰς
2961 2010 3025 2065 τὸ
3082 2010 3230 2086 παρὰ
3285 2009 3443 2088 φύσιν
3491 2016 3853 2085 παρατροπῆς

2200 2101 2424 2173 ἰάματα.

2272 2191 2332 2247 Ὀ
2364 2188 2420 2243 δὲ
2450 2190 2486 2244 ε’
2517 2191 2665 2261 αὖτῷ
2699 2189 2865 2264 λόγος
2923 2190 3047 2264 περί
3089 2188 3415 2261 νοσημάτων
3468 2184 3849 2263 διαλαμϐάνει,

2202 2280 2292 2333 xui
2340 2281 2444 2353 πρὸ
2512 2284 2616 2333 τῶν
2674 2276 2861 2333 ἄλλων
2923 2279 3047 2354 περὶ
3106 2276 3440 2353 πυρετωδῶν
3496 2279 3855 2351 νοσημάτων,

2203 2369 2297 2430 τάς
2326 2388 2384 2422 τε
2424 2367 2749 2440 σημειώσεις
2807 2368 2985 2422 αὐτῶν
3044 2369 3133 2422 καὶ
3192 2368 3536 2443 προγνώσεις
3590 2367 3682 2421 καὶ
3731 2364 3861 2422 δια-

2205 2459 2437 2532 γνώσεις
2493 2457 2582 2511 καὶ
2644 2458 2925 2531 θεραπείας
2984 2460 3045 2512 οὐ
3104 2456 3391 2533 παρέργως
3467 2455 3711 2526 ἐπεξιὼν,
3768 2458 3858 2512 καὶ

2208 2548 2306 2601 ὅσα
2336 2544 2481 2600 ἄλλα
2510 2546 2558 2581 ⁸ο
2585 2547 2721 2617 πρὸς
2750 2548 2847 2615 τὴν
2902 2546 3152 2620 ἱατρικὴν
3197 2544 3399 2616 ταύτην
3449 2547 3679 2619 θεωρίαν
3735 2568 3861 2600 συν-

2207 2634 2376 2691 τελεῖ·
2412 2634 2531 2689 τίνα
2562 2656 2618 2691 τε
2664 2632 2744 2689 δεῖ
2787 2639 2888 2689 τοῦ
2927 2636 3240 2708 νοσήματος
3290 2636 3468 2710 ἀρχὴν
3522 2632 3721 2707 λέγειν,
3771 2635 3865 2689 καὶ

2212 2726 2293 2779 ὅτι
2344 2729 2555 2799 τριχῶς
2610 2725 2845 2798 λέγεται.
2900 2723 3003 2780 Καὶ
3050 2725 3135 2785 τίς
3168 2724 3195 2777 6
3225 2724 3593 2797 παροξυσμὸς,
3641 2724 3729 2777 xui
3779 2724 3867 2786 τίς

2212 2818 2245 2884 ἡ
2278 2814 2453 2876 ἄνεσις
2495 2814 2583 2868 καὶ
2617 2817 2650 2882 ἡ
2698 2814 2849 2886 άκμή
2895 2814 2983 2868 καὶ
3016 2816 3050 2882 ἡ
3086 2815 3347 2887 παρακμή
3395 2817 3493 2868 τοῦ
3529 2834 3585 2867 τε
3634 2817 3867 2887 μερικοῦ

2211 2906 2560 2976 παροξυσμοῦ
2603 2904 2693 2957 καὶ
2740 2902 2872 2957 ὅλου
2921 2907 3020 2957 τοῦ
3071 2901 3344 2975 σώματος·
3395 2902 3516 2957 τίνα
3562 2922 3619 2957 τε
3658 2908 3864 2974 σημεῖα

2213 2992 2484 3063 σωτηρίας
2515 2996 2612 3047 τοῦ
2665 2996 2977 3061 νοσοῦντος,
3029 2991 3117 3046 καὶ
3166 2991 3287 3047 τίνα
3331 2992 3574 3065 ὀλέθρια,
3626 2993 3757 3046 ποῖά
3805 3013 3865 3047 τε

2212 3081 2384 3135 αὐτῶν
2448 3079 2668 3156 βράδιον
2716 3082 2751 3149 ἢ
2803 3081 2998 3154 τάχιον
3049 3081 3083 3151 ἢ
3135 3077 3224 3133 διὰ
3269 3083 3368 3134 τοῦ
3414 3079 3581 3151 μέσου
3628 3079 3863 3153 κρίνεται

2212 3177 2347 3245 πρὸς
2395 3171 2492 3238 τὴν
2543 3169 2720 3245 ὑγείαν
2774 3173 2807 3240 ἢ
2850 3170 2937 3224 καὶ
2990 3170 3127 3243 πρὸς
3176 3171 3266 3224 τὸν
3319 3171 3564 3226 θάνατον.
3622 3169 3749 3243 Περί
3808 3190 3868 3224 τε

2215 3264 2472 3336 σφυγμῶν
2530 3260 2887 3331 σημειώσεως
2964 3259 3053 3314 καὶ
3113 3256 3288 3334 οὔρων
3349 3256 3715 3333 διαγνώσεως,
3774 3261 3861 3313 καὶ

2212 3349 2264 3404 τί
2299 3346 2528 3417 δηλοῦσι
2568 3353 2753 3403 ταῦτα’
2805 3350 2893 3403 καὶ
2944 3350 3065 3421 περὶ
3120 3346 3566 3424 διαχωρημάτων
3612 3352 3863 3418 σημειώ-

2216 3460 2350 3499 σεως
2382 3436 2587 3508 ἐμέτων
2641 3459 2699 3491 τε
2743 3438 3122 3512 προγνώσεως,
3165 3438 3253 3491 καὶ
3297 3444 3397 3505 τῆς
3448 3436 3497 3506 ἐξ
3542 3436 3719 3492 αὐτῶν
3772 3457 3867 3507 ση-

2219 3528 2514 3601 μειώσεως·
2580 3527 2953 3603 αἱμορραγίας
3015 3548 3073 3581 τε
3132 3527 3191 3582 ἐκ
3241 3527 3424 3603 ῥινῶν,
3470 3528 3557 3581 xui
3606 3534 3708 3596 τῆς
3765 3549 3873 3601 γυ-

2215 3618 2448 3679 ναικείας
2543 3618 2876 3691 καθάρσεως·
2956 3619 3079 3691 περί
3147 3638 3205 3672 τε
3269 3622 3377 3670 τῶν
3446 3621 3705 3691 κριτικῶν
3773 3639 3871 3688 ση-

2220 3705 2385 3775 μείων
2419 3710 2529 3761 τῶν
2588 3707 2725 3761 κατὰ
2772 3706 2900 3767 τοὺς
2940 3702 3175 3780 ἱδρῶτας
3215 3706 3303 3760 xui
3366 3706 3464 3767 τὰς
3521 3705 3871 3776 ἀποστάσεις,

2214 3796 2434 3864 καὶτῆς
2486 3796 2591 3849 ἀπὸ
2639 3800 2743 3849 τῶν
2802 3794 3053 3850 πτυέλων
3102 3795 3543 3869 τεκμηριώσεως·
3592 3794 3678 3848 καὶ
3721 3793 3807 3848 ὅτι
3839 3796 3868 3847 6

2218 3885 2437 3958 ἄριστος
2474 3884 2654 3957 ἰατρὸς
2690 3884 2891 3939 εἶ’σεται
2923 3883 2967 3938 εἰ
3003 3879 3239 3957 βεϐαίως
3272 3884 3332 3938 τὸ
3382 3883 3598 3956 νόσημα
3640 3880 3871 3937 λέλυται

2213 3973 2301 4027 καὶ
2336 3972 2379 4026 εἰ
2414 3975 2490 4046 μή
2525 3971 2891 4041 λέλυται,κᾶν
2944 3969 3078 4044 δοκῇ
3128 3972 3197 4038 ⁸⁸,
3246 3971 3345 4042 τήν
3406 3993 3461 4026 τε
3519 3970 3728 4045 ἡμέραν
3776 3970 3868 4025 xui

2215 4062 2357 4135 ὥραν
2388 4061 2438 4116 ἐν
2539 4063 2566 4115 6
2598 4067 2774 4116 νοσῶν
2806 4063 2897 4117 τὸν
2934 4061 3052 4136 βίον
3082 4061 3396 4135 ἀπολείψει.
3432 4064 3565 4135 [569
3591 4063 3683 4134 3.]
3738 4063 3867 4135 Περί

2212 4170 2271 4206 τε
2310 4149 2613 4222 πανδήμων
2643 4152 2733 4205 καὶ
2786 4148 3074 4223 έπιδήμων
3130 4152 3220 4205 καὶ
3271 4147 3567 4224 λοιμωδῶν
3615 4151 3868 4222 νοσημά-

2216 4262 2324 4295 των
2358 4233 2561 4293 ἔκθεσιν
2594 4245 2853 4311 ποιεῖται,
2903 4241 2991 4294 καὶ
3050 4241 3175 4314 περὶ
3226 4244 3333 4294 τῶν
3382 4240 3522 4294 κατὰ
3570 4236 3870 4317 διαφόρους

461 4334 612 4387 tium
677 4334 906 4403 capitis,
967 4335 1219 4399 aurium,
1281 4340 1455 4405 atque
1530 4336 1827 4391 oculorum
1887 4337 2097 4394 dolore.

2219 4328 2392 4391 αἶτίας
2424 4331 2896 4405 συγκοπτομένων,
2929 4329 3017 4384 καὶ
3063 4329 3184 4402 περί
3234 4336 3334 4398 τῆς
3386 4329 3519 4383 κατὰ
3570 4325 3871 4403 διαφόρους

464 4421 779 4487 insomnia,
804 4422 1046 4477 luminis
1078 4421 1465 4491 hebetatione,
1498 4440 1562 4478 ac
1598 4425 1669 4479 de
1699 4441 1899 4480 eorum
1933 4443 2102 4481 cura-

464 4510 620 4565 tione
636 4510 850 4580 quibus
864 4513 1210 4581 sanguinem
1232 4528 1331 4582 per
1354 4529 1517 4568 nares
1531 4513 1587 4567 in
1608 4514 1861 4569 febribus
1875 4516 2108 4571 efﬂuere

467 4598 775 4670 contingit,
798 4604 854 4653 et
884 4601 1178 4669 quomodo
1211 4602 1289 4654 sit
1322 4602 1738 4670 providendum
1774 4604 2105 4659 febricitan-

464 4688 648 4743 tibus.
674 4688 754 4743 De
786 4689 995 4756 vesica,
1029 4688 1208 4743 urinae
1240 4690 1603 4758 difficultate,
1639 4692 1971 4748 lumborum
2006 4694 2106 4748 do-

464 4778 709 4846 loribus,
744 4780 814 4833 de
872 4776 1121 4833 ulcerato
1159 4780 1283 4849 jam
1340 4796 1470 4834 osse
1527 4796 1711 4849 sacro,
1744 4798 1808 4836 ac
1841 4783 2108 4850 testibus,

467 4873 524 4924 et
553 4884 685 4924 ano.
720 4867 799 4923 De
829 4868 1081 4937 pustulis
1134 4884 1234 4938 per
1274 4873 1456 4923 totum
1488 4886 1697 4939 corpus
1737 4869 1987 4938 diffusis,
2022 4871 2107 4927 vel

466 4959 526 5014 in
555 4957 815 5030 corporis
847 4966 1004 5026 parte
1028 4957 1197 5027 natis,
1221 4974 1286 5012 ac
1309 4958 1379 5012 de
1404 4959 1773 5028 tremoribus,
1796 4964 1850 5014 et
1872 4961 2111 5015 convul-

469 5048 749 5103 sionibus.
786 5046 1007 5111 Quibus
1039 5046 1179 5101 item
1228 5046 1428 5102 dulces
1471 5049 1732 5118 potiones
1764 5050 1821 5103 in
1856 5050 2109 5105 febribus

467 5136 718 5193 maxime
750 5135 920 5191 utiles
950 5135 1087 5205 sint,
1123 5136 1451 5208 praescribit
1483 5154 1495 5191 :
1531 5136 1730 5207 ibique
1762 5137 1907 5193 liber
1937 5139 2109 5209 quiu-

468 5232 565 5284 tus
596 5228 830 5285 desinit.

471 5321 755 5390 σπασμῶν⁶
816 5318 901 5380 οἷς
956 5314 1176 5390 πόματα
1226 5314 1357 5386 ἡδέα
1414 5318 1550 5376 κατὰ
1620 5319 1746 5381 τοὺς
1831 5318 2097 5393 πυρετοὺς
2185 5315 2419 5391 μάλιστα
2495 5314 2908 5393 χρησιμεύοντα

469 5407 557 5467 xui
600 5407 627 5463 6
656 5409 692 5464 ε’
722 5406 909 5486 λόγος.

2214 4420 2387 4480 αἰτίας
2422 4414 2916 4491 έπισυμῦαινοόσης
2948 4423 3025 4491 τῷ
3060 4419 3184 4491 ζώῳ
3228 4417 3607 4491 λειποθυμίας,
3647 4417 3769 4492 περί
3812 4439 3877 4473 τε

2215 4515 2315 4576 τῆς
2376 4507 2428 4561 έν
2484 4513 2737 4579 πυρετοῖς
2812 4506 3185 4583 κεφαλαλγίας
3261 4507 3350 4561 καὶ
3428 4507 3723 4582 ἀγρυπνίας
3781 4507 3877 4562 καὶ

2217 4597 2491 4671 ὠταλγίας
2550 4597 2638 4650 καὶ
2689 4596 2998 4673 ὀφθαλμίας
3055 4596 3146 4650 καὶ
3191 4596 3584 4671 ἀμαυρώσεως,
3646 4594 3736 4650 xui
3794 4584 3881 4673 ἐφ’

2217 4687 2289 4737 ὦν
2324 4683 2561 4757 α’ίματος
2612 4684 2762 4758 ῥύσις
2831 4683 2883 4738 ἐν
2933 4688 3190 4759 πυρετοῖς
3240 4678 3550 4757 συμϐαίνει,
3603 4690 3704 4753 τῆς
3744 4684 3885 4737 τού.

2214 4796 2324 4830 των
2383 4774 2801 4849 ἀποθεραπείας,
2862 4775 3011 4836 ὅπως
3063 4795 3121 4829 τε
3177 4774 3513 4849 προνοητέον
3563 4774 3701 4829 κατά
3747 4773 3881 4835 τοὺς

2218 4866 2481 4941 πυρετοὺς
2538 4869 2776 4929 κύστεώς
2822 4888 2880 4921 τε
2931 4867 3021 4921 καὶ
3073 4863 3380 4941 δυσουρίας,
3430 4866 3520 4920 xui
3578 4870 3688 4920 τῶν
3746 4865 3877 4939 περῖ

2221 4956 2386 5035 ὀσφὺν
2446 4955 2786 5032 ἀλγημάτων
2842 4955 3175 5016 ἐλκωθέντος
3222 4959 3318 5010 τοῦ
3362 4956 3514 5031 ἱεροῦ
3570 4956 3734 5009 ὁστοῦ
3780 4955 3877 5009 xui

2222 5046 2420 5125 όσχέου
2470 5047 2517 5081 ⁸²
2563 5045 2596 5115 ἢ
2652 5044 2965 5103 δακτυλίου.
3016 5046 3118 5102 Καὶ
3156 5044 3278 5119 περὶ
3326 5043 3708 5117 ἐξανθημάτων
3755 5045 3879 5098 καθ’

2223 5136 2351 5192 ὅλον
2382 5137 2444 5190 τὸ
2479 5142 2637 5208 σῶμα
2670 5134 2705 5205 ἤ
2738 5135 2825 5190 καὶ
2854 5135 2989 5190 κατὰ
3037 5136 3163 5208 [293
3193 5136 3288 5207 Η.]
3339 5133 3501 5208 μέρος
3547 5129 3881 5206 συμϐαινόν-

2220 5247 2328 5281 των
2369 5226 2503 5281 κατᾶ
2542 5225 2669 5289 τοὺς
2724 5224 2987 5299 πυρετοὺς
3055 5226 3123 5292 ⁸⁸,
3185 5223 3275 5279 xui
3321 5224 3445 5297 περὶ
3502 5223 3725 5297 τρόμων
3784 5226 3883 5280 καὶ

3003 5314 3302 5370 συντάττει.
3376 5313 3463 5371 Ἐν
3536 5310 3716 5388 τούτῳ
3776 5314 3882 5387 μὶν

1820 5554 2059 5611 VARIIE
2107 5552 2519 5615 LECTIONES.

1628 5679 1668 5715 ⁸¹
1701 5675 1876 5733 δοκεῖν

546 5676 593 5714 7"
622 5680 716 5733 τοῦ
748 5680 879 5738 add.
912 5682 991 5735 A:
1071 5678 1115 5716 ⁸ο
1148 5674 1287 5733 ἄλλα
1319 5680 1449 5737 add.
1484 5684 1548 5737 A.

2068 5680 2112 5714 ⁸³
2148 5675 2354 5753 όσχέων

2388 5679 2465 5751 ς.
2544 5679 2589 5714 ⁸³
2616 5673 2750 5734 κατᾶ
2780 5674 2909 5741 τοὺς
2937 5672 3201 5753 πυρετοὺς
3241 5677 3378 5736 add.
3411 5677 3482 5734 Α.
