4142 6214
297 327 412 387 725

1417 329 1953 390 BIBLIOTHECA.
2001 360 2074 373 —
2118 327 2288 386 COD.
2337 325 2587 386 CCXXI.

3591 318 3710 378 726

370 458 456 511 Ἐν
493 454 550 512 δὲ
578 461 658 528 τῷ
701 459 775 532 ς’
816 456 969 533 λόγῳ
1017 459 1138 532 περὶ
1171 461 1277 512 τῶν
1308 465 1407 528 τῆς
1435 459 1680 537 κεφαλῆς
1719 461 1808 515 καὶ
1857 464 1938 514 τοῐ

2139 461 2304 515 Sexto
2337 476 2503 530 porro
2559 459 2706 514 libro
2738 457 2808 511 de
2849 454 3058 527 capitis
3117 457 3173 508 et
3211 450 3432 508 cerebri
3493 449 3711 506 morbis

291 542 596 622 ἐγκεφάλου
654 549 926 602 παντοίων
984 546 1197 616 διέξεισι
1265 550 1470 618 παθῶν,
1512 552 1676 604 ταῦτά
1713 571 1769 604 τε
1829 551 1952 604 ἀνα-

294 631 570 690 διδάσκων
607 637 697 692 καὶ
749 637 844 697 τὰς
901 637 1188 711 θεραπείας
1247 638 1421 692 αὐτῶν
1473 639 1696 709 Διέξεισι
1755 638 1813 694 δὲ
1860 641 1950 694 καὶ

407 725 421 743 \
655 724 679 744 ἢ

294 745 422 797 περι
478 725 892 797 λυσσοοήκτων,
943 727 1033 782 καὶ
1081 729 1206 802 περὶ
1257 727 1602 798 ἀποπληξίας
1657 730 1744 783 καὶ
1777 750 1948 802 παρα-

298 816 533 883 λύσεως,
565 815 844 890 παρέσεώς
899 837 957 870 τε
986 816 1190 894 ἀφρύος
1232 817 1265 886 ἢ
1313 815 1596 894 βλεφάρων
1639 817 1727 872 καὶ
1775 816 1950 889 γλώσ-

299 929 400 978 σης
455 905 544 961 καὶ
592 909 688 959 τοῦ
746 910 1060 982 φωνητικοῦ
1114 905 1344 979 ὀργάνου
1373 905 1462 961 καὶ
1503 906 1951 979 καταπόσεωςτῷ

296 997 448 1068 αύτῷ
503 991 940 1069 κατασχεθέντων
1005 994 1182 1050 πάθει·
1243 996 1331 1049 καὶ
1400 997 1523 1069 περὶ
1595 1003 1694 1065 τῆς
1739 996 1946 1052 τούτων

299 1085 609 1160 θεραπείας·
662 1083 786 1158 περί
843 1105 903 1138 τε
949 1088 1173 1138 κυνικοῦ
1223 1089 1497 1157 σπασμοῦ,
1560 1085 1648 1140 καὶ
1700 1086 1820 1160 περὶ
1870 1089 1950 1141 θε-

303 1172 528 1247 ραπείας
577 1172 810 1233 κύστεως
855 1173 1198 1246 παρεθείσης,
1247 1172 1452 1227 καυλοῦ
1501 1194 1559 1228 τε
1621 1173 1711 1227 καὶ
1783 1174 1950 1227 ἀπευ-

296 1265 568 1336 θυσμένου
606 1263 696 1317 καὶ
745 1260 973 1324 σκέλους
1030 1262 1121 1317 καὶ
1179 1263 1364 1336 ἑτέρου
1424 1263 1571 1325 τινὸς
1605 1263 1820 1318 κώλου·
1858 1263 1948 1318 καί

296 1354 425 1426 περὶ
473 1353 713 1418 τετάνου,
752 1351 844 1405 καὶ
919 1351 1040 1422 περὶ
1114 1349 1389 1429 διαφόρων
1447 1351 1830 1428 κεφαλαλγιῶν
1891 1353 1950 1407 ἐκ

298 1438 575 1519 διαφόρων
626 1439 815 1494 αἰτιῶν
867 1434 1301 1512 συμϐαινουσῶν,
1344 1442 1467 1516 περί
1515 1461 1573 1494 τε
1650 1441 1946 1518 κεφαλαίας

292 1529 390 1584 καὶ
429 1530 783 1604 ἡμικραίρας.
839 1528 1193 1586 Ἀλωπεκιῶν
1253 1552 1312 1585 τε
1367 1532 1649 1606 θεραπείας
1719 1531 1947 1605 ἀναγρά-

297 1640 390 1693 φει
425 1619 514 1672 καὶ
550 1623 758 1693 τριχῶν
792 1619 1028 1693 ῥεουσῶν
1054 1619 1143 1673 καί
1176 1619 1390 1697 ὀφρύων
1411 1619 1856 1696 λιποτριχουσιῖιν
1879 1621 1945 1689 ⁸⁴,

291 1713 509 1782 τριχῶν
540 1729 597 1763 τε
629 1709 912 1782 βάμματα,
945 1708 1032 1762 καὶ
1080 1708 1286 1763 τούτων
1340 1709 1629 1779 ούλοποιᾶ,
1678 1711 1948 1786 ἀφανιστι-
1980 1752 2028 1816 Β

347 1797 360 1816 Ι
669 1801 696 1812 ο
893 1797 906 1814 \
986 1798 999 1816 Ί
1146 1804 1171 1816 υ
1263 1797 1273 1816 Ι
1457 1800 1485 1816 Λ
1570 1801 1593 1816 Λ
1621 1801 1634 1816 Ι
1932 1799 1945 1816 \

292 1797 366 1852 κά
406 1818 466 1852 τε
527 1801 762 1872 τριχῶν,
819 1797 908 1852 καὶ
975 1797 1383 1876 ἀφανιζομένων
1457 1800 1806 1874 βοηθήματα,
1858 1799 1947 1854 καὶ

296 1885 573 1961 ψίλωθρα,
623 1888 713 1941 καὶ
758 1884 1085 1941 λεπτυντικὰ
1132 1889 1363 1962 τριχῶν.
1414 1890 1545 1962 Περί
1593 1909 1651 1943 τε
1697 1889 1946 1962 πιτυριά-

295 1997 434 2038 σεως
489 1977 582 2030 καὶ
639 1974 1014 2052 φθειριάσεως,
1083 1977 1322 2054 ἀχώρων
1375 1998 1454 2046 τε,
1505 1977 1594 2031 καὶ
1638 1983 1744 2032 τῶν
1787 1977 1838 2032 ἐν
1877 1983 1945 2053 τῇ

291 2066 510 2144 κεφαλῇ
579 2063 982 2140 συμϐαινόντων
1052 2065 1176 2123 ἄνευ
1232 2072 1543 2143 προφανοῦς
1591 2068 1768 2131 αἰτίας
1800 2068 1946 2141 ἐξαν-

293 2158 584 2229 θημάτωνο
633 2157 725 2210 καὶ
773 2157 980 2211 τούτων
1038 2157 1289 2212 ἁπάντων
1345 2159 1435 2211 καὶ
1489 2161 1595 2212 τῶν
1645 2156 1947 2232 παραπλη-

290 2248 426 2300 σίων
479 2244 754 2320 διέρχεται
804 2246 1107 2320 θεραπείας.
1155 2246 1260 2301 Καὶ
1295 2250 1401 2301 τῶν
1452 2245 1502 2301 ἐν
1537 2247 1634 2300 ὠσὶ
1669 2244 1941 2323 διαφόρων

282 2357 347 2390 τε
386 2335 480 2388 καὶ
518 2334 578 2389 ἐκ
620 2332 885 2410 διαφόρου
934 2336 1110 2396 αἰτίας
1155 2336 1578 2409 συμπιπτόντων
1611 2338 1818 2406 παθῶν,
1851 2335 1941 2390 καὶ

285 2424 431 2497 πρὸς
492 2423 583 2486 τὰς
630 2420 680 2496 ἒξ
739 2423 914 2479 αὐτῶν
972 2422 1355 2498 αἰμορῥαγίας,
1442 2426 1534 2478 καὶ
1601 2425 1724 2500 περί
1798 2446 1940 2498 παρ-

280 2510 523 2582 ωτίδων,
584 2514 673 2569 καὶ
731 2513 830 2570 ὅσα
880 2515 1016 2573 κατὰ
1068 2517 1167 2583 τήν
1229 2516 1349 2589 ῥῖνα
1401 2515 1710 2570 συνίσταται
1769 2515 1936 2584 πάθη,

277 2603 407 2677 περί
456 2623 515 2656 τε
581 2607 926 2677 πταρμικῶν,
962 2602 1053 2656 καὶ
1097 2601 1148 2673 ἐξ
1197 2603 1270 2656 ὧν
1313 2599 1426 2657 ἔστι
1474 2602 1701 2663 τούτους
1739 2601 1937 2656 πλεον-

281 2693 517 2760 ἇζοντας
586 2695 808 2750 παῦσαι.
867 2692 997 2765 Περὶ
1049 2693 1257 2747 τούτων
1314 2692 1560 2747 ἁπάντων
1600 2690 1806 2764 ῒάματα
1844 2692 1933 2744 καὶ

282 2782 576 2856 θεραπείας
602 2780 655 2835 ἐν
673 2785 752 2854 τῷ
785 2781 860 2856 ς’
888 2779 1174 2856 καταλέγει
1208 2780 1383 2855 λόγῳ.

354 2872 507 2928 Κατά
565 2867 624 2925 δὶ
681 2871 772 2925 τὸν
827 2871 889 2941 ζ’,
923 2868 1038 2925 ἐπεὶ
1083 2872 1128 2907 ⁸⁸
1181 2872 1209 2925 ὁ
1264 2869 1418 2931 ἕκτος
1447 2870 1593 2941 αύτῴ
1622 2870 1688 2925 τὰ
1717 2870 1821 2924 ams
1851 2891 1934 2924 x3-

281 2957 468 3038 φαλῆς
503 2959 649 3029 πάθη
689 2957 854 3033 μέχρι
914 2956 1068 3013 ὤτων
1116 2959 1208 3013 καὶ
1259 2957 1405 3034 ῥινὸς
1453 2958 1543 3012 καὶ
1592 2958 1688 3019 τὰς
1724 2959 1932 3013 τούτων

282 3048 457 3108 ἰάσεις
517 3044 726 3120 διεξιὼν
780 3045 1018 3116 ἵσταται,
1105 3047 1228 3117 περὶ
1331 3047 1540 3124 φύσεως
1625 3046 1931 3122 ἀπάρχεται

446 3107 453 3108 κ
607 3107 626 3120 .
1005 3107 1016 3116 ,
1176 3107 1184 3117 .
1343 3107 1354 3124 .
1530 3107 1535 3108 γ
1741 3107 1748 3122 .
1777 3107 1812 3121 η,

278 3135 588 3217 ὂφθαλμῶν
629 3136 719 3192 καὶ
760 3141 865 3192 τῶν
911 3133 1309 3210 συνισταμένων
1341 3138 1465 3211 περὶ
1496 3136 1689 3197 αὐτοὺς
1727 3158 1931 3192 παντο·
1963 3107 2005 3172 c

281 3224 477 3280 δαπῶν
534 3227 746 3297 παθῶν,
807 3223 1002 3281 ἔσωθέν
1050 3247 1107 3280 τε
1154 3226 1253 3294 τὴν
1314 3225 1490 3280 αἰτίαν
1537 3221 1926 3300 προϐαλλομέ-

273 3337 422 3382 νων,
459 3316 548 3370 καὶ
597 3316 694 3370 ὅσα
737 3315 796 3371 ἐκ
842 3319 950 3370 τῶν
1002 3314 1150 3377 ἐκτὸς
1195 3311 1570 3388 ἐπισυμϐαίνει
1636 3317 1724 3372 καὶ
1791 3318 1930 3373 ἀπο-

271 3406 544 3463 τίκτεται.
601 3404 728 3480 Περί
780 3426 838 3460 τε
890 3404 1318 3482 ἆρτηριοτομίας
1365 3401 1626 3474 διδάσκει,
1668 3405 1756 3461 καὶ
1804 3409 1928 3481 περὶ

273 3496 592 3567 σκυθισμοῦ
647 3494 740 3549 καὶ
804 3496 1224 3568 ὑποσπαθισμοῦ
1270 3494 1361 3549 καὶ
1420 3492 1820 3572 ἀγγειολογίας·
1880 3496 1932 3550 ἐν

276 3586 366 3646 οἷς
401 3583 778 3658 έπιχρίσματά
829 3604 886 3638 τε
931 3583 1022 3638 καὶ
1073 3581 1510 3655 καταπλάσματα
1556 3585 1646 3638 καὶ
1697 3581 1930 3662 διάφορα

269 3670 622 3746 κουλλούρια
649 3672 716 3740 ⁸⁸,
751 3669 822 3726 δι’
855 3673 927 3726 ὧν
959 3673 1026 3727 τὰ
1063 3677 1171 3727 τῶν
1223 3670 1526 3749 ὀφθαλμῶν
1583 3673 1929 3748 θεραπεύεται

273 3764 451 3832 πάθη,
496 3761 792 3818 συντάττει.
843 3764 1022 3819 Ταῦτα
1073 3762 1169 3835 μὲν
1209 3760 1346 3816 κατὰ
1395 3761 1487 3816 τὸν
1520 3767 1559 3831 ζ’
1589 3762 1738 3835 αύτῷ
1769 3761 1932 3838 λόγον

275 3850 689 3930 φιλοπονεῖται.

353 4034 446 4090 Ἐν
483 4029 539 4087 δὲ
579 4036 660 4105 τῷ
707 4033 758 4102 η’
806 4029 949 4108 λέγει
1003 4033 1096 4107 μέν
1137 4055 1188 4089 τι
1219 4035 1335 4089 κατ’
1377 4035 1553 4109 ἀρχὰς
1590 4034 1712 4108 περὶ
1745 4031 1934 4089 διακο-

275 4123 543 4195 σμήσεως
585 4119 826 4201 ὀφρύων,
885 4123 936 4177 τί
998 4143 1056 4177 τε
1122 4117 1233 4178 ἔστι
1279 4123 1370 4177 καὶ
1424 4123 1572 4184 ὅπως
1621 4122 1819 4197 γίνεται
1867 4123 1934 4178 τὰ

277 4208 532 4277 ὑπώπια,
563 4210 653 4265 καὶ
706 4208 856 4272 ὅπως
902 4209 1036 4266 αύτᾶ
1091 4209 1460 4285 θεραπευτέον.
1517 4213 1699 4273 Ὃπως
1730 4232 1788 4266 τε
1827 4211 1932 4266 ὐπὸ

272 4298 450 4369 ἡλίου
479 4301 516 4369 ἢ
567 4298 769 4372 ἀνέμου
825 4301 902 4372 μὴ
962 4299 1248 4355 ἐπικάοιτο
1278 4300 1339 4354 τὸ
1383 4301 1694 4374 πρόσωπον,
1728 4300 1820 4354 καὶ
1863 4298 1932 4354 δι’

2056 549 2177 620 agit
2208 548 2518 618 universis,
2554 564 2668 603 non
2711 547 2818 602 hos
2857 543 3046 600 solum
3087 543 3358 607 edocens,
3391 539 3492 596 sed
3525 553 3710 594 reme-

2057 641 2148 696 dia
2171 657 2399 712 quoque
2430 641 2710 710 ipsorum.
2746 637 2874 707 Agit
2903 641 2960 691 et
2991 636 3060 690 de
3090 631 3437 690 commorsis
3459 628 3710 686 arabido

2058 748 2220 798 cane,
2256 737 2312 786 et
2343 732 2411 784 de
2443 727 2748 800 apoplexia
2784 731 2958 798 atque
2992 723 3266 797 paralysi.
3298 723 3374 777 De
3411 717 3709 791 supercilii

2057 824 2158 874 aut
2189 818 2598 890 palpebrarum
2646 815 3018 882 resolutione,
3073 814 3329 883 itemque
3374 811 3444 866 de
3491 808 3706 879 lingua,

2056 912 2112 964 et
2143 908 2326 963 vocali
2361 909 2770 970 instrumento,
2806 921 2871 960 ac
2901 903 3038 974 gula
3069 903 3202 956 dum
3235 900 3343 954 hoc
3392 899 3519 970 ipso
3553 895 3706 952 malo

2058 998 2424 1060 infestantur,
2457 1001 2513 1051 et
2543 996 2611 1050 de
2640 994 2851 1049 horum
2875 992 3195 1049 curatione.
3221 989 3301 1045 De
3330 987 3540 1044 canina
3567 1001 3705 1041 con-

2055 1085 2339 1151 vulsione,
2381 1091 2437 1141 et
2495 1083 2796 1140 curatione
2846 1079 3107 1137 resoluta:
3166 1077 3389 1144 vesicae,
3433 1075 3599 1148 penis
3651 1077 3708 1128 et

2055 1175 2319 1230 intestini
2357 1175 2519 1229 recti.
2582 1172 2662 1227 De
2692 1171 2900 1238 cruris,
2955 1167 3268 1224 alteriusve
3299 1167 3705 1235 cujuscunque

2060 1264 2305 1319 membri
2344 1261 2632 1318 medicina
2655 1280 2669 1322 ς
2700 1277 2764 1315 ac
2788 1261 2859 1314 de
2892 1263 3089 1313 tetano
3113 1272 3214 1311 seu
3233 1252 3606 1309 distentione.
3626 1250 3706 1306 De

2055 1353 2263 1423 capitis
2278 1355 2313 1406 1
2334 1347 3046 1423 78(b)variisdoloribuse
3060 1343 3305 1400 diversis
3319 1341 3510 1397 causis
3523 1343 3707 1395 ortum

2056 1441 2422 1511 ducentibus,
2460 1457 2526 1496 ac
2549 1441 2621 1494 de
2647 1437 2937 1509 cephalica
2966 1442 3019 1490 et
3059 1431 3436 1489 bemicrania.
3482 1428 3703 1485 Descri-

2055 1530 2141 1584 bit
2171 1534 2227 1584 et
2254 1531 2584 1584 curationes
2615 1526 3029 1597 alopeciarum,
3071 1522 3413 1593 capillorum
3445 1520 3707 1574 deﬂuen-

2055 1619 2228 1683 tium,
2259 1623 2315 1672 et
2337 1616 2613 1686 depilium
2645 1613 3112 1686 superciliorum.
3145 1611 3277 1675 Quae
3301 1609 3439 1664 item
3464 1605 3706 1678 capillos

2057 1707 2252 1777 tingan
2265 1711 2303 1774 t,
2321 1707 2596 1776 crispent,
2612 1705 2952 1772 exstirpent,
2968 1698 3330 1769 delabentesj
3342 1699 3533 1764 uvent,
3559 1700 3702 1750 atte-

2060 1799 2260 1862 nuent,
2286 1810 2517 1864 unaque
2548 1794 2753 1849 horum
2778 1791 3042 1863 psilotra.
3077 1791 3155 1845 De
3178 1787 3520 1851 furfuribus,
3551 1800 3703 1841 mor-

2062 1885 2130 1939 bo
2180 1881 2521 1955 pedieulari,
2563 1881 2894 1948 achoribus,
2925 1894 3170 1950 quisque
3201 1875 3375 1948 capiti
3430 1874 3704 1930 accidunt

2056 1973 2185 2028 sine
2233 1989 2407 2028 causa
2455 1971 2762 2026 manifesta
2792 1967 3066 2041 pustulis,
3099 1971 3157 2022 et
3195 1967 3402 2022 horum
3435 1961 3700 2019 omnium

2054 2067 2230 2132 atque
2285 2060 2569 2116 similium
2601 2059 2985 2114 incidentium
3017 2056 3354 2112 morborum
3388 2051 3694 2108 medicina.

2056 2153 2197 2206 Item
2230 2167 2354 2220 quae.
2403 2149 2641 2204 auribus
2692 2147 2849 2202 varia
2895 2147 3190 2217 variisque
3221 2143 3292 2200 de
3320 2142 3512 2198 causis
3545 2138 3700 2194 mala

2055 2239 2351 2308 accidunt,
2369 2243 2425 2293 et
2445 2239 2723 2292 adversus
2745 2235 3048 2307 sanguinis
3078 2251 3144 2290 ex
3167 2233 3310 2304 ipsis
3332 2229 3694 2300 eruptiones:

2052 2346 2117 2384 ac
2135 2331 2205 2385 de
2220 2328 2606 2402 parotidibus.
2621 2328 2701 2384 De
2715 2327 3118 2383 affectionibus
3133 2326 3393 2395 insuper,
3407 2337 3536 2393 quae
3550 2318 3700 2374 nari-

2051 2419 2163 2475 bus
2212 2419 2579 2489 contingunt,
2631 2422 2686 2473 et
2736 2418 2805 2471 de
2861 2412 3311 2478 sternutatoriis,
3363 2426 3427 2464 ac
3484 2407 3696 2478 quibus

2046 2508 2418 2578 potissimum
2472 2504 2743 2563 remediis
2798 2503 3189 2559 redundantes
3239 2496 3694 2555 sternutationes

2044 2598 2237 2654 sedari
2271 2597 2508 2668 possint.
2542 2601 2763 2650 Horum
2784 2591 3048 2650 omnium
3074 2588 3329 2645 medelas
3360 2589 3418 2641 et
3439 2583 3694 2640 curatio-

2043 2703 2150 2744 nes
2177 2687 2327 2742 libro
2367 2691 2526 2740 sexto
2558 2686 2837 2740 recenset.

2114 2864 2373 2935 Septimo
2407 2866 2538 2934 post
2566 2861 2688 2915 haec
2720 2859 2868 2914 libro
2899 2856 3079 2929 (quod
3112 2858 3274 2910 sexto
3308 2850 3515 2924 sapitis
3555 2849 3692 2906 alle-

2041 2957 2264 3012 ctiones
2290 2959 2346 3010 et
2379 2953 2612 3008 morbos
2643 2951 2712 3006 ad
2747 2964 2918 3005 aures
2951 2962 3136 3017 usque
3157 2948 3217 3000 et
3246 2959 3439 3010 nares,
3461 2955 3692 2996 earum-

2044 3047 2297 3116 demque
2349 3043 2603 3114 partium
2655 3038 2990 3096 curationes
3021 3039 3176 3091 esset
3224 3033 3590 3105 persecutus)
3623 3027 3694 3084 de

2042 3135 2345 3191 oculorum
2365 3149 2517 3187 nunc
2539 3134 2748 3185 natura
2761 3127 3010 3194 orditur,
3026 3120 3428 3194 etomnigenis
3447 3117 3688 3184 morbis,

2041 3225 2139 3294 qui
2169 3224 2322 3279 circa
2349 3222 2509 3293 ipsos
2543 3217 2742 3275 oculos
2775 3217 3163 3281 concitantur,
3191 3212 3310 3268 sive
3332 3223 3570 3265 causam
3597 3206 3697 3263 ali-

2043 3328 2219 3384 quam
2251 3310 2580 3366 interiorem
2618 3306 2703 3362 illi
2755 3305 3131 3376 praetendant,
3177 3301 3298 3358 sive
3327 3300 3402 3354 ab
3432 3295 3690 3354 externis

2042 3404 2385 3474 proveniant
2415 3405 2582 3470 atque
2604 3398 2945 3469 gignantur.
2981 3399 3056 3449 De
3084 3393 3432 3448 arteriarum
3461 3401 3694 3459 quoque

2041 3493 2296 3548 sectione
2329 3493 2613 3561 przscepta
2642 3485 2842 3552 tradit,
2894 3487 2951 3539 et
2998 3483 3069 3538 de
3120 3479 3465 3551 scythismo,
3527 3491 3594 3532 ac
3623 3475 3693 3530 de

2044 3581 2250 3636 frontis
2289 3595 2391 3650 per
2453 3576 2819 3633 submissum
2881 3569 3225 3642 scalpellum
3279 3565 3690 3628 excoriatione,

2040 3685 2435 3739 venarumque
2456 3667 2680 3722 delectu
2702 3683 2715 3720 :
2741 3663 2841 3718 ubi
2863 3666 2919 3717 et
2936 3661 3234 3723 illitiones,
3254 3656 3688 3728 cataplasmata,

2040 3758 2201 3814 varia
2230 3757 2597 3829 collyriorum
2646 3769 2880 3824 genera,
2914 3749 3126 3820 quibus
3155 3744 3458 3803 oculorum
3505 3741 3690 3796 morbi

2041 3855 2336 3914 curantur,
2391 3844 2736 3918 praescribit.
2789 3842 2924 3906 Quae
2973 3837 3210 3910 quidem
3241 3834 3388 3890 libro
3439 3830 3690 3904 septimo

2043 3956 2175 3995 cum
2209 3954 2349 3993 cura
2379 3939 2608 3992 tractat.

2114 4030 2327 4084 Octavo
2360 4030 2554 4082 autem
2587 4022 2734 4078 libro
2779 4020 2957 4076 refert
3003 4017 3076 4073 ab
3106 4015 3275 4071 initio
3325 4013 3592 4085 quaedam
3620 4011 3691 4066 de

2043 4118 2137 4175 his
2168 4134 2292 4190 quas
2325 4112 2639 4187 supercilia
2671 4112 2954 4166 exornent
2989 4123 3000 4160 :
3037 4105 3174 4177 quid
3219 4100 3554 4175 suggillatio
3583 4100 3692 4155 sub

2044 4207 2211 4264 oculo
2238 4205 2315 4261 sit
2340 4221 2352 4259 :
2417 4217 2649 4273 quaque
2680 4200 2799 4254 haec
2828 4197 3055 4253 ratione
3105 4197 3161 4249 et
3191 4193 3312 4261 fiat,
3346 4194 3402 4247 et
3432 4196 3689 4245 curetur.

2045 4295 2344 4363 Quomodo
2369 4310 2400 4348 a
2427 4292 2547 4347 sole
2578 4294 2634 4345 et
2656 4293 2826 4344 vento
2853 4303 2964 4342 non
2988 4285 3271 4340 aduratur
3293 4279 3485 4346 facies,
3508 4295 3574 4334 ac
3595 4294 3692 4348 per

273 4389 357 4442 ὧν
393 4383 540 4443 ἔστιν
593 4387 963 4465 ἆρῥυτίδωτον
1014 4389 1143 4444 αὐτὸ
1204 4394 1484 4463 συντηρεῖν
1537 4390 1624 4443 καὶ
1672 4388 1932 4462 μελανίας

2051 4403 2166 4456 quea
2190 4384 2308 4438 haec
2360 4381 2558 4437 eadem
2585 4379 2708 4434 sine
2732 4375 2890 4448 rugis
2935 4369 3269 4431 conservari
3293 4386 3305 4424 :
3331 4374 3519 4424 atrum
3543 4367 3692 4424 colo-

268 4475 648 4532 ἀπαλλάττειν
699 4477 793 4532 καὶ
836 4475 1026 4542 ἄλλως
1059 4480 1184 4552 [5’72
1216 4480 1311 4552 H‘]
1341 4478 1676 4551 ἐπικοσμεῖν,
1716 4478 1804 4533 καὶ
1838 4479 1930 4534 τὸν

271 4570 381 4622 τοῦ
432 4568 686 4638 σώματος
753 4571 947 4642 χρῶτα
1003 4567 1139 4642 πρὸς
1234 4564 1466 4622 εὐωδίαν
1545 4562 1928 4640 μεταϐάλλειν.

272 4655 559 4712 Ἐντεῦθεν
610 4655 733 4728 περὶ
780 4656 995 4710 πάντων
1052 4659 1161 4710 τῶν
1204 4657 1339 4711 κατᾶ
1395 4658 1456 4711 τὸ
1507 4658 1801 4730 πρόσωπον
1842 4658 1932 4711 καὶ

273 4743 539 4814 στόμαθ’
596 4743 685 4798 καὶ
741 4745 1048 4819 παρίσθμια
1105 4744 1503 4818 συνισταμένων
1571 4741 1933 4818 διαλαμϐάνει

272 4834 416 4903 [294
446 4833 539 4903 Η.]
598 4833 806 4901 παθῶν,
857 4831 957 4886 ὅσα
992 4855 1052 4888 τε
1108 4835 1321 4908 πρόεισι
1360 4836 1459 4903 τήν
1511 4834 1685 4889 αἰτίαν
1736 4829 1931 4889 ἔσωθεν

273 4915 553 4989 λαϐόντα,
582 4921 674 4974 καὶ
715 4915 818 4975 ὅσα
855 4919 915 4975 ἐκ
959 4926 1067 4976 τῶν
1112 4921 1262 4986 ἐκτὸς
1312 4919 1710 4993 ἐπισυμὸαίνει,
1743 4926 1858 4978 οἷον
1889 4927 1932 4961 ⁸³

271 5007 526 5066 ὀδόντων
556 5029 614 5064 τε
663 5010 976 5085 περιέχεται
1024 5010 1250 5067 ποικίλα
1297 5013 1444 5082 πάθη
1496 5012 1586 5066 καὶ
1657 5012 1930 5088 θεραπεία,

269 5100 374 5155 καὶ
409 5096 688 5171 γλώσσης,
750 5098 837 5152 καὶ
889 5104 1289 5175 γαργαρεῶνος,
1322 5101 1412 5155 καὶ
1461 5100 1652 5163 ἁπλῶς
1711 5103 1809 5156 ὃσα
1863 5105 1932 5175 τῇ

269 5190 595 5267 περιγραφῇ
645 5186 1062 5264 συμπεραίνεται
1112 5191 1158 5227 ⁸9
1212 5195 1308 5245 τοῦ
1347 5189 1638 5264 στόματος·
1694 5192 1768 5245 ὧν
1821 5189 1932 5245 ἐστὶ

2042 4491 2163 4531 rem
2197 4487 2422 4540 exuere,
2456 4477 2554 4525 aut
2586 4467 2698 4524 alia
2729 4466 2952 4522 ratione
3003 4461 3242 4518 nitidior
3269 4458 3453 4526 reddi,
3487 4474 3690 4527 corpo-

2043 4565 2242 4635 risque
2270 4561 2454 4632 ipsius
2478 4559 2630 4615 cutis
2647 4557 2825 4614 odora
2845 4553 2997 4610 efﬁci
3021 4551 3228 4625 possit.
3255 4548 3399 4604 Hinc
3420 4547 3490 4602 de
3507 4546 3696 4635 omni-

2041 4633 2159 4710 bus
2181 4652 2252 4708 iis
2285 4648 2502 4705 morbis
2549 4650 2647 4718 qui
2678 4646 2750 4701 ad
2783 4643 2984 4699 faciem
3017 4646 3073 4696 et
3105 4656 3170 4696 os
3202 4643 3375 4708 atque
3426 4633 3692 4690 tonsillae

2042 4745 2392 4808 excitantur,
2419 4740 2751 4810 pertractat,
2778 4736 2897 4790 sive
2919 4732 3001 4789 illi
3027 4731 3097 4786 ab
3119 4729 3436 4784 intrinseco
3459 4730 3695 4795 accepta

2041 4851 2216 4890 causa
2235 4830 2541 4902 prodeant,
2574 4826 2692 4880 sive
2724 4824 2794 4880 ab
2825 4819 3168 4878 extrinsecis
3193 4817 3425 4873 evenire
3451 4813 3690 4869 soleant.

2042 4923 2312 4979 Dentium
2346 4934 2481 4990 ergo
2540 4915 2636 4971 hic
2665 4915 2820 4969 varia
2875 4910 3252 4966 continentur
3296 4902 3692 4969 incommoda,

2043 5025 2365 5079 eorumque
2394 5005 2655 5062 curatio:
2704 5006 2768 5056 ut
2815 5007 2870 5056 et
2926 5000 3156 5068 linguae,
3205 4991 3596 5066 gurgulionis,
3630 5005 3697 5045 ac

2044 5105 2378 5156 cancrorum
2410 5093 2678 5151 omnium
2712 5106 2841 5162 quae
2863 5088 2978 5143 oris
3012 5084 3266 5141 termino
3299 5081 3692 5138 definiuntur:

2045 5207 2159 5262 quo
2203 5188 2262 5242 in
2306 5200 2550 5242 numero
2588 5185 2900 5238 censentur
2921 5176 3228 5248 Cynanche
3250 5173 3360 5246 (39)
3390 5180 3562 5244 atque
3594 5171 3694 5243 Sy-

1656 5291 1896 5346 νΑΡιυΕ
1935 5285 2332 5345 LECTlONES

351 5387 404 5422 ⁸⁸
430 5384 562 5442 λιιπ

729 5389 775 5426 ⁸⁸
803 5385 915 5445 imi
946 5389 1037 5444 καὶ
1070 5390 1098 5444 ὁ
1130 5389 1210 5464 ς’·

271 5459 520 5517 εάνεται.
561 5459 631 5518 Δί

1319 5390 1366 5426 ⁸⁸
1393 5387 1556 5448 κολλ.
1591 5395 1654 5446 Δ.
1731 5387 1884 5444 87xui
1907 5409 1938 5442 σ

2051 5407 2081 5443 α
2122 5403 2238 5444 om.
2268 5391 2336 5439 Α.
2413 5381 2464 5417 ⁸⁸
2492 5379 2604 5436 οἷον
2636 5395 2720 5453 pr.
2745 5383 2788 5433 Α
2817 5395 2830 5434 :
2861 5373 3046 5432 εἷ’ωθεν
3229 5371 3278 5410 ⁸⁸
3295 5367 3698 5450 συμπαραλαμ.

1884 5553 2098 5614 NOTAE

355 5644 474 5717 (39)
512 5644 813 5704 Distincte
843 5651 982 5706 sunt
1011 5647 1234 5719 angina)
1263 5647 1508 5721 species.
