4198 6216
413 360 526 420 727

1606 356 1875 419 ΡΗΟΤΙΙ
1919 354 2452 416 PATRIARCH/E
2494 354 2613 415 ΟΡ.

3696 361 3824 420 ’128

414 496 639 553 nanche
671 496 726 551 in
759 495 1022 551 faucibus
1053 493 1433 549 consistentes
1458 492 1643 547 morbi
1673 510 1685 547 :
1712 492 1830 547 imo
1859 497 1915 546 et
1934 494 2062 547 ton-
2095 545 2100 555 ,

2214 487 2267 540 αὶ
2429 488 2675 563 κυνάγχη
2735 487 2825 540 καὶ
2886 488 3159 562 συνάγχη,
3209 489 3331 562 περὶ
3406 491 3498 545 τὸν
3570 493 3832 570 φάρυγγα

415 584 682 640 sillarum
709 592 963 639 tumores
987 581 1401 654 suprascriptis
1427 582 1727 635 accedunt.
1749 580 2071 636 Docetitem

418 691 533 745 qua
546 675 764 728 ratione
792 675 823 727 ι
840 673 933 727 79
950 672 1026 743 (al
1048 672 1392 743 strangulati
1406 715 1419 741 ,
1436 671 1697 726 nondum
1712 675 1906 725 tamen
1926 686 2065 723 mor-

417 764 524 829 tui,
550 761 857 817 refocillari
900 760 1146 832 possint,
1167 767 1288 815 tum
1323 760 1393 815 de
1432 759 1776 815 arteriarum
1813 758 2069 814 affectio-

419 855 594 909 nibus
620 871 683 908 ac
717 851 987 908 remediis
1018 850 1298 922 disputat.
1330 851 1409 905 De
1442 850 1709 906 catharro
1743 865 1974 921 quoque
2006 863 2071 903 ac

422 944 570 999 tussi
595 959 794 1015 agens,
811 942 1122 1013 pharmace.
1145 939 1319 996 simul
1347 940 1524 995 tussis
1543 940 1794 994 dolorem
1825 937 2074 993 levantia

420 1031 719 1098 describit,
737 1048 803 1086 cu
816 1047 870 1085 m
896 1030 1290 1086 suffitionibus
1304 1034 1358 1085 et
1371 1028 1759 1101 epitbematis.
1790 1030 1867 1082 De
1880 1027 2074 1082 ortho-

424 1120 943 1195 pnoicisposthazc,
973 1127 1025 1175 et
1056 1118 1366 1187 anhelosis,
1387 1135 1650 1190 aegreque
1683 1117 1949 1187 spiritum
1968 1117 2071 1170 du-

424 1210 694 1266 centibus
717 1209 967 1279 disserit,
990 1225 1055 1263 ac
1074 1210 1140 1264 de
1160 1206 1646 1280 palpitationibus
1678 1206 1831 1261 circa
1854 1221 1970 1261 cor.
1996 1204 2075 1259 De

425 1298 726 1370 pulmonis
781 1297 1030 1367 denique
1070 1313 1134 1351 ac
1195 1298 1444 1366 pectoris
1508 1295 1726 1350 morbis
1775 1301 2074 1365 postquam

428 1388 714 1454 tractavit,
752 1386 961 1441 librum
995 1386 1229 1441 tandem
1259 1386 1537 1440 claudunt
1570 1383 1980 1455 praeceptiones
2006 1382 2077 1437 de

432 1474 764 1550 pleuritide,
796 1478 911 1528 tam
946 1489 1069 1543 quaa
1098 1489 1227 1529 vere
1271 1473 1449 1540 adest,
1497 1488 1669 1543 quam
1716 1488 1841 1542 quae
1873 1470 2078 1524 adesse

435 1570 690 1638 putatur,
752 1562 1055 1633 utriusque
1110 1562 1316 1617 harum
1377 1560 1782 1631 descriptione,
1836 1574 2079 1631 quisque

437 1655 507 1710 ad
541 1669 637 1710 eas
667 1651 954 1707 curandas
981 1650 1227 1717 faciunt,
1262 1649 1523 1720 adjectis.

440 1830 447 1831 ⁷
505 1839 669 1896 Nono
693 1839 839 1894 libro
862 1837 1160 1909 incipitde
1184 1836 1470 1893 cardiacis
1503 1835 1743 1902 morbis,
1781 1834 2084 1907 pergitque
2114 1803 2158 1866 Β

436 1946 608 2001 porro
638 1929 707 1985 de
760 1927 849 1981 bis
908 1943 1096 1998 agere,
1146 1927 1360 1996 quibus
1409 1928 1534 1980 atra
1566 1924 1681 1979 bile
1740 1923 2083 1978 stomachus

438 2019 815 2088 perturbatur
850 2032 862 2069 :
897 2019 998 2069 aut
1030 2014 1074 2069 si
1109 2016 1207 2084 qui
1242 2018 1515 2084 praeterea
1560 2012 1745 2067 morbi
1780 2011 2087 2067 ventriculi

441 2119 505 2158 es
536 2103 833 2159 infestant.
862 2100 1286 2170 Cataplasmata
1334 2100 1406 2153 iis
1467 2103 1641 2168 atque
1701 2098 1931 2169 auxilia,
1993 2107 2094 2168 qui

442 2193 619 2247 variis
653 2191 929 2247 stomachi
975 2189 1144 2245 malis
1174 2193 1545 2260 torquentur,
1579 2205 1949 2245 enumerans.
1982 2188 2097 2243 Ibi-

450 2282 580 2336 dem
616 2283 685 2337 de
713 2282 783 2335 iis
816 2294 1048 2351 quoque
1080 2279 1222 2351 agit,
1256 2279 1354 2348 qui
1383 2296 1415 2334 a
1437 2279 1731 2334 stomacho
1763 2278 2095 2349 epileptico-

452 2386 578 2425 rum
600 2385 756 2425 more
771 2367 1173 2424 convelluntur
1194 2367 1476 2437 ;itemque
1497 2368 1566 2422 de
1586 2367 1978 2439 inappetentia
1998 2388 2012 2433 ;
2029 2366 2098 2421 de

452 2458 657 2513 canino
715 2458 1000 2528 appetitu,
1053 2456 1366 2523 cruditate,
1406 2462 1460 2512 et
1508 2456 1717 2511 horum
1775 2456 2095 2511 curatione.

451 2548 631 2606 Docet
653 2548 720 2603 ad
746 2546 867 2603 haec
890 2564 1007 2618 qua
1029 2547 1253 2603 ratione
1276 2548 1511 2619 crapula
1538 2547 1937 2603 laborantibus
1970 2548 2095 2618 opi-

452 2639 766 2695 tulandum
784 2639 880 2706 sit,
896 2644 951 2694 et
966 2639 1079 2695 alvi
1094 2640 1342 2696 astricta
1366 2658 1562 2696 curam
1579 2640 1953 2712 praescripsit.
1968 2639 2102 2711 Agit

456 2730 701 2799 insuper
742 2731 812 2783 de
870 2729 1189 2794 inflatione,
1226 2732 1280 2784 et
1328 2728 1577 2797 volvulo,
1629 2747 1726 2785 seu
1781 2730 2101 2802 gracilioris

458 2819 723 2873 intestini
757 2819 1175 2887 obstructione,
1208 2835 1275 2873 ac
1307 2818 1560 2889 denique
1582 2819 1651 2873 de
1681 2818 1977 2886 omnibus,
2003 2816 2104 2887 qui

460 2907 658 2964 colicis
681 2908 981 2963 doloribus
1004 2909 1362 2963 cruciantur.
1382 2909 1457 2962 De
1481 2906 1699 2963 ventris
1718 2907 1991 2975 fluxione,
2016 2910 2099 2961 at-

463 3013 573 3069 que
604 2998 674 3052 de
713 2997 971 3064 cmliaca,
1003 3015 1176 3067 quam
1209 3001 1436 3064 vocant,
1470 2996 1792 3053 affectione.
1829 2997 1907 3051 De
1938 2995 2102 3051 colli-

465 3086 741 3157 quatione
772 3103 784 3139 :
815 3087 884 3140 de
914 3086 1221 3140 lumbricis
1253 3103 1384 3139 cum
1427 3084 1715 3153 rotundis,
1747 3092 1871 3140 tum
1923 3085 2054 3141 latis
2089 3101 2101 3138 :

2180 575 2536 647 συνιστάμενα
2593 576 2758 645 πάθη.
2788 574 2887 631 Καὶ
2920 577 2973 630 αἱ
3032 575 3274 638 ἀντιάδες
3301 578 3348 615 9°
3385 575 3440 633 δὲ
3488 585 3605 642 τοῖς
3674 582 3836 655 εἰρη-

2185 665 2367 736 μένοις
2401 661 2883 739 συμπεριέχονται.
2931 666 3054 727 Πῶς
3097 666 3153 720 τέ
3202 665 3312 722 ἐστι
3355 665 3577 723 δυνατὸν
3628 670 3833 724 ἀνακαο

2184 751 2435 808 λέσασθαι
2509 755 2636 818 τοὺς
2694 753 3136 830 ἀπαγχομένους,
3210 760 3378 830 μήπω
3462 763 3539 830 τῷ
3620 760 3836 832 θανάτῳ

2182 840 2675 916 παραδεδομένους.
2712 846 2844 917 Περί
2876 866 2935 900 τε
2964 844 3309 921 ἀρτηριακῶν
3344 849 3530 903 παθῶν
3564 848 3651 904 καὶ
3684 870 3834 929 φαρ-

2187 932 2374 1003 μάκων
2430 932 2741 1011 ἀναγραφὴν
2793 938 3054 1004 ποιεῖται,
3110 937 3201 990 καὶ
3257 936 3381 1011 περὶ
3431 938 3705 1016 κατάρῥου
3737 938 3836 994 καὶ

2188 1022 2386 1096 βηχὸς·
2422 1022 2510 1075 καὶ
2570 1020 2813 1077 ἀνώδυνα
2865 1025 3078 1102 βηχικᾶ
3136 1026 3394 1102 φάρμακα
3442 1028 3658 1107 γράφει,
3693 1029 3832 1085 ὑπο-

2182 1112 2523 1183 καπνισμοός
2578 1133 2634 1166 τε
2690 1113 2779 1166 καὶ
2845 1112 3168 1187 ἐπιθέματα.
3230 1116 3363 1189 Περὶ
3451 1116 3835 1191 ὀρθοπνοϊκῶν

2184 1220 2242 1253 τε
2271 1201 2359 1254 καὶ
2399 1198 2746 1273 ἄσθματικῶν
2803 1202 2893 1256 καὶ
2944 1199 3281 1258 δυσπνο”ικῶν
3328 1201 3709 1279 διαλαμϐάνει,
3739 1230 3842 1264 πε-

2188 1291 2240 1363 ρί
2270 1311 2328 1344 τε
2385 1290 2622 1363 παλμῶν
2682 1296 2787 1345 τῶν
2848 1291 2983 1346 κατᾶ
3021 1295 3119 1361 την
3169 1290 3413 1366 καρδίαν·
3448 1297 3536 1349 καὶ
3600 1294 3679 1351 ἔτι
3710 1296 3841 1367 περί

2185 1382 2289 1451 [τε]
2318 1384 2427 1434 τῶν
2459 1384 2554 1433 τοῦ
2594 1381 2895 1453 πνεύμονος
2937 1381 3023 1435 καὶ
3090 1382 3339 1455 θώρακος
3383 1385 3569 1438 παθῶν
3623 1383 3842 1456 διεξιών

2191 1469 2544 1543 συμπεραίνει
2573 1470 2665 1524 τὸν
2702 1468 2865 1544 λόγον
2897 1470 2971 1532 εἷς
3020 1472 3117 1539 τὴν
3152 1469 3501 1528 διδασκαλίαν
3530 1476 3632 1543 τῆς
3662 1475 3845 1531 πλευ-

2192 1558 2420 1631 ρίτιδος,
2452 1562 2551 1628 τῆς
2604 1581 2661 1614 τε
2714 1557 2883 1631 οὔσης
2936 1559 3023 1615 καὶ
3055 1568 3152 1629 τῆς
3202 1562 3592 1636 νομιζομένης,
3640 1568 3727 1627 τίς
3780 1587 3845 1621 τε

2193 1649 2417 1723 ἑκατέρα
2476 1647 2704 1719 τούτων,
2747 1649 3091 1726 ὑπογράφων,
3128 1650 3217 1705 καὶ
3268 1650 3366 1705 ὅσα
3425 1652 3501 1714 εἰς
3549 1654 3841 1727 θεραπείαν

2194 1736 2372 1792 αὐτῶν
2407 1737 2671 1794 συντελεῖ.

2264 1830 2408 1883 Κατὰ
2447 1826 2503 1883 δὲ
2548 1830 2641 1884 τὸν
2701 1831 2743 1884 θ’
2793 1829 2959 1905 λόγον
3021 1830 3325 1905 ἀπείργεται
3388 1833 3482 1903 μὲν
3534 1831 3657 1909 περὲ
3700 1854 3845 1909 καρ-

2194 1915 2417 1986 διακῶν,
2480 1913 2834 1991 διαλαμϐάνει
2894 1916 2951 1973 δὶ
3009 1919 3195 1996 ἐφεξῆς
3250 1920 3373 1994 περί
3437 1943 3496 1976 τε
3549 1926 3664 1991 ⁵τῶν
3737 1923 3847 1978 ὑπὸ

2205 2004 2462 2077 μελαίνης
2507 2005 2689 2079 χολῆς
2736 2003 3160 2081 ἐνοχλουμένων
3216 2007 3308 2061 τὸν
3339 2009 3382 2046 ⁹ί
3415 2008 3718 2084 στόμαχον,
3750 2010 3850 2065 καὶ

2204 2092 2395 2156 ἁπλῶς
2452 2094 2549 2147 ὅσα
2589 2095 2730 2163 πάθη
2776 2096 2910 2149 κατὰ
2966 2095 3027 2149 τὸ
3070 2094 3244 2168 στόμα
3298 2102 3397 2165 τῆς
3446 2096 3665 2162 κοιλίας
3714 2120 3853 2153 συν-

2210 2183 2441 2250 ίσταται,
2481 2184 2915 2257 καταπλάσματά
2963 2205 3019 2238 τε
3060 2185 3150 2239 καὶ
3192 2186 3528 2258 βοηθήματα
3565 2192 3681 2250 τοῖς
3712 2191 3858 2244 κατά

2208 2269 2439 2349 διάφορα
2487 2272 2627 2342 πᾶθη
2680 2274 2771 2327 τὸν
2846 2274 3132 2351 στόμαχον
3182 2276 3585 2347 κεκακωμένοις
3637 2297 3859 2353 συναρι-

2207 2364 2380 2434 θμῶν.
2417 2362 2502 2417 Ἐν
2534 2364 2615 2423 οἷς
2649 2362 2738 2416 καὶ
2780 2363 2898 2436 περὶ
2938 2366 3045 2416 τῶν
3075 2362 3182 2418 ἀπὸ
3210 2364 3494 2437 στομάχου
3552 2363 3859 2435 ἐπιληπτι-

2207 2455 2315 2513 κῶς
2359 2451 2660 2524 σπωμένων
2720 2449 2988 2522 διέξεισιν,
3041 2451 3310 2527 ἆνορεξίας
3354 2475 3413 2508 τε
3453 2454 3542 2509 καὶ
3573 2453 3860 2520 κυνώδους

2210 2541 2436 2615 ὀρέξεως
2480 2542 2570 2596 καὶ
2612 2543 2865 2615 ἀπεψίας,
2925 2542 3015 2597 καὶ
3066 2543 3349 2618 θεραπείας
3396 2542 3628 2603 τούτων.
3692 2545 3856 2601 Διδά-

2212 2652 2325 2685 σκει
2384 2628 2441 2684 δὲ
2492 2631 2581 2685 καὶ
2640 2630 2790 2692 ὅπως
2853 2630 3156 2705 βοηθητέον
3235 2636 3351 2694 τοῖς
3444 2635 3853 2708 κραιπαλῶσιν.

2214 2720 2555 2795 Ἐπεχομένῃ
2606 2742 2663 2775 τε
2722 2721 2915 2796 γαστρὶ
2962 2718 3230 2776 διατάττει
3269 2722 3605 2795 ἐπιμέλειαν,
3638 2724 3765 2797 περί
3794 2747 3859 2781 τε

2215 2810 2715 2883 έμπνευματώσεως
2772 2809 2860 2864 καὶ
2923 2808 3095 2879 ἱλεοΰ,
3151 2811 3239 2864 καὶ
3306 2810 3498 2873 ἁπλῶς
3553 2814 3667 2887 περί
3739 2818 3859 2869 τῶν

2216 2897 2573 2972 ὀδυνιυμένων
2602 2899 2665 2953 τὸ
2704 2896 2906 2953 κῶλονο
2966 2899 3055 2953 καὶ
3104 2900 3227 2972 περὶ
3276 2899 3490 2962 κοιλίας
3538 2900 3871 2977 ῥευματιζο-

2222 2988 2407 3061 μένης,
2438 2994 2537 3057 τῆς
2585 3009 2641 3042 τε
2696 2986 2986 3058 κοιλιακῆς
3044 2988 3347 3063 λεγομένης
3398 2987 3706 3059 διαθέσεως,
3768 2993 3871 3047 καὶ

2221 3078 2342 3152 περὶ
2386 3080 2704 3150 συντήξεως,
2747 3077 2868 3151 περί
2915 3099 2973 3133 τε
3021 3077 3311 3152 ἱλμίνθων,
3342 3084 3451 3133 τῶν
3500 3100 3557 3134 τε
3610 3081 3881 3157 στρογγύ-

466 3176 537 3230 de
554 3174 624 3228 iis
645 3192 773 3245 quae
790 3174 1087 3229 ascarides
1109 3175 1491 3241 nominantur,
1507 3176 1690 3245 deque
1710 3175 2100 3229 intestinorum

2224 3166 2335 3222 λων
2365 3168 2452 3221 καὶ
2484 3174 2583 3236 τῆς
2616 3165 2879 3230 πλατείας
2904 3167 2993 3222 καὶ
3023 3172 3130 3222 τῶν
3182 3166 3485 3243 ἀσκαρίδων
3528 3168 3876 3246 λεγομένων.

467 3264 863 3335 passionibus.
895 3264 1107 3317 Eorum
1143 3280 1370 3335 quoque
1404 3265 1659 3318 remedia
1682 3264 1978 3331 describit,
2015 3263 2112 3335 qui

467 3369 704 3420 aurum,
728 3353 827 3422 qui
860 3370 956 3416 aes,
992 3352 1080 3407 vel
1110 3352 1220 3407 tale
1254 3352 1392 3423 quid
1436 3352 1871 3422 deglutiverunt
1903 3354 2113 3425 dysen-

466 3442 659 3497 tericis
682 3442 817 3495 item
842 3458 968 3512 quae
992 3442 1078 3497 vel
1102 3456 1350 3511 superne
1373 3440 1459 3495 vel
1478 3440 1701 3495 inferne
1722 3441 2117 3496 immittantur

467 3530 727 3587 remedia
782 3535 1203 3586 commemorat
1255 3550 1266 3585 :
1310 3531 1589 3602 pastillos,
1638 3533 1957 3604 supposita,
2008 3549 2113 3588 un-

467 3628 703 3693 guenta,
737 3620 1117 3692 epithemata,
1142 3622 1325 3675 donec
1359 3623 1588 3676 tandem
1613 3621 1671 3676 in
1693 3621 2116 3678 sermonelien-

466 3708 611 3766 toria
641 3708 857 3764 librum
894 3709 1079 3764 finiat.

538 3894 842 3950 Decimum
866 3894 1081 3950 librum
1108 3895 1445 3965 auspicatur
1467 3894 2114 3966 abimbecillitatejeco-

468 3984 568 4051 ris,
592 3983 841 4055 indeque
864 3985 932 4038 de
955 3984 1229 4039 omnibus
1260 3985 1484 4054 hepatis
1516 3985 1755 4053 morbis,
1781 3990 1834 4040 et
1858 4002 1958 4056 per
1984 4001 2111 4055 quae

468 4072 679 4128 horum
711 4072 834 4129 fieri
867 4072 1154 4127 medicina
1177 4078 1374 4144 queat,
1409 4074 1607 4129 tradit.
1631 4075 1772 4129 Hine
1792 4075 1861 4129 ad
1897 4073 2113 4145 splenis

467 4162 650 4233 pergit
678 4164 1028 4230 affectiones,
1047 4165 1290 4234 ejusque
1306 4163 1519 4218 variam
1549 4164 1946 4234 intemperiem
1976 4180 2110 4219 cum

468 4252 706 4305 curandi
726 4250 912 4306 modis
929 4252 1100 4307 refert
1118 4267 1128 4304 :
1148 4249 1335 4322 [tales]
1353 4250 2113 4322 inflationes,inﬂammatio-

470 4354 592 4407 nes,
613 4339 843 4405 scirrhi,
864 4344 1122 4394 tumores
1140 4346 1348 4409 praeter
1363 4347 1631 4395 naturam
1659 4342 2108 4412 atquedurities.

467 4426 547 4480 De
570 4427 744 4480 ictero
778 4433 902 4481 tum
930 4428 1069 4499 agit,
1105 4445 1206 4483 seu
1243 4431 1445 4483 morbo
1478 4435 1745 4499 arquato,
1779 4435 1836 4485 et
1866 4431 1935 4485 de
1965 4433 2115 4485 mala

468 4515 726 4586 corporis
750 4515 1123 4571 habitudine:
1155 4518 1408 4587 itemque
1436 4519 1506 4573 de
1529 4518 1801 4589 hydrope,
1827 4520 1945 4574 sive
1968 4537 2114 4589 aqua

466 4603 617 4659 inter
647 4608 833 4660 cutem
871 4622 883 4659 :
919 4607 1073 4661 unde
1121 4606 1339 4678 singuli
1372 4606 1433 4662 hi
1473 4608 1658 4663 morbi
1687 4613 2022 4675 nascantur,
2054 4612 2110 4663 et

468 4693 762 4765 quomodo
792 4696 982 4751 curari
1012 4697 1240 4765 possint
1275 4697 1368 4752 via
1399 4714 1463 4752 ac
1496 4700 1719 4752 ratione
1752 4698 1964 4752 tradit:
1999 4714 2110 4768 quo

465 4782 599 4837 libri
630 4782 838 4838 decimi
870 4782 1035 4838 labor
1067 4784 1436 4840 terminatur.

540 4874 580 4926 1
598 4873 691 4927 19
724 4873 800 4943 (b)
824 4873 1141 4928 Undecimo
1163 4876 1303 4929 libro
1322 4876 1390 4931 de
1413 4876 1637 4932 diabete
1660 4877 1790 4948 (hoc
1816 4882 1905 4933 est
1934 4878 2115 4934 urina

468 4961 773 5033 proﬂuvio)
806 4966 1035 5032 tractat,
1062 4968 1116 5018 et
1147 4964 1217 5019 de
1251 4980 1453 5020 renum
1490 4966 1886 5021 imbecillitate
1908 4983 2113 5023 cruen-

470 5055 590 5106 tam
624 5051 849 5108 urinam
872 5053 1328 5109 excernentium.
1366 5054 1507 5110 [line
1530 5055 1600 5110 de
1627 5055 1930 5111 calculosis
1962 5056 2115 5111 reni‘

470 5140 604 5208 bus,
636 5140 929 5197 calculosa
951 5144 1161 5209 vesica,
1195 5161 1259 5199 ac
1302 5145 1371 5199 de
1404 5161 1607 5200 renum
1640 5146 2117 5215 inflammatione,

474 5230 706 5298 duritia,
726 5234 1165 5303 suppuratione.
1187 5234 1265 5288 De
1285 5234 1523 5306 dysuria
1541 5252 1773 5307 quoque
1786 5240 1841 5291 et
1854 5241 2121 5308 strangu-

2226 3257 2354 3332 Περί
2393 3278 2449 3309 τε
2493 3260 2600 3311 τῶν
2653 3257 2787 3310 κατά
2840 3256 2905 3311 τὰ
2972 3253 3156 3331 ἔντερα
3196 3256 3593 3329 συνισταμένων
3654 3260 3879 3330 παθῶν,

2224 3345 2311 3400 καὶ
2371 3344 2519 3407 ὅσοις
2582 3346 2785 3423 χρυσὸς
2816 3345 2850 3413 ἢ
2896 3344 3107 3420 χαλκὸς
3166 3344 3203 3414 ἤ
3233 3367 3283 3401 τι
3314 3350 3561 3401 τοιοῦτον
3595 3350 3642 3383 ³³
3669 3346 3877 3418 ἐπόθη.

2222 3436 2446 3492 Τούτων
2507 3458 2563 3491 τε
2607 3437 2936 3511 βοηθήματα
2994 3434 3309 3514 ἀναγράφει,
3342 3436 3430 3490 καὶ
3472 3433 3873 3512 δυσεντερικοῖς

2221 3526 2287 3578 τὰ
2348 3524 2617 3597 λεγόμενα
2701 3524 2998 3598 ἀνωτερικὰ
3062 3526 3151 3579 καὶ
3228 3526 3565 3599 κατωτερικὰ
3631 3523 3876 3598 ἐνέματα

2220 3613 2502 3689 καταλέγει
2552 3618 2619 3683 9³,
2649 3614 2976 3692 τροχίσκους
3018 3635 3076 3669 τε
3116 3613 3207 3668 καὶ
3241 3614 3473 3668 ὑποθετᾶ
3520 3614 3611 3668 καὶ
3654 3614 3879 3693 ἐπιχρι-

2222 3724 2396 3775 σματα
2444 3704 2533 3757 καὶ
2591 3701 2906 3777 ἐπιθέματα,
2938 3703 3030 3758 καὶ
3071 3700 3264 3758 λοιπὸν
3297 3703 3373 3766 εἷς
3402 3703 3496 3759 τὸν
3530 3704 3654 3778 περὶ
3687 3702 3874 3758 λειεν-

2220 3793 2399 3868 τερίας
2431 3792 2727 3868 καταλήγει
2769 3792 2951 3867 λόγον.

2290 3886 2350 3940 Ὀ
2385 3882 2443 3938 δὲ
2476 3885 2504 3937 ι’
2543 3882 2691 3956 αὖτῷ
2729 3885 2775 3921 9⁸
2815 3883 2976 3959 λόγος
3022 3885 3323 3959 ἀπάρχεται
3370 3885 3463 3957 μὲν
3500 3886 3621 3960 περῖ
3654 3883 3873 3946 ⁴ἥπατος

2220 3974 2455 4040 ἀτονίας,
2523 3974 2767 4027 κάκεῖθεν
2826 3975 2949 4044 περὶ
2989 3975 3201 4029 πάντων
3264 3973 3431 4028 αὐτοῦ
3496 3978 3607 4029 τῶν
3654 3974 3871 4040 παθῶν,

2218 4064 2307 4117 καὶ
2342 4061 2409 4117 δι’
2442 4064 2516 4117 ὧν
2550 4063 2608 4117 ἂν
2649 4064 2997 4138 θεραπευθείη
3054 4068 3241 4132 ταῦτα,
3294 4059 3679 4137 διαλαμϐάνει.
3736 4063 3874 4119 Εἶτα

2225 4148 2529 4226 μεταϐαίνει
2562 4153 2698 4228 πρός
2727 4155 2824 4215 τὰς
2873 4153 2924 4208 ἐν
2964 4153 3168 4224 σπληνὶ
3220 4150 3510 4221 διαθέσεις,
3542 4150 3874 4223 δυσκρασίας

2218 4263 2276 4296 τε
2332 4241 2495 4296 αὐτοῦ
2552 4242 2639 4296 καὶ
2712 4242 2996 4315 θεραπείας
3080 4240 3314 4313 διεξιὼν,
3386 4242 3872 4315 ἐμπνευματώσεις

2220 4331 2308 4385 καὶ
2341 4331 2658 4409 φλεγμονὰς
2706 4332 2794 4385 καὶ
2838 4332 3093 4407 σκίῤῥους
3132 4335 3176 4369 9⁸
3215 4333 3305 4386 καὶ
3361 4332 3489 4393 τοὺς
3526 4331 3664 4405 παρὰ
3706 4331 3874 4406 φύσιν

2224 4417 2417 4494 ὄγκους
2465 4422 2553 4477 καὶ
2593 4422 2688 4483 τὰς
2734 4418 3023 4491 σκληρίαςο
3074 4421 3195 4496 περί
3255 4442 3313 4476 τε
3344 4420 3555 4495 ἰκτέρου
3599 4419 3685 4474 καὶ
3727 4438 3879 4494 καχο

2224 4512 2385 4580 εξίας,
2432 4511 2520 4564 καὶ
2570 4511 2693 4584 περὶ
2756 4508 2978 4586 ὑδέρων,
3014 4511 3133 4565 ὅθεν
3192 4532 3251 4565 τε
3303 4509 3513 4565 τούτων
3561 4508 3873 4563 συνίσταται

2224 4593 2445 4653 ἕκαστον
2486 4600 2576 4653 καὶ
2635 4604 2752 4660 πῶς
2811 4599 2874 4652 ἅν
2935 4596 3604 4673 θεραπευθείη,μεθόδους
3644 4594 3879 4673 παραδι-

2224 4686 2373 4752 δούς.
2411 4690 2497 4744 Ἐν
2530 4690 2615 4751 οἷς
2646 4688 2794 4761 αὐτῷ
2823 4688 2913 4744 καὶ
2948 4690 2975 4743 ὁ
3015 4690 3045 4741 ι’
3076 4687 3493 4763 συμπεραίνεται
3525 4688 3712 4749 πόνος.

2296 4873 2380 4928 Ἐν
2415 4870 2471 4926 δὲ
2500 4876 2589 4944 ,τῷ
2637 4880 2699 4926 ια’
2756 4871 2880 4947 περί
2924 4893 2981 4927 τε
3030 4865 3294 4942 διαϐήτου
3348 4864 3733 4944 διαλαμϐάνει,
3779 4868 3878 4923 καὶ

2228 4962 2441 5025 ἀτονίας
2492 4968 2717 5041 νεφρῶν,
2776 4960 3014 5035 α’ίματός
3082 4964 3207 5034 [295
3400 4981 3456 5015 τε
3514 4958 3880 5032 ἐξουρήσεως,

2224 5052 2314 5109 καὶ
2362 5054 2483 5127 περὶ
2543 5052 2843 5108 λιθιώντων
2889 5056 3096 5127 νεφρῶν
3150 5051 3241 5106 καὶ
3291 5050 3559 5120 λιθιώσης
3607 5049 3881 5118 κύστεως,

2228 5143 2542 5219 φλεγμονῆς
2565 5164 2625 5198 τε
2653 5144 2862 5216 νεφρῶν
2912 5141 3002 5219 καὶ
3044 5139 3313 5216 σκληρίας
3362 5140 3453 5195 καὶ
3504 5136 3881 5208 διαπυήσεως,

2230 5218 2516 5308 δυσουρίας
2581 5254 2638 5287 τε
2684 5231 2773 5287 καὶ
2826 5218 3227 5308 στραγγουρίας
3266 5230 3353 5285 καὶ
3406 5228 3717 5307 ἰσχουρίας,
3750 5226 3888 5303 περί

472 5316 577 5386 ria,
609 5322 783 5388 atque
814 5320 1088 5378 ischuria.
1118 5322 1197 5378 De
1239 5325 1494 5381 resoluta
1526 5326 1738 5394 vesica,
1774 5326 1841 5381 de
1873 5326 1987 5395 his,
2021 5328 2117 5397 qui

472 5421 533 5461 se
573 5407 631 5463 in
680 5410 904 5467 somnis
934 5412 1354 5483 permingunt:
1415 5415 1485 5469 de
1534 5414 1901 5472 inﬂammata
1929 5417 2121 5473 vesica

1814 5532 2054 5590 VARI/E
2094 5534 2134 5590 L
2150 5532 2408 5591 ECTION
2418 5532 2519 5588 ES.

544 5624 591 5660 ⁹⁰
629 5620 977 5705 ὂίνζτιδετίς.⁸
1028 5627 1085 5705 θξ
1129 5629 1221 5705 16v
1281 5630 1508 5705 _a_dd.ﬁ.
1586 5630 1633 5666 ⁹²
1663 5631 1936 5705 τοιοῦτον]
1972 5650 2100 5705 freto

2213 5652 2234 5686 ν
2286 5626 2467 5705 ἕτερον
2520 5629 2926 5704 apographum
2978 5627 3283 5701 Stephani.

476 5694 623 5770 λέγει
843 5694 905 5733 π
920 5697 1089 5753 αὑτοῦ
1279 5701 1327 5735 9⁵
1358 5699 1571 5775 σκίρους
1602 5705 1669 5759 Α.
1745 5704 1789 5740 9⁸
1824 5703 1886 5757 τὸ
1917 5694 2051 5761 add.
2086 5709 2148 5761 A.

2228 5346 2285 5378 τε
2334 5322 2737 5396 παραλυθείσης
2769 5323 3033 5391 κύστεως,
3065 5320 3155 5374 γαὶ
3197 5323 3308 5375 τῶν
3340 5317 3475 5375 κατᾶ
3521 5318 3647 5379 τοὺς
3679 5316 3891 5380 ὕπνους

2232 5414 2293 5469 οὐ
2328 5412 2678 5486 κατεχόντων
2714 5413 2842 5483 [573
2868 5412 2961 5484 R.]
2989 5410 3052 5466 τὸ
3091 5411 3136 5447 ⁸⁸
3166 5407 3357 5485 οὖρονο
3389 5407 3515 5482 περί
3553 5426 3611 5462 τε
3640 5404 3893 5468 κύστεως

3384 5626 3431 5703 9'
3457 5620 3752 5704 ⁵κιιιταλᾶγιι
3784 5628 3833 5685 Α
3872 5644 3892 5689 :
