4142 6214
300 375 420 435 ’129

1446 365 1983 430 BlBLIO'l‘HECA.
2035 398 2108 408 —
2153 361 2328 425 COD.
2379 363 2634 426 CCXXI.

3601 355 3722 417 ⁵130

309 500 779 580 φλεγμαινούσης,
838 503 928 556 καὶ
985 507 1084 572 τῆς
1141 507 1256 557 κατ’
1316 501 1482 570 αὐτὴν
1568 499 1951 576 αἰμορῥαγίας,

2077 514 2130 554 ιο
2160 500 2228 555 de
2254 500 2558 570 sanguinis
2589 515 2691 571 per
2713 512 2846 554 eam
2871 497 3194 567 eruptione,
3218 496 3408 568 deque
3431 495 3724 551 exsistan-

305 593 396 647 καὶ
447 596 558 647 τῶν
616 589 1018 664 συνισταμένων
1068 589 1120 646 έν
1179 589 1318 662 αύτῆ
1399 585 1658 665 θρόμὸων
1735 610 1793 644 τε
1864 589 1956 644 καὶ

309 680 573 759 φυμάτων
624 681 713 735 καὶ
766 679 960 736 ἑλκῶν·
1019 679 1110 735 καὶ
1168 681 1292 755 περὶ
1343 679 1812 754 ῥευματιζομένης
1867 679 1955 734 καὶ

311 771 611 844 ψωριὼσης
659 769 924 832 κύστεωςο
973 768 1094 844 περί
1152 790 1211 824 τε
1259 767 1623 844 σατυριάσεως
1672 768 1763 822 καὶ
1801 788 1962 840 πρια-

311 865 526 934 πισμοῦ
591 859 681 914 καὶ
747 857 1067 935 γονορῥοίας
1134 859 1220 914 καὶ
1293 857 1645 932 ὀνειρώξεως.
1733 857 1956 914 Τούτων

312 947 559 1005 ἂπάντων
619 952 726 1004 τῶν
795 947 1100 1020 εἲρημένων
1155 948 1343 1002 παθῶν
1389 947 1484 1009 τάς
1529 966 1587 1001 τε
1637 946 1834 1017 αἷτίας,
1884 947 1958 1009 ὡς

316 1035 430 1091 οἷόν
484 1034 544 1090 τέ
601 1032 734 1104 ἔστι,
790 1033 1098 1110 καταλέγει,
1156 1033 1247 1090 καὶ
1304 1034 1398 1097 τὰς
1456 1035 1812 1112 προφυλακὰς
1869 1034 1958 1088 καὶ

314 1125 599 1199 θεραπείας
629 1123 825 1181 αὐτῶν.
871 1125 996 1180 Κατ’
1043 1123 1175 1178 αὐτὸ
1228 1120 1283 1178 δὲ
1329 1125 1391 1179 τὸ
1439 1122 1598 1186 τέλος
1646 1127 1743 1178 τοῦ
1789 1121 1958 1198 λόγου

2068 587 2227 644 tibus
2259 588 2319 643 in
2351 605 2419 644 ea
2449 587 2692 660 grumis,
2717 585 3059 654 tuberculis,
3095 585 3418 642 ulceribus:
3456 584 3714 656 itemque

2070 677 2141 731 dc
2175 676 2374 732 vesicae
2405 677 2657 732 ﬂuxione
2705 692 2770 731 ac
2802 674 3014 730 scabie.
3051 673 3131 730 De
3175 673 3465 746 satyriasi,
3501 672 3718 745 priapi-

2070 783 2219 836 smo,
2251 767 2495 822 seminis
2522 767 2700 835 ﬂuxu,
2731 783 2794 821 ac
2819 765 2875 820 in
2910 764 3133 822 somnis
3157 764 3463 837 profluvio.
3497 763 3717 818 Horum

2071 860 2334 911 omnium
2371 860 2702 911 morborum
2727 871 2958 920 causas,
2983 854 3174 925 quoad
3197 855 3324 922 ejus
3353 852 3475 906 fieri
3507 856 3716 924 potest,

2069 945 2336 1016 explicat,
2368 950 2424 1000 et
2454 947 2756 1000 cautiones
2784 945 3237 1014 curationesque
3259 957 3484 998 eorum.
3518 941 3719 996 Extre-

2071 1051 2166 1091 mo
2195 1051 2330 1092 vero
2355 1035 2504 1091 libro
2542 1036 2612 1092 iis
2643 1051 2900 1107 quoque,
2925 1034 3027 1106 qui
3049 1034 3264 1091 Venere
3284 1032 3366 1089 uti
3398 1038 3716 1103 nequeant.

2069 1125 2337 1182 exercitia
2367 1125 2810 1195 curationesque
2840 1125 3063 1181 statuit.

312 1217 402 1268 καὶ
429 1213 551 1289 περὶ
582 1217 689 1268 τῶν
725 1214 802 1286 μή
845 1211 1153 1286 δυναμένων
1187 1214 1494 1290 χρήσασθαι
1527 1209 1884 1288 ἀφροδισίοις,
1916 1213 2217 1287 γυμνασίας
2247 1233 2305 1268 τε
2334 1213 2508 1268 αὐτῶν
2543 1213 2632 1268 καὶ
2664 1212 2943 1287 θεραπείας
2976 1209 3265 1270 διατάττει.

386 1303 474 1359 Ἐν
510 1299 566 1356 δῖε
595 1308 673 1374 τῷ
708 1304 778 1376 ιβ’
809 1300 963 1377 λόγῳ
994 1303 1114 1375 περὶ
1139 1299 1388 1376 ΐσχιάδος
1416 1301 1504 1356 καὶ
1536 1302 1660 1376 περὶ
1681 1298 1960 1378 ποδάγρας

318 1393 408 1445 καὶ
469 1389 776 1466 ἆρθρίτιδος
844 1386 1226 1463 διαλαμϐάνει,
1304 1389 1480 1453 αἰτίας
1535 1412 1594 1446 τε
1659 1389 1957 1454 καθολικὰς

314 1486 424 1534 τῶν
454 1483 636 1534 παθῶν
677 1481 882 1534 τούτων
920 1480 1256 1556 καταλέγων,
1295 1479 1385 1534 καὶ
1423 1480 1542 1535 δσαι
1601 1479 1688 1535 ἐπὶ
1741 1479 1956 1556 μέρους,

311 1570 404 1625 καὶ
459 1565 805 1630 παντοδαπὰς
861 1569 1145 1645 θεραπείας
1200 1569 1376 1624 αὐτῶν
1424 1591 1481 1625 τε
1529 1569 1618 1624 καὶ
1686 1571 1783 1624 ὅσα
1840 1569 1960 1624 κατ’

316 1658 452 1712 αύτά
515 1653 892 1731 ἑπισυμόαίνει
958 1661 1240 1731 νοσήματα
1319 1654 1495 1733 ἳτερα,
1580 1659 1832 1720 κενώσεις
1900 1679 2035 1747 τεΒ

315 1747 495 1803 αὐτῶν
541 1744 856 1826 διαφόρους,
901 1745 990 1802 καὶ
1031 1747 1312 1826 χρίσματα
1349 1749 1440 1802 καὶ
1489 1745 1823 1824 μαλάγματα
1869 1748 1958 1802 καὶ

318 1837 706 1913 συγχρίσματα
758 1837 846 1891 καὶ
907 1833 1085 1892 ἄκοπα
1129 1841 1219 1892 καί
1267 1837 1584 1912 ἀλείμματα
1633 1837 1958 1909 συντάττων,

315 1927 623 2001 καθαρτικά
650 1947 708 1981 τε
745 1925 1054 2000 ἁρμόζοντα
1099 1925 1313 1989 τούτοις
1351 1928 1441 1982 καὶ
1489 1924 1822 1995 ἀντιδότους,
1874 1927 1964 1982 καὶ

318 2015 419 2070 ὅσα
449 2011 598 2069 ἄλλα
628 2016 763 2091 πρὸς
795 2017 893 2085 τήν
935 2019 1041 2070 τῶν
1093 2013 1398 2090 εἰρημένων
1445 2015 1772 2089 νοσημάτων
1827 2016 1968 2090 βοή-

317 2107 466 2160 θεξαν
491 2104 690 2182 ἀφορᾷ.

392 2196 481 2251 Ἐν
536 2191 593 2248 δὶ
639 2198 718 2266 τῷ
781 2203 848 2271 ιγ’
903 2192 1051 2269 λόγῳ
1109 2194 1232 2268 περὶ
1302 2192 1536 2250 δακετῶν
1606 2189 1965 2269 διαλαμϐάνει

318 2285 496 2353 ζώων,
529 2282 588 2344 ἃς
618 2286 836 2338 ποιοῦσι
888 2280 1150 2345 διαθέσεις
1195 2285 1285 2337 καὶ
1335 2283 1477 2354 πάθη
1529 2283 1652 2357 περὶ
1704 2284 1830 2345 τοὺς
1874 2279 1966 2353 δη·

321 2374 575 2451 χθέντας,
605 2372 692 2426 καὶ
736 2373 832 2435 τὰς
879 2371 1087 2427 τούτων
1145 2373 1316 2436 ’ίάσεις
1364 2370 1813 2449 ἐκδιηγούμενος.
1866 2372 1963 2426 Καὶ

321 2458 390 2528 δὴ
424 2461 512 2515 καὶ
549 2460 668 2536 περῖ
701 2465 808 2516 τῶν
840 2457 1078 2516 ἷοϐόλων
1109 2461 1315 2534 θηρίων
1343 2461 1444 2530 τὴν
1484 2459 1678 2534 ὁμοίαν
1727 2465 1962 2516 ποιεῖται

318 2546 694 2606 διδασκαλίαν.
730 2551 810 2607 Οὐ
844 2551 1010 2623 μόνον
1045 2547 1122 2620 δὲ,
1159 2549 1304 2606 ἀλλὰ
1333 2551 1422 2605 καὶ
1453 2549 1552 2606 ὅσα
1581 2555 1689 2606 τῶν
1717 2554 1893 2630 φυτῶν
1927 2550 1961 2620 ἢ

326 2641 573 2714 βοτανῶν
613 2637 930 2713 δηλητήρια
978 2640 1182 2716 γίνεται
1234 2646 1351 2703 τοῖς
1401 2639 1733 2716 χρωμένοις,
1785 2637 1967 2711 δηλῶ-

325 2749 412 2783 σαι
451 2731 494 2766 ’⁷
541 2728 787 2798 σπουδὴν
831 2735 1089 2788 ποιεῖται.
1140 2731 1242 2787 Καὶ
1291 2733 1414 2806 περὶ
1465 2733 1722 2804 μυκήτων
1773 2727 1828 2784 δὲ
1874 2729 1966 2784 καὶ

317 2817 555 2891 α’ἷματος
609 2818 858 2893 ταυρείου
915 2820 1003 2875 καὶ
1057 2815 1471 2894 θρομϐωθέντος
1551 2819 1602 2874 ἐν
1656 2823 1724 2893 τῇ
1773 2817 1964 2894 γαστρὶ

314 2905 589 2981 γάλακτος
635 2906 1036 2980 παραπλησίως
1073 2909 1122 2943 9³
1178 2903 1560 2982 διαλαμϐάνεν
1611 2906 1712 2962 ὅσα
1751 2929 1809 2963 τε
1856 2911 1962 2962 τῶν

315 2995 671 3068 μεταλλικῶν
703 2998 969 3073 φθαρτικὰ
1007 3002 1085 3070 τῷ
1126 2997 1251 3071 ζώῳ
1299 2997 1503 3074 γίνεται
1549 2997 1685 3054 κατᾶ
1732 2996 1962 3073 γαστέρα

307 3083 606 3163 ληφθέντα,
673 3087 763 3141 καὶ
821 3088 942 3160 περὶ
1011 3088 1185 3142 αὐτῶν
1247 3085 1453 3143 ἔκθεσιν
1537 3092 1797 3144 ποιεῖται.
1859 3087 1958 3142 Καὶ

307 3177 430 3250 περὶ
487 3176 870 3252 ψυχροποσίας
898 3176 932 3246 ἢ
964 3177 1275 3240 οἷνοποσίας
1325 3172 1660 3242 ἐπιϐλαϐοῢς
1708 3182 1787 3250 τῷ
1835 3178 1960 3250 ςώφ

306 3264 700 3342 γεγενημένης·
758 3265 882 3340 περί
933 3287 991 3321 τε
1045 3268 1154 3322 τῶν
1205 3267 1634 3343 ἀπαγχομένων,
1689 3267 1781 3322 καὶ
1841 3267 1958 3320 ὅσοι

303 3352 357 3408 ἰν
415 3351 571 3408 ὕδασι
631 3351 1030 3410 κινδυνεύουσιν
1087 3357 1471 3431 ἀποπνιγῆναι,
1533 3357 1619 3412 καὶ
1697 3359 1806 3411 τῶν
1853 3356 1958 3410 ἀπὸ

309 3441 590 3515 μετεώρου
619 3461 764 3502 τινος
823 3441 1208 3514 πεπτωκότων,
1247 3443 1336 3496 καὶ
1395 3440 1462 3513 δὴ
1521 3441 1609 3498 καὶ
1667 3443 1792 3518 περὶ
1849 3447 1956 3498 τῶν

303 3528 772 3609 προφυλακτιγῶν
821 3532 910 3586 καὶ
959 3536 1386 3607 προγνωπικῶν
1443 3532 1595 3602 ζώων
1654 3537 1764 3587 τῶν
1824 3530 1959 3588 κατᾶ

301 3623 402 3681 τὰς
451 3620 627 3683 οἰκίας
688 3621 732 3658 θ’)
784 3621 1150 3700 τρεφομένων.
1215 3623 1336 3681 Ἐπὶ
1393 3622 1611 3686 τούτοις
1666 3625 1787 3698 περὶ
1857 3631 1958 3694 τῆς

306 3709 554 3787 ἐχιδνῶν
585 3713 852 3786 θηριακῆς
902 3711 1280 3790 Ἀνδρομάχου
1330 3712 1712 3790 διαλαμϐάνει,
1754 3718 1855 3788 τήν
1903 3737 1963 3772 τε

309 3802 653 3871 κατασκευὴν
686 3802 858 3868 αὐτῆς
889 3802 978 3858 καὶ
1029 3804 1128 3872 τήν
1158 3811 1358 3879 χρῆσιν
1390 3805 1478 3860 καὶ
1526 3806 1617 3860 τὸν
1665 3813 1764 3876 τῆς
1817 3808 1964 3881 χρή-

309 3911 450 3952 σεως
485 3889 712 3965 χρόνον,
745 3887 1065 3965 δοκιμασίας
1093 3913 1152 3948 τε
1178 3893 1269 3948 καὶ
1303 3893 1496 3968 μέτρον
1536 3896 1553 3932 ί
1599 3892 1823 3965 δόσεως,
1871 3896 1961 3950 καὶ

304 3979 452 4034 τίσιν
494 3979 726 4054 ἁρμόζει
770 3983 878 4034 τῶν
927 3984 1279 4056 νοσημάτων,
1331 3983 1672 4062 ἀναγράφων.
1730 3984 1858 4058 Περί
1907 4005 1964 4040 τε

308 4067 502 4123 ἄλλων
545 4069 847 4141 θηριακῶν,
905 4071 996 4125 καὶ
1045 4078 1147 4141 τῆς
1208 4069 1598 4148 Μιθριδατείου
1656 4071 1962 4145 ἀντιδότου,

306 4164 648 4228 κατασκευῆς
680 4179 738 4215 τε
774 4159 863 4214 καὶ
905 4163 1179 4236 χρήσεως,
1223 4163 1311 4216 καὶ
1363 4162 1444 4242 ἐφ’
1488 4164 1562 4216 ὧν
1609 4163 1963 4238 χρησιμεύει.

320 4247 532 4322 Βτέρας
596 4269 656 4304 τε
724 4245 1014 4329 διαφόρους
1081 4249 1392 4316 άντιδότους
1485 4251 1792 4329 καταλέγει.
1864 4255 1964 4311 Καὶ

2141 1303 2488 1360 Duodecimo
2535 1303 2683 1359 libro
2732 1305 2804 1359 de
2836 1303 3093 1360 ischiade
3140 1307 3198 1358 et
3228 1303 3483 1373 podagra
3533 1303 3714 1371 atque

2068 1393 2371 1449 artbritide
2417 1394 2536 1450 sive
2588 1392 2882 1448 articulari
2930 1393 3132 1448 morbo
3176 1392 3329 1464 agit:
3382 1390 3591 1446 horum
3637 1389 3714 1444 si-

2071 1481 2194 1537 mul
2227 1499 2431 1538 causas
2478 1499 2612 1538 cum
2657 1482 2976 1554 generales,
3024 1487 3144 1536 tum
3187 1479 3517 1553 singulares
3547 1495 3719 1550 expo-

2072 1586 2239 1637 nens,
2273 1588 2387 1626 una
2409 1587 2538 1628 cum
2571 1571 2741 1627 variis
2763 1571 3188 1637 curationibus,
3211 1574 3268 1625 et
3296 1570 3346 1625 si
3373 1569 3471 1640 qui
3502 1569 3573 1624 ad
3607 1568 3713 1625 hos

2071 1662 2341 1716 accedere
2389 1660 2485 1716 alii
2536 1661 2724 1717 morbi
2772 1663 2982 1718 solent.
3039 1659 3244 1715 Varias
3302 1660 3442 1715 item
3499 1658 3712 1715 horum

2073 1752 2498 1822 evacuationes,
2529 1752 2850 1820 unctiones,
2883 1752 3258 1823 malagmata,
3283 1749 3712 1821 perunctiones,

2070 1856 2268 1912 acapa,
2302 1845 2595 1912 unguenta
2622 1841 2940 1911 praescribit
2963 1858 2974 1895 :
3001 1838 3315 1913 purgantia
3344 1854 3570 1910 quoque
3598 1837 3717 1893 illis

2075 1931 2515 1986 accommodata
2552 1937 2610 1986 et
2653 1930 2968 1997 antidotos,
3019 1927 3250 2000 aliaque
3291 1928 3561 1999 plurima,
3592 1943 3720 2000 qua

2073 2035 2241 2090 opem
2274 2018 2390 2074 illis
2423 2019 2642 2075 morbis
2675 2019 2876 2074 afferre
2907 2019 3149 2089 possint.

2145 2205 2330 2261 Tertio
2369 2204 2593 2262 decimo
2636 2203 2781 2260 libro
2811 2203 2882 2258 de
2917 2219 3115 2258 morsu
3147 2200 3376 2256 infestis
3405 2198 3719 2255 animanti-

2074 2295 2184 2350 bus
2217 2310 2416 2366 agens,
2461 2293 2639 2349 simul
2671 2309 2822 2364 quas
2853 2292 2970 2346 hac
3005 2291 3212 2346 morsie
3244 2289 3329 2344 vel
3360 2288 3718 2353 affectiones,

2074 2385 2162 2440 vel
2195 2385 2430 2440 morbos
2460 2385 2720 2450 aﬂ‘erant,
2747 2381 3238 2454 singulorumque
3261 2378 3517 2435 medelas
3547 2392 3722 2448 expo-

2073 2473 2180 2529 nit.
2208 2473 2352 2528 Hinc
2375 2477 2430 2528 et
2451 2474 2519 2528 de
2543 2471 2677 2526 feris
2700 2486 2984 2526 venenum
3008 2468 3440 2539 ejaculantibns
3465 2466 3721 2521 similem

2074 2562 2400 2619 doctrinam
2425 2560 2616 2617 tradit.
2637 2560 2784 2626 Quin
2808 2564 2863 2614 et
2884 2559 3114 2630 plantas
3135 2561 3308 2627 atque
3336 2555 3566 2620 herbas,
3589 2569 3718 2625 quas

2073 2668 2296 2708 venena
2343 2650 2482 2714 sint,
2532 2653 2590 2704 et
2638 2648 2932 2703 utentibus
2984 2645 3174 2715 noxia,
3225 2644 3350 2716 pari
3401 2642 3585 2698 studio
3627 2640 3723 2697 de-

2075 2744 2388 2798 monstrat.
2440 2741 2520 2794 De
2570 2739 2761 2809 fungis
2808 2737 2990 2801 etiam,
3041 2752 3107 2792 ac
3151 2732 3438 2805 sanguine
3468 2731 3716 2791 taurino.

2075 2831 2264 2903 deque
2309 2829 2461 2884 lacte
2510 2828 2570 2882 in
2617 2834 2815 2882 ventre
2872 2829 3070 2881 coacto
3117 2823 3413 2894 ingrumos
3466 2820 3720 2892 amplius

2076 2919 2261 2976 docet.
2312 2920 2446 2984 Quaa
2491 2918 2630 2973 item
2678 2915 2966 2972 metallioa
3015 2911 3299 2970 animanti
3351 2910 3521 2965 noxia
3569 2909 3618 2963 si
3663 2909 3722 2963 in

2073 3014 2333 3066 ventrem
2366 3008 2696 3077 mittantur,
2745 3014 2798 3062 et
2829 3006 3038 3061 horum
3087 3001 3438 3074 explanatio.
3481 3000 3562 3055 Ad
3596 2998 3719 3054 hmo

2072 3099 2143 3155 de
2186 3097 2406 3170 trigidae
2451 3095 2537 3152 vel
2587 3096 2703 3150 vini
2756 3100 2915 3167 potu,
2965 3093 3067 3165 qui
3114 3089 3335 3147 homini
3371 3093 3594 3146 noceat.
3638 3089 3716 3144 De

2067 3185 2464 3257 strangulatis,
2497 3189 2552 3240 et
2584 3185 2681 3254 qui
2715 3184 2770 3237 in
2806 3183 2977 3254 aquis
3007 3199 3039 3236 a
3069 3179 3450 3236 suffocatione
3491 3174 3723 3248 pericli-

2067 3279 2289 3344 tantur,
2320 3281 2421 3330 aut
2450 3291 2518 3330 ex
2548 3273 2702 3329 edito
2721 3271 2846 3329 loco
2879 3270 3336 3343 praecipitarunt.
3365 3272 3439 3322 De
3471 3280 3711 3337 praeser-

2067 3365 2340 3422 vantibus
2371 3380 2437 3419 ac
2469 3363 2738 3436 praesagis
2780 3359 3206 3427 animantibus,
3255 3354 3567 3430 praesertim
3609 3355 3711 3411 do-

2070 3454 2352 3510 mesticis.
2399 3453 2542 3509 Hinc
2582 3454 2655 3509 de
2703 3449 3088 3506 Andromachi
3145 3447 3404 3505 theriaca
3441 3461 3509 3502 ex
3546 3443 3710 3517 vipe-

2071 3545 2172 3613 ris,
2193 3543 2484 3615 quomodo
2506 3546 2838 3614 apparetur,
2854 3539 3010 3596 180
3031 3539 3106 3609 (ιι)
3133 3537 3264 3609 quis
3288 3552 3448 3604 usus,
3476 3534 3712 3608 quando

2071 3633 2378 3700 utendum,
2426 3630 2718 3702 quomodo
2749 3627 3119 3700 exploranda,
3154 3642 3267 3698 qua
3308 3641 3586 3681 mensura
3614 3640 3715 3680 ex-

2071 3722 2345 3790 hibenda,
2387 3719 2599 3791 quibus
2630 3718 2881 3788 denique
2914 3715 3135 3772 morbis
3168 3713 3540 3784 potissimum
3574 3729 3713 3767 con-

2070 3811 2282 3878 veniat,
2331 3809 2629 3866 describit.
2663 3808 2743 3863 De
2772 3805 2902 3862 aliis
2934 3805 3068 3861 item
3101 3802 3399 3870 theriacis,
3433 3800 3550 3872 agit
3577 3815 3711 3856 vero

2071 3901 2141 3956 de
2189 3899 2450 3955 antidoto
2500 3896 2897 3953 Mithridatica
2946 3893 3080 3965 (40),
3139 3893 3386 3963 ejusque
3433 3905 3714 3960 prmpara-

2073 3989 2248 4053 tione,
2281 4003 2413 4053 usu,
2443 3990 2616 4058 atque
2647 3987 2703 4040 in
2741 3983 2960 4055 quibus
2992 3981 3209 4054 prosit:
3243 3979 3333 4036 cui
3367 3978 3539 4034 etiam
3573 3976 3715 4032 alias

2074 4079 2317 4137 antidoti
2349 4077 2568 4151 species
2615 4074 2951 4148 subjungit;
3002 4075 3074 4130 de
3103 4074 3330 4128 duodus
3370 4070 3503 4125 inde
3532 4067 3716 4140 Cypbi

2074 4166 2381 4241 generibus
2424 4165 2642 4222 scribit.
2692 4163 2838 4220 Hinc
2870 4161 2940 4218 de
2972 4159 3380 4233 elephantiasi,
3426 4158 3497 4212 de
3528 4153 3712 4227 pruri-

2076 4255 2298 4329 ginosis
2327 4252 2757 4325 eruptionibus,
2788 4252 2860 4307 de
2899 4249 3204 4323 psydracis
3237 4245 3510 4318 pustulis,
3544 4251 3718 4314 atque

306 4339 571 4412 περὶτῶν
618 4335 714 4393 δύο
761 4338 996 4417 κύφεων,
1046 4341 1135 4395 καὶ
1197 4338 1262 4411 δὴ
1323 4343 1412 4396 καὶ
1470 4343 1594 4416 περί
1652 4339 1961 4420 ὶλεφαντιά-

2077 4362 2103 4402 e
2149 4345 2362 4402 sudore
2410 4341 2670 4400 subortis
2715 4338 2967 4413 papulis,
3013 4339 3085 4394 de
3116 4337 3394 4394 tibiarum
3444 4331 3718 4389 ulcerosis

310 4445 449 4487 σεως
501 4426 591 4480 καὶ
642 4425 981 4501 κνησμωδῶν
1032 4430 1056 4465 ⁸
1099 4427 1502 4504 ἐξανθημάτων,
1549 4432 1637 4486 καί
1687 4431 1812 4505 περὶ
1869 4435 1964 4505 ψυ-

315 4512 532 4588 δράκων
575 4516 666 4570 καὶ
700 4513 1024 4592 ἱδρωτίδων,
1064 4519 1152 4574 καὶ
1184 4519 1307 4595 περὶ
1337 4525 1444 4574 τῶν
1476 4520 1528 4575 ἐν
1562 4525 1682 4582 ταῖς
1727 4523 1964 4595 κνήμαις

310 4601 578 4659 ἐλκωδῶν
623 4599 1032 4682 ἐκϐρασμάτων,
1092 4609 1180 4663 καὶ
1239 4609 1361 4684 περὶ
1418 4615 1528 4665 τῶν
1577 4609 1758 4666 οὐλῶν
1806 4608 1860 4666 αἰῖ
1908 4611 1968 4666 ἐκ

310 4697 424 4747 τῶν
459 4692 638 4749 ἑλκῶν
693 4695 1014 4769 μελαίνουσι
1059 4698 1123 4754 τὸ
1181 4701 1360 4771 σῶμα.
1413 4698 1534 4754 Ἐπὶ
1576 4699 1793 4763 τούτοις
1841 4702 1964 4778 περὶ

314 4786 426 4836 τῶν
462 4780 560 4838 δύο
587 4781 754 4840 εἰδῶν
786 4787 915 4860 [296
952 4789 1045 4862 IL]
1086 4791 1182 4843 τοῦ
1229 4787 1409 4864 ἀλφοῦ
1455 4785 1832 4864 διαλαμϐάνει,
1877 4791 1968 4846 καὶ

315 4873 443 4948 περί
491 4870 716 4945 λεύκης,
775 4877 866 4931 καὶ
911 4878 974 4932 τὸ
1021 4875 1334 4933 τελευταῖον
1383 4878 1506 4953 περὶ
1557 4879 1780 4955 λέπρας,
1829 4878 1972 4957 γενέ-

2073 4433 2495 4507 eruptionibus,
2541 4437 2599 4488 et
2628 4433 2699 4487 de
2726 4428 3119 4496 cicatricibus,
3151 4443 3278 4498 qua
3318 4440 3384 4481 ex
3423 4422 3720 4479 ulceribus

2076 4525 2286 4582 relicta
2312 4540 2527 4595 corpus
2552 4522 2899 4594 denigrant;
2933 4521 3002 4576 de
3023 4519 3255 4574 duobus
3285 4513 3592 4588 vitiliginis
3616 4528 3716 4570 seu

2077 4615 2236 4688 alpbi
2269 4613 2580 4686 generibus
2601 4611 2740 4683 agit,
2773 4614 2831 4667 et
2860 4609 2932 4665 de
2963 4609 3140 4676 leuce,
3172 4622 3239 4663 ac
3269 4605 3503 4662 tandem
3537 4603 3609 4659 de
3637 4602 3722 4658 le-

2077 4721 2199 4779 pra,
2218 4719 2412 4760 earum
2436 4707 2629 4759 ortum
2653 4704 2708 4756 et
2729 4715 2960 4766 causas,
2980 4697 3132 4752 unde
3157 4695 3443 4768 originem
3467 4693 3718 4760 trahant,

2077 4793 2558 4863 curationemque
2579 4789 2856 4846 referens.
2879 4790 3064 4858 Atque
3087 4785 3206 4842 haec
3226 4784 3495 4842 decimus
3514 4780 3719 4838 tertius

2082 4882 2229 4940 liber
2257 4882 2444 4939 docet.

320 4979 433 5022 σεις
483 4982 542 5016 τε
590 4963 770 5018 αὐτῶν
835 4965 922 5018 καὶ
974 4965 1152 5027 αἰτίας
1192 4962 1263 5020 δι’
1314 4967 1376 5029 ἅς
1434 4961 1791 5042 συμϐαίνουσι
1844 4955 2185 5047 καταλέγων,
2240 4969 2330 5024 καὶ
2386 4969 2481 5030 τὰς
2540 4966 2746 5022 τούτων
2803 4961 3109 5039 θεραπείας.
3164 4964 3336 5018 Τοῦτο
3401 4960 3496 5033 μὶν
3553 4955 3642 5012 καὶ
3692 4956 3721 5011 ὁ

321 5051 388 5126 ιγ’
420 5049 607 5125 λόγος.

399 5141 491 5206 Ἐν
525 5141 583 5200 δὲ
631 5147 710 5216 τῷ
756 5141 818 5199 ιδ’
866 5145 988 5220 περί
1034 5166 1093 5202 τε
1139 5149 1248 5201 τῶν
1301 5145 1354 5202 ἐν
1407 5144 1538 5224 ’έδρᾳ
1587 5149 1961 5227 φιλοπονεῖται

2147 5153 2363 5217 Quarto
2394 5148 2622 5205 decimo
2668 5147 2816 5203 libro
2857 5145 2930 5202 de
2960 5144 3120 5201 sedis
3144 5141 3321 5199 variis
3351 5139 3568 5197 morbis
3597 5137 3723 5195 dili-

1695 5277 1931 5335 VARIJE
1966 5276 2360 5334 LECTIONES

392 5382 438 5456 ’7
469 5379 720 5456 δηλῶσαι
750 5376 996 5456 σπουδὴν
1026 5387 1265 5438 ποιεῖται
1314 5386 1399 5441 A:
1450 5384 1552 5453 τὴν
1610 5380 1731 5454 ἴσην
1773 5380 2042 5441 δείκνυται
2089 5380 2333 5453 σπουδὴν

321 5456 342 5490 ⁸
374 5454 501 5512 libri
536 5453 760 5527 μέτρου.
836 5454 857 5488 ²
886 5473 1070 5527 κνισμ.
1100 5461 1163 5513 Α.

2573 5381 2618 5414 ’⁸
2675 5375 3063 5453 παραπλήσιον
3305 5375 3350 5412 ⁸⁸
3397 5371 3598 5437 οἰκείας
3641 5373 3727 5451 ς’.

1926 5573 2136 5632 NOTAE

405 5681 513 5754 (t0)
540 5679 686 5738 Vide
715 5678 862 5736 Gell.
894 5681 993 5739 lib.
1025 5697 1163 5752 xvn,
1196 5698 1321 5755 cap.
1354 5684 1440 5741 16.
