4184 6212
360 258 472 321 731

1554 262 1817 323 ΡΗΟΤΙΙ
1862 263 2397 324 PATRIARCHJE
2439 266 2559 325 ΟΡ.

3644 267 3761 326 732

356 400 560 463 genter
590 394 843 464 disserit,
872 399 928 450 et
956 396 1024 450 de
1046 396 1262 467 thymis
1293 396 1351 451 in
1386 397 1695 467 pudendis,
1731 398 1800 451 de
1834 397 1998 453 rimis

2134 392 2468 449 παντοδαπῶν
2501 396 2708 464 παθῶν,
2741 394 2830 448 xui
2862 394 2985 468 περὶ
3031 398 3140 448 τῶν
3190 394 3241 449 ἐν
3297 392 3526 457 αἰδοίοις
3574 395 3761 469 θύμων

357 483 532 552 atque
563 481 1044 553 inﬂammatione,
1096 484 1168 539 de
1208 500 1384 540 noma
1424 488 1479 539 et
1515 486 1911 553 carbunculis,
1953 491 2011 540 et

364 567 435 623 de
463 571 754 626 ulceribus
788 570 1089 626 urinarurn
1144 577 1396 629 meatum
1442 573 1887 645 occupantibus.
1930 574 2008 629 De

364 658 628 713 scabioso
670 676 735 714 ac
763 660 1131 731 pruriginoso
1163 668 1375 731 scroto,
1407 661 1655 735 ejusque
1685 666 1741 717 et
1779 663 2010 717 testium

357 745 841 815 inflammatione,
879 754 1053 821 atque
1074 751 1144 806 de
1170 750 1384 806 herniae
1419 752 1743 822 speciebus.
1781 753 1857 807 De
1886 768 2011 806 em-

357 834 711 906 plastrorum
746 839 1128 906 confectione,
1170 848 1222 895 et
1263 857 1463 897 eorum
1499 844 1785 914 coquendi
1820 843 2009 897 modo,

360 939 485 994 qua:
518 925 607 981 bis
640 926 1008 995 injiciuntur.
1044 931 1130 985 Ad
1164 930 1284 987 haec
1315 931 1385 985 de
1414 932 1605 987 nervis
1639 931 1916 986 sauciatis
1948 946 2013 985 ac

361 1014 623 1070 contusis
652 1032 664 1068 :
690 1017 833 1072 etde
855 1017 1152 1089 glandulis
1173 1018 1455 1091 inguinis,
1483 1021 1669 1091 deque
1690 1020 2015 1074 inflamma-

363 1103 522 1158 tione
570 1106 914 1175 generatim.
968 1112 1043 1163 De
1107 1112 1486 1179 apostematis
1533 1109 1696 1175 item,
1755 1115 1807 1164 et
1859 1107 2013 1162 cavis

363 1189 699 1248 ulceribus:
733 1194 871 1262 quid
916 1197 1322 1265 praedictorum
1367 1214 1546 1252 unum
1601 1198 1872 1268 quodque
1914 1197 2009 1264 sit,

366 1280 648 1351 subjectis
677 1282 1043 1354 singulorum
1077 1285 1370 1351 remediis,
1404 1286 1768 1357 exponendo.
1801 1287 2013 1340 Prester

362 1370 481 1426 haec
520 1387 653 1427 vero
685 1372 881 1444 etiam,
906 1375 1187 1431 adversus
1221 1392 1442 1431 vermes
1474 1376 1533 1431 in
1564 1377 1858 1432 ulceribus
1880 1393 2011 1431 ena-

361 1462 474 1527 tos,
497 1466 550 1515 et
572 1461 643 1514 ad
668 1477 872 1517 nomas
894 1480 959 1517 ac
986 1464 1322 1534 putredines
1347 1464 1630 1532 ulcerum,
1654 1465 1913 1535 itemque
1940 1464 2011 1519 ad

363 1549 672 1620 sanguinis
715 1552 1081 1622 eruptionem
1116 1554 1374 1608 remedia
1417 1553 1677 1624 apponit.
1713 1553 1929 1608 Scribit
1959 1555 2016 1607 et

369 1638 441 1692 de
472 1638 718 1708 sinibus,
746 1640 979 1705 fistulis,
1000 1657 1333 1713 gangraena,
1363 1642 1658 1713 sphacelo,
1683 1642 2015 1698 tumoribus

366 1732 710 1795 canceratis,
744 1731 1139 1798 carbunculis,
1173 1732 1537 1804 erysipelate,
1574 1737 1786 1802 erpete,
1820 1732 2018 1803 epiny-

370 1818 540 1886 ctide,
592 1821 931 1888 termintho,
974 1828 1033 1877 et
1082 1824 1306 1893 pupulis
1352 1824 1470 1879 sive
1501 1824 1774 1896 pustulis,
1809 1824 2015 1879 horum

369 1912 535 1962 ortus
568 1908 746 1963 simul
791 1915 845 1965 et
891 1918 1026 1982 apta
1073 1912 1327 1966 remedia
1368 1928 1699 1968 recensens.
1735 1912 2017 1969 Medelam

366 1996 570 2066 adjicit
601 1997 733 2068 igne
774 2004 877 2053 aut
929 2017 1076 2069 aqua
1120 2002 1549 2069 ambustorum,
1601 2002 1798 2071 ﬂagris
1838 2018 2014 2056 03:80-

366 2100 521 2151 rum,
574 2087 975 2156 abrasionum,
1014 2088 1475 2160 intertriginum,
1518 2091 1707 2146 carnis
1739 2098 2015 2156 contusas,

366 2172 456 2228 vel
488 2180 691 2245 ruptaa,
726 2176 1148 2246 convulsionis,
1185 2180 1592 2246 contorsionis,
1626 2185 1683 2235 et
1705 2181 1775 2235 de
1805 2179 2019 2235 luxatis

369 2263 658 2332 articulis,
682 2281 749 2320 ac
774 2267 1176 2337 pernienibns.
1218 2270 1358 2323 item
1394 2270 1464 2324 de
1492 2270 1805 2339 digitorum
1836 2273 2021 2340 ptery-

372 2351 509 2421 giis,
543 2353 614 2407 de
661 2355 1055 2427 paronycbiis,
1107 2358 1177 2412 de
1227 2357 1526 2428 unguibus
1560 2358 1844 2424 contusis,
1886 2358 2021 2412 sub-

379 2442 655 2508 cruentis,
709 2459 822 2496 non
859 2445 1008 2513 ﬁxis,
1073 2446 1293 2501 scabris
1340 2463 1404 2501 ac
1454 2446 1738 2518 leprosis:
1809 2447 2021 2517 quibus

371 2529 548 2584 etiam
581 2531 851 2586 remediis
882 2533 1033 2588 efﬁci
1066 2535 1267 2604 possit,
1298 2543 1359 2590 ut
1393 2552 1493 2606 pro
1524 2535 1777 2607 delapsis
1811 2536 2019 2607 ungui-

370 2617 504 2684 bus,
535 2617 632 2672 alii
661 2620 1111 2677 subnascantur.
1148 2623 1228 2678 De
1262 2624 1501 2679 annulis
1533 2640 1676 2694 quos
1708 2624 2021 2695 aliquando

370 2706 656 2778 contingit
686 2708 886 2779 digitis
936 2710 1118 2782 infigi.
1154 2712 1234 2767 De
1262 2711 1441 2768 clavis
1474 2717 1531 2767 et
1571 2714 1782 2784 pedum
1831 2714 2019 2783 rimis,

370 2808 473 2848 seu
495 2793 746 2863 fissuris,
770 2802 826 2852 et
848 2798 919 2853 de
946 2799 1249 2855 varicibus.
1276 2800 1433 2855 180
1457 2802 1533 2872 (ὁ)
1556 2802 1689 2867 Quae
1714 2810 2021 2874 postquam

378 2881 601 2937 utiliter
630 2885 848 2952 omnia,
882 2892 1058 2957 atque
1081 2905 1147 2943 ex
1172 2889 1437 2944 medendi
1461 2889 1602 2944 artis
1622 2889 1849 2961 legibus
1880 2907 2023 2961 prae-

2118 506 2177 539 τε
2242 485 2331 539 καὶ
2401 480 2649 560 ῥαγάδων
2720 482 2808 537 xui
2880 480 3200 561 φλεγμονῆς
3259 484 3350 538 xui
3415 491 3593 558 νομῆς
3676 484 3769 538 xui

2118 574 2419 647 ἀνθράκων,
2463 573 2551 627 καὶ
2596 578 2704 627 τῶν
2749 574 2885 627 κατὰ
2929 574 3029 641 τήν
3080 572 3347 648 οὐρηθραν
3394 573 3591 628 ἑλκῶν·
3642 574 3768 649 περί

2119 684 2177 717 τε
2206 665 2525 739 ψωριῶντος
2567 662 2787 737 όσχέου,
2835 662 2924 717 καὶ
2976 662 3295 739 φλεγμονῆς
3350 664 3519 718 αὐτοῦ
3563 685 3621 718 τε
3672 664 3765 719 xui

2122 750 2355 826 ὄρχεων·
2416 754 2501 807 καὶ
2561 754 2683 825 περὶ
2742 753 2847 805 τῶν
2894 754 2992 820 τῆς
3041 751 3225 823 κήλης
3286 750 3466 807 εἰδῶν·
3527 755 3650 826 περί
3709 774 3768 808 τε

2122 842 2416 904 συνθέσεως
2466 841 2854 916 ἐμπλάστρων,
2921 843 3009 896 xui
3066 841 3272 917 τρόπου
3330 848 3436 898 τῶν
3483 838 3766 916 ἐμϐαλλο-

2125 933 2297 1004 μένων
2328 932 2598 1004 ἑψήσεως.
2655 934 2777 987 ’Ἑτι
2836 929 2892 986 δὲ
2938 932 3059 1004 περῖ
3117 936 3225 985 τῶν
3275 932 3340 986 τὰ
3396 936 3557 1005 νεῦρα
3620 953 3767 1005 τρω-

2122 1020 2321 1075 θέντων
2398 1016 2434 1089 ἤ
2503 1018 2861 1087 θλασθέντων,
2928 1018 3017 1073 xui
3092 1020 3213 1093 περί
3287 1014 3607 1093 βουϐώνων,
3674 1020 3766 1073 xui

2121 1107 2439 1186 φλεγμονῆς
2516 1108 2780 1178 καθόλου,
2876 1108 3001 1181 περί
3067 1130 3124 1162 τε
3205 1108 3607 1181 ἀποστημάτων
3674 1108 3766 1162 καὶ

2120 1196 2330 1252 κοίλων
2362 1196 2555 1266 ἑλκῶν,
2605 1197 2657 1251 τί
2706 1198 2764 1252 τὲ
2821 1197 2961 1251 ἐστιν
3009 1194 3234 1251 ’ἑκαστον
3281 1201 3387 1251 τῶν
3442 1196 3766 1269 εἰρημένων,

2121 1287 2210 1341 καὶ
2243 1285 2528 1359 θεραπείας
2576 1286 2756 1341 αὐτῶν
2806 1285 3054 1347 ἐκτιθείς.
3102 1287 3227 1355 [576
3261 1288 3347 1358 3.]
3405 1287 3524 1343 Ἔτι
3574 1282 3631 1340 δὲ
3678 1286 3767 1340 xui

2120 1374 2255 1449 πρὸς
2285 1377 2411 1435 τοὺς
2455 1374 2507 1429 ὲν
2535 1371 2717 1429 ἕλκεσι
2768 1373 3081 1441 σκώληκας,
3130 1373 3219 1427 καὶ
3269 1374 3405 1447 πρὸς
3455 1375 3625 1445 νομὰς
3675 1374 3765 1427 xui

2118 1463 2185 1517 τὰ
2234 1460 2587 1533 σηπεδονώδη
2646 1467 2753 1517 τῶν
2813 1461 3010 1530 ἑλκῶν,
3070 1462 3156 1516 xui
3218 1462 3353 1536 πρὸς
3402 1460 3767 1535 αἰμοῤῥαγίας

2123 1552 2290 1613 ἰάσεις
2384 1552 2819 1628 συγκατατάττει.
2910 1547 3280 1623 Διαλαμϐάνει
3360 1548 3416 1606 δὲ
3496 1552 3586 1605 xui
3645 1552 3769 1624 περὶ

2122 1640 2347 1696 κόλπων
2379 1642 2470 1696 xui
2504 1642 2796 1717 συρίγγων,
2844 1640 3172 1717 γαγγραίνης
3215 1662 3273 1695 τε
3321 1641 3410 1695 καὶ
3469 1640 3768 1717 σφακέλου,

2125 1731 2215 1785 xui
2283 1729 2405 1801 περὶ
2476 1726 2655 1806 ίἇγκων
2728 1727 3080 1804 καρκινωδῶν
3143 1730 3234 1784 καὶ
3323 1729 3604 1803 ἀνθράκων
3678 1730 3769 1783 xui

2127 1817 2539 1895 ἐρυσιπέλατος,
2594 1816 2830 1893 ἓρπητός
2872 1840 2929 1873 τε
2976 1819 3063 1873 xui
3125 1816 3463 1879 ἐπινυκτίδος
3510 1818 3601 1872 καὶ
3649 1839 3773 1891 τερ-

2132 1909 2322 1982 μίνθου
2352 1910 2440 1963 xui
2486 1909 2846 1985 φλυκταινῶν,
2902 1909 2997 1970 τάς
3053 1929 3111 1963 τε
3164 1908 3397 1980 γενέσεις
3452 1908 3630 1962 αὐτῶν
3687 1905 3773 1961 δι-

2130 1999 2301 2069 εξιὼν,
2352 1997 2441 2051 καὶ
2501 1999 2622 2051 ὅσαι
2659 1996 2876 2059 τούτοις
2925 1998 3225 2071 ἁρμόζουσι
3256 2000 3278 2033 ³
3308 1999 3587 2072 θεραπεῖαι
3648 1998 3773 2052 Ἔτι

2129 2084 2186 2141 δὶ
2242 2088 2329 2140 καὶ
2391 2085 2513 2159 περὶ
2546 2088 2567 2121 ⁴
2596 2090 2703 2141 τῶν
2760 2086 2818 2141 ἐκ
2865 2090 3035 2159 πυρὸς
3065 2086 3100 2155 ἢ
3136 2084 3329 2148 ὕδατος
3376 2086 3773 2155 κατακαέντων,

2127 2176 2219 2229 xui
2260 2174 2544 2247 θεραπείας
2591 2176 2701 2230 τῶν
2755 2177 3197 2249 μαστιγωθέντων
3244 2177 3333 2230 xui
3381 2180 3488 2229 τῶν
3536 2174 3778 2247 ἀποσυρ-

2132 2265 2316 2338 μάτων
2347 2268 2457 2319 τῶν
2488 2284 2546 2319 τε
2576 2266 3043 2339 παρατριμμάτων
3079 2264 3167 2318 καὶ
3200 2265 3395 2340 σαρκὸς
3450 2262 3779 2333 θλασθείσης

2130 2356 2164 2424 ἢ
2226 2352 2499 2429 ῥαγείσης,
2563 2352 2651 2407 καὶ
2722 2354 3038 2425 σπάσματος
3105 2354 3192 2407 xui
3264 2351 3629 2426 στρέμματος,
3686 2354 3779 2407 καὶ

2129 2444 2253 2518 περὶ
2276 2441 2701 2517 κεχαλασμένων
2734 2441 2971 2517 ἄρθρων,
3013 2441 3101 2497 xui
3131 2440 3417 2518 χιμέθλων
3472 2442 3778 2517 πτερυγίων

2129 2552 2187 2586 τε
2252 2536 2359 2586 τῶν
2431 2531 2481 2586 ἐν
2553 2529 2844 2592 δακτύλοις
2904 2533 2990 2585 xui
3050 2531 3428 2607 παρωνυχίας,
3486 2531 3577 2585 καὶ
3655 2531 3782 2606 περὶ

2131 2618 2510 2691 τεθλασμένων
2554 2621 2767 2695 ὀνύχων
2816 2619 2905 2674 xui
2952 2620 3204 2693 ὑφαίμων
3261 2621 3351 2675 xui
3402 2618 3780 2693 σαλευομὶνων

2130 2712 2219 2765 xui
2254 2711 2584 2784 ψωριώντων
2613 2709 2647 2778 ἢ
2683 2710 3055 2783 λεπριώντων,
3086 2708 3175 2763 καὶ
3219 2706 3288 2763 δι’
3321 2706 3395 2762 ὧν
3448 2707 3557 2763 ἔστι
3605 2727 3779 2782 παρα-

2134 2798 2388 2855 σκευάσάι
2426 2798 2544 2852 ἀντὶ
2595 2803 2701 2852 τῶν
2750 2798 3082 2854 ἐκπεσόντων
3135 2797 3349 2873 ὀνύχων
3397 2796 3601 2859 ἄλλους
3651 2799 3783 2852 ἀνα-

2133 2892 2312 2967 φῦναι·
2373 2886 2497 2963 περί
2554 2908 2613 2942 τε
2659 2892 2768 2941 τῶν
2829 2882 3233 2960 συμϐαινόντων
3292 2887 3629 2965 ἐσφηνῶσθαι
3685 2883 3779 2939 δα-

380 2972 553 3043 cepit,
588 2972 644 3027 in
694 2973 855 3030 illam
905 2978 1141 3033 tandem
1196 2979 1432 3034 medicas
1481 2979 1755 3035 doctrinae
1804 2985 2021 3049 partem

2134 2976 2371 3032 κτυλίων
2429 2976 2549 3050 περὶ
2602 2976 2727 3038 τοὺς
2787 2974 3109 3037 δακτύλους’
3164 2975 3254 3030 xui
3311 2978 3434 3051 περὶ
3482 2975 3639 3044 ἥλων
3691 2975 3786 3028 xui

378 3061 611 3129 desinit,
645 3079 774 3132 quas
803 3065 873 3120 de
902 3066 1275 3122 brachiorum
1308 3084 1373 3124 ac
1395 3084 1627 3124 crurum
1653 3068 2025 3125 dracunculis

378 3154 533 3224 agit:
566 3158 736 3224 atque
762 3155 841 3210 ibi
874 3158 1097 3214 decimo
1130 3163 1335 3229 quarto
1367 3158 1513 3214 libro
1546 3159 1720 3214 finem
1751 3158 2021 3231 imponit.

2137 3065 2384 3143 ῥαγάδων
2445 3072 2553 3121 τῶν
2609 3067 2745 3121 κατὰ
2798 3065 2925 3128 τοὺς
2981 3064 3173 3135 πόδας,
3233 3067 3323 3120 καὶ
3376 3066 3502 3141 περὶ
3559 3069 3783 3139 κιρσῶν.

2133 3159 2317 3213 Ταῦτα
2382 3154 2555 3210 πάντα
2612 3153 2911 3229 ὠφελίμως
2987 3155 3076 3210 καὶ
3134 3157 3269 3210 κατὰ
3324 3154 3449 3217 τοὺς
3514 3155 3789 3228 ιατρικοὺς

375 3242 579 3314 νόμους
620 3238 852 3314 διεξιὼν,
902 3243 1128 3314 τελευτᾷ
1185 3246 1261 3309 εἷς
1306 3248 1404 3314 τὴν
1449 3247 1572 3320 περὶ
1623 3250 1730 3301 τῶν
1774 3247 1825 3301 ἐν
1874 3246 2089 3301 σκέλεσι
2133 3245 2222 3300 xui
2277 3244 2537 3319 Βραχίοσι
2587 3242 2941 3319 δρακοντείων
3003 3244 3252 3318 ἷάτρικὴν
3300 3241 3674 3299 διδασκαλίαν·
3732 3243 3787 3299 ἐν

376 3335 460 3394 οἷς
492 3331 579 3387 xui
613 3333 640 3386 ὁ
676 3329 739 3386 ιδ’
772 3334 1185 3407 συμπεραίνεται
1219 3334 1402 3411 λόγος.

461 3422 697 3479 Decimo
748 3424 953 3495 quinto
1016 3425 1165 3481 libro
1216 3432 1526 3497 pertractat
1582 3429 1652 3483 de
1702 3427 2029 3483 tumoribus

386 3512 555 3569 laxis.
591 3511 669 3568 De
712 3512 1141 3583 inﬂationibus,
1190 3516 1261 3570 de
1303 3516 1629 3572 tumoribus
1668 3518 1848 3584 duris,
1878 3517 2031 3571 athe-

385 3600 651 3668 romatis,
677 3602 942 3672 strumis,
967 3603 1392 3673 bronchocelis,
1416 3604 1859 3674 meliceridibus,
1888 3610 2037 3661 stea-

387 3689 727 3759 tomatibus,
760 3691 1030 3763 gangliis,
1082 3701 1510 3766 aneurysmate,
1541 3694 1704 3763 favis,
1739 3700 1794 3751 et
1824 3696 2037 3767 hydro-

388 3779 682 3850 cepbalis:
720 3779 925 3835 borum
969 3798 1202 3854 quoque
1233 3784 1511 3856 origines,
1544 3800 1770 3854 causas,
1802 3785 2035 3840 chirur-

386 3869 563 3940 giam,
618 3868 881 3938 aliasque
945 3872 1281 3929 curationes
1331 3874 1693 3946 exponendo,
1743 3891 1857 3930 una
1900 3890 2034 3929 cum

386 3957 701 4014 multorum
749 3959 1017 4030 variique
1060 3961 1291 4033 generis
1323 3962 1771 4033 emplastrorum
1804 3980 2036 4035 praepa-

389 4046 638 4103 ratione.

464 4135 635 4192 Libro
680 4136 904 4193 decimo
962 4143 1123 4195 sexto
1182 4146 1239 4195 et
1295 4141 1527 4205 ultimo,
1576 4142 1646 4197 de
1700 4142 1845 4198 uteri
1892 4142 2032 4210 situ,

390 4225 812 4296 magnitudine,
847 4227 1034 4284 forma
1056 4230 1280 4285 scribit.
1307 4232 1566 4302 Tempus
1587 4230 1724 4287 item
1757 4248 1871 4302 quo
1905 4249 2034 4303 pur-

389 4313 535 4387 gari,
571 4330 637 4369 ac
668 4317 960 4371 seminare
1007 4316 1225 4373 femina
1258 4320 1425 4375 solet.
1476 4320 1557 4375 De
1596 4329 1909 4391 conceptus
1944 4338 2036 4376 ea-

384 4420 519 4459 rum
569 4407 857 4476 tempore,
906 4411 959 4461 et
1010 4406 1228 4463 indicio
1280 4426 1411 4465 cum
1461 4410 1859 4476 fecunditatis,
1913 4418 2022 4465 tum

2144 4404 2232 4457 xui
2290 4403 2636 4477 σπερμαίνειν
2704 4407 2823 4465 ταῖς
2880 4404 3085 4477 γυναιξὶ
3164 4398 3466 4476 συμϐαίνει.

380 4509 455 4547 an
512 4492 637 4562 jam
702 4496 1092 4565 conceperint,
1161 4496 1346 4568 deque
1414 4497 1543 4554 aliis
1606 4500 2031 4570 pregnantium

382 4580 809 4636 affectionibus.
845 4582 923 4637 De
955 4600 1095 4639 cura
1127 4584 1267 4641 item
1303 4602 1369 4643 ac
1408 4587 1804 4644 sollicitudine
1835 4589 1907 4645 iis
1929 4590 2032 4644 ad-

384 4669 662 4739 hibenda,
696 4674 822 4726 tum
855 4690 979 4743 quae
1014 4674 1197 4746 magis
1229 4676 1297 4729 ad
1334 4677 1680 4747 pariendum
1716 4685 1883 4748 apte,
1907 4694 2031 4748 qua;

386 4758 626 4831 ineptae;
679 4760 750 4815 de
800 4776 951 4833 egro
1001 4772 1193 4833 partu,
1226 4772 1280 4819 et
1334 4781 1457 4835 quas
1503 4770 1711 4837 praeter
1763 4772 2031 4822 naturam

389 4858 748 4920 nascuntur;
799 4850 868 4905 de
918 4851 1163 4909 infantis
1205 4854 1554 4924 exsectione,
1597 4863 1650 4911 et
1682 4855 1905 4911 defectu
1938 4873 2032 4911 se-

386 4938 611 5007 cundaa,
658 4954 760 4995 seu
794 4942 1125 4997 secundarii
1172 4942 1475 5000 involucri.
1529 4943 1751 5008 Quibus
1790 4945 1931 5000 item
1963 4946 2035 5002 de

386 5027 576 5083 causis
606 5028 694 5083 vir
723 5035 825 5085 aut
855 5030 1071 5087 femina
1092 5031 1319 5088 steriles
1343 5033 1480 5089 sint.
1516 5033 1733 5089 Horum
1768 5034 2032 5090 omnium

386 5116 797 5187 praedictorum
818 5121 1076 5176 remedia
1107 5121 1214 5178 hoc
1246 5121 1393 5179 libro
1417 5128 1811 5192 recensentur,
1845 5127 1911 5179 ut
1940 5140 2037 5195 po-

383 5204 598 5271 tiones,
632 5208 788 5277 pessi
823 5212 880 5263 et
910 5209 1147 5266 suffitus
1175 5212 1245 5267 ad
1280 5212 1750 5284 concipiendum.
1786 5212 1933 5268 Hinc
1966 5213 2035 5269 de

388 5292 658 5363 uberum,
690 5311 1205 5371 mammarumque
1244 5301 1466 5359 morbis
1511 5300 1785 5359 omnibus
1828 5318 2033 5359 conve-

2210 3423 2354 3478 Κατὰ
2384 3421 2440 3478 δὲ
2469 3424 2560 3479 τὸν
2597 3424 2652 3478 ιε’
2684 3417 3041 3495 διαλαμϐάνει
3075 3421 3245 3499 λόγον
3288 3424 3407 3498 περὶ
3464 3419 3788 3495 οἰδημάτων

2138 3534 2197 3568 τε
2254 3514 2344 3567 xui
2408 3512 2836 3590 ἐμφυσημάτων,
2916 3512 3114 3586 σκίρων
3192 3533 3250 3567 τε
3315 3513 3405 3565 xui
3479 3508 3789 3585 χοιράδων,

2144 3600 2553 3679 βρογχοκηλῶν
2596 3623 2653 3656 τε
2708 3604 2799 3656 καὶ
2843 3600 3236 3676 ἀθερωμάτων,
3280 3601 3369 3655 xui
3415 3597 3787 3674 μελικηρίδων

2140 3692 2231 3745 καὶ
2288 3692 2680 3764 στεατωμάτων
2722 3690 2811 3745 xui
2862 3688 3163 3766 γαγγλίων,
3222 3689 3621 3763 ἀνευρόσματός
3661 3691 3681 3724 ⁸
3726 3708 3787 3742 τε

2141 3779 2231 3834 καὶ
2295 3779 2501 3853 κηρίων
2564 3779 2651 3833 καὶ
2728 3777 3131 3856 ὑδροκεφάλων,
3208 3779 3436 3853 γένεσεις
3492 3799 3547 3832 τε
3603 3777 3781 3831 αὐτῶν

2143 3868 2479 3940 ἐκτιθέμενος
2507 3868 2596 3923 xui
2637 3868 2809 3930 αἰτίας
2854 3874 2953 3937 τῆς
3001 3869 3280 3941 γενέσεως,
3327 3867 3677 3943 χειρουργίας
3725 3886 3787 3921 τε

2140 3957 2354 4019 καὶτὰς
2414 3953 2587 4018 ἄλλας
2637 3956 2921 4031 θεραπείας
2962 3957 3052 4011 xui
3096 3955 3460 4029 ἐμπλάστρων
3513 3952 3787 4010 ποικίλων

2142 4067 2200 4101 τε
2228 4046 2319 4101 xui
2353 4042 2626 4123 διαφόρων
2661 4045 2966 4108 σκευασίας.

2214 4136 2301 4190 Ἐν
2335 4131 2392 4188 δὲ
2415 4138 2492 4206 τῷ
2520 4133 2816 4206 τελευταίῳ
2844 4155 2901 4189 τε
2930 4134 3020 4189 xui
3066 4136 3158 4208 ις’
3192 4132 3349 4211 λόγῳ
3401 4134 3523 4207 περὶ
3578 4134 3789 4206 μήτρας

2143 4224 2342 4286 θὲσεώς
2371 4244 2429 4277 τε
2468 4222 2556 4277 καὶ
2612 4223 2872 4299 μεγεθους
2926 4224 3017 4278 xui
3066 4230 3165 4292 τῆς
3215 4222 3393 4293 ἄλλης
3446 4220 3790 4283 διαπλάσεως
3867 4226 3873 4230 ’

2141 4310 2455 4391 ἀναγράφει,
2505 4311 2593 4365 xui
2653 4313 2742 4367 τὸν
2801 4313 2991 4386 καιρὸν
3048 4312 3165 4367 καθ’
3219 4313 3276 4365 ὅν
3331 4332 3389 4365 τε
3444 4310 3785 4385 καθαίρεσθαι

3546 4403 3677 4479 Περὶ
3730 4424 3791 4458 τε

2141 4493 2436 4569 κυοφορίας
2490 4492 2689 4561 αὐτῶν,
2772 4494 2899 4565 [297
2958 4495 3054 4566 H.]
3108 4495 3199 4547 xui
3270 4494 3624 4566 σημειώσεως
3681 4498 3793 4547 τῶν

2141 4587 2449 4658 πεφυκυιῶν
2482 4577 2793 4649 συλλαϐεῖν,
2826 4582 2915 4636 xui
2957 4580 3001 4636 ei
3033 4579 3142 4651 ἤδη
3187 4577 3498 4637 συνέλαϐον·
3549 4582 3638 4636 xui
3692 4582 3793 4635 ὅσα

2141 4669 2287 4727 ἄλλα
2343 4677 2462 4729 ταῖς
2510 4670 2905 4749 κυοφορούσαις
2952 4671 3094 4741 πάθη
3139 4670 3452 4747 ἐπιγίνεται·
3485 4670 3519 4739 ἥ
3552 4691 3611 4725 τε
3667 4672 3789 4744 περί

2141 4762 2308 4823 αὐτὰς
2341 4759 2648 4834 ἐπιμέλεια,
2700 4762 2788 4815 xui
2838 4766 2990 4815 ποῖαι
3044 4759 3257 4834 μᾶλλον
3304 4757 3606 4831 ἐπιτήδειοι
3655 4760 3795 4834 πρὸς

2140 4850 2323 4919 τόκον,
2391 4855 2542 4905 ποῖαι
2593 4848 2650 4905 δὲ
2692 4848 3085 4921 ἀνεπιτήδειοι·
3146 4850 3236 4905 καὶ
3294 4850 3416 4924 περὶ
3476 4846 3789 4917 δυστοκίας,

2141 4942 2229 4995 xui
2264 4940 2361 4995 ὅσα
2394 4941 2536 5015 παρὰ
2584 4940 2742 5016 φύσιν
2796 4940 3060 5009 τίκτεται,
3104 4938 3229 5014 περί
3275 4960 3333 4993 τε
3382 4933 3791 5012 ἐμϐρυοτομίας

2142 5032 2232 5087 xui
2287 5030 2581 5104 ἐκλείψεως
2638 5030 2854 5105 χορίου·
2894 5030 2984 5085 καὶ
3029 5031 3164 5085 κατὰ
3214 5030 3387 5092 πόσας
3428 5029 3603 5089 αἰτίας
3652 5028 3791 5100 ἀνὴρ

2141 5120 2232 5177 xui
2288 5121 2418 5195 γυνή
2485 5126 2585 5188 τῆς
2644 5117 2991 5182 παιδοποιίας
3041 5120 3431 5195 στερίσκονται.
3466 5120 3688 5173 Πάντων
3734 5114 3795 5171 δὲ

2144 5212 2424 5284 θεραπεῖαι
2455 5212 2560 5264 τῶν
2596 5208 2899 5282 εἰρημένων
2932 5206 2983 5263 ἒν
3014 5207 3191 5281 τούτῳ
3238 5212 3318 5280 τῷ
3368 5207 3516 5283 λόγῳ
3564 5205 3798 5262 κατοιλὲ-

2142 5320 2351 5378 γονται,
2390 5298 2482 5355 xui
2540 5297 2762 5373 πόματα
2818 5300 2907 5355 καὶ
2966 5297 3158 5355 πεσσοὶ
3210 5299 3301 5354 καὶ
3361 5298 3797 5373 ὁποθυμιάματα

1734 5452 1977 5510 VARle
2024 5452 2329 5511 LECTION
2336 5453 2438 5509 ES.

462 5589 484 5626 ⁸
514 5587 854 5664 ἆρμόζουσαι
1043 5593 1067 5628 ⁸
1094 5592 1215 5667 περὶ
1247 5594 1380 5652 add.
1413 5599 1481 5650 Α.
1558 5596 1580 5632 ⁸
1617 5594 1986 5672 ἀνευρύματος
2017 5595 2103 5669 ς’.
