4142 6214
324 325 450 383 733

1425 319 1971 382 BIBLIOTHECA.
2019 353 2086 365 —-
2140 322 2312 382 COD.
2363 321 2614 384 CCXXI.

3615 323 3738 384 734

334 453 706 523 συλληπτικά.
761 453 995 510 Ἐκεῖθέν
1043 473 1100 507 τε
1156 453 1281 528 περὶ
1328 453 1433 508 τῶν
1484 453 1536 508 έν
1586 458 1702 515 τοῖς
1758 459 1983 526 μαστοῖς

2099 454 2279 512 nienti
2313 456 2443 512 huic
2475 457 2583 511 arti
2613 455 2852 511 scientia
2880 459 3212 526 pertractat,
3243 473 3564 530 eorumque
3595 474 3736 514 con-

334 544 521 597 παθῶν
577 540 828 596 ἁπάντων
882 545 1017 616 μετὰ
1097 548 1197 610 τῆς
1281 540 1596 615 πρεπούσης
1669 545 1736 614 τῇ
1813 541 1978 616 τέχνῃ

334 631 529 711 σοφίας
591 629 879 707 διηγεῖται,
933 630 1214 694 συστάσεις
1259 651 1316 685 τε
1356 629 1565 685 τούτων
1616 630 1705 685 καὶ
1753 631 1983 706 γενέσεις

330 723 423 778 καὶ
471 722 818 797 χειρουργίας
864 721 955 775 καὶ
1007 723 1105 791 τὴν
1138 721 1161 756 ⁸
1207 717 1388 792 ἄλλην
1439 722 1771 798 συνυφαίνων
1819 722 1985 794 θερα-

292 834 294 837 ·
331 811 504 866 πείαν.
541 812 671 870 Μεθ’
705 809 738 864 ’ἆ
766 813 786 846 ⁷
818 809 939 885 περί
972 809 1096 885 περὶ
1127 814 1235 866 τῶν
1280 810 1416 865 κατὰ
1465 808 1756 885 διαφόρους
1807 809 1980 872 αἰτίας

332 900 686 976 ἐπεχομένων
711 905 831 962 ταῖς
874 899 1114 975 γυναιξὶν
1159 898 1423 973 ἐμμήνων
1472 901 1808 972 καθάρσεων,
1857 900 1980 973 περί

329 1011 389 1046 τε
458 990 906 1066 ὗπερκαθάρσεως
989 988 1080 1044 καὶ
1163 988 1472 1064 γυναικείου
1558 987 1676 1064 ῥοῦ,
1762 991 1860 1043 τοῦ
1924 1008 1982 1042 τε

331 1078 558 1155 ἇρυθροῦ
609 1079 835 1135 καὶτοῦ
885 1078 1104 1147 λευκοῦ,
1155 1080 1280 1153 περί
1336 1099 1394 1134 τε
1451 1078 1732 1152 ὑστερικῆς
1789 1078 1980 1150 πνιγὸς

332 1168 424 1223 καί
485 1169 608 1242 περὶ
675 1167 994 1244 γονοῤῥοίας
1051 1165 1434 1242 διαλαμϐάνει,
1491 1169 1590 1236 τήν
1660 1165 1866 1221 τούτων
1925 1165 1980 1221 εὖ

335 1258 488 1334 μάλα
519 1257 772 1321 διατιθεὶς
829 1261 850 1296 ⁸
910 1259 1210 1331 θεραπείαν·
1279 1259 1369 1314 καὶ
1425 1259 1549 1332 περὶ
1626 1261 1735 1312 τῶν
1795 1255 1981 1312 ἄλλων

330 1355 437 1418 τῆς
473 1351 679 1424 μήτρας
707 1345 1063 1403 παντοδαπῶν
1113 1349 1324 1417 παθῶν,
1375 1345 1782 1420 ἀποστημάτων
1837 1345 1980 1420 λέγω

333 1438 426 1493 καὶ
470 1435 769 1512 οἰδήματος
799 1437 888 1493 καὶ
920 1437 1102 1509 μύλης
1126 1441 1217 1493 καὶ
1251 1435 1503 1512 ὕδρωπος
1535 1435 1625 1492 καὶ
1663 1434 1860 1498 ἕλκους
1891 1435 1978 1490 καὶ

326 1531 440 1582 τῶν
476 1526 896 1602 παραπλησίων·
942 1529 995 1582 έν
1039 1530 1122 1592 οἷς
1159 1528 1281 1602 περί
1321 1547 1380 1582 τε
1429 1527 1724 1601 φιμώσεως
1769 1527 1981 1599 μήτρας

327 1617 422 1672 καὶ
464 1618 707 1691 ἆτρήτου
754 1615 973 1693 ὑστέρας
1013 1617 1104 1671 καὶ
1147 1621 1254 1671 τῶν
1301 1615 1703 1691 παραπλησίων
1755 1613 1978 1684 ἐπεξιὼν

329 1706 528 1785 γράφει
577 1707 783 1761 τούτων
826 1705 1132 1779 θεραπείας.
1181 1706 1315 1780 Περί
1357 1727 1414 1760 τε
1453 1704 1833 1782 νυμφοτομίας
1887 1702 1980 1758 καὶ

2093 543 2454 610 stitutiones,
2487 549 2668 611 ortus,
2701 543 3086 614 chirurgiam,
3120 543 3378 616 aliasque
3407 547 3733 603 curationes

2093 633 2308 687 auexit.
2345 633 2475 688 Mox
2505 637 2576 689 de
2603 632 2775 688 variis
2824 632 2944 704 agit
2992 632 3207 701 causis,
3254 650 3355 688 cur
3401 635 3458 690 in
3501 635 3733 692 feminis

2093 725 2395 775 menstrua
2418 723 2661 776 sistatur
2679 719 2960 792 purgatio.
2991 722 3066 776 De
3100 721 3281 776 nimia
3308 737 3537 793 quoque
3578 740 3735 779 men-

2093 809 2238 864 sium
2275 811 2635 881 purgatione,
2685 814 2741 864 et
2779 809 3045 865 muliebri
3088 809 3245 865 ﬂuxu
3293 811 3501 881 partim
3537 813 3730 879 rubro,

2092 899 2304 969 partim
2346 899 2474 954 albo
2505 916 2518 952 :
2553 909 2672 954 tum
2723 900 2791 954 de
2847 899 2994 954 uteri
3027 899 3506 970 strangulatione,
3537 901 3608 957 dc
3637 917 3732 956 se-

2094 987 2272 1043 minis
2303 989 2459 1044 ﬂuxu
2487 1007 2502 1056 ;
2535 989 2850 1043 admodum
2875 988 3028 1044 bona
3051 989 3140 1044 his
3162 993 3384 1045 statuta
3413 991 3727 1046 curatione.

2091 1077 2174 1131 Ad
2206 1076 2351 1133 alias
2383 1093 2611 1148 quoque
2643 1077 2902 1133 matricis
2929 1077 3121 1134 varias
3152 1078 3342 1151 pergit
3371 1077 3730 1149 affectiones,

2092 1171 2232 1236 puta
2289 1170 2669 1238 apostemata,
2732 1170 3042 1236 tumorem,
3094 1166 3332 1234 molam,
3381 1166 3730 1239 hydropem,

2093 1253 2308 1323 ulcera,
2341 1259 2398 1309 et
2429 1255 2484 1309 id
2516 1272 2699 1325 genus
2744 1255 2893 1312 alia:
2932 1256 3030 1310 ubi
3079 1259 3148 1311 de
3187 1260 3354 1312 utero
3404 1257 3730 1325 obstructo,

2092 1363 2206 1401 non
2239 1347 2548 1417 perforato,
2594 1345 2843 1418 aliisque
2884 1345 3175 1401 similibus
3205 1345 3456 1408 locutus,
3491 1347 3731 1402 medici-

2091 1452 2197 1490 nas
2245 1451 2479 1506 quoque
2539 1435 2756 1505 adjicit.
2813 1435 2955 1490 Item
3006 1436 3075 1490 de
3125 1434 3392 1505 nympha:
3453 1437 3731 1502 sectione,

2090 1523 2294 1590 cauda,
2326 1523 2584 1578 varicosa
2614 1523 2837 1592 hernia,
2873 1523 3107 1595 thymis,
3146 1523 3556 1596 similibusque
3585 1525 3726 1596 agit,

2090 1619 2148 1668 et
2177 1615 2378 1669 eadem
2414 1613 2486 1668 iis
2518 1613 2793 1668 methodo
2836 1613 3087 1668 remedia
3132 1613 3473 1684 praescribit.
3507 1614 3612 1669 His
3641 1614 3731 1670 fa-

2090 1703 2216 1771 ciei,
2282 1707 2740 1773 ceterarumque
2797 1703 3052 1773 corporis
3104 1704 3354 1772 partium
3403 1706 3733 1775 smegmata

328 1797 453 1869 περὶ
505 1794 824 1870 κερκώσεως
873 1793 1215 1870 κιρσοκήλης
1258 1816 1316 1850 τε
1362 1795 1453 1849 καὶ
1500 1796 1688 1867 θύμων
1737 1793 1829 1848 καὶ
1871 1797 1980 1848 τῶν

2096 1793 2298 1865 iungit,
2331 1802 2388 1848 et
2430 1792 2694 1847 suffitum
2745 1791 3219 1864 compositiones.
3253 1793 3444 1863 Atque
3473 1792 3566 1847 hic
3601 1793 3732 1848 uni-

329 1881 546 1954 ὁμοίων
578 1882 712 1938 κατᾶ
740 1883 836 1950 τὴν
886 1880 1010 1952 ἴσην
1049 1879 1276 1956 μέθοδον
1313 1882 1407 1944 τὰς
1445 1879 1610 1943 ἰάσεις
1660 1879 1977 1954 ἀναγράφει.

327 1973 432 2033 Οἷς
465 1972 771 2048 σμήγματά
798 1991 856 2026 τε
886 1967 1064 2043 ὅψεως
1106 1971 1194 2025 καὶ
1233 1968 1330 2026 τοῦ
1379 1969 1556 2026 ἄλλου
1600 1969 1854 2042 σώματος
1889 1969 1979 2024 καὶ

2090 1897 2322 1938 versum
2356 1881 2595 1938 medicae
2640 1879 2930 1937 facultatis
2979 1897 3127 1952 opus
3176 1897 3349 1937 suum
3398 1881 3597 1937 Aetius
3627 1881 3732 1937 ab-

2089 1969 2283 2026 solvit.

329 2061 693 2135 θυμιαμάτων
749 2059 1030 2121 σκευασίας
1081 2061 1208 2131 [577
1238 2061 1330 2132 R.]
1391 2059 1694 2127 συντάττει,
1747 2058 1812 2114 τὸ
1865 2056 1996 2112 ὅλον
2058 2055 2280 2113 ἐνταῦθα
2339 2059 2438 2127 τῆς
2490 2055 2918 2128 σπουδασθείσης
2977 2055 3124 2130 αὐτῷ
3182 2057 3430 2131 ἰατρικῆς
3479 2078 3736 2134 πραγμα-

323 2149 475 2212 τείας
507 2151 986 2222 ωμπερανάμενος
1022 2143 1261 2224 βιϐλίον.

402 2239 504 2294 Καὶ
537 2238 635 2293 ὅσα
681 2258 744 2313 γε
791 2235 887 2311 ἐμὲ
937 2235 1153 2308 εἶδέναι,
1186 2238 1213 2291 ὁ
1244 2236 1601 2312 προκείμενος
1643 2239 1740 2291 τοῦ
1788 2233 1982 2310 ἀνδρὸς

327 2328 501 2389 πόνος
569 2331 675 2382 τῶν
729 2327 827 2400 μὲν
877 2321 1218 2401 Ὀρειϐασίου
1273 2325 1566 2400 συνόψεων,
1614 2324 1680 2394 ἢν
1729 2346 1789 2379 τε
1843 2325 1979 2400 πρὸς

332 2415 630 2473 Εὖστάθιον
668 2415 760 2470 καί
810 2414 877 2484 ἢν
917 2415 1053 2490 πρὸς
1091 2411 1364 2471 Εὒνάπιον
1413 2411 1629 2488 ἔγραψε,
1681 2418 1800 2474 τοῖς
1849 2419 1979 2466 πᾶσι

329 2511 543 2580 κρατεῖ’
589 2503 956 2580 αἴτιολογίαις
1003 2525 1060 2560 τε
1096 2505 1200 2580 γὰρ
1249 2505 1471 2578 προέχει
1521 2503 1610 2557 καὶ
1660 2499 1978 2577 διαγνώσεσι

324 2596 421 2652 καὶ
453 2595 792 2669 προγνώσεσι
823 2593 911 2649 καὶ
943 2591 1396 2668 προσδιορισμοῖς
1427 2592 1516 2646 καὶ
1548 2596 1628 2663 τῷ
1674 2598 1776 2661 τῆς
1823 2593 1978 2664 θερα-

326 2683 492 2746 πείας
519 2681 739 2740 πλάτει.
774 2681 860 2742 Oi)
890 2683 1096 2738 τούτων
1143 2679 1199 2738 δὶ
1249 2684 1413 2756 μόνον
1458 2680 1508 2735 ἐν
1556 2683 1804 2756 ὑπεροχῇ
1857 2682 1979 2755 ὁρᾶ-

324 2796 446 2846 ται,
497 2773 647 2829 ἀλλὰ
693 2773 782 2828 καὶ
830 2773 956 2843 ἥτις
1007 2773 1030 2808 ⁹
1076 2772 1223 2844 αὖτῷ
1277 2776 1383 2826 τῶν
1434 2771 1681 2840 Γαληνοῦ
1743 2767 1975 2846 βιϐλίων

327 2863 562 2937 σύνοψις
614 2860 1016 2937 ἐφιλοπονήθη,
1067 2861 1156 2916 καὶ
1219 2860 1420 2932 ταύτης
1470 2859 1749 2935 ἐπικρατεῖ
1794 2863 1873 2931 τῷ
1921 2879 1979 2914 τε

327 2953 410 3017 εἷς
465 2950 730 3007 ἐλάττονα
795 2950 957 3027 ὄγκον
1022 2952 1223 3021 ταύτην
1288 2950 1664 3023 συνεστάλθαι,
1738 2950 1828 3005 καὶ
1891 2953 1972 3022 τῷ
2001 2987 2052 3052 0

325 3039 660 3120 σαφεστέραν
714 3039 976 3120 παρέχειν
1031 3043 1130 3111 τήν
1213 3039 1586 3112 διδασκαλίαν,
1642 3040 1731 3095 καὶ
1791 3040 1836 3078 ¹⁰
1892 3043 1972 3110 τῷ

325 3132 457 3208 περὶ
511 3131 782 3186 πλειόνων
834 3133 1016 3186 παθῶν
1073 3126 1463 3203 διαλαμϐάνειν
1511 3131 1713 3200 ταύτην
1766 3127 1977 3203 μᾶλλον

325 3222 369 3292 ἢ
401 3220 632 3291 ἐκείνην.
679 3223 795 3290 Τῆς
845 3217 902 3275 δὲ
947 3225 1027 3294 τῷ
1069 3219 1217 3294 αὐτῷ
1266 3218 1420 3292 ἄνδρὶ
1473 3219 1548 3281 εἰς
1601 3213 1982 3292 ἑϐδομήκοντα

331 3305 529 3384 βιϐλία
561 3311 989 3385 συντεταγμένης
1019 3311 1120 3380 τήν
1159 3309 1339 3382 ἄλλην
1383 3306 1626 3383 ἅμιλλαν
1675 3308 1774 3364 οὐκ
1821 3307 1984 3364 εὐλα-

328 3392 605 3470 ϐουμένη,
641 3396 769 3460 ἴσως
792 3398 850 3453 ἄν
883 3397 1215 3468 ἐλαττωθείη
1249 3401 1333 3462 οἷς
1373 3419 1435 3454 τε
1471 3398 1537 3452 τὰ
1579 3404 1678 3467 τῆς
1725 3397 1982 3470 ἀνατομι-

324 3492 438 3556 κῆς
495 3486 850 3565 ἐγχειρίσεως
917 3488 993 3562 μὴ
1060 3485 1524 3562 παραδραμούσης
1590 3484 1800 3558 ἒκείνης
1847 3486 1982 3556 αὕτη

324 3577 698 3652 παρατρέχει,
768 3576 857 3631 καὶ
919 3578 1019 3646 τήν
1096 3578 1325 3651 θεωρίαν
1388 3583 1489 3646 τῆς
1578 3581 1689 3633 τῶν
1775 3576 1985 3653 μορίων

325 3667 556 3746 χρείας,
609 3665 913 3745 φιλοσόφου
968 3666 1185 3741 μᾶλλον
1234 3665 1396 3722 οὖσαν
1453 3665 1696 3736 σπουδῆς
1745 3668 1780 3737 ἢ
1829 3668 1987 3741 θερα-

327 3758 494 3817 πείας
527 3751 710 3832 ἔργον,
745 3757 1006 3819 ὡσαύτως
1037 3755 1301 3832 παρῆλθε.
1347 3762 1472 3818 Τοῖς
1522 3757 1707 3818 αὐτοῖς
1757 3753 1814 3810 δὲ
1861 3753 1988 3810 τού-

327 3865 458 3906 τοις
486 3845 708 3914 καὶτῆς
739 3845 1147 3920 προειρημένης
1195 3849 1301 3899 τῶν
1354 3843 1664 3913 Γαληνείων
1713 3844 1985 3916 συνόψεως

319 3937 431 3990 τοῦ
517 3939 731 4007 κρατεῖν
818 3934 877 3988 ἃν
950 3935 1388 4010 ὑπαναχωροῦσα
1463 3931 1574 4004 εἴη.
1652 3931 1829 3988 Ἀλλὰ
1885 3930 1989 4006 γὰρ

321 4021 512 4100 ἔγωγε
543 4025 707 4100 φαίην
753 4024 812 4078 ἄν
860 4024 933 4086 ὡς
976 4025 1111 4079 κατὰ
1149 4025 1250 4095 τήν
1299 4027 1574 4098 παροῦσαν
1621 4027 1730 4079 τῶν
1777 4021 1990 4096 ἀνθρώ-

320 4133 456 4168 πων
488 4111 759 4185 ῥᾳθυμίαν
799 4113 890 4168 καὶ
921 4114 1022 4183 τὴν
1074 4113 1197 4189 περὶ
1245 4113 1311 4169 τὰ
1350 4111 1492 4169 ἃλλα
1547 4111 1760 4186 μᾶλλον
1812 4113 1990 4185 ὁρμὴν

324 4202 370 4270 ἧ
421 4200 545 4277 περὶ
586 4202 660 4255 ὧν
710 4204 745 4271 ἡ
797 4203 1050 4275 θεραπεία
1106 4202 1477 4279 κατορθωθείη
1529 4207 1645 4263 τοῖς
1694 4201 1986 4275 κάμνουσι,

321 4289 539 4386 ταύτην
569 4289 864 4364 έκμελετᾷν
911 4293 1008 4361 τήν
1061 4294 1383 4370 συναγωγὴν
1408 4313 1516 4347 των
1551 4290 1740 4348 ἄλλων
1775 4288 1988 4362 μᾶλλον
2020 4321 2067 4386 D

327 4376 774 4452 σπουδασμάτων
833 4383 969 4459 χρὴ,
1025 4379 1262 4454 μάλιστά
1309 4402 1370 4456 γε
1420 4379 1569 4443 ὅσοις
1624 4382 1698 4454 μὴ
1749 4380 1885 4454 πρὸς
1928 4379 1991 4434 τὸ

333 4469 510 4546 βάθος
565 4475 666 4539 τῆς
717 4469 965 4540 ἰατρικῆς
1024 4470 1252 4544 θεωρίας
1311 4470 1499 4525 ἐλάσαι
1557 4469 1647 4523 καὶ
1704 4470 1804 4536 τήν
1857 4470 1993 4524 κατά

329 4557 704 4639 φυσιολογίαν
764 4560 954 4637 σοφίαν
1001 4581 1059 4616 τε
1114 4563 1205 4617 καὶ
1262 4561 1520 4633 ἀλήθειαν
1587 4563 1795 4622 σκοπός
1852 4560 1992 4616 ἐστιν

329 4649 610 4724 ἀνευρεῖν,
641 4649 777 4726 πρὸς
827 4650 1000 4723 μόνην
1029 4648 1213 4720 δὲτὴν
1265 4655 1371 4706 τῶν
1418 4653 1546 4724 [298
1579 4653 1668 4723 Η.]
1719 4653 1988 4725 σωμάτων

332 4740 632 4812 θεραπείαν
681 4741 717 4809 ἡ
780 4741 1036 4814 πρόθεσις
1091 4740 1287 4818 ἀφορᾷ,
1339 4740 1430 4795 καὶ
1483 4737 1652 4814 μηδὲν
1701 4745 1807 4796 τῶν
1868 4741 1990 4813 περὶ

332 4827 515 4898 αὐτὴν
544 4826 629 4883 ἐπὶ
660 4831 760 4898 τῆς
799 4829 989 4906 χρείας
1039 4831 1292 4906 ὑστερεῖν.
1341 4835 1475 4894 Τοῖς
1526 4830 1629 4907 γὰρ
1677 4831 1773 4891 τὰς
1824 4831 1990 4894 ἰάσεις

327 4917 520 4974 νόσων
580 4916 869 4980 ἀπελάσεις
952 4917 1239 4992 ἑλομένοις
1300 4917 1613 4996 ἔμφανίζειν
1683 4917 1754 4974 δι’
1816 4915 1989 4996 ἔργων

326 5011 533 5065 τοῦτον
562 5009 626 5063 τὸ
659 5004 876 5084 βιϐλίον
903 5007 1183 5083 ἐπιμελῶς
1233 5010 1702 5085 μεταχειρίζεσθαι
1751 5009 1852 5079 δεῖ,
1901 5011 1990 5065 καὶ

331 5099 442 5167 τήν
476 5098 690 5174 σχολὴν
738 5099 813 5160 εἰς
858 5098 988 5154 αὐτὸ
1043 5099 1426 5174 συντεταμένην
1457 5103 1499 5138 ί¹
1533 5095 1704 5176 ἔχειν,
1750 5102 1838 5155 καὶ
1871 5099 1901 5155 ὅ
1930 5122 1993 5176 γε

339 5189 585 5265 μεισθείς
627 5193 696 5263 τῇ
737 5187 1051 5264 παραινέσει
1097 5188 1152 5244 έν
1190 5191 1330 5265 αὐτῇ
1369 5193 1438 5264 τῇ
1488 5189 1649 5265 πείρᾳ
1695 5191 1758 5246 τὸ
1800 5187 1990 5267 κέρδος

331 5280 582 5356 εὑρήσει.

2163 2235 2323 2292 181
2361 2237 2440 2307 (α)
2472 2237 2578 2303 Qui
2613 2236 2850 2308 quidem
2885 2235 3064 2307 hujus
3096 2235 3201 2291 viri
3234 2235 3396 2291 labor
3424 2236 3734 2307 (quantum

2089 2341 2192 2394 ego
2224 2343 2571 2397 cognoscere
2599 2326 2780 2397 potui)
2803 2325 3052 2382 Oribasii
3076 2341 3378 2397 synopses,
3416 2325 3535 2380 sive
3557 2341 3735 2395 quam

2091 2415 2415 2482 Eustatbio,
2468 2415 2584 2470 sive
2615 2431 2789 2484 quam
2835 2415 3099 2485 Eunapio
3148 2413 3468 2484 inscripsit,
3521 2414 3577 2467 in
3611 2429 3737 2469 om-

2090 2504 2264 2560 nibus
2281 2509 2540 2576 superat.
2569 2503 2767 2574 Neque
2791 2503 2945 2558 enim
2968 2519 3032 2558 eo
3051 2502 3236 2558 solum
3262 2503 3553 2574 praecedit,
3575 2503 3731 2572 quod

2090 2609 2300 2648 causas
2332 2592 2554 2659 reddat,
2578 2593 2847 2663 quodque
2869 2591 3220 2659 dinotiones,
3247 2589 3638 2661 pernotiones,
3664 2605 3732 2643 ac

2089 2681 2456 2738 definitiones
2501 2681 2742 2736 afferat:
2793 2695 2990 2735 verum
3024 2695 3090 2734 eo
3121 2679 3318 2747 etiam,
3360 2678 3514 2750 quod
3561 2693 3734 2733 cura-

2091 2770 2276 2826 tiones
2314 2771 2604 2842 copiosius
2647 2769 2852 2824 tradat.
2899 2772 3096 2839 Neque
3145 2783 3377 2823 rursum
3411 2766 3515 2822 hos
3561 2767 3733 2821 modo

2091 2863 2371 2915 tractatus
2395 2857 2749 2929 conspicitur
2777 2873 3077 2930 superare,
3105 2856 3204 2912 sed
3234 2859 3291 2911 et
3318 2869 3680 2926 quacunque
3704 2871 3735 2910 e

2090 2947 2306 3004 Galeno
2336 2947 2436 3003 ille
2467 2947 2525 3003 in
2543 2948 2835 3018 epitomen
2863 2950 3129 3002 accurate
3150 2944 3400 3015 redegit:
3425 2947 3550 2998 tum
3575 2943 3730 3014 quod

2091 3037 2306 3108 majore
2353 3053 2486 3093 cum
2547 3036 2960 3109 perspicuitate
3017 3050 3180 3090 suam
3232 3033 3560 3090 doctrinam
3605 3049 3735 3104 pro-

2092 3131 2289 3200 ponat,
2324 3131 2443 3182 tum
2465 3125 2637 3183 etiam
2659 3125 2815 3197 quod
2845 3125 2916 3180 de
2939 3123 3203 3195 pluribus
3229 3130 3360 3194 agat
3383 3120 3626 3177 morbis.
3660 3123 3735 3176 At

2094 3233 2226 3274 cum
2261 3215 2512 3272 Oribaeii
2562 3214 2918 3280 collectione,
2970 3228 3102 3284 quae
3147 3212 3512 3282 septuaginta
3553 3208 3742 3265 libros

2094 3305 2521 3378 complectitur,
2559 3303 2919 3360 committere
2950 3317 3010 3357 se
3040 3316 3221 3357 ausus
3252 3297 3397 3356 Aetii
3427 3298 3613 3366 labor,
3648 3297 3741 3353 in-

2094 3396 2271 3454 ferior
2300 3397 2543 3453 fortasse
2586 3395 2920 3466 judicetnr:
2965 3397 3092 3447 tum
3136 3391 3286 3463 quod
3327 3390 3732 3446 tractationem

2095 3489 2167 3544 de
2211 3487 2514 3543 anatomia
2549 3487 2870 3556 pratereat,
2904 3499 3077 3554 quam
3111 3481 3211 3536 illa
3239 3479 3580 3552 explicavit:
3615 3485 3741 3534 tum

2096 3577 2248 3649 quod
2282 3573 2810 3631 considerationem
2844 3573 2914 3627 de
2945 3587 3053 3626 usu
3086 3569 3362 3642 partium,
3398 3585 3525 3640 qua:
3557 3567 3745 3638 philo-

2097 3665 2265 3738 sophi
2298 3664 2493 3736 potius
2514 3669 2655 3730 erat,
2683 3677 2854 3733 quam
2882 3660 3090 3715 medici
3113 3659 3368 3714 curantis
3389 3673 3556 3728 opus,
3583 3656 3746 3711 simi-

2095 3754 2231 3810 liter
2263 3753 2356 3808 hic
2388 3751 2781 3824 prastermisit.
2834 3748 2984 3815 Quin
3017 3751 3076 3804 et
3122 3748 3353 3804 easdem
3386 3745 3628 3800 forsitan
3665 3745 3738 3798 ob

2097 3858 2302 3900 causas
2341 3838 2610 3896 nonnihil
2649 3840 2834 3905 cedat,
2889 3839 2964 3892 ud
3018 3837 3217 3891 minus
3249 3833 3406 3888 illam
3457 3849 3487 3888 e
3537 3831 3743 3888 Galeni

2098 3931 2335 4003 scriptis
2360 3930 2663 3986 collectam
2687 3929 2999 4000 epitomam
3023 3925 3234 3980 vincat.
3258 3922 3470 3978 Verum
3495 3919 3745 3976 dixerim

2099 4021 2369 4093 equidem
2424 4020 2852 4091 (animadversa
2907 4033 3034 4088 qua:
3084 4030 3242 4070 nunc
3295 4017 3381 4068 est
3438 4012 3745 4068 hominum

2101 4107 2467 4182 negligentia,
2501 4112 2559 4163 et
2599 4104 2977 4162 inclinatione
3027 4105 3243 4175 majore
3286 4101 3347 4156 in
3379 4100 3492 4156 alia
3523 4097 3743 4166 omnia,

2101 4215 2269 4272 quam
2302 4199 2362 4254 in
2403 4214 2491 4264 ea,
2542 4196 2758 4268 quibus
2808 4209 3094 4266 aegrorum
3127 4191 3351 4248 curatio
3387 4189 3748 4262 perﬁciatur)

2099 4291 2250 4346 hanc
2280 4288 2676 4347 collectionem
2710 4301 2827 4358 pra;
2855 4283 2984 4341 aliis
3012 4281 3247 4355 scriptis
3278 4281 3337 4336 in
3360 4295 3534 4335 usum
3564 4277 3744 4333 dedu-

2103 4381 2287 4436 cenda
2315 4396 2327 4434 :
2354 4378 2427 4434 iis
2469 4375 2819 4451 prmsertim,
2853 4375 3070 4447 quibus
3113 4369 3534 4428 abstrusiorem
3568 4366 3750 4423 medi-

2101 4471 2290 4527 cinam
2304 4465 3074 4537 scrutari,autpbysiologitc
3089 4461 3352 4519 subsidio
3365 4457 3750 4532 cognitionem

2102 4563 2159 4616 et
2185 4559 2482 4615 veritatem
2517 4555 2816 4627 consequi,
2864 4553 3226 4627 propositum
3260 4566 3375 4606 non
3407 4553 3512 4619 est,
3540 4546 3642 4604 sed
3675 4545 3748 4601 ad

2102 4651 2287 4707 solam
2347 4664 2653 4721 corporum
2713 4644 3061 4701 medicinam
3120 4649 3446 4713 respectum
3511 4636 3746 4706 habere,

2101 4739 2377 4809 nulloque
2405 4737 2555 4809 quod
2581 4736 2652 4792 ad
2675 4735 2802 4806 ejus
2823 4749 2994 4788 usum
3027 4729 3310 4804 pertineat
3339 4727 3600 4784 destitui.
3627 4727 3671 4790 Ο
3695 4723 3754 4778 ui

2101 4829 2255 4885 enim
2273 4829 2461 4900 reipsa
2477 4828 2881 4882 demonstrare
2899 4822 3091 4878 volent
3103 4817 3495 4876 curationibus
3510 4814 3744 4897 morbos

2102 4917 2336 4991 depelli,
2358 4933 2458 4973 eos
2479 4915 2637 4972 hunc
2660 4915 2876 4971 librum
2903 4909 3177 4967 manibus
3200 4906 3515 4978 diligenter
3539 4911 3752 4971 terere,

2101 5012 2406 5083 eidemque
2448 5024 2683 5081 operam
2731 5021 2797 5063 ac
2849 5002 3110 5060 studium
3160 5013 3373 5055 navare
3428 4994 3741 5067 oportebit.

2101 5100 2205 5156 Cui
2236 5098 2618 5156 admonitioni
2656 5093 2928 5168 quisquis
2957 5089 3202 5164 parebit,
3231 5104 3319 5144 na.-
3353 5085 3451 5141 ille
3484 5101 3620 5143 mox
3650 5099 3745 5139 ex-

2101 5189 2386 5262 periundo
2419 5186 2636 5245 laboris
2662 5186 2755 5243 sui
2788 5184 3038 5240 fructum
3072 5179 3298 5236 referet.

1710 5439 1952 5498 VARLE
1995 5439 2394 5498 LECTIONES.

416 5591 439 5624 ⁸
464 5587 835 5664 καὶτῆν]ἒὰν
862 5589 964 5659 τὴν
994 5595 1061 5650 Δ.

1165 5588 1576 5664 τᾶΑεοῦς.

336 5659 794 5738 τεταγμένηίςο

1678 5587 1704 5624 ⁸
1732 5584 1991 5649 διατεθεὶς
2023 5585 2105 5661 ς’.

2207 5587 2229 5622 ⁹
2265 5585 2403 5656 ἣτις]
2436 5581 2567 5644 εἴτις
2598 5598 2744 5641 corr.
2779 5588 2845 5639 A.
2951 5583 2996 5618 ¹⁰
3023 5580 3139 5654 καὶ]
3173 5581 3308 5640 libri
3335 5581 3452 5639 κάν.
3547 5582 3591 5618 ¹¹
3626 5597 3746 5633 συν·
