4184 6212
415 353 527 411 735

1130 481 1342 538 CXXII.

658 574 805 631 [obii
841 569 1096 628 monachi
1136 569 1528 626 Commentarii
1568 569 1699 624 libri
1724 585 1803 623 ιιι.

486 665 723 719 Lectum
758 663 909 718 Jobii
944 660 1215 716 monachi
1248 676 1395 732 opus
1432 658 1593 715 libris
1641 674 1865 726 novem,
1896 656 2054 727 capi-

413 755 569 807 tibus
603 768 732 807 vero
757 751 1019 822 quinque
1051 749 1285 822 quidem
1310 748 1424 803 illis
1448 765 1623 818 supra
1646 748 2055 818 quadraginta,

413 842 509 895 sed
538 840 755 912 quibus
780 840 895 895 alia
920 838 1201 893 nonnulla
1222 838 1654 908 interjiciantur
1675 853 1687 902 ;
1712 838 1837 908 ipse
1860 840 2059 891 auctor

410 930 651 986 titulum
699 928 844 984 libro
893 929 1083 984 dedit:
1140 929 1209 983 De
1263 928 1424 983 Verbo
1464 927 1758 981 incarnato
1785 942 2060 980 commen-

410 1021 608 1074 tarius.
655 1022 968 1089 Propterea
1016 1017 1315 1079 nimirum,
1365 1017 1519 1088 quod
1566 1018 1657 1083 (ut
1702 1014 1799 1084 ait)
1846 1013 2059 1068 multas

410 1107 505 1163 hic
535 1108 604 1162 de
638 1106 781 1163 Filio
817 1107 911 1162 Dei
963 1106 1198 1162 homine
1238 1107 1588 1176 quastiones
1630 1108 1961 1175 pertractat.
1996 1104 2060 1157 In

410 1196 731 1251 tractandis
794 1196 971 1267 igitur
1026 1194 1431 1250 controversiis
1482 1194 1555 1264 (si
1601 1194 1923 1263 generatim
1972 1190 2058 1245 lo-

410 1285 629 1355 quaris)
668 1301 783 1339 non
830 1284 1200 1355 pcenitendus
1248 1283 1478 1353 quidem
1529 1282 1627 1336 ille
1676 1286 1785 1344 est,
1841 1285 1939 1335 aut
1972 1296 2060 1334 re-

411 1375 660 1430 missus:
714 1380 771 1429 at
820 1391 935 1429 non
986 1372 1067 1428 ita
1127 1374 1305 1428 etiam
1357 1376 1506 1427 recte
1555 1372 1611 1425 in
1667 1369 2058 1425 solutionibus

411 1462 691 1532 procedit.
727 1460 871 1516 Nam
907 1466 971 1515 ut
1002 1460 1253 1515 maxime
1296 1459 1643 1514 solutionem
1677 1458 1734 1512 in
1769 1458 2059 1529 plerisque

410 1549 691 1620 vestiget:
726 1550 783 1604 in
828 1548 1181 1621 quibusdam
1227 1547 1460 1603 interim
1503 1547 1627 1603 sola
1656 1547 1761 1613 illi,
1804 1546 1946 1601 181
1984 1544 2054 1616 (b)

411 1656 537 1709 quae
571 1646 829 1709 apparet,
883 1639 1102 1710 species
1143 1640 1449 1697 satisfacit,
1494 1642 1557 1691 ut
1596 1636 1742 1691 nihil
1784 1635 1957 1691 altius
1986 1636 2055 1689 ad

411 1728 715 1783 certiorem
748 1728 1047 1783 veritatem
1082 1731 1369 1796 penetret:
1401 1726 1542 1796 quin
1575 1733 1627 1780 et
1659 1725 1768 1779 hoc
1800 1722 2057 1779 fortassis

1613 343 1874 405 PHOTII
1922 340 2446 405 PATRIARCHJE
2487 343 2602 403 ΟΡ.

2089 481 2137 545 Α

3693 345 3809 405 736

2911 480 3077 530 XKB‘.

2597 557 2814 619 ’ῐωϐιου
2849 566 3098 635 μοναχοῦ
3130 562 3290 636 λόγοι
3325 564 3387 620 θ’,

2246 653 2583 725 Ἀνεγνώσθη
2648 647 2861 727 βιϐλίον
2948 649 3165 708 Ἰωὸίου
3229 656 3470 727 μονσχοῦ
3531 652 3582 707 ἐν
3635 652 3832 728 λόγοις

2172 743 2267 814 μὲν
2302 745 2345 795 θ’
2392 741 2712 820 κεφαλαίοις
2780 738 2837 796 δὲ
2899 749 2949 814 μ’
3005 742 3095 795 καὶ
3156 744 3215 813 ε’,
3272 744 3354 804 οἷς
3407 739 3826 799 συνυποὸάλλει

2166 832 2257 885 καί
2287 854 2405 887 τινα
2433 829 2606 903 ἕτερα.
2641 834 2749 901 Τήν
2791 830 2848 887 δὶ
2877 836 2974 886 τοῦ
3026 828 3247 907 βιϐλίου
3292 832 3596 909 ἑπιγραφήν
3650 834 3826 891 Οἶκο-

2168 924 2402 994 νομικήν
2465 921 2760 995 ἐπέγραψεν
2810 923 2837 975 6
2899 920 3155 990 συντάξας
3210 922 3605 997 Πραγματείαν,
3658 920 3825 994 διότι,

2170 1011 2354 1084 φησίν,
2425 1010 2476 1064 ἐν
2531 1010 2679 1083 αὐτῷ
2740 1010 2927 1065 πολλά
2981 1016 3087 1065 τῶν
3147 1011 3272 1085 περὶ
3336 1018 3438 1080 τῆς
3504 1011 3828 1085 οἷκονομίας

2170 1100 2482 1175 περιέχεται
2546 1101 2900 1172 ζητημάτων.
2958 1100 3045 1156 Ἐν
3110 1100 3206 1172 μὲν
3256 1100 3346 1154 οῦν
3394 1105 3513 1160 ταῖς
3569 1100 3825 1175 ἀπορίαις

2172 1188 2413 1243 καθόλου
2446 1188 2603 1267 φάναι
2637 1190 2664 1243 6
2697 1188 3032 1265 συγγραφεὺς
3084 1188 3182 1243 οὐκ
3230 1190 3456 1263 ἀγεννής
3506 1187 3646 1244 ἐστιν
3698 1188 3825 1245 οὔτε

2169 1279 2381 1338 ἄτονος·
2432 1278 2539 1351 οὐχ
2596 1278 2805 1351 ὁμοίως
2859 1275 2914 1332 δὲ
2972 1277 3058 1332 διὰ
3108 1282 3216 1332 τῶν
3277 1278 3483 1334 λύσεων
3551 1276 3820 1352 πρόεισιν,

2167 1365 2297 1421 ἀλλ’
2329 1366 2381 1421 ἐν
2412 1365 2648 1429 πολλοῖς
2693 1368 2787 1440 μὲν
2818 1366 3134 1445 ἰχνηλατῶν
3165 1369 3424 1442 τυγχάνει
3456 1371 3553 1437 τῆς
3586 1367 3819 1438 λύσεως,

2168 1449 2279 1508 ἔστι
2312 1452 2358 1508 δ’
2400 1454 2481 1529 ἐφ’
2530 1456 2603 1509 ὧν
2652 1460 2768 1515 τοῖς
2801 1457 3147 1532 φαινομένοις
3194 1455 3460 1529 ἀρκεῖται,
3510 1457 3819 1531 περαιτέρω

2172 1541 2339 1616 μηδὲν
2368 1544 2505 1615 πρὸς
2541 1545 2639 1612 τὴν
2688 1547 2787 1608 τῆς
2833 1542 3091 1613 ἀληθείας
3143 1538 3461 1616 ἐμϐαθύνων
3508 1540 3817 1619 ἀκρίϐειαν.

2168 1633 2332 1710 Τάχα
2383 1630 2428 1686 δ’
2488 1631 2546 1686 ἄν
2601 1654 2683 1694 τις
2738 1629 2919 1706 ’ἐτερος
2978 1631 3122 1688 εἷ’ποι
3190 1634 3275 1687 καὶ
3336 1638 3433 1687 τοῦ
3490 1636 3818 1712 φαινομένου

2168 1719 2443 1783 πολλάκις
2474 1722 2571 1789 τὴν
2616 1721 2779 1776 αὐτοῦ
2829 1720 3071 1791 σπουδὴν
3110 1724 3475 1801 καθυφίεσθαι.
3522 1726 3637 1793 Τῆς
3693 1726 3821 1796 μὲν-

410 1815 563 1871 ulius
613 1817 900 1888 quispiam
955 1816 1187 1884 dixerit,
1240 1816 1351 1887 ipsi
1400 1815 1574 1870 etiam
1620 1831 1747 1870 sese
1791 1810 2049 1869 offerenti

2162 1830 2248 1864 τοι
2277 1831 2336 1886 γε
2365 1806 2658 1878 εὐσεϐείας,
2692 1810 2788 1865 ὅσα
2836 1832 2898 1885 γε
2942 1811 3039 1884 ἐμὲ
3080 1810 3296 1881 εἰδέναι,
3342 1812 3394 1868 ἔν
3442 1834 3500 1867 τε
3548 1817 3627 1885 τῷ
3676 1835 3823 1888 παρ-

408 1906 619 1977 speciei
652 1911 925 1961 conatum
950 1906 1077 1975 ejus
1100 1906 1323 1959 cedere.
1353 1904 1466 1958 Etsi
1495 1920 1625 1958 cum
1651 1903 1707 1956 in
1735 1903 1841 1958 hoc
1864 1918 2055 1971 opere,

409 2000 538 2050 tum
572 1996 629 2049 in
656 2011 722 2050 eo
755 1997 905 2066 quod
962 2000 1165 2049 contra
1195 1995 1471 2049 Severum
1518 1992 1771 2062 scripsit,
1805 1995 1859 2044 et
1890 1994 2056 2045 recta:

414 2083 712 2155 religionis
743 2092 833 2138 est
864 2083 1041 2153 (quod
1072 2083 1301 2153 quidem
1334 2081 1781 2149 observaverim)
1822 2096 2052 2147 amans,

415 2172 703 2242 laudeque
732 2173 966 2242 dignus,
999 2177 1055 2227 et
1107 2170 1418 2243 diligentias
1465 2187 1578 2225 non
1622 2169 2057 2224 contemnendae

407 2267 582 2333 atque
601 2262 657 2315 in
684 2278 982 2316 sacrarum
1010 2267 1285 2330 praeterea
1306 2259 2055 2330 Scripturarumcommen-

403 2352 627 2407 tatione
678 2350 990 2423 insigniter
1047 2350 1415 2405 exercitatus.
1471 2349 1650 2405 Jussu
1702 2355 1892 2403 autem
1944 2344 2052 2402 viri

402 2440 712 2510 cujusdam
787 2440 999 2494 virtute
1061 2440 1201 2494 clari
1260 2439 1330 2493 ad
1394 2440 1547 2495 hunc
1605 2453 1732 2493 sese
1792 2436 2050 2494 laborem

402 2544 744 2601 aggressum
773 2529 964 2585 refert.

2170 1898 2285 1953 όντι
2343 1897 2498 1973 λόγῳ
2564 1900 2653 1954 καὶ
2712 1898 2765 1953 ἐν
2830 1904 2897 1972 τῇ
2966 1902 3103 1955 κατά
3168 1896 3417 1976 Σεϐήρου
3475 1902 3822 1975 πραγματείᾳ

2167 1987 2397 2061 ἐραστής
2437 1988 2493 2043 τέ
2539 1987 2682 2042 ἔστιν
2728 1988 3057 2061 ἀξιέπαινος,
3116 1991 3206 2044 καὶ
3259 1990 3321 2045 τὸ
3370 1989 3672 2069 φιλόπονον
3721 1993 3821 2047 ούκ

2167 2075 2454 2150 ἀδόκιμος,
2485 2078 2574 2132 καὶ
2634 2085 2734 2146 τῆς
2779 2082 2886 2133 τῶν
2941 2078 3097 2153 ἱερῶν
3160 2081 3384 2157 Γραφῶν
3437 2078 3671 2151 μελέτης
3723 2080 3825 2137 οὒκ

2165 2165 2411 2240 ἄπειρος.
2473 2168 2562 2236 Ἐξ
2622 2166 2989 2241 ἐπιτάγματος
3056 2169 3151 2241 μὲν
3212 2170 3305 2223 οὖν
3363 2171 3509 2231 τινὸς
3568 2174 3677 2225 τῶν
3736 2171 3823 2226 ἐπ’

2165 2257 2329 2331 ἀρετῇ
2382 2257 2673 2332 γνωρίμων
2734 2258 2825 2313 τὸν
2896 2259 3251 2334 προκείμενον
3329 2258 3578 2314 ὑπελθεῖν
3646 2260 3812 2315 πόνον

2164 2342 2458 2418 διηγεῖται.

877 2638 995 2693 Lib.
1031 2655 1045 2692 ι
1077 2646 1129 2693 et
1160 2654 1222 2692 II.
1266 2668 1333 2677 --
1365 2637 1474 2693 Cur
1504 2635 1601 2692 Dei
1630 2636 1824 2697 Filius,
1854 2652 1961 2692 non
2006 2637 2188 2703 Pater,
2231 2643 2325 2691 aut
2355 2636 2599 2708 Spiritus
2630 2646 2859 2693 sanctus
2900 2640 3076 2707 [actus
3106 2640 3303 2695 homo!

469 2750 521 2803 1.
556 2749 811 2804 Primam
845 2748 1040 2820 itaque
1074 2748 1357 2803 librorum
1390 2762 1628 2802 suorum
1661 2746 2039 2817 quaestionem

400 2839 707 2909 proponit:
753 2838 862 2893 Cur
894 2838 988 2893 Dei
1017 2837 1187 2892 Filius
1231 2840 1283 2891 et
1329 2853 1437 2891 non
1483 2840 1665 2901 Pater,
1705 2851 1878 2906 neque
1919 2834 2042 2905 Spi-

396 2930 538 2983 ritus
567 2933 791 2985 sanctus
820 2930 1122 2984 humanam
1143 2929 1378 2998 formam
1410 2925 1692 2982 induerit?
1723 2925 1894 2995 cujus
1915 2940 2043 2979 esse

396 3019 730 3086 quaestionis
783 3018 1131 3074 solutionem
1193 3017 1343 3071 hanc
1401 3016 1738 3071 arbitratur.
1801 3012 2043 3077 Quando

396 3106 576 3162 Filius
607 3108 863 3162 Verbum
903 3112 993 3163 est
1040 3113 1097 3161 et
1129 3106 1298 3161 homo
1347 3105 1532 3159 Verbo
1581 3108 1755 3173 atque
1786 3102 2041 3173 imagine

396 3195 496 3251 Dei
528 3195 666 3251 olim
700 3196 1135 3262 cohonestatns,
1175 3194 1335 3249 hisce
1377 3199 1577 3264 postea
1616 3191 1859 3247 excidit:
1895 3192 2041 3281 Com-
2072 3215 2115 3281 ρ

392 3287 745 3353 paratusque
807 3290 885 3339 est
941 3284 1208 3354 jumentis
1266 3282 1661 3353 insipientibus
1730 3290 1781 3335 et
1838 3280 2041 3335 similis

394 3374 573 3443 [actus
602 3382 679 3427 est
704 3374 839 3441 ipsis
860 3371 935 3441 95;
958 3378 1260 3442 propterea
1280 3372 1558 3426 nimirum
1575 3370 1831 3424 Verbum
1852 3368 1922 3424 ad
1947 3385 2046 3424 eos

397 3460 497 3530 qui
520 3460 579 3515 in
598 3460 1167 3516 irrationabilitatem
1193 3459 1334 3531 lapsi
1356 3464 1520 3514 erant
1541 3459 1802 3523 accessit,
1827 3458 2044 3513 ruinam

399 3552 658 3603 nostram
692 3564 990 3619 reparans,
1024 3563 1088 3602 ac
1122 3564 1227 3603 nos
1258 3547 1313 3601 in
1360 3546 1661 3618 pristinam
1698 3546 2044 3616 dignitatem

398 3636 765 3708 postliminio
817 3654 1128 3693 revocans:
1178 3638 1415 3692 Verbum
1458 3638 1625 3703 enim,
1670 3636 1877 3707 inquit,
1922 3650 2047 3690 caro

395 3731 605 3797 factum
634 3731 714 3784 est
740 3727 821 3799 (id
855 3732 964 3793 est,
1018 3731 1287 3783 naturam
1340 3732 1600 3782 nostram
1646 3727 1703 3781 in
1734 3725 2045 3782 irrationa-

392 3817 680 3873 bilitatem
715 3817 1070 3889 prolapsam,
1103 3821 1159 3871 et
1185 3816 1328 3871 nihil
1354 3818 1478 3886 jam
1512 3814 1913 3887 intelligentia
1946 3815 2046 3871 ha-

396 3909 650 3973 bentem,
681 3907 786 3962 sed
815 3910 995 3962 totam
1048 3907 1119 3961 ad
1153 3922 1237 3976 ea,
1291 3922 1417 3977 qua:
1452 3908 1642 3962 carnis
1681 3910 1840 3973 sunt,
1876 3905 2041 3961 incli-

397 4002 620 4063 natam,
654 3997 1005 4068 assumpsit)
1036 4002 1086 4053 et
1128 3998 1405 4053 habitavit
1435 4000 1494 4053 in
1523 4000 1681 4053 nobis
1703 3998 1766 4052 κ.
1808 3999 1861 4053 2.
1894 3997 2041 4053 Nam

398 4085 549 4140 hanc
580 4086 755 4141 etiam
788 4086 860 4140 ob
892 4101 1153 4154 causam,
1187 4086 1286 4154 ait,
1318 4086 1613 4157 virgineos
1641 4102 1843 4141 recens
1873 4086 2040 4141 sinus

396 4190 697 4247 egressum
743 4174 993 4231 Verbum
1044 4177 1269 4247 excepit
1316 4175 1679 4247 praesepium,
1743 4175 2042 4231 brulorum

398 4280 620 4332 mensa,
672 4265 856 4320 bobus
912 4271 1090 4336 atque
1139 4265 1323 4320 asinis
1372 4264 1714 4321 alimentum
1757 4266 2041 4335 praebens.

394 4353 588 4408 Bobus
620 4353 881 4424 quidem,
916 4355 1063 4424 quod
1104 4354 1232 4426 puri
1266 4370 1399 4410 cum
1433 4353 1574 4423 sint,
1613 4354 1817 4410 veteris
1848 4352 2043 4424 populi

395 4441 629 4498 Israelis
660 4442 990 4514 symbolum
1026 4445 1362 4514 praeferant;
1387 4445 1567 4500 asinis
1601 4460 1753 4511 vero,
1778 4444 1932 4515 quob
1965 4443 2038 4499 ob

393 4529 789 4601 impuritatem
832 4531 1097 4602 gentium
1148 4537 1358 4588 castum
1403 4536 1844 4603 repraasentent:
1897 4548 2041 4603 quos

394 4620 808 4690 utrosquejam
832 4636 1002 4690 opere
1034 4626 1205 4692 atque
1225 4621 1603 4693 opinionibus
1635 4622 1692 4676 in
1725 4621 2038 4677 irrationa-

390 4707 674 4764 bilitatem
707 4708 965 4780 illapsos,
1006 4709 1263 4766 Verbum
1310 4711 1611 4768 revocavit.
1645 4712 2038 4778 Quemadmo-

390 4799 530 4855 dum
563 4804 620 4855 et
649 4798 862 4855 alicubi
904 4800 1183 4871 propheta
1235 4801 1415 4858 Isaias
1455 4802 1757 4873 praedixit:
1800 4802 1911 4872 (41)
1972 4804 2038 4857 ιη

388 4888 570 4945 medio
616 4891 855 4946 duorum
903 4890 1238 4945 animalium
1288 4890 1419 4946 dum
1462 4891 1788 4947 clamaveris
1834 4908 2038 4948 memo-

387 4982 635 5049 raberis;
699 4996 826 5036 cum
889 4981 1395 5053 appropinquarint
1451 4983 1612 5050 anni,
1673 4982 2035 5054 cognosceris.

457 5078 503 5115 θ’
533 5079 687 5137 Psal.
714 5094 906 5149 xcvnl,
944 5080 1029 5135 13.
1062 5080 1105 5116 ⁸⁸
1134 5080 1299 5137 Joan.
1336 5098 1375 5149 ι,
1414 5082 1498 5136 14.

2221 2744 2455 2817 Πρώτην
2486 2741 2542 2798 δέ
2582 2747 2796 2815 τίθησιν
2836 2744 3000 2799 αὐτοῦ
3050 2750 3157 2800 τῶν
3210 2746 3393 2823 λόγων
3446 2748 3491 2782 ¹²
3550 2747 3807 2821 ἀπορίαν,

2155 2833 2252 2886 Διὰ
2302 2833 2355 2885 τί
2401 2834 2429 2886 6
2480 2834 2601 2893 Υἱὸς
2648 2833 2775 2908 [580
2820 2835 2912 2905 Βη]
2962 2833 3051 2888 καὶ
3106 2834 3181 2907 μὴ
3229 2836 3256 2888 6
3317 2836 3502 2909 Πατὴρ
3555 2834 3689 2907 μηδὲ
3738 2835 3803 2890 τὸ

2155 2922 2308 2995 ἅγιον
2375 2924 2592 2995 Πνεῦμα
2650 2924 2747 2991 τὴν
2808 2922 3073 2996 ἡμετέραν
3153 2925 3369 3001 μορφὴν
3447 2922 3631 2980 ὑπέδυ.
3702 2924 3804 2979 Καὶ

2153 3010 2349 3064 τούτου
2408 3016 2502 3064 τοῦ
2562 3010 2919 3084 ἀπορήματος
2977 3012 3132 3076 λύσις
3172 3013 3318 3085 αὐτῷ
3366 3014 3669 3087 νομίζεται,
3722 3012 3807 3069 ὅτι

2154 3097 2343 3167 ἐπειδὴ
2378 3100 2549 3174 Λόγος
2585 3103 2611 3155 6
2645 3102 2790 3173 Υἱὸς,
2822 3104 2849 3156 6
2883 3100 2940 3157 δὲ
2970 3100 3253 3177 ἄνθρωπος
3286 3104 3450 3179 Λόγῳ
3494 3106 3584 3159 καί
3637 3104 3811 3160 είκόνι

2154 3191 2289 3241 Θεοῦ
2329 3188 2585 3261 τιμηθεὶς
2631 3188 2836 3244 τούτων
2896 3211 2955 3243 τε
3019 3188 3358 3245 διαπέπτωγε
3406 3191 3496 3246 καὶ
3544 3212 3815 3266 παρεσυν-

2155 3272 2365 3347 εϐλήθη
2422 3280 2463 3313 ¹³
2494 3284 2609 3340 τοῖς
2662 3282 2881 3349 κτήνεσι
2941 3286 3057 3342 τοῖς
3106 3282 3386 3351 ἀνοήτοις,
3433 3296 3523 3336 και
3574 3284 3810 3356 ὡμοιώ-

2158 3369 2224 3436 θη
2281 3366 2485 3427 αὐτοῖς’
2549 3365 2639 3423 διὰ
2694 3373 2855 3423 τοῦτο
2915 3370 2942 3423 6
3002 3368 3174 3445 Λόγος
3247 3375 3362 3431 τοῖς
3440 3371 3515 3431 εἷς
3576 3370 3812 3445 ἀλογίαν

2154 3460 2407 3510 πεσοῦσιν
2443 3454 2808 3530 ἐπεδήμησεν,
2839 3458 2899 3513 τό
2930 3480 2986 3513 τε
3034 3457 3316 3532 ὀλίσθημα
3363 3462 3526 3531 ἡμῶν
3577 3459 3813 3532 ἐξιώμε-

2152 3565 2243 3606 νος
2272 3545 2361 3599 καὶ
2394 3548 2528 3619 πρὸς
2550 3547 2612 3601 τὸ
2632 3547 2861 3625 ἀρχαῖον
2891 3548 3130 3603 ἀνέλκων
3178 3548 3412 3621 ἀξίωμα.
3458 3549 3520 3605 Ὀ
3553 3549 3730 3623 Λόγος
3766 3550 3813 3586 ¹⁴

2152 3636 2252 3709 γάρ
2296 3656 2453 3709 φησι,
2516 3637 2643 3708 σὰρξ
2695 3636 2919 3711 ἐγένετο,
2978 3637 3222 3692 τουτέστι
3280 3639 3378 3706 τὴν
3447 3638 3521 3699 εἷς
3577 3637 3801 3711 ἀλογίαν

2152 3729 2556 3780 καταπεσοῦσαν
2587 3727 2741 3801 φύσιν
2788 3728 2973 3798 ἡμῶν,
3024 3727 3112 3781 καὶ
3167 3724 3334 3800 μηδὲν
3384 3728 3519 3802 πρὸς
3568 3728 3628 3782 τὸ
3678 3748 3802 3781 νοε-

2159 3816 2274 3889 ρὸν,
2302 3814 2440 3884 ὅλην
2475 3812 2529 3869 δὲ
2563 3816 2697 3889 πρὸς
2744 3816 2804 3870 τὸ
2865 3810 3117 3890 σαρκικὸν
3166 3817 3554 3883 ἀπονεύσασαν,
3603 3813 3802 3870 ἀνελά-

2159 3900 2303 3971 ϐετο,
2361 3903 2451 3958 καὶ
2518 3903 2821 3975 ἐσκήνωσεν
2876 3905 2926 3959 ἐν
2984 3908 3138 3977 ἡμῖν.
3200 3906 3295 3960 Διά
3348 3927 3436 3960 τοι
3494 3906 3595 3982 γάρ
3664 3926 3800 3982 φησι

2151 3998 2313 4049 τοῦτο
2362 3996 2450 4049 καὶ
2489 4000 2598 4049 τῶν
2649 3998 2988 4069 παρθενικῶν
3037 3996 3258 4051 κόλπων
3307 3998 3426 4070 ἄρτι
3467 3994 3807 4070 προελθόντα

2151 4085 2245 4138 τὸν
2279 4084 2450 4157 Λόγον
2496 4085 2668 4160 φάτνη
2707 4083 3057 4163 ὑποδέχεται,
3090 4089 3126 4156 ἡ
3157 4090 3263 4140 τῶν
3304 4084 3522 4161 ἀλόγων
3562 4087 3807 4161 τράπεζα

2156 4176 2246 4231 καὶ
2278 4176 2421 4251 βοῶν
2455 4196 2513 4229 τε
2541 4175 2630 4229 καὶ
2662 4175 2801 4230 ὄνων
2833 4177 3064 4254 τροφὸς,
3106 4181 3214 4229 τῶν
3258 4176 3351 4249 μὶν
3386 4178 3478 4230 ἅτε
3520 4172 3586 4243 δὴ
3635 4177 3810 4229 καθα-

2161 4270 2268 4340 ρῶν
2325 4260 2587 4337 σύμϐολα
2634 4266 2903 4342 φερόντων
2948 4271 3040 4321 τοῦ
3098 4267 3336 4321 παλαιοῦ
3403 4266 3651 4342 Ἰσραὴλ,
3693 4272 3805 4322 τῶν

2156 4351 2211 4407 δὲ
2252 4350 2341 4406 διὰ
2370 4353 2431 4406 τὸ
2456 4353 2753 4427 ἀκάθαρτον
2804 4353 2867 4409 τὸ
2916 4353 2975 4408 ἐκ
3022 4358 3129 4407 τῶν
3178 4352 3343 4408 ἐθνῶν
3396 4354 3665 4427 σύστημα·
3726 4355 3803 4408 ὧν

2154 4444 2408 4517 ἑκάτερον
2459 4436 2637 4516 ἔργοις
2688 4463 2744 4498 τε
2786 4443 2875 4497 καὶ
2929 4440 3194 4517 δόγμασιν
3245 4444 3319 4504 εἰς
3370 4442 3596 4517 ἀλογίαν
3638 4444 3806 4497 ἀπεν-

2149 4533 2304 4606 εχθὲν
2339 4532 2366 4585 6
2400 4532 2571 4607 Λόγος
2616 4530 3001 4600 ἀνεκαλέσατο,
3051 4530 3125 4594 ὥς
3175 4554 3281 4587 που
3330 4532 3417 4586 καὶ
3451 4533 3478 4587 6
3509 4534 3807 4606 προφήτης

2145 4621 2368 4681 Ἦσαῗας
2412 4622 2455 4656 ¹³
2508 4623 2903 4694 προεμήνυσεν,
2968 4623 3052 4677 Ἐν
3118 4621 3264 4695 μέσῳ
3323 4620 3417 4676 δύο
3478 4623 3632 4690 ζώων
3681 4618 3803 4675 δια-

2146 4711 2427 4785 κεκραγὼς
2490 4712 2791 4784 μνησθήση·
2873 4710 2923 4765 ὲν
2983 4716 3061 4783 τῷ
3119 4710 3341 4787 ἐγγίζειν
3400 4712 3465 4765 τὰ
3522 4708 3615 4785 ἔτῃ
3676 4709 3800 4764 ἐπι-

2148 4801 2465 4873 γνωσθήσῃ.
2500 4800 2603 4854 Καὶ
2650 4802 2748 4867 την
2801 4802 3044 4876 σαγήνην
3093 4798 3145 4855 δὲ
3192 4801 3291 4869 τὴν
3336 4800 3385 4855 ἐν
3432 4804 3513 4872 τῷ
3559 4800 3800 4873 Εύαγγε-

2148 4887 2257 4959 λίῳ
2302 4891 2343 4926 ¹⁶
2388 4890 2522 4963 φησὶ
2568 4890 2860 4963 μαρτύριον
2917 4891 3049 4944 εἶναι
3098 4897 3197 4959 τῆς
3253 4889 3492 4964 ἐσχατης
3543 4887 3799 4963 ἀλογίας,

2149 4977 2227 5041 εἷς
2404 4980 2715 5053 κατηνέχθη
2756 4979 2817 5035 τὸ
2870 4980 3227 5053 ἀνθρώπινον,
3269 4977 3408 5034 ὥστε
3456 4979 3544 5034 καὶ
3586 4978 3801 5053 ῗχθύων

1756 5172 1999 5227 νΛΒΙλΕ
2036 5172 2427 5230 LECTIONES

482 5277 527 5313 “
566 5280 671 5351 τῶν
702 5272 884 5351 λόγων
912 5276 1093 5351 αὐτοῦ
1120 5276 1203 5350 ς’.

388 5364 451 5420 ιι,
486 5353 541 5406 2.
618 5349 664 5385 ¹⁸
696 5348 906 5423 εὐαγγ.]
938 5348 1309 5421 Μειιὶιῖινιι,
1339 5355 1430 5409 27.

1307 5280 1351 5315 ¹²
1378 5280 1660 5353 παρεσυν.]
1692 5280 1839 5337 Psal.
1882 5297 2075 5354 XLVIII,
2109 5282 2192 5337 13.

2299 5282 2342 5316 ¹⁶
2372 5280 2399 5335 ὁ
2432 5278 2616 5353 λόγος]
2647 5282 2813 5338 Joan.
2856 5299 2893 5353 ι,
2939 5284 3023 5339 tia.
3104 5284 3147 5319 ¹⁵
3174 5282 3416 5357 Ἠσαίας]
3465 5286 3585 5342 imo
3618 5287 3801 5343 Abac.

1992 5476 2203 5535 NOTIE

459 5583 737 5659 (@1)_Non
771 5584 890 5642 hac
920 5585 1342 5659 apudlsaiam,
1385 5587 1485 5644 sed
1508 5588 1670 5659 apud
1714 5588 2029 5654 Habacum,

388 5675 450 5725 ιι,
478 5657 534 5728 2,
582 5657 872 5729 leguntur,
919 5657 1188 5715 nonnihil
1234 5658 1421 5715 aliter.
1474 5657 1618 5716 Vide
1663 5676 1787 5731 quas
1829 5664 2030 5718 notata

2139 5592 2283 5717 ggiqt
2312 5589 2383 5645 ad
2404 5588 2588 5647 Vetus
2609 5589 3051 5648 Testamentum
3074 5594 3253 5647 Graec.
3278 5606 3394 5649 sec.
3422 5591 3589 5656 LXX,
3618 5591 3793 5648 Rom.
