4116 6224
338 371 453 432 737

1429 369 1600 434 COD.
1647 365 2189 429 BIBLIOTHECA.
2239 397 2312 409 —-
2360 364 2640 427 CCXXII.

3623 365 3744 429 738

336 510 445 560 τῶν
486 505 850 583 ἀφωνοτάτων
893 525 950 560 τε
979 505 1069 560 καὶ
1112 503 1480 580 ἀλογωτάτων
1518 500 1685 577 μηδὲν
1738 499 1985 571 διενηνο-

2107 503 2152 558 3.
2184 503 2468 573 Sagenam
2514 519 2746 574 quoque
2801 504 2855 558 in
2908 505 3235 576 evangelica
3266 505 3540 578 parabole
3572 510 3734 565 testi-

337 597 493 672 χέναι
527 615 539 626 ·
571 594 664 659 οὓς
695 598 728 664 ἡ
781 597 1012 672 σαγήνη,
1047 592 1216 655 δῆλον
1255 591 1312 648 δὲ
1351 595 1425 656 ὡς
1471 594 1617 667 παρά
1662 596 1757 646 τοῦ
1803 592 1983 668 Λόγου

343 683 633 760 βληθεῖσα,
675 684 875 739 ἐκεῖθέν
907 705 966 738 τε
994 683 1290 760 ἀνήγαγεν,
1323 683 1412 736 καὶ
1442 682 1504 736 τὸ
1545 680 1769 757 λογικὸν
1813 678 1986 753 δῶρον

337 780 455 836 τοῖς
515 773 901 847 ἐστερημένοις
958 773 1385 842 ἆπεκατέστησεν
1417 772 1481 828 ¹⁷.
1541 770 1643 827 Καὶ
1698 769 1762 825 τὸ
1811 768 1986 844 πρόσ-

339 884 521 938 ταγμα
552 860 610 918 δὲ
638 868 735 917 τοῦ
777 863 981 939 Λόγου,
1025 864 1052 916 ὃ
1095 863 1122 916 6
1177 861 1379 935 Πέτρος
1432 855 1616 916 λαϐὼν
1649 860 1739 914 καὶ
1782 860 1843 913 τὸ
1889 863 1986 913 τοῦ

338 951 536 1030 ΐχθύος
587 950 857 1024 ὃιανοίξας
909 952 1084 1024 στόμα
1134 951 1255 1025 εὗρε
1297 953 1558 1023 στατῆρα,
1592 943 1871 1019 σύμϐολον
1918 947 1988 1002 εἶ-

339 1062 425 1096 ναι
456 1045 552 1096 τοῦ
605 1041 706 1095 ὑπὸ
755 1045 851 1094 τοῦ
882 1041 1063 1114 Λόγου
1108 1042 1206 1108 τῆς
1234 1037 1458 1114 ἀλογίας
1509 1036 1847 1105 ἀπολυθῆναι
1898 1037 1990 1092 τὸν

341 1130 628 1205 ἄνθρωπον
666 1148 678 1160 ·
713 1131 805 1185 τὸν
842 1131 936 1201 μὶν
970 1132 1074 1204 γὰρ
1107 1136 1346 1203 στατῆρα
1396 1123 1737 1202 συμϐάλλειν
1772 1128 1816 1162 ίθ
1855 1127 1987 1201 φησί

339 1221 400 1275 τὸ
457 1217 742 1294 βασιλικὸν
801 1217 1048 1291 νόμισμα
1089 1220 1216 1292 [299
1246 1219 1342 1291 Η,]
1394 1217 1520 1286 ἤτοι
1577 1215 1642 1270 τὰ
1699 1213 1990 1271 δεσποτικὰ

342 1306 510 1383 λόγια
565 1309 654 1380 (τὰ
723 1306 883 1380 λόγια
920 1310 1022 1382 γὰρ
1083 1306 1283 1380 Κυρίου
1340 1305 1595 1382 ἀργύριον
1660 1307 1991 1378 πεπυρωμέο

343 1399 481 1468 νον),
519 1397 580 1452 τὸ
611 1394 668 1452 δὶ
708 1395 761 1452 ἐν
791 1401 868 1468 τῷ
900 1396 1130 1470 στόματι
1161 1396 1457 1473 κεκρύφθαι
1488 1396 1579 1450 τὸν
1625 1401 1866 1469 στατῆρα
1895 1399 1990 1449 τοῦ

345 1486 538 1562 ἰχθύος
565 1487 628 1541 τὸ
660 1488 1037 1562 συγκεχῶσθαι
1066 1487 1156 1540 καὶ
1178 1484 1600 1560 κατορῶρύχθαι
1629 1486 1728 1553 τήν
1762 1484 1991 1557 λογικὴν

342 1573 575 1648 δύναμιν
605 1576 694 1630 καὶ
735 1577 898 1650 χάριν
931 1574 983 1629 ἐν
1011 1580 1128 1636 τοῖς
1177 1576 1386 1650 ἰχθύων
1420 1571 1572 1645 δίκην
1625 1571 1990 1648 ἐξαλογωθεῖ-

343 1684 446 1719 σιν.
477 1669 572 1720 Ὧν
629 1665 732 1719 ὑπὸ
781 1669 878 1719 τοῦ
912 1665 1087 1739 Λόγου
1139 1665 1366 1737 ῥωσθεῖς
1400 1664 1427 1718 6
1483 1663 1685 1738 Πέτρος
1735 1663 1824 1716 καὶ
1863 1660 1988 1716 δια-

340 1755 524 1824 νοίξας
577 1756 642 1810 τὸ
719 1755 916 1827 στόμα,
969 1755 1319 1827 ἀνακαθαίρει
1385 1774 1443 1808 τε
1517 1753 1579 1808 τό
1647 1750 1822 1826 δῶρον
1900 1754 1987 1807 καὶ

2099 593 2361 649 monium
2388 609 2515 648 esse
2538 594 2790 650 afﬁrmat
2812 599 3081 650 extremae
3105 595 3660 667 irrationabilitatis,
3679 602 3735 656 in

2095 699 2272 755 quam
2306 683 2564 737 delatum
2600 683 2678 738 sit
2709 683 3036 738 humanum
3067 700 3272 754 genus,
3299 690 3363 740 ut
3391 687 3477 741 vel
3510 705 3541 743 a
3573 689 3742 758 pisci-

2094 774 2202 829 bus
2235 772 2485 827 maxime
2508 773 2708 839 mutis,
2734 773 3303 830 etirrationabilibus
3329 775 3470 830 nihil
3495 777 3742 848 diﬁ‘erut,

2096 877 2241 933 quos
2288 877 2522 933 sagena,
2553 877 2730 931 quam
2783 879 2817 918 a
2858 863 3045 917 Verbo
3072 865 3291 932 jactam
3337 880 3464 920 esse
3495 872 3741 939 constat,

2095 949 2230 1004 inde
2261 950 2482 1014 eduxit,
2516 954 2572 1004 et
2617 951 2858 1005 rationis
2887 951 3106 1006 donum
3140 968 3204 1006 eo
3245 953 3541 1008 destitutis
3573 956 3740 1011 resti-

2095 1038 2226 1093 tuit.
2264 1039 2314 1092 4.
2351 1038 2500 1093 Illud
2546 1039 2683 1094 item
2733 1039 2902 1095 Verbi
2953 1041 3312 1108 mandatum,
3348 1059 3460 1112 quo
3511 1051 3741 1115 recepto

2099 1128 2319 1194 Petrus,
2373 1132 2429 1184 et
2480 1129 2653 1200 piscis
2703 1147 2798 1185 ore
2858 1139 3074 1202 aperto,
3115 1136 3387 1188 stateram
3437 1134 3741 1203 invenerit,

2101 1226 2515 1290 argumentum
2550 1237 2678 1276 esse
2711 1220 2936 1275 liberati
2972 1238 3069 1292 per
3099 1221 3352 1278 Verbum
3391 1223 3626 1281 humani
3647 1242 3742 1298 ge-

2099 1309 2254 1364 neris
2287 1308 2357 1363 ab
2387 1309 2918 1365 irrationabilitate.
2944 1309 3222 1366 Staterem
3255 1312 3409 1368 enim
3460 1313 3746 1372 indicasse

2097 1398 2300 1452 asserit
2325 1397 2516 1469 regale
2541 1398 2954 1464 numisma,vel
2971 1406 3120 1455 certe
3152 1399 3451 1458 Dominica
3473 1403 3705 1460 oracula
3731 1421 3744 1458 :

2098 1486 2335 1557 Eloquia
2362 1488 2507 1541 enim
2544 1486 2761 1542 Domini
2783 1493 3078 1555 argentum
3110 1489 3260 1545 182
3282 1490 3359 1562 (a)
3380 1491 3506 1561 igne
3530 1495 3746 1548 exami-

2098 1579 2291 1630 natum
2320 1574 2385 1630 ⁸⁷.
2420 1575 2577 1639 Quod
2621 1579 2815 1630 autem
2852 1575 2908 1629 in
2944 1576 3114 1647 piscis
3145 1591 3242 1633 ore
3285 1586 3464 1636 staler
3493 1581 3746 1638 abscon-

2101 1666 2258 1720 ditus
2293 1667 2475 1732 latuil,
2498 1668 2800 1723 confusam
2835 1672 3012 1738 atque
3033 1669 3320 1725 defossam
3360 1671 3747 1730 ratiocinandi

2101 1755 2215 1810 vim
2250 1760 2305 1810 et
2336 1756 2579 1826 gratiam
2601 1756 2659 1809 in
2695 1757 2783 1826 iis,
2821 1756 2921 1827 qui
2955 1757 3200 1828 piscium
3235 1757 3420 1814 instar
3451 1761 3746 1818 brutieva-

343 1843 649 1920 ἰμφανίζει,
694 1844 785 1898 καὶ
835 1841 910 1905 εἲς
964 1844 1026 1897 τὸ
1084 1843 1241 1914 μέσον
1302 1840 1627 1916 προαγαγὼν
1661 1844 1705 1878 ²⁰
1761 1843 1857 1910 την
1916 1841 1993 1896 οἷο

2107 1847 2300 1898 serant
2356 1843 2788 1914 [signiﬁcasse],
2853 1860 3107 1914 quorum
3171 1849 3367 1900 Petrus
3415 1846 3658 1915 donum,
3713 1866 3747 1904 a

342 1934 493 1988 κείαν
544 1939 746 2011 χρῆσιν
801 1932 878 1994 εἰς
931 1933 1121 2004 πρᾶξιν
1180 1937 1527 2006 προενεγκεῖν
1583 1932 1988 2006 συνειργάσατο.

344 2023 449 2078 Καὶ
506 2024 570 2076 τὸ
618 2019 705 2077 ἐπὶ
755 2020 876 2077 ὅνον
929 2023 998 2057 ²⁰⁹
1038 2018 1095 2074 δὲ
1142 2021 1231 2075 καὶ
1280 2019 1467 2074 πῶλον
1514 2021 1728 2075 καθίσαι
1777 2023 1868 2076 τὸν
1909 2041 1991 2074 σε-

345 2112 696 2186 σαρκωμένον
771 2111 943 2188 Λόγον
1013 2110 1075 2164 τὸ
1133 2109 1263 2164 αὐτό
1335 2130 1499 2188 φησιν
1567 2108 1989 2164 ὑπαινίττεσθαι.

346 2201 450 2255 Ναὶ
492 2197 560 2269 δὴ
601 2200 690 2255 καὶ
740 2200 830 2255 τὸν
882 2200 1016 2272 μετὰ
1047 2200 1146 2269 τὴν
1191 2199 1477 2254 ἀνάστασιν
1512 2196 1600 2252 ἐπὶ
1649 2206 1749 2268 τῆς
1800 2198 1987 2272 ἀνθρα-

408 2293 434 2304 ..
628 2289 640 2308 ,
925 2288 938 2308 ,
1031 2293 1051 2303 ν
1166 2290 1187 2311 .
1303 2289 1316 2304 η
1401 2288 1412 2302 .
1569 2287 1582 2306 ε
1656 2286 1679 2304 ,ρ
1897 2287 1909 2309 ς
1972 2288 1983 2303 ς

344 2310 466 2350 κιας
500 2289 818 2360 ὀπτωμενον
849 2290 889 2325 ²¹
927 2290 1084 2362 ιχθυν
1117 2289 1160 2323 ’ί
1219 2305 1231 2318 ·
1263 2309 1326 2343 το
1356 2308 1456 2364 γαρ
1490 2308 1613 2361 πριν
1647 2285 1851 2361 αλογον
1891 2308 1993 2342 οπο

347 2379 448 2430 τοῦ
507 2374 678 2450 Λόγου
729 2375 1068 2449 πυρούμενον
1123 2382 1224 2445 τῆς
1281 2395 1339 2430 τε
1404 2374 1632 2449 ἀλογίας
1693 2373 1994 2443 ἐξίστασθαι

347 2463 438 2518 καὶ
491 2464 689 2538 βρῶμα
735 2464 921 2538 νοερὸν
954 2468 1049 2519 τοῦ
1097 2463 1280 2539 Λόγου
1311 2466 1641 2539 καθορᾶσθαι
1685 2465 1993 2538 γινόμενον.

344 2556 471 2612 “Et:
504 2551 561 2608 δὲ
588 2554 680 2608 καὶ
718 2558 841 2623 τῶν,
876 2554 1141 2628 γλωσσῶν
1174 2555 1221 2590 ²²
1270 2554 1367 2622 τήν
1401 2553 1562 2627 χάριν
1593 2557 1708 2613 τοῖς
1758 2551 1997 2606 ἀποστό-

346 2642 471 2699 λοις
521 2640 816 2716 διδομένην
861 2649 962 2712 τῆς
1003 2642 1374 2709 ὀιποστολικῆς
1423 2641 1599 2697 αὐτῶν
1649 2640 1995 2718 χειροτονίας

350 2732 574 2806 μηνύειν
605 2733 669 2788 τὸ
717 2735 996 2809 ψήφισμα,
1029 2733 1105 2796 ὡς
1135 2733 1194 2786 ἂν
1227 2732 1318 2787 καὶ
1361 2737 1441 2804 τῷ
1472 2734 1721 2807 σχήματι
1775 2733 1996 2804 μάθοιεν

349 2823 428 2882 ὡς
458 2826 540 2893 τῷ
574 2821 738 2897 Λόγῳ
767 2823 834 2876 τὰ
864 2827 957 2875 τοῦ
1000 2822 1182 2896 Λόγου
1215 2822 1648 2897 ὑπηρετῆσοντες
1679 2819 1997 2892 ἀπήλαυσαν

345 2915 447 2965 τοῦ
495 2912 751 2966 τοιούτου
810 2913 1180 2989 χαρίσματος.
1239 2913 1338 2968 Καὶ
1393 2913 1483 2967 τὸν
1542 2908 1864 2986 Πρόδρομον
1917 2911 1995 2980 δὲ,

349 3001 540 3079 (ρων-ὴν
575 3003 618 3035 ³³
676 3001 887 3076 βοῶσαν
945 3005 1041 3055 τοῦ
1083 3001 1259 3076 Λόγου
1317 3001 1462 3076 παρὰ
1518 3005 1627 3055 τῶν
1689 3001 1846 3076 ἱερῶν
1905 3021 2000 3070 κη-

348 3091 678 3165 ρυττόμενον
728 3089 1093 3166 Γραμμάτων,
1129 3091 1227 3146 οὐκ
1270 3089 1410 3146 ἄλλο
1454 3113 1506 3146 τι
1556 3091 1703 3166 παρᾶ
1731 3091 1796 3146 τὰ
1845 3091 1994 3164 εἰρη-

2104 1930 2282 1985 Verbo
2317 1931 2523 2001 utique
2546 1933 2944 2002 conﬁrmatus,
2981 1937 3177 2002 aperto
3210 1934 3388 2005 piscis
3421 1951 3539 2006 ore,
3571 1937 3745 2004 tollit,

2101 2019 2478 2091 conspicuum
2539 2019 2794 2088 exhibet,
2843 2026 2899 2076 et
2955 2021 3015 2076 in
3075 2022 3333 2078 medium
3393 2025 3745 2095 productum

2103 2124 2322 2162 munus
2355 2112 2418 2162 ut
2447 2114 2859 2178 exsequeretur
2885 2126 3057 2164 suum
3092 2110 3288 2165 efﬁcit.
3320 2112 3375 2166 5.
3401 2113 3557 2168 Idem
3591 2119 3647 2168 et
3675 2130 3746 2169 ex

2102 2214 2168 2256 eo
2206 2198 2525 2270 signiﬁcari
2559 2200 2657 2266 ait,
2689 2201 2842 2270 quod
2877 2201 3128 2256 Verbum
3163 2201 3530 2258 incarnatum
3572 2203 3748 2261 asina

2105 2305 2170 2344 ac
2213 2289 2372 2360 pullo
2426 2288 2704 2344 insederit
2732 2289 2799 2344 ⁸⁸.
2848 2290 2901 2344 6.
2926 2290 3202 2354 Quinimo
3259 2296 3316 2347 et
3345 2308 3412 2347 ex
3443 2292 3540 2349 illo
3571 2293 3748 2365 pisce,

2104 2378 2204 2449 qui
2257 2382 2388 2448 post
2427 2378 2910 2434 resurrectionem
2964 2380 3169 2449 prunis
3223 2380 3536 2451 impositus
3569 2387 3751 2439 torre-

2104 2465 2364 2522 batur”.
2398 2467 2457 2522 ld
2490 2468 2645 2522 enim
2667 2469 2818 2538 quod
2847 2468 3009 2538 prius
3026 2468 3748 2537 eratirrationabile,dum

2105 2571 2139 2610 a
2157 2556 2326 2610 verbo
2344 2555 2503 2610 velut
2525 2557 2597 2610 ab
2617 2557 2748 2628 igne
2770 2560 3166 2624 torretur,non
3192 2557 3749 2616 irrationabilitatem

2106 2644 2297 2700 solum
2341 2643 2626 2709 amittere,
2651 2644 2751 2699 sed
2795 2643 3111 2714 spiritalem
3147 2645 3321 2700 etiam
3353 2645 3524 2701 Verbi
3557 2646 3750 2703 cibum

2107 2732 2412 2787 manifeste
2443 2731 2588 2786 ﬁeri.
2621 2733 2674 2787 7.
2704 2731 3055 2803 Linguarum
3090 2733 3324 2802 insuper
3356 2733 3495 2789 illud
3531 2741 3754 2806 aposto-

2109 2819 2181 2874 lis
2239 2820 2522 2874 donatum
2572 2835 2805 2888 munus,
2857 2820 3001 2874 nihil
3052 2821 3308 2878 indicare
3357 2821 3539 2891 aliud,
3573 2841 3752 2895 quam

2109 2908 2436 2980 apostolicae
2468 2907 2852 2963 ordinationis
2883 2910 3202 2980 decretum,
3226 2915 3287 2966 ut
3315 2911 3539 2968 scilicet
3569 2913 3654 2970 vel
3686 2930 3751 2969 ex

2109 2998 2235 3070 ipsa
2259 2998 2446 3069 ﬁgura
2467 2998 2782 3065 discerent,
2804 3006 3101 3070 propterea
3129 3017 3186 3057 se
3219 2999 3359 3055 illud
3387 3017 3510 3056 esse
3534 3003 3750 3058 donum

2107 3092 2468 3156 consecutos,
2501 3103 2615 3158 quo
2672 3086 2860 3142 verbis
2906 3087 3077 3143 Verbi
3138 3091 3404 3144 mandata
3457 3092 3754 3147 submini-

355 3182 492 3252 μένα
543 3178 770 3250 δηλοῦν,
803 3180 929 3236 ἀλλ’
988 3181 1071 3235 ὃτι
1121 3183 1183 3236 τὸ
1240 3188 1338 3251 τῆς
1390 3179 1621 3257 ἀλογίας
1671 3181 1996 3257 ἀῤῥώστημο

2107 3176 2454 3230 strarent.8.
2492 3180 2908 3230 Praecursorem
2925 3177 3098 3231 etiam
3133 3176 3321 3245 illum,
3357 3194 3533 3234 vocem
3559 3181 3757 3250 utique

353 3270 385 3324 ὁ
433 3268 606 3344 Λόγος
656 3267 1000 3340 ἐπεδήμησεν
1052 3269 1382 3339 ἐξιάσασθαι.
1440 3272 1509 3327 ’Ὀ
1566 3270 1657 3326 καὶ
1699 3269 1789 3325 τὸν
1834 3265 1998 3324 Δαὸὶδ

352 3355 541 3430 λέγειν
601 3375 612 3388 ο
705 3357 1078 3426 Ἑξάπέστειλε
1135 3357 1183 3392 ²⁴
1251 3358 1343 3412 τὸν
1419 3358 1592 3432 Λόγον
1669 3356 1853 3428 αὐτοῦ,
1909 3358 1999 3411 καὶ

351 3445 543 3501 ἰάσατο
578 3445 792 3508 αύτούς.

428 3714 551 3785 [581
611 3713 702 3784 R.]
762 3714 943 3768 Ταῦτα
1008 3712 1101 3782 μὶν
1157 3709 1247 3766 οὖν
1306 3711 1356 3766 ἐν
1417 3715 1532 3772 τοῖς
1592 3709 1711 3766 δυσὶ
1770 3713 2012 3787 πρώτοις

351 3798 716 3874 διεξέρχεται,
811 3801 975 3874 ἀγῶνι
1074 3802 1462 3873 προαγωνιστῇ

350 3888 497 3945 κατὰ
550 3893 656 3943 τῶν
713 3889 980 3961 λεγόντων
1041 3886 1128 3943 διὰ
1184 3892 1345 3944 τοῦτο
1397 3889 1487 3942 τὸν
1547 3890 1670 3943 Υἱὸν
1730 3888 2008 3964 ἄνθρωπον

354 3980 606 4055 γενέσθαι
645 3978 733 4032 καὶ
788 3985 1018 4051 Σωτῆρα
1062 3978 1472 4052 παραγενέσθαι,
1518 3975 1660 4033 διότι
1705 3985 1821 4040 τοῖς
1870 3982 2008 4055 πρὸς

354 4068 629 4122 υἱοθεσίαν
659 4067 1024 4139 καλουμένοις
1060 4069 1149 4122 τὸν
1198 4067 1319 4121 ι”ιὸν
1352 4064 1480 4134 ἔδει,
1513 4065 1660 4121 ἀλλὰ
1711 4068 1788 4140 μὴ
1834 4067 2005 4124 ἄλλον

354 4155 504 4221 τινα,
559 4155 906 4230 καθηγεμόνα
970 4156 1058 4210 καὶ
1127 4155 1506 4223 ἀνακαινιστὴν
1563 4163 1663 4224 τῆς
1738 4157 2008 4219 υἱοθεσίας

350 4246 450 4301 καὶ
482 4248 794 4320 γεγενῆσθαι
826 4246 914 4300 καὶ
950 4243 1332 4316 κηρύττεσθαι.

811 3801 975 3874 ἀγῶνι

1566 3801 2012 3873 νεανιευσάμενος

2106 3266 2443 3321 clamantem
2480 3264 2636 3320 Verbi
2669 3267 2710 3333 ί,
2744 3281 2917 3336 quem
2949 3283 3125 3322 sacrae
3160 3267 3384 3322 Littera:
3418 3269 3755 3338 praedicant,

2108 3357 2255 3412 nihil
2289 3359 2442 3414 aliud
2478 3375 2580 3429 per
2608 3375 2676 3414 ea
2716 3372 2843 3430 quae
2877 3356 3043 3420 dixit,
3077 3355 3348 3423 indicare,
3388 3372 3565 3426 quam
3599 3359 3752 3429 quod

2106 3445 2362 3502 Verbum
2421 3447 2490 3502 ad
2542 3447 2869 3502 curandum
2917 3443 3432 3500 irrationabilitatis
3486 3447 3754 3503 morbum

2106 3540 2436 3595 accesserit.
2475 3540 2590 3595 Hoc
2638 3543 2693 3595 et
2752 3538 3026 3594 Davidem
3073 3536 3264 3607 ipsum
3314 3540 3694 3609 pronuntiare
3738 3558 3750 3595 :

2102 3631 2256 3685 Misit
2294 3630 2520 3685 Verbum
2549 3645 2733 3697 suum,
2757 3631 2807 3684 et
2836 3626 3064 3682 sanavit
3099 3641 3187 3680 eos
3215 3627 3254 3681 ².

2175 3718 2303 3774 Haec
2327 3718 2504 3786 igitur
2521 3718 2750 3772 duobus
2774 3715 2977 3787 primis
3012 3714 3177 3768 libris
3199 3713 3281 3768 sio
3313 3717 3674 3786 exsequitur,
3695 3726 3756 3772 ut

2105 3807 2285 3864 altero
2311 3806 2629 3862 certamine
2650 3801 3334 3876 przelusoriojuveniliter
3356 3804 3538 3872 egerit
3555 3809 3757 3862 contra

2110 3895 2488 3960 adversarios,
2513 3893 2769 3950 dicentes
2793 3911 2804 3948 :
2827 3895 3164 3962 Propterera
3197 3889 3296 3944 Dei
3323 3890 3532 3945 Filium
3565 3891 3755 3946 homi-

2110 4000 2239 4038 nem
2277 3985 2507 4047 factum,
2543 3988 2714 4054 atque
2752 3981 3104 4034 Salvatorem
3151 3979 3472 4044 advenisse,
3509 3995 3573 4035 eo
3605 3980 3762 4052 quod

2116 4073 2174 4128 in
2208 4072 2580 4143 adoptionem
2615 4071 2853 4133 vocatis,
2888 4085 3002 4124 non
3051 4068 3232 4123 alium
3267 4066 3518 4138 aliquem
3559 4072 3766 4139 printer

2115 4160 2309 4232 ipsum
2345 4159 2554 4216 Filium
2580 4163 2869 4230 oporteret
2897 4159 3103 4212 ducem
3121 4157 3764 4228 atqueinstauratorem

2119 4249 2449 4320 adoptionis
2480 4254 2538 4303 et
2567 4264 2714 4313 esse,
2749 4252 2805 4302 et
2826 4246 3125 4318 appellari.

1373 4357 1493 4411 Lib.
1525 4372 1608 4411 ιιι.
1639 4385 1710 4396 —-
1742 4357 1860 4412 Cur
1897 4359 1989 4414 Dei
2020 4358 2196 4414 Filius
2225 4358 2300 4413 sit
2329 4359 2486 4413 homo
2515 4360 2701 4428 factus
2722 4357 2757 4411 ?

432 4469 526 4519 Ἐν
561 4460 617 4517 δὲ
645 4467 726 4536 τῷ
753 4465 798 4538 γ’
847 4465 963 4536 [καὶ
1000 4464 1066 4540 β’]
1114 4463 1268 4538 λόγῳ
1313 4462 1486 4518 αἰτίαν
1523 4463 1712 4538 ὑπέχει
1765 4466 1839 4519 Δι’
1884 4466 1948 4535 ἢν
1983 4467 1996 4519 ἑ

2187 4468 2243 4523 9.
2276 4467 2468 4523 Tertio
2500 4482 2631 4521 vero
2665 4465 2811 4521 libro
2834 4481 3068 4520 causam
3090 4463 3275 4518 reddit
3299 4479 3313 4519 :
3339 4463 3449 4518 Cur
3471 4465 3568 4519 Dei
3588 4465 3766 4522 Filius

352 4553 488 4615 Υἱὸς
517 4553 872 4628 σεσάρκιυται,
913 4557 999 4608 καὶ
1054 4575 1219 4630 φησιν
1250 4553 1326 4614 ὡς
1375 4552 1548 4628 ἐχρῆν
1588 4554 1678 4607 τὸν
1727 4563 2006 4627 Δημιουρ-

351 4641 457 4715 γὸι
514 4643 603 4695 καὶ
646 4641 893 4705 πλάστην
937 4642 1098 4697 αὐτὸν
1148 4641 1238 4697 καὶ
1299 4641 1601 4697 ἀναπλάσαι
1653 4642 1740 4698 καὶ
1787 4643 2009 4698 ἀνακαι-

354 4731 508 4787 νίσαι
568 4727 848 4804 συντριϐεν
923 4736 983 4786 τὸ
1051 4729 1470 4805 δημιούργημα.
1532 4731 1596 4786 Εἰ
1660 4733 1761 4806 γὰρ
1818 4733 1906 4787 καὶ
1981 4734 2008 4788 6

361 4820 558 4892 Πατὴρ
633 4820 890 4882 ὡσαύτως
966 4820 1313 4895 Δημιουργὸς
1375 4820 1464 4872 καὶ
1539 4821 1601 4874 τὸ
1663 4825 1884 4892 Πνεῦμα
1946 4822 2008 4876 τὸ

358 4912 546 4984 ἅγιον,
568 4909 715 4976 πλὴν
745 4908 891 4964 ἀλλά
919 4909 1089 4962 πάντα
1129 4906 1200 4962 δι’
1229 4909 1357 4961 Υἱοῦ
1406 4910 1725 4981 γεγενῆσθαι
1757 4911 1819 4964 τὸ
1869 4909 2011 4984 ἱερὸν

360 5003 611 5073 συνεχῶς
670 4996 1091 5073 ἐπιμαρτύρεται
1145 4998 1395 5072 γράμμα.
1456 4992 1604 5050 Ἔδει
1661 4998 1840 5052 τοίνυν
1920 4999 2011 5054 τὸν

353 5089 771 5163 πλαστουργὸν,
819 5085 1162 5164 διαῤῥυέντος
1217 5090 1314 5141 τοῦ
1373 5084 1717 5158 πλάσματος,
1775 5087 1902 5142 αὐτό
1954 5109 2010 5142 τε

357 5177 440 5240 εἷς
491 5176 678 5231 ὶαυτὸν
723 5172 1010 5231 ἀναλαϐεῖν
1053 5176 1144 5230 καὶ
1193 5176 1466 5229 ἀνασῶσαι
1521 5171 1591 5230 δι’
1635 5173 2007 5238 ἀναπλάσεως.

2124 4559 2280 4613 homo
2309 4558 2531 4626 factus?
2563 4557 2758 4626 Ipsum
2791 4570 2926 4626 ergo
2967 4554 3048 4608 ait
3080 4553 3408 4625 oportuisse
3439 4554 3762 4610 Creatorem

2117 4664 2184 4702 ac
2244 4647 2612 4701 formatorem
2674 4647 3004 4715 corruptam
3064 4648 3392 4698 creaturam
3453 4643 3765 4699 reformare

2119 4739 2291 4806 atque
2324 4735 2619 4789 innovare.
2658 4733 2772 4789 Etsi
2805 4741 2993 4787 autem
3032 4732 3197 4786 Pater
3216 4748 3449 4803 quoque
3479 4733 3603 4804 ipse
3635 4748 3758 4804 per-

2115 4823 2251 4878 inde
2276 4827 2496 4877 creator
2514 4826 2622 4887 est,
2646 4825 2771 4876 utet
2789 4820 3045 4892 Spiritus
3075 4826 3341 4887 sanctus,
3360 4818 3538 4874 nihilo
3563 4823 3760 4875 tamen

2120 4911 2316 4965 minus
2357 4910 2554 4964 omnia
2583 4926 2685 4981 per
2716 4909 2925 4963 Filium
2969 4909 3121 4964 facta
3151 4924 3280 4963 esse
3328 4922 3507 4962 sacras
3537 4907 3763 4962 Littera

2119 5008 2392 5071 perpetuo
2449 4999 2678 5054 docent.
2741 4998 2922 5062 Quare
2987 4997 3398 5070 plasmatorem
3459 4996 3767 5066 oportebat

2117 5088 2340 5160 lapsam
2373 5093 2702 5143 creaturam
2736 5087 2807 5142 ad
2845 5103 2906 5143 se
2938 5088 3213 5160 recipere,
3257 5089 3314 5142 et
3360 5101 3462 5156 per
3491 5083 3765 5142 reforma-

2119 5176 2338 5234 tionem
2388 5191 2636 5233 servare.
2672 5175 2823 5239 Quid
2854 5191 2984 5232 vero
3016 5176 3086 5232 de
3120 5175 3209 5232 his
3254 5190 3436 5231 sacrm
3488 5172 3718 5231 Litterae.
3739 5175 3767 5230 Τ

433 5297 479 5331 ’⁷
511 5295 664 5350 Psal.
691 5311 757 5363 ιι,
787 5295 840 5348 7.
874 5292 922 5329 ⁸⁸
949 5294 1154 5352 Matth.
1189 5311 1307 5364 ni,
1329 5295 1385 5361 7,
1426 5293 1473 5329 ’θ
1491 5293 1659 5350 Joan.
1684 5311 1801 5362 xxx,
1830 5296 1884 5349 5.
1921 5298 1935 5330 ¹
1973 5295 1992 5349 Ι

2117 5311 2209 5364 ιι,
2239 5295 2292 5348 3.
2319 5295 2339 5328 ³
2374 5295 2526 5350 Psal.
2563 5309 2678 5360 CVI,
2708 5293 2800 5346 20.

1730 5410 1960 5466 VARI/1‘3
2001 5409 2415 5466 LEGTIONES.

436 5528 482 5597 "7
507 5525 924 5597 ὶπᾳατέστησεν
957 5530 1002 5581 Α
1047 5543 1059 5580 :
1107 5523 1539 5597 inomréﬂnaev
1568 5523 1650 5597 ς.

362 5599 440 5637 ³0⁵
469 5596 557 5653 ἰπὶ
589 5593 740 5669 ὄνον]
772 5598 976 5654 Matth.
1004 5613 1128 5670 an,
1315 5596 1371 5670 ,³1
1404 5593 1708 5668 ἂπτόμένον

362 5672 489 5743 νῆν]
523 5672 634 5728 Isa.
668 5667 760 5736 xi,
793 5671 846 5725 3.
923 5671 970 5706 ²⁴
999 5667 1171 5741 tecm]
1201 5667 1353 5726 Psal.
1388 5685 1499 5737 cvi,
1530 5667 1619 5725 20.

1766 5525 1808 5598 [⁸
1840 5521 2138 5598 συμϐαλεῖν
2164 5531 2232 5598 Α.

1938 5599 2014 5634 ²ί⁹
2045 5597 2229 5672 ἰχθύν]
2259 5597 2427 5654 Joan.
2459 5612 2578 5664 ιιι,
2608 5597 2661 5651 9.

2345 5525 2389 5560 ¹⁹
2425 5522 2491 5577 τά
2541 5521 2726 5650 Nigra]
2769 5524 2920 5632 issi:
2954 5541 3032 5592 xx,
3077 5525 3130 5582 7.
3246 5524 3291 5558 ²⁰
3323 5523 3648 5631 παραγαγὶξν

2345 5614 2427 5650 ω.
2459 5612 2578 5650 ιιι.
2650 5638 2661 5650 .
2852 5616 2957 5650 των
2991 5595 3110 5650 γλ.]
3159 5599 3281 5650 Act.
3319 5612 3376 5650 II.
3411 5597 3464 5650 3.
3651 5617 3759 5650 ιοω-

2776 5597 2822 5632 ²²
2852 5600 2957 5651 τῶν
2991 5595 3110 5670 γλ.]
3159 5599 3281 5654 Act.
3319 5612 3376 5667 II,
3403 5595 3489 5652 3.6
3551 5595 3622 5631 “²³
3651 5595 3766 5674 φῶ-
