4184 6212
390 387 509 448 739
612 412 615 416 '

1570 386 1837 450 PHOTII
1881 386 2412 451 PATRIARCILE
2452 390 2572 453 ΟΡ.

3671 399 3786 461 740

387 524 607 593 Omnia,
639 525 848 597 inquit,
894 541 999 595 per
1027 526 1205 594 ipsum
1257 528 1407 594 [acta
1445 533 1592 591 sunt,
1633 527 1687 578 et
1732 524 1856 579 sine
1912 525 2021 595 ipso

2138 524 2195 577 Τί
2231 521 2287 578 δὲ
2334 524 2400 579 τὰ
2448 527 2565 603 ἱερᾶ
2610 527 2779 605 Λόγια
2812 548 2827 599 ;
2861 530 3038 585 Πάντα
3070 532 3118 567 ²²
3165 533 3298 611 φησί
3339 532 3412 589 δι’
3452 537 3619 592 αὐτοῦ
3668 538 3792 616 ἐγέ-

381 616 594 684 factum
625 619 702 669 est
730 615 877 669 nihil
906 615 947 669 ⁸.
983 615 1053 668 Et
1087 630 1099 667 :
1132 615 1218 669 Ex
1244 614 1383 683 ipw,
1416 613 1516 677 ait,
1548 629 1645 684 per
1680 616 1863 684 ipsum
1890 619 1941 670 et
1968 617 2029 669 in

383 704 504 774 ipso
533 712 661 757 sunt
700 703 885 757 omnia
916 703 957 756 ³.
993 705 1251 773 Itemque
1285 718 1297 755 :
1346 705 1449 757 Par
1479 718 1637 777 quem
1675 705 1805 771 fecit
1840 711 1890 758 et
1918 719 2030 758 sw-

380 794 508 847 cula
538 791 579 845 ⁵.
614 792 777 847 Certe
807 793 908 863 qui
941 792 1076 847 inde
1108 796 1278 846 natus
1307 797 1395 846 est
1426 797 1657 863 patrum
1692 796 2027 848 nostrorum

379 882 614 943 chorus,
649 897 751 951 per
780 879 989 936 Filium
1022 881 1219 936 omnia
1251 881 1476 937 Patrem
1504 881 1712 951 facere,
1746 881 2029 937 divinitus

376 969 762 1024 tradiderunt.

451 1155 543 1210 Sic
566 1154 666 1210 illa
684 1155 1002 1226 (ιυωειὶοηθ
1016 1155 1340 1226 proﬂigata,
1359 1170 1490 1209 mox
1526 1154 1598 1209 ad
1625 1155 1867 1209 alteram
1890 1152 2028 1207 huic

379 1244 656 1300 adnatam
697 1244 937 1299 accedit.
979 1244 1062 1297 lO.
1097 1242 1329 1309 Quaerit,
1366 1242 1745 1311 Quamobrem,
1770 1258 1892 1295 cum
1914 1257 2028 1296 una

374 1338 538 1405 atque
566 1333 753 1389 eadem
783 1333 1060 1404 efﬁcacia,
1095 1334 1297 1403 gloria,
1316 1335 1560 1403 potentia
1592 1334 1649 1385 in
1677 1335 1874 1386 sancta
1913 1331 2025 1386 Tri-

370 1426 557 1478 nitate
601 1423 985 1479 consideretur
1022 1439 1086 1477 ac
1136 1422 1439 1477 celebretur
1484 1440 1501 1476 :
1535 1426 1800 1492 perpetuo
1842 1426 2025 1475 tamen

376 1528 504 1567 cum
547 1528 706 1566 sacra
753 1512 1065 1589 Scriptura,
1099 1519 1213 1565 tum
1267 1511 1363 1565 SS.
1419 1512 1622 1572 Patres,
1670 1525 1769 1578 per
1816 1507 2026 1563 Filium

374 1605 589 1675 quidem
623 1606 843 1659 Patrem
890 1605 1078 1659 omnia
1125 1602 1318 1673 [ecisw
1347 1603 1652 1672 afﬁrmant,
1683 1617 1791 1655 non
1841 1609 2025 1655 autem

375 1694 584 1749 Filium
630 1710 730 1765 per
772 1695 1035 1748 Patrem?
1081 1694 1240 1747 Adeo
1273 1692 1349 1746 ibi
1395 1692 1601 1747 acriter
1645 1691 1797 1745 hanc
1836 1707 2022 1763 quies-

374 1782 591 1837 tionem
628 1782 787 1837 texit.
825 1782 976 1837 182
1021 1781 1099 1851 (b)
1130 1784 1411 1835 Caeterum
1464 1780 1589 1851 ipsa
1621 1778 1829 1835 solutio
1861 1795 2025 1879 corn—
2055 1812 2102 1879 Β

374 1871 575 1926 munia
608 1887 733 1926 esse
752 1870 1297 1941 dicit,quaacunque
1338 1870 1458 1924 sive
1496 1869 1553 1923 in
1589 1870 1776 1935 Patre,
1809 1868 1929 1922 sive
1960 1867 2018 1922 in

375 1959 517 2015 Filio
567 1959 822 2014 divinam
884 1959 1090 2013 decent
1149 1958 1539 2027 majestatem,
1573 1962 1629 2012 et
1676 1973 1808 2011 vero
1868 1957 2024 2013 Patri

374 2049 549 2103 etiam
608 2047 871 2115 attribui,
911 2062 1272 2117 quaecunque
1313 2047 1383 2101 de
1432 2047 1570 2100 Filio
1613 2045 2023 2115 praedicantur,

373 2137 663 2208 siquidem
716 2138 839 2207 ipse
894 2135 1072 2191 Filius
1105 2152 1217 2190 non
1281 2134 1506 2205 repellit
1556 2135 1778 2189 Patrem
1828 2137 1899 2189 ab
1951 2135 2025 2190 iis

379 2225 674 2296 operibus,
735 2242 859 2296 quas
918 2225 1128 2280 dicitur
1187 2225 1372 2279 facere
1409 2223 1645 2278 Filius:
1709 2224 1849 2294 quin
1914 2240 2025 2278 una

375 2314 571 2385 potius
601 2313 820 2369 inducit
852 2318 1025 2384 atque
1056 2312 1621 2377 collaudat.0uando
1645 2311 1780 2366 item
1818 2312 2025 2367 Dexte-

376 2420 442 2457 ra
488 2404 676 2459 Patris
715 2408 804 2458 est
845 2402 1046 2469 Filius,
1078 2410 1131 2457 et
1165 2401 1467 2456 Brachium
1499 2402 1541 2469 ο,
1574 2406 1632 2456 et
1656 2400 1953 2472 Sapientia
1982 2402 2022 2471 ⁷,

374 2496 431 2546 et
465 2492 740 2559 Verbum,
767 2496 823 2547 et
867 2490 1131 2546 Potentia
1153 2489 1198 2557 ⁸,
1231 2490 1415 2558 Pater,
1448 2489 1594 2544 nihil
1651 2490 1856 2544 borum
1900 2506 2029 2545 esse

380 2578 595 2634 dicitur
625 2579 752 2634 Filii
785 2595 798 2634 :
835 2579 1039 2635 merito
1069 2595 1167 2651 per
1185 2578 1391 2632 Filium
1415 2578 1613 2633 omnia
1645 2577 1827 2633 facere
1858 2579 2030 2633 Pater

380 2667 491 2721 dici
527 2668 712 2738 possit
741 2668 897 2739 (cum
922 2673 977 2722 et
1010 2666 1067 2721 in
1093 2666 1261 2722 nobis
1293 2668 1496 2722 eadem
1531 2671 1799 2722 cernatur
1831 2667 2025 2739 ratio),

409 2772 521 2810 non
564 2772 594 2812 e
626 2757 849 2812 diverso
882 2755 1063 2811 Filius
1096 2771 1197 2827 per
1226 2756 1482 2811 Patrem.

457 2941 634 2996 Aiiert
663 2948 714 2995 et
755 2938 929 2995 aliam
955 2954 1193 2993 causam
1228 2939 1364 3009 (non
1407 2940 1532 3010 jam
1565 2939 1749 2995 allatae
1799 2950 2025 2999 contro-

380 3032 600 3097 versiaz,
637 3031 733 3085 sed
781 3030 1037 3101 proxime
1069 3030 1470 3101 precedentis)
1506 3046 1618 3085 non
1658 3031 1800 3087 satis
1835 3032 2021 3103 illam,

378 3123 441 3173 ut
496 3119 640 3172 mihi
698 3118 943 3184 videtur,
1002 3123 1473 3173 consentaneam.
1532 3121 1752 3174 Asserit
1803 3122 1958 3176 enim
2008 3138 2021 3175 :

378 3206 855 3277 Quandoquidem
880 3174 1075 3261 omnia
1108 3222 1211 3276 per
1236 3205 1439 3260 Filium
1477 3207 1625 3262 facta
1656 3224 1783 3263 esse
2052 3174 2102 3240 Ο

377 3300 491 3363 tur,
528 3294 640 3350 nisi
697 3294 867 3348 etiam
918 3294 1238 3349 incarnatio
1271 3310 1373 3365 per
1416 3294 1577 3350 illum
1624 3298 2019 3367 processisset,

380 3382 651 3439 falsitatis
667 3383 861 3451 utique
879 3387 1222 3449 argumento
1236 3399 1285 3437 m
1307 3383 1455 3438 hanc
1474 3387 1820 3440 sententiam
1839 3387 2019 3442 fuisse

377 3471 664 3528 daturam.
698 3474 769 3525 At
806 3488 918 3526 non
961 3471 1060 3542 qui
1112 3471 1265 3525 dicat
1316 3489 1419 3543 per
1465 3473 1668 3529 Filium
1702 3474 1846 3529 facta
1894 3492 2018 3532 esse

376 3561 591 3627 omnia,
625 3561 817 3631 ipsum
871 3577 1000 3615 mox
1055 3560 1312 3615 omnium
1357 3568 1593 3618 naturas
1648 3562 1901 3619 subiisse
1931 3565 2017 3620 di-

374 3649 557 3715 xerit;
614 3648 795 3703 absit!
845 3648 956 3705 Sed
990 3650 1123 3720 [hoc
1181 3648 1396 3719 solum]
1432 3649 1619 3722 ipsius
1661 3651 1778 3706 hac
1836 3653 2018 3710 fuisse

375 3742 696 3794 creaturas.

444 3829 748 3899 Sapienter
778 3826 986 3883 deinde
1020 3829 1299 3884 mundum
1332 3828 1403 3883 ab
1433 3829 1635 3885 eodem
1669 3834 1928 3887 creatum
1961 3836 2019 3888 et

371 3921 697 3972 recreatum
748 3917 977 3973 asserit.
1039 3919 1460 3989 Argumentum
1516 3917 1665 3973 enim
1726 3919 1833 3974 hoc
1886 3936 2015 3977 esse

370 4005 628 4072 evidens,
662 4022 774 4075 quo
806 4005 902 4073 qui
958 4005 1207 4061 Manetis
1254 4006 1495 4062 insania;
1525 4007 1878 4075 adhaereant,
1921 4027 2015 4065 re-

370 4096 574 4167 dargui
632 4094 875 4167 possint.
913 4099 1055 4150 Nam
1113 4096 1162 4150 si
1218 4097 1397 4168 impia
1428 4096 1525 4152 illa
1564 4098 2014 4156 Manichaeorum

370 4185 559 4251 turba,
576 4201 706 4239 cum
741 4185 812 4240 ab
826 4186 1027 4240 eodem
1050 4190 1366 4256 utrumque
1378 4202 1540 4241 sacra
1563 4187 1866 4259 Scriptura
1887 4206 2017 4260 per-

371 4275 585 4329 fectum
620 4275 852 4340 clamat,
886 4279 1080 4330 tamen
1131 4275 1384 4330 universi
1413 4276 1710 4347 opificium
1745 4277 1871 4332 Filii
1904 4280 2014 4334 ad-

371 4362 626 4417 versario
658 4363 852 4419 nescio
891 4363 981 4419 cui
1014 4363 1278 4419 attribuit
1309 4381 1321 4418 :
1356 4364 1426 4419 ad
1459 4381 1585 4435 quas
1631 4382 1744 4421 non
1796 4367 2013 4438 [putas]

2138 634 2279 685 νετο,
2337 617 2426 670 καὶ
2493 620 2669 693 χωρίς
2724 618 2888 674 αὐτοῦ
2946 619 3156 696 ἐγένετο
3214 621 3388 693 οὐδὲν,
3443 630 3556 697 καί,
3626 629 3709 698 Ἐξ
3743 630 3789 665 ²⁶

2138 705 2327 773 αὐτοῦ,
2381 709 2535 780 φησί,
2575 709 2665 763 καὶ
2715 707 2785 763 δι’
2834 710 3023 779 αὐτοῦ,
3075 713 3165 766 καὶ
3216 713 3290 776 εἷς
3331 717 3488 771 αὐτὸν
3537 719 3605 773 τὰ
3664 720 3791 774 πάν-

2138 816 2223 863 τα,
2255 796 2345 848 καὶ
2379 801 2458 849 Δι’
2492 798 2553 851 οὗ
2596 798 2640 831 ’⁷
2670 800 2798 861 τοὺς
2848 799 3044 862 αἶ’ὦνας
3084 800 3330 873 ἐποίησε.
3364 807 3470 862 Ναὶ
3518 805 3583 878 δὴ
3618 811 3708 865 καὶ
3758 812 3788 865 6

2138 884 2336 939 ἐκεῖθεν
2364 886 2513 963 φυείς
2554 892 2661 941 τῶν
2708 888 2953 964 πατέρων
3002 892 3162 963 ἡμῶν
3196 896 3366 968 χορὸς
3398 893 3487 950 διὰ
3529 903 3626 952 τοῦ
3659 898 3785 955 Υἱοῦ

2136 973 2202 1026 τὰ
2265 974 2441 1029 πάντα
2496 975 2589 1030 τὸν
2647 978 2858 1053 Πατέρα
2915 978 3167 1054 πράττειν
3237 984 3552 1060 θεοπρεπῶς
3610 986 3788 1043 ἀνεδί-

2137 1058 2308 1132 δαξεν.

2207 1153 2364 1209 Οὕτω
2414 1156 2513 1224 τὴν
2570 1154 2723 1210 λύσιν
2783 1157 2884 1223 τῆς
2941 1162 3310 1232 προκειμένης
3355 1163 3594 1229 ἀποδοὺς
3648 1168 3783 1225 άποο

2136 1241 2279 1314 ρίας,
2330 1241 2411 1320 ἐφ’
2462 1242 2645 1317 ἑτέραν
2702 1248 2980 1323 φυομένην
3038 1249 3087 1323 ἐξ
3139 1248 3306 1320 αὐτῆς
3358 1249 3645 1326 διαϐαίνει,
3695 1260 3783 1313 καί

2139 1336 2309 1401 ζητεῖ,
2372 1332 2467 1388 Διά
2522 1333 2575 1387 τί
2634 1340 2760 1405 μιᾶς
2816 1336 2905 1390 καὶ
2970 1344 3071 1407 τῆς
3128 1339 3295 1409 αὐτῆς
3365 1340 3634 1419 ἐνεργείας
3694 1349 3784 1402 καὶ

2137 1417 2297 1491 δόξης
2361 1421 2453 1476 καὶ
2522 1422 2712 1497 ἰσχύος
2796 1424 2883 1478 ἐπὶ
2947 1433 3048 1495 τῆς
3122 1428 3280 1505 ἁγίας
3338 1417 3574 1505 Τριάδος
3648 1437 3786 1491 θεω-

2138 1508 2407 1584 ρουμένης
2480 1512 2569 1566 καὶ
2646 1512 2994 1587 ὑμνουμένης
3068 1523 3318 1593 συνεχῶς
3377 1522 3466 1575 καὶ
3540 1525 3609 1578 τά
3677 1528 3785 1581 Δό-

2132 1620 2223 1674 για
2280 1600 2368 1652 καί
2429 1601 2479 1653 oi
2542 1600 2773 1671 Πατέρες
2826 1600 2913 1657 διὰ
2972 1604 3069 1677 μὲν
3108 1612 3204 1660 τοῦ
3254 1610 3383 1663 Υὶοῦ
3429 1610 3524 1665 τὸν
3574 1615 3786 1689 Πατέρα

2134 1689 2308 1743 πάντα
2375 1691 2727 1760 πεποιηκέναι
2800 1694 2982 1771 φασὶν,
3043 1696 3107 1750 οὐ
3170 1699 3278 1768 μὴν
3352 1700 3442 1753 τὸν
3503 1702 3625 1756 Υἱον
3695 1701 3787 1759 διὰ

2134 1781 2230 1865 τοῦ
2295 1777 2528 1853 Πατρός.
2580 1781 2694 1847 Τὴν
2750 1782 2845 1853 μὲν
2906 1781 2999 1838 οὖν
3054 1784 3282 1858 ἀπορίαν
3341 1787 3483 1843 οὕτω
3543 1787 3785 1865 δριμέως

2134 1861 2434 1955 διαπλέκει,
2484 1870 2517 1936 ἡ
2573 1865 2630 1922 δὲ
2680 1867 2833 1931 λύσις
2873 1872 3024 1944 αὐτῷ
3072 1874 3229 1930 κοινὰ
3280 1876 3373 1948 μὲν
3420 1861 3786 1955 εἶναι-λέγει,

2133 1948 2231 2008 ὅσα
2289 1958 2589 2027 θεοπρεπῆ,
2627 1958 2835 2031 Πατρός
2884 1981 2939 2015 τε
2990 1963 3076 2016 καὶ
3130 1964 3283 2035 Υἱοῦ,
3328 1965 3413 2020 ἐπὶ
3466 1968 3649 2041 μέντοι
3689 1973 3785 2026 τὸν

2137 2042 2346 2118 Πατέρα
2402 2044 2685 2118 ἀνάγεσθαι
2744 2048 2832 2102 καὶ
2888 2047 2987 2103 ὅσα
3044 2048 3256 2127 λέγεται
3303 2057 3425 2131 περὶ
3482 2059 3580 2111 τοῦ
3631 2062 3784 2129 Υῖοῦ,

2136 2131 2284 2207 εἴπερ
2338 2133 2426 2186 καὶ
2476 2134 2635 2194 αὐτὸς
2682 2136 2709 2188 6
2760 2136 2882 2199 Υἱος
2927 2155 2939 2167 ⁸
3003 2138 3196 2193 οὐκοῦν
3247 2141 3346 2196 οὐκ
3392 2142 3632 2216 ἐξίστησι
3674 2153 3781 2203 τῶν

2135 2216 2303 2295 ἔργων
2343 2222 2433 2275 τὸν
2481 2224 2713 2293 Πατέρα,
2745 2223 2776 2277 ἃ
2828 2223 3039 2302 λέγεται
3088 2230 3343 2302 πράττειν
3376 2233 3403 2286 6
3456 2235 3599 2303 Υἱὸς,
3649 2258 3780 2293 συν-

2135 2312 2332 2385 εισάγει
2384 2308 2441 2365 δὲ
2478 2313 2520 2347 ⁸⁸
2580 2311 2792 2384 μᾶλλον
2851 2316 2940 2369 καὶ
2982 2326 3323 2391 συνανυμνεῖ.
3382 2324 3499 2377 ’Έτι
3550 2322 3606 2380 δὲ
3664 2327 3784 2383 ἐπεὶ

2137 2396 2281 2492 δεξιὰ
2308 2404 2409 2453 τοῦ
2444 2401 2650 2492 Πατρός
2682 2402 2710 2456 6
2742 2404 2890 2492 Υἱὸς,
2918 2406 3007 2459 καὶ
3041 2407 3316 2482 Βραχίων,
3347 2410 3436 2465 καὶ
3474 2414 3670 2492 Σοφία,
3694 2416 3785 2470 καὶ

2138 2489 2329 2563 Λόγος,
2379 2488 2467 2542 καὶ
2519 2490 2756 2562 Δύναμις
2790 2510 2803 2524 ·
2833 2490 2921 2547 ὁδὶ
2964 2496 3147 2568 Πατὴρ
3198 2497 3404 2553 τούτων
3443 2488 3599 2557 οὐδέν
3649 2504 3784 2560 εἶναι

2139 2575 2348 2649 λέγεται
2392 2582 2490 2632 τοῦ
2540 2579 2688 2649 ι’ἱοῦ,
2722 2581 2946 2643 εἰκότως
2992 2580 3081 2637 διὰ
3133 2587 3229 2656 μὶν
3268 2592 3363 2641 τοῦ
3412 2590 3563 2660 Υίοῦ,
3606 2595 3784 2648 πάντα

2136 2672 2313 2721 ποιεῖν
2356 2667 2383 2720 6
2418 2668 2603 2740 Πατὴρ
2651 2668 2842 2741 ῥηθείη
2877 2669 2963 2738 ἂν,
2997 2671 3110 2728 ἐπεὶ
3145 2675 3233 2728 καὶ
3267 2675 3349 2754 ἐφ’
3377 2680 3539 2749 ἡμῶν
3573 2683 3607 2749 ἡ
3640 2683 3779 2751 αὐτή

2139 2757 2418 2828 θεωρεῖται
2472 2757 2640 2827 τάξις,
2699 2757 2760 2812 οὐ
2821 2760 2928 2832 μὴν
2975 2761 3242 2818 ἀνάπαλιν
3292 2766 3319 2820 6
3368 2768 3493 2830 Υἱὸς
3543 2767 3631 2824 διὰ
3685 2776 3782 2826 τοῦ

2142 2844 2374 2918 Πατρός.

2212 2934 2427 3008 Ἐπάγει
2468 2932 2525 2989 δὲ
2572 2934 2661 2990 καὶ
2693 2938 2875 3010 ἑτέραν
2924 2938 3120 3010 αἰτιαν,
3153 2942 3215 2996 οὗ
3262 2949 3361 3013 τῆς
3411 2949 3502 2999 νῦν
3549 2945 3778 3021 εἴρημὲ-

2132 3045 2227 3093 νης
2260 3024 2511 3096 ἀπορίας,
2542 3030 2642 3094 τῆς
2673 3023 2730 3080 δὲ
2777 3028 2881 3102 πρὸ
2918 3028 3175 3104 βραχέος,
3217 3033 3317 3086 οὐκ
3349 3033 3472 3107 ἐμοὶ
3517 3033 3779 3091 δοκοῦσαν

2130 3115 2192 3168 τὸ
2224 3113 2527 3169 ἀκόλουθον
2576 3116 2784 3185 σώζειν.
2832 3116 2992 3190 Λέγει
3038 3120 3143 3193 γὰρ
3185 3120 3259 3181 ὡς
3308 3121 3423 3177 ἐπεὶ
3473 3126 3645 3178 πάντα
3693 3124 3783 3181 διὰ

2128 3207 2226 3256 τοῦ
2271 3204 2402 3256 Tibi}
2448 3207 2764 3280 γεγενῆσθαι
2813 3204 3052 3282 λέγεται,
3095 3208 3140 3263 εἶ
3177 3213 3254 3281 μῆ
3299 3212 3388 3265 καὶ
3420 3214 3454 3281 ἡ
3508 3214 3780 3287 σάρκωσις

2129 3289 2200 3378 δι’
2241 3291 2405 3345 αὐτοῦ
2436 3291 2701 3367 προῆλθε,
2735 3292 2964 3368 ψεύδους
3014 3295 3074 3351 ἂν
3119 3298 3147 3351 6
3180 3300 3353 3372 Λόγος
3394 3295 3629 3378 ἔλεγχον
3674 3303 3783 3358 ἐδί-

2129 3377 2243 3434 δου.
2279 3379 2355 3437 Οὐ
2404 3382 2508 3456 γὰρ
2542 3379 2758 3437 ἐπειδᾶν
2809 3381 2940 3458 λέγῃ
2990 3382 3077 3439 διὰ
3125 3390 3220 3442 τοῦ
3270 3389 3397 3442 Υίοῦ
3448 3395 3809 3465 γεγενῆσθαι-

2127 3469 2322 3535 πάντα,
2358 3469 2517 3524 αὐτὸν
2564 3471 2663 3538 τήν
2712 3472 2930 3526 ἒκείνων
2981 3473 3136 3549 φύσιν
3188 3474 3520 3551 ὑποδραμεῖν
3568 3478 3723 3557 λέγοι
3762 3498 3776 3513 ⁶

2129 3560 2206 3629 μὴ
2254 3560 2468 3634 γένοιτο
2519 3578 2532 3591 °
2582 3558 2711 3615 ἀλλ’
2751 3559 2834 3615 ὅτι
2879 3561 3043 3617 αὐτοῦ
3092 3561 3558 3641 δημιουργὴματα
3604 3571 3777 3644 γέγο-

2126 3668 2231 3702 νεν.

2196 3827 2332 3882 Εἶτα
2362 3832 2544 3905 σοφῶς
2595 3826 2651 3884 δὲ
2697 3831 2796 3900 τήν
2844 3851 2901 3885 τε
2951 3828 3319 3909 δημιουργίαν
3367 3834 3456 3887 καὶ
3499 3835 3595 3903 την
3635 3834 3774 3887 ἀνά-

2125 3914 2325 3971 πλασιν
2359 3913 2428 3970 δι’
2459 3916 2623 3972 αὐτοῦ
2653 3918 2786 3996 φησὶ
2836 3918 3122 3992 προελθεῖν
3152 3941 3165 3955 ·
3218 3918 3449 3996 ἔλεγχον
3479 3924 3578 3999 γὰρ
3634 3923 3774 3977 εἶναι

2122 4008 2315 4058 τοῦτον
2364 4005 2410 4039 ¹⁹
2459 4011 2599 4079 σαφῆ
2656 4009 2763 4060 τῶν
2824 4006 2928 4060 ἀπὸ
2977 4013 3076 4075 τῆς
3140 4008 3187 4044 ³⁰
3232 4008 3504 4072 Μανέντος
3556 4009 3775 4080 μανίας.

2126 4092 2185 4147 Εἰ
2236 4094 2336 4167 γὰρ
2392 4094 2477 4147 καὶ
2536 4092 2605 4147 δι’
2659 4093 2824 4148 αὐτοῦ
2892 4096 3141 4171 ἑκάτερον
3200 4103 3300 4165 τῆς
3350 4099 3495 4169 ἱερᾶς
3559 4102 3778 4175 Γραφῆς

2124 4185 2444 4257 γεγενῆσθαι
2500 4184 2719 4256 βοώσης
2766 4185 2922 4256 ὅμως
2963 4187 3064 4255 τὴν
3109 4189 3205 4240 τοῦ
3254 4187 3449 4247 παντὸς
3501 4183 3773 4262 δημιουρο

2124 4270 2244 4343 γίαν
2302 4271 2378 4333 είς
2437 4272 2800 4346 ἀντικείμενόν
2860 4295 2981 4328 τινα
3046 4279 3126 4345 τῷ
3206 4276 3315 4347 Υἱῷ
3380 4275 3441 4329 τὸ
3515 4273 3774 4337 δυσσεϐὲς

2125 4360 2295 4415 ἐκεῖνο
2345 4365 2533 4439 στῖφος
2578 4360 2923 4438 ἀναφέρουσι,
2975 4363 3111 4438 πρὸς
3169 4363 3288 4417 τίνα
3344 4362 3405 4417 ἂν
3458 4361 3770 4441 δυσφημίαν

374 4449 685 4506 maledicta
715 4452 1140 4525 confugissent,
1174 4452 1224 4508 si
1270 4453 1341 4507 ab
1381 4453 1562 4509 altero
1594 4455 1807 4511 factum
1843 4472 2013 4511 mun-

2134 4450 2223 4507 οὐκ
2289 4451 2523 4522 ἤλασαν,
2597 4450 2642 4506 εἰ
2703 4449 2770 4505 δι’
2847 4452 3032 4527 ἑτέρου
3094 4453 3189 4526 μὶν
3266 4455 3367 4523 τήν
3434 4453 3633 4508 πλάσιν
3703 4452 3774 4509 δι’

367 4540 529 4607 dum,
564 4540 634 4594 ab
691 4539 869 4596 altero
929 4541 1204 4599 refectum
1248 4557 1425 4598 sacras
1481 4542 1710 4598 Litteras
1753 4560 2011 4615 pronun-

367 4630 619 4684 tiassent
640 4628 669 4684 ?

437 4715 523 4774 Ad
572 4734 639 4773 ea
685 4735 813 4791 quae
872 4721 1043 4775 modo
1077 4720 1382 4776 retulimus
1414 4722 1601 4792 capita
1632 4723 2009 4780 undecimum

369 4807 518 4862 illud
545 4807 765 4877 adjicit.
798 4807 963 4873 Cum,
997 4809 1187 4879 inquit
1215 4808 1442 4875 Jobius,
1475 4810 1767 4881 Scriptura
1800 4812 2008 4869 Filium

366 4915 467 4969 per
488 4898 886 4954 excellentiam
908 4900 1225 4969 quamdam
1250 4900 1573 4955 Creatorem
1588 4916 1790 4956 vocare
1805 4903 2007 4973 soleat,

354 4988 516 5056 justa
549 4987 726 5043 simul
785 4987 1215 5057 distributione,
1247 4992 1305 5043 et
1340 5005 1407 5044 ex
1439 4991 1819 5060 consequenti
1876 5008 2008 5048 cum

353 5075 683 5145 judicandi,
720 5084 841 5131 tum
902 5078 1058 5149 leges
1104 5076 1323 5133 ferendi
1374 5082 1707 5148 potestatem
1739 5079 2006 5150 privatim

356 5163 472 5234 ipsi
514 5166 793 5233 decernit,
825 5183 890 5221 ac
939 5166 1122 5223 multo
1154 5167 1329 5223 etiam
1372 5167 1561 5239 magis
1601 5170 1854 5239 (quando
1886 5170 2008 5227 hac

357 5253 680 5308 deformata
710 5259 855 5324 erat)
886 5260 1163 5312 creaturae
1196 5257 1542 5313 renovandae
1575 5257 1931 5315 facultatem.

2122 4541 2306 4613 ἒτέρου
2357 4537 2413 4594 δὲ
2450 4540 2549 4608 τήν
2600 4539 2899 4595 ἀνάπλασιν
2947 4542 3015 4596 τά
3056 4542 3176 4617 ἱερὰ
3227 4545 3361 4615 ἡμῖν
3415 4541 3771 4618 ἐχρησμῴδει

2122 4629 2296 4703 Λόγια
2322 4651 2336 4699 ;

2190 4718 2314 4773 Ἐπὶ
2375 4715 2433 4773 δὶ
2482 4724 2599 4780 τοῖς
2651 4720 2961 4793 εἰρημένοις
3018 4719 3336 4798 κεφαλαίοις
3382 4726 3625 4776 ποιεῖται
3680 4722 3767 4791 ια’,

2120 4808 2193 4869 ὡς
2226 4808 2353 4881 [584-
2387 4810 2475 4880 R.]
2508 4810 2751 4877 συνήθως
2784 4810 2818 4877 ἡ
2851 4810 3038 4886 Γραφή
3058 4814 3174 4864 κατ’
3206 4808 3473 4881 ἐξαίρετον
3496 4818 3770 4883 Δημιουρ·

2117 4897 2214 4971 γὸν
2271 4896 2515 4952 καλοῦσα
2568 4898 2661 4952 τὸν
2720 4896 2842 4951 Υίὸν
2900 4897 3270 4971 οἲκονομικῶς
3327 4899 3475 4970 αὐτῷ
3520 4898 3657 4953 κατὰ
3707 4900 3769 4953 τὸ

2116 4983 2415 5041 ἀκόλουθον
2448 4987 2537 5041 καὶ
2566 4987 2666 5054 τήν
2697 4985 2872 5060 κρίσιν
2920 4987 3011 5040 καὶ
3040 4988 3141 5055 τήν
3190 4986 3509 5059 νομοθεσίαν
3552 4985 3770 5061 ἐξαιρεῖ,

2117 5074 2316 5148 πολλῷ
2375 5073 2433 5131 δὲ
2494 5074 2707 5150 μᾶλλον
2764 5076 2854 5129 καὶ
2911 5078 3012 5145 τὴν
3067 5075 3207 5147 (ἐπεὶ
3286 5070 3605 5149 συνετρίϐη)
3669 5081 3770 5131 τοῦ

2115 5164 2437 5239 πλάσματος
2486 5165 2799 5223 ἀνανέωσιν.
2855 5169 3221 5241 Δημιουργοῦ
3262 5166 3359 5238 μὲν
3411 5165 3515 5239 γὰρ
3570 5161 3769 5219 εἰδέναι

2113 5257 2211 5323 τήν
2248 5255 2428 5332 φύσιν,
2459 5253 2641 5311 εἰδότα
2671 5252 2731 5311 δὲ
2760 5256 2896 5312 κατᾶ
2944 5254 3114 5331 λόγον
3145 5258 3252 5311 τῶν
3297 5251 3612 5333 δεχομένων
3640 5254 3768 5313 τοὺς

433 5360 455 5394 ⁸
508 5361 674 5435 Joan.
736 5379 775 5430 ι,
807 5363 860 5420 3.
900 5363 922 5397 ⁴
979 5366 1144 5419 Rom.
1196 5381 1257 5431 ιι,
1293 5365 1428 5420 36.⁸
1472 5365 1643 5423 Hebr.
1688 5384 1725 5434 ι,
1766 5368 1820 5423 2.
1853 5366 1876 5400 ⁶
1932 5371 2021 5422 Ps:

2134 5382 2289 5435 mu,
2326 5366 2380 5419 3.
2413 5364 2434 5398 ⁷
2494 5366 2674 5422 lCor.
2719 5384 2759 5433 1,
2799 5368 2890 5424 24.
2921 5367 2941 5401 ³
2993 5366 3162 5423 Joan.
3197 5382 3235 5435 ι,
3294 5365 3318 5419 1
3372 5378 3579 5434 seqq.;
3613 5362 3770 5418 Psal.

360 5448 537 5499 xxxu,
568 5432 623 5488 8.

1712 5544 1954 5601 VARIE
1996 5543 2403 5601 LECTIONES.

428 5644 473 5680 ³⁸
504 5644 704 5717 πάντα]
750 5646 919 5703 Joan.
956 5665 993 5713 1,
1028 5650 1080 5706 3.

1194 5648 1239 5684 ιδ
1279 5646 1352 5720 ιε]
1403 5652 1568 5707 Rom.
1620 5666 1697 5719 χι,
1735 5651 1826 5706 36.

355 5717 401 5752 ⁸ο
430 5718 528 5780 τῆς
562 5733 678 5773 om.
714 5722 776 5773 A.

1942 5649 1988 5684 ³⁷
2019 5644 2090 5703 δι’
2138 5648 2224 5722 οὗ]
2258 5651 2428 5706 Hebr.
2483 5669 2523 5719 ι,
2552 5653 2609 5705 2.

3431 5647 3477 5681 ”
3503 5646 3667 5700 τοῦτο
3698 5650 3761 5701 Α.

2724 5647 3319 5722 ²⁸δὶΑεδὶκαὶς.
