  <div class='ocr_page' id='page_1' title='image "/cluster/home/n/w/nwhite01/storage/ocr_20150623/103/hvd.32044054112495/390.png"; bbox 0 0 4184 6212; ppageno 0'>
   <div class='ocr_carea' id='block_1_1' title="bbox 330 399 442 460">
    <p class='ocr_par' dir='ltr' id='par_1_1' title="bbox 330 399 442 460">
     <span class='ocr_line' id='line_1_1' title="bbox 330 399 442 460; baseline 0 -1"><span class='ocrx_word' id='word_1_1' title='bbox 330 399 442 460; x_wconf 71' lang='grc'>741</span> 
     </span>
    </p>
   </div>
   <div class='ocr_carea' id='block_1_2' title="bbox 1415 401 2624 466">
    <p class='ocr_par' dir='ltr' id='par_1_2' title="bbox 1415 401 2624 466">
     <span class='ocr_line' id='line_1_2' title="bbox 1415 401 2624 466; baseline 0.002 -4"><span class='ocrx_word' id='word_1_2' title='bbox 1415 401 1952 466; x_wconf 82' lang='lat' dir='ltr'>BlBLlOTHECA.</span> <span class='ocrx_word' id='word_1_3' title='bbox 2001 439 2076 450; x_wconf 90' lang='lat'><strong><em>—</em></strong></span> <span class='ocrx_word' id='word_1_4' title='bbox 2121 405 2296 466; x_wconf 91' lang='lat' dir='ltr'>COD.</span> <span class='ocrx_word' id='word_1_5' title='bbox 2343 404 2624 465; x_wconf 80' lang='lat' dir='ltr'>CCXXII.</span> 
     </span>
    </p>
   </div>
   <div class='ocr_carea' id='block_1_3' title="bbox 3529 393 3731 466">
    <p class='ocr_par' dir='ltr' id='par_1_3' title="bbox 3529 393 3731 466">
     <span class='ocr_line' id='line_1_3' title="bbox 3529 393 3731 466; baseline 0 0"><span class='ocrx_word' id='word_1_6' title='bbox 3529 393 3540 404; x_wconf 87' lang='lat'>&#39;</span> <span class='ocrx_word' id='word_1_7' title='bbox 3619 407 3731 466; x_wconf 75' lang='lat'>749.</span> 
     </span>
    </p>
   </div>
   <div class='ocr_carea' id='block_1_4' title="bbox 322 529 1992 614">
    <p class='ocr_par' dir='ltr' id='par_1_4' title="bbox 322 529 1976 614">
     <span class='ocr_line' id='line_1_4' title="bbox 322 529 1976 614; baseline 0.001 -29"><span class='ocrx_word' id='word_1_8' title='bbox 322 531 527 606; x_wconf 81' lang='grc' dir='ltr'>νόμους</span> <span class='ocrx_word' id='word_1_9' title='bbox 577 530 866 608; x_wconf 77' lang='grc' dir='ltr'>εἰσφέρειν,</span> <span class='ocrx_word' id='word_1_10' title='bbox 896 529 1199 605; x_wconf 73' lang='grc' dir='ltr'>νομοθέτου</span> <span class='ocrx_word' id='word_1_11' title='bbox 1241 529 1297 586; x_wconf 74' lang='grc' dir='ltr'>δὲ</span> <span class='ocrx_word' id='word_1_12' title='bbox 1334 533 1423 587; x_wconf 78' lang='grc' dir='ltr'>καὶ</span> <span class='ocrx_word' id='word_1_13' title='bbox 1464 536 1562 604; x_wconf 81' lang='grc' dir='ltr'>τήν</span> <span class='ocrx_word' id='word_1_14' title='bbox 1614 536 1788 609; x_wconf 78' lang='grc' dir='ltr'>κρίσιν</span> <span class='ocrx_word' id='word_1_15' title='bbox 1826 533 1976 614; x_wconf 77' lang='grc' dir='ltr'>ἔχειν</span> 
     </span>
    </p>
   </div>
   <div class='ocr_carea' id='block_1_5' title="bbox 2103 529 3736 614">
    <p class='ocr_par' dir='ltr' id='par_1_5' title="bbox 2103 537 3736 608">
     <span class='ocr_line' id='line_1_5' title="bbox 2103 537 3736 608; baseline 0.001 -13"><span class='ocrx_word' id='word_1_16' title='bbox 2103 537 2419 595; x_wconf 75' lang='lat' dir='ltr'>Conditoris</span> <span class='ocrx_word' id='word_1_17' title='bbox 2466 537 2680 593; x_wconf 87' lang='lat' dir='ltr'>etenim</span> <span class='ocrx_word' id='word_1_18' title='bbox 2731 541 2816 593; x_wconf 81' lang='lat' dir='ltr'>est</span> <span class='ocrx_word' id='word_1_19' title='bbox 2847 541 3166 594; x_wconf 80' lang='lat' dir='ltr'>creaturam</span> <span class='ocrx_word' id='word_1_20' title='bbox 3199 554 3390 608; x_wconf 88' lang='lat' dir='ltr'>nosse,</span> <span class='ocrx_word' id='word_1_21' title='bbox 3411 543 3467 596; x_wconf 89' lang='lat' dir='ltr'>et</span> <span class='ocrx_word' id='word_1_22' title='bbox 3499 539 3596 596; x_wconf 90' lang='lat' dir='ltr'>ubi</span> <span class='ocrx_word' id='word_1_23' title='bbox 3627 557 3736 597; x_wconf 87' lang='lat' dir='ltr'>nn-</span> 
     </span>
    </p>
   </div>
   <div class='ocr_carea' id='block_1_6' title="bbox 321 620 1974 697">
    <p class='ocr_par' dir='ltr' id='par_1_6' title="bbox 321 620 1974 697">
     <span class='ocr_line' id='line_1_6' title="bbox 321 620 1974 697; baseline 0.001 -16"><span class='ocrx_word' id='word_1_24' title='bbox 321 631 432 682; x_wconf 84' lang='grc' dir='ltr'>τῶν</span> <span class='ocrx_word' id='word_1_25' title='bbox 459 646 518 679; x_wconf 91' lang='grc' dir='ltr'>τε</span> <span class='ocrx_word' id='word_1_26' title='bbox 557 625 602 661; x_wconf 79' lang='grc'>³¹</span> <span class='ocrx_word' id='word_1_27' title='bbox 645 624 772 684; x_wconf 77' lang='grc' dir='ltr'>τοὺς</span> <span class='ocrx_word' id='word_1_28' title='bbox 803 621 1006 694; x_wconf 89' lang='grc' dir='ltr'>νόμους</span> <span class='ocrx_word' id='word_1_29' title='bbox 1040 620 1406 697; x_wconf 81' lang='grc' dir='ltr'>ὑπεριδόντων</span> <span class='ocrx_word' id='word_1_30' title='bbox 1439 625 1525 678; x_wconf 79' lang='grc' dir='ltr'>καὶ</span> <span class='ocrx_word' id='word_1_31' title='bbox 1562 626 1680 680; x_wconf 76' lang='grc' dir='ltr'>ὅσοι</span> <span class='ocrx_word' id='word_1_32' title='bbox 1709 629 1824 680; x_wconf 85' lang='grc' dir='ltr'>κατ’</span> <span class='ocrx_word' id='word_1_33' title='bbox 1875 626 1974 682; x_wconf 81' lang='grc' dir='ltr'>αὖ·</span> 
     </span>
    </p>
   </div>
   <div class='ocr_carea' id='block_1_7' title="bbox 323 711 1972 792">
    <p class='ocr_par' dir='ltr' id='par_1_7' title="bbox 323 711 1972 792">
     <span class='ocr_line' id='line_1_7' title="bbox 323 711 1972 792; baseline 0 -21"><span class='ocrx_word' id='word_1_34' title='bbox 323 717 452 776; x_wconf 81' lang='grc' dir='ltr'>τοὺς</span> <span class='ocrx_word' id='word_1_35' title='bbox 491 711 937 768; x_wconf 73' lang='grc' dir='ltr'>ἔπολιτεύσαντο.</span> <span class='ocrx_word' id='word_1_36' title='bbox 972 712 1066 766; x_wconf 81' lang='grc' dir='ltr'>Διὸ</span> <span class='ocrx_word' id='word_1_37' title='bbox 1105 714 1194 765; x_wconf 81' lang='grc' dir='ltr'>καὶ</span> <span class='ocrx_word' id='word_1_38' title='bbox 1227 713 1253 766; x_wconf 99' lang='lat'>6</span> <span class='ocrx_word' id='word_1_39' title='bbox 1299 715 1482 786; x_wconf 78' lang='grc' dir='ltr'>Πατὴρ</span> <span class='ocrx_word' id='word_1_40' title='bbox 1513 713 1559 749; x_wconf 81' lang='grc'>³³</span> <span class='ocrx_word' id='word_1_41' title='bbox 1591 717 1745 792; x_wconf 69' lang='grc' dir='ltr'>φησί,</span> <span class='ocrx_word' id='word_1_42' title='bbox 1803 715 1972 790; x_wconf 82' lang='grc' dir='ltr'>κρίνει</span> 
     </span>
    </p>
   </div>
   <div class='ocr_carea' id='block_1_8' title="bbox 331 798 1975 877">
    <p class='ocr_par' dir='ltr' id='par_1_8' title="bbox 331 798 1975 877">
     <span class='ocr_line' id='line_1_8' title="bbox 331 798 1975 877; baseline 0 -19"><span class='ocrx_word' id='word_1_43' title='bbox 331 801 550 870; x_wconf 74' lang='grc' dir='ltr'>οὒδὲνα,</span> <span class='ocrx_word' id='word_1_44' title='bbox 609 800 754 856; x_wconf 83' lang='grc' dir='ltr'>ἀλλὰ</span> <span class='ocrx_word' id='word_1_45' title='bbox 799 801 899 867; x_wconf 83' lang='grc' dir='ltr'>τήν</span> <span class='ocrx_word' id='word_1_46' title='bbox 959 801 1136 876; x_wconf 83' lang='grc' dir='ltr'>κρίσιν</span> <span class='ocrx_word' id='word_1_47' title='bbox 1195 805 1369 856; x_wconf 83' lang='grc' dir='ltr'>πᾶσαν</span> <span class='ocrx_word' id='word_1_48' title='bbox 1427 798 1630 857; x_wconf 71' lang='grc' dir='ltr'>δέδωκε</span> <span class='ocrx_word' id='word_1_49' title='bbox 1683 807 1763 875; x_wconf 75' lang='grc' dir='ltr'>τῷ</span> <span class='ocrx_word' id='word_1_50' title='bbox 1819 809 1975 877; x_wconf 79' lang='grc' dir='ltr'>Υιῷ-</span> 
     </span>
    </p>
   </div>
   <div class='ocr_carea' id='block_1_9' title="bbox 329 890 1978 964">
    <p class='ocr_par' dir='ltr' id='par_1_9' title="bbox 329 890 1978 964">
     <span class='ocr_line' id='line_1_9' title="bbox 329 890 1978 964; baseline 0.002 -16"><span class='ocrx_word' id='word_1_51' title='bbox 329 891 420 948; x_wconf 70' lang='lat' dir='ltr'>mi</span> <span class='ocrx_word' id='word_1_52' title='bbox 453 891 644 960; x_wconf 81' lang='grc' dir='ltr'>πάλιν,</span> <span class='ocrx_word' id='word_1_53' title='bbox 701 894 756 946; x_wconf 91' lang='grc' dir='ltr'>Ὁ</span> <span class='ocrx_word' id='word_1_54' title='bbox 807 890 991 963; x_wconf 72' lang='grc' dir='ltr'>Πατὴρ</span> <span class='ocrx_word' id='word_1_55' title='bbox 1043 890 1092 926; x_wconf 79' lang='grc'><strong>³³</strong></span> <span class='ocrx_word' id='word_1_56' title='bbox 1129 891 1310 964; x_wconf 81' lang='grc' dir='ltr'>ἀγαπᾷ</span> <span class='ocrx_word' id='word_1_57' title='bbox 1354 890 1447 944; x_wconf 85' lang='grc' dir='ltr'>τὸν</span> <span class='ocrx_word' id='word_1_58' title='bbox 1479 891 1624 963; x_wconf 76' lang='grc' dir='ltr'>Υἱὸν,</span> <span class='ocrx_word' id='word_1_59' title='bbox 1671 893 1762 946; x_wconf 82' lang='grc' dir='ltr'>καὶ</span> <span class='ocrx_word' id='word_1_60' title='bbox 1809 893 1978 952; x_wconf 81' lang='grc' dir='ltr'>πάντα</span> 
     </span>
    </p>
   </div>
   <div class='ocr_carea' id='block_1_10' title="bbox 333 977 1980 1056">
    <p class='ocr_par' dir='ltr' id='par_1_10' title="bbox 333 977 1980 1056">
     <span class='ocr_line' id='line_1_10' title="bbox 333 977 1980 1056; baseline 0.001 -19"><span class='ocrx_word' id='word_1_61' title='bbox 333 979 564 1037; x_wconf 76' lang='grc' dir='ltr'>δέδωκεν</span> <span class='ocrx_word' id='word_1_62' title='bbox 626 979 678 1034; x_wconf 82' lang='grc' dir='ltr'>ἐν</span> <span class='ocrx_word' id='word_1_63' title='bbox 735 979 805 1050; x_wconf 82' lang='grc' dir='ltr'>τῇ</span> <span class='ocrx_word' id='word_1_64' title='bbox 882 977 1030 1056; x_wconf 86' lang='grc' dir='ltr'>χειρί</span> <span class='ocrx_word' id='word_1_65' title='bbox 1091 979 1275 1035; x_wconf 79' lang='grc' dir='ltr'>αὐτοῦ.</span> <span class='ocrx_word' id='word_1_66' title='bbox 1335 980 1434 1041; x_wconf 80' lang='lat'>&quot;0:;</span> <span class='ocrx_word' id='word_1_67' title='bbox 1507 979 1862 1038; x_wconf 71' lang='grc' dir='ltr'>ἀναπλάττων</span> <span class='ocrx_word' id='word_1_68' title='bbox 1919 986 1980 1039; x_wconf 86' lang='grc' dir='ltr'>τὸ</span> 
     </span>
    </p>
   </div>
   <div class='ocr_carea' id='block_1_11' title="bbox 333 1065 1980 1143">
    <p class='ocr_par' dir='ltr' id='par_1_11' title="bbox 333 1065 1980 1143">
     <span class='ocr_line' id='line_1_11' title="bbox 333 1065 1980 1143; baseline 0.002 -18"><span class='ocrx_word' id='word_1_69' title='bbox 333 1070 561 1142; x_wconf 85' lang='grc' dir='ltr'>πλάσμα</span> <span class='ocrx_word' id='word_1_70' title='bbox 592 1065 661 1122; x_wconf 84' lang='grc' dir='ltr'>δι’</span> <span class='ocrx_word' id='word_1_71' title='bbox 707 1069 922 1135; x_wconf 70' lang='grc' dir='ltr'>ἑαυτοῦ,</span> <span class='ocrx_word' id='word_1_72' title='bbox 954 1068 1040 1121; x_wconf 80' lang='grc' dir='ltr'>καὶ</span> <span class='ocrx_word' id='word_1_73' title='bbox 1089 1071 1307 1140; x_wconf 88' lang='grc' dir='ltr'>πρῶτος</span> <span class='ocrx_word' id='word_1_74' title='bbox 1347 1067 1474 1131; x_wconf 80' lang='grc' dir='ltr'>τοὺς</span> <span class='ocrx_word' id='word_1_75' title='bbox 1521 1070 1722 1142; x_wconf 85' lang='grc' dir='ltr'>νόμους</span> <span class='ocrx_word' id='word_1_76' title='bbox 1773 1071 1980 1143; x_wconf 78' lang='grc' dir='ltr'>ἐκπλη-</span> 
     </span>
    </p>
   </div>
   <div class='ocr_carea' id='block_1_12' title="bbox 337 1155 1982 1234">
    <p class='ocr_par' dir='ltr' id='par_1_12' title="bbox 337 1155 1982 1234">
     <span class='ocr_line' id='line_1_12' title="bbox 337 1155 1982 1234; baseline 0.001 -20"><span class='ocrx_word' id='word_1_77' title='bbox 337 1165 466 1234; x_wconf 89' lang='grc' dir='ltr'>ρῶν,</span> <span class='ocrx_word' id='word_1_78' title='bbox 518 1156 880 1231; x_wconf 82' lang='grc' dir='ltr'>ὑπογραμμὸν</span> <span class='ocrx_word' id='word_1_79' title='bbox 931 1157 1066 1227; x_wconf 77' lang='grc' dir='ltr'>ἡμῖν</span> <span class='ocrx_word' id='word_1_80' title='bbox 1110 1155 1294 1210; x_wconf 76' lang='grc' dir='ltr'>ἑαυτὸν</span> <span class='ocrx_word' id='word_1_81' title='bbox 1346 1160 1632 1230; x_wconf 78' lang='grc' dir='ltr'>προτάττει</span> <span class='ocrx_word' id='word_1_82' title='bbox 1681 1159 1982 1234; x_wconf 87' lang='grc' dir='ltr'>πολιτείας,</span> 
     </span>
    </p>
   </div>
   <div class='ocr_carea' id='block_1_13' title="bbox 331 1243 1983 1330">
    <p class='ocr_par' dir='ltr' id='par_1_13' title="bbox 331 1243 1983 1330">
     <span class='ocr_line' id='line_1_13' title="bbox 331 1243 1983 1330; baseline -0.005 -27"><span class='ocrx_word' id='word_1_83' title='bbox 331 1250 396 1318; x_wconf 81' lang='grc' dir='ltr'>ἣν</span> <span class='ocrx_word' id='word_1_84' title='bbox 447 1247 507 1302; x_wconf 82' lang='grc' dir='ltr'>ού</span> <span class='ocrx_word' id='word_1_85' title='bbox 549 1247 893 1321; x_wconf 83' lang='grc' dir='ltr'>κατορθῶσαι</span> <span class='ocrx_word' id='word_1_86' title='bbox 941 1243 1190 1320; x_wconf 80' lang='grc' dir='ltr'>χαλεπὸν</span> <span class='ocrx_word' id='word_1_87' title='bbox 1249 1247 1384 1320; x_wconf 85' lang='grc' dir='ltr'>πρὸς</span> <span class='ocrx_word' id='word_1_88' title='bbox 1439 1249 1532 1302; x_wconf 88' lang='grc' dir='ltr'>τὸν</span> <span class='ocrx_word' id='word_1_89' title='bbox 1581 1248 1829 1326; x_wconf 82' lang='grc' dir='ltr'>ἀρχηγὸν</span> <span class='ocrx_word' id='word_1_90' title='bbox 1876 1253 1983 1330; x_wconf 74' lang='grc' dir='ltr'><strong>ἀφ..</strong></span> 
     </span>
    </p>
   </div>
   <div class='ocr_carea' id='block_1_14' title="bbox 333 1333 1982 1411">
    <p class='ocr_par' dir='ltr' id='par_1_14' title="bbox 333 1333 1982 1411">
     <span class='ocr_line' id='line_1_14' title="bbox 333 1333 1982 1411; baseline 0.001 -19"><span class='ocrx_word' id='word_1_91' title='bbox 333 1341 573 1411; x_wconf 84' lang='grc' dir='ltr'>ορῶντας</span> <span class='ocrx_word' id='word_1_92' title='bbox 602 1333 692 1390; x_wconf 78' lang='grc' dir='ltr'>καὶ</span> <span class='ocrx_word' id='word_1_93' title='bbox 741 1335 1105 1409; x_wconf 86' lang='grc' dir='ltr'>χειραγωγόν.</span> <span class='ocrx_word' id='word_1_94' title='bbox 1159 1335 1412 1409; x_wconf 67' lang='grc' dir='ltr'>’Ἄριστος</span> <span class='ocrx_word' id='word_1_95' title='bbox 1463 1334 1520 1391; x_wconf 79' lang='grc' dir='ltr'>δὲ</span> <span class='ocrx_word' id='word_1_96' title='bbox 1563 1339 1890 1410; x_wconf 79' lang='grc' dir='ltr'>νομοθέτης,</span> <span class='ocrx_word' id='word_1_97' title='bbox 1923 1341 1982 1403; x_wconf 78' lang='grc' dir='ltr'>ὃς</span> 
     </span>
    </p>
   </div>
   <div class='ocr_carea' id='block_1_15' title="bbox 335 1419 1984 1501">
    <p class='ocr_par' dir='ltr' id='par_1_15' title="bbox 335 1419 1984 1501">
     <span class='ocr_line' id='line_1_15' title="bbox 335 1419 1984 1501; baseline -0.001 -21"><span class='ocrx_word' id='word_1_98' title='bbox 335 1428 415 1499; x_wconf 84' lang='grc' dir='ltr'>μή</span> <span class='ocrx_word' id='word_1_99' title='bbox 467 1419 616 1498; x_wconf 84' lang='grc' dir='ltr'>λόγῳ</span> <span class='ocrx_word' id='word_1_100' title='bbox 669 1424 831 1495; x_wconf 86' lang='grc' dir='ltr'>μόνον</span> <span class='ocrx_word' id='word_1_101' title='bbox 879 1423 940 1478; x_wconf 87' lang='grc' dir='ltr'>τὸ</span> <span class='ocrx_word' id='word_1_102' title='bbox 997 1422 1283 1498; x_wconf 72' lang='grc' dir='ltr'>πρακτέον⁶</span> <span class='ocrx_word' id='word_1_103' title='bbox 1336 1422 1516 1499; x_wconf 79' lang='grc' dir='ltr'>ἔργοις</span> <span class='ocrx_word' id='word_1_104' title='bbox 1562 1429 1606 1463; x_wconf 77' lang='grc'>³⁸</span> <span class='ocrx_word' id='word_1_105' title='bbox 1653 1425 1711 1481; x_wconf 76' lang='grc' dir='ltr'>δὲ</span> <span class='ocrx_word' id='word_1_106' title='bbox 1773 1429 1984 1501; x_wconf 73' lang='grc' dir='ltr'>μᾶλλον</span> 
     </span>
    </p>
   </div>
   <div class='ocr_carea' id='block_1_16' title="bbox 329 1509 1984 1590">
    <p class='ocr_par' dir='ltr' id='par_1_16' title="bbox 329 1509 1984 1590">
     <span class='ocr_line' id='line_1_16' title="bbox 329 1509 1984 1590; baseline 0.001 -21"><span class='ocrx_word' id='word_1_107' title='bbox 329 1515 664 1588; x_wconf 85' lang='grc' dir='ltr'>νομοθετεῖ·</span> <span class='ocrx_word' id='word_1_108' title='bbox 708 1509 794 1566; x_wconf 82' lang='grc' dir='ltr'>διὸ</span> <span class='ocrx_word' id='word_1_109' title='bbox 849 1511 938 1565; x_wconf 82' lang='grc' dir='ltr'>καί</span> <span class='ocrx_word' id='word_1_110' title='bbox 988 1533 1192 1588; x_wconf 72' lang='grc' dir='ltr'>φησιν⁹</span> <span class='ocrx_word' id='word_1_111' title='bbox 1242 1518 1334 1568; x_wconf 79' lang='grc' dir='ltr'>Ὧν</span> <span class='ocrx_word' id='word_1_112' title='bbox 1369 1516 1411 1550; x_wconf 75' lang='grc'>⁸⁵</span> <span class='ocrx_word' id='word_1_113' title='bbox 1442 1513 1643 1590; x_wconf 68' lang='grc' dir='ltr'>⁸ἤρξατο</span> <span class='ocrx_word' id='word_1_114' title='bbox 1694 1517 1720 1570; x_wconf 88' lang='lat'>6</span> <span class='ocrx_word' id='word_1_115' title='bbox 1773 1519 1984 1588; x_wconf 72' lang='grc' dir='ltr'>Ἰησοῦς</span> 
     </span>
    </p>
   </div>
   <div class='ocr_carea' id='block_1_17' title="bbox 327 1597 1037 1658">
    <p class='ocr_par' dir='ltr' id='par_1_17' title="bbox 327 1597 1037 1658">
     <span class='ocr_line' id='line_1_17' title="bbox 327 1597 1037 1658; baseline -0.006 0"><span class='ocrx_word' id='word_1_116' title='bbox 327 1609 508 1658; x_wconf 77' lang='grc' dir='ltr'>ποιεῖν</span> <span class='ocrx_word' id='word_1_117' title='bbox 536 1623 594 1658; x_wconf 86' lang='grc' dir='ltr'>τε</span> <span class='ocrx_word' id='word_1_118' title='bbox 622 1600 709 1656; x_wconf 76' lang='grc' dir='ltr'>καὶ</span> <span class='ocrx_word' id='word_1_119' title='bbox 745 1597 1037 1655; x_wconf 80' lang='grc' dir='ltr'>διδασκειν.</span> 
     </span>
    </p>
   </div>
   <div class='ocr_carea' id='block_1_18' title="bbox 407 1859 2067 1950">
    <p class='ocr_par' dir='ltr' id='par_1_18' title="bbox 407 1859 2067 1950">
     <span class='ocr_line' id='line_1_18' title="bbox 407 1859 2067 1950; baseline -0.002 -22"><span class='ocrx_word' id='word_1_120' title='bbox 407 1871 634 1950; x_wconf 67' lang='grc' dir='ltr'>Ἐφεξῆς</span> <span class='ocrx_word' id='word_1_121' title='bbox 687 1867 744 1926; x_wconf 77' lang='grc' dir='ltr'>δὲ</span> <span class='ocrx_word' id='word_1_122' title='bbox 795 1873 946 1938; x_wconf 88' lang='grc' dir='ltr'>ζητεῖ</span> <span class='ocrx_word' id='word_1_123' title='bbox 995 1871 1091 1924; x_wconf 81' lang='grc' dir='ltr'>Διὰ</span> <span class='ocrx_word' id='word_1_124' title='bbox 1135 1869 1186 1923; x_wconf 84' lang='grc' dir='ltr'>τί</span> <span class='ocrx_word' id='word_1_125' title='bbox 1230 1871 1304 1942; x_wconf 78' lang='grc' dir='ltr'>μή</span> <span class='ocrx_word' id='word_1_126' title='bbox 1360 1867 1430 1925; x_wconf 84' lang='grc' dir='ltr'>δι’</span> <span class='ocrx_word' id='word_1_127' title='bbox 1469 1870 1756 1944; x_wconf 82' lang='grc' dir='ltr'>ἀνθρώπου</span> <span class='ocrx_word' id='word_1_128' title='bbox 1796 1875 1830 1941; x_wconf 79' lang='grc' dir='ltr'><strong>ἡ</strong></span> <span class='ocrx_word' id='word_1_129' title='bbox 1882 1893 1990 1927; x_wconf 87' lang='grc' dir='ltr'>σω-</span> <span class='ocrx_word' id='word_1_130' title='bbox 2021 1859 2067 1924; x_wconf 82' lang='grc' dir='ltr'><strong><em>Β</em></strong></span> 
     </span>
    </p>
   </div>
   <div class='ocr_carea' id='block_1_19' title="bbox 333 1959 1984 2037">
    <p class='ocr_par' dir='ltr' id='par_1_19' title="bbox 333 1959 1984 2037">
     <span class='ocr_line' id='line_1_19' title="bbox 333 1959 1984 2037; baseline 0 -20"><span class='ocrx_word' id='word_1_131' title='bbox 333 1963 540 2037; x_wconf 76' lang='grc' dir='ltr'>τηρίας</span> <span class='ocrx_word' id='word_1_132' title='bbox 599 1962 633 2030; x_wconf 81' lang='grc' dir='ltr'><strong>ἢ</strong></span> <span class='ocrx_word' id='word_1_133' title='bbox 689 1960 787 2014; x_wconf 77' lang='grc' dir='ltr'>Διά</span> <span class='ocrx_word' id='word_1_134' title='bbox 841 1959 892 2014; x_wconf 77' lang='grc' dir='ltr'>τί</span> <span class='ocrx_word' id='word_1_135' title='bbox 955 1961 1032 2032; x_wconf 80' lang='grc' dir='ltr'>μὴ</span> <span class='ocrx_word' id='word_1_136' title='bbox 1093 1960 1328 2036; x_wconf 79' lang='grc' dir='ltr'>ἄγγελος</span> <span class='ocrx_word' id='word_1_137' title='bbox 1383 1959 1820 2035; x_wconf 85' lang='grc' dir='ltr'>ἐνηνθρώπησε;</span> <span class='ocrx_word' id='word_1_138' title='bbox 1881 1961 1984 2017; x_wconf 83' lang='grc' dir='ltr'>Καί</span> 
     </span>
    </p>
   </div>
   <div class='ocr_carea' id='block_1_20' title="bbox 335 2048 1986 2126">
    <p class='ocr_par' dir='ltr' id='par_1_20' title="bbox 335 2048 1986 2126">
     <span class='ocr_line' id='line_1_20' title="bbox 335 2048 1986 2126; baseline -0.001 -21"><span class='ocrx_word' id='word_1_139' title='bbox 335 2071 500 2122; x_wconf 82' lang='grc' dir='ltr'>φησιν</span> <span class='ocrx_word' id='word_1_140' title='bbox 547 2050 621 2110; x_wconf 76' lang='grc' dir='ltr'>ὡς</span> <span class='ocrx_word' id='word_1_141' title='bbox 663 2049 1142 2122; x_wconf 75' lang='grc' dir='ltr'>πεπραγμάτευται</span> <span class='ocrx_word' id='word_1_142' title='bbox 1191 2050 1283 2123; x_wconf 78' lang='grc' dir='ltr'>μὲν</span> <span class='ocrx_word' id='word_1_143' title='bbox 1336 2048 1610 2112; x_wconf 79' lang='grc' dir='ltr'>πολλάκις</span> <span class='ocrx_word' id='word_1_144' title='bbox 1662 2048 1729 2104; x_wconf 85' lang='grc' dir='ltr'>δι’</span> <span class='ocrx_word' id='word_1_145' title='bbox 1779 2050 1986 2126; x_wconf 84' lang='grc' dir='ltr'>ἀνθρώ-</span> 
     </span>
    </p>
   </div>
   <div class='ocr_carea' id='block_1_21' title="bbox 335 2138 1985 2215">
    <p class='ocr_par' dir='ltr' id='par_1_21' title="bbox 335 2138 1985 2215">
     <span class='ocr_line' id='line_1_21' title="bbox 335 2138 1985 2215; baseline 0.001 -20"><span class='ocrx_word' id='word_1_146' title='bbox 335 2163 454 2198; x_wconf 90' lang='grc' dir='ltr'>πων</span> <span class='ocrx_word' id='word_1_147' title='bbox 503 2145 612 2194; x_wconf 92' lang='grc' dir='ltr'>τῶν</span> <span class='ocrx_word' id='word_1_148' title='bbox 661 2140 940 2212; x_wconf 79' lang='grc' dir='ltr'>ὁμογενῶν</span> <span class='ocrx_word' id='word_1_149' title='bbox 981 2141 1015 2207; x_wconf 82' lang='grc' dir='ltr'>ἡ</span> <span class='ocrx_word' id='word_1_150' title='bbox 1058 2140 1323 2214; x_wconf 82' lang='grc' dir='ltr'>σωτηρία,</span> <span class='ocrx_word' id='word_1_151' title='bbox 1376 2138 1556 2215; x_wconf 84' lang='grc' dir='ltr'>ὥσπερ</span> <span class='ocrx_word' id='word_1_152' title='bbox 1607 2139 1694 2194; x_wconf 80' lang='grc' dir='ltr'>διὰ</span> <span class='ocrx_word' id='word_1_153' title='bbox 1743 2140 1985 2203; x_wconf 70' lang='grc' dir='ltr'>Μωσέως</span> 
     </span>
    </p>
   </div>
   <div class='ocr_carea' id='block_1_22' title="bbox 331 2225 1983 2304">
    <p class='ocr_par' dir='ltr' id='par_1_22' title="bbox 331 2225 1983 2304">
     <span class='ocr_line' id='line_1_22' title="bbox 331 2225 1983 2304; baseline -0.001 -18"><span class='ocrx_word' id='word_1_154' title='bbox 331 2230 422 2287; x_wconf 79' lang='grc' dir='ltr'>καὶ</span> <span class='ocrx_word' id='word_1_155' title='bbox 455 2227 546 2284; x_wconf 77' lang='grc' dir='ltr'>διὰ</span> <span class='ocrx_word' id='word_1_156' title='bbox 576 2233 682 2282; x_wconf 89' lang='grc' dir='ltr'>τῶν</span> <span class='ocrx_word' id='word_1_157' title='bbox 717 2232 1044 2304; x_wconf 66' lang='grc' dir='ltr'>προφητῶν,</span> <span class='ocrx_word' id='word_1_158' title='bbox 1068 2227 1196 2283; x_wconf 82' lang='grc' dir='ltr'>ἀλλ’</span> <span class='ocrx_word' id='word_1_159' title='bbox 1227 2225 1354 2283; x_wconf 75' lang='grc' dir='ltr'>οὐδὲ</span> <span class='ocrx_word' id='word_1_160' title='bbox 1380 2226 1434 2281; x_wconf 76' lang='grc' dir='ltr'>’ἐν</span> <span class='ocrx_word' id='word_1_161' title='bbox 1467 2227 1778 2303; x_wconf 81' lang='grc' dir='ltr'>ὁλόκληρον</span> <span class='ocrx_word' id='word_1_162' title='bbox 1811 2227 1983 2302; x_wconf 80' lang='grc' dir='ltr'>ἔθνος,</span> 
     </span>
    </p>
   </div>
   <div class='ocr_carea' id='block_1_23' title="bbox 333 2315 1987 2393">
    <p class='ocr_par' dir='ltr' id='par_1_23' title="bbox 333 2315 1987 2393">
     <span class='ocr_line' id='line_1_23' title="bbox 333 2315 1987 2393; baseline 0 -19"><span class='ocrx_word' id='word_1_163' title='bbox 333 2325 441 2374; x_wconf 88' lang='grc' dir='ltr'>τῶν</span> <span class='ocrx_word' id='word_1_164' title='bbox 494 2315 770 2374; x_wconf 76' lang='grc' dir='ltr'>Ἰουδαίων</span> <span class='ocrx_word' id='word_1_165' title='bbox 821 2317 988 2393; x_wconf 79' lang='grc' dir='ltr'>λέγω,</span> <span class='ocrx_word' id='word_1_166' title='bbox 1021 2321 1117 2372; x_wconf 82' lang='grc' dir='ltr'>τοῦ</span> <span class='ocrx_word' id='word_1_167' title='bbox 1157 2321 1340 2372; x_wconf 76' lang='grc' dir='ltr'>κοινοῦ</span> <span class='ocrx_word' id='word_1_168' title='bbox 1381 2315 1697 2392; x_wconf 71' lang='grc' dir='ltr'>ἀνεῤῥώσθη</span> <span class='ocrx_word' id='word_1_169' title='bbox 1746 2321 1987 2391; x_wconf 76' lang='grc' dir='ltr'>νοσήμα-</span> 
     </span>
    </p>
   </div>
   <div class='ocr_carea' id='block_1_24' title="bbox 333 2404 1984 2484">
    <p class='ocr_par' dir='ltr' id='par_1_24' title="bbox 333 2404 1984 2484">
     <span class='ocr_line' id='line_1_24' title="bbox 333 2404 1984 2484; baseline -0.002 -19"><span class='ocrx_word' id='word_1_170' title='bbox 333 2430 449 2478; x_wconf 87' lang='grc' dir='ltr'>τος,</span> <span class='ocrx_word' id='word_1_171' title='bbox 484 2413 606 2469; x_wconf 89' lang='grc' dir='ltr'>Πῶς</span> <span class='ocrx_word' id='word_1_172' title='bbox 638 2404 696 2460; x_wconf 77' lang='grc' dir='ltr'>δὲ</span> <span class='ocrx_word' id='word_1_173' title='bbox 731 2407 820 2460; x_wconf 81' lang='grc' dir='ltr'>καὶ</span> <span class='ocrx_word' id='word_1_174' title='bbox 852 2408 1138 2481; x_wconf 77' lang='grc' dir='ltr'>ἀνθρώπου</span> <span class='ocrx_word' id='word_1_175' title='bbox 1165 2408 1226 2461; x_wconf 86' lang='grc' dir='ltr'>τὸ</span> <span class='ocrx_word' id='word_1_176' title='bbox 1260 2405 1390 2460; x_wconf 79' lang='grc' dir='ltr'>ὅλον</span> <span class='ocrx_word' id='word_1_177' title='bbox 1424 2407 1646 2484; x_wconf 71' lang='grc' dir='ltr'>φύραμα</span> <span class='ocrx_word' id='word_1_178' title='bbox 1688 2409 1984 2477; x_wconf 77' lang='grc' dir='ltr'>νενοσηκὸς</span> 
     </span>
    </p>
   </div>
   <div class='ocr_carea' id='block_1_25' title="bbox 335 2492 1988 2571">
    <p class='ocr_par' dir='ltr' id='par_1_25' title="bbox 335 2492 1988 2571">
     <span class='ocr_line' id='line_1_25' title="bbox 335 2492 1988 2571; baseline -0.001 -19"><span class='ocrx_word' id='word_1_179' title='bbox 335 2497 662 2567; x_wconf 78' lang='grc' dir='ltr'>ἐξιάσασθαι,</span> <span class='ocrx_word' id='word_1_180' title='bbox 707 2497 742 2566; x_wconf 77' lang='grc' dir='ltr'><strong>ἢ</strong></span> <span class='ocrx_word' id='word_1_181' title='bbox 787 2497 877 2550; x_wconf 86' lang='grc' dir='ltr'>τὸν</span> <span class='ocrx_word' id='word_1_182' title='bbox 935 2496 1159 2571; x_wconf 78' lang='grc' dir='ltr'>ἰσχυρὸν</span> <span class='ocrx_word' id='word_1_183' title='bbox 1211 2492 1395 2564; x_wconf 79' lang='grc' dir='ltr'>δῆσαι,</span> <span class='ocrx_word' id='word_1_184' title='bbox 1444 2494 1532 2549; x_wconf 78' lang='grc' dir='ltr'>καὶ</span> <span class='ocrx_word' id='word_1_185' title='bbox 1579 2495 1777 2550; x_wconf 87' lang='grc' dir='ltr'>τούτου</span> <span class='ocrx_word' id='word_1_186' title='bbox 1828 2495 1988 2571; x_wconf 87' lang='grc' dir='ltr'>διαρ-</span> 
     </span>
    </p>
   </div>
   <div class='ocr_carea' id='block_1_26' title="bbox 337 2582 1984 2663">
    <p class='ocr_par' dir='ltr' id='par_1_26' title="bbox 337 2582 1984 2663">
     <span class='ocr_line' id='line_1_26' title="bbox 337 2582 1984 2663; baseline -0.001 -21"><span class='ocrx_word' id='word_1_187' title='bbox 337 2588 512 2642; x_wconf 85' lang='grc' dir='ltr'>πάσαι</span> <span class='ocrx_word' id='word_1_188' title='bbox 538 2587 600 2640; x_wconf 80' lang='grc' dir='ltr'>τὰ</span> <span class='ocrx_word' id='word_1_189' title='bbox 649 2585 852 2654; x_wconf 83' lang='grc' dir='ltr'>σκεύη;</span> <span class='ocrx_word' id='word_1_190' title='bbox 888 2587 1007 2658; x_wconf 81' lang='grc'>[301</span> <span class='ocrx_word' id='word_1_191' title='bbox 1047 2589 1138 2659; x_wconf 86' lang='grc' dir='ltr'>Η.]</span> <span class='ocrx_word' id='word_1_192' title='bbox 1181 2587 1302 2647; x_wconf 80' lang='grc' dir='ltr'>Πῶς</span> <span class='ocrx_word' id='word_1_193' title='bbox 1345 2582 1402 2640; x_wconf 76' lang='grc' dir='ltr'>δὲ</span> <span class='ocrx_word' id='word_1_194' title='bbox 1449 2585 1538 2640; x_wconf 76' lang='grc' dir='ltr'>καὶ</span> <span class='ocrx_word' id='word_1_195' title='bbox 1569 2587 1732 2658; x_wconf 75' lang='grc' dir='ltr'>ψιλὸς</span> <span class='ocrx_word' id='word_1_196' title='bbox 1780 2586 1984 2663; x_wconf 77' lang='grc' dir='ltr'>ἅνθρω-</span> 
     </span>
    </p>
   </div>
   <div class='ocr_carea' id='block_1_27' title="bbox 339 2672 1986 2749">
    <p class='ocr_par' dir='ltr' id='par_1_27' title="bbox 339 2672 1986 2749">
     <span class='ocr_line' id='line_1_27' title="bbox 339 2672 1986 2749; baseline 0 -19"><span class='ocrx_word' id='word_1_197' title='bbox 339 2697 447 2737; x_wconf 91' lang='grc' dir='ltr'>πος</span> <span class='ocrx_word' id='word_1_198' title='bbox 488 2675 550 2729; x_wconf 86' lang='grc' dir='ltr'>τὸ</span> <span class='ocrx_word' id='word_1_199' title='bbox 599 2675 858 2748; x_wconf 72' lang='grc' dir='ltr'>ὁμογενὲς</span> <span class='ocrx_word' id='word_1_200' title='bbox 895 2672 1234 2746; x_wconf 80' lang='grc' dir='ltr'>ἐξεκάθηρεν,</span> <span class='ocrx_word' id='word_1_201' title='bbox 1273 2673 1434 2737; x_wconf 77' lang='grc' dir='ltr'>αὐτὸς</span> <span class='ocrx_word' id='word_1_202' title='bbox 1490 2673 1723 2749; x_wconf 73' lang='grc' dir='ltr'>μέτοχος</span> <span class='ocrx_word' id='word_1_203' title='bbox 1771 2672 1844 2729; x_wconf 77' lang='grc' dir='ltr'>ὢν</span> <span class='ocrx_word' id='word_1_204' title='bbox 1891 2681 1986 2730; x_wconf 82' lang='grc' dir='ltr'>τοῦ</span> 
     </span>
    </p>
   </div>
   <div class='ocr_carea' id='block_1_28' title="bbox 341 2760 1984 2840">
    <p class='ocr_par' dir='ltr' id='par_1_28' title="bbox 341 2760 1984 2840">
     <span class='ocr_line' id='line_1_28' title="bbox 341 2760 1984 2840; baseline 0.002 -23"><span class='ocrx_word' id='word_1_205' title='bbox 341 2764 744 2840; x_wconf 80' lang='grc' dir='ltr'>ῥυπάσματος;</span> <span class='ocrx_word' id='word_1_206' title='bbox 813 2760 998 2823; x_wconf 80' lang='grc' dir='ltr'>Οὐδεὶς</span> <span class='ocrx_word' id='word_1_207' title='bbox 1058 2766 1102 2800; x_wconf 71' lang='grc'>³⁸</span> <span class='ocrx_word' id='word_1_208' title='bbox 1160 2763 1262 2840; x_wconf 79' lang='grc' dir='ltr'>γὰρ</span> <span class='ocrx_word' id='word_1_209' title='bbox 1321 2764 1426 2818; x_wconf 82' lang='grc' dir='ltr'>ἀπὸ</span> <span class='ocrx_word' id='word_1_210' title='bbox 1487 2763 1660 2840; x_wconf 78' lang='grc' dir='ltr'>ῥύπου</span> <span class='ocrx_word' id='word_1_211' title='bbox 1735 2767 1984 2840; x_wconf 85' lang='grc' dir='ltr'>καθαρός.</span> 
     </span>
    </p>
   </div>
   <div class='ocr_carea' id='block_1_29' title="bbox 341 2849 1988 2927">
    <p class='ocr_par' dir='ltr' id='par_1_29' title="bbox 341 2849 1988 2927">
     <span class='ocr_line' id='line_1_29' title="bbox 341 2849 1988 2927; baseline 0 -19"><span class='ocrx_word' id='word_1_212' title='bbox 341 2850 478 2909; x_wconf 79' lang='grc' dir='ltr'>Οὐδ’</span> <span class='ocrx_word' id='word_1_213' title='bbox 527 2849 766 2927; x_wconf 71' lang='grc' dir='ltr'>ἀγγέλου</span> <span class='ocrx_word' id='word_1_214' title='bbox 815 2849 872 2905; x_wconf 81' lang='grc' dir='ltr'>δέ</span> <span class='ocrx_word' id='word_1_215' title='bbox 919 2871 1064 2913; x_wconf 89' lang='grc' dir='ltr'>τινος</span> <span class='ocrx_word' id='word_1_216' title='bbox 1113 2852 1197 2920; x_wconf 75' lang='grc' dir='ltr'>ἦν,</span> <span class='ocrx_word' id='word_1_217' title='bbox 1252 2850 1297 2906; x_wconf 86' lang='grc' dir='ltr'>εἰ</span> <span class='ocrx_word' id='word_1_218' title='bbox 1335 2853 1436 2920; x_wconf 76' lang='grc' dir='ltr'>τὴν</span> <span class='ocrx_word' id='word_1_219' title='bbox 1493 2853 1760 2923; x_wconf 80' lang='grc' dir='ltr'>σάρκωσιν</span> <span class='ocrx_word' id='word_1_220' title='bbox 1808 2853 1988 2908; x_wconf 73' lang='grc' dir='ltr'>ἐπετέ-</span> 
     </span>
    </p>
   </div>
   <div class='ocr_carea' id='block_1_30' title="bbox 339 2939 1989 3016">
    <p class='ocr_par' dir='ltr' id='par_1_30' title="bbox 339 2939 1989 3016">
     <span class='ocr_line' id='line_1_30' title="bbox 339 2939 1989 3016; baseline 0.002 -22"><span class='ocrx_word' id='word_1_221' title='bbox 339 2961 570 3015; x_wconf 86' lang='grc' dir='ltr'>τραπτο,</span> <span class='ocrx_word' id='word_1_222' title='bbox 599 2941 695 3002; x_wconf 71' lang='grc' dir='ltr'>τὰς</span> <span class='ocrx_word' id='word_1_223' title='bbox 745 2939 918 3015; x_wconf 70' lang='grc' dir='ltr'>ἀρχὰς</span> <span class='ocrx_word' id='word_1_224' title='bbox 965 2940 1050 2994; x_wconf 81' lang='grc' dir='ltr'>καὶ</span> <span class='ocrx_word' id='word_1_225' title='bbox 1090 2941 1186 3000; x_wconf 71' lang='grc' dir='ltr'>τὰς</span> <span class='ocrx_word' id='word_1_226' title='bbox 1235 2939 1476 3013; x_wconf 81' lang='grc' dir='ltr'>ἐξουσίας</span> <span class='ocrx_word' id='word_1_227' title='bbox 1525 2940 1884 3016; x_wconf 80' lang='grc' dir='ltr'>θριαμϐεῦσαί</span> <span class='ocrx_word' id='word_1_228' title='bbox 1931 2963 1989 2998; x_wconf 89' lang='grc' dir='ltr'>τε</span> 
     </span>
    </p>
   </div>
   <div class='ocr_carea' id='block_1_31' title="bbox 339 3027 1990 3105">
    <p class='ocr_par' dir='ltr' id='par_1_31' title="bbox 339 3027 1990 3105">
     <span class='ocr_line' id='line_1_31' title="bbox 339 3027 1990 3105; baseline 0.001 -21"><span class='ocrx_word' id='word_1_229' title='bbox 339 3031 428 3084; x_wconf 77' lang='grc' dir='ltr'>καὶ</span> <span class='ocrx_word' id='word_1_230' title='bbox 492 3027 1000 3105; x_wconf 85' lang='grc' dir='ltr'>παραδειγματίσαι.</span> <span class='ocrx_word' id='word_1_231' title='bbox 1035 3033 1157 3091; x_wconf 87' lang='grc' dir='ltr'>Πῶς</span> <span class='ocrx_word' id='word_1_232' title='bbox 1207 3027 1253 3084; x_wconf 85' lang='grc' dir='ltr'>δ’</span> <span class='ocrx_word' id='word_1_233' title='bbox 1310 3029 1368 3084; x_wconf 75' lang='grc' dir='ltr'>ἂν</span> <span class='ocrx_word' id='word_1_234' title='bbox 1427 3027 1624 3092; x_wconf 78' lang='grc' dir='ltr'>δοῦλος</span> <span class='ocrx_word' id='word_1_235' title='bbox 1668 3029 1740 3085; x_wconf 80' lang='grc' dir='ltr'>ὢν</span> <span class='ocrx_word' id='word_1_236' title='bbox 1794 3033 1861 3087; x_wconf 80' lang='grc' dir='ltr'>τὰ</span> <span class='ocrx_word' id='word_1_237' title='bbox 1906 3029 1990 3086; x_wconf 86' lang='grc' dir='ltr'>δε-</span> 
     </span>
    </p>
   </div>
   <div class='ocr_carea' id='block_1_32' title="bbox 343 3118 1990 3197">
    <p class='ocr_par' dir='ltr' id='par_1_32' title="bbox 343 3118 1990 3197">
     <span class='ocr_line' id='line_1_32' title="bbox 343 3118 1990 3197; baseline 0.001 -23"><span class='ocrx_word' id='word_1_238' title='bbox 343 3119 576 3175; x_wconf 78' lang='grc' dir='ltr'>σποτικὰ</span> <span class='ocrx_word' id='word_1_239' title='bbox 606 3119 697 3173; x_wconf 86' lang='grc' dir='ltr'>καὶ</span> <span class='ocrx_word' id='word_1_240' title='bbox 741 3118 1017 3194; x_wconf 77' lang='grc' dir='ltr'>βασιλικά,</span> <span class='ocrx_word' id='word_1_241' title='bbox 1049 3123 1146 3172; x_wconf 75' lang='grc' dir='ltr'>τοῦ</span> <span class='ocrx_word' id='word_1_242' title='bbox 1177 3120 1352 3192; x_wconf 88' lang='grc' dir='ltr'>νόμου</span> <span class='ocrx_word' id='word_1_243' title='bbox 1392 3119 1558 3197; x_wconf 73' lang='grc' dir='ltr'>λέγω,</span> <span class='ocrx_word' id='word_1_244' title='bbox 1595 3119 1990 3196; x_wconf 70' lang='grc' dir='ltr'>προστάγματα</span> 
     </span>
    </p>
   </div>
   <div class='ocr_carea' id='block_1_33' title="bbox 337 3207 1988 3286">
    <p class='ocr_par' dir='ltr' id='par_1_33' title="bbox 337 3207 1988 3286">
     <span class='ocr_line' id='line_1_33' title="bbox 337 3207 1988 3286; baseline 0.002 -23"><span class='ocrx_word' id='word_1_245' title='bbox 337 3212 475 3284; x_wconf 74' lang='grc' dir='ltr'>πρὸς</span> <span class='ocrx_word' id='word_1_246' title='bbox 505 3211 606 3278; x_wconf 74' lang='grc' dir='ltr'>τὴν</span> <span class='ocrx_word' id='word_1_247' title='bbox 661 3207 1018 3284; x_wconf 68' lang='grc' dir='ltr'>εύαγγελικῆν</span> <span class='ocrx_word' id='word_1_248' title='bbox 1061 3208 1370 3278; x_wconf 75' lang='grc' dir='ltr'>πολιτείαν,</span> <span class='ocrx_word' id='word_1_249' title='bbox 1403 3207 1474 3265; x_wconf 86' lang='grc' dir='ltr'>δι’</span> <span class='ocrx_word' id='word_1_250' title='bbox 1503 3213 1570 3280; x_wconf 76' lang='grc' dir='ltr'>ἧς</span> <span class='ocrx_word' id='word_1_251' title='bbox 1601 3213 1737 3284; x_wconf 86' lang='grc' dir='ltr'>ἡμῖν</span> <span class='ocrx_word' id='word_1_252' title='bbox 1769 3215 1804 3281; x_wconf 83' lang='grc' dir='ltr'>ἡ</span> <span class='ocrx_word' id='word_1_253' title='bbox 1855 3214 1988 3286; x_wconf 81' lang='grc' dir='ltr'>πρὸς</span> 
     </span>
    </p>
   </div>
   <div class='ocr_carea' id='block_1_34' title="bbox 343 3295 1992 3374">
    <p class='ocr_par' dir='ltr' id='par_1_34' title="bbox 343 3295 1992 3374">
     <span class='ocr_line' id='line_1_34' title="bbox 343 3295 1992 3374; baseline 0.001 -20"><span class='ocrx_word' id='word_1_254' title='bbox 343 3299 610 3372; x_wconf 71' lang='grc' dir='ltr'>οὐρανοὺς</span> <span class='ocrx_word' id='word_1_255' title='bbox 666 3295 880 3365; x_wconf 71' lang='grc' dir='ltr'>ἄνοδος,</span> <span class='ocrx_word' id='word_1_256' title='bbox 935 3295 1328 3372; x_wconf 71' lang='grc' dir='ltr'>μετερῥύθμιζέ</span> <span class='ocrx_word' id='word_1_257' title='bbox 1385 3319 1442 3352; x_wconf 88' lang='grc' dir='ltr'>τε</span> <span class='ocrx_word' id='word_1_258' title='bbox 1508 3299 1598 3354; x_wconf 84' lang='grc' dir='ltr'>καὶ</span> <span class='ocrx_word' id='word_1_259' title='bbox 1660 3301 1992 3374; x_wconf 77' lang='grc' dir='ltr'>μετὲταττεν,</span> 
     </span>
    </p>
   </div>
   <div class='ocr_carea' id='block_1_35' title="bbox 341 3385 1994 3463">
    <p class='ocr_par' dir='ltr' id='par_1_35' title="bbox 341 3385 1994 3463">
     <span class='ocr_line' id='line_1_35' title="bbox 341 3385 1994 3463; baseline 0.001 -21"><span class='ocrx_word' id='word_1_260' title='bbox 341 3388 528 3462; x_wconf 82' lang='grc' dir='ltr'>ὥσπερ</span> <span class='ocrx_word' id='word_1_261' title='bbox 561 3387 589 3440; x_wconf 83' lang='grc' dir='ltr'>ὁ</span> <span class='ocrx_word' id='word_1_262' title='bbox 639 3388 858 3461; x_wconf 75' lang='grc' dir='ltr'>Σωτὴρ,</span> <span class='ocrx_word' id='word_1_263' title='bbox 907 3385 1160 3462; x_wconf 69' lang='grc' dir='ltr'>Ἐρρέθη,</span> <span class='ocrx_word' id='word_1_264' title='bbox 1192 3387 1238 3422; x_wconf 83' lang='grc'>³⁷</span> <span class='ocrx_word' id='word_1_265' title='bbox 1286 3385 1480 3462; x_wconf 73' lang='grc' dir='ltr'>λέγων,</span> <span class='ocrx_word' id='word_1_266' title='bbox 1526 3393 1603 3460; x_wconf 83' lang='grc' dir='ltr'>τῷ</span> <span class='ocrx_word' id='word_1_267' title='bbox 1652 3388 1808 3463; x_wconf 84' lang='grc' dir='ltr'>νόμῳ</span> <span class='ocrx_word' id='word_1_268' title='bbox 1845 3387 1994 3458; x_wconf 84' lang='grc' dir='ltr'>τάδε,</span> 
     </span>
    </p>
   </div>
   <div class='ocr_carea' id='block_1_36' title="bbox 345 3471 1995 3552">
    <p class='ocr_par' dir='ltr' id='par_1_36' title="bbox 345 3471 1995 3552">
     <span class='ocr_line' id='line_1_36' title="bbox 345 3471 1995 3552; baseline 0 -21"><span class='ocrx_word' id='word_1_269' title='bbox 345 3475 454 3552; x_wconf 69' lang='grc' dir='ltr'>ἐγὼ</span> <span class='ocrx_word' id='word_1_270' title='bbox 504 3473 559 3529; x_wconf 74' lang='grc' dir='ltr'>δὲ</span> <span class='ocrx_word' id='word_1_271' title='bbox 609 3472 756 3548; x_wconf 72' lang='grc' dir='ltr'>λέγω</span> <span class='ocrx_word' id='word_1_272' title='bbox 801 3475 927 3546; x_wconf 80' lang='grc' dir='ltr'>ὑμῖν</span> <span class='ocrx_word' id='word_1_273' title='bbox 965 3471 1114 3545; x_wconf 85' lang='grc' dir='ltr'>τάδε,</span> <span class='ocrx_word' id='word_1_274' title='bbox 1167 3479 1286 3536; x_wconf 89' lang='grc' dir='ltr'>πῶς</span> <span class='ocrx_word' id='word_1_275' title='bbox 1339 3471 1385 3528; x_wconf 84' lang='grc' dir='ltr'>δ’</span> <span class='ocrx_word' id='word_1_276' title='bbox 1423 3474 1485 3529; x_wconf 82' lang='grc' dir='ltr'>ἂν</span> <span class='ocrx_word' id='word_1_277' title='bbox 1545 3472 1860 3548; x_wconf 77' lang='grc' dir='ltr'>ὁμοδούλου</span> <span class='ocrx_word' id='word_1_278' title='bbox 1910 3497 1995 3531; x_wconf 85' lang='grc' dir='ltr'>κε-</span> 
     </span>
    </p>
   </div>
   <div class='ocr_carea' id='block_1_37' title="bbox 351 3559 1998 3640">
    <p class='ocr_par' dir='ltr' id='par_1_37' title="bbox 351 3559 1998 3640">
     <span class='ocr_line' id='line_1_37' title="bbox 351 3559 1998 3640; baseline 0 -21"><span class='ocrx_word' id='word_1_279' title='bbox 351 3565 606 3624; x_wconf 86' lang='grc' dir='ltr'>λεύοντος</span> <span class='ocrx_word' id='word_1_280' title='bbox 661 3564 728 3617; x_wconf 77' lang='grc' dir='ltr'>τὰ</span> <span class='ocrx_word' id='word_1_281' title='bbox 787 3559 1045 3635; x_wconf 86' lang='grc' dir='ltr'>δαιμόνια</span> <span class='ocrx_word' id='word_1_282' title='bbox 1098 3563 1186 3617; x_wconf 80' lang='grc' dir='ltr'>καὶ</span> <span class='ocrx_word' id='word_1_283' title='bbox 1236 3564 1264 3618; x_wconf 89' lang='lat'>6</span> <span class='ocrx_word' id='word_1_284' title='bbox 1310 3565 1516 3618; x_wconf 84' lang='grc' dir='ltr'>τούτων</span> <span class='ocrx_word' id='word_1_285' title='bbox 1568 3563 1756 3640; x_wconf 78' lang='grc' dir='ltr'>ἅρχων</span> <span class='ocrx_word' id='word_1_286' title='bbox 1813 3567 1888 3627; x_wconf 81' lang='grc' dir='ltr'>εἰς</span> <span class='ocrx_word' id='word_1_287' title='bbox 1935 3565 1998 3619; x_wconf 88' lang='grc' dir='ltr'>τὸ</span> 
     </span>
    </p>
   </div>
   <div class='ocr_carea' id='block_1_38' title="bbox 354 3651 2004 3730">
    <p class='ocr_par' dir='ltr' id='par_1_38' title="bbox 354 3651 2004 3730">
     <span class='ocr_line' id='line_1_38' title="bbox 354 3651 2004 3730; baseline 0.001 -20"><span class='ocrx_word' id='word_1_288' title='bbox 354 3655 549 3715; x_wconf 79' lang='grc' dir='ltr'>σκότος</span> <span class='ocrx_word' id='word_1_289' title='bbox 607 3651 976 3725; x_wconf 74' lang='grc' dir='ltr'>ἀπεπέμπετο,</span> <span class='ocrx_word' id='word_1_290' title='bbox 1028 3653 1169 3707; x_wconf 81' lang='grc' dir='ltr'>ὅπου</span> <span class='ocrx_word' id='word_1_291' title='bbox 1226 3673 1288 3726; x_wconf 91' lang='grc' dir='ltr'>γε</span> <span class='ocrx_word' id='word_1_292' title='bbox 1342 3655 1369 3708; x_wconf 92' lang='grc' dir='ltr'>ὁ</span> <span class='ocrx_word' id='word_1_293' title='bbox 1427 3653 1768 3730; x_wconf 78' lang='grc' dir='ltr'>ἀρχάγγελος</span> <span class='ocrx_word' id='word_1_294' title='bbox 1798 3656 1848 3691; x_wconf 82' lang='grc'><strong>³⁸</strong></span> <span class='ocrx_word' id='word_1_295' title='bbox 1903 3661 2004 3711; x_wconf 85' lang='grc' dir='ltr'>Μι-</span> 
     </span>
    </p>
   </div>
   <div class='ocr_carea' id='block_1_39' title="bbox 360 3743 2002 3820">
    <p class='ocr_par' dir='ltr' id='par_1_39' title="bbox 360 3743 2002 3820">
     <span class='ocr_line' id='line_1_39' title="bbox 360 3743 2002 3820; baseline 0 -20"><span class='ocrx_word' id='word_1_296' title='bbox 360 3744 539 3820; x_wconf 74' lang='grc' dir='ltr'>χαὴλ,</span> <span class='ocrx_word' id='word_1_297' title='bbox 590 3743 714 3818; x_wconf 86' lang='grc' dir='ltr'>περὶ</span> <span class='ocrx_word' id='word_1_298' title='bbox 768 3743 884 3804; x_wconf 73' lang='grc' dir='ltr'>ἑνὸς</span> <span class='ocrx_word' id='word_1_299' title='bbox 934 3743 1186 3817; x_wconf 82' lang='grc' dir='ltr'>σώματος</span> <span class='ocrx_word' id='word_1_300' title='bbox 1230 3747 1326 3798; x_wconf 81' lang='grc' dir='ltr'>τοῦ</span> <span class='ocrx_word' id='word_1_301' title='bbox 1377 3743 1642 3814; x_wconf 68' lang='grc' dir='ltr'>Μωσέως,</span> <span class='ocrx_word' id='word_1_302' title='bbox 1697 3747 1786 3800; x_wconf 83' lang='grc' dir='ltr'>καὶ</span> <span class='ocrx_word' id='word_1_303' title='bbox 1833 3751 2002 3801; x_wconf 74' lang='grc' dir='ltr'>ταῦτα</span> 
     </span>
    </p>
   </div>
   <div class='ocr_carea' id='block_1_40' title="bbox 353 3826 2002 3910">
    <p class='ocr_par' dir='ltr' id='par_1_40' title="bbox 353 3826 2002 3910">
     <span class='ocr_line' id='line_1_40' title="bbox 353 3826 2002 3910; baseline 0 -21"><span class='ocrx_word' id='word_1_304' title='bbox 353 3831 597 3902; x_wconf 82' lang='grc' dir='ltr'>δικαίου,</span> <span class='ocrx_word' id='word_1_305' title='bbox 656 3837 734 3904; x_wconf 85' lang='grc' dir='ltr'>τῷ</span> <span class='ocrx_word' id='word_1_306' title='bbox 793 3826 1037 3904; x_wconf 74' lang='grc' dir='ltr'>διαϐόλῳ</span> <span class='ocrx_word' id='word_1_307' title='bbox 1094 3829 1504 3910; x_wconf 69' lang='grc' dir='ltr'>διαφερόμενος,</span> <span class='ocrx_word' id='word_1_308' title='bbox 1569 3832 1666 3887; x_wconf 78' lang='grc' dir='ltr'>οὐχ</span> <span class='ocrx_word' id='word_1_309' title='bbox 1725 3832 2002 3908; x_wconf 83' lang='grc' dir='ltr'>ἐτόλμησε</span> 
     </span>
    </p>
   </div>
   <div class='ocr_carea' id='block_1_41' title="bbox 343 3920 2004 3998">
    <p class='ocr_par' dir='ltr' id='par_1_41' title="bbox 343 3920 2004 3998">
     <span class='ocr_line' id='line_1_41' title="bbox 343 3920 2004 3998; baseline -0.001 -21"><span class='ocrx_word' id='word_1_310' title='bbox 343 3924 485 3998; x_wconf 85' lang='grc' dir='ltr'>παρ’</span> <span class='ocrx_word' id='word_1_311' title='bbox 521 3923 716 3976; x_wconf 70' lang='grc' dir='ltr'>ἑαυτοῦ</span> <span class='ocrx_word' id='word_1_312' title='bbox 779 3920 1106 3996; x_wconf 75' lang='grc' dir='ltr'>βλάσφημον</span> <span class='ocrx_word' id='word_1_313' title='bbox 1154 3921 1442 3996; x_wconf 80' lang='grc' dir='ltr'>ἐξενεγκεῖν</span> <span class='ocrx_word' id='word_1_314' title='bbox 1497 3924 1612 3976; x_wconf 83' lang='grc' dir='ltr'>κατ’</span> <span class='ocrx_word' id='word_1_315' title='bbox 1666 3921 1832 3977; x_wconf 74' lang='grc' dir='ltr'>αὐτοῦ</span> <span class='ocrx_word' id='word_1_316' title='bbox 1882 3923 2004 3996; x_wconf 81' lang='grc' dir='ltr'>κρί-</span> 
     </span>
    </p>
   </div>
   <div class='ocr_carea' id='block_1_42' title="bbox 347 4009 2002 4083">
    <p class='ocr_par' dir='ltr' id='par_1_42' title="bbox 347 4009 2002 4083">
     <span class='ocr_line' id='line_1_42' title="bbox 347 4009 2002 4083; baseline -0.001 -16"><span class='ocrx_word' id='word_1_317' title='bbox 347 4029 478 4079; x_wconf 90' lang='grc' dir='ltr'>σιν;</span> <span class='ocrx_word' id='word_1_318' title='bbox 537 4010 681 4083; x_wconf 73' lang='grc' dir='ltr'>Πρὸς</span> <span class='ocrx_word' id='word_1_319' title='bbox 722 4009 990 4065; x_wconf 78' lang='grc' dir='ltr'>υἷόθεσίαν</span> <span class='ocrx_word' id='word_1_320' title='bbox 1043 4009 1098 4065; x_wconf 78' lang='grc' dir='ltr'>δὲ</span> <span class='ocrx_word' id='word_1_321' title='bbox 1144 4016 1252 4065; x_wconf 80' lang='grc' dir='ltr'>ποῦ</span> <span class='ocrx_word' id='word_1_322' title='bbox 1295 4009 1354 4065; x_wconf 80' lang='grc' dir='ltr'>ἂν</span> <span class='ocrx_word' id='word_1_323' title='bbox 1403 4009 1567 4074; x_wconf 72' lang='grc' dir='ltr'>αὐτὸς</span> <span class='ocrx_word' id='word_1_324' title='bbox 1613 4013 1760 4083; x_wconf 79' lang='grc' dir='ltr'>ἡμᾶς</span> <span class='ocrx_word' id='word_1_325' title='bbox 1805 4009 2002 4075; x_wconf 75' lang='grc' dir='ltr'>δοῦλος</span> 
     </span>
    </p>
   </div>
   <div class='ocr_carea' id='block_1_43' title="bbox 343 4096 2004 4174">
    <p class='ocr_par' dir='ltr' id='par_1_43' title="bbox 343 4096 2004 4174">
     <span class='ocr_line' id='line_1_43' title="bbox 343 4096 2004 4174; baseline 0.002 -24"><span class='ocrx_word' id='word_1_326' title='bbox 343 4097 426 4153; x_wconf 78' lang='grc' dir='ltr'>ὢν</span> <span class='ocrx_word' id='word_1_327' title='bbox 485 4099 748 4172; x_wconf 74' lang='grc' dir='ltr'>ἀνήγαγεν</span> <span class='ocrx_word' id='word_1_328' title='bbox 793 4097 876 4166; x_wconf 67' lang='grc'>³⁵,</span> <span class='ocrx_word' id='word_1_329' title='bbox 937 4097 972 4166; x_wconf 68' lang='grc' dir='ltr'><strong>ἢ</strong></span> <span class='ocrx_word' id='word_1_330' title='bbox 1033 4103 1148 4158; x_wconf 87' lang='grc' dir='ltr'>πῶς</span> <span class='ocrx_word' id='word_1_331' title='bbox 1199 4099 1260 4152; x_wconf 83' lang='grc' dir='ltr'>ἃν</span> <span class='ocrx_word' id='word_1_332' title='bbox 1316 4096 1566 4172; x_wconf 75' lang='grc' dir='ltr'>σύνεδρον</span> <span class='ocrx_word' id='word_1_333' title='bbox 1623 4098 1703 4171; x_wconf 84' lang='grc' dir='ltr'>τῷ</span> <span class='ocrx_word' id='word_1_334' title='bbox 1758 4105 2004 4174; x_wconf 81' lang='grc' dir='ltr'>πατρικῷ</span> 
     </span>
    </p>
   </div>
   <div class='ocr_carea' id='block_1_44' title="bbox 335 4185 2002 4264">
    <p class='ocr_par' dir='ltr' id='par_1_44' title="bbox 335 4185 2002 4264">
     <span class='ocr_line' id='line_1_44' title="bbox 335 4185 2002 4264; baseline 0.001 -21"><span class='ocrx_word' id='word_1_335' title='bbox 335 4190 520 4264; x_wconf 81' lang='grc' dir='ltr'>θρόνῳ</span> <span class='ocrx_word' id='word_1_336' title='bbox 551 4190 610 4242; x_wconf 87' lang='grc' dir='ltr'>τὸ</span> <span class='ocrx_word' id='word_1_337' title='bbox 651 4186 941 4261; x_wconf 68' lang='grc' dir='ltr'>ἡμετερον,</span> <span class='ocrx_word' id='word_1_338' title='bbox 975 4187 1051 4249; x_wconf 84' lang='grc' dir='ltr'>ὡς</span> <span class='ocrx_word' id='word_1_339' title='bbox 1097 4191 1187 4242; x_wconf 81' lang='grc' dir='ltr'>νῦν</span> <span class='ocrx_word' id='word_1_340' title='bbox 1223 4185 1312 4243; x_wconf 73' lang='grc' dir='ltr'>διὰ</span> <span class='ocrx_word' id='word_1_341' title='bbox 1352 4193 1448 4244; x_wconf 75' lang='grc' dir='ltr'>τοῦ</span> <span class='ocrx_word' id='word_1_342' title='bbox 1483 4187 1632 4254; x_wconf 82' lang='grc' dir='ltr'>Υἳοῦ,</span> <span class='ocrx_word' id='word_1_343' title='bbox 1681 4189 2002 4263; x_wconf 79' lang='grc' dir='ltr'>ἐγνωρίζετο</span> 
     </span>
    </p>
   </div>
   <div class='ocr_carea' id='block_1_45' title="bbox 343 4277 593 4356">
    <p class='ocr_par' dir='ltr' id='par_1_45' title="bbox 343 4277 593 4356">
     <span class='ocr_line' id='line_1_45' title="bbox 343 4277 593 4356; baseline 0.016 -26"><span class='ocrx_word' id='word_1_344' title='bbox 343 4277 593 4356; x_wconf 78' lang='grc' dir='ltr'>φύραμα.</span> 
     </span>
    </p>
   </div>
   <div class='ocr_carea' id='block_1_46' title="bbox 2087 625 3737 700">
    <p class='ocr_par' dir='ltr' id='par_1_46' title="bbox 2087 625 3737 700">
     <span class='ocr_line' id='line_1_46' title="bbox 2087 625 3737 700; baseline 0.004 -20"><span class='ocrx_word' id='word_1_345' title='bbox 2087 626 2250 696; x_wconf 85' lang='lat' dir='ltr'>verit,</span> <span class='ocrx_word' id='word_1_346' title='bbox 2275 643 2376 696; x_wconf 90' lang='lat' dir='ltr'>pro</span> <span class='ocrx_word' id='word_1_347' title='bbox 2400 626 2846 697; x_wconf 87' lang='lat' dir='ltr'>suscipientium</span> <span class='ocrx_word' id='word_1_348' title='bbox 2867 626 3198 682; x_wconf 90' lang='lat' dir='ltr'>conditione</span> <span class='ocrx_word' id='word_1_349' title='bbox 3232 625 3390 700; x_wconf 83' lang='lat' dir='ltr'>leges</span> <span class='ocrx_word' id='word_1_350' title='bbox 3423 629 3585 684; x_wconf 86' lang='lat' dir='ltr'>ferre.</span> <span class='ocrx_word' id='word_1_351' title='bbox 3624 629 3737 686; x_wconf 87' lang='lat' dir='ltr'>Le-</span> 
     </span>
    </p>
   </div>
   <div class='ocr_carea' id='block_1_47' title="bbox 2088 715 3734 788">
    <p class='ocr_par' dir='ltr' id='par_1_47' title="bbox 2088 715 3734 788">
     <span class='ocr_line' id='line_1_47' title="bbox 2088 715 3734 788; baseline 0.002 -18"><span class='ocrx_word' id='word_1_352' title='bbox 2088 715 2384 788; x_wconf 86' lang='lat' dir='ltr'>gislatoris</span> <span class='ocrx_word' id='word_1_353' title='bbox 2417 715 2568 771; x_wconf 74' lang='lat'>183</span> <span class='ocrx_word' id='word_1_354' title='bbox 2603 717 2675 787; x_wconf 86' lang='grc' dir='ltr'>(α)</span> <span class='ocrx_word' id='word_1_355' title='bbox 2707 731 2840 772; x_wconf 91' lang='lat' dir='ltr'>vero</span> <span class='ocrx_word' id='word_1_356' title='bbox 2871 721 2961 770; x_wconf 89' lang='lat' dir='ltr'>est</span> <span class='ocrx_word' id='word_1_357' title='bbox 2985 716 3280 786; x_wconf 89' lang='lat' dir='ltr'>judicium</span> <span class='ocrx_word' id='word_1_358' title='bbox 3317 718 3484 786; x_wconf 88' lang='lat' dir='ltr'>ferre,</span> <span class='ocrx_word' id='word_1_359' title='bbox 3518 734 3648 772; x_wconf 91' lang='lat' dir='ltr'>cum</span> <span class='ocrx_word' id='word_1_360' title='bbox 3675 719 3734 774; x_wconf 93' lang='lat' dir='ltr'>in</span> 
     </span>
    </p>
   </div>
   <div class='ocr_carea' id='block_1_48' title="bbox 2089 805 3734 876">
    <p class='ocr_par' dir='ltr' id='par_1_48' title="bbox 2089 805 3734 876">
     <span class='ocr_line' id='line_1_48' title="bbox 2089 805 3734 876; baseline 0.001 -15"><span class='ocrx_word' id='word_1_361' title='bbox 2089 822 2186 861; x_wconf 90' lang='lat' dir='ltr'>eos</span> <span class='ocrx_word' id='word_1_362' title='bbox 2217 805 2313 876; x_wconf 88' lang='lat' dir='ltr'>qui</span> <span class='ocrx_word' id='word_1_363' title='bbox 2336 805 2516 876; x_wconf 82' lang='lat' dir='ltr'>legem</span> <span class='ocrx_word' id='word_1_364' title='bbox 2541 805 2879 876; x_wconf 85' lang='lat' dir='ltr'>spreverint,</span> <span class='ocrx_word' id='word_1_365' title='bbox 2907 805 3106 860; x_wconf 87' lang='lat' dir='ltr'>tumin</span> <span class='ocrx_word' id='word_1_366' title='bbox 3139 821 3255 872; x_wconf 86' lang='lat' dir='ltr'>eos,</span> <span class='ocrx_word' id='word_1_367' title='bbox 3280 806 3378 876; x_wconf 89' lang='lat' dir='ltr'>qui</span> <span class='ocrx_word' id='word_1_368' title='bbox 3410 809 3734 862; x_wconf 89' lang='lat' dir='ltr'>secundum</span> 
     </span>
    </p>
   </div>
   <div class='ocr_carea' id='block_1_49' title="bbox 2089 893 3740 965">
    <p class='ocr_par' dir='ltr' id='par_1_49' title="bbox 2089 893 3740 965">
     <span class='ocr_line' id='line_1_49' title="bbox 2089 893 3740 965; baseline 0.002 -17"><span class='ocrx_word' id='word_1_369' title='bbox 2089 894 2254 949; x_wconf 81' lang='lat' dir='ltr'>illam</span> <span class='ocrx_word' id='word_1_370' title='bbox 2299 893 2591 948; x_wconf 75' lang='lat' dir='ltr'>vixerint:</span> <span class='ocrx_word' id='word_1_371' title='bbox 2651 896 2850 960; x_wconf 82' lang='lat' dir='ltr'>Ouare,</span> <span class='ocrx_word' id='word_1_372' title='bbox 2911 894 3124 964; x_wconf 87' lang='lat' dir='ltr'>inquit,</span> <span class='ocrx_word' id='word_1_373' title='bbox 3169 895 3330 949; x_wconf 82' lang='lat' dir='ltr'>Pater</span> <span class='ocrx_word' id='word_1_374' title='bbox 3374 911 3480 952; x_wconf 80' lang='lat' dir='ltr'>non</span> <span class='ocrx_word' id='word_1_375' title='bbox 3531 895 3740 965; x_wconf 72' lang='lat' dir='ltr'>iudicat</span> 
     </span>
    </p>
   </div>
   <div class='ocr_carea' id='block_1_50' title="bbox 2090 983 3740 1055">
    <p class='ocr_par' dir='ltr' id='par_1_50' title="bbox 2090 983 3740 1055">
     <span class='ocr_line' id='line_1_50' title="bbox 2090 983 3740 1055; baseline 0.001 -17"><span class='ocrx_word' id='word_1_376' title='bbox 2090 999 2438 1055; x_wconf 84' lang='lat' dir='ltr'>quemquam,</span> <span class='ocrx_word' id='word_1_377' title='bbox 2495 983 2586 1038; x_wconf 84' lang='lat' dir='ltr'>sed</span> <span class='ocrx_word' id='word_1_378' title='bbox 2642 999 2802 1038; x_wconf 82' lang='lat' dir='ltr'>omne</span> <span class='ocrx_word' id='word_1_379' title='bbox 2858 983 3126 1049; x_wconf 79' lang='lat' dir='ltr'>iudicium</span> <span class='ocrx_word' id='word_1_380' title='bbox 3183 983 3329 1039; x_wconf 86' lang='lat' dir='ltr'>dedit</span> <span class='ocrx_word' id='word_1_381' title='bbox 3386 985 3528 1039; x_wconf 81' lang='lat' dir='ltr'>Filio</span> <span class='ocrx_word' id='word_1_382' title='bbox 3577 983 3619 1040; x_wconf 72' lang='lat'>9.</span> <span class='ocrx_word' id='word_1_383' title='bbox 3671 986 3740 1040; x_wconf 89' lang='lat' dir='ltr'>Et</span> 
     </span>
    </p>
   </div>
   <div class='ocr_carea' id='block_1_51' title="bbox 2093 1072 3741 1140">
    <p class='ocr_par' dir='ltr' id='par_1_51' title="bbox 2093 1072 3741 1140">
     <span class='ocr_line' id='line_1_51' title="bbox 2093 1072 3741 1140; baseline 0 -14"><span class='ocrx_word' id='word_1_384' title='bbox 2093 1073 2304 1126; x_wconf 81' lang='lat' dir='ltr'>iterum</span> <span class='ocrx_word' id='word_1_385' title='bbox 2367 1088 2380 1126; x_wconf 87' lang='lat'><strong>:</strong></span> <span class='ocrx_word' id='word_1_386' title='bbox 2438 1074 2608 1126; x_wconf 88' lang='lat' dir='ltr'>Pater</span> <span class='ocrx_word' id='word_1_387' title='bbox 2638 1072 2832 1139; x_wconf 79' lang='lat' dir='ltr'>diligit</span> <span class='ocrx_word' id='word_1_388' title='bbox 2886 1073 3111 1140; x_wconf 81' lang='lat' dir='ltr'>Filium,</span> <span class='ocrx_word' id='word_1_389' title='bbox 3144 1081 3193 1128; x_wconf 84' lang='lat' dir='ltr'>et</span> <span class='ocrx_word' id='word_1_390' title='bbox 3251 1075 3437 1128; x_wconf 84' lang='lat' dir='ltr'>omnia</span> <span class='ocrx_word' id='word_1_391' title='bbox 3485 1073 3631 1128; x_wconf 82' lang='lat' dir='ltr'>dedit</span> <span class='ocrx_word' id='word_1_392' title='bbox 3678 1073 3741 1128; x_wconf 84' lang='lat' dir='ltr'>in</span> 
     </span>
    </p>
   </div>
   <div class='ocr_carea' id='block_1_52' title="bbox 2091 1159 3736 1233">
    <p class='ocr_par' dir='ltr' id='par_1_52' title="bbox 2091 1159 3736 1233">
     <span class='ocr_line' id='line_1_52' title="bbox 2091 1159 3736 1233; baseline 0.001 -18"><span class='ocrx_word' id='word_1_393' title='bbox 2091 1177 2264 1216; x_wconf 81' lang='lat' dir='ltr'>manu</span> <span class='ocrx_word' id='word_1_394' title='bbox 2294 1162 2411 1228; x_wconf 76' lang='lat' dir='ltr'>eius</span> <span class='ocrx_word' id='word_1_395' title='bbox 2455 1159 2521 1214; x_wconf 68' lang='grc' dir='ltr'>ιο.</span> <span class='ocrx_word' id='word_1_396' title='bbox 2555 1161 2662 1226; x_wconf 88' lang='lat' dir='ltr'>Qui</span> <span class='ocrx_word' id='word_1_397' title='bbox 2695 1164 3021 1216; x_wconf 80' lang='lat' dir='ltr'>creaturam</span> <span class='ocrx_word' id='word_1_398' title='bbox 3065 1179 3164 1232; x_wconf 89' lang='lat' dir='ltr'>per</span> <span class='ocrx_word' id='word_1_399' title='bbox 3195 1166 3378 1217; x_wconf 81' lang='lat' dir='ltr'>semet</span> <span class='ocrx_word' id='word_1_400' title='bbox 3419 1162 3736 1233; x_wconf 84' lang='lat' dir='ltr'>reﬁngens,</span> 
     </span>
    </p>
   </div>
   <div class='ocr_carea' id='block_1_53' title="bbox 2093 1247 3738 1322">
    <p class='ocr_par' dir='ltr' id='par_1_53' title="bbox 2093 1247 3738 1322">
     <span class='ocr_line' id='line_1_53' title="bbox 2093 1247 3738 1322; baseline 0.001 -17"><span class='ocrx_word' id='word_1_401' title='bbox 2093 1253 2149 1306; x_wconf 87' lang='lat' dir='ltr'>at</span> <span class='ocrx_word' id='word_1_402' title='bbox 2175 1250 2402 1320; x_wconf 89' lang='lat' dir='ltr'>primus</span> <span class='ocrx_word' id='word_1_403' title='bbox 2422 1249 2579 1321; x_wconf 89' lang='lat' dir='ltr'>leges</span> <span class='ocrx_word' id='word_1_404' title='bbox 2609 1247 2882 1320; x_wconf 89' lang='lat' dir='ltr'>implens,</span> <span class='ocrx_word' id='word_1_405' title='bbox 2906 1252 3238 1322; x_wconf 82' lang='lat' dir='ltr'>exemplum</span> <span class='ocrx_word' id='word_1_406' title='bbox 3270 1249 3437 1306; x_wconf 89' lang='lat' dir='ltr'>nobis</span> <span class='ocrx_word' id='word_1_407' title='bbox 3469 1251 3738 1320; x_wconf 69' lang='lat' dir='ltr'>degendae</span> 
     </span>
    </p>
   </div>
   <div class='ocr_carea' id='block_1_54' title="bbox 2093 1337 3744 1410">
    <p class='ocr_par' dir='ltr' id='par_1_54' title="bbox 2093 1337 3744 1410">
     <span class='ocr_line' id='line_1_54' title="bbox 2093 1337 3744 1410; baseline 0.001 -18"><span class='ocrx_word' id='word_1_408' title='bbox 2093 1339 2221 1393; x_wconf 81' lang='lat' dir='ltr'>vitae</span> <span class='ocrx_word' id='word_1_409' title='bbox 2271 1338 2529 1410; x_wconf 87' lang='lat' dir='ltr'>seipsum</span> <span class='ocrx_word' id='word_1_410' title='bbox 2565 1337 2892 1408; x_wconf 73' lang='lat' dir='ltr'>praescribit</span> <span class='ocrx_word' id='word_1_411' title='bbox 2942 1355 2954 1392; x_wconf 91' lang='lat'>:</span> <span class='ocrx_word' id='word_1_412' title='bbox 3002 1354 3174 1409; x_wconf 89' lang='lat' dir='ltr'>quam</span> <span class='ocrx_word' id='word_1_413' title='bbox 3233 1339 3404 1394; x_wconf 88' lang='lat' dir='ltr'>vitam</span> <span class='ocrx_word' id='word_1_414' title='bbox 3455 1339 3620 1394; x_wconf 80' lang='lat' dir='ltr'>facile</span> <span class='ocrx_word' id='word_1_415' title='bbox 3659 1347 3744 1395; x_wconf 88' lang='lat' dir='ltr'>est</span> 
     </span>
    </p>
   </div>
   <div class='ocr_carea' id='block_1_55' title="bbox 2097 1425 3740 1498">
    <p class='ocr_par' dir='ltr' id='par_1_55' title="bbox 2097 1425 3740 1498">
     <span class='ocr_line' id='line_1_55' title="bbox 2097 1425 3740 1498; baseline 0.001 -16"><span class='ocrx_word' id='word_1_416' title='bbox 2097 1433 2249 1482; x_wconf 88' lang='lat' dir='ltr'>recte</span> <span class='ocrx_word' id='word_1_417' title='bbox 2309 1427 2626 1496; x_wconf 83' lang='lat' dir='ltr'>instituere,</span> <span class='ocrx_word' id='word_1_418' title='bbox 2659 1427 2708 1481; x_wconf 89' lang='lat' dir='ltr'>si</span> <span class='ocrx_word' id='word_1_419' title='bbox 2769 1427 2942 1482; x_wconf 91' lang='lat' dir='ltr'>modo</span> <span class='ocrx_word' id='word_1_420' title='bbox 2983 1427 3042 1481; x_wconf 90' lang='lat' dir='ltr'>in</span> <span class='ocrx_word' id='word_1_421' title='bbox 3087 1425 3420 1498; x_wconf 87' lang='lat' dir='ltr'>principem,</span> <span class='ocrx_word' id='word_1_422' title='bbox 3450 1432 3507 1482; x_wconf 91' lang='lat' dir='ltr'>et</span> <span class='ocrx_word' id='word_1_423' title='bbox 3563 1444 3740 1484; x_wconf 84' lang='lat' dir='ltr'>manu</span> 
     </span>
    </p>
   </div>
   <div class='ocr_carea' id='block_1_56' title="bbox 2095 1515 3744 1588">
    <p class='ocr_par' dir='ltr' id='par_1_56' title="bbox 2095 1515 3744 1588">
     <span class='ocr_line' id='line_1_56' title="bbox 2095 1515 3744 1588; baseline 0.001 -16"><span class='ocrx_word' id='word_1_424' title='bbox 2095 1517 2403 1572; x_wconf 85' lang='lat' dir='ltr'>ducentem</span> <span class='ocrx_word' id='word_1_425' title='bbox 2447 1515 2855 1587; x_wconf 86' lang='lat' dir='ltr'>respiciamus.</span> <span class='ocrx_word' id='word_1_426' title='bbox 2890 1515 3159 1586; x_wconf 87' lang='lat' dir='ltr'>Optimus</span> <span class='ocrx_word' id='word_1_427' title='bbox 3191 1515 3406 1587; x_wconf 88' lang='lat' dir='ltr'>quippe</span> <span class='ocrx_word' id='word_1_428' title='bbox 3444 1515 3744 1588; x_wconf 81' lang='lat' dir='ltr'>legislator</span> 
     </span>
    </p>
   </div>
   <div class='ocr_carea' id='block_1_57' title="bbox 2093 1605 3744 1678">
    <p class='ocr_par' dir='ltr' id='par_1_57' title="bbox 2093 1605 3744 1678">
     <span class='ocr_line' id='line_1_57' title="bbox 2093 1605 3744 1678; baseline -0.001 -15"><span class='ocrx_word' id='word_1_429' title='bbox 2093 1607 2212 1670; x_wconf 80' lang='lat' dir='ltr'>ille,</span> <span class='ocrx_word' id='word_1_430' title='bbox 2236 1608 2332 1678; x_wconf 89' lang='lat' dir='ltr'>qui</span> <span class='ocrx_word' id='word_1_431' title='bbox 2367 1624 2476 1662; x_wconf 91' lang='lat' dir='ltr'>non</span> <span class='ocrx_word' id='word_1_432' title='bbox 2497 1607 2685 1662; x_wconf 89' lang='lat' dir='ltr'>verbis</span> <span class='ocrx_word' id='word_1_433' title='bbox 2713 1607 2884 1662; x_wconf 92' lang='lat' dir='ltr'>modo</span> <span class='ocrx_word' id='word_1_434' title='bbox 2907 1606 3042 1676; x_wconf 88' lang='lat' dir='ltr'>quid</span> <span class='ocrx_word' id='word_1_435' title='bbox 3073 1607 3492 1678; x_wconf 85' lang='lat' dir='ltr'>agendum,sed</span> <span class='ocrx_word' id='word_1_436' title='bbox 3521 1605 3744 1662; x_wconf 80' lang='lat' dir='ltr'>actione</span> 
     </span>
    </p>
   </div>
   <div class='ocr_carea' id='block_1_58' title="bbox 2097 1695 3743 1768">
    <p class='ocr_par' dir='ltr' id='par_1_58' title="bbox 2097 1695 3743 1768">
     <span class='ocr_line' id='line_1_58' title="bbox 2097 1695 3743 1768; baseline 0.001 -17"><span class='ocrx_word' id='word_1_437' title='bbox 2097 1698 2291 1768; x_wconf 84' lang='lat' dir='ltr'>potius</span> <span class='ocrx_word' id='word_1_438' title='bbox 2323 1696 2448 1765; x_wconf 88' lang='lat' dir='ltr'>ipsa</span> <span class='ocrx_word' id='word_1_439' title='bbox 2469 1696 2654 1766; x_wconf 61' lang='lat' dir='ltr'>praeit,</span> <span class='ocrx_word' id='word_1_440' title='bbox 2680 1713 2853 1766; x_wconf 86' lang='lat' dir='ltr'>quam</span> <span class='ocrx_word' id='word_1_441' title='bbox 2888 1695 3062 1752; x_wconf 88' lang='lat' dir='ltr'>etiam</span> <span class='ocrx_word' id='word_1_442' title='bbox 3085 1695 3156 1751; x_wconf 91' lang='lat' dir='ltr'>ob</span> <span class='ocrx_word' id='word_1_443' title='bbox 3176 1712 3294 1752; x_wconf 88' lang='lat' dir='ltr'>rem</span> <span class='ocrx_word' id='word_1_444' title='bbox 3317 1695 3535 1750; x_wconf 90' lang='lat' dir='ltr'>dicitur</span> <span class='ocrx_word' id='word_1_445' title='bbox 3569 1695 3743 1763; x_wconf 66' lang='lat' dir='ltr'>:Qua&#39;e</span> 
     </span>
    </p>
   </div>
   <div class='ocr_carea' id='block_1_59' title="bbox 2095 1784 3031 1856">
    <p class='ocr_par' dir='ltr' id='par_1_59' title="bbox 2095 1784 3031 1856">
     <span class='ocr_line' id='line_1_59' title="bbox 2095 1784 3031 1856; baseline -0.002 -16"><span class='ocrx_word' id='word_1_446' title='bbox 2095 1784 2254 1856; x_wconf 66' lang='lat' dir='ltr'>erepit</span> <span class='ocrx_word' id='word_1_447' title='bbox 2282 1785 2431 1840; x_wconf 76' lang='lat' dir='ltr'>Iesus</span> <span class='ocrx_word' id='word_1_448' title='bbox 2458 1786 2641 1856; x_wconf 79' lang='lat' dir='ltr'>facere</span> <span class='ocrx_word' id='word_1_449' title='bbox 2671 1789 2721 1840; x_wconf 87' lang='lat' dir='ltr'>et</span> <span class='ocrx_word' id='word_1_450' title='bbox 2750 1785 2939 1840; x_wconf 86' lang='lat' dir='ltr'>docere</span> <span class='ocrx_word' id='word_1_451' title='bbox 2968 1786 3031 1838; x_wconf 85' lang='grc'>¹².</span> 
     </span>
    </p>
   </div>
   <div class='ocr_carea' id='block_1_60' title="bbox 2171 1873 3743 1944">
    <p class='ocr_par' dir='ltr' id='par_1_60' title="bbox 2171 1873 3743 1944">
     <span class='ocr_line' id='line_1_60' title="bbox 2171 1873 3743 1944; baseline 0.001 -16"><span class='ocrx_word' id='word_1_452' title='bbox 2171 1875 2257 1928; x_wconf 85' lang='grc'>11.</span> <span class='ocrx_word' id='word_1_453' title='bbox 2291 1873 2506 1938; x_wconf 75' lang='lat' dir='ltr'>Quaerit</span> <span class='ocrx_word' id='word_1_454' title='bbox 2536 1874 2749 1930; x_wconf 87' lang='lat' dir='ltr'>deinde</span> <span class='ocrx_word' id='word_1_455' title='bbox 2785 1892 2798 1930; x_wconf 89' lang='lat'><strong>:</strong></span> <span class='ocrx_word' id='word_1_456' title='bbox 2833 1879 3017 1944; x_wconf 82' lang='lat' dir='ltr'>Quare</span> <span class='ocrx_word' id='word_1_457' title='bbox 3055 1891 3164 1930; x_wconf 82' lang='lat' dir='ltr'>non</span> <span class='ocrx_word' id='word_1_458' title='bbox 3193 1891 3294 1943; x_wconf 85' lang='lat' dir='ltr'>per</span> <span class='ocrx_word' id='word_1_459' title='bbox 3344 1874 3621 1930; x_wconf 88' lang='lat' dir='ltr'>hominem</span> <span class='ocrx_word' id='word_1_460' title='bbox 3670 1875 3743 1930; x_wconf 81' lang='lat' dir='ltr'>sit</span> 
     </span>
    </p>
   </div>
   <div class='ocr_carea' id='block_1_61' title="bbox 2093 1963 3743 2036">
    <p class='ocr_par' dir='ltr' id='par_1_61' title="bbox 2093 1963 3743 2036">
     <span class='ocr_line' id='line_1_61' title="bbox 2093 1963 3743 2036; baseline 0.001 -18"><span class='ocrx_word' id='word_1_461' title='bbox 2093 1967 2247 2035; x_wconf 82' lang='lat' dir='ltr'>facta</span> <span class='ocrx_word' id='word_1_462' title='bbox 2278 1963 2511 2018; x_wconf 79' lang='lat' dir='ltr'>saluatio</span> <span class='ocrx_word' id='word_1_463' title='bbox 2543 1965 2567 2015; x_wconf 74' lang='lat'>.9</span> <span class='ocrx_word' id='word_1_464' title='bbox 2596 1967 2694 2018; x_wconf 85' lang='lat' dir='ltr'>aut</span> <span class='ocrx_word' id='word_1_465' title='bbox 2727 1980 2740 2018; x_wconf 90' lang='lat'><strong>:</strong></span> <span class='ocrx_word' id='word_1_466' title='bbox 2801 1979 2972 2034; x_wconf 86' lang='lat' dir='ltr'>quare</span> <span class='ocrx_word' id='word_1_467' title='bbox 3028 1980 3136 2020; x_wconf 81' lang='lat' dir='ltr'>non</span> <span class='ocrx_word' id='word_1_468' title='bbox 3189 1965 3420 2033; x_wconf 77' lang='lat' dir='ltr'>angelus</span> <span class='ocrx_word' id='word_1_469' title='bbox 3463 1963 3743 2036; x_wconf 80' lang='lat' dir='ltr'>quispiam</span> 
     </span>
    </p>
   </div>
   <div class='ocr_carea' id='block_1_62' title="bbox 2092 2051 3738 2123">
    <p class='ocr_par' dir='ltr' id='par_1_62' title="bbox 2092 2051 3738 2123">
     <span class='ocr_line' id='line_1_62' title="bbox 2092 2051 3738 2123; baseline 0.001 -16"><span class='ocrx_word' id='word_1_470' title='bbox 2092 2069 2315 2107; x_wconf 84' lang='lat' dir='ltr'>carnem</span> <span class='ocrx_word' id='word_1_471' title='bbox 2345 2051 2633 2107; x_wconf 80' lang='lat' dir='ltr'>induerit!</span> <span class='ocrx_word' id='word_1_472' title='bbox 2660 2053 3013 2122; x_wconf 83' lang='lat' dir='ltr'>Respondet,</span> <span class='ocrx_word' id='word_1_473' title='bbox 3047 2055 3327 2108; x_wconf 87' lang='lat' dir='ltr'>tentatam</span> <span class='ocrx_word' id='word_1_474' title='bbox 3361 2053 3592 2123; x_wconf 88' lang='lat' dir='ltr'>quidem</span> <span class='ocrx_word' id='word_1_475' title='bbox 3635 2053 3738 2108; x_wconf 91' lang='lat' dir='ltr'>ho-</span> 
     </span>
    </p>
   </div>
   <div class='ocr_carea' id='block_1_63' title="bbox 2097 2139 3740 2211">
    <p class='ocr_par' dir='ltr' id='par_1_63' title="bbox 2097 2139 3740 2211">
     <span class='ocr_line' id='line_1_63' title="bbox 2097 2139 3740 2211; baseline 0 -16"><span class='ocrx_word' id='word_1_476' title='bbox 2097 2141 2319 2196; x_wconf 89' lang='lat' dir='ltr'>minum</span> <span class='ocrx_word' id='word_1_477' title='bbox 2355 2139 2605 2196; x_wconf 84' lang='lat' dir='ltr'>salutem</span> <span class='ocrx_word' id='word_1_478' title='bbox 2637 2157 2732 2210; x_wconf 80' lang='lat' dir='ltr'>per</span> <span class='ocrx_word' id='word_1_479' title='bbox 2752 2139 3018 2196; x_wconf 91' lang='lat' dir='ltr'>homines</span> <span class='ocrx_word' id='word_1_480' title='bbox 3039 2157 3152 2195; x_wconf 90' lang='lat' dir='ltr'>non</span> <span class='ocrx_word' id='word_1_481' title='bbox 3177 2140 3381 2208; x_wconf 88' lang='lat' dir='ltr'>semel,</span> <span class='ocrx_word' id='word_1_482' title='bbox 3399 2157 3500 2211; x_wconf 92' lang='lat' dir='ltr'>per</span> <span class='ocrx_word' id='word_1_483' title='bbox 3520 2141 3740 2197; x_wconf 89' lang='lat' dir='ltr'>Mosem</span> 
     </span>
    </p>
   </div>
   <div class='ocr_carea' id='block_1_64' title="bbox 2095 2229 3738 2302">
    <p class='ocr_par' dir='ltr' id='par_1_64' title="bbox 2095 2229 3738 2302">
     <span class='ocr_line' id='line_1_64' title="bbox 2095 2229 3738 2302; baseline 0.001 -17"><span class='ocrx_word' id='word_1_484' title='bbox 2095 2230 2374 2286; x_wconf 86' lang='lat' dir='ltr'>nimirum</span> <span class='ocrx_word' id='word_1_485' title='bbox 2430 2238 2482 2285; x_wconf 89' lang='lat' dir='ltr'>et</span> <span class='ocrx_word' id='word_1_486' title='bbox 2529 2229 2838 2300; x_wconf 87' lang='lat' dir='ltr'>prophetas</span> <span class='ocrx_word' id='word_1_487' title='bbox 2891 2247 2903 2284; x_wconf 92' lang='lat'><strong>:</strong></span> <span class='ocrx_word' id='word_1_488' title='bbox 2943 2229 3044 2285; x_wconf 86' lang='lat' dir='ltr'>sed</span> <span class='ocrx_word' id='word_1_489' title='bbox 3101 2247 3393 2302; x_wconf 83' lang='lat' dir='ltr'>nunquam</span> <span class='ocrx_word' id='word_1_490' title='bbox 3439 2231 3522 2286; x_wconf 84' lang='lat' dir='ltr'>vel</span> <span class='ocrx_word' id='word_1_491' title='bbox 3565 2246 3738 2286; x_wconf 87' lang='lat' dir='ltr'>unam</span> 
     </span>
    </p>
   </div>
   <div class='ocr_carea' id='block_1_65' title="bbox 2094 2319 3742 2393">
    <p class='ocr_par' dir='ltr' id='par_1_65' title="bbox 2094 2319 3742 2393">
     <span class='ocr_line' id='line_1_65' title="bbox 2094 2319 3742 2393; baseline 0.002 -19"><span class='ocrx_word' id='word_1_492' title='bbox 2094 2319 2349 2390; x_wconf 84' lang='lat' dir='ltr'>aliquam</span> <span class='ocrx_word' id='word_1_493' title='bbox 2399 2324 2653 2391; x_wconf 83' lang='lat' dir='ltr'>gentem,</span> <span class='ocrx_word' id='word_1_494' title='bbox 2697 2325 2874 2376; x_wconf 87' lang='lat' dir='ltr'>totam</span> <span class='ocrx_word' id='word_1_495' title='bbox 2932 2321 3266 2376; x_wconf 70' lang='lat' dir='ltr'>Judaaorum</span> <span class='ocrx_word' id='word_1_496' title='bbox 3321 2325 3478 2393; x_wconf 88' lang='lat' dir='ltr'>puta,</span> <span class='ocrx_word' id='word_1_497' title='bbox 3521 2322 3593 2377; x_wconf 89' lang='lat' dir='ltr'>ab</span> <span class='ocrx_word' id='word_1_498' title='bbox 3643 2321 3742 2378; x_wconf 92' lang='lat' dir='ltr'>illo</span> 
     </span>
    </p>
   </div>
   <div class='ocr_carea' id='block_1_66' title="bbox 2095 2409 3741 2482">
    <p class='ocr_par' dir='ltr' id='par_1_66' title="bbox 2095 2409 3741 2482">
     <span class='ocr_line' id='line_1_66' title="bbox 2095 2409 3741 2482; baseline 0.002 -18"><span class='ocrx_word' id='word_1_499' title='bbox 2095 2410 2394 2464; x_wconf 87' lang='lat' dir='ltr'>communi</span> <span class='ocrx_word' id='word_1_500' title='bbox 2435 2411 2630 2464; x_wconf 88' lang='lat' dir='ltr'>morbo</span> <span class='ocrx_word' id='word_1_501' title='bbox 2671 2409 3032 2464; x_wconf 83' lang='lat' dir='ltr'>convaluisse</span> <span class='ocrx_word' id='word_1_502' title='bbox 3063 2427 3075 2467; x_wconf 93' lang='lat'>:</span> <span class='ocrx_word' id='word_1_503' title='bbox 3102 2412 3393 2480; x_wconf 90' lang='lat' dir='ltr'>quomodo</span> <span class='ocrx_word' id='word_1_504' title='bbox 3423 2411 3602 2482; x_wconf 82' lang='lat' dir='ltr'>igitur</span> <span class='ocrx_word' id='word_1_505' title='bbox 3631 2411 3741 2466; x_wconf 90' lang='lat' dir='ltr'>hu-</span> 
     </span>
    </p>
   </div>
   <div class='ocr_carea' id='block_1_67' title="bbox 2097 2498 3742 2570">
    <p class='ocr_par' dir='ltr' id='par_1_67' title="bbox 2097 2498 3742 2570">
     <span class='ocr_line' id='line_1_67' title="bbox 2097 2498 3742 2570; baseline 0.001 -18"><span class='ocrx_word' id='word_1_506' title='bbox 2097 2514 2334 2553; x_wconf 87' lang='lat' dir='ltr'>manum</span> <span class='ocrx_word' id='word_1_507' title='bbox 2382 2513 2567 2568; x_wconf 86' lang='lat' dir='ltr'>genus</span> <span class='ocrx_word' id='word_1_508' title='bbox 2613 2498 2978 2566; x_wconf 88' lang='lat' dir='ltr'>universum,</span> <span class='ocrx_word' id='word_1_509' title='bbox 3011 2499 3212 2554; x_wconf 90' lang='lat' dir='ltr'>morbo</span> <span class='ocrx_word' id='word_1_510' title='bbox 3258 2503 3616 2570; x_wconf 90' lang='lat' dir='ltr'>correptum,</span> <span class='ocrx_word' id='word_1_511' title='bbox 3648 2516 3742 2554; x_wconf 48' lang='lat' dir='ltr'>se:</span> 
     </span>
    </p>
   </div>
   <div class='ocr_carea' id='block_1_68' title="bbox 2097 2585 3742 2659">
    <p class='ocr_par' dir='ltr' id='par_1_68' title="bbox 2097 2585 3742 2659">
     <span class='ocr_line' id='line_1_68' title="bbox 2097 2585 3742 2659; baseline 0 -17"><span class='ocrx_word' id='word_1_512' title='bbox 2097 2589 2355 2652; x_wconf 84' lang='lat' dir='ltr'>nassent,</span> <span class='ocrx_word' id='word_1_513' title='bbox 2387 2591 2489 2640; x_wconf 87' lang='lat' dir='ltr'>aut</span> <span class='ocrx_word' id='word_1_514' title='bbox 2527 2587 2731 2640; x_wconf 81' lang='lat' dir='ltr'>fortem</span> <span class='ocrx_word' id='word_1_515' title='bbox 2779 2585 3062 2658; x_wconf 86' lang='lat' dir='ltr'>ligassent</span> <span class='ocrx_word' id='word_1_516' title='bbox 3095 2587 3157 2654; x_wconf 71' lang='grc'>’⁸,</span> <span class='ocrx_word' id='word_1_517' title='bbox 3193 2593 3368 2658; x_wconf 87' lang='lat' dir='ltr'>atque</span> <span class='ocrx_word' id='word_1_518' title='bbox 3416 2587 3546 2659; x_wconf 87' lang='lat' dir='ltr'>ejus</span> <span class='ocrx_word' id='word_1_519' title='bbox 3577 2603 3742 2643; x_wconf 88' lang='lat' dir='ltr'>arma</span> 
     </span>
    </p>
   </div>
   <div class='ocr_carea' id='block_1_69' title="bbox 2096 2675 3740 2748">
    <p class='ocr_par' dir='ltr' id='par_1_69' title="bbox 2096 2675 3740 2748">
     <span class='ocr_line' id='line_1_69' title="bbox 2096 2675 3740 2748; baseline 0.001 -16"><span class='ocrx_word' id='word_1_520' title='bbox 2096 2675 2520 2732; x_wconf 80' lang='lat' dir='ltr'>abstulissent?</span> <span class='ocrx_word' id='word_1_521' title='bbox 2561 2677 2862 2740; x_wconf 87' lang='lat' dir='ltr'>Quomodo</span> <span class='ocrx_word' id='word_1_522' title='bbox 2893 2693 3024 2732; x_wconf 88' lang='lat' dir='ltr'>vero</span> <span class='ocrx_word' id='word_1_523' title='bbox 3055 2693 3236 2747; x_wconf 90' lang='lat' dir='ltr'>purus</span> <span class='ocrx_word' id='word_1_524' title='bbox 3281 2677 3442 2732; x_wconf 88' lang='lat' dir='ltr'>homo</span> <span class='ocrx_word' id='word_1_525' title='bbox 3474 2678 3740 2748; x_wconf 83' lang='lat' dir='ltr'>ejusdem</span> 
     </span>
    </p>
   </div>
   <div class='ocr_carea' id='block_1_70' title="bbox 2097 2763 3740 2837">
    <p class='ocr_par' dir='ltr' id='par_1_70' title="bbox 2097 2763 3740 2837">
     <span class='ocr_line' id='line_1_70' title="bbox 2097 2763 3740 2837; baseline 0 -17"><span class='ocrx_word' id='word_1_526' title='bbox 2097 2779 2296 2820; x_wconf 86' lang='lat' dir='ltr'>secum</span> <span class='ocrx_word' id='word_1_527' title='bbox 2348 2771 2566 2818; x_wconf 73' lang='lat' dir='ltr'>naturas</span> <span class='ocrx_word' id='word_1_528' title='bbox 2619 2763 2914 2818; x_wconf 85' lang='lat' dir='ltr'>hominem</span> <span class='ocrx_word' id='word_1_529' title='bbox 2965 2770 3370 2837; x_wconf 82' lang='lat' dir='ltr'>expurgasset,</span> <span class='ocrx_word' id='word_1_530' title='bbox 3403 2767 3740 2822; x_wconf 82' lang='lat' dir='ltr'>earumdem</span> 
     </span>
    </p>
   </div>
   <div class='ocr_carea' id='block_1_71' title="bbox 2097 2853 3746 2926">
    <p class='ocr_par' dir='ltr' id='par_1_71' title="bbox 2097 2853 3746 2926">
     <span class='ocr_line' id='line_1_71' title="bbox 2097 2853 3746 2926; baseline -0.002 -14"><span class='ocrx_word' id='word_1_531' title='bbox 2097 2857 2220 2926; x_wconf 88' lang='lat' dir='ltr'>ipse</span> <span class='ocrx_word' id='word_1_532' title='bbox 2263 2854 2548 2926; x_wconf 85' lang='lat' dir='ltr'>particeps</span> <span class='ocrx_word' id='word_1_533' title='bbox 2589 2853 2888 2910; x_wconf 82' lang='lat' dir='ltr'>sordium?</span> <span class='ocrx_word' id='word_1_534' title='bbox 2918 2859 3084 2910; x_wconf 85' lang='lat' dir='ltr'>Nemo</span> <span class='ocrx_word' id='word_1_535' title='bbox 3118 2854 3268 2910; x_wconf 84' lang='lat' dir='ltr'>enim</span> <span class='ocrx_word' id='word_1_536' title='bbox 3307 2872 3340 2909; x_wconf 90' lang='lat' dir='ltr'>a</span> <span class='ocrx_word' id='word_1_537' title='bbox 3377 2854 3537 2910; x_wconf 80' lang='lat' dir='ltr'>sorde</span> <span class='ocrx_word' id='word_1_538' title='bbox 3577 2871 3746 2909; x_wconf 77' lang='lat' dir='ltr'>mun-</span> 
     </span>
    </p>
   </div>
   <div class='ocr_carea' id='block_1_72' title="bbox 2099 2941 3746 3015">
    <p class='ocr_par' dir='ltr' id='par_1_72' title="bbox 2099 2941 3746 3015">
     <span class='ocr_line' id='line_1_72' title="bbox 2099 2941 3746 3015; baseline 0 -17"><span class='ocrx_word' id='word_1_539' title='bbox 2099 2944 2200 2998; x_wconf 83' lang='lat' dir='ltr'>dus</span> <span class='ocrx_word' id='word_1_540' title='bbox 2233 2942 2298 2997; x_wconf 80' lang='grc'>¹⁴.</span> <span class='ocrx_word' id='word_1_541' title='bbox 2335 2943 2533 3014; x_wconf 85' lang='lat' dir='ltr'>Neque</span> <span class='ocrx_word' id='word_1_542' title='bbox 2557 2959 2761 2998; x_wconf 86' lang='lat' dir='ltr'>rursus</span> <span class='ocrx_word' id='word_1_543' title='bbox 2794 2941 2982 3015; x_wconf 85' lang='lat' dir='ltr'>angeli</span> <span class='ocrx_word' id='word_1_544' title='bbox 3016 2941 3198 3000; x_wconf 88' lang='lat' dir='ltr'>ullius</span> <span class='ocrx_word' id='word_1_545' title='bbox 3226 2947 3370 3012; x_wconf 88' lang='lat' dir='ltr'>erat,</span> <span class='ocrx_word' id='word_1_546' title='bbox 3403 2943 3451 2999; x_wconf 87' lang='lat' dir='ltr'>si</span> <span class='ocrx_word' id='word_1_547' title='bbox 3473 2941 3554 2998; x_wconf 89' lang='lat' dir='ltr'>illi</span> <span class='ocrx_word' id='word_1_548' title='bbox 3579 2959 3746 2998; x_wconf 89' lang='lat' dir='ltr'>com-</span> 
     </span>
    </p>
   </div>
   <div class='ocr_carea' id='block_1_73' title="bbox 2101 3031 3744 3104">
    <p class='ocr_par' dir='ltr' id='par_1_73' title="bbox 2101 3031 3744 3104">
     <span class='ocr_line' id='line_1_73' title="bbox 2101 3031 3744 3104; baseline 0 -16"><span class='ocrx_word' id='word_1_549' title='bbox 2101 3034 2278 3090; x_wconf 84' lang='lat' dir='ltr'>missa</span> <span class='ocrx_word' id='word_1_550' title='bbox 2300 3033 2508 3088; x_wconf 83' lang='lat' dir='ltr'>fuisset</span> <span class='ocrx_word' id='word_1_551' title='bbox 2539 3031 2881 3098; x_wconf 86' lang='lat' dir='ltr'>incarnatio,</span> <span class='ocrx_word' id='word_1_552' title='bbox 2909 3031 3269 3104; x_wconf 86' lang='lat' dir='ltr'>principatus</span> <span class='ocrx_word' id='word_1_553' title='bbox 3291 3040 3342 3088; x_wconf 88' lang='lat' dir='ltr'>et</span> <span class='ocrx_word' id='word_1_554' title='bbox 3367 3036 3676 3104; x_wconf 79' lang='lat' dir='ltr'>potestates</span> <span class='ocrx_word' id='word_1_555' title='bbox 3703 3032 3744 3068; x_wconf 82' lang='grc'>³⁸</span> 
     </span>
    </p>
   </div>
   <div class='ocr_carea' id='block_1_74' title="bbox 2101 3121 3744 3193">
    <p class='ocr_par' dir='ltr' id='par_1_74' title="bbox 2101 3121 3744 3193">
     <span class='ocr_line' id='line_1_74' title="bbox 2101 3121 3744 3193; baseline 0.001 -16"><span class='ocrx_word' id='word_1_556' title='bbox 2101 3123 2160 3178; x_wconf 90' lang='lat' dir='ltr'>in</span> <span class='ocrx_word' id='word_1_557' title='bbox 2200 3121 2558 3192; x_wconf 88' lang='lat' dir='ltr'>triumphum</span> <span class='ocrx_word' id='word_1_558' title='bbox 2610 3121 2843 3189; x_wconf 89' lang='lat' dir='ltr'>ducere,</span> <span class='ocrx_word' id='word_1_559' title='bbox 2876 3138 2942 3176; x_wconf 86' lang='lat' dir='ltr'>ac</span> <span class='ocrx_word' id='word_1_560' title='bbox 2975 3121 3170 3193; x_wconf 86' lang='lat' dir='ltr'>palam</span> <span class='ocrx_word' id='word_1_561' title='bbox 3222 3123 3548 3178; x_wconf 88' lang='lat' dir='ltr'>traducere.</span> <span class='ocrx_word' id='word_1_562' title='bbox 3581 3123 3744 3188; x_wconf 86' lang='lat' dir='ltr'>Quo-</span> 
     </span>
    </p>
   </div>
   <div class='ocr_carea' id='block_1_75' title="bbox 2107 3210 3748 3282">
    <p class='ocr_par' dir='ltr' id='par_1_75' title="bbox 2107 3210 3748 3282">
     <span class='ocr_line' id='line_1_75' title="bbox 2107 3210 3748 3282; baseline 0.001 -17"><span class='ocrx_word' id='word_1_563' title='bbox 2107 3211 2276 3266; x_wconf 91' lang='lat' dir='ltr'>modo</span> <span class='ocrx_word' id='word_1_564' title='bbox 2325 3211 2498 3265; x_wconf 87' lang='lat' dir='ltr'>etiam</span> <span class='ocrx_word' id='word_1_565' title='bbox 2558 3227 2759 3265; x_wconf 85' lang='lat' dir='ltr'>servus</span> <span class='ocrx_word' id='word_1_566' title='bbox 2809 3210 3089 3280; x_wconf 87' lang='lat' dir='ltr'>potuisset</span> <span class='ocrx_word' id='word_1_567' title='bbox 3132 3210 3430 3266; x_wconf 87' lang='lat' dir='ltr'>Dominica</span> <span class='ocrx_word' id='word_1_568' title='bbox 3473 3227 3540 3266; x_wconf 91' lang='lat' dir='ltr'>ac</span> <span class='ocrx_word' id='word_1_569' title='bbox 3589 3210 3748 3282; x_wconf 85' lang='lat' dir='ltr'>regia</span> 
     </span>
    </p>
   </div>
   <div class='ocr_carea' id='block_1_76' title="bbox 2107 3299 3748 3371">
    <p class='ocr_par' dir='ltr' id='par_1_76' title="bbox 2107 3299 3748 3371">
     <span class='ocr_line' id='line_1_76' title="bbox 2107 3299 3748 3371; baseline 0 -17"><span class='ocrx_word' id='word_1_570' title='bbox 2107 3303 2408 3370; x_wconf 68' lang='lat' dir='ltr'>praecepta,</span> <span class='ocrx_word' id='word_1_571' title='bbox 2442 3299 2586 3370; x_wconf 88' lang='lat' dir='ltr'>legis</span> <span class='ocrx_word' id='word_1_572' title='bbox 2645 3300 2905 3370; x_wconf 85' lang='lat' dir='ltr'>inquam,</span> <span class='ocrx_word' id='word_1_573' title='bbox 2939 3299 2996 3352; x_wconf 93' lang='lat' dir='ltr'>in</span> <span class='ocrx_word' id='word_1_574' title='bbox 3049 3299 3260 3354; x_wconf 88' lang='lat' dir='ltr'>melius</span> <span class='ocrx_word' id='word_1_575' title='bbox 3311 3299 3452 3354; x_wconf 91' lang='lat' dir='ltr'>illud</span> <span class='ocrx_word' id='word_1_576' title='bbox 3499 3315 3748 3371; x_wconf 82' lang='lat' dir='ltr'>evange-</span> 
     </span>
    </p>
   </div>
   <div class='ocr_carea' id='block_1_77' title="bbox 2106 3386 3745 3460">
    <p class='ocr_par' dir='ltr' id='par_1_77' title="bbox 2106 3386 3745 3460">
     <span class='ocr_line' id='line_1_77' title="bbox 2106 3386 3745 3460; baseline -0.001 -18"><span class='ocrx_word' id='word_1_577' title='bbox 2106 3387 2281 3443; x_wconf 92' lang='lat' dir='ltr'>licum</span> <span class='ocrx_word' id='word_1_578' title='bbox 2315 3389 2647 3443; x_wconf 89' lang='lat' dir='ltr'>institutum</span> <span class='ocrx_word' id='word_1_579' title='bbox 2670 3387 2791 3460; x_wconf 90' lang='lat' dir='ltr'>(per</span> <span class='ocrx_word' id='word_1_580' title='bbox 2814 3390 2965 3459; x_wconf 87' lang='lat' dir='ltr'>quod</span> <span class='ocrx_word' id='word_1_581' title='bbox 2991 3388 3158 3444; x_wconf 90' lang='lat' dir='ltr'>nobis</span> <span class='ocrx_word' id='word_1_582' title='bbox 3190 3387 3502 3458; x_wconf 86' lang='lat' dir='ltr'>[solum]in</span> <span class='ocrx_word' id='word_1_583' title='bbox 3535 3386 3745 3442; x_wconf 77' lang='lat' dir='ltr'>cmlum</span> 
     </span>
    </p>
   </div>
   <div class='ocr_carea' id='block_1_78' title="bbox 2107 3477 3747 3548">
    <p class='ocr_par' dir='ltr' id='par_1_78' title="bbox 2107 3477 3747 3548">
     <span class='ocr_line' id='line_1_78' title="bbox 2107 3477 3747 3548; baseline -0.002 -14"><span class='ocrx_word' id='word_1_584' title='bbox 2107 3493 2386 3534; x_wconf 88' lang='lat' dir='ltr'>ascensus</span> <span class='ocrx_word' id='word_1_585' title='bbox 2425 3479 2618 3548; x_wconf 89' lang='lat' dir='ltr'>datur)</span> <span class='ocrx_word' id='word_1_586' title='bbox 2650 3477 2953 3534; x_wconf 85' lang='lat' dir='ltr'>immutata</span> <span class='ocrx_word' id='word_1_587' title='bbox 2985 3479 3189 3534; x_wconf 85' lang='lat' dir='ltr'>ordine</span> <span class='ocrx_word' id='word_1_588' title='bbox 3229 3479 3558 3542; x_wconf 80' lang='lat' dir='ltr'>reformare,</span> <span class='ocrx_word' id='word_1_589' title='bbox 3591 3477 3747 3548; x_wconf 90' lang='lat' dir='ltr'>quod</span> 
     </span>
    </p>
   </div>
   <div class='ocr_carea' id='block_1_79' title="bbox 2107 3567 3748 3634">
    <p class='ocr_par' dir='ltr' id='par_1_79' title="bbox 2107 3567 3748 3634">
     <span class='ocr_line' id='line_1_79' title="bbox 2107 3567 3748 3634; baseline 0 -13"><span class='ocrx_word' id='word_1_590' title='bbox 2107 3568 2367 3622; x_wconf 83' lang='lat' dir='ltr'>Salvator</span> <span class='ocrx_word' id='word_1_591' title='bbox 2397 3567 2547 3634; x_wconf 86' lang='lat' dir='ltr'>fecit,</span> <span class='ocrx_word' id='word_1_592' title='bbox 2581 3583 2714 3622; x_wconf 90' lang='lat' dir='ltr'>cum</span> <span class='ocrx_word' id='word_1_593' title='bbox 2746 3567 2996 3622; x_wconf 86' lang='lat' dir='ltr'>diceret:</span> <span class='ocrx_word' id='word_1_594' title='bbox 3032 3569 3192 3622; x_wconf 80' lang='lat' dir='ltr'>Dicta</span> <span class='ocrx_word' id='word_1_595' title='bbox 3221 3572 3350 3621; x_wconf 85' lang='lat' dir='ltr'>sunt</span> <span class='ocrx_word' id='word_1_596' title='bbox 3380 3567 3491 3622; x_wconf 70' lang='lat' dir='ltr'>haec</span> <span class='ocrx_word' id='word_1_597' title='bbox 3523 3568 3582 3620; x_wconf 88' lang='lat' dir='ltr'>in</span> <span class='ocrx_word' id='word_1_598' title='bbox 3617 3567 3748 3634; x_wconf 82' lang='lat' dir='ltr'>lege,</span> 
     </span>
    </p>
   </div>
   <div class='ocr_carea' id='block_1_80' title="bbox 2111 3655 3750 3727">
    <p class='ocr_par' dir='ltr' id='par_1_80' title="bbox 2111 3655 3750 3727">
     <span class='ocr_line' id='line_1_80' title="bbox 2111 3655 3750 3727; baseline -0.002 -15"><span class='ocrx_word' id='word_1_599' title='bbox 2111 3665 2166 3712; x_wconf 85' lang='lat' dir='ltr'>at</span> <span class='ocrx_word' id='word_1_600' title='bbox 2213 3672 2308 3727; x_wconf 89' lang='lat' dir='ltr'>ego</span> <span class='ocrx_word' id='word_1_601' title='bbox 2355 3655 2476 3711; x_wconf 85' lang='lat' dir='ltr'>dico</span> <span class='ocrx_word' id='word_1_602' title='bbox 2523 3655 2669 3711; x_wconf 88' lang='lat' dir='ltr'>vobis</span> <span class='ocrx_word' id='word_1_603' title='bbox 2718 3657 2777 3710; x_wconf 88' lang='grc'>¹⁶.</span> <span class='ocrx_word' id='word_1_604' title='bbox 2812 3656 3112 3721; x_wconf 89' lang='lat' dir='ltr'>Quomodo</span> <span class='ocrx_word' id='word_1_605' title='bbox 3143 3655 3281 3710; x_wconf 87' lang='lat' dir='ltr'>item</span> <span class='ocrx_word' id='word_1_606' title='bbox 3322 3655 3568 3726; x_wconf 88' lang='lat' dir='ltr'>jubente</span> <span class='ocrx_word' id='word_1_607' title='bbox 3617 3671 3750 3709; x_wconf 91' lang='lat' dir='ltr'>con-</span> 
     </span>
    </p>
   </div>
   <div class='ocr_carea' id='block_1_81' title="bbox 2111 3742 3750 3814">
    <p class='ocr_par' dir='ltr' id='par_1_81' title="bbox 2111 3742 3750 3814">
     <span class='ocr_line' id='line_1_81' title="bbox 2111 3742 3750 3814; baseline -0.001 -15"><span class='ocrx_word' id='word_1_608' title='bbox 2111 3761 2296 3810; x_wconf 86' lang='lat' dir='ltr'>servo,</span> <span class='ocrx_word' id='word_1_609' title='bbox 2347 3745 2633 3798; x_wconf 69' lang='lat' dir='ltr'>daemonia</span> <span class='ocrx_word' id='word_1_610' title='bbox 2690 3759 3004 3808; x_wconf 87' lang='lat' dir='ltr'>eorumque</span> <span class='ocrx_word' id='word_1_611' title='bbox 3055 3744 3326 3814; x_wconf 86' lang='lat' dir='ltr'>princeps</span> <span class='ocrx_word' id='word_1_612' title='bbox 3364 3743 3425 3798; x_wconf 91' lang='lat' dir='ltr'>in</span> <span class='ocrx_word' id='word_1_613' title='bbox 3479 3742 3750 3798; x_wconf 86' lang='lat' dir='ltr'>tenebras</span> 
     </span>
    </p>
   </div>
   <div class='ocr_carea' id='block_1_82' title="bbox 2113 3830 3751 3902">
    <p class='ocr_par' dir='ltr' id='par_1_82' title="bbox 2113 3830 3751 3902">
     <span class='ocr_line' id='line_1_82' title="bbox 2113 3830 3751 3902; baseline -0.003 -14"><span class='ocrx_word' id='word_1_614' title='bbox 2113 3835 2499 3900; x_wconf 77' lang='lat' dir='ltr'>mitterentur,</span> <span class='ocrx_word' id='word_1_615' title='bbox 2534 3832 3034 3902; x_wconf 85' lang='lat' dir='ltr'>quandoquidem,</span> <span class='ocrx_word' id='word_1_616' title='bbox 3067 3831 3311 3886; x_wconf 87' lang='lat' dir='ltr'>Michael</span> <span class='ocrx_word' id='word_1_617' title='bbox 3361 3830 3751 3902; x_wconf 85' lang='lat' dir='ltr'>archangelus</span> 
     </span>
    </p>
   </div>
   <div class='ocr_carea' id='block_1_83' title="bbox 2113 3920 3750 3994">
    <p class='ocr_par' dir='ltr' id='par_1_83' title="bbox 2113 3920 3750 3994">
     <span class='ocr_line' id='line_1_83' title="bbox 2113 3920 3750 3994; baseline -0.003 -17"><span class='ocrx_word' id='word_1_618' title='bbox 2113 3939 2215 3994; x_wconf 89' lang='lat' dir='ltr'>pro</span> <span class='ocrx_word' id='word_1_619' title='bbox 2282 3927 2406 3976; x_wconf 90' lang='lat' dir='ltr'>solo</span> <span class='ocrx_word' id='word_1_620' title='bbox 2467 3921 2665 3988; x_wconf 87' lang='lat' dir='ltr'>Mosis,</span> <span class='ocrx_word' id='word_1_621' title='bbox 2699 3927 2756 3974; x_wconf 86' lang='lat' dir='ltr'>et</span> <span class='ocrx_word' id='word_1_622' title='bbox 2809 3921 3046 3990; x_wconf 86' lang='lat' dir='ltr'>quidem</span> <span class='ocrx_word' id='word_1_623' title='bbox 3105 3920 3266 3986; x_wconf 85' lang='lat' dir='ltr'>iusti,</span> <span class='ocrx_word' id='word_1_624' title='bbox 3303 3935 3562 3991; x_wconf 90' lang='lat' dir='ltr'>corpore,</span> <span class='ocrx_word' id='word_1_625' title='bbox 3613 3933 3750 3973; x_wconf 89' lang='lat' dir='ltr'>cum</span> 
     </span>
    </p>
   </div>
   <div class='ocr_carea' id='block_1_84' title="bbox 2113 4005 3755 4080">
    <p class='ocr_par' dir='ltr' id='par_1_84' title="bbox 2113 4005 3755 4080">
     <span class='ocr_line' id='line_1_84' title="bbox 2113 4005 3755 4080; baseline -0.003 -14"><span class='ocrx_word' id='word_1_626' title='bbox 2113 4011 2342 4066; x_wconf 80' lang='lat' dir='ltr'>diabolo</span> <span class='ocrx_word' id='word_1_627' title='bbox 2371 4009 2700 4080; x_wconf 72' lang='lat' dir='ltr'>disputans,</span> <span class='ocrx_word' id='word_1_628' title='bbox 2725 4025 2825 4080; x_wconf 90' lang='lat' dir='ltr'>per</span> <span class='ocrx_word' id='word_1_629' title='bbox 2846 4025 2910 4064; x_wconf 89' lang='lat' dir='ltr'>se</span> <span class='ocrx_word' id='word_1_630' title='bbox 2939 4026 3053 4064; x_wconf 91' lang='lat' dir='ltr'>non</span> <span class='ocrx_word' id='word_1_631' title='bbox 3081 4016 3167 4064; x_wconf 87' lang='lat' dir='ltr'>est</span> <span class='ocrx_word' id='word_1_632' title='bbox 3195 4025 3373 4064; x_wconf 89' lang='lat' dir='ltr'>ausus</span> <span class='ocrx_word' id='word_1_633' title='bbox 3393 4007 3678 4078; x_wconf 85' lang='lat' dir='ltr'>judicium</span> <span class='ocrx_word' id='word_1_634' title='bbox 3702 4005 3755 4062; x_wconf 92' lang='lat' dir='ltr'>ei</span> 
     </span>
    </p>
   </div>
   <div class='ocr_carea' id='block_1_85' title="bbox 2114 4094 3758 4169">
    <p class='ocr_par' dir='ltr' id='par_1_85' title="bbox 2114 4094 3758 4169">
     <span class='ocr_line' id='line_1_85' title="bbox 2114 4094 3758 4169; baseline -0.004 -15"><span class='ocrx_word' id='word_1_635' title='bbox 2114 4099 2327 4154; x_wconf 89' lang='lat' dir='ltr'>inferre</span> <span class='ocrx_word' id='word_1_636' title='bbox 2374 4097 2750 4169; x_wconf 80' lang='lat' dir='ltr'>blasphemia:</span> <span class='ocrx_word' id='word_1_637' title='bbox 2785 4097 2874 4152; x_wconf 72' lang='lat'>‘7‘?</span> <span class='ocrx_word' id='word_1_638' title='bbox 2923 4097 3218 4162; x_wconf 89' lang='lat' dir='ltr'>Quomodo</span> <span class='ocrx_word' id='word_1_639' title='bbox 3251 4113 3450 4151; x_wconf 78' lang='lat' dir='ltr'>servus</span> <span class='ocrx_word' id='word_1_640' title='bbox 3491 4094 3614 4166; x_wconf 86' lang='lat' dir='ltr'>ipse</span> <span class='ocrx_word' id='word_1_641' title='bbox 3653 4109 3758 4148; x_wconf 78' lang='lat' dir='ltr'>nos</span> 
     </span>
    </p>
   </div>
   <div class='ocr_carea' id='block_1_86' title="bbox 2113 4184 3760 4258">
    <p class='ocr_par' dir='ltr' id='par_1_86' title="bbox 2113 4184 3760 4258">
     <span class='ocr_line' id='line_1_86' title="bbox 2113 4184 3760 4258; baseline -0.004 -13"><span class='ocrx_word' id='word_1_642' title='bbox 2113 4191 2181 4245; x_wconf 86' lang='lat' dir='ltr'>ad</span> <span class='ocrx_word' id='word_1_643' title='bbox 2231 4188 2494 4242; x_wconf 88' lang='lat' dir='ltr'>ordinem</span> <span class='ocrx_word' id='word_1_644' title='bbox 2545 4187 2950 4258; x_wconf 85' lang='lat' dir='ltr'>adoptivorum</span> <span class='ocrx_word' id='word_1_645' title='bbox 2991 4187 3230 4242; x_wconf 89' lang='lat' dir='ltr'>evehere</span> <span class='ocrx_word' id='word_1_646' title='bbox 3275 4184 3614 4256; x_wconf 87' lang='lat' dir='ltr'>potuisset?</span> <span class='ocrx_word' id='word_1_647' title='bbox 3661 4187 3760 4238; x_wconf 86' lang='lat' dir='ltr'>aut</span> 
     </span>
    </p>
   </div>
   <div class='ocr_carea' id='block_1_87' title="bbox 2115 4272 3762 4350">
    <p class='ocr_par' dir='ltr' id='par_1_87' title="bbox 2115 4272 3762 4350">
     <span class='ocr_line' id='line_1_87' title="bbox 2115 4272 3762 4350; baseline -0.004 -17"><span class='ocrx_word' id='word_1_648' title='bbox 2115 4277 2405 4350; x_wconf 88' lang='lat' dir='ltr'>quomodo</span> <span class='ocrx_word' id='word_1_649' title='bbox 2455 4280 2520 4331; x_wconf 92' lang='lat' dir='ltr'>ut</span> <span class='ocrx_word' id='word_1_650' title='bbox 2577 4293 2730 4331; x_wconf 87' lang='lat' dir='ltr'>nunc</span> <span class='ocrx_word' id='word_1_651' title='bbox 2785 4293 2884 4348; x_wconf 90' lang='lat' dir='ltr'>per</span> <span class='ocrx_word' id='word_1_652' title='bbox 2935 4275 3168 4341; x_wconf 90' lang='lat' dir='ltr'>Filium,</span> <span class='ocrx_word' id='word_1_653' title='bbox 3201 4275 3500 4346; x_wconf 87' lang='lat' dir='ltr'>cognitum</span> <span class='ocrx_word' id='word_1_654' title='bbox 3554 4272 3762 4328; x_wconf 85' lang='lat' dir='ltr'>fuisset</span> 
     </span>
    </p>
   </div>
   <div class='ocr_carea' id='block_1_88' title="bbox 2113 4364 3757 4439">
    <p class='ocr_par' dir='ltr' id='par_1_88' title="bbox 2113 4364 3757 4439">
     <span class='ocr_line' id='line_1_88' title="bbox 2113 4364 3757 4439; baseline -0.001 -16"><span class='ocrx_word' id='word_1_655' title='bbox 2113 4383 2302 4439; x_wconf 84' lang='lat' dir='ltr'>genus</span> <span class='ocrx_word' id='word_1_656' title='bbox 2351 4373 2616 4423; x_wconf 87' lang='lat' dir='ltr'>nostrum</span> <span class='ocrx_word' id='word_1_657' title='bbox 2669 4383 2785 4420; x_wconf 88' lang='lat' dir='ltr'>una</span> <span class='ocrx_word' id='word_1_658' title='bbox 2833 4366 3174 4422; x_wconf 83' lang='lat' dir='ltr'>considendi</span> <span class='ocrx_word' id='word_1_659' title='bbox 3207 4367 3266 4421; x_wconf 90' lang='lat' dir='ltr'>in</span> <span class='ocrx_word' id='word_1_660' title='bbox 3329 4366 3515 4438; x_wconf 86' lang='lat' dir='ltr'>patrio</span> <span class='ocrx_word' id='word_1_661' title='bbox 3547 4364 3757 4422; x_wconf 84' lang='lat' dir='ltr'>throno</span> 
     </span>
    </p>
   </div>
   <div class='ocr_carea' id='block_1_89' title="bbox 2117 4456 2940 4528">
    <p class='ocr_par' dir='ltr' id='par_1_89' title="bbox 2117 4456 2940 4528">
     <span class='ocr_line' id='line_1_89' title="bbox 2117 4456 2940 4528; baseline -0.004 -16"><span class='ocrx_word' id='word_1_662' title='bbox 2117 4461 2457 4528; x_wconf 88' lang='lat' dir='ltr'>potestatem</span> <span class='ocrx_word' id='word_1_663' title='bbox 2491 4472 2620 4512; x_wconf 89' lang='lat' dir='ltr'>esse</span> <span class='ocrx_word' id='word_1_664' title='bbox 2651 4459 2890 4511; x_wconf 89' lang='lat' dir='ltr'>nactum</span> <span class='ocrx_word' id='word_1_665' title='bbox 2912 4456 2940 4509; x_wconf 89' lang='lat'>?</span> 
     </span>
    </p>
   </div>
   <div class='ocr_carea' id='block_1_90' title="bbox 418 4527 1992 4622">
    <p class='ocr_par' dir='ltr' id='par_1_90' title="bbox 418 4543 1992 4622">
     <span class='ocr_line' id='line_1_90' title="bbox 418 4543 1992 4622; baseline 0.003 -23"><span class='ocrx_word' id='word_1_666' title='bbox 418 4550 594 4600; x_wconf 79' lang='grc' dir='ltr'>Ταῦτα</span> <span class='ocrx_word' id='word_1_667' title='bbox 644 4545 876 4600; x_wconf 78' lang='grc' dir='ltr'>διελθὼν</span> <span class='ocrx_word' id='word_1_668' title='bbox 911 4543 1306 4619; x_wconf 80' lang='grc' dir='ltr'>αἰτιολογεῖται</span> <span class='ocrx_word' id='word_1_669' title='bbox 1361 4545 1435 4608; x_wconf 82' lang='grc' dir='ltr'>ὡς</span> <span class='ocrx_word' id='word_1_670' title='bbox 1475 4547 1502 4600; x_wconf 89' lang='lat'>6</span> <span class='ocrx_word' id='word_1_671' title='bbox 1551 4546 1864 4622; x_wconf 84' lang='grc' dir='ltr'>Ἰοροδάνης</span> <span class='ocrx_word' id='word_1_672' title='bbox 1912 4549 1992 4603; x_wconf 73' lang='grc' dir='ltr'><strong>καῖ</strong></span> 
     </span>
    </p>
   </div>
   <div class='ocr_carea' id='block_1_91' title="bbox 2103 4527 3760 4622">
    <p class='ocr_par' dir='ltr' id='par_1_91' title="bbox 2122 4527 3760 4614">
     <span class='ocr_line' id='line_1_91' title="bbox 2122 4527 3760 4614; baseline -0.001 -12"><span class='ocrx_word' id='word_1_673' title='bbox 2122 4527 2135 4528; x_wconf 20' lang='lat'><em>7</em></span> <span class='ocrx_word' id='word_1_674' title='bbox 2183 4547 2312 4602; x_wconf 68' lang='lat' dir='ltr'>Haec</span> <span class='ocrx_word' id='word_1_675' title='bbox 2343 4545 2442 4600; x_wconf 90' lang='lat' dir='ltr'>ubi</span> <span class='ocrx_word' id='word_1_676' title='bbox 2475 4545 2775 4610; x_wconf 88' lang='lat' dir='ltr'>disseruit,</span> <span class='ocrx_word' id='word_1_677' title='bbox 2810 4560 3048 4600; x_wconf 87' lang='lat' dir='ltr'>causam</span> <span class='ocrx_word' id='word_1_678' title='bbox 3089 4545 3304 4614; x_wconf 89' lang='lat' dir='ltr'>reddit,</span> <span class='ocrx_word' id='word_1_679' title='bbox 3338 4560 3444 4600; x_wconf 91' lang='lat' dir='ltr'>cur</span> <span class='ocrx_word' id='word_1_680' title='bbox 3471 4543 3760 4600; x_wconf 85' lang='lat' dir='ltr'>Jordanes</span> 
     </span>
    </p>
   </div>
   <div class='ocr_carea' id='block_1_92' title="bbox 346 4633 2000 4708">
    <p class='ocr_par' dir='ltr' id='par_1_92' title="bbox 346 4633 2000 4708">
     <span class='ocr_line' id='line_1_92' title="bbox 346 4633 2000 4708; baseline -0.001 -17"><span class='ocrx_word' id='word_1_681' title='bbox 346 4637 383 4704; x_wconf 75' lang='grc' dir='ltr'>ἡ</span> <span class='ocrx_word' id='word_1_682' title='bbox 421 4635 654 4708; x_wconf 76' lang='grc' dir='ltr'>Ἐρυθρᾶ</span> <span class='ocrx_word' id='word_1_683' title='bbox 701 4633 945 4690; x_wconf 86' lang='grc' dir='ltr'>θάλασσα</span> <span class='ocrx_word' id='word_1_684' title='bbox 995 4635 1184 4691; x_wconf 82' lang='grc' dir='ltr'>Μωσεῖ</span> <span class='ocrx_word' id='word_1_685' title='bbox 1217 4634 1316 4707; x_wconf 72' lang='grc' dir='ltr'>μὲν</span> <span class='ocrx_word' id='word_1_686' title='bbox 1360 4635 1448 4688; x_wconf 73' lang='grc' dir='ltr'><strong>κᾶἰ</strong></span> <span class='ocrx_word' id='word_1_687' title='bbox 1490 4635 1655 4708; x_wconf 78' lang='grc' dir='ltr'>Ἠλίᾳ</span> <span class='ocrx_word' id='word_1_688' title='bbox 1693 4637 1784 4691; x_wconf 83' lang='grc' dir='ltr'>καὶ</span> <span class='ocrx_word' id='word_1_689' title='bbox 1816 4636 2000 4692; x_wconf 83' lang='grc' dir='ltr'>Ἐλισ-</span> 
     </span>
    </p>
   </div>
   <div class='ocr_carea' id='block_1_93' title="bbox 346 4718 2004 4798">
    <p class='ocr_par' dir='ltr' id='par_1_93' title="bbox 346 4718 2004 4798">
     <span class='ocr_line' id='line_1_93' title="bbox 346 4718 2004 4798; baseline 0.001 -20"><span class='ocrx_word' id='word_1_690' title='bbox 346 4729 490 4795; x_wconf 87' lang='grc' dir='ltr'>σαῖῳ</span> <span class='ocrx_word' id='word_1_691' title='bbox 540 4718 884 4778; x_wconf 76' lang='grc' dir='ltr'>διαϐαίνουσι</span> <span class='ocrx_word' id='word_1_692' title='bbox 934 4722 1240 4798; x_wconf 88' lang='grc' dir='ltr'>σχίζονται,</span> <span class='ocrx_word' id='word_1_693' title='bbox 1298 4723 1389 4778; x_wconf 83' lang='grc' dir='ltr'>καὶ</span> <span class='ocrx_word' id='word_1_694' title='bbox 1447 4725 1570 4778; x_wconf 87' lang='grc' dir='ltr'>τότε</span> <span class='ocrx_word' id='word_1_695' title='bbox 1617 4725 1679 4778; x_wconf 88' lang='grc' dir='ltr'>τὸ</span> <span class='ocrx_word' id='word_1_696' title='bbox 1709 4725 1757 4760; x_wconf 88' lang='grc'>⁴⁰</span> <span class='ocrx_word' id='word_1_697' title='bbox 1817 4724 2004 4790; x_wconf 78' lang='grc' dir='ltr'>αὐτοῖς</span> 
     </span>
    </p>
   </div>
   <div class='ocr_carea' id='block_1_94' title="bbox 351 4809 2004 4888">
    <p class='ocr_par' dir='ltr' id='par_1_94' title="bbox 351 4809 2004 4888">
     <span class='ocr_line' id='line_1_94' title="bbox 351 4809 2004 4888; baseline 0.001 -22"><span class='ocrx_word' id='word_1_698' title='bbox 351 4813 686 4888; x_wconf 85' lang='grc' dir='ltr'>πρόσταγμα</span> <span class='ocrx_word' id='word_1_699' title='bbox 743 4817 840 4866; x_wconf 79' lang='grc' dir='ltr'>τοῦ</span> <span class='ocrx_word' id='word_1_700' title='bbox 891 4811 1162 4867; x_wconf 86' lang='grc' dir='ltr'>Δεσπότου</span> <span class='ocrx_word' id='word_1_701' title='bbox 1229 4809 1662 4883; x_wconf 72' lang='grc' dir='ltr'>δυσωπούμενας</span> <span class='ocrx_word' id='word_1_702' title='bbox 1729 4809 1886 4886; x_wconf 76' lang='grc' dir='ltr'>ἔργον</span> <span class='ocrx_word' id='word_1_703' title='bbox 1949 4813 2004 4868; x_wconf 82' lang='grc' dir='ltr'>δὲ</span> 
     </span>
    </p>
   </div>
   <div class='ocr_carea' id='block_1_95' title="bbox 350 4899 2004 4980">
    <p class='ocr_par' dir='ltr' id='par_1_95' title="bbox 350 4899 2004 4980">
     <span class='ocr_line' id='line_1_95' title="bbox 350 4899 2004 4980; baseline 0.002 -25"><span class='ocrx_word' id='word_1_704' title='bbox 350 4901 564 4980; x_wconf 71' lang='grc' dir='ltr'>φύσεως</span> <span class='ocrx_word' id='word_1_705' title='bbox 596 4901 658 4956; x_wconf 85' lang='grc' dir='ltr'>τὸ</span> <span class='ocrx_word' id='word_1_706' title='bbox 704 4901 903 4975; x_wconf 82' lang='grc' dir='ltr'>βάρους</span> <span class='ocrx_word' id='word_1_707' title='bbox 953 4899 1284 4975; x_wconf 73' lang='grc' dir='ltr'>ἐμπεσόντος</span> <span class='ocrx_word' id='word_1_708' title='bbox 1314 4907 1392 4974; x_wconf 81' lang='grc' dir='ltr'>τῷ</span> <span class='ocrx_word' id='word_1_709' title='bbox 1441 4899 1594 4956; x_wconf 78' lang='grc' dir='ltr'>ὕδατι</span> <span class='ocrx_word' id='word_1_710' title='bbox 1627 4899 2004 4977; x_wconf 84' lang='grc' dir='ltr'>διασχίζεσθαί</span> 
     </span>
    </p>
   </div>
   <div class='ocr_carea' id='block_1_96' title="bbox 351 4985 2004 5064">
    <p class='ocr_par' dir='ltr' id='par_1_96' title="bbox 351 4985 2004 5064">
     <span class='ocr_line' id='line_1_96' title="bbox 351 4985 2004 5064; baseline 0.001 -19"><span class='ocrx_word' id='word_1_711' title='bbox 351 5011 414 5046; x_wconf 92' lang='grc' dir='ltr'>τε</span> <span class='ocrx_word' id='word_1_712' title='bbox 459 4991 551 5044; x_wconf 79' lang='grc' dir='ltr'>καὶ</span> <span class='ocrx_word' id='word_1_713' title='bbox 612 4985 935 5056; x_wconf 84' lang='grc' dir='ltr'>διίστασθαι,</span> <span class='ocrx_word' id='word_1_714' title='bbox 979 4989 1116 5044; x_wconf 81' lang='grc' dir='ltr'>ὥστε</span> <span class='ocrx_word' id='word_1_715' title='bbox 1164 4991 1225 5044; x_wconf 87' lang='grc' dir='ltr'>τὸ</span> <span class='ocrx_word' id='word_1_716' title='bbox 1272 4991 1537 5064; x_wconf 74' lang='grc' dir='ltr'>ὑπερφυὲς</span> <span class='ocrx_word' id='word_1_717' title='bbox 1587 4988 1658 5046; x_wconf 79' lang='grc' dir='ltr'>δι’</span> <span class='ocrx_word' id='word_1_718' title='bbox 1701 4991 1878 5046; x_wconf 85' lang='grc' dir='ltr'>αὐτῶν</span> <span class='ocrx_word' id='word_1_719' title='bbox 1940 4993 2004 5046; x_wconf 83' lang='grc' dir='ltr'>οὐ</span> 
     </span>
    </p>
   </div>
   <div class='ocr_carea' id='block_1_97' title="bbox 353 5076 2006 5155">
    <p class='ocr_par' dir='ltr' id='par_1_97' title="bbox 353 5076 2006 5155">
     <span class='ocr_line' id='line_1_97' title="bbox 353 5076 2006 5155; baseline 0 -22"><span class='ocrx_word' id='word_1_720' title='bbox 353 5077 750 5154; x_wconf 76' lang='grc' dir='ltr'>βελτιουμὲνης</span> <span class='ocrx_word' id='word_1_721' title='bbox 800 5076 1106 5132; x_wconf 77' lang='grc' dir='ltr'>ἐτελειοῦτο</span> <span class='ocrx_word' id='word_1_722' title='bbox 1155 5081 1256 5142; x_wconf 81' lang='grc' dir='ltr'>τῆς</span> <span class='ocrx_word' id='word_1_723' title='bbox 1303 5077 1515 5155; x_wconf 79' lang='grc' dir='ltr'>φύσεως</span> <span class='ocrx_word' id='word_1_724' title='bbox 1551 5100 1564 5112; x_wconf 88' lang='grc'>·</span> <span class='ocrx_word' id='word_1_725' title='bbox 1599 5077 1903 5152; x_wconf 81' lang='grc' dir='ltr'>δεσποτικῷ</span> <span class='ocrx_word' id='word_1_726' title='bbox 1949 5077 2006 5134; x_wconf 71' lang='grc' dir='ltr'>δὲ</span> 
     </span>
    </p>
   </div>
   <div class='ocr_carea' id='block_1_98' title="bbox 347 5161 2004 5245">
    <p class='ocr_par' dir='ltr' id='par_1_98' title="bbox 347 5161 2004 5245">
     <span class='ocr_line' id='line_1_98' title="bbox 347 5161 2004 5245; baseline 0 -22"><span class='ocrx_word' id='word_1_727' title='bbox 347 5165 481 5223; x_wconf 83' lang='grc' dir='ltr'>ποδὶ</span> <span class='ocrx_word' id='word_1_728' title='bbox 531 5161 864 5222; x_wconf 80' lang='grc' dir='ltr'>ἐπιϐαίνοντι</span> <span class='ocrx_word' id='word_1_729' title='bbox 923 5166 1104 5222; x_wconf 76' lang='grc' dir='ltr'>οὐκέτι</span> <span class='ocrx_word' id='word_1_730' title='bbox 1173 5168 1268 5240; x_wconf 77' lang='grc' dir='ltr'>μὲν</span> <span class='ocrx_word' id='word_1_731' title='bbox 1323 5169 1358 5236; x_wconf 83' lang='grc' dir='ltr'><strong>ἡ</strong></span> <span class='ocrx_word' id='word_1_732' title='bbox 1427 5166 1668 5224; x_wconf 81' lang='grc' dir='ltr'>θάλασσα</span> <span class='ocrx_word' id='word_1_733' title='bbox 1723 5171 1792 5241; x_wconf 79' lang='grc' dir='ltr'>τῇ</span> <span class='ocrx_word' id='word_1_734' title='bbox 1851 5169 2004 5245; x_wconf 74' lang='grc' dir='ltr'>φύσει</span> 
     </span>
    </p>
   </div>
   <div class='ocr_carea' id='block_1_99' title="bbox 355 5255 2004 5334">
    <p class='ocr_par' dir='ltr' id='par_1_99' title="bbox 355 5255 2004 5334">
     <span class='ocr_line' id='line_1_99' title="bbox 355 5255 2004 5334; baseline -0.001 -22"><span class='ocrx_word' id='word_1_735' title='bbox 355 5255 694 5312; x_wconf 85' lang='grc' dir='ltr'>δουλεύουσα</span> <span class='ocrx_word' id='word_1_736' title='bbox 750 5257 1024 5334; x_wconf 83' lang='grc' dir='ltr'>σχίζεται,</span> <span class='ocrx_word' id='word_1_737' title='bbox 1083 5257 1376 5331; x_wconf 76' lang='grc' dir='ltr'>ὑπερφυῶς</span> <span class='ocrx_word' id='word_1_738' title='bbox 1415 5255 1472 5312; x_wconf 83' lang='grc' dir='ltr'>δὲ</span> <span class='ocrx_word' id='word_1_739' title='bbox 1525 5262 1864 5334; x_wconf 85' lang='grc' dir='ltr'>συντηροῦσα</span> <span class='ocrx_word' id='word_1_740' title='bbox 1907 5259 2004 5327; x_wconf 80' lang='grc' dir='ltr'>τήν</span> 
     </span>
    </p>
   </div>
   <div class='ocr_carea' id='block_1_100' title="bbox 2111 4631 3766 4704">
    <p class='ocr_par' dir='ltr' id='par_1_100' title="bbox 2111 4631 3766 4704">
     <span class='ocr_line' id='line_1_100' title="bbox 2111 4631 3766 4704; baseline -0.004 -13"><span class='ocrx_word' id='word_1_741' title='bbox 2111 4641 2167 4692; x_wconf 90' lang='lat' dir='ltr'>et</span> <span class='ocrx_word' id='word_1_742' title='bbox 2215 4650 2371 4690; x_wconf 85' lang='lat' dir='ltr'>mare</span> <span class='ocrx_word' id='word_1_743' title='bbox 2423 4634 2714 4704; x_wconf 84' lang='lat' dir='ltr'>Rubrum,</span> <span class='ocrx_word' id='word_1_744' title='bbox 2747 4635 2904 4690; x_wconf 86' lang='lat' dir='ltr'>Mose</span> <span class='ocrx_word' id='word_1_745' title='bbox 2939 4635 2978 4668; x_wconf 82' lang='grc'>³⁸</span> <span class='ocrx_word' id='word_1_746' title='bbox 3022 4634 3258 4704; x_wconf 86' lang='lat' dir='ltr'>quidem</span> <span class='ocrx_word' id='word_1_747' title='bbox 3305 4639 3481 4704; x_wconf 89' lang='lat' dir='ltr'>atque</span> <span class='ocrx_word' id='word_1_748' title='bbox 3537 4631 3658 4688; x_wconf 85' lang='lat' dir='ltr'>Elia</span> <span class='ocrx_word' id='word_1_749' title='bbox 3708 4635 3766 4686; x_wconf 89' lang='lat' dir='ltr'>et</span> 
     </span>
    </p>
   </div>
   <div class='ocr_carea' id='block_1_101' title="bbox 2111 4722 3764 4792">
    <p class='ocr_par' dir='ltr' id='par_1_101' title="bbox 2111 4722 3764 4792">
     <span class='ocr_line' id='line_1_101' title="bbox 2111 4722 3764 4792; baseline -0.004 -12"><span class='ocrx_word' id='word_1_750' title='bbox 2111 4725 2310 4780; x_wconf 72' lang='lat' dir='ltr'>Elisaeo</span> <span class='ocrx_word' id='word_1_751' title='bbox 2363 4723 2806 4779; x_wconf 86' lang='lat' dir='ltr'>transeuntibus</span> <span class='ocrx_word' id='word_1_752' title='bbox 2838 4722 2884 4757; x_wconf 72' lang='grc' dir='ltr'>η</span> <span class='ocrx_word' id='word_1_753' title='bbox 2925 4723 3262 4778; x_wconf 84' lang='lat' dir='ltr'>dividantur</span> <span class='ocrx_word' id='word_1_754' title='bbox 3316 4739 3328 4775; x_wconf 91' lang='lat'><strong>:</strong></span> <span class='ocrx_word' id='word_1_755' title='bbox 3365 4727 3504 4776; x_wconf 90' lang='lat' dir='ltr'>tunc</span> <span class='ocrx_word' id='word_1_756' title='bbox 3548 4735 3764 4792; x_wconf 63' lang='lat' dir='ltr'>praece-</span> 
     </span>
    </p>
   </div>
   <div class='ocr_carea' id='block_1_102' title="bbox 2111 4809 3761 4886">
    <p class='ocr_par' dir='ltr' id='par_1_102' title="bbox 2111 4809 3761 4886">
     <span class='ocr_line' id='line_1_102' title="bbox 2111 4809 3761 4886; baseline -0.003 -19"><span class='ocrx_word' id='word_1_757' title='bbox 2111 4823 2274 4886; x_wconf 82' lang='lat' dir='ltr'>ptum</span> <span class='ocrx_word' id='word_1_758' title='bbox 2308 4813 2559 4875; x_wconf 62' lang='lat' dir='ltr'>Dovnini,</span> <span class='ocrx_word' id='word_1_759' title='bbox 2595 4814 2746 4883; x_wconf 86' lang='lat' dir='ltr'>quod</span> <span class='ocrx_word' id='word_1_760' title='bbox 2783 4813 2839 4867; x_wconf 91' lang='lat' dir='ltr'>in</span> <span class='ocrx_word' id='word_1_761' title='bbox 2884 4811 3028 4884; x_wconf 85' lang='lat' dir='ltr'>ipsis</span> <span class='ocrx_word' id='word_1_762' title='bbox 3059 4817 3203 4880; x_wconf 82' lang='lat' dir='ltr'>erat,</span> <span class='ocrx_word' id='word_1_763' title='bbox 3237 4810 3486 4867; x_wconf 84' lang='lat' dir='ltr'>reverita</span> <span class='ocrx_word' id='word_1_764' title='bbox 3516 4809 3761 4878; x_wconf 66' lang='lat' dir='ltr'>(natura</span> 
     </span>
    </p>
   </div>
   <div class='ocr_carea' id='block_1_103' title="bbox 2111 4897 3766 4974">
    <p class='ocr_par' dir='ltr' id='par_1_103' title="bbox 2111 4897 3766 4974">
     <span class='ocr_line' id='line_1_103' title="bbox 2111 4897 3766 4974; baseline -0.004 -17"><span class='ocrx_word' id='word_1_765' title='bbox 2111 4903 2330 4974; x_wconf 90' lang='lat' dir='ltr'>quippe</span> <span class='ocrx_word' id='word_1_766' title='bbox 2359 4919 2505 4974; x_wconf 84' lang='lat' dir='ltr'>opus</span> <span class='ocrx_word' id='word_1_767' title='bbox 2528 4910 2636 4968; x_wconf 86' lang='lat' dir='ltr'>est,</span> <span class='ocrx_word' id='word_1_768' title='bbox 2673 4901 2928 4972; x_wconf 88' lang='lat' dir='ltr'>pondere</span> <span class='ocrx_word' id='word_1_769' title='bbox 2975 4900 3200 4972; x_wconf 87' lang='lat' dir='ltr'>illapso,</span> <span class='ocrx_word' id='word_1_770' title='bbox 3238 4917 3446 4970; x_wconf 85' lang='lat' dir='ltr'>aquam</span> <span class='ocrx_word' id='word_1_771' title='bbox 3473 4897 3660 4953; x_wconf 85' lang='lat' dir='ltr'>scindi</span> <span class='ocrx_word' id='word_1_772' title='bbox 3700 4911 3766 4951; x_wconf 88' lang='lat' dir='ltr'>ac</span> 
     </span>
    </p>
   </div>
   <div class='ocr_carea' id='block_1_104' title="bbox 2113 4987 3764 5064">
    <p class='ocr_par' dir='ltr' id='par_1_104' title="bbox 2113 4987 3764 5064">
     <span class='ocr_line' id='line_1_104' title="bbox 2113 4987 3764 5064; baseline -0.004 -16"><span class='ocrx_word' id='word_1_773' title='bbox 2113 4993 2447 5060; x_wconf 88' lang='lat' dir='ltr'>discedere;</span> <span class='ocrx_word' id='word_1_774' title='bbox 2480 4992 2633 5048; x_wconf 76' lang='lat'>188</span> <span class='ocrx_word' id='word_1_775' title='bbox 2657 4992 2731 5064; x_wconf 89' lang='lat' dir='ltr'>(b)</span> <span class='ocrx_word' id='word_1_776' title='bbox 2757 4991 2906 5047; x_wconf 88' lang='lat' dir='ltr'>sicut</span> <span class='ocrx_word' id='word_1_777' title='bbox 2941 5007 3038 5063; x_wconf 91' lang='lat' dir='ltr'>per</span> <span class='ocrx_word' id='word_1_778' title='bbox 3071 4990 3414 5046; x_wconf 85' lang='lat' dir='ltr'>miraculum</span> <span class='ocrx_word' id='word_1_779' title='bbox 3435 4987 3644 5043; x_wconf 87' lang='lat' dir='ltr'>abillis</span> <span class='ocrx_word' id='word_1_780' title='bbox 3667 5003 3764 5058; x_wconf 89' lang='lat' dir='ltr'>pa-</span> 
     </span>
    </p>
   </div>
   <div class='ocr_carea' id='block_1_105' title="bbox 2113 5073 3757 5152">
    <p class='ocr_par' dir='ltr' id='par_1_105' title="bbox 2113 5073 3757 5152">
     <span class='ocr_line' id='line_1_105' title="bbox 2113 5073 3757 5152; baseline -0.005 -14"><span class='ocrx_word' id='word_1_781' title='bbox 2113 5087 2331 5138; x_wconf 88' lang='lat' dir='ltr'>tratum</span> <span class='ocrx_word' id='word_1_782' title='bbox 2387 5081 2568 5138; x_wconf 82' lang='lat' dir='ltr'>nihilo</span> <span class='ocrx_word' id='word_1_783' title='bbox 2619 5082 2786 5137; x_wconf 85' lang='lat' dir='ltr'>fuerit</span> <span class='ocrx_word' id='word_1_784' title='bbox 2847 5085 3055 5136; x_wconf 87' lang='lat' dir='ltr'>natura</span> <span class='ocrx_word' id='word_1_785' title='bbox 3114 5077 3485 5152; x_wconf 64' lang='lat' dir='ltr'>praetentior</span> <span class='ocrx_word' id='word_1_786' title='bbox 3532 5073 3757 5146; x_wconf 72' lang='lat' dir='ltr'>effecta)</span> 
     </span>
    </p>
   </div>
   <div class='ocr_carea' id='block_1_106' title="bbox 2117 5165 3768 5242">
    <p class='ocr_par' dir='ltr' id='par_1_106' title="bbox 2117 5165 3768 5242">
     <span class='ocr_line' id='line_1_106' title="bbox 2117 5165 3768 5242; baseline -0.004 -15"><span class='ocrx_word' id='word_1_787' title='bbox 2117 5171 2344 5227; x_wconf 90' lang='lat' dir='ltr'>Domini</span> <span class='ocrx_word' id='word_1_788' title='bbox 2395 5185 2530 5226; x_wconf 88' lang='lat' dir='ltr'>vero</span> <span class='ocrx_word' id='word_1_789' title='bbox 2579 5171 2723 5242; x_wconf 89' lang='lat' dir='ltr'>pede</span> <span class='ocrx_word' id='word_1_790' title='bbox 2756 5170 3039 5238; x_wconf 87' lang='lat' dir='ltr'>calcante,</span> <span class='ocrx_word' id='word_1_791' title='bbox 3070 5185 3185 5225; x_wconf 88' lang='lat' dir='ltr'>non</span> <span class='ocrx_word' id='word_1_792' title='bbox 3223 5169 3346 5239; x_wconf 88' lang='lat' dir='ltr'>jam</span> <span class='ocrx_word' id='word_1_793' title='bbox 3380 5165 3636 5239; x_wconf 85' lang='lat' dir='ltr'>amplius</span> <span class='ocrx_word' id='word_1_794' title='bbox 3669 5181 3768 5236; x_wconf 88' lang='lat' dir='ltr'>pe-</span> 
     </span>
    </p>
   </div>
   <div class='ocr_carea' id='block_1_107' title="bbox 2119 5254 3770 5332">
    <p class='ocr_par' dir='ltr' id='par_1_107' title="bbox 2119 5254 3770 5332">
     <span class='ocr_line' id='line_1_107' title="bbox 2119 5254 3770 5332; baseline -0.004 -18"><span class='ocrx_word' id='word_1_795' title='bbox 2119 5261 2282 5332; x_wconf 86' lang='lat' dir='ltr'>lagus</span> <span class='ocrx_word' id='word_1_796' title='bbox 2335 5265 2556 5315; x_wconf 68' lang='lat' dir='ltr'>naturae</span> <span class='ocrx_word' id='word_1_797' title='bbox 2587 5275 2710 5314; x_wconf 78' lang='lat' dir='ltr'>suae</span> <span class='ocrx_word' id='word_1_798' title='bbox 2769 5259 3025 5315; x_wconf 84' lang='lat' dir='ltr'>serviens</span> <span class='ocrx_word' id='word_1_799' title='bbox 3057 5257 3356 5313; x_wconf 84' lang='lat' dir='ltr'>dividatur</span> <span class='ocrx_word' id='word_1_800' title='bbox 3391 5273 3402 5309; x_wconf 94' lang='lat'><strong>:</strong></span> <span class='ocrx_word' id='word_1_801' title='bbox 3438 5254 3538 5311; x_wconf 88' lang='lat' dir='ltr'>sed</span> <span class='ocrx_word' id='word_1_802' title='bbox 3593 5267 3770 5325; x_wconf 87' lang='lat' dir='ltr'>supra</span> 
     </span>
    </p>
   </div>
   <div class='ocr_carea' id='block_1_108' title="bbox 428 5360 1992 5436">
    <p class='ocr_par' dir='ltr' id='par_1_108' title="bbox 428 5364 1986 5432">
     <span class='ocr_line' id='line_1_108' title="bbox 428 5364 1986 5432; baseline 0.001 -12"><span class='ocrx_word' id='word_1_803' title='bbox 428 5365 450 5401; x_wconf 76' lang='lat'>&#39;</span> <span class='ocrx_word' id='word_1_804' title='bbox 477 5365 644 5420; x_wconf 87' lang='lat' dir='ltr'>Joan.</span> <span class='ocrx_word' id='word_1_805' title='bbox 675 5381 732 5432; x_wconf 92' lang='lat' dir='ltr'>v,</span> <span class='ocrx_word' id='word_1_806' title='bbox 765 5364 852 5419; x_wconf 89' lang='grc'>22.</span> <span class='ocrx_word' id='word_1_807' title='bbox 881 5364 928 5400; x_wconf 87' lang='grc'>¹⁰</span> <span class='ocrx_word' id='word_1_808' title='bbox 965 5365 1136 5421; x_wconf 89' lang='lat' dir='ltr'>Joan.</span> <span class='ocrx_word' id='word_1_809' title='bbox 1170 5383 1255 5430; x_wconf 88' lang='grc' dir='ltr'>ιιι,</span> <span class='ocrx_word' id='word_1_810' title='bbox 1287 5365 1376 5420; x_wconf 88' lang='lat'>35.</span> <span class='ocrx_word' id='word_1_811' title='bbox 1413 5368 1454 5402; x_wconf 81' lang='grc'>¹¹</span> <span class='ocrx_word' id='word_1_812' title='bbox 1491 5367 1508 5420; x_wconf 89' lang='lat' dir='ltr'>l</span> <span class='ocrx_word' id='word_1_813' title='bbox 1541 5365 1690 5422; x_wconf 87' lang='lat' dir='ltr'>Petr.</span> <span class='ocrx_word' id='word_1_814' title='bbox 1724 5383 1787 5431; x_wconf 87' lang='grc' dir='ltr'>ιι,</span> <span class='ocrx_word' id='word_1_815' title='bbox 1813 5367 1905 5421; x_wconf 85' lang='grc'>21.</span> <span class='ocrx_word' id='word_1_816' title='bbox 1941 5367 1986 5402; x_wconf 68' lang='grc'>³³</span> 
     </span>
    </p>
   </div>
   <div class='ocr_carea' id='block_1_109' title="bbox 2103 5360 3769 5436">
    <p class='ocr_par' dir='ltr' id='par_1_109' title="bbox 2103 5360 3769 5436">
     <span class='ocr_line' id='line_1_109' title="bbox 2103 5360 3769 5436; baseline -0.003 -15"><span class='ocrx_word' id='word_1_817' title='bbox 2103 5374 2137 5422; x_wconf 87' lang='lat' dir='ltr'>t.</span> <span class='ocrx_word' id='word_1_818' title='bbox 2171 5383 2208 5434; x_wconf 90' lang='grc' dir='ltr'>ι,</span> <span class='ocrx_word' id='word_1_819' title='bbox 2243 5368 2292 5421; x_wconf 95' lang='grc'>1.</span> <span class='ocrx_word' id='word_1_820' title='bbox 2329 5365 2376 5402; x_wconf 84' lang='grc'>¹⁸</span> <span class='ocrx_word' id='word_1_821' title='bbox 2401 5366 2533 5421; x_wconf 88' lang='lat' dir='ltr'>Luc.</span> <span class='ocrx_word' id='word_1_822' title='bbox 2567 5383 2631 5436; x_wconf 86' lang='grc' dir='ltr'>ιι,</span> <span class='ocrx_word' id='word_1_823' title='bbox 2671 5366 2763 5423; x_wconf 86' lang='grc'>22.</span> <span class='ocrx_word' id='word_1_824' title='bbox 2799 5367 2845 5401; x_wconf 83' lang='grc'>¹⁴</span> <span class='ocrx_word' id='word_1_825' title='bbox 2871 5365 2982 5422; x_wconf 83' lang='lat' dir='ltr'>Job</span> <span class='ocrx_word' id='word_1_826' title='bbox 3010 5381 3127 5432; x_wconf 71' lang='lat' dir='ltr'>xxv,</span> <span class='ocrx_word' id='word_1_827' title='bbox 3161 5365 3214 5420; x_wconf 73' lang='grc'><strong>4.</strong></span> <span class='ocrx_word' id='word_1_828' title='bbox 3253 5363 3298 5400; x_wconf 82' lang='grc'>¹⁵</span> <span class='ocrx_word' id='word_1_829' title='bbox 3327 5361 3550 5421; x_wconf 80' lang='lat' dir='ltr'>Goloss.</span> <span class='ocrx_word' id='word_1_830' title='bbox 3586 5377 3650 5420; x_wconf 85' lang='grc' dir='ltr'>ιι.</span> <span class='ocrx_word' id='word_1_831' title='bbox 3679 5360 3769 5416; x_wconf 88' lang='grc'>15.</span> 
     </span>
    </p>
   </div>
   <div class='ocr_carea' id='block_1_110' title="bbox 362 5436 2244 5509">
    <p class='ocr_par' dir='ltr' id='par_1_110' title="bbox 362 5436 2244 5509">
     <span class='ocr_line' id='line_1_110' title="bbox 362 5436 2244 5509; baseline -0.001 -15"><span class='ocrx_word' id='word_1_832' title='bbox 362 5438 403 5474; x_wconf 82' lang='grc'>¹⁶</span> <span class='ocrx_word' id='word_1_833' title='bbox 435 5436 640 5494; x_wconf 88' lang='lat' dir='ltr'>Matth.</span> <span class='ocrx_word' id='word_1_834' title='bbox 671 5453 729 5503; x_wconf 89' lang='lat' dir='ltr'>v,</span> <span class='ocrx_word' id='word_1_835' title='bbox 757 5437 850 5490; x_wconf 81' lang='lat'>22.</span> <span class='ocrx_word' id='word_1_836' title='bbox 885 5436 928 5472; x_wconf 82' lang='grc'>¹⁷</span> <span class='ocrx_word' id='word_1_837' title='bbox 956 5437 1118 5493; x_wconf 74' lang='lat' dir='ltr'>Judse</span> <span class='ocrx_word' id='word_1_838' title='bbox 1148 5437 1203 5492; x_wconf 88' lang='grc'>5.</span> <span class='ocrx_word' id='word_1_839' title='bbox 1229 5437 1270 5471; x_wconf 74' lang='grc'>³⁸</span> <span class='ocrx_word' id='word_1_840' title='bbox 1293 5438 1466 5494; x_wconf 83' lang='lat' dir='ltr'>Exod.</span> <span class='ocrx_word' id='word_1_841' title='bbox 1499 5437 1590 5506; x_wconf 73' lang='grc'>34,</span> <span class='ocrx_word' id='word_1_842' title='bbox 1619 5439 1710 5494; x_wconf 89' lang='grc'>21.</span> <span class='ocrx_word' id='word_1_843' title='bbox 1746 5439 1792 5474; x_wconf 69' lang='grc'><strong>1³</strong></span> <span class='ocrx_word' id='word_1_844' title='bbox 1827 5438 1896 5492; x_wconf 86' lang='grc' dir='ltr'>ιν</span> <span class='ocrx_word' id='word_1_845' title='bbox 1927 5437 2061 5509; x_wconf 76' lang='lat' dir='ltr'>Reg.</span> <span class='ocrx_word' id='word_1_846' title='bbox 2096 5455 2160 5506; x_wconf 88' lang='grc' dir='ltr'>ιι,</span> <span class='ocrx_word' id='word_1_847' title='bbox 2191 5439 2244 5492; x_wconf 91' lang='grc'>8.</span> 
     </span>
    </p>
   </div>
   <div class='ocr_carea' id='block_1_111' title="bbox 1726 5543 2414 5602">
    <p class='ocr_par' dir='ltr' id='par_1_111' title="bbox 1726 5543 2414 5602">
     <span class='ocr_line' id='line_1_111' title="bbox 1726 5543 2414 5602; baseline -0.003 -4"><span class='ocrx_word' id='word_1_848' title='bbox 1726 5543 1972 5601; x_wconf 65' lang='grc' dir='ltr'>νΑιιιίΕ</span> <span class='ocrx_word' id='word_1_849' title='bbox 2015 5544 2414 5602; x_wconf 84' lang='lat' dir='ltr'>LECTIONES.</span> 
     </span>
    </p>
   </div>
   <div class='ocr_carea' id='block_1_112' title="bbox 441 5639 1682 5715">
    <p class='ocr_par' dir='ltr' id='par_1_112' title="bbox 441 5639 1682 5715">
     <span class='ocr_line' id='line_1_112' title="bbox 441 5639 1682 5715; baseline 0.014 -35"><span class='ocrx_word' id='word_1_850' title='bbox 441 5643 486 5680; x_wconf 75' lang='grc' dir='ltr'>ιι</span> <span class='ocrx_word' id='word_1_851' title='bbox 509 5660 572 5715; x_wconf 24' lang='grc' dir='ltr'>,τε</span> <span class='ocrx_word' id='word_1_852' title='bbox 601 5641 736 5715; x_wconf 56' lang='lat' dir='ltr'>add.</span> <span class='ocrx_word' id='word_1_853' title='bbox 761 5645 836 5715; x_wconf 29' lang='grc' dir='ltr'>,Δί</span> <span class='ocrx_word' id='word_1_854' title='bbox 883 5641 965 5715; x_wconf 24' lang='grc'>,³³</span> <span class='ocrx_word' id='word_1_855' title='bbox 1004 5639 1032 5694; x_wconf 86' lang='grc' dir='ltr'><strong>ὁ</strong></span> <span class='ocrx_word' id='word_1_856' title='bbox 1065 5640 1474 5715; x_wconf 62' lang='grc' dir='ltr'>ΠατήρΝοειιι.</span> <span class='ocrx_word' id='word_1_857' title='bbox 1509 5643 1682 5715; x_wconf 10' lang='lat' dir='ltr'>v,722.</span> 
     </span>
    </p>
   </div>
   <div class='ocr_carea' id='block_1_113' title="bbox 373 5707 1978 5788">
    <p class='ocr_par' dir='ltr' id='par_1_113' title="bbox 373 5707 1978 5788">
     <span class='ocr_line' id='line_1_113' title="bbox 373 5707 1978 5788; baseline 0.001 -19"><span class='ocrx_word' id='word_1_858' title='bbox 373 5717 422 5771; x_wconf 89' lang='grc'>1.</span> <span class='ocrx_word' id='word_1_859' title='bbox 501 5713 548 5748; x_wconf 77' lang='grc'>³⁸</span> <span class='ocrx_word' id='word_1_860' title='bbox 577 5707 776 5784; x_wconf 74' lang='grc' dir='ltr'>οὐδεὶς]</span> <span class='ocrx_word' id='word_1_861' title='bbox 806 5711 936 5768; x_wconf 90' lang='lat' dir='ltr'>Job.</span> <span class='ocrx_word' id='word_1_862' title='bbox 970 5729 1083 5784; x_wconf 77' lang='lat' dir='ltr'>xxv,</span> <span class='ocrx_word' id='word_1_863' title='bbox 1116 5715 1169 5769; x_wconf 74' lang='grc'><strong>4.</strong></span> <span class='ocrx_word' id='word_1_864' title='bbox 1208 5707 1294 5748; x_wconf 60' lang='grc' dir='ltr'>’Ὦ</span> <span class='ocrx_word' id='word_1_865' title='bbox 1323 5707 1772 5788; x_wconf 57' lang='grc' dir='ltr'>ἐρῥέθηῘΜειιῘι.</span> <span class='ocrx_word' id='word_1_866' title='bbox 1806 5731 1860 5784; x_wconf 87' lang='grc' dir='ltr'>ν,</span> <span class='ocrx_word' id='word_1_867' title='bbox 1888 5717 1978 5771; x_wconf 92' lang='grc'>22.</span> 
     </span>
    </p>
   </div>
   <div class='ocr_carea' id='block_1_114' title="bbox 1758 5642 2076 5717">
    <p class='ocr_par' dir='ltr' id='par_1_114' title="bbox 1758 5642 2076 5717">
     <span class='ocr_line' id='line_1_114' title="bbox 1758 5642 2076 5717; baseline -0.003 -19"><span class='ocrx_word' id='word_1_868' title='bbox 1758 5643 1808 5678; x_wconf 82' lang='grc'><strong><em>³³</em></strong></span> <span class='ocrx_word' id='word_1_869' title='bbox 1837 5642 1864 5698; x_wconf 86' lang='grc' dir='ltr'>ὁ</span> <span class='ocrx_word' id='word_1_870' title='bbox 1889 5644 2076 5717; x_wconf 75' lang='grc' dir='ltr'>Πατὴρ</span> 
     </span>
    </p>
   </div>
   <div class='ocr_carea' id='block_1_115' title="bbox 2134 5641 2730 5710">
    <p class='ocr_par' dir='ltr' id='par_1_115' title="bbox 2134 5641 2730 5710">
     <span class='ocr_line' id='line_1_115' title="bbox 2134 5641 2730 5710; baseline -0.005 -11"><span class='ocrx_word' id='word_1_871' title='bbox 2134 5643 2304 5700; x_wconf 85' lang='lat' dir='ltr'>Joan.</span> <span class='ocrx_word' id='word_1_872' title='bbox 2341 5659 2429 5710; x_wconf 90' lang='grc' dir='ltr'>ιιι,</span> <span class='ocrx_word' id='word_1_873' title='bbox 2461 5643 2548 5698; x_wconf 89' lang='grc'>35.</span> <span class='ocrx_word' id='word_1_874' title='bbox 2631 5641 2730 5696; x_wconf 81' lang='grc' dir='ltr'>³⁴ἔ</span> 
     </span>
    </p>
   </div>
   <div class='ocr_carea' id='block_1_116' title="bbox 2133 5639 3772 5790">
    <p class='ocr_par' dir='ltr' id='par_1_116' title="bbox 2133 5639 3772 5790">
     <span class='ocr_line' id='line_1_116' title="bbox 2134 5639 3772 5716; baseline -0.003 -17"><span class='ocrx_word' id='word_1_875' title='bbox 2134 5643 2304 5700; x_wconf 85' lang='lat' dir='ltr'>Joan.</span> <span class='ocrx_word' id='word_1_876' title='bbox 2341 5659 2429 5710; x_wconf 90' lang='grc' dir='ltr'>ιιι,</span> <span class='ocrx_word' id='word_1_877' title='bbox 2461 5643 2548 5698; x_wconf 89' lang='grc'>35.</span> <span class='ocrx_word' id='word_1_878' title='bbox 2631 5641 2678 5679; x_wconf 81' lang='grc'>²⁴</span> <span class='ocrx_word' id='word_1_879' title='bbox 2707 5641 2884 5716; x_wconf 81' lang='grc' dir='ltr'>ἔργοις</span> <span class='ocrx_word' id='word_1_880' title='bbox 2914 5639 2972 5696; x_wconf 82' lang='grc' dir='ltr'>δὶ</span> <span class='ocrx_word' id='word_1_881' title='bbox 3010 5659 3102 5699; x_wconf 88' lang='lat' dir='ltr'>om</span> <span class='ocrx_word' id='word_1_882' title='bbox 3153 5659 3198 5698; x_wconf 91' lang='lat' dir='ltr'>r.</span> <span class='ocrx_word' id='word_1_883' title='bbox 3229 5643 3294 5698; x_wconf 78' lang='grc' dir='ltr'><strong>Α.</strong></span> <span class='ocrx_word' id='word_1_884' title='bbox 3372 5640 3420 5676; x_wconf 83' lang='grc'><strong>³⁵</strong></span> <span class='ocrx_word' id='word_1_885' title='bbox 3449 5641 3543 5709; x_wconf 88' lang='grc' dir='ltr'>ων]</span> <span class='ocrx_word' id='word_1_886' title='bbox 3575 5641 3772 5709; x_wconf 81' lang='lat' dir='ltr'>Act.1,</span> 
     </span>
     <span class='ocr_line' id='line_1_117' title="bbox 2133 5660 3627 5790; baseline -0.003 -22"><span class='ocrx_word' id='word_1_887' title='bbox 2133 5714 2160 5768; x_wconf 83' lang='grc' dir='ltr'>ὁ</span> <span class='ocrx_word' id='word_1_888' title='bbox 2183 5713 2428 5790; x_wconf 81' lang='grc' dir='ltr'>ἀρχάγγ.</span> <span class='ocrx_word' id='word_1_889' title='bbox 2460 5715 2590 5772; x_wconf 85' lang='lat' dir='ltr'>Jud.</span> <span class='ocrx_word' id='word_1_890' title='bbox 2623 5717 2677 5770; x_wconf 92' lang='lat'>9.</span> <span class='ocrx_word' id='word_1_891' title='bbox 2765 5713 2814 5750; x_wconf 74' lang='lat'><strong>39</strong></span> <span class='ocrx_word' id='word_1_892' title='bbox 2843 5713 3036 5789; x_wconf 73' lang='grc' dir='ltr'>ἀνῆγεν</span> <span class='ocrx_word' id='word_1_893' title='bbox 3228 5713 3277 5748; x_wconf 88' lang='grc'><strong>⁴⁰</strong></span> <span class='ocrx_word' id='word_1_894' title='bbox 3303 5712 3364 5767; x_wconf 84' lang='grc' dir='ltr'>τὸ</span> <span class='ocrx_word' id='word_1_895' title='bbox 3396 5711 3532 5769; x_wconf 83' lang='lat' dir='ltr'>add.</span> <span class='ocrx_word' id='word_1_896' title='bbox 3563 5715 3627 5779; x_wconf 84' lang='grc' dir='ltr'>Δ,</span> 
     </span>
    </p>
   </div>
   <div class='ocr_carea' id='block_1_117' title="bbox 2765 5711 3627 5789">
    <p class='ocr_par' dir='ltr' id='par_1_117' title="bbox 2765 5711 3627 5789">
     <span class='ocr_line' id='line_1_118' title="bbox 2765 5711 3627 5789; baseline -0.008 -19"><span class='ocrx_word' id='word_1_897' title='bbox 2765 5711 2814 5750; x_wconf 70' lang='lat'><strong><em>39</em></strong></span> <span class='ocrx_word' id='word_1_898' title='bbox 2843 5713 3036 5789; x_wconf 72' lang='grc' dir='ltr'>ἀνῆγεν</span> <span class='ocrx_word' id='word_1_899' title='bbox 3228 5713 3277 5748; x_wconf 88' lang='grc'><strong>⁴⁰</strong></span> <span class='ocrx_word' id='word_1_900' title='bbox 3303 5712 3364 5767; x_wconf 82' lang='grc' dir='ltr'>τὸ</span> <span class='ocrx_word' id='word_1_901' title='bbox 3396 5711 3532 5769; x_wconf 88' lang='lat' dir='ltr'>add.</span> <span class='ocrx_word' id='word_1_902' title='bbox 3563 5715 3627 5779; x_wconf 83' lang='grc' dir='ltr'>Δ,</span> 
     </span>
    </p>
   </div>
  </div>
