4184 6212
440 359 557 419 743

1638 352 1905 414 PHOTII
1948 352 2481 416 PATRIARCHE
2522 352 2638 415 GP.

3724 352 3844 414 ’144

442 498 739 561 naturam,
767 493 857 550 sui
890 489 1325 547 continuatione
1361 488 1948 553 servata,subserviat
1977 494 2080 546 Do-

2202 491 2489 567 συνέχεεαν
2531 490 2873 561 ὑπηριτεῖται
2905 494 2984 562 τῷ
3033 491 3299 566 Δεσπότῃ,
3326 491 3465 565 πρὸς
3496 491 3557 546 τὸ
3594 497 3845 567 κρεῖττον

440 584 626 650 mino,
660 584 850 651 seipse
878 579 1126 635 validius
1161 578 1454 634 etl'ectum.
1492 577 1673 648 Igitur
1704 594 1863 635 mare
1898 579 2085 636 imbe-

442 672 702 727 cillitatis
760 685 878 724 sum
929 668 1199 733 oblitum,
1227 672 1496 722 naturam
1536 667 1769 737 quidem
1804 684 1917 722 non
1980 669 2084 723 ab-

442 765 647 833 negat;
680 776 879 815 verum
918 757 1200 814 miraculo
1232 763 1464 813 retentas
1488 757 1941 814 continuationis
1974 758 2083 814 Do-

442 850 607 919 mini,
643 865 745 921 per
770 848 914 904 illud
941 847 1400 903 ambulationem
1434 848 1587 903 clare
1617 847 1755 903 satis
1792 848 2083 919 praedicat.

435 940 621 1003 Quare
681 956 796 993 non
839 938 1115 1003 absurde,
1149 936 1250 1003 ait,
1291 937 1567 1007 conjiciat
1614 938 1828 1008 aliquis
1878 936 2087 993 indivi-

434 1028 777 1084 sibilitatem
797 1027 953 1082 illam
977 1026 1034 1082 in
1062 1027 1285 1081 Domini
1312 1043 1413 1097 per
1434 1043 1641 1097 aquam
1668 1025 2084 1083 ambulatione.

436 1117 679 1172 Deitatis
739 1115 1293 1183 indivisibilitatem,
1343 1115 1691 1170 divisionem
1742 1132 1895 1182 vero,
1958 1132 2083 1187 quas

438 1206 641 1271 Mosis,
668 1210 723 1261 et
778 1204 1020 1260 aliorum
1082 1204 1443 1275 temporibus
1492 1204 1721 1270 accidit,
1766 1203 2084 1259 humanam

438 1292 881 1350 crassitudinem
937 1292 1267 1365 significare
1325 1294 1592 1365 quodque
1642 1309 1743 1348 nos
1783 1308 1813 1347 e
1860 1293 2087 1348 duobus

438 1383 625 1439 simus
684 1382 1279 1454 eompositi,materia
1332 1386 1388 1437 et
1446 1382 1652 1449 forma,
1686 1398 1715 1436 e
1768 1382 1982 1454 quibus
2030 1399 2084 1445 et

437 1472 634 1529 omnia
668 1477 939 1527 constant
970 1488 1226 1543 corpora.

516 1560 597 1616 13.
635 1560 733 1615 Ilis
761 1560 947 1625 dictis,
970 1560 1039 1615 ad
1072 1560 1304 1615 tertium
1337 1558 1627 1614 decimum
1652 1558 1858 1613 transit
1889 1562 2081 1629 caput,

440 1669 557 1724 quo
588 1652 793 1723 quaarit
824 1667 838 1706 :
876 1652 986 1707 Cur
1006 1652 1290 1705 hominum
1320 1666 1489 1718 genus
1519 1649 1723 1703 nudam
1750 1666 1849 1721 per
1877 1649 2085 1705 divini-

439 1749 611 1800 tatem
673 1743 903 1799 Verbum
945 1760 1058 1795 non
1105 1742 1420 1797 redemerit.
1454 1742 1532 1796 Ac
1566 1740 1819 1811 primum
1853 1740 2082 1812 quidem

2195 578 2391 647 ἑαυτῆς
2471 577 2927 655 διακρατουμένη.
3005 578 3098 633 Διὸ
3170 578 3260 633 καὶ
3336 581 3398 634 τὸ
3476 580 3612 635 κατὰ
3688 583 3849 655 φύσιν

2195 665 2464 739 ἀγνοοῦσα
2493 668 2661 729 πάθος
2693 669 2793 736 τήν
2826 667 2983 742 φύσιν
3028 667 3122 739 μὲν
3163 665 3262 721 οὑκ
3295 666 3556 741 ἀρνεῖται,
3590 670 3718 741 [585
3751 670 3847 745 Βη]

2192 759 2271 825 τῷ
2304 751 2349 809 δ’
2402 757 2660 832 ὑπερφυεῖ
2687 760 2785 821 τῆς
2842 756 3124 831 συνεχείας
3170 758 3271 825 τήν
3323 758 3658 824 Δεσποτικήν
3716 756 3849 813 σαλ-

2193 842 2338 913 πίζει
2392 844 2634 918 πορείαν,
2683 840 2973 918 Συμϐάλοι
3028 842 3074 899 δ’
3132 841 3191 899 ἄν
3244 866 3328 906 τις
3369 847 3436 918 “,
3496 846 3684 922 φησὶν,
3746 846 3849 901 οὑκ

2192 933 2495 995 ἀπεικότως
2525 933 2587 988 τὸ
2622 934 2716 1006 μὲν
2764 930 3006 1006 ἄτμητον
3039 940 3139 1003 τῆς
3186 941 3523 1003 Δεσποτικῆς
3571 935 3712 988 κατά
3740 940 3843 990 τοῦ

2195 1024 2359 1099 ὑγροῦ
2403 1024 2759 1099 πεζοπορείας
2805 1024 2867 1078 τὸ
2918 1030 3020 1093 τῆς
3077 1025 3344 1093 Θεότητος
3399 1020 3721 1097 ἀδιαίρετον,
3780 1028 3845 1081 τὸ

2194 1111 2252 1168 δὶ
2292 1112 2574 1189 διαιρεθὲν,
2627 1115 2700 1175 ὡς
2752 1114 2837 1169 ἐπὶ
2890 1112 3135 1177 Μωσέως
3184 1115 3273 1169 καὶ
3321 1119 3428 1169 τῶν
3480 1114 3687 1185 ἄλλων,
3741 1118 3843 1185 τήν

2190 1202 2534 1276 ἀνθρωπίνην
2584 1204 2876 1278 παχύτητα
2924 1204 3011 1257 καὶ
3062 1202 3145 1257 ὅτι
3185 1206 3344 1275 ἡμῶν
3394 1201 3453 1258 ἐκ
3484 1200 3580 1257 δύο
3629 1206 3662 1273 ἡ
3717 1205 3843 1259 σῦν-

2192 1293 2357 1362 θεσις,
2402 1291 2540 1362 ὅλης
2587 1312 2643 1346 τε
2683 1295 2772 1346 καί
2824 1290 3023 1359 εἴδους,
3075 1289 3125 1363 έξ
3175 1293 3248 1345 ὧν
3300 1290 3390 1346 καὶ
3438 1292 3505 1347 τὰ
3543 1290 3690 1347 ἄλλα
3744 1295 3847 1349 σώ-

2195 1402 2357 1453 ματα.

2260 1564 2434 1615 Ταῦτα
2475 1558 2640 1614 εἰπὼν
2690 1559 2777 1614 έπί
2826 1560 2888 1614 τὸ
2924 1562 2990 1636 ιγ’
3037 1558 3333 1637 κεφάλαιον
3385 1560 3645 1631 μέτεισιν,
3695 1559 3749 1615 ἐν
3798 1562 3845 1634 ᾧ

2198 1653 2351 1718 ζητεῖ
2409 1649 2505 1701 Διά
2559 1647 2612 1703 τί
2675 1650 2748 1719 μή
2810 1651 2995 1722 γυμνῇ
3053 1651 3120 1721 τῇ
3181 1646 3398 1718 θειότητι
3456 1648 3483 1701 ὁ
3546 1647 3723 1725 Λόγος
3779 1650 3846 1704 τὸ

2196 1735 2531 1810 ἀνθρώπινον
2583 1730 2778 1790 ἔσωσεν
2816 1756 2828 1768 ·
2887 1736 2986 1790 Καὶ
3035 1740 3251 1809 πρῶτον
3315 1736 3409 1809 μὲν
3458 1757 3623 1815 φησιν
3672 1747 3747 1798 ως
3797 1738 3845 1793 εἷ

438 1832 575 1888 dicit
610 1850 621 1887 :
659 1833 896 1888 Etiamsi
939 1832 1189 1886 maxime
1218 1829 1327 1885 hoc
1358 1830 1434 1884 ita
1458 1804 1666 1885 fact-um
1686 1804 1914 1894 fuisset,
1938 1828 2080 1884 nihil

2195 1827 2281 1880 καὶ
2313 1830 2473 1882 τοῦτο
2515 1824 2798 1897 διήνυστο,
2849 1822 3004 1880 οὐδὲν
3034 1825 3096 1879 ἃν
3148 1823 3389 1879 ἐκώλυσε
3434 1826 3561 1887 τοὺς
3614 1847 3849 1898 ματαιο-

438 1926 638 1978 tamen
680 1921 1007 1993 impediret,
1044 1920 1363 1991 quominus
1396 1918 1749 1991 stultiloqui,
1784 1924 1839 1974 et
1887 1919 2085 1973 omnia

437 2014 718 2068 audentes
748 2011 1061 2083 (siquidem
1110 2026 1177 2065 ex
1218 2026 1277 2063 re
1321 2008 1583 2080 qualibet
1610 2007 1805 2064 vesani
1856 2007 1941 2061 illi
1983 2007 2082 2061 bo-

437 2101 625 2156 mines
656 2101 938 2155 rationem
964 2117 992 2152 τι
1019 2099 1131 2153 Deo
1157 2114 1455 2169 reposcere
1476 2096 1795 2153 insolenter
1812 2096 2082 2169 audeant)

438 2188 615 2244 alium
675 2205 876 2243 rursus
940 2188 1176 2243 modum
1219 2186 1428 2241 salutis
1493 2186 1815 2257 requirant,
1860 2202 1927 2241 eo
1984 2184 2079 2256 qui

437 2278 645 2334 fuisset
676 2295 785 2334 non
822 2277 1098 2341 contenti,
1144 2292 1501 2347 rursumque
1530 2276 1643 2332 alio
1674 2278 1828 2343 dato,
1862 2280 1919 2332 et
1950 2291 2079 2331 eum

437 2368 892 2440 reprehendant,
951 2372 1006 2421 et
1064 2365 1245 2422 alium
1302 2367 1711 2423 inconcessum
1762 2367 2079 2439 inquirant.

435 2457 674 2523 Deinde,
706 2473 830 2529 quis
854 2456 963 2512 bac
997 2457 1185 2526 major
1214 2471 1337 2511 esse
1360 2457 1650 2511 dementia
1682 2457 1886 2527 possit,
1913 2472 2080 2527 quam

435 2545 491 2603 id
525 2547 869 2614 existimare,
904 2562 964 2601 se
997 2546 1145 2617 quod
1180 2546 1461 2612 conferat,
1498 2562 1669 2602 nosse
1703 2563 1815 2618 prae
1838 2546 2080 2616 Deo,qui

441 2643 503 2694 ut
547 2637 823 2691 universa
870 2636 928 2691 in
959 2634 1249 2707 sapientia
1288 2635 1582 2708 produxit,
1616 2636 1695 2690 ita
1732 2636 1903 2691 etiam
1940 2652 2081 2691 con-

440 2726 673 2782 servat?

509 2816 760 2872 Solvitur
815 2830 946 2870 vero
994 2814 1163 2870 etiam
1212 2814 1355 2869 illud
1390 2814 1481 2870 hic
1522 2831 1535 2871 :
1570 2814 1867 2878 Quomodo
1911 2823 2086 2873 Deum

438 2909 563 2962 tum
598 2904 928 2960 communis
950 2921 1183 2971 sensus,
1207 2909 1329 2959 tum
1364 2905 1557 2959 divina
1578 2905 1879 2974 Scriptura
1899 2906 2080 2961 omni-

435 3000 729 3069 potentem
781 2994 1072 3061 celebret;
1133 2994 1366 3049 divinus
1417 3010 1547 3048 vero
1607 2993 1823 3049 Paulus
1872 2996 2022 3050 dicat
2064 3011 2077 3050 :

434 3085 577 3139 Deus
614 3085 849 3153 seipsum
892 3098 1095 3151 negare
1134 3099 1243 3137 non
1271 3090 1438 3153 potest
1488 3083 1621 3154 (42).
1649 3082 1800 3146 Quin
1843 3082 1955 3139 alia
1993 3083 2076 3140 in-
2108 3124 2152 3191 Β

435 3188 614 3243 super
660 3179 928 3227 sexcenta
987 3175 1313 3242 suppetere,
1346 3187 1470 3241 qua:
1521 3170 1701 3225 Deum
1750 3188 1862 3228 non
1910 3189 2078 3244 posse

438 3277 664 3332 aequum
698 3260 775 3316 sit
805 3261 995 3315 dicere
1029 3276 1041 3313 :
1088 3264 1170 3323 ut,
1199 3276 1312 3314 non
1348 3276 1511 3330 posse
1544 3260 1867 3316 bonitatem
1900 3262 2075 3317 amit-

436 3353 577 3418 tere,
613 3364 799 3419 neque
850 3348 1157 3403 mutationi
1184 3349 1229 3382 ²⁰
1258 3348 1570 3403 obnoxium
1604 3364 1750 3415 esse,
1782 3355 1840 3405 et
1870 3351 1983 3406 alia
2018 3353 2074 3407 id

432 3453 640 3510 genus.
674 3437 776 3491 Cui
836 3437 1070 3508 quidem
1118 3436 1469 3491 dubitationi
1511 3436 1724 3493 solutio
1785 3455 1912 3495 mox
1967 3440 2077 3497 ista

432 3524 769 3595 subjicitur:
796 3525 927 3589 Quae
952 3524 1135 3579 Deum
1169 3541 1282 3579 non
1307 3541 1479 3596 posse
1507 3525 1771 3596 dicimus,
1804 3543 1871 3583 ea
1894 3544 2076 3600 neque

429 3618 794 3686 sunt,neque
827 3615 884 3668 in
909 3630 1100 3669 rerum
1132 3617 1399 3669 naturam
1431 3614 1637 3670 cadere
1675 3616 1909 3673 omnino
1937 3634 2078 3689 pos-

428 3708 587 3761 sunt.
622 3704 729 3759 Ubi
779 3705 935 3759 enim
970 3705 1260 3775 proditum
1294 3710 1381 3759 est
1412 3722 1690 3775 unquam,
1714 3714 1776 3761 ut
1809 3706 1959 3763 Deus
1988 3708 2076 3765 vel

428 3798 663 3865 negaret
706 3794 982 3865 seipsum,
1026 3792 1111 3848 vel
1148 3797 1483 3861 mutaretur,
1516 3793 1601 3850 vel
1634 3794 1892 3851 bonitate
1922 3797 2075 3852 exci-

431 3882 631 3949 deret;
666 3886 768 3937 aut
811 3882 960 3953 quod
992 3898 1190 3937 verum
1224 3886 1365 3945 erat,
1399 3882 1609 3939 falsum
1635 3884 1841 3940 ﬁeret?
1869 3886 2077 3942 Omni-

428 3978 632 4042 potens
682 3987 810 4027 vero
870 3976 926 4027 et
971 3972 1211 4035 dicitur,
1245 3980 1296 4026 et
1340 3972 1702 4043 prmdicatur,
1737 3975 1888 4045 quod
1947 3992 2074 4047 quas

425 4060 623 4131 ipsum
669 4061 975 4129 deccnt,et
1023 4061 1303 4115 salutaria
1347 4066 1488 4117 sunt
1546 4063 1718 4118 rebus
1749 4062 1976 4130 creatis,
2004 4080 2071 4119 ea

423 4148 613 4204 facere
644 4151 831 4219 possit
860 4150 1225 4217 omnia,oum
1259 4147 1400 4204 vult.
1436 4149 1706 4220 Alioquin
1738 4151 1846 4207 hoc
1876 4152 2067 4223 ipsum

424 4235 653 4291 dicere:
688 4239 810 4291 Non
866 4253 1032 4307 posse
1065 4238 1261 4306 Deum,
1296 4255 1421 4309 qua:
1473 4255 1586 4293 non
1619 4238 1823 4294 decent
1853 4241 2068 4311 ipsum,

424 4326 492 4379 ad
528 4325 841 4394 potentiam
883 4326 1134 4397 pertinet
1165 4343 1381 4381 revera.
1414 4326 1470 4380 Si
1511 4327 1665 4382 enim
1717 4327 1837 4384 haec
1876 4331 2069 4385 omnia

2195 1914 2391 1990 λόγους
2453 1916 2542 1969 καὶ
2582 1914 2753 1970 πάντα
2809 1914 3152 1987 τολμῶντας,
3204 1912 3352 1989 εἷ’περ
3411 1913 3471 1969 ἐκ
3526 1915 3723 1977 παντὸς
3781 1917 3845 1971 τὸ

2195 2011 2346 2061 Θεῖον
2382 2007 2432 2061 οἱ
2481 2005 2841 2081 παραπλῆγες
2890 2005 3201 2082 λογοθετεῖν
3251 2005 3632 2084 ἐφρυάττοντο,
3674 2006 3846 2062 πάλιν

2195 2094 2364 2151 ἄλλον
2413 2096 2614 2171 τρόπον
2672 2095 2948 2166 ἐπιζητεῖν
3010 2096 3308 2167 σωτηρίας,
3367 2095 3429 2150 τὸ
3486 2098 3844 2171 γεγενημένον

2194 2183 2255 2239 οὑ
2314 2185 2647 2259 στέργοντας,
2710 2186 2798 2239 καὶ
2856 2184 3015 2239 κάλιν
3084 2183 3259 2239 ἄλλου
3318 2181 3570 2246 δοθέντος
3626 2186 3688 2239 τὸ
3750 2186 3849 2258 μὶν

2197 2277 2528 2347 μωμεῖσθαι,
2572 2280 2749 2345 ζητεῖν
2783 2272 2838 2328 δὲ
2887 2273 3018 2348 ὅπερ
3054 2274 3130 2347 μὴ
3183 2270 3416 2330 δέδοται,
3459 2275 3687 2330 Ἔπειτα
3724 2274 3847 2328 τίνα

2194 2362 2371 2418 λείπει
2423 2364 2610 2436 μανίας
2664 2359 2997 2439 ὑπερϐολὴν,
3044 2364 3266 2424 ἑαυτοὺς
3309 2363 3547 2436 νομίζειν
3594 2364 3656 2417 τὸ
3703 2385 3847 2437 συμ-

2194 2453 2353 2529 φέρον
2386 2450 2581 2507 εἰδέναι
2635 2452 2847 2526 μᾶλλον
2902 2457 2998 2507 τοῦ
3044 2452 3219 2507 πάντα
3266 2450 3319 2506 ἐν
3368 2451 3529 2529 σοφίᾳ
3568 2451 3657 2507 καὶ
3708 2474 3848 2527 προ-

2194 2542 2495 2617 αγαγόντος
2535 2544 2580 2577 ⁸³
2611 2543 2697 2596 καὶ
2735 2540 3052 2619 συνέχοντος
3080 2560 3093 2609 ;

2263 2810 2579 2866 Ἐπιλύεται
2628 2806 2685 2864 δὶ
2737 2808 2825 2865 καὶ
2883 2813 3001 2871 πῶς
3062 2809 3156 2882 μὲν
3201 2807 3258 2863 αἳ
3312 2815 3369 2864 τὲ
3418 2810 3595 2864 κοιναὶ
3644 2829 3846 2865 εννοιαι

2193 2900 2284 2953 καὶ
2332 2916 2393 2953 το
2444 2900 2584 2953 θεῖον
2634 2898 2861 2972 γράμμα
2917 2896 3330 2969 παντοδὺναμον
3384 2898 3614 2971 ὑμνοῦσι
3646 2902 3690 2935 ⁸³
3744 2900 3842 2954 τὸν

2192 2987 2340 3054 Θεὸν,
2383 2987 2410 3040 ὁ
2462 2983 2518 3040 δὲ
2566 2987 2844 3049 θεσπέσιος
2901 2984 3121 3047 Παῦλός
3170 3006 3333 3064 φησιν
3381 2988 3504 3042 ’Ότι
3537 2987 3584 3022 ⁴⁴
3631 2987 3658 3041 ὁ
3710 2989 3843 3049 Θεὸς

2189 3075 2519 3147 ἀρνήσασθαι
2574 3076 2621 3113 ⁴⁸
2715 3074 2901 3129 ἑαυτὸν
2991 3074 3052 3129 οὑ
3147 3072 3388 3130 δύναται.
3488 3073 3661 3131 Ἀλλὰ
3752 3077 3844 3130 καὶ

2192 3164 2334 3221 ἅλλα
2401 3166 2537 3220 εἶναι
2601 3165 2785 3241 μυρία,
2847 3164 2879 3219 ἃ
2938 3167 3015 3239 μὴ
3077 3162 3331 3220 δύνασθαι
3396 3165 3574 3240 λέγειν
3635 3166 3842 3240 πρέπον

2186 3254 2299 3309 ἐστὶ
2344 3256 2432 3310 τὸν
2486 3256 2639 3324 Θεὸν,
2690 3255 2762 3316 ὡς
2814 3256 2875 3309 τὸ
2928 3254 3004 3326 μή
3052 3251 3309 3308 δύνασθαι
3354 3258 3452 3319 τῆς
3499 3254 3845 3328 ἀγαθότητος

2186 3344 2426 3399 ἰκπεσεῖν
2490 3341 2632 3415 μηδὲ
2684 3344 2896 3417 τροπὴν
2977 3344 3294 3412 ὑποστῆναι,
3353 3344 3442 3396 καὶ
3503 3344 3602 3398 ὅσα
3669 3365 3843 3419 παρα-

2186 3434 2415 3504 πλήσια.
2450 3436 2572 3509 [30‘3
2604 3435 2695 3506 HJ
2738 3430 2894 3490 Ἀλλ’
2926 3434 3119 3506 ἀπορεῖ
3175 3434 3267 3506 μὲν
3318 3431 3517 3502 οὕτως,
3560 3431 3843 3489 έπιλὺεται

2188 3520 2266 3594 δὲ,
2308 3524 2384 3585 ὡς
2430 3523 2461 3577 ἃ
2511 3544 2683 3597 φαμεν
2739 3524 2814 3595 μή
2867 3520 3120 3577 δύνασθαι
3172 3522 3235 3577 τὸ
3288 3527 3461 3589 Θεῖον,
3510 3526 3683 3578 ταῦτα
3732 3527 3843 3578 τῶν

2190 3615 2327 3687 μήτε
2383 3614 2554 3667 ὅντων
2605 3611 2716 3667 ἐστὶ
2769 3614 2909 3683 μήτε
2959 3608 3199 3665 δυνατῶν
3252 3609 3398 3674 ὅλως
3458 3610 3727 3686 ὑφέστηκε
3776 3613 3840 3666 τὸ

2185 3702 2520 3777 ἀρνήσασθαι
2576 3702 2667 3756 τὸν
2702 3702 2829 3756 Θεὸν
2891 3701 3103 3768 ἑαυτὸν,
3150 3699 3184 3769 ἢ
3227 3703 3261 3769 ἡ
3319 3701 3523 3776 τροπὴ,
3557 3701 3590 3769 ἢ
3648 3704 3681 3770 ἡ
3734 3705 3838 3766 τῆς

2185 3791 2527 3865 ἀγαθότητος
2561 3785 2850 3855 ἔκπτωσις,
2894 3788 2927 3858 ἢ
2979 3791 3078 3859 τὴν
3131 3788 3389 3860 ἀλήθειαν
3442 3787 3639 3862 ψεῦδος
3694 3790 3842 3862 γενέ-

2186 3883 2344 3949 σθαι;
2397 3877 2816 3952 Παντοδὺναμος
2851 3877 2906 3934 δὲ
2956 3879 3205 3951 ὑμνεῖται
3254 3880 3342 3933 καὶ
3398 3878 3609 3953 λέγεται
3664 3877 3739 3938 ὡς
3770 3881 3841 3933 τά

2183 3989 2240 4024 τε
2298 3968 2573 4044 πρέποντα
2614 3967 2762 4039 αὑτῷ
2808 3968 2896 4022 καὶ
2951 3970 3197 4039 σωτήρια
3242 3972 3348 4022 τῶν
3407 3966 3837 4042 δημιουργημά-

2181 4081 2289 4115 των
2323 4058 2495 4112 πάντα
2528 4054 2841 4130 δυνάμενος,
2874 4056 2963 4111 ὅτε
3006 4054 3283 4131 βούλεται.
3317 4055 3600 4112 Ἀλλωστε
3645 4054 3703 4111 δὲ
3749 4056 3837 4110 καὶ

2182 4155 2245 4203 τό
2295 4147 2472 4221 λέγειν
2535 4148 2610 4219 μή
2668 4144 2922 4200 δύνασθαι
2972 4145 3004 4199 ἃ
3056 4146 3131 4218 μή
3191 4145 3397 4219 πρέπον
3452 4144 3623 4217 αὑτῷ,
3674 4142 3834 4199 δυνά-

2187 4238 2329 4310 μεώς
2364 4235 2506 4291 ἐστιν
2548 4236 2623 4298 ὡς
2675 4235 2915 4306 ἂληθῶς.
2950 4234 3011 4290 Εἰ
3060 4236 3161 4311 γὰρ
3212 4233 3384 4289 ἐκεῖνα
3423 4233 3599 4289 πάντα
3648 4234 3839 4308 στέρη-

2182 4347 2263 4387 σις
2313 4325 2402 4381 καὶ
2454 4322 2719 4394 ἀσθένεια,
2750 4325 2812 4379 τὸ
2851 4322 3058 4379 τούτων
3109 4324 3358 4378 ἁπάντων
3408 4322 3619 4399 ἀπείρῳ
3652 4323 3835 4396 μέτρῳ

425 4411 673 4483 privatio
708 4418 883 4485 atque
918 4414 1259 4485 impotentia
1291 4415 1556 4487 quaedam
1590 4421 1751 4483 sunt,
1783 4420 2069 4488 quomodo

2195 4412 2566 4488 imptapueﬁm
2623 4416 2740 4473 πῶς
2785 4414 2849 4467 οὑ
2888 4418 2991 4482 τῆς
3051 4412 3359 4485 ἀκροτάτης
3416 4411 3506 4464 καὶ
3564 4412 3840 4465 πανσθενε-

428 4516 546 4557 non
579 4517 824 4557 summae
856 4503 966 4559 hoe
998 4504 1107 4560 erit
1130 4504 1402 4575 potentiae
1435 4522 1501 4559 ac
1529 4505 1905 4573 fortitudinis,
1937 4506 2076 4561 infi-

424 4590 547 4646 nito
579 4593 837 4663 quodam
893 4593 1076 4665 spatio
1112 4610 1291 4665 supra
1330 4594 1451 4649 hinc
1484 4595 1683 4651 omnia
1731 4596 2071 4653 collocatum

423 4696 552 4738 esse
574 4682 602 4739 ?

494 4776 533 4829 1
548 4774 651 4830 84
664 4774 1085 4847 (a)Quanquam
1101 4776 1311 4833 necille
1331 4777 1566 4833 forsitan
1583 4796 1615 4833 ει
1628 4782 1780 4834 recte
1793 4778 2073 4849 discedat,

424 4864 521 4936 qui
547 4864 699 4919 istud
733 4880 967 4936 quoque
998 4863 1069 4921 iis
1100 4881 1226 4936 qua:
1252 4867 1367 4937 jam
1401 4866 1844 4937 dieta,adjiciat,
1870 4884 2075 4940 nempe

424 4953 933 5009 ratiocinationem
972 4952 1125 5009 banc
1158 4970 1273 5009 non
1316 4954 1575 5011 divinum
1618 4955 1812 5012 solum
1857 4973 2072 5013 numen

495 5076 543 5112 ³ο
568 5077 814 5136 Malacb.
848 5095 935 5146 ιιι,
966 5080 1001 5135 6
1034 5098 1049 5148 ς
1078 5078 1202 5135 Jac.
1236 5096 1322 5151 ιιι,
1352 5080 1407 5135 6.

2186 4504 2385 4573 στάτης
2418 4499 2694 4576 δυνάμεως
2721 4521 2735 4571 ς

2256 4777 2419 4854 Τάχα
2449 4773 2495 4830 δ’
2547 4773 2608 4829 ἄν
2653 4796 2736 4837 τις
2770 4775 2873 4830 οὐκ
2915 4773 3014 4847 ἔξω
3060 4779 3159 4843 τῆς
3214 4772 3510 4847 ὀρθότητος
3560 4772 3833 4846 προσθείη

2184 4871 2301 4927 τοῖς
2342 4864 2676 4939 εἰρημένοις,
2727 4864 2802 4928 ὡς
2847 4863 2910 4918 τὸ
2959 4862 3127 4939 λόγος
3181 4863 3340 4925 οὗτος
3387 4860 3514 4936 οὑχῖ
3564 4861 3703 4915 κατὰ
3738 4864 3837 4914 τοῦ

2184 4956 2333 5011 θείου
2376 4950 2542 5029 μόνον
2580 4956 2642 5010 τὸ
2690 4951 3099 5027 παντοδὺναμον
3160 4953 3504 5027 περιτρέπειν
3562 4956 3833 5027 πειρᾶται,

1784 5228 2024 5285 νΑιιιιΕ
2064 5228 2483 5286 LECTIONES.

492 5340 541 5375 η
572 5360 655 5400 τις
687 5343 920 5401 abesset
978 5346 1189 5404 melius
1235 5364 1249 5405 :

422 5411 493 5467 ιο
524 5418 579 5469 et
609 5415 699 5471 25.
778 5416 825 5450 ⁴¹
853 5418 1193 5492 προαγόντος
1396 5420 1442 5457 ⁸³
1471 5411 1768 5493 ἆνὺμνοῦσι
1802 5421 1883 5494 ς’.

1305 5365 1441 5406 nam
1474 5345 1817 5421 σὶδμόάλλειν
1848 5369 1876 5404 τ
1938 5354 2027 5406 est
2084 5344 2341 5422 σύμϐολα
2380 5349 2558 5426 φέρειν
2611 5349 2755 5412 τινός
2785 5353 2907 5409 sive
2953 5349 3284 5406 αἰνίττεσθαί
3313 5370 3387 5404 τι.
3421 5351 3496 5408 of.
3558 5367 3615 5423 p.
3650 5349 3743 5404 181
3778 5346 3835 5405 b.

1306 5463 1318 5476 .
1396 5420 1442 5457 ⁸³
1471 5419 1768 5493 ἀνυμνοῦσι
1802 5421 1883 5494 ς’,
1962 5422 2009 5457 ⁴⁴
2040 5419 2124 5476 ὅτι
2154 5426 2201 5478 Α
2234 5439 2248 5479 :
2282 5419 2422 5477 διότι
2617 5424 2664 5459 ⁸⁵
2694 5422 2903 5496 ἀρνήσ.]
2940 5425 2989 5480 ΙΙ
3022 5424 3171 5480 Tim.
3204 5440 3268 5493 ιι,
3302 5423 3386 5479 13.

2072 5442 2124 5476 τι
2154 5439 2201 5478 Δ
2234 5439 2248 5479 :
2282 5439 2422 5477 οιοτι
2454 5439 2537 5481 μ.

2617 5424 2664 5459 ⁸⁵
2694 5422 2903 5498 amnis.)
2940 5425 2989 5480 II
3022 5424 3171 5480 Tim.
3204 5440 3268 5493 ιι,
3302 5423 3386 5479 13.

2000 5576 2231 5632 ΝΟΤΕ.

497 5680 611 5751 (42)
643 5680 689 5734 ΙΙ
722 5677 875 5735 Tim.
911 5696 974 5747 ιι,
1003 5681 1088 5737 13.
1127 5682 1269 5755 Lege
1300 5700 1424 5756 quae
1456 5686 1524 5741 de
1548 5685 1651 5743 hac
1681 5686 1997 5758 quaestione
2026 5686 2280 5758 disputat
2313 5688 2375 5741 D.
2406 5687 2674 5745 Ambros.
2708 5688 2879 5761 epist.
2909 5688 2998 5744 37.
