4116 6224
215 400 320 459 ’145

1292 395 1832 459 BIBLIOTHECA.
1877 428 1956 442 -
2000 396 2174 458 COD.
2221 398 2501 461 CCXXII.

3476 400 3594 463 746

214 528 453 585 ἀλλὰκαὶ
501 524 692 587 ἁπλῶς
740 524 955 583 πάντων
980 532 1089 584 τῶν
1141 526 1309 584 ὄντων
1352 529 1451 598 τήν
1481 527 1639 603 φύσιν
1700 546 1835 601 συγ-

1967 532 2359 602 )ppugnando,
2392 531 2590 589 conari
2640 532 2765 603 ejus
2804 531 3285 605 omnipotentiam
3319 539 3596 606 evertere,

215 622 320 694 χεῖν
369 637 424 672 τε
478 616 570 671 καὶ
630 615 1041 688 μετασκευάζείν
1106 618 1371 693 βιάζεται,
1415 616 1482 673 Ei‘
1525 618 1628 691 γὰρ
1670 618 1706 686 ἡ
1759 612 1841 670 δι-

213 707 450 775 καιοσύνη
494 705 560 761 οὔ
611 702 833 760 δύναται
878 706 1013 782 ἅπερ
1052 709 1087 776 ἡ
1120 704 1304 762 ἀδικία
1351 707 1439 780 (οὔ
1476 706 1579 782 γάρ
1628 704 1686 761 ἃν
1729 703 1843 760 ἂδι-

214 798 406 867 κήσειεν
462 797 498 864 ἡ
560 791 920 865 δικαιοσύνη),
981 794 1401 872 ἐπικρατεστὲρα
1456 794 1559 869 ἄρα
1623 796 1691 867 τῇ
1752 791 1846 847 δυ-

210 886 354 957 νάμει
396 890 496 952 τῆς
546 883 742 956 ἀρετῆς
792 884 826 935 ἢ
879 882 1054 937 κακία·
1134 883 1224 939 καὶ
1275 883 1319 939 εἰ
1377 884 1405 938 ὁ
1453 882 1735 957 ἄνθρωπος
1783 881 1843 936 οὐ

213 971 409 1028 δύναται
456 972 608 1033 λίθος
648 971 807 1043 εἶναι,
862 970 1076 1046 μᾶλλον
1117 970 1178 1027 ἂν
1228 972 1311 1043 εἴη
1346 969 1569 1033 δυνατὸς
1614 973 1642 1025 ὁ
1693 969 1845 1032 λίθος

212 1062 326 1131 the
372 1060 590 1138 λογικὸν
626 1065 782 1130 ζῶον.
837 1060 1025 1117 Καίτοι
1069 1083 1131 1137 γε
1167 1066 1339 1117 ταῦτα
1377 1060 1541 1116 πάλιν
1590 1060 1842 1133 ἂναστρὲ-

214 1155 356 1226 ψασιν
395 1149 548 1206 οὐδὲν
588 1153 751 1220 ἧττον
800 1150 1012 1228 ὀφθείη,
1047 1148 1078 1205 ἃ
1126 1151 1261 1225 πρὸς
1312 1152 1410 1219 τὴν
1457 1147 1682 1222 δύναμιν
1726 1149 1844 1203 ἐνο-

215 1241 365 1315 μίσθη
418 1239 647 1314 ἂμείνω,
711 1241 1064 1313 ἀσθενέστερα
1119 1240 1285 1296 πάλιν
1345 1241 1417 1294 ὧν
1470 1238 1723 1315 ἐκράτουν
1772 1242 1842 1311 τῇ

214 1328 415 1404 δυνάμει
450 1350 464 1362 ·
496 1330 588 1385 καὶ
621 1328 709 1385 ἐπὶ
749 1351 854 1384 των
904 1328 1089 1384 ἄλλων
1125 1329 1333 1401 ὁμοίως
1383 1328 1650 1384 ἁπάντων.
1684 1327 1843 1385 Οὕτω

213 1420 442 1496 παίγνιὸν
511 1418 657 1475 ἐστιν
727 1420 755 1473 ὁ
811 1423 1063 1479 τοιοῦτος
1122 1418 1289 1496 λόγος
1357 1417 1449 1473 καὶ
1525 1420 1841 1497 σοφιστικῆς

208 1508 404 1585 ἄθυρμα
441 1509 677 1586 λέσχης.
730 1508 1179 1586 Ἐπιῤῥαπισθείη
1222 1507 1266 1564 δ’
1317 1507 1377 1564 ἃν
1423 1514 1532 1564 τῶν
1576 1508 1841 1564 τοιούτων

206 1600 262 1654 τὸ
287 1605 586 1676 κακοῦργον
634 1606 669 1668 ῆ
721 1600 757 1668 ἡ
801 1597 1017 1673 ἄγνοια,
1063 1598 1137 1659 ὡς
1170 1598 1268 1653 οὐκ
1311 1596 1493 1653 ’ίσασιν
1526 1600 1560 1669 ἤ
1613 1598 1673 1653 οὐ
1718 1598 1843 1673 βού-

208 1689 380 1745 λονται
412 1687 591 1745 διττὸν
642 1688 864 1743 εἶναιτὸ
914 1694 1016 1757 τῆς
1065 1684 1343 1761 δυνάμεως
1389 1686 1585 1760 ὄνομα.
1627 1689 1701 1744 Τὸ
1746 1687 1843 1761 μὶν

207 1781 303 1855 γὰρ
353 1778 635 1853 σημαίνειν
687 1780 789 1849 τὴν
842 1779 1049 1853 κυρίως
1106 1775 1353 1853 δύναμιν,
1402 1779 1519 1833 καθ’
1570 1778 1599 1832 ’ὀ
1653 1778 1843 1832 καὶτὸ

1952 619 2049 673 sed
2083 618 2229 676 illud
2253 620 2429 677 etiam
2451 621 2608 678 omni
2642 621 2875 693 penitus
2904 621 2957 676 vi
2991 621 3205 691 moliri,
3240 628 3303 680 ut
3330 624 3597 681 omnium

1952 723 2143 764 rerum
2176 713 2445 767 naturam
2480 711 2797 767 confundat
2828 713 3000 781 atque
3045 711 3102 765 in
3136 711 3311 767 aliam
3345 714 3595 770 formam

1953 803 2326 856 transmutat.
2347 804 2490 855 Nam
2516 800 2811 871 sijustitia
2835 816 2951 856 non
2984 805 3171 871 potest
3192 803 3344 873 quod
3368 803 3599 873 injusti-

1952 887 2031 940 tia
2053 886 2380 959 (nunquam
2403 889 2558 944 enim
2587 888 2866 958 injuriam
2892 888 3090 944 fecerit
3107 889 3599 963 justitia),vitium

1954 977 2153 1048 utique
2175 977 2306 1049 plus
2331 978 2538 1048 poterit
2559 994 2736 1050 quam
2759 979 2942 1033 virtus
2966 996 2979 1032 :
3005 979 3331 1052 eademque
3351 980 3597 1053 ratione,

1952 1066 2003 1121 si
2020 1066 2187 1122 homo
2200 1064 2347 1137 lapis
2361 1082 2488 1122 esse
2503 1083 2615 1122 non
2633 1071 2836 1137 potest,
2853 1065 3000 1139 lapis
3015 1069 3413 1137 potentiorsit,
3428 1084 3601 1141 quam

1953 1156 2194 1213 rationis
2225 1158 2521 1229 particeps
2579 1158 2867 1213 animans.
2896 1157 3073 1230 Atqui
3106 1158 3156 1212 si
3205 1158 3327 1214 haec
3380 1160 3598 1216 iterum

1951 1247 2229 1314 invertas,
2263 1246 2649 1303 nihilominus
2686 1263 2814 1319 quae
2855 1247 3077 1304 viribus
3108 1248 3334 1320 potiora
3357 1250 3594 1321 judica-

1951 1337 2187 1402 bantur,
2213 1352 2444 1393 rursum
2469 1335 2851 1393 imbecilliora
2871 1335 3231 1393 videbuntur
3259 1338 3331 1394 iis
3353 1355 3481 1411 quas
3500 1356 3601 1412 po-

1951 1429 2162 1482 testate
2190 1424 2500 1480 vincebant
2532 1443 2545 1481 :
2579 1429 2636 1481 et
2665 1424 2736 1481 de
2766 1425 2991 1481 caeteris
3023 1425 3296 1482 omnibus
3332 1428 3401 1482 ad
3440 1443 3604 1484 eum-

1954 1514 2083 1569 dem
2101 1515 2361 1570 modum.
2379 1514 2701 1569 Italudicru
2714 1530 2767 1568 m
2789 1514 2926 1585 quid
2942 1513 3282 1586 huiusmodi
3297 1515 3607 1573 ratiocina-

1953 1604 2033 1660 tio
2055 1608 2161 1671 est,
2195 1610 2247 1659 et
2280 1603 2617 1675 nugationis
2646 1601 2979 1675 sophistica:
3024 1603 3372 1661 ludibrium.
3408 1603 3604 1662 Refsl-

1952 1692 2107 1749 latur
2127 1692 2309 1764 igitur
2330 1691 2541 1747 horum
2564 1692 2651 1747 vel
2673 1691 2952 1764 nequitia,
2977 1691 3064 1749 vel
3086 1690 3345 1758 inscitia,
3368 1693 3419 1749 si
3441 1693 3599 1750 dica-

1954 1787 2066 1849 tur,
2092 1782 2247 1853 quod
2279 1787 2378 1837 aut
2407 1799 2522 1838 non
2556 1782 2772 1850 norint,
2804 1787 2907 1839 aut
2936 1785 3091 1838 certe
3122 1782 3352 1839 novisse
3385 1782 3598 1850 nolint,

206 1870 331 1924 θεῖον
372 1868 592 1945 λέγεται
643 1864 1058 1941 παντοδύναμον
1109 1868 1199 1923 καὶ
1244 1868 1469 1923 ’ἑκαστον
1517 1870 1625 1922 τῶν
1670 1863 1841 1921 ὄντων

1967 1852 2169 1943 iuplex
2217 1885 2342 1927 esse
2393 1871 2659 1942 potentiae
2691 1886 2924 1927 nomen.
2957 1869 3115 1927 Alias
3162 1870 3320 1927 enim
3367 1871 3601 1944 proprie

207 1959 326 2013 κατὰ
374 1960 469 2028 τήν
543 1952 786 2034 ἔμφυτον
844 1957 935 2012 καὶ
1013 1956 1214 2012 οἰκείαν
1291 1954 1516 2030 δύναμιν
1573 1957 1640 2012 τὰ
1712 1955 1848 2011 κατᾶ

209 2049 348 2125 φύσιν
394 2046 673 2121 πράττειν,
708 2048 837 2121 [588
886 2049 977 2120 3.]
1007 2046 1070 2101 τὸ
1122 2043 1179 2101 δὲ
1219 2048 1279 2101 τὸ
1326 2046 1529 2120 πρέπον
1574 2045 1664 2101 καὶ
1713 2049 1844 2101 καθ-

209 2143 330 2206 ῆκον
386 2137 806 2209 ὑποσημαίνειν.
861 2137 1027 2193 ’Ὁταν
1077 2136 1123 2173 ⁴⁶
1181 2134 1273 2191 οὖν
1320 2157 1493 2216 φαμεν
1554 2137 1630 2209 μή
1690 2133 1847 2190 δύνα-

210 2227 316 2280 σθαι
386 2226 448 2280 τὸ
526 2230 684 2281 Θεῖον
774 2224 1107 2301 ἀρνήσασθαι
1184 2224 1394 2294 ἑαυτὸν,
1471 2226 1547 2298 μὴ
1620 2224 1845 2299 πρέπειν

210 2315 388 2391 φαμὲν,
456 2311 604 2389 μηδὲ
668 2316 908 2383 καθῆκον
981 2315 1109 2368 εἶναι
1167 2313 1211 2350 ⁴’¹
1287 2317 1403 2386 Θεῷ
1463 2312 1676 2389 ἔξαρνον
1744 2320 1844 2383 τῆς

212 2400 343 2466 ἲδίας
387 2404 570 2465 οὐσίας
609 2402 853 2478 γενέσθαι
890 2422 903 2436 ⁶
955 2402 1215 2465 ὡσαύτως
1264 2403 1356 2457 καὶ
1406 2402 1529 2457 ὅταν
1585 2404 1662 2476 μὴ
1696 2399 1850 2457 δύνα-

210 2495 319 2547 σθαι
359 2497 568 2567 τροπήν
622 2493 912 2569 ὑφεστάναι
960 2491 996 2561 ἢ
1044 2499 1166 2561 τῆς,
1227 2491 1562 2567 ἁγαθότητος
1610 2490 1843 2560 ἑκοστῆ-

206 2602 301 2653 ναι,
336 2584 396 2638 τὸ
428 2585 504 2656 μὴ
563 2581 787 2657 πρέπειν
828 2581 974 2654 αὐτῷ
1007 2578 1148 2652 μηδὲ
1195 2582 1436 2646 καθῆκον
1484 2581 1621 2635 εἶναι
1651 2582 1718 2636 τὰ
1746 2588 1845 2651 τῆς

204 2678 393 2742 τροπῆς
448 2672 484 2741 ἢ
546 2670 649 2738 τῆς
704 2670 1057 2732 ἀλλοιώσεως
1126 2670 1476 2745 προσάπτειν.
1533 2672 1708 2744 ’Ὀπερ
1783 2670 1847 2724 οὐ

211 2758 360 2829 μόνον
412 2757 685 2832 οὐδαμῶς
744 2755 1004 2832 οὐδεμιᾶς
1063 2754 1359 2831 ἀδυναμίας
1418 2754 1646 2834 ἔμφασιν
1707 2753 1847 2832 ἔχει,

208 2845 338 2902 ἀλλᾶ
417 2850 508 2903 καὶ
588 2843 1007 2919 παντοδυνάμου
1080 2844 1358 2920 δυνάμεως
1434 2846 1851 2921 ἀπαράγραπτος

213 2940 480 3013 μαρτυρία.
532 2940 646 2997 Καὶ
704 2938 791 2993 ἐπὶ
846 2944 954 2995 τῶν
1007 2937 1195 2995 ἄλλων
1239 2936 1296 2994 δὲ
1351 2938 1631 2999 ὡσαύτως.
1679 2935 1853 2994 una

205 3032 350 3083 ταῦτα
379 3030 471 3103 μὲν
507 3030 591 3090 ὡς
622 3027 674 3082 ἐν
708 3030 1056 3103 παρενθήκης
1088 3029 1262 3102 μέρει.

1956 1958 2286 2030 signiﬁcare
2334 1959 2681 2030 potentiam,
2734 1974 2847 2031 qua
2903 1964 2962 2015 et
3020 1960 3171 2015 Deus
3226 1959 3599 2031 omnipotens

1955 2047 2305 2120 appelletur,
2339 2056 2389 2104 et
2421 2048 2620 2105 omnia
2657 2066 2784 2123 qua
2827 2048 3110 2105 exsistant
3138 2065 3206 2105 ex
3236 2048 3439 2105 innata
3485 2049 3600 2106 sibi

1956 2154 2021 2192 ac
2054 2137 2284 2208 propria
2323 2136 2398 2207 vi,
2430 2154 2557 2210 quas
2612 2138 2683 2193 ad
2735 2142 3006 2194 naturam
3056 2154 3225 2194 suam
3284 2128 3600 2210 pertinent,

1956 2228 2180 2298 operari
2204 2228 2501 2283 dicantur:
2524 2226 2667 2284 alias
2680 2243 2813 2283 vero
2836 2227 3142 2295 duntaxat,
3155 2228 3306 2299 quod
3324 2228 3600 2284 decorum

1956 2321 2013 2372 et
2054 2316 2402 2372 conveniens
2447 2316 2549 2383 sit,
2600 2317 2948 2388 signiﬁcare.
3007 2317 3147 2374 Cum
3206 2316 3401 2389 itaque
3456 2316 3598 2373 dici-

1958 2421 2089 2461 mus
2120 2422 2228 2461 non
2258 2422 2410 2477 posse
2440 2407 2605 2461 Deum
2641 2407 2882 2477 seipsum
2922 2422 3147 2476 negare,
3180 2405 3289 2461 hoc
3327 2405 3599 2475 dicimus,

1956 2509 2131 2566 neque
2176 2494 2369 2550 decens
2416 2511 2527 2549 esse
2576 2496 2701 2562 Deo,
2742 2511 2918 2566 neque
2971 2495 3261 2550 convenire
3313 2494 3601 2566 propriam

1957 2587 2220 2639 naturam
2253 2583 2522 2653 inﬁciari.
2557 2582 2834 2638 Similiter
2863 2598 2996 2638 cum
3026 2583 3280 2638 dicimus
3310 2597 3419 2636 non
3448 2595 3603 2651 posse

1958 2673 2132 2728 ultam
2170 2670 2531 2726 mutationem
2561 2670 2873 2738 admittere,
2896 2669 2989 2725 υει
3014 2687 3047 2724 a
3069 2671 3305 2725 bonitate
3323 2667 3601 2738 excidere,

1961 2777 2074 2816 non
2108 2761 2309 2815 decere
2331 2759 2524 2829 ipsum
2556 2758 2831 2825 dicimus,
2856 2774 3044 2829 neque
3067 2757 3374 2813 convenire
3407 2762 3473 2813 ut
3492 2757 3601 2814 ali-

1959 2866 2074 2921 qua
2096 2848 2178 2903 illi
2213 2847 2297 2903 vel
2332 2847 2576 2903 mutatio
2606 2847 2695 2903 vel
2727 2845 2993 2903 alteratio
3024 2845 3411 2902 attribuatur:
3444 2846 3600 2919 quod

1962 2954 2077 2993 non
2104 2938 2269 2992 (nodo
2289 2934 2505 2991 nullam
2529 2935 2868 2992 mutationis
2890 2934 3379 3007 signiﬁcationem
3403 2933 3600 2998 habet,

1963 3028 2059 3083 sed
2094 3026 2527 3097 omnipotentiae
2560 3025 2751 3097 potius
2783 3023 3189 3080 ﬁrmissimum
3218 3025 3307 3079 est
3339 3022 3604 3080 testimo-

209 3118 353 3176 nium
385 3137 400 3188 ;
430 3122 763 3190 eademque
794 3120 852 3174 in
884 3120 1111 3174 caeteris
1143 3118 1307 3175 ratio.
1334 3118 1442 3174 Sed
1478 3120 1595 3175 haec
1628 3117 1770 3190 [illis
1794 3116 2177 3189 argumentis]
2207 3116 2392 3171 obiter
2418 3114 2765 3187 interposita
2794 3121 2985 3170 sunto.

295 3206 331 3225 ν
379 3211 393 3226 ο
499 3210 514 3228 \
714 3205 738 3226 κ
781 3213 803 3224 ν
932 3209 956 3228 ν-
1358 3207 1369 3225 ι
1518 3208 1544 3219 ~
1704 3210 1715 3228 ρ
1825 3230 1844 3241 ⁸

273 3222 315 3263 ιο
335 3253 347 3266 .
394 3215 437 3266 Ο
467 3208 526 3266 δε
557 3224 863 3271 σπουοαιος
896 3229 1053 3272 ουτος
1082 3229 1417 3286 συγγραφευς
1444 3223 1545 3264 του
1578 3229 1843 3284 παροντο..
1877 3213 1920 3279 C

217 3292 420 3369 βιϐλίου
450 3302 494 3337 ⁴⁸
540 3297 850 3376 κεφάλαιοι
885 3299 929 3335 ⁴⁹
966 3302 1201 3353 ποιεῖται
1237 3295 1321 3366 ιδ’,
1372 3299 1400 3353 ὃ
1445 3297 1692 3371 μείζονος
1722 3299 1849 3353 εἶναι

212 3386 291 3440 καὶ
338 3396 501 3462 τιμῆς
579 3387 673 3442 καὶ
733 3386 923 3465 σοφίας
986 3388 1371 3456 κατασκευάζει
1442 3394 1543 3457 τῆς
1598 3386 1848 3449 πλάσεως

213 3477 299 3543 τήν
350 3478 681 3545 ἀνάπλασιν,
728 3478 794 3532 τά
842 3497 902 3531 τε
950 3474 1097 3531 ἄλλα
1144 3477 1234 3531 καὶ
1294 3475 1377 3531 ὅτι
1429 3479 1464 3547 ἡ
1519 3477 1612 3550 μὲν
1656 3475 1854 3540 πλάσις

214 3562 351 3641 λόγῳ
426 3566 728 3642 προήχθη,
809 3564 1108 3641 αὐτουργίᾳ
1190 3562 1246 3619 δὲ
1318 3571 1417 3620 τοῦ
1503 3570 1856 3640 Δημιουργοῦ

214 3656 245 3721 ἡ
294 3654 621 3717 ἀνάκλασις.
675 3655 777 3712 Καὶ
851 3652 1073 3712 Παῦλον
1134 3651 1191 3709 δὲ
1258 3676 1392 3729 φησι
1470 3654 1667 3729 λέγειν,
1722 3653 1857 3725 ἐξαί-

221 3759 363 3814 ροντα
424 3746 487 3799 τὸ
545 3751 654 3815 τῆς
724 3742 918 3822 σοφίας
993 3742 1241 3819 μέγεθος,
1308 3748 1423 3799 Ἰνα
1474 3745 1521 3780 ⁵ο
1586 3744 1858 3819 γνωρισθῇ

217 3835 294 3885 νῦν
372 3840 494 3897 ταῖς
581 3835 790 3908 ἀρχαῖς
869 3833 960 3887 καὶ
1042 3839 1162 3895 ταῖς
1249 3832 1514 3904 ἐξουσίαις
1608 3834 1660 3890 ἐν
1742 3839 1861 3897 τοῖς

219 3917 548 3996 ἐπουρανίοις
651 3919 746 3977 διὰ
836 3928 937 3992 τῆς
1032 3920 1358 3993 Ἐκκλησίας
1461 3925 1496 3993 ἡ
1593 3921 1862 3978 πολυποί-

219 4011 359 4075 κιλος
453 4013 623 4087 σοφία
707 4016 804 4068 τοῦ
879 4014 1036 4083 Θεοῦ,
1121 4014 1182 4083 ἦν
1266 4012 1519 4085 ἐποίησεν
1597 4013 1648 4068 ἐν
1737 4019 1867 4087 Χρι-

221 4104 321 4172 στῴ
365 4103 569 4173 ’[ησοῦ.
619 4100 727 4159 Καὶ
772 4101 833 4156 τὸ
881 4102 980 4172 τῆς
1028 4100 1252 4177 ἆγᾶπης
1299 4099 1358 4157 δὲ
1404 4106 1503 4158 τοῦ
1551 4106 1684 4158 Θεοῦ
1732 4102 1869 4177 πρὸς

221 4188 356 4260 ἡμᾶς
384 4185 803 4265 ἀνυπέρϐλητον
833 4188 1230 4263 ἐνδεικνύμενον
1275 4190 1383 4266 οὐχ
1413 4192 1497 4247 ὅτι
1536 4193 1653 4247 κατ’
1694 4193 1870 4268 ἀρχὰς

219 4276 302 4331 τὸν
344 4277 631 4349 ἄνθρωπον
682 4276 886 4335 ἔπλασε
934 4278 1113 4355 φάναι,
1147 4282 1277 4353 [303
1324 4282 1418 4352 Η.]
1460 4278 1578 4336 οὐδ’
1613 4282 1698 4337 ὅτι
1735 4279 1871 4335 κατᾶ

222 4365 309 4435 τήν
355 4367 527 4425 αὐτοῦ
571 4368 761 4424 εἰκόνα
805 4367 1303 4444 ἐπλαστοῦργησεν,
1349 4367 1464 4425 οὐδ’
1521 4370 1605 4424 ὅτι
1648 4368 1789 4426 ἄλλο
1818 4390 1870 4423 τι

220 4458 314 4509 τῶν
380 4457 645 4533 μεγάλων
717 4458 808 4513 καὶ
885 4458 1210 4532 θαυμαστῶν
1294 4458 1468 4536 ἔργων
1552 4457 1866 4528 ὑπέστησεν.

2032 3210 2118 3265 14.
2173 3206 2307 3262 Jam
2356 3223 2489 3263 vero
2530 3206 2751 3279 probus
2802 3223 2945 3263 sane
3002 3210 3204 3263 noster
3248 3205 3345 3261 hic
3401 3209 3606 3261 auctor

1961 3301 2233 3370 quartum
2266 3295 2556 3353 decimum
2580 3296 2759 3367 hujus
2789 3296 2981 3368 operis
3012 3300 3187 3367 caput
3209 3294 3350 3350 illud
3378 3292 3604 3360 statuit,

1961 3388 2112 3459 quod
2149 3387 2385 3458 majoris
2416 3402 2543 3441 esse
2569 3389 2625 3442 et
2655 3386 2998 3458 praestantia:
3031 3389 3088 3441 et
3115 3384 3415 3457 sapientia:
3439 3384 3609 3439 docet

1964 3482 2237 3532 creaturis
2270 3474 2764 3540 reformationem,
2799 3491 2976 3547 quam
3010 3473 3419 3530 formationem
3443 3490 3458 3542 ;
3479 3487 3609 3527 cum

1967 3566 2187 3622 czeteris
2219 3566 2289 3621 de
2338 3565 2553 3633 causis,
2584 3568 2710 3619 tum
2772 3564 2925 3634 quod
2979 3579 3080 3634 per
3136 3561 3324 3618 solum
3368 3559 3609 3617 verbum

1968 3654 2235 3712 formatio
2293 3655 2554 3710 confecta
2603 3655 2699 3722 sit,
2734 3652 3065 3710 reformatio
3119 3656 3315 3708 autem
3373 3649 3612 3707 nonnisi

1972 3745 2691 3819 peripsiusmetCreatoris
2717 3743 3137 3815 operationem.
3164 3741 3411 3799 Paulum
3433 3742 3617 3813 igitur

1972 3835 2272 3907 sapientiae
2303 3833 2771 3905 magnitudinem
2822 3833 3137 3899 efferendo,
3169 3832 3285 3888 ista
3314 3830 3474 3903 loqui
3495 3831 3615 3886 ait:

1977 3925 2040 3984 Ut
2068 3926 2370 3980 innotescat
2396 3923 2741 3994 principibus
2769 3927 2822 3978 et
2841 3923 3203 3994 potestatibus
3223 3919 3286 3976 in
3315 3918 3621 3975 amicalibus

1971 4030 2071 4087 per
2101 4013 2396 4069 Ecclesium
2444 4012 2806 4082 multi/armis
2835 4009 3256 4084 sapientia’Dei,
3291 4026 3458 4080 quam
3485 4009 3618 4077 fecit

1977 4106 2036 4159 in
2060 4103 2271 4158 Christo
2299 4105 2431 4158 Jesu
2460 4102 2523 4155 ²¹.
2554 4100 2700 4155 Eum
2725 4100 2886 4167 item,
2909 4100 3009 4172 qui
3032 4096 3489 4172 inseparabilem
3522 4095 3625 4152 Dei

1978 4210 2112 4263 erga
2142 4208 2247 4248 nos
2279 4206 2538 4246 amorem
2570 4190 2879 4246 ostendere
2910 4193 3175 4257 conatur,
3201 4203 3317 4244 non
3346 4187 3449 4242 hoc
3472 4202 3629 4242 com-

1980 4296 2324 4352 memorare,
2376 4279 2532 4350 quod
2575 4280 2648 4335 ab
2690 4278 2857 4334 initio
2917 4278 3215 4333 hominem
3265 4275 3625 4345 formaverit,

1981 4389 2165 4443 neque
2196 4371 2354 4444 quod
2384 4386 2552 4426 suam
2576 4370 2649 4426 ad
2677 4368 2994 4441 imaginem
3027 4368 3184 4424 hunc
3216 4367 3528 4433 efﬁnxerit,
3562 4370 3630 4423 ut

1985 4477 2087 4518 nec
2117 4461 2271 4532 quod
2304 4475 2585 4533 magnum
2617 4458 2853 4527 aliquod
2897 4462 2999 4514 aut
3037 4456 3447 4513 admirandum
3479 4469 3630 4526 opus

219 4542 386 4601 Ἀλλά
412 4547 507 4617 τίς
558 4550 666 4618 τήν
699 4545 955 4623 ἔνοαρκον
1006 4548 1304 4621 παρουσίαν
1354 4552 1452 4604 τοῦ
1501 4548 1630 4602 Υἱοῦ
1678 4548 1857 4615 αὐτοῦ,

1982 4550 2324 4622 susceperit.
2368 4549 2521 4605 184
2552 4549 2630 4621 (b)
2662 4547 2812 4613 Quid
2862 4547 3045 4620 igitur
3068 4548 3097 4601 ?
3130 4546 3255 4602 Filii
3310 4544 3502 4618 ipsius
3533 4559 3634 4617 per

223 4628 284 4686 δι’
310 4634 370 4689 οὗ
416 4638 558 4710 ἡμῖν
611 4639 649 4707 ἡ
697 4635 1022 4698 ἀνάκλασις.
1055 4636 1214 4695 Οὕτω
1244 4639 1288 4674 ⁸1
1335 4637 1460 4713 γὰρ,
1511 4638 1692 4716 φησὶν,
1732 4638 1873 4711 ἡγὰ-

224 4739 378 4791 πησεν
432 4727 460 4779 ὁ
521 4727 660 4789 Θεὸς
719 4726 814 4781 τὸν
878 4726 1109 4798 κόσμον,
1162 4728 1301 4782 ὥστε
1355 4727 1447 4783 τὸν
1513 4727 1634 4781 Υἱόν
1713 4726 1876 4782 αὐτοῦ

227 4810 307 4865 τὸν
357 4823 626 4892 μονογενῆ
680 4812 882 4872 ἔδωκεν
944 4818 1075 4893 ὑπὲρ
1135 4824 1237 4887 τῆς
1303 4822 1404 4872 τοῦ
1451 4819 1657 4891 κόσμον
1707 4823 1874 4888 ζωῆς.

226 4896 372 4963 Τίνος
414 4903 519 4975 γὰρ
568 4904 679 4958 οὐκ
742 4905 803 4959 ἄν
845 4905 1057 4981 ἀγάπης
1107 4903 1214 4976 ε’ίη,
1276 4903 1337 4960 οὒ
1388 4904 1536 4983 λέγω
1583 4906 1645 4961 τὸ
1695 4902 1879 4961 δοῦναι

233 4987 312 5043 τὸν
338 4995 624 5067 Μονογενῆ
666 4993 797 5068 ὑπὲρ
828 4996 989 5069 ἡμῶν
1020 4995 1097 5058 εἷς
1146 4998 1394 5067 θάνατον,
1426 4995 1573 5052 ἀλλὰ
1618 4996 1707 5051 καὶ
1748 4996 1878 5052 αὐτό

230 5073 288 5131 λε
310 5084 491 5153 τοῦτο,
525 5083 593 5139 τὸ
643 5080 940 5154 εὐδοκῆσαι
969 5085 1062 5141 τὸν
1115 5086 1263 5155 Υίὸν,
1316 5087 1592 5156 Δεσπότην
1630 5088 1877 5142 ἁπάντων

229 5159 367 5238 ὄντα,
402 5172 629 5249 μορφὴν
666 5167 957 5229 ἀναλαϐεῖν
984 5176 1034 5212 ⁵³
1063 5172 1288 5245 δούλου,
1323 5174 1405 5231 ὅτι
1441 5173 1570 5250 μηδ’
1602 5176 1668 5245 ἦν
1700 5178 1881 5251 γυμνῇ

227 5259 291 5341 τῇ
337 5258 554 5331 θεότητι
623 5257 749 5318 οὔτε
805 5262 881 5327 εἰς
931 5264 1117 5339 ὅρασιν
1176 5265 1465 5341 ἀνθρώπου
1521 5263 1723 5337 ἐλθεῖν,
1762 5261 1885 5320 οὔτε

231 5337 314 5398 διὰ
365 5351 474 5404 τῶν
555 5356 891 5423 σωματικῶν
967 5350 1137 5430 ἔργων
1187 5374 1245 5409 τε
1301 5354 1393 5410 καὶ
1465 5355 1710 5430 πράξεων
1783 5355 1885 5423 τὴν

296 5454 339 5488 ²ί
370 5457 588 5528 Ephes.
627 5474 716 5528 ιιι,
751 5461 838 5517 10.
916 5461 965 5498 ²¹
989 5462 1161 5520 Joan.
1193 5479 1281 5531 ιιι,
1313 5463 1398 5519 t6.

1983 4656 2216 4697 carnem
2259 4641 2574 4695 adventum
2608 4638 2800 4703 refert,
2849 4653 2951 4709 per
2988 4652 3166 4709 quem
3201 4636 3405 4707 utique
3437 4637 3636 4689 nostra

1982 4736 2070 4787 est
2101 4734 2325 4802 patrata
2369 4727 2718 4785 reformatio.
2764 4728 2858 4784 Sit:
2902 4728 3074 4794 enim,
3108 4724 3323 4796 inquit,
3370 4725 3509 4778 Deus
3538 4722 3631 4777 di-

1987 4819 2427 4886 lemitmundam,
2448 4823 2508 4873 ut
2528 4816 2736 4873 Filium
2750 4832 2913 4872 suum
2930 4814 3280 4885 unigenitum
3300 4811 3512 4867 dederit
3532 4824 3639 4881 pro

1986 4909 2184 4964 mundi
2236 4907 2351 4964 vita
2379 4908 2449 4962 ³⁸.
2494 4909 2634 4963 Nam
2679 4909 2935 4978 quantae,
2988 4906 3251 4971 obsecro,
3308 4898 3639 4956 dilectionis

1990 4997 2185 5067 fuerit,
2219 5013 2333 5052 non
2364 4996 2493 5052 dico
2527 4995 2896 5067 unigenitum
2928 5008 3103 5048 suum
3129 5008 3229 5060 pro
3255 4988 3427 5046 nobis
3461 4987 3636 5043 morti

1991 5086 2277 5149 addicere,
2298 5085 2398 5142 sed
2431 5085 2520 5141 vel
2551 5085 2661 5141 hoc
2683 5084 2896 5156 ipsum,
2922 5079 3353 5153 complacuisse
3374 5076 3638 5144 omnino,

1994 5180 2058 5232 ut
2090 5174 2290 5244 Filius,
2317 5190 2449 5230 cum
2483 5172 2687 5229 mundi
2712 5171 2988 5227 dominus
3021 5172 3199 5236 esset,
3224 5168 3470 5223 formam
3490 5164 3643 5221 servi

1994 5266 2286 5335 acciperet
2318 5280 2332 5317 :
2364 5279 2431 5319 eo
2462 5262 2614 5334 quod
2647 5277 2764 5318 non
2806 5263 3002 5333 posset
3030 5258 3190 5316 nuda
3212 5256 3402 5314 deitas
3447 5255 3536 5312 vel
3582 5254 3644 5312 in

1998 5355 2304 5409 hominum
2356 5368 2418 5408 se
2451 5355 2830 5423 conspectum
2863 5350 3021 5416 dare,
3074 5346 3160 5405 vel
3202 5362 3308 5420 per
3337 5359 3648 5419 corporeae

1597 5562 1687 5616 VA
1697 5562 1838 5619 ΒΙΑΣ
1881 5558 2187 5619 LECTION
2193 5558 2278 5614 ES

238 5718 274 5753 ι.
303 5650 499 5753 1153:"
514 5655 653 5753 si".
676 5651 777 5753 °i1
800 5656 893 5753 9.2-.
967 5658 1185 5753 iter:
1208 5661 1433 5753 τέκθείέι
1466 5660 1545 5753 9‘.-

312 5680 499 5735 ".otav
535 5680 636 5726 μιν
676 5680 766 5709 ουν
800 5680 840 5731 5
869 5698 883 5713 .
967 5680 1005 5693 τ’
1041 5680 1177 5713 ειναι
1209 5681 1235 5714 τ
1318 5680 1433 5731 υεῳ
1466 5680 1504 5736 5
1533 5702 1545 5715 .
1657 5680 1708 5695 ὐ
1737 5680 1825 5735 pm

308 5722 472 5798 οὕτω]
499 5726 681 5784 Joan.
715 5743 801 5797 ιιι,
829 5730 915 5786 16.
992 5730 1038 5766 ⁸³
1063 5680 1350 5788 ἀναλαὲἒῖν
1392 5736 1439 5791 Α
1474 5751 1486 5791 :
1522 5726 1707 5788 λαϐεῖν
1742 5731 1825 5805 ς’.

550 5828 824 5893 Ριτιιοι..
871 5831 986 5895 Gs.
1030 5831 1185 5895 CIII.

1657 5659 1708 5695 ⁴⁸
1737 5653 1986 5735 βιϐλίου]
2025 5657 2159 5715 libri
2195 5656 2260 5731 β’.

2374 5654 2423 5691 ⁴⁹
2450 5651 2748 5734 κεφαλαίου
2781 5653 2863 5729 ς’.
2975 5653 3025 5689 ⁵ο
3046 5649 3158 5727 ἵνα]
3192 5650 3408 5725 Ephes.
3443 5665 3527 5716 ιιι,
3560 5647 3648 5705 10.

3246 5821 3327 5881 24
