4184 6212
389 301 506 358 ’747

1593 255 1862 363 PHOTII
1905 303 2432 368 suamnam:
2477 307 2593 367 ep.

3675 308 3796 370 748

388 435 645 494 actiones
678 441 734 494 et
776 453 970 509 opera,
1005 453 1131 494 eam
1169 437 1543 494 instituendas
1583 437 1714 494 vitae
1751 439 2031 496 rationem

2151 441 2237 495 ὑπ’
2294 439 2460 496 αὐτοῦ
2517 441 2928 516 κηρυττομὲνην
2980 436 3281 509 πολιτείαν,
3330 437 3399 493 δι’
3455 443 3522 508 ἧς
3579 443 3714 514 ἡμῖν
3758 445 3796 511 ἡ

390 533 855 598 ρι’ωωοοειτιιτο,
889 542 1062 596 quam
1103 525 1199 580 ille
1232 527 1592 597 praedicaret,
1628 545 1694 582 ac
1726 545 1829 600 per
1859 546 2034 600 quam

393 617 566 674 nobis
595 617 752 672 salus
785 616 1096 687 quaerenda
1135 621 1290 672 esset
1324 634 1337 685 ;
1370 616 1455 673 vel
1491 633 1594 672 nos
1627 619 1694 672 ad
1726 619 2033 674 educatum

391 706 692 762 nobiscum
708 722 824 760 una
844 705 1471 777 disciplinaexemplar
1492 722 1835 777 componere
1859 713 2034 778 atque

389 795 694 852 moderari.
748 799 938 865 Atque
981 794 1085 850 hoc
1127 794 1273 849 illud
1323 794 1520 866 ipsum
1569 811 1692 851 esse
1747 795 1849 863 ait,
1880 797 2034 866 quod

390 884 612 942 relictis
642 883 844 939 ovibus
879 885 1191 956 nonaginta
1222 900 1426 940 novem
1459 883 1525 951 ’³,
1556 885 1626 940 ad
1660 901 1836 940 unam
1869 885 2031 941 illam

388 976 676 1029 errantem
701 974 1028 1042 accesserit,
1050 989 1226 1044 quam
1247 974 1381 1029 etin
1410 973 1688 1029 humeros
1706 975 2029 1030 sustulerit.

388 1063 589 1133 Neque
620 1063 776 1118 enim
826 1063 1122 1118 communi
1175 1061 1275 1117 illa
1301 1067 1356 1117 et
1387 1062 1600 1118 usitata
1652 1063 1896 1128 ratione,
1923 1081 2034 1135 qua

389 1150 726 1207 universum
753 1152 986 1219 creavit,
1021 1151 1190 1206 verbo
1213 1167 1446 1223 quoque
1477 1156 1746 1207 naturam
1773 1159 2032 1209 nostram

389 1240 726 1298 reformavit
760 1257 772 1294 :
807 1242 908 1295 sed
960 1241 1113 1310 quod
1146 1257 1248 1312 pro
1281 1257 1340 1296 re
1385 1241 1546 1296 nulla
1578 1241 1691 1296 alia
1731 1243 2032 1311 sustinuit,

390 1347 506 1387 non
555 1347 659 1402 pro
702 1329 950 1400 angelis,
996 1346 1110 1384 non
1153 1347 1254 1401 pro
1310 1330 1430 1385 ulla
1478 1331 1589 1386 alia
1639 1334 1867 1399 natura,
1926 1333 2034 1389 hoc

389 1423 463 1478 ad
496 1421 802 1478 hominum
838 1420 1102 1476 toleravit
1132 1421 1405 1487 salutem,
1439 1437 1642 1477 servus
1665 1439 1768 1493 pro
1799 1423 2034 1478 domino

389 1513 598 1568 factus.
619 1510 820 1567 Merito
835 1510 1031 1582 igitur,
1047 1511 1197 1581 quod
1216 1511 1382 1566 modo
1397 1511 1717 1578 referebam,
1734 1511 2036 1583 reliquisse

389 1618 522 1658 eum
551 1615 686 1658 oves
711 1600 1027 1670 nonaginta
1068 1599 1179 1654 dici
1212 1617 1224 1666 ;
1271 1600 1547 1669 parabola
1593 1600 1868 1656 nimirum
1901 1603 2035 1656 aeni-

388 1689 1101 1764 gmaticeindicante,non
1126 1695 1348 1745 tantum
1367 1689 1436 1743 ad
1463 1690 1829 1760 inopinatum
1854 1694 2036 1762 magis

2492 527 2908 604 ὑποδειχθῆναι,
2965 529 3055 584 καὶ
3127 529 3260 602 πρὸς
3330 529 3564 602 μάθησιν
3651 533 3803 602 ἡμᾶς

2145 628 2476 690 καταστῆναι
2528 620 2845 697 σύντροφον.
2899 619 2998 673 Καί
3042 619 3104 694 γέ,
3149 640 3281 692 φησι
3341 620 3502 674 τοῦτο
3559 621 3686 675 εἶναι
3737 622 3801 674 τὸ

2148 530 2411 604 σωτηρία,

2141 711 2543 784 καταλείψαντα
2571 713 2615 746 ⁵³
2671 712 2736 765 τα
2795 710 2875 786 ιθοι
2934 703 3182 783 πρόϐατα
3240 707 3320 787 ἐφ’
3377 709 3432 763 ἓν
3494 708 3674 764 ἐλθεῖν
3734 710 3800 764 τὸ

2141 796 2518 869 πλανώμενον,
2552 797 2579 851 ’ὁ
2628 799 2715 850 καὶ
2769 795 2857 850 ἒπὶ
2903 799 3012 850 τῶν
3061 793 3228 867 ὢμων
3280 796 3399 867 ἦρε.
3437 796 3534 849 Καὶ
3582 796 3683 870 γὰρ
3736 795 3799 850 οὗ

2142 886 2278 940 κατά
2314 888 2413 955 τήν
2462 888 2651 955 κοινὴν
2701 885 2793 940 καὶ
2840 886 3041 955 συνήθη
3074 889 3184 938 τῶν
3234 882 3381 938 ὅλων
3429 881 3798 960 δημιουργίαν

2143 975 2296 1050 λόγῳ
2354 975 2442 1029 καὶ
2501 977 2600 1041 τήν
2667 975 2936 1049 ἡμετὲραν
3008 973 3164 1049 φύσιν
3236 973 3531 1027 ἀνέπλασεν
3595 991 3607 1006 ⁸
3668 968 3801 1028 ἀλλ’

2144 1063 2274 1139 ὅπερ
2305 1065 2351 1100 ⁵⁴
2380 1063 2460 1118 ἐπ’
2494 1061 2710 1124 οὐδενὸς
2741 1067 2850 1117 τῶν
2883 1060 3068 1116 ἄλλων
3123 1063 3407 1135 ἠνέσχετο,
3445 1060 3543 1115 οὐκ
3581 1060 3661 1115 ἐπ’
3697 1061 3799 1137 ἆγ-

2140 1154 2340 1227 γέλων,
2391 1152 2490 1208 οὐκ
2545 1151 2627 1206 ἐπ’
2677 1151 2857 1220 ἄλλης
2903 1152 3048 1212 τινὸς
3105 1151 3335 1229 φύσεως,
3394 1154 3555 1205 τοῦτο
3595 1149 3681 1204 ἐπὶ
3724 1155 3795 1223 τῇ

3522 1238 3797 1293 Δεσπότου

2141 1247 2248 1296 τῶν
2328 1240 2626 1316 ἀνθρώπων
2706 1240 2904 1309 ὑπέστη
2985 1239 3250 1311 σωτηρία,
3329 1238 3448 1293 ἀντί

2145 1328 2342 1392 δοῦλος
2390 1329 2760 1404 χρηματίσας·
2803 1329 3046 1389 Εἰκότως
3098 1326 3188 1382 οὗν
3222 1330 3265 1364 ⁵⁵
3321 1328 3410 1382 καὶ
3453 1326 3794 1397 καταλιπεῖν,

2144 1421 2216 1481 ὡς
2267 1419 2418 1495 ἔργον,
2462 1421 2527 1474 τὰ
2587 1419 2665 1496 ψ
2723 1414 2969 1491 πρόϐατα
3029 1416 3304 1491 λέγεσθαι,
3353 1419 3451 1485 τήν
3518 1417 3592 1477 εἰς
3653 1414 3797 1471 ἄλλο

2143 1508 2570 1582 παραδοξότερον
2630 1509 2716 1561 καὶ
2778 1508 3219 1580 θαυμασιώτερον
3275 1513 3374 1575 τῆς
3425 1503 3799 1579 δημιουργίας

2143 1599 2494 1676 ἀναχώρησίν
2556 1619 2612 1652 τε
2663 1598 2749 1651 καὶ
2818 1598 3137 1668 μετάστασιν
3192 1597 3281 1650 καὶ
3349 1597 3448 1662 τήν
3509 1602 3607 1663 τῆς
3672 1615 3798 1648 συν-

2147 1686 2330 1756 ηθείας
2371 1685 2727 1757 καινοτομίαν
2767 1691 2868 1753 τῆς
2915 1679 3239 1758 παραϐολῆς
3290 1683 3796 1757 αἰνιγματιζούσης,

387 1780 831 1852 npusmagisque
845 1778 1174 1834 admirabile
1191 1795 1365 1848 quam
1383 1778 1458 1833 sit
1472 1781 1705 1847 creatio,
1718 1796 1842 1835 eum
1857 1797 2031 1837 reces-

2143 1775 2229 1828 καὶ
2267 1775 2338 1835 ὡς
2371 1775 2432 1828 ού
2479 1775 2597 1828 καθ’
2646 1774 2702 1827 ὃν
2736 1768 2936 1847 τρόπον
2987 1773 3048 1826 τὸ
3081 1777 3183 1826 πᾶν
3227 1770 3275 1842 ἐξ
3317 1771 3497 1844 ἀρχῆς
3529 1773 3799 1838 συνεστή-

385 1869 1189 1940 sisssatquetransivisse,sed
1204 1867 1554 1939 ipsametiam
1566 1871 2038 1926 consuetudinem

388 1959 718 2021 innovasse,
754 1973 884 2012 cum
917 1974 1032 2012 non
1056 1973 1121 2012 eo
1150 1959 1340 2022 modo,
1361 1973 1474 2028 quo
1499 1957 1661 2014 initio
1679 1958 1786 2012 hoc
1810 1959 2038 2014 univer-

389 2062 518 2101 sum
533 2045 816 2116 condidit,
832 2047 931 2100 sed
950 2046 1386 2116 novoquodam,
1405 2046 1622 2116 quique
1641 2045 1802 2102 nulla
1823 2049 2034 2104 oratio-

390 2151 463 2191 ne
479 2135 724 2207 exprimi
754 2133 961 2206 possit,
992 2133 1424 2190 renovationem
1441 2143 1697 2195 nostram
1715 2137 2031 2206 perfecerit.

464 2224 551 2278 15.
585 2222 1212 2292 Additinsuper,jusla
1255 2238 1389 2278 eum
1423 2224 1641 2278 ratione
1673 2241 1735 2279 ac
1771 2242 2032 2282 necessa-

393 2313 476 2368 rio
507 2313 766 2367 Verbum
798 2312 964 2367 nobis
999 2328 1100 2383 per
1125 2328 1358 2366 carnem
1391 2312 1641 2368 salutem
1675 2329 1799 2370 esse
1831 2332 2031 2386 opera-

389 2405 541 2457 tum.
574 2401 814 2465 Quando
837 2400 989 2454 enim
1018 2401 1137 2470 jam
1171 2405 1342 2454 antea
1372 2401 1531 2457 omni
1568 2401 1682 2457 alia
1728 2403 1818 2458 via
1846 2421 1909 2459 ac
1942 2422 2030 2460 ra-

389 2489 547 2545 tione
564 2489 780 2543 frustra
802 2486 1058 2542 adhibita
1074 2489 1304 2560 (etenim
1329 2497 1382 2544 et
1410 2490 1728 2561 propheta),
1753 2496 1809 2546 et
1831 2493 2030 2564 populi

390 2579 590 2648 duces,
613 2581 673 2632 et
709 2577 957 2632 miriﬁca
989 2578 1274 2648 prodigia,
1299 2583 1355 2633 et
1385 2579 1687 2646 beneﬁcia,
1723 2582 2032 2653 minaeque,

389 2684 454 2722 ac
477 2683 680 2739 pcenze,
711 2666 797 2721 vel
824 2683 892 2721 ex
922 2672 1085 2737 parte
1111 2667 1196 2722 vel
1219 2667 1392 2722 etiam
1419 2668 1476 2722 in
1508 2670 1842 2726 universum
1865 2672 2031 2741 {prae-

388 2756 732 2827 cesserantl)
758 2755 1081 2810 humanum
1104 2765 1294 2810 tamen
1319 2774 1500 2826 genus
1523 2759 1581 2812 in
1616 2759 1820 2815 melius
1845 2766 2030 2816 muta-

390 2851 609 2904 tionem
671 2849 894 2904 nullam
939 2849 1198 2915 admisit,
1267 2851 1621 2922 morbosque
1688 2853 2034 2909 insanabilis

391 2937 787 3010 potiusfactus
810 2945 895 2992 est
920 2955 930 2993 :
960 2954 1026 2992 ex
1050 2939 1394 2994 necessitate
1431 2940 1648 2995 scilicet
1670 2945 1823 3007 tum,
1860 2948 2034 3014 atque

389 3027 822 3098 consequentia,
849 3027 933 3081 vel
957 3027 1147 3096 potius
1169 3044 1236 3082 ex
1257 3028 1535 3082 ineli'abili
1561 3030 1831 3086 bonitatis
1846 3033 2030 3087 abun-

389 3095 611 3184 dantia,
651 3117 906 3174 Verbum
966 3123 1294 3191 (assumpta
1353 3123 1552 3192 carne)
1585 3125 1790 3178 ducem
1844 3140 1904 3178 se
1964 3142 2029 3179 ac
2062 3095 2104 3162 α

391 3213 825 3280 praeceptorem,
858 3215 1030 3279 atque
1058 3211 1669 3267 instauratorembona
1701 3229 1828 3268 cum
1848 3215 2030 3271 Patris

389 3295 707 3364 voluntate,
727 3306 928 3351 sancto
947 3298 1117 3351 etiam
1136 3297 1351 3368 Spiritu
1369 3304 1734 3369 cooperante,
1761 3302 2026 3371 praebuit.

390 3385 570 3449 Quam
600 3385 773 3438 etiam
797 3400 921 3439 esse
950 3401 1188 3440 causam
1236 3387 1745 3458 contemplationis
1769 3396 2029 3446 amantes

390 3477 722 3544 observant,
749 3494 853 3532 cur
877 3476 1217 3532 novissimis
1241 3478 1478 3533 demum
1503 3481 1887 3550 temporibus,
1914 3501 2027 3538 non

391 3565 463 3620 ab
487 3565 675 3632 initio,
708 3567 779 3621 ad
812 3581 1045 3620 carnem
1080 3582 1262 3637 usque
1290 3567 1540 3623 Verbum
1575 3569 1748 3624 fuerit
1772 3572 2027 3627 exinani-

390 3655 535 3706 tum.
560 3651 700 3706 Cum
733 3651 885 3706 enim
915 3653 1334 3722 przecedentem
1359 3669 1588 3708 omnem
1626 3671 1821 3710 curam
1855 3662 2029 3728 atque

388 3739 812 3812 providentiam
829 3757 942 3795 non
960 3741 1335 3797 admitterent
1363 3741 1401 3796 ii
1427 3742 1636 3811 quibus
1657 3744 1777 3799 hanc
1799 3745 2027 3817 impen-

390 3831 656 3897 debatur,
691 3835 813 3885 tum
864 3829 1115 3902 denique
1154 3831 1488 3888 novissimis
1527 3835 1887 3904 temporibus
1931 3853 2030 3906 per

387 3919 645 3990 seipsum
678 3925 938 3976 nostram
973 3936 1274 3990 reparasse
1305 3925 1598 3980 naturam.

459 4009 608 4067 185
627 4011 703 4080 (α)
721 4009 1007 4065 Hisaliam
1030 4012 1342 4081 quamdam
1360 4011 1614 4067 adnectit
1630 4015 2025 4087 qumstionem,

385 4115 510 4169 qua:
543 4105 745 4154 contra
790 4099 959 4168 obiici
1014 4116 1178 4170 posse
1229 4101 1507 4155 videatur.
1549 4105 1652 4156 Sed
1704 4106 2026 4174 oportebat,

386 4188 570 4255 aiunt,
600 4187 898 4243 hominem
934 4187 1004 4243 ab
1047 4189 1296 4260 ipsomet
1353 4191 1633 4261 principio
1683 4194 1930 4262 probum
1965 4211 2027 4248 ac

386 4275 606 4328 bonum
639 4274 912 4330 constitui
941 4291 952 4327 :
980 4291 1089 4342 quo
1129 4290 1316 4346 neque
1363 4275 1764 4332 molestiarum
1799 4284 2022 4334 tantum

2151 1885 2300 1932 σατο,
2355 1861 2502 1918 ἀλλὰ
2557 1868 2892 1936 καινοπρεπῆ
2953 1882 3012 1916 τε
3057 1861 3147 1915 καὶ
3206 1862 3340 1933 ὓπερ
3398 1860 3570 1914 πάντα
3626 1857 3798 1934 λόγον

2150 1952 2243 2008 τὸν
2274 1949 2540 2026 ἡμέτερον
2574 1952 2953 2024 ἀνακαινισμον
2985 1947 3350 2024 ἐξειργάσατο.

2220 2225 2294 2281 ιε’.
2328 2222 2458 2279 Εἶτά
2487 2243 2649 2299 φησιν
2695 2221 2940 2296 εὐλόγως
2973 2241 3030 2274 τε
3072 2221 3158 2274 καὶ
3205 2218 3508 2294 ἀναγκαίως
3559 2220 3654 2288 τὴν
3705 2216 3796 2273 διὰ

2144 2312 2340 2386 σαρκὸς
2387 2310 2662 2383 σωτηρίαν
2713 2311 2802 2364 τὸν
2856 2311 3030 2384 Λόγον
3076 2311 3210 2381 ἡμῖν
3251 2308 3789 2385 πραγματεύσασθαι.

2145 2404 2328 2471 Πάσης
2367 2402 2472 2475 γὰρ
2512 2398 2690 2469 ἄλλης
2727 2396 2956 2471 μεθόδου
3006 2393 3554 2471 προκαταϐλτβείσης
3584 2397 3632 2432 ⁵⁸
3679 2399 3794 2468 (καὶ

2820 2489 2909 2542 καὶ
2977 2485 3306 2562 δημαγωγοῖ
3378 2487 3468 2540 καὶ
3543 2487 3792 2561 ὑπερφυῆ

3527 2575 3792 2648 τιμωρίαι

2144 2491 2247 2567 γὰρ
2317 2490 2405 2544 καὶ
2466 2495 2740 2567 προφῆται

2141 2581 2336 2654 τέρατα
2411 2578 2703 2654 εὐεργεσίαι
2779 2597 2837 2632 τε
2909 2577 2997 2630 καὶ
3073 2574 3293 2630 ἀπειλαὶ
3371 2577 3458 2629 καὶ

2147 2672 2271 2742 [589
2305 2672 2393 2742 R.]
2420 2673 2582 2723 τοῦτο
2637 2667 2729 2740 μὲν
2778 2665 2864 2720 ἐπὶ
2901 2666 3116 2739 μέρους,
3143 2669 3306 2719 τοῦτο
3347 2662 3404 2718 δὲ
3453 2664 3543 2718 καὶ
3584 2665 3793 2740 παγκό-

2145 2761 2320 2831 σμιοι)
2380 2757 2494 2812 ἐπεὶ
2549 2757 2610 2811 τὸ
2671 2753 3011 2829 ἀνθρώπινον
3081 2756 3180 2822 τήν
3241 2753 3378 2826 πρὸς
3433 2753 3502 2806 τὰ
3559 2752 3791 2825 κρείττω

2147 2846 2457 2921 pudici-2;:
2520 2846 2618 2900 οὐκ
2668 2845 2970 2915 ἠσπάσατο,
3029 2845 3090 2897 τὸ
3151 2840 3207 2896 δὲ
3267 2841 3481 2913 νόσημα
3537 2841 3671 2915 πρὸς
3727 2844 3792 2896 τὸ

2144 2939 2360 2992 ἀνίατον
2395 2935 2607 3008 μᾶλλον
2646 2933 2870 3012 ἐχώρει,
2903 2932 3036 2987 κατᾶ
3067 2933 3126 2986 τὸ
3169 2932 3495 3006 ἀναγακαῶν
3526 2931 3617 2985 καὶ
3661 2930 3790 2984 ἀκνί-

2143 3026 2356 3093 λουθον,
2410 3023 2624 3098 μᾶλλον
2688 3023 2744 3078 δὲ
2803 3023 3024 3098 ἀρρήτῳ
3081 3021 3485 3097 φιλανθρωπίας
3543 3018 3788 3091 πλούτῳ,

2143 3117 2326 3170 ἑαυτὸν
2384 3118 2410 3169 ὁ
2473 3114 2665 3189 Λόγος,
2719 3114 2888 3186 σάρκα
2932 3106 3282 3184 προσλαϐὼν,
3330 3111 3646 3182 καθηγητὴν
3699 3111 3788 3162 καὶ

2144 3203 2466 3259 διδάσκαλον
2523 3204 2609 3257 καὶ
2670 3202 3074 3269 ἀνακαινιστήν,
3136 3197 3352 3269 εὐδοκία
3423 3200 3632 3270 Πατρός
3699 3198 3786 3252 καί

2142 3295 2388 3368 συνεργίᾳ
2434 3297 2530 3346 τοῦ
2590 3291 2742 3366 ἁγίου
2795 3290 3128 3363 [ινεύματος,
3182 3289 3534 3363 εἰσηγήσατο.
3585 3289 3654 3345 "O
3698 3288 3789 3341 καὶ

2136 3381 2308 3437 αἶ’τιον
2373 3388 2490 3444 τοῖς
2549 3380 2936 3458 φιλοθεάμοσιν
2997 3381 3184 3453 ὁρᾶται
3241 3383 3337 3432 τοῦ
3398 3377 3478 3431 ἐπ’
3537 3376 3784 3451 ἐσχάτων

2133 3477 2241 3526 τῶν
2275 3475 2516 3545 ἡμερῶν,
2551 3471 2638 3524 καὶ
2684 3471 2758 3541 μὴ
2807 3469 2854 3538 ἐξ
2901 3469 3106 3546 ἀρχῆς,
3157 3467 3230 3530 εἰς
3263 3467 3432 3540 σάρκα
3477 3467 3569 3520 τὸν
3604 3463 3784 3538 Λόγον

2133 3563 2457 3629 κενωθῆναι,
2492 3558 2635 3613 ἀλλὰ
2682 3560 2856 3628 πάσης
2908 3555 3148 3621 σπουδῆς
3192 3558 3278 3609 καὶ
3331 3556 3597 3628 προνοίας
3637 3555 3783 3626 ἠγη.

2136 3650 2397 3723 σαμένης,
2454 3651 2567 3704 εἶτα
2613 3650 2811 3718 ταύτην
2859 3649 2922 3702 οὐ
2973 3644 3433 3720 προσδεχομένων
3477 3649 3584 3698 τῶν
3637 3663 3780 3715 προ-

2133 3739 2469 3813 νοουμένων,
2504 3740 2644 3792 οὕτω
2696 3736 2891 3792 λοιπὸν
2940 3743 3150 3812 καιροῖς
3193 3735 3446 3809 ἐσχάτοις
3489 3730 3559 3787 δι’
3616 3733 3780 3786 αὑτοῦ

2135 3832 2232 3899 τὴν
2267 3833 2427 3902 ἡμῶν
2462 3829 2644 3882 οὐσίαν
2674 3827 3066 3882 ἀνασώσασθαι.

2203 4011 2426 4069 Τούτοις
2496 4007 2724 4080 ἀπορίαν
2801 4006 3051 4060 συνάπτει
3124 4005 3197 4066 ὡς
3277 4002 3324 4072 ἐξ
3404 4003 3785 4075 ἀνθυποφορᾶς

2136 4097 2580 4172 προτεινομένην.
2628 4095 2786 4152 Ἀλλ’
2838 4093 2966 4164 ἔδει,
3022 4093 3170 4171 φασῗ,
3220 4093 3310 4147 τὸν
3363 4095 3646 4166 ἄνθρωπον
3693 4091 3783 4146 ἀπ’

2135 4190 2315 4263 ἀργῆς
2345 4186 2514 4242 καλόν
2547 4207 2603 4240 τε
2633 4187 2722 4240 καὶ
2757 4186 2947 4259 ἀγαθὸν
3002 4180 3308 4260 ὑιρεστόίναι,
3338 4181 3426 4236 ξ’να
3478 4183 3616 4254 μήτε
3647 4181 3783 4254 πρά-

2132 4300 2312 4354 γματα
2362 4281 2596 4331 τοσαῦτα
2647 4281 2900 4348 παρεῖχε,
2953 4275 3089 4347 ῥέων
3135 4293 3193 4327 τε
3241 4277 3483 4346 συνεχως
3533 4271 3666 4345 πρὸς
3717 4270 3782 4323 τὰ

385 4363 713 4427 facesseret,
745 4380 872 4418 cum
901 4365 967 4418 ad
1000 4363 1286 4418 deteriora
1309 4367 1675 4422 continenter
1694 4368 2022 4436 deﬂucndo,

2142 4347 2308 4442 isipm
2363 4367 2450 4420 καὶ
2521 4363 2608 4419 διά
2661 4370 2820 4420 τοῦτο
2879 4361 3234 4436 πολυτρόπου
3268 4364 3393 4434 [304
3445 4364 3542 4429 Ιῐ.]
3579 4379 3634 4412 τε
3686 4359 3780 4412 καί

386 4449 730 4506 multiformi
764 4453 905 4507 adeo
937 4469 1000 4507 ac
1039 4453 1194 4506 varia
1224 4453 1602 4524 gubernantis
1650 4456 1748 4510 Dei
1781 4473 1918 4512 cura
1949 4461 2017 4512 ad

385 4540 629 4596 salutem
665 4543 1118 4613 recuperandam
1154 4543 1475 4613 indigeret:
1517 4561 1700 4617 neque
1733 4564 1833 4617 per
1868 4548 2022 4618 inju-

385 4629 862 4701 riamaliquando
894 4631 1230 4695 violaretur.
1266 4633 1415 4703 quod
1442 4636 1616 4688 semel
1652 4635 1721 4689 ad
1767 4637 1861 4689 Dei
1887 4637 2026 4692 ima-

383 4718 580 4790 ginem
615 4720 914 4774 conditum
976 4720 1196 4776 fuisset.
1231 4721 1416 4790 Objici
1451 4723 1570 4777 haec
1613 4724 1851 4793 quidem
1896 4726 1975 4780 ait
2009 4743 2021 4780 :

380 4824 578 4864 verum
605 4809 808 4864 audire
828 4808 1165 4880 huiusmodi
1188 4809 1455 4866 homines
1487 4813 1556 4866 ab
1585 4813 1708 4882 ipsa
1742 4814 2022 4872 Veritate:

381 4897 600 4966 Pelii-is,
659 4909 712 4954 et
749 4895 860 4954 non
889 4901 1164 4970 arce’pilzs,
1211 4917 1269 4955 eo
1325 4901 1466 4974 quod
1532 4904 1674 4958 male
1730 4908 1925 4974 petatis
1959 4906 2022 4969 ‘2‘,

381 4986 528 5049 Quin
561 4994 609 5041 el
647 4985 784 5041 illud
828 4988 1070 5058 insuper
1101 5004 1169 5042 ex
1201 4987 1292 5044 his
1350 4989 1670 5046 absurdum
1721 4995 2024 5064 consequi,

381 5075 534 5145 quod
587 5075 685 5130 Dei
721 5091 908 5147 neque
965 5077 1349 5147 providentia,
1401 5095 1585 5150 neque
1626 5081 1848 5150 judicio
1907 5084 2026 5139 ulto

383 5163 552 5219 modo
602 5165 880 5230 contenti,
933 5164 1119 5235 ipsum
1171 5167 1533 5224 conditorem
1579 5169 1756 5225 velint
1795 5188 1862 5226 ex
1919 5189 2025 5229 suo

451 5287 498 5322 ³³
531 5287 668 5345 Luc.
702 5305 794 5359 xv,
829 5291 880 5344 4.
960 5291 1000 5324 ²¹
1039 5292 1149 5346 lac.
1187 5309 1261 5362 ιν,
1294 5293 1346 5346 3.

2134 4456 2395 4526 ποικίλης
2454 4455 2768 4527 οἶκονομίας
2831 4455 2904 4515 εἰς
2963 4453 3024 4506 τὸ
3102 4451 3445 4519 ἀνασωθῆναι
3507 4448 3780 4521 δεόμενος,

2139 4550 2275 4619 μήτε
2332 4548 2393 4600 τὸ
2452 4546 2587 4614 ἅπαξ
2646 4547 2760 4598 κατ’
2822 4543 3000 4598 εἰκόνα
3057 4546 3189 4597 Θεοῦ
3239 4539 3646 4615 δημιουργηθὶν
3698 4536 3786 4592 ἐν-

2135 4633 2434 4709 υϐρίζοιτο.
2469 4635 2621 4690 Ἀλλ’
2679 4637 2712 4701 ἡ
2777 4634 2868 4706 μὲν
2919 4631 3182 4692 ἀντίθεσις
3240 4629 3464 4697 τοιαύτη
3495 4648 3506 4661 ·
3558 4628 3784 4682 ἀκούσε-

2135 4724 2222 4778 σθέ
2250 4726 2294 4760 ⁵7
2329 4721 2384 4777 δὲ
2434 4723 2554 4797 ἄρα,
2599 4724 2754 4798 φησὶ,
2799 4721 2925 4783 τοὺς
2965 4719 3248 4778 τοιούτους
3280 4717 3423 4792 παρά
3460 4718 3558 4784 τῆς
3610 4713 3786 4782 Ἀλη-

2135 4815 2298 4883 θείας,
2334 4816 2406 4876 ώς
2447 4815 2657 4870 Αἰτεῖτε
2688 4815 2736 4848 ⁵³
2763 4813 2852 4867 καὶ
2895 4813 2957 4867 ού
2990 4806 3317 4884 λαμϐάνετε,
3355 4807 3493 4863 διότι
3525 4812 3703 4867 κακῶς
3738 4807 3786 4842 ⁵9

2134 4905 2388 4961 αἰτεῖσθε.
2425 4901 2603 4960 Ἀλλὰ
2645 4903 2734 4956 καὶ
2774 4899 2954 4975 ἕτερον
2985 4901 3168 4961 αὐτοῖς
3216 4899 3413 4953 ἄτοπον
3446 4898 3490 4934 ⁶⁰
3536 4894 3781 4960 ἕπεσθαι,

2136 4994 2196 5047 τὸ
2232 4995 2307 5064 μὴ
2339 4994 2440 5061 τὴν
2472 4992 2727 5066 πρόνοιαν
2757 4991 2847 5044 καὶ
2884 4992 2984 5058 τὴν
3015 4989 3188 5066 κρίσιν
3217 4991 3316 5057 τὴν
3343 4987 3486 5041 θείαν
3521 4981 3781 5059 στέργειν,

2366 5081 2409 5100 ἢ.

2135 5082 2331 5144 αὐτοὺς
2363 5081 2409 5136 δ’
2442 5083 2682 5137 ἀπαιτεῖν
2716 5083 2806 5135 τὸν
2855 5080 3101 5151 πλάστην
3132 5085 3250 5139 ταῖς
3300 5076 3519 5132 ἔκείνων
3554 5075 3780 5150 βουλαῖς

2136 5193 2192 5227 τε
2222 5173 2312 5226 καὶ
2344 5174 2595 5248 γνώμαις
2642 5172 2944 5226 τ’)ποῦσθαί
2976 5191 3032 5226 τε
3062 5169 3151 5224 καὶ
3205 5167 3656 5241 μεθαρμόζεσθαι,
3690 5163 3778 5216 καὶ

1752 5440 1993 5496 νΑιιΙβΕ
2036 5443 2419 5499 LEC'l‘lONES

1329 5568 1372 5601 ⁵⁸
1404 5565 1534 5644 {isse
1559 5571 1644 5644 Α,ε
1679 5566 1870 5644 times
1903 5571 1964 5644 ς

451 5559 587 5632 “se
618 5558 839 5632 καταλ.]
875 5562 1008 5616 Luc.
1044 5581 1134 5632 xv,
1163 5567 1214 5619 4.

613 5631 663 5668 ⁵⁸
693 5630 911 5704 αἰτεῖτε]
939 5630 1138 5692 18005.
1174 5654 1248 5705 ιν,
1282 5639 1332 5692 3.
1412 5639 1459 5674 5°
1488 5630 1626 5695 κακὰ

377 5629 537 5689 libri.

1818 5643 1864 5676 ⁶⁰
1895 5642 2092 5697 ἄτοπον
2128 5648 2170 5699 Α
2209 5661 2222 5698 :
2256 5645 2420 5699 τόπον

2101 5573 2145 5607 ⁵⁸
2177 5570 2268 5624 οὖν
2303 5575 2433 5628 add.
2470 5577 2535 5630 Α.
2614 5574 2659 5609 ⁵⁸
2697 5571 3201 5648 προκαταλυθείσης
3420 5571 3467 5606 ⁵⁷
3498 5567 3772 5626 ἀκούεσθαι

2470 5577 2510 5628 Α

2454 5647 2512 5672 ρ-

2454 5677 2490 5718 5
2520 5691 2532 5703 ο
