  <div class='ocr_page' id='page_1' title='image "/cluster/home/n/w/nwhite01/storage/ocr_20150623/103/hvd.32044054112495/394.png"; bbox 0 0 4184 6212; ppageno 0'>
   <div class='ocr_carea' id='block_1_1' title="bbox 345 282 464 344">
    <p class='ocr_par' dir='ltr' id='par_1_1' title="bbox 345 282 464 344">
     <span class='ocr_line' id='line_1_1' title="bbox 345 282 464 344; baseline -0.017 0"><span class='ocrx_word' id='word_1_1' title='bbox 345 282 464 344; x_wconf 77' lang='grc'>’749</span> 
     </span>
    </p>
   </div>
   <div class='ocr_carea' id='block_1_2' title="bbox 1437 275 2652 341">
    <p class='ocr_par' dir='ltr' id='par_1_2' title="bbox 1437 275 2652 341">
     <span class='ocr_line' id='line_1_2' title="bbox 1437 275 2652 341; baseline 0.002 -3"><span class='ocrx_word' id='word_1_2' title='bbox 1437 275 1979 339; x_wconf 79' lang='lat' dir='ltr'>BIBLIOTHECA.</span> <span class='ocrx_word' id='word_1_3' title='bbox 2027 307 2104 319; x_wconf 98' lang='lat'>—</span> <span class='ocrx_word' id='word_1_4' title='bbox 2147 276 2321 338; x_wconf 90' lang='lat' dir='ltr'>COD.</span> <span class='ocrx_word' id='word_1_5' title='bbox 2369 276 2652 341; x_wconf 87' lang='lat' dir='ltr'>CCXXII.</span> 
     </span>
    </p>
   </div>
   <div class='ocr_carea' id='block_1_3' title="bbox 3636 283 3755 343">
    <p class='ocr_par' dir='ltr' id='par_1_3' title="bbox 3636 283 3755 343">
     <span class='ocr_line' id='line_1_3' title="bbox 3636 283 3755 343; baseline 0 0"><span class='ocrx_word' id='word_1_6' title='bbox 3636 283 3755 343; x_wconf 74' lang='lat'>750</span> 
     </span>
    </p>
   </div>
   <div class='ocr_carea' id='block_1_4' title="bbox 340 408 2009 488">
    <p class='ocr_par' dir='ltr' id='par_1_4' title="bbox 340 408 1994 488">
     <span class='ocr_line' id='line_1_4' title="bbox 340 408 1994 488; baseline 0.001 -15"><span class='ocrx_word' id='word_1_7' title='bbox 340 418 479 473; x_wconf 86' lang='grc' dir='ltr'>κατά</span> <span class='ocrx_word' id='word_1_8' title='bbox 507 416 605 477; x_wconf 80' lang='grc' dir='ltr'>τὰς</span> <span class='ocrx_word' id='word_1_9' title='bbox 650 412 869 470; x_wconf 77' lang='grc' dir='ltr'>ἐκείνων</span> <span class='ocrx_word' id='word_1_10' title='bbox 903 412 1143 488; x_wconf 80' lang='grc' dir='ltr'>ψήφους,</span> <span class='ocrx_word' id='word_1_11' title='bbox 1175 414 1270 466; x_wconf 80' lang='grc' dir='ltr'>κᾶν</span> <span class='ocrx_word' id='word_1_12' title='bbox 1318 408 1396 473; x_wconf 71' lang='grc' dir='ltr'>εἷς</span> <span class='ocrx_word' id='word_1_13' title='bbox 1437 410 1605 486; x_wconf 72' lang='grc' dir='ltr'>αὐγᾶς</span> <span class='ocrx_word' id='word_1_14' title='bbox 1646 408 1800 467; x_wconf 63' lang='grc' dir='ltr'>οὔπω</span> <span class='ocrx_word' id='word_1_15' title='bbox 1849 409 1994 479; x_wconf 71' lang='grc' dir='ltr'>ἧκα-</span> 
     </span>
    </p>
   </div>
   <div class='ocr_carea' id='block_1_5' title="bbox 2119 408 3750 488">
    <p class='ocr_par' dir='ltr' id='par_1_5' title="bbox 2119 410 3750 485">
     <span class='ocr_line' id='line_1_5' title="bbox 2119 410 3750 485; baseline 0.004 -19"><span class='ocrx_word' id='word_1_16' title='bbox 2119 410 2352 481; x_wconf 73' lang='lat' dir='ltr'>sonsilio</span> <span class='ocrx_word' id='word_1_17' title='bbox 2372 415 2550 485; x_wconf 86' lang='lat' dir='ltr'>atque</span> <span class='ocrx_word' id='word_1_18' title='bbox 2571 413 2872 472; x_wconf 78' lang='lat' dir='ltr'>voluntate</span> <span class='ocrx_word' id='word_1_19' title='bbox 2892 418 2949 471; x_wconf 90' lang='lat' dir='ltr'>et</span> <span class='ocrx_word' id='word_1_20' title='bbox 2967 413 3226 483; x_wconf 78' lang='lat' dir='ltr'>formari,</span> <span class='ocrx_word' id='word_1_21' title='bbox 3248 418 3306 471; x_wconf 87' lang='lat' dir='ltr'>et</span> <span class='ocrx_word' id='word_1_22' title='bbox 3328 416 3750 485; x_wconf 87' lang='lat' dir='ltr'>reconcinnari,</span> 
     </span>
    </p>
   </div>
   <div class='ocr_carea' id='block_1_6' title="bbox 344 496 2006 577">
    <p class='ocr_par' dir='ltr' id='par_1_6' title="bbox 344 496 2006 577">
     <span class='ocr_line' id='line_1_6' title="bbox 344 496 2006 577; baseline -0.005 -16"><span class='ocrx_word' id='word_1_23' title='bbox 344 526 427 562; x_wconf 89' lang='grc' dir='ltr'>σιν</span> <span class='ocrx_word' id='word_1_24' title='bbox 476 502 671 575; x_wconf 70' lang='grc' dir='ltr'>ἡλίου,</span> <span class='ocrx_word' id='word_1_25' title='bbox 722 503 822 571; x_wconf 74' lang='grc' dir='ltr'>τὴν</span> <span class='ocrx_word' id='word_1_26' title='bbox 875 497 1241 577; x_wconf 74' lang='grc' dir='ltr'>δημιουργίαν</span> <span class='ocrx_word' id='word_1_27' title='bbox 1291 500 1724 556; x_wconf 77' lang='grc' dir='ltr'>κατευθύνεσθαι.</span> <span class='ocrx_word' id='word_1_28' title='bbox 1776 504 1898 555; x_wconf 85' lang='grc' dir='ltr'>Ἔτι</span> <span class='ocrx_word' id='word_1_29' title='bbox 1950 496 2006 553; x_wconf 75' lang='grc' dir='ltr'>δὲ</span> 
     </span>
    </p>
   </div>
   <div class='ocr_carea' id='block_1_7' title="bbox 347 588 2002 669">
    <p class='ocr_par' dir='ltr' id='par_1_7' title="bbox 347 588 2002 669">
     <span class='ocr_line' id='line_1_7' title="bbox 347 588 2002 669; baseline -0.005 -17"><span class='ocrx_word' id='word_1_30' title='bbox 347 599 461 669; x_wconf 75' lang='grc' dir='ltr'>ἅμα</span> <span class='ocrx_word' id='word_1_31' title='bbox 492 616 551 651; x_wconf 88' lang='grc' dir='ltr'>τε</span> <span class='ocrx_word' id='word_1_32' title='bbox 601 593 654 648; x_wconf 77' lang='grc' dir='ltr'>οἱ</span> <span class='ocrx_word' id='word_1_33' title='bbox 685 589 839 647; x_wconf 76' lang='grc' dir='ltr'>αὐτοὶ</span> <span class='ocrx_word' id='word_1_34' title='bbox 889 588 1058 645; x_wconf 86' lang='grc' dir='ltr'>καλὸν</span> <span class='ocrx_word' id='word_1_35' title='bbox 1106 589 1199 645; x_wconf 83' lang='grc' dir='ltr'>καὶ</span> <span class='ocrx_word' id='word_1_36' title='bbox 1240 589 1448 668; x_wconf 75' lang='grc' dir='ltr'>φαῦλον</span> <span class='ocrx_word' id='word_1_37' title='bbox 1500 588 1611 647; x_wconf 84' lang='grc' dir='ltr'>δεῖν</span> <span class='ocrx_word' id='word_1_38' title='bbox 1640 591 1685 628; x_wconf 75' lang='grc' dir='ltr'>θί</span> <span class='ocrx_word' id='word_1_39' title='bbox 1734 591 1864 646; x_wconf 74' lang='grc' dir='ltr'>εἶναι</span> <span class='ocrx_word' id='word_1_40' title='bbox 1910 590 2002 645; x_wconf 87' lang='grc' dir='ltr'>τὸν</span> 
     </span>
    </p>
   </div>
   <div class='ocr_carea' id='block_1_8' title="bbox 348 677 2003 760">
    <p class='ocr_par' dir='ltr' id='par_1_8' title="bbox 348 677 2003 760">
     <span class='ocr_line' id='line_1_8' title="bbox 348 677 2003 760; baseline -0.004 -20"><span class='ocrx_word' id='word_1_41' title='bbox 348 682 632 760; x_wconf 75' lang='grc' dir='ltr'>ἄνθρωπον</span> <span class='ocrx_word' id='word_1_42' title='bbox 687 680 1075 757; x_wconf 73' lang='grc' dir='ltr'>ἀποφαίνουσι.</span> <span class='ocrx_word' id='word_1_43' title='bbox 1107 679 1182 735; x_wconf 86' lang='grc' dir='ltr'>Τὸ</span> <span class='ocrx_word' id='word_1_44' title='bbox 1230 680 1332 754; x_wconf 86' lang='grc' dir='ltr'>γάρ</span> <span class='ocrx_word' id='word_1_45' title='bbox 1372 677 1540 734; x_wconf 85' lang='grc' dir='ltr'>καλὸν</span> <span class='ocrx_word' id='word_1_46' title='bbox 1595 680 1687 752; x_wconf 73' lang='grc' dir='ltr'>μὲν</span> <span class='ocrx_word' id='word_1_47' title='bbox 1720 680 1857 734; x_wconf 73' lang='grc' dir='ltr'>εἶναι</span> <span class='ocrx_word' id='word_1_48' title='bbox 1909 683 2003 749; x_wconf 84' lang='grc' dir='ltr'>ζη-</span> 
     </span>
    </p>
   </div>
   <div class='ocr_carea' id='block_1_9' title="bbox 344 767 2004 846">
    <p class='ocr_par' dir='ltr' id='par_1_9' title="bbox 344 767 2004 846">
     <span class='ocr_line' id='line_1_9' title="bbox 344 767 2004 846; baseline -0.004 -17"><span class='ocrx_word' id='word_1_49' title='bbox 344 779 484 840; x_wconf 85' lang='grc' dir='ltr'>τεῖν,</span> <span class='ocrx_word' id='word_1_50' title='bbox 524 772 730 846; x_wconf 76' lang='grc' dir='ltr'>ἀνάγκῃ</span> <span class='ocrx_word' id='word_1_51' title='bbox 774 767 831 825; x_wconf 76' lang='grc' dir='ltr'>δὲ</span> <span class='ocrx_word' id='word_1_52' title='bbox 879 769 986 842; x_wconf 87' lang='grc' dir='ltr'>[τὸ]</span> <span class='ocrx_word' id='word_1_53' title='bbox 1025 772 1273 823; x_wconf 76' lang='grc' dir='ltr'>τοιοῦτον</span> <span class='ocrx_word' id='word_1_54' title='bbox 1324 768 1457 823; x_wconf 73' lang='grc' dir='ltr'>εἶναι</span> <span class='ocrx_word' id='word_1_55' title='bbox 1502 774 1914 843; x_wconf 77' lang='grc' dir='ltr'>προσαπαιτεῖν,</span> <span class='ocrx_word' id='word_1_56' title='bbox 1942 768 2004 822; x_wconf 89' lang='grc' dir='ltr'>τό</span> 
     </span>
    </p>
   </div>
   <div class='ocr_carea' id='block_1_10' title="bbox 344 855 2008 935">
    <p class='ocr_par' dir='ltr' id='par_1_10' title="bbox 344 855 2008 935">
     <span class='ocr_line' id='line_1_10' title="bbox 344 855 2008 935; baseline -0.003 -17"><span class='ocrx_word' id='word_1_57' title='bbox 344 884 405 918; x_wconf 83' lang='grc' dir='ltr'>τε</span> <span class='ocrx_word' id='word_1_58' title='bbox 460 858 806 934; x_wconf 70' lang='grc' dir='ltr'>αὐτεξούσιόν</span> <span class='ocrx_word' id='word_1_59' title='bbox 861 857 1003 914; x_wconf 85' lang='grc' dir='ltr'>ἐστίν</span> <span class='ocrx_word' id='word_1_60' title='bbox 1060 855 1304 935; x_wconf 77' lang='grc' dir='ltr'>ἀφελεῖν,</span> <span class='ocrx_word' id='word_1_61' title='bbox 1354 859 1444 913; x_wconf 84' lang='grc' dir='ltr'><strong>καί</strong></span> <span class='ocrx_word' id='word_1_62' title='bbox 1488 857 1660 931; x_wconf 73' lang='grc' dir='ltr'>μηδὲν</span> <span class='ocrx_word' id='word_1_63' title='bbox 1719 859 1791 912; x_wconf 87' lang='grc' dir='ltr'>ῶν</span> <span class='ocrx_word' id='word_1_64' title='bbox 1842 857 2008 933; x_wconf 84' lang='grc' dir='ltr'>πράτ-</span> 
     </span>
    </p>
   </div>
   <div class='ocr_carea' id='block_1_11' title="bbox 344 945 2001 1025">
    <p class='ocr_par' dir='ltr' id='par_1_11' title="bbox 344 945 2001 1025">
     <span class='ocr_line' id='line_1_11' title="bbox 344 945 2001 1025; baseline -0.004 -18"><span class='ocrx_word' id='word_1_65' title='bbox 344 972 534 1007; x_wconf 91' lang='grc' dir='ltr'>τουσιν</span> <span class='ocrx_word' id='word_1_66' title='bbox 578 949 853 1025; x_wconf 78' lang='grc' dir='ltr'>ἅνθρωποι</span> <span class='ocrx_word' id='word_1_67' title='bbox 906 949 1045 1021; x_wconf 73' lang='grc' dir='ltr'>μήτε</span> <span class='ocrx_word' id='word_1_68' title='bbox 1095 948 1263 1021; x_wconf 78' lang='grc' dir='ltr'>μὲρας</span> <span class='ocrx_word' id='word_1_69' title='bbox 1312 947 1447 1002; x_wconf 75' lang='grc' dir='ltr'>εἶναι</span> <span class='ocrx_word' id='word_1_70' title='bbox 1505 949 1645 1020; x_wconf 77' lang='grc' dir='ltr'>μήτε</span> <span class='ocrx_word' id='word_1_71' title='bbox 1687 945 1951 1002; x_wconf 79' lang='grc' dir='ltr'>ἀντίδοσιν</span> <span class='ocrx_word' id='word_1_72' title='bbox 1987 965 2001 978; x_wconf 90' lang='grc'>·</span> 
     </span>
    </p>
   </div>
   <div class='ocr_carea' id='block_1_12' title="bbox 349 1030 2001 1115">
    <p class='ocr_par' dir='ltr' id='par_1_12' title="bbox 349 1030 2001 1115">
     <span class='ocr_line' id='line_1_12' title="bbox 349 1030 2001 1115; baseline -0.003 -20"><span class='ocrx_word' id='word_1_73' title='bbox 349 1040 415 1095; x_wconf 83' lang='grc' dir='ltr'>τὸ</span> <span class='ocrx_word' id='word_1_74' title='bbox 443 1040 548 1115; x_wconf 86' lang='grc' dir='ltr'>γὰρ</span> <span class='ocrx_word' id='word_1_75' title='bbox 578 1038 834 1093; x_wconf 74' lang='grc' dir='ltr'>ἀκούσιον</span> <span class='ocrx_word' id='word_1_76' title='bbox 857 1033 984 1091; x_wconf 75' lang='grc' dir='ltr'>οὕτε</span> <span class='ocrx_word' id='word_1_77' title='bbox 1016 1030 1282 1109; x_wconf 79' lang='grc' dir='ltr'>ἔμμισθον</span> <span class='ocrx_word' id='word_1_78' title='bbox 1310 1032 1432 1090; x_wconf 76' lang='grc' dir='ltr'>οὕτε</span> <span class='ocrx_word' id='word_1_79' title='bbox 1466 1036 1781 1094; x_wconf 74' lang='grc' dir='ltr'>ὑπεύθυνον.</span> <span class='ocrx_word' id='word_1_80' title='bbox 1807 1035 2001 1107; x_wconf 82' lang='grc' dir='ltr'>Ἀλλὰ,</span> 
     </span>
    </p>
   </div>
   <div class='ocr_carea' id='block_1_13' title="bbox 346 1121 2002 1206">
    <p class='ocr_par' dir='ltr' id='par_1_13' title="bbox 346 1121 2002 1206">
     <span class='ocr_line' id='line_1_13' title="bbox 346 1121 2002 1206; baseline -0.003 -23"><span class='ocrx_word' id='word_1_81' title='bbox 346 1128 471 1197; x_wconf 75' lang='grc' dir='ltr'>Ναὶ,</span> <span class='ocrx_word' id='word_1_82' title='bbox 504 1148 641 1206; x_wconf 71' lang='grc' dir='ltr'>φησι</span> <span class='ocrx_word' id='word_1_83' title='bbox 675 1148 687 1159; x_wconf 90' lang='grc'><strong>·</strong></span> <span class='ocrx_word' id='word_1_84' title='bbox 738 1125 788 1180; x_wconf 85' lang='grc' dir='ltr'>τί</span> <span class='ocrx_word' id='word_1_85' title='bbox 821 1125 923 1200; x_wconf 75' lang='grc' dir='ltr'>γάρ</span> <span class='ocrx_word' id='word_1_86' title='bbox 978 1123 1209 1193; x_wconf 84' lang='grc' dir='ltr'>ἐκώλυε,</span> <span class='ocrx_word' id='word_1_87' title='bbox 1249 1125 1489 1199; x_wconf 69' lang='grc' dir='ltr'>καθάπερ</span> <span class='ocrx_word' id='word_1_88' title='bbox 1535 1126 1663 1187; x_wconf 81' lang='grc' dir='ltr'>τοὺς</span> <span class='ocrx_word' id='word_1_89' title='bbox 1711 1121 2002 1201; x_wconf 77' lang='grc' dir='ltr'>ἀγγέλους,</span> 
     </span>
    </p>
   </div>
   <div class='ocr_carea' id='block_1_14' title="bbox 341 1211 2003 1287">
    <p class='ocr_par' dir='ltr' id='par_1_14' title="bbox 341 1211 2003 1287">
     <span class='ocr_line' id='line_1_14' title="bbox 341 1211 2003 1287; baseline -0.002 -16"><span class='ocrx_word' id='word_1_90' title='bbox 341 1214 487 1271; x_wconf 77' lang='grc' dir='ltr'>οὕτω</span> <span class='ocrx_word' id='word_1_91' title='bbox 535 1214 625 1269; x_wconf 89' lang='grc' dir='ltr'>καὶ</span> <span class='ocrx_word' id='word_1_92' title='bbox 672 1212 801 1275; x_wconf 78' lang='grc' dir='ltr'>τοὺς</span> <span class='ocrx_word' id='word_1_93' title='bbox 848 1213 1172 1287; x_wconf 77' lang='grc' dir='ltr'>ἀνθρώπους</span> <span class='ocrx_word' id='word_1_94' title='bbox 1228 1211 1515 1282; x_wconf 64' lang='lat' dir='ltr'>Eii-ciebat;</span> <span class='ocrx_word' id='word_1_95' title='bbox 1572 1214 1662 1268; x_wconf 79' lang='grc' dir='ltr'>καὶ</span> <span class='ocrx_word' id='word_1_96' title='bbox 1717 1214 1823 1287; x_wconf 70' lang='grc' dir='ltr'>μὴν</span> <span class='ocrx_word' id='word_1_97' title='bbox 1872 1212 2003 1268; x_wconf 85' lang='grc' dir='ltr'>κάπί</span> 
     </span>
    </p>
   </div>
   <div class='ocr_carea' id='block_1_15' title="bbox 337 1299 2009 1379">
    <p class='ocr_par' dir='ltr' id='par_1_15' title="bbox 337 1299 2009 1379">
     <span class='ocr_line' id='line_1_15' title="bbox 337 1299 2009 1379; baseline -0.002 -20"><span class='ocrx_word' id='word_1_98' title='bbox 337 1309 449 1359; x_wconf 88' lang='grc' dir='ltr'>τῶν</span> <span class='ocrx_word' id='word_1_99' title='bbox 504 1304 748 1379; x_wconf 67' lang='grc' dir='ltr'>ἀγγέλων</span> <span class='ocrx_word' id='word_1_100' title='bbox 791 1304 827 1371; x_wconf 76' lang='grc' dir='ltr'><strong>ἡ</strong></span> <span class='ocrx_word' id='word_1_101' title='bbox 878 1301 1075 1375; x_wconf 83' lang='grc' dir='ltr'>γνώμη</span> <span class='ocrx_word' id='word_1_102' title='bbox 1130 1307 1338 1375; x_wconf 87' lang='grc' dir='ltr'>κρατεῖ,</span> <span class='ocrx_word' id='word_1_103' title='bbox 1387 1301 1478 1356; x_wconf 87' lang='grc' dir='ltr'>καὶ</span> <span class='ocrx_word' id='word_1_104' title='bbox 1529 1299 1680 1357; x_wconf 73' lang='grc' dir='ltr'>οὐδὲν</span> <span class='ocrx_word' id='word_1_105' title='bbox 1727 1302 1841 1356; x_wconf 86' lang='grc' dir='ltr'>κατ’</span> <span class='ocrx_word' id='word_1_106' title='bbox 1882 1300 2009 1355; x_wconf 83' lang='grc' dir='ltr'>ἀνά-</span> 
     </span>
    </p>
   </div>
   <div class='ocr_carea' id='block_1_16' title="bbox 342 1390 2006 1468">
    <p class='ocr_par' dir='ltr' id='par_1_16' title="bbox 342 1390 2006 1468">
     <span class='ocr_line' id='line_1_16' title="bbox 342 1390 2006 1468; baseline -0.003 -19"><span class='ocrx_word' id='word_1_107' title='bbox 342 1414 486 1468; x_wconf 85' lang='grc' dir='ltr'>γκην</span> <span class='ocrx_word' id='word_1_108' title='bbox 514 1392 700 1454; x_wconf 84' lang='grc' dir='ltr'>αὐτοῖς</span> <span class='ocrx_word' id='word_1_109' title='bbox 749 1390 1065 1466; x_wconf 81' lang='grc' dir='ltr'>πράττεται.</span> <span class='ocrx_word' id='word_1_110' title='bbox 1108 1390 1209 1448; x_wconf 85' lang='grc' dir='ltr'>Καὶ</span> <span class='ocrx_word' id='word_1_111' title='bbox 1265 1391 1473 1465; x_wconf 79' lang='grc' dir='ltr'>μάρτυς</span> <span class='ocrx_word' id='word_1_112' title='bbox 1502 1392 1530 1445; x_wconf 98' lang='lat'>6</span> <span class='ocrx_word' id='word_1_113' title='bbox 1562 1390 1801 1446; x_wconf 83' lang='grc' dir='ltr'>ἐκπεσὼν</span> <span class='ocrx_word' id='word_1_114' title='bbox 1832 1396 2006 1447; x_wconf 79' lang='grc' dir='ltr'>Ἑωσ-</span> 
     </span>
    </p>
   </div>
   <div class='ocr_carea' id='block_1_17' title="bbox 347 1476 2003 1559">
    <p class='ocr_par' dir='ltr' id='par_1_17' title="bbox 347 1476 2003 1559">
     <span class='ocr_line' id='line_1_17' title="bbox 347 1476 2003 1559; baseline 0 -22"><span class='ocrx_word' id='word_1_115' title='bbox 347 1484 542 1558; x_wconf 73' lang='grc' dir='ltr'>φόρος,</span> <span class='ocrx_word' id='word_1_116' title='bbox 591 1481 683 1536; x_wconf 84' lang='grc' dir='ltr'>καὶ</span> <span class='ocrx_word' id='word_1_117' title='bbox 731 1478 856 1535; x_wconf 69' lang='grc' dir='ltr'>ὅσον</span> <span class='ocrx_word' id='word_1_118' title='bbox 907 1480 1057 1550; x_wconf 82' lang='grc' dir='ltr'>αὐτῷ</span> <span class='ocrx_word' id='word_1_119' title='bbox 1109 1480 1411 1551; x_wconf 79' lang='grc' dir='ltr'>συναπέστη</span> <span class='ocrx_word' id='word_1_120' title='bbox 1468 1478 1639 1559; x_wconf 76' lang='grc' dir='ltr'>φῦλον</span> <span class='ocrx_word' id='word_1_121' title='bbox 1698 1476 2003 1553; x_wconf 83' lang='grc' dir='ltr'>δαιμόνιον.</span> 
     </span>
    </p>
   </div>
   <div class='ocr_carea' id='block_1_18' title="bbox 344 1566 2005 1644">
    <p class='ocr_par' dir='ltr' id='par_1_18' title="bbox 344 1566 2005 1644">
     <span class='ocr_line' id='line_1_18' title="bbox 344 1566 2005 1644; baseline -0.003 -18"><span class='ocrx_word' id='word_1_122' title='bbox 344 1575 475 1632; x_wconf 84' lang='grc' dir='ltr'>Πῶς</span> <span class='ocrx_word' id='word_1_123' title='bbox 507 1566 564 1624; x_wconf 73' lang='grc' dir='ltr'>δὲ</span> <span class='ocrx_word' id='word_1_124' title='bbox 591 1569 682 1623; x_wconf 80' lang='grc' dir='ltr'>καὶ</span> <span class='ocrx_word' id='word_1_125' title='bbox 733 1566 954 1641; x_wconf 77' lang='grc' dir='ltr'>ἄμεινον</span> <span class='ocrx_word' id='word_1_126' title='bbox 1002 1568 1120 1623; x_wconf 83' lang='grc' dir='ltr'>κατ’</span> <span class='ocrx_word' id='word_1_127' title='bbox 1150 1566 1416 1642; x_wconf 65' lang='grc' dir='ltr'>ἀγγέλους</span> <span class='ocrx_word' id='word_1_128' title='bbox 1466 1569 1833 1644; x_wconf 68' lang='grc' dir='ltr'>προαχθῆναι,</span> <span class='ocrx_word' id='word_1_129' title='bbox 1868 1568 2005 1621; x_wconf 84' lang='grc' dir='ltr'>ὅπου</span> 
     </span>
    </p>
   </div>
   <div class='ocr_carea' id='block_1_19' title="bbox 344 1651 2004 1732">
    <p class='ocr_par' dir='ltr' id='par_1_19' title="bbox 344 1651 2004 1732">
     <span class='ocr_line' id='line_1_19' title="bbox 344 1651 2004 1732; baseline -0.004 -17"><span class='ocrx_word' id='word_1_130' title='bbox 344 1660 410 1715; x_wconf 85' lang='grc' dir='ltr'>τὸ</span> <span class='ocrx_word' id='word_1_131' title='bbox 463 1659 558 1732; x_wconf 75' lang='grc' dir='ltr'>μὲν</span> <span class='ocrx_word' id='word_1_132' title='bbox 618 1655 943 1732; x_wconf 75' lang='grc' dir='ltr'>ἁμαρτάνειν</span> <span class='ocrx_word' id='word_1_133' title='bbox 983 1655 1037 1711; x_wconf 75' lang='grc' dir='ltr'>ἐν</span> <span class='ocrx_word' id='word_1_134' title='bbox 1104 1655 1288 1718; x_wconf 79' lang='grc' dir='ltr'>αὐτοῖς</span> <span class='ocrx_word' id='word_1_135' title='bbox 1348 1655 1718 1729; x_wconf 74' lang='grc' dir='ltr'>ἀμετανόητον</span> <span class='ocrx_word' id='word_1_136' title='bbox 1778 1655 1866 1710; x_wconf 79' lang='grc' dir='ltr'>καὶ</span> <span class='ocrx_word' id='word_1_137' title='bbox 1916 1651 2004 1709; x_wconf 79' lang='grc' dir='ltr'>διά</span> 
     </span>
    </p>
   </div>
   <div class='ocr_carea' id='block_1_20' title="bbox 2115 499 3751 575">
    <p class='ocr_par' dir='ltr' id='par_1_20' title="bbox 2115 499 3751 575">
     <span class='ocr_line' id='line_1_20' title="bbox 2115 499 3751 575; baseline 0.007 -21"><span class='ocrx_word' id='word_1_138' title='bbox 2115 499 2422 573; x_wconf 78' lang='lat' dir='ltr'>ipsamque</span> <span class='ocrx_word' id='word_1_139' title='bbox 2463 501 2606 559; x_wconf 90' lang='lat' dir='ltr'>adeo</span> <span class='ocrx_word' id='word_1_140' title='bbox 2641 504 2844 559; x_wconf 92' lang='lat' dir='ltr'>mundi</span> <span class='ocrx_word' id='word_1_141' title='bbox 2879 502 3236 560; x_wconf 85' lang='lat' dir='ltr'>molitionem</span> <span class='ocrx_word' id='word_1_142' title='bbox 3264 521 3372 561; x_wconf 93' lang='lat' dir='ltr'>suo</span> <span class='ocrx_word' id='word_1_143' title='bbox 3401 520 3472 562; x_wconf 81' lang='lat' dir='ltr'>ex</span> <span class='ocrx_word' id='word_1_144' title='bbox 3501 507 3751 575; x_wconf 88' lang='lat' dir='ltr'>decreto,</span> 
     </span>
    </p>
   </div>
   <div class='ocr_carea' id='block_1_21' title="bbox 2116 589 3749 669">
    <p class='ocr_par' dir='ltr' id='par_1_21' title="bbox 2116 589 3749 669">
     <span class='ocr_line' id='line_1_21' title="bbox 2116 589 3749 669; baseline 0.006 -25"><span class='ocrx_word' id='word_1_145' title='bbox 2116 589 2345 645; x_wconf 89' lang='lat' dir='ltr'>etiamsi</span> <span class='ocrx_word' id='word_1_146' title='bbox 2396 598 2531 647; x_wconf 83' lang='lat' dir='ltr'>tunc</span> <span class='ocrx_word' id='word_1_147' title='bbox 2578 590 2767 647; x_wconf 84' lang='lat' dir='ltr'>lucem</span> <span class='ocrx_word' id='word_1_148' title='bbox 2818 592 3081 647; x_wconf 90' lang='lat' dir='ltr'>nondum</span> <span class='ocrx_word' id='word_1_149' title='bbox 3127 594 3512 665; x_wconf 76' lang='lat' dir='ltr'>aspexissent,</span> <span class='ocrx_word' id='word_1_150' title='bbox 3555 596 3749 669; x_wconf 82' lang='lat' dir='ltr'>dirigi.</span> 
     </span>
    </p>
   </div>
   <div class='ocr_carea' id='block_1_22' title="bbox 2118 678 3756 756">
    <p class='ocr_par' dir='ltr' id='par_1_22' title="bbox 2118 678 3756 756">
     <span class='ocr_line' id='line_1_22' title="bbox 2118 678 3756 756; baseline 0.006 -23"><span class='ocrx_word' id='word_1_151' title='bbox 2118 679 2268 733; x_wconf 85' lang='lat' dir='ltr'>idem</span> <span class='ocrx_word' id='word_1_152' title='bbox 2302 678 2510 750; x_wconf 80' lang='lat' dir='ltr'>[addit]</span> <span class='ocrx_word' id='word_1_153' title='bbox 2542 678 2685 735; x_wconf 88' lang='lat' dir='ltr'>illud</span> <span class='ocrx_word' id='word_1_154' title='bbox 2720 697 2953 754; x_wconf 89' lang='lat' dir='ltr'>quoque</span> <span class='ocrx_word' id='word_1_155' title='bbox 2983 682 3138 738; x_wconf 85' lang='lat' dir='ltr'>clare</span> <span class='ocrx_word' id='word_1_156' title='bbox 3168 683 3588 756; x_wconf 79' lang='lat' dir='ltr'>demonstrant,</span> <span class='ocrx_word' id='word_1_157' title='bbox 3622 702 3756 756; x_wconf 89' lang='lat' dir='ltr'>pro-</span> 
     </span>
    </p>
   </div>
   <div class='ocr_carea' id='block_1_23' title="bbox 2117 766 3754 845">
    <p class='ocr_par' dir='ltr' id='par_1_23' title="bbox 2117 766 3754 845">
     <span class='ocr_line' id='line_1_23' title="bbox 2117 766 3754 845; baseline 0.006 -24"><span class='ocrx_word' id='word_1_158' title='bbox 2117 766 2255 823; x_wconf 88' lang='lat' dir='ltr'>bum</span> <span class='ocrx_word' id='word_1_159' title='bbox 2288 768 2463 823; x_wconf 86' lang='lat' dir='ltr'>simul</span> <span class='ocrx_word' id='word_1_160' title='bbox 2495 774 2553 825; x_wconf 92' lang='lat' dir='ltr'>et</span> <span class='ocrx_word' id='word_1_161' title='bbox 2581 769 2914 841; x_wconf 88' lang='lat' dir='ltr'>improbum</span> <span class='ocrx_word' id='word_1_162' title='bbox 2959 787 3085 827; x_wconf 87' lang='lat' dir='ltr'>esse</span> <span class='ocrx_word' id='word_1_163' title='bbox 3126 771 3422 829; x_wconf 86' lang='lat' dir='ltr'>hominem</span> <span class='ocrx_word' id='word_1_164' title='bbox 3469 782 3754 845; x_wconf 78' lang='lat' dir='ltr'>oportere.</span> 
     </span>
    </p>
   </div>
   <div class='ocr_carea' id='block_1_24' title="bbox 2117 856 3758 931">
    <p class='ocr_par' dir='ltr' id='par_1_24' title="bbox 2117 856 3758 931">
     <span class='ocr_line' id='line_1_24' title="bbox 2117 856 3758 931; baseline 0.007 -22"><span class='ocrx_word' id='word_1_165' title='bbox 2117 859 2263 910; x_wconf 87' lang='lat' dir='ltr'>Dum</span> <span class='ocrx_word' id='word_1_166' title='bbox 2308 856 2455 912; x_wconf 89' lang='lat' dir='ltr'>enim</span> <span class='ocrx_word' id='word_1_167' title='bbox 2493 859 2739 929; x_wconf 87' lang='lat' dir='ltr'>probum</span> <span class='ocrx_word' id='word_1_168' title='bbox 2782 860 3014 930; x_wconf 88' lang='lat' dir='ltr'>quidem</span> <span class='ocrx_word' id='word_1_169' title='bbox 3059 859 3227 916; x_wconf 89' lang='lat' dir='ltr'>illum</span> <span class='ocrx_word' id='word_1_170' title='bbox 3272 877 3400 917; x_wconf 88' lang='lat' dir='ltr'>esse</span> <span class='ocrx_word' id='word_1_171' title='bbox 3439 861 3661 931; x_wconf 87' lang='lat' dir='ltr'>volunt,</span> <span class='ocrx_word' id='word_1_172' title='bbox 3700 868 3758 920; x_wconf 91' lang='lat' dir='ltr'>et</span> 
     </span>
    </p>
   </div>
   <div class='ocr_carea' id='block_1_25' title="bbox 2114 945 3753 1021">
    <p class='ocr_par' dir='ltr' id='par_1_25' title="bbox 2114 945 3753 1021">
     <span class='ocr_line' id='line_1_25' title="bbox 2114 945 3753 1021; baseline 0.004 -19"><span class='ocrx_word' id='word_1_173' title='bbox 2114 945 2296 1002; x_wconf 89' lang='lat' dir='ltr'>simul</span> <span class='ocrx_word' id='word_1_174' title='bbox 2320 948 2648 1004; x_wconf 83' lang='lat' dir='ltr'>necessario</span> <span class='ocrx_word' id='word_1_175' title='bbox 2672 948 2849 1005; x_wconf 84' lang='lat' dir='ltr'>talem</span> <span class='ocrx_word' id='word_1_176' title='bbox 2875 966 3000 1006; x_wconf 90' lang='lat' dir='ltr'>esse</span> <span class='ocrx_word' id='word_1_177' title='bbox 3023 949 3339 1021; x_wconf 89' lang='lat' dir='ltr'>postulant,</span> <span class='ocrx_word' id='word_1_178' title='bbox 3366 968 3479 1007; x_wconf 91' lang='lat' dir='ltr'>non</span> <span class='ocrx_word' id='word_1_179' title='bbox 3503 951 3753 1009; x_wconf 88' lang='lat' dir='ltr'>liberum</span> 
     </span>
    </p>
   </div>
   <div class='ocr_carea' id='block_1_26' title="bbox 2114 1034 3756 1113">
    <p class='ocr_par' dir='ltr' id='par_1_26' title="bbox 2114 1034 3756 1113">
     <span class='ocr_line' id='line_1_26' title="bbox 2114 1034 3756 1113; baseline 0.006 -24"><span class='ocrx_word' id='word_1_180' title='bbox 2114 1034 2304 1090; x_wconf 86' lang='lat' dir='ltr'>solum</span> <span class='ocrx_word' id='word_1_181' title='bbox 2323 1035 2431 1091; x_wconf 91' lang='lat' dir='ltr'>hoc</span> <span class='ocrx_word' id='word_1_182' title='bbox 2454 1043 2617 1108; x_wconf 84' lang='lat' dir='ltr'>pacto</span> <span class='ocrx_word' id='word_1_183' title='bbox 2636 1036 2846 1093; x_wconf 89' lang='lat' dir='ltr'>tollunt</span> <span class='ocrx_word' id='word_1_184' title='bbox 2867 1038 3198 1105; x_wconf 80' lang='lat' dir='ltr'>arbitrium,</span> <span class='ocrx_word' id='word_1_185' title='bbox 3224 1040 3326 1096; x_wconf 86' lang='lat' dir='ltr'>sed</span> <span class='ocrx_word' id='word_1_186' title='bbox 3350 1041 3578 1097; x_wconf 90' lang='lat' dir='ltr'>nullum</span> <span class='ocrx_word' id='word_1_187' title='bbox 3612 1058 3756 1113; x_wconf 90' lang='lat' dir='ltr'>quo-</span> 
     </span>
    </p>
   </div>
   <div class='ocr_carea' id='block_1_27' title="bbox 2116 1125 3753 1202">
    <p class='ocr_par' dir='ltr' id='par_1_27' title="bbox 2116 1125 3753 1202">
     <span class='ocr_line' id='line_1_27' title="bbox 2116 1125 3753 1202; baseline 0.005 -24"><span class='ocrx_word' id='word_1_188' title='bbox 2116 1138 2228 1195; x_wconf 89' lang='lat' dir='ltr'>que</span> <span class='ocrx_word' id='word_1_189' title='bbox 2258 1140 2458 1180; x_wconf 88' lang='lat' dir='ltr'>eorum</span> <span class='ocrx_word' id='word_1_190' title='bbox 2492 1142 2619 1196; x_wconf 68' lang='lat' dir='ltr'>qua:</span> <span class='ocrx_word' id='word_1_191' title='bbox 2661 1126 2732 1182; x_wconf 87' lang='lat' dir='ltr'>ab</span> <span class='ocrx_word' id='word_1_192' title='bbox 2765 1125 3106 1183; x_wconf 87' lang='lat' dir='ltr'>hominibus</span> <span class='ocrx_word' id='word_1_193' title='bbox 3137 1132 3414 1200; x_wconf 80' lang='lat' dir='ltr'>gerantur</span> <span class='ocrx_word' id='word_1_194' title='bbox 3445 1131 3753 1202; x_wconf 70' lang='lat' dir='ltr'>praemium</span> 
     </span>
    </p>
   </div>
   <div class='ocr_carea' id='block_1_28' title="bbox 2114 1212 3753 1276">
    <p class='ocr_par' dir='ltr' id='par_1_28' title="bbox 2114 1212 3753 1276">
     <span class='ocr_line' id='line_1_28' title="bbox 2114 1212 3753 1276; baseline 0.004 -7"><span class='ocrx_word' id='word_1_195' title='bbox 2114 1229 2239 1269; x_wconf 89' lang='lat' dir='ltr'>esse</span> <span class='ocrx_word' id='word_1_196' title='bbox 2268 1212 2355 1268; x_wconf 87' lang='lat' dir='ltr'>vel</span> <span class='ocrx_word' id='word_1_197' title='bbox 2389 1216 2915 1271; x_wconf 88' lang='lat' dir='ltr'>remunerationem</span> <span class='ocrx_word' id='word_1_198' title='bbox 2956 1221 3243 1273; x_wconf 88' lang='lat' dir='ltr'>statuunt.</span> <span class='ocrx_word' id='word_1_199' title='bbox 3291 1218 3753 1276; x_wconf 88' lang='lat' dir='ltr'>Involuntarium</span> 
     </span>
    </p>
   </div>
   <div class='ocr_carea' id='block_1_29' title="bbox 2115 1302 3755 1381">
    <p class='ocr_par' dir='ltr' id='par_1_29' title="bbox 2115 1302 3755 1381">
     <span class='ocr_line' id='line_1_29' title="bbox 2115 1302 3755 1381; baseline 0.005 -24"><span class='ocrx_word' id='word_1_200' title='bbox 2115 1302 2272 1357; x_wconf 89' lang='lat' dir='ltr'>enim</span> <span class='ocrx_word' id='word_1_201' title='bbox 2306 1304 2460 1375; x_wconf 90' lang='lat' dir='ltr'>quod</span> <span class='ocrx_word' id='word_1_202' title='bbox 2491 1307 2600 1371; x_wconf 91' lang='lat' dir='ltr'>est,</span> <span class='ocrx_word' id='word_1_203' title='bbox 2621 1304 2682 1359; x_wconf 93' lang='lat' dir='ltr'>id</span> <span class='ocrx_word' id='word_1_204' title='bbox 2712 1321 2902 1376; x_wconf 89' lang='lat' dir='ltr'>neque</span> <span class='ocrx_word' id='word_1_205' title='bbox 2924 1304 3229 1377; x_wconf 76' lang='lat' dir='ltr'>praemium</span> <span class='ocrx_word' id='word_1_206' title='bbox 3255 1311 3530 1375; x_wconf 90' lang='lat' dir='ltr'>meretur,</span> <span class='ocrx_word' id='word_1_207' title='bbox 3565 1325 3755 1381; x_wconf 90' lang='lat' dir='ltr'>neque</span> 
     </span>
    </p>
   </div>
   <div class='ocr_carea' id='block_1_30' title="bbox 2115 1391 3755 1469">
    <p class='ocr_par' dir='ltr' id='par_1_30' title="bbox 2115 1391 3755 1469">
     <span class='ocr_line' id='line_1_30' title="bbox 2115 1391 3755 1469; baseline 0.005 -24"><span class='ocrx_word' id='word_1_208' title='bbox 2115 1407 2298 1463; x_wconf 68' lang='lat' dir='ltr'>poenas</span> <span class='ocrx_word' id='word_1_209' title='bbox 2328 1391 2429 1447; x_wconf 90' lang='lat' dir='ltr'>ulli</span> <span class='ocrx_word' id='word_1_210' title='bbox 2460 1395 2549 1447; x_wconf 84' lang='lat' dir='ltr'>est</span> <span class='ocrx_word' id='word_1_211' title='bbox 2579 1392 2914 1451; x_wconf 86' lang='lat' dir='ltr'>obnoxium.</span> <span class='ocrx_word' id='word_1_212' title='bbox 2949 1395 3024 1450; x_wconf 89' lang='lat' dir='ltr'>At</span> <span class='ocrx_word' id='word_1_213' title='bbox 3049 1399 3200 1452; x_wconf 89' lang='lat' dir='ltr'>certe</span> <span class='ocrx_word' id='word_1_214' title='bbox 3223 1395 3366 1451; x_wconf 86' lang='lat' dir='ltr'>nihil</span> <span class='ocrx_word' id='word_1_215' title='bbox 3388 1397 3755 1469; x_wconf 90' lang='lat' dir='ltr'>prohibebat,</span> 
     </span>
    </p>
   </div>
   <div class='ocr_carea' id='block_1_31' title="bbox 2114 1479 3755 1560">
    <p class='ocr_par' dir='ltr' id='par_1_31' title="bbox 2114 1479 3755 1560">
     <span class='ocr_line' id='line_1_31' title="bbox 2114 1479 3755 1560; baseline 0.006 -25"><span class='ocrx_word' id='word_1_216' title='bbox 2114 1479 2325 1552; x_wconf 87' lang='lat' dir='ltr'>inquit,</span> <span class='ocrx_word' id='word_1_217' title='bbox 2373 1481 2574 1537; x_wconf 90' lang='lat' dir='ltr'>eadem</span> <span class='ocrx_word' id='word_1_218' title='bbox 2626 1480 2895 1539; x_wconf 84' lang='lat' dir='ltr'>homines</span> <span class='ocrx_word' id='word_1_219' title='bbox 2944 1484 3277 1541; x_wconf 88' lang='lat' dir='ltr'>conditione</span> <span class='ocrx_word' id='word_1_220' title='bbox 3332 1501 3447 1558; x_wconf 90' lang='lat' dir='ltr'>qua</span> <span class='ocrx_word' id='word_1_221' title='bbox 3494 1487 3755 1560; x_wconf 80' lang='lat' dir='ltr'>angelos,</span> 
     </span>
    </p>
   </div>
   <div class='ocr_carea' id='block_1_32' title="bbox 2113 1570 3759 1645">
    <p class='ocr_par' dir='ltr' id='par_1_32' title="bbox 2113 1570 3759 1645">
     <span class='ocr_line' id='line_1_32' title="bbox 2113 1570 3759 1645; baseline 0.005 -19"><span class='ocrx_word' id='word_1_222' title='bbox 2113 1570 2305 1626; x_wconf 92' lang='lat' dir='ltr'>condi.</span> <span class='ocrx_word' id='word_1_223' title='bbox 2325 1572 2632 1629; x_wconf 88' lang='lat' dir='ltr'>Enimvero</span> <span class='ocrx_word' id='word_1_224' title='bbox 2658 1573 2715 1628; x_wconf 92' lang='lat' dir='ltr'>in</span> <span class='ocrx_word' id='word_1_225' title='bbox 2737 1572 2960 1645; x_wconf 84' lang='lat' dir='ltr'>angelis</span> <span class='ocrx_word' id='word_1_226' title='bbox 2983 1573 3253 1632; x_wconf 86' lang='lat' dir='ltr'>voluntas</span> <span class='ocrx_word' id='word_1_227' title='bbox 3276 1575 3461 1633; x_wconf 89' lang='lat' dir='ltr'>libera</span> <span class='ocrx_word' id='word_1_228' title='bbox 3495 1577 3759 1635; x_wconf 88' lang='lat' dir='ltr'>domina-</span> 
     </span>
    </p>
   </div>
   <div class='ocr_carea' id='block_1_33' title="bbox 2112 1661 3760 1735">
    <p class='ocr_par' dir='ltr' id='par_1_33' title="bbox 2112 1661 3760 1735">
     <span class='ocr_line' id='line_1_33' title="bbox 2112 1661 3760 1735; baseline 0.005 -21"><span class='ocrx_word' id='word_1_229' title='bbox 2112 1663 2227 1729; x_wconf 91' lang='lat' dir='ltr'>tur,</span> <span class='ocrx_word' id='word_1_230' title='bbox 2269 1665 2324 1716; x_wconf 90' lang='lat' dir='ltr'>et</span> <span class='ocrx_word' id='word_1_231' title='bbox 2367 1661 2514 1716; x_wconf 88' lang='lat' dir='ltr'>nihil</span> <span class='ocrx_word' id='word_1_232' title='bbox 2560 1661 2779 1718; x_wconf 89' lang='lat' dir='ltr'>abillis</span> <span class='ocrx_word' id='word_1_233' title='bbox 2820 1665 3143 1721; x_wconf 82' lang='lat' dir='ltr'>necessario</span> <span class='ocrx_word' id='word_1_234' title='bbox 3193 1664 3399 1735; x_wconf 88' lang='lat' dir='ltr'>agitur.</span> <span class='ocrx_word' id='word_1_235' title='bbox 3454 1667 3642 1722; x_wconf 86' lang='lat' dir='ltr'>Testis</span> <span class='ocrx_word' id='word_1_236' title='bbox 3671 1674 3760 1723; x_wconf 91' lang='lat' dir='ltr'>est</span> 
     </span>
    </p>
   </div>
   <div class='ocr_carea' id='block_1_34' title="bbox 346 1730 2009 1828">
    <p class='ocr_par' dir='ltr' id='par_1_34' title="bbox 346 1730 1999 1823">
     <span class='ocr_line' id='line_1_34' title="bbox 346 1730 1999 1823; baseline -0.003 -20"><span class='ocrx_word' id='word_1_237' title='bbox 346 1730 512 1804; x_wconf 74' lang='grc' dir='ltr'>τοῦτο</span> <span class='ocrx_word' id='word_1_238' title='bbox 560 1730 747 1817; x_wconf 85' lang='grc' dir='ltr'>πάσης</span> <span class='ocrx_word' id='word_1_239' title='bbox 792 1747 1122 1823; x_wconf 78' lang='grc' dir='ltr'>συγγνώμης</span> <span class='ocrx_word' id='word_1_240' title='bbox 1169 1744 1490 1819; x_wconf 86' lang='grc' dir='ltr'>ἀλλότριον,</span> <span class='ocrx_word' id='word_1_241' title='bbox 1520 1746 1583 1801; x_wconf 83' lang='grc' dir='ltr'>τὸ</span> <span class='ocrx_word' id='word_1_242' title='bbox 1634 1743 1691 1801; x_wconf 73' lang='grc' dir='ltr'>δὲ</span> <span class='ocrx_word' id='word_1_243' title='bbox 1733 1743 1999 1819; x_wconf 72' lang='grc' dir='ltr'>ἡμέτερον</span> 
     </span>
    </p>
   </div>
   <div class='ocr_carea' id='block_1_35' title="bbox 2119 1730 3756 1828">
    <p class='ocr_par' dir='ltr' id='par_1_35' title="bbox 2119 1730 3756 1828">
     <span class='ocr_line' id='line_1_35' title="bbox 2119 1730 3756 1828; baseline 0.005 -24"><span class='ocrx_word' id='word_1_244' title='bbox 2119 1749 2385 1820; x_wconf 74' lang='lat' dir='ltr'>delapsus</span> <span class='ocrx_word' id='word_1_245' title='bbox 2428 1751 2675 1818; x_wconf 79' lang='lat' dir='ltr'>Lucifer,</span> <span class='ocrx_word' id='word_1_246' title='bbox 2716 1756 2772 1807; x_wconf 87' lang='lat' dir='ltr'>et</span> <span class='ocrx_word' id='word_1_247' title='bbox 2802 1756 3093 1825; x_wconf 86' lang='lat' dir='ltr'>quotquot</span> <span class='ocrx_word' id='word_1_248' title='bbox 3133 1730 3266 1810; x_wconf 77' lang='lat' dir='ltr'>cum</span> <span class='ocrx_word' id='word_1_249' title='bbox 3301 1754 3430 1828; x_wconf 90' lang='lat' dir='ltr'>ipso</span> <span class='ocrx_word' id='word_1_250' title='bbox 3462 1755 3756 1813; x_wconf 66' lang='lat' dir='ltr'>daemones</span> 
     </span>
    </p>
   </div>
   <div class='ocr_carea' id='block_1_36' title="bbox 344 1832 2004 1912">
    <p class='ocr_par' dir='ltr' id='par_1_36' title="bbox 344 1832 2004 1912">
     <span class='ocr_line' id='line_1_36' title="bbox 344 1832 2004 1912; baseline -0.004 -19"><span class='ocrx_word' id='word_1_251' title='bbox 344 1836 500 1912; x_wconf 76' lang='grc' dir='ltr'>γένος</span> <span class='ocrx_word' id='word_1_252' title='bbox 531 1837 623 1892; x_wconf 81' lang='grc' dir='ltr'>καὶ</span> <span class='ocrx_word' id='word_1_253' title='bbox 654 1835 945 1897; x_wconf 78' lang='grc' dir='ltr'>πίπτοντες</span> <span class='ocrx_word' id='word_1_254' title='bbox 971 1832 1061 1890; x_wconf 82' lang='grc' dir='ltr'>διὰ</span> <span class='ocrx_word' id='word_1_255' title='bbox 1111 1833 1399 1908; x_wconf 89' lang='grc' dir='ltr'>μετανοίας</span> <span class='ocrx_word' id='word_1_256' title='bbox 1428 1834 1594 1890; x_wconf 86' lang='grc' dir='ltr'>πάλιν</span> <span class='ocrx_word' id='word_1_257' title='bbox 1645 1835 1955 1889; x_wconf 77' lang='grc' dir='ltr'>ἀνίστανται</span> <span class='ocrx_word' id='word_1_258' title='bbox 1990 1851 2004 1901; x_wconf 86' lang='grc'><strong>;</strong></span> 
     </span>
    </p>
   </div>
   <div class='ocr_carea' id='block_1_37' title="bbox 343 1921 2005 2001">
    <p class='ocr_par' dir='ltr' id='par_1_37' title="bbox 343 1921 2005 2001">
     <span class='ocr_line' id='line_1_37' title="bbox 343 1921 2005 2001; baseline -0.005 -17"><span class='ocrx_word' id='word_1_259' title='bbox 343 1923 462 1984; x_wconf 79' lang='grc' dir='ltr'>ἔστι</span> <span class='ocrx_word' id='word_1_260' title='bbox 510 1928 694 2000; x_wconf 87' lang='grc' dir='ltr'>μέντοι</span> <span class='ocrx_word' id='word_1_261' title='bbox 743 1947 806 2001; x_wconf 88' lang='grc' dir='ltr'>γε</span> <span class='ocrx_word' id='word_1_262' title='bbox 852 1926 986 1999; x_wconf 83' lang='grc' dir='ltr'>μετὰ</span> <span class='ocrx_word' id='word_1_263' title='bbox 1032 1926 1131 1994; x_wconf 74' lang='grc' dir='ltr'>τὴν</span> <span class='ocrx_word' id='word_1_264' title='bbox 1180 1926 1525 1995; x_wconf 81' lang='grc' dir='ltr'>Δεσποτικήν</span> <span class='ocrx_word' id='word_1_265' title='bbox 1573 1921 1870 1999; x_wconf 79' lang='grc' dir='ltr'>ἐπιδημίαν</span> <span class='ocrx_word' id='word_1_266' title='bbox 1915 1922 2005 1977; x_wconf 78' lang='grc' dir='ltr'>καὶ</span> 
     </span>
    </p>
   </div>
   <div class='ocr_carea' id='block_1_38' title="bbox 342 2009 2007 2092">
    <p class='ocr_par' dir='ltr' id='par_1_38' title="bbox 342 2009 2007 2092">
     <span class='ocr_line' id='line_1_38' title="bbox 342 2009 2007 2092; baseline -0.002 -20"><span class='ocrx_word' id='word_1_267' title='bbox 342 2015 399 2072; x_wconf 67' lang='grc' dir='ltr'>ἄν</span> <span class='ocrx_word' id='word_1_268' title='bbox 448 2017 755 2091; x_wconf 83' lang='grc' dir='ltr'>ἀνθρώποις</span> <span class='ocrx_word' id='word_1_269' title='bbox 804 2009 937 2092; x_wconf 73' lang='grc' dir='ltr'>ἔργα</span> <span class='ocrx_word' id='word_1_270' title='bbox 983 2015 1155 2089; x_wconf 84' lang='grc' dir='ltr'>μείζω</span> <span class='ocrx_word' id='word_1_271' title='bbox 1204 2016 1441 2088; x_wconf 79' lang='grc' dir='ltr'>καθορᾶν</span> <span class='ocrx_word' id='word_1_272' title='bbox 1483 2013 1519 2083; x_wconf 77' lang='grc' dir='ltr'><strong>ἢ</strong></span> <span class='ocrx_word' id='word_1_273' title='bbox 1580 2013 1679 2069; x_wconf 79' lang='grc' dir='ltr'>ὅσα</span> <span class='ocrx_word' id='word_1_274' title='bbox 1734 2015 2007 2088; x_wconf 86' lang='grc' dir='ltr'>πράττου-</span> 
     </span>
    </p>
   </div>
   <div class='ocr_carea' id='block_1_39' title="bbox 341 2101 2005 2182">
    <p class='ocr_par' dir='ltr' id='par_1_39' title="bbox 341 2101 2005 2182">
     <span class='ocr_line' id='line_1_39' title="bbox 341 2101 2005 2182; baseline -0.002 -22"><span class='ocrx_word' id='word_1_275' title='bbox 341 2127 427 2161; x_wconf 90' lang='grc' dir='ltr'>σιν</span> <span class='ocrx_word' id='word_1_276' title='bbox 474 2104 751 2182; x_wconf 75' lang='grc' dir='ltr'>ἄγγελοι·</span> <span class='ocrx_word' id='word_1_277' title='bbox 802 2102 914 2160; x_wconf 82' lang='grc' dir='ltr'>Ἴδε</span> <span class='ocrx_word' id='word_1_278' title='bbox 954 2104 1054 2179; x_wconf 80' lang='grc' dir='ltr'>γὰρ</span> <span class='ocrx_word' id='word_1_279' title='bbox 1116 2103 1227 2179; x_wconf 78' lang='grc' dir='ltr'>ἐγὼ</span> <span class='ocrx_word' id='word_1_280' title='bbox 1276 2101 1497 2165; x_wconf 79' lang='grc' dir='ltr'>Παῦλος</span> <span class='ocrx_word' id='word_1_281' title='bbox 1538 2101 1685 2180; x_wconf 75' lang='grc' dir='ltr'>λέγω</span> <span class='ocrx_word' id='word_1_282' title='bbox 1729 2103 1879 2176; x_wconf 80' lang='grc' dir='ltr'>ὑμῖν,</span> <span class='ocrx_word' id='word_1_283' title='bbox 1931 2105 2005 2165; x_wconf 81' lang='grc' dir='ltr'>ὡς</span> 
     </span>
    </p>
   </div>
   <div class='ocr_carea' id='block_1_40' title="bbox 339 2189 2004 2269">
    <p class='ocr_par' dir='ltr' id='par_1_40' title="bbox 339 2189 2004 2269">
     <span class='ocr_line' id='line_1_40' title="bbox 370 2189 1976 2248; baseline 0 -17"><span class='ocrx_word' id='word_1_284' title='bbox 370 2189 1661 2248; x_wconf 64' lang='grc' dir='ltr'>εεσι”)έε.-·.’.ε’</span> <span class='ocrx_word' id='word_1_285' title='bbox 1882 2194 1976 2213; x_wconf 69' lang='grc' dir='ltr'>ε·-</span> 
     </span>
     <span class='ocr_line' id='line_1_41' title="bbox 339 2191 2004 2269; baseline -0.002 -19"><span class='ocrx_word' id='word_1_286' title='bbox 339 2215 364 2250; x_wconf 85' lang='grc' dir='ltr'>ε</span> <span class='ocrx_word' id='word_1_287' title='bbox 456 2215 546 2249; x_wconf 89' lang='grc' dir='ltr'>και</span> <span class='ocrx_word' id='word_1_288' title='bbox 715 2213 942 2269; x_wconf 76' lang='grc' dir='ltr'>αγγε.ος</span> <span class='ocrx_word' id='word_1_289' title='bbox 1028 2192 1051 2263; x_wconf 79' lang='grc' dir='ltr'>ξ</span> <span class='ocrx_word' id='word_1_290' title='bbox 1120 2212 1352 2267; x_wconf 61' lang='grc' dir='ltr'>οδραιου</span> <span class='ocrx_word' id='word_1_291' title='bbox 1410 2191 1814 2268; x_wconf 60' lang='grc' dir='ltr'>εηγμλιζεται</span> <span class='ocrx_word' id='word_1_292' title='bbox 1876 2215 2004 2265; x_wconf 85' lang='grc' dir='ltr'>υμιν</span> 
     </span>
    </p>
   </div>
   <div class='ocr_carea' id='block_1_41' title="bbox 339 2276 2000 2359">
    <p class='ocr_par' dir='ltr' id='par_1_41' title="bbox 339 2276 2000 2359">
     <span class='ocr_line' id='line_1_42' title="bbox 339 2276 2000 2359; baseline -0.002 -20"><span class='ocrx_word' id='word_1_293' title='bbox 339 2285 473 2359; x_wconf 86' lang='grc' dir='ltr'>παρ’</span> <span class='ocrx_word' id='word_1_294' title='bbox 528 2284 559 2338; x_wconf 75' lang='grc' dir='ltr'><strong>’ὀ</strong></span> <span class='ocrx_word' id='word_1_295' title='bbox 614 2279 974 2356; x_wconf 74' lang='grc' dir='ltr'>παρελάϐετε,</span> <span class='ocrx_word' id='word_1_296' title='bbox 1051 2281 1291 2354; x_wconf 77' lang='grc' dir='ltr'>ἀνάθεμα</span> <span class='ocrx_word' id='word_1_297' title='bbox 1367 2276 1527 2338; x_wconf 76' lang='grc' dir='ltr'>ἔστω.</span> <span class='ocrx_word' id='word_1_298' title='bbox 1609 2282 1707 2336; x_wconf 78' lang='grc' dir='ltr'>Καὶ</span> <span class='ocrx_word' id='word_1_299' title='bbox 1764 2279 1930 2336; x_wconf 88' lang='grc' dir='ltr'>πάλιν</span> <span class='ocrx_word' id='word_1_300' title='bbox 1987 2301 2000 2315; x_wconf 90' lang='grc'><strong>·</strong></span> 
     </span>
    </p>
   </div>
   <div class='ocr_carea' id='block_1_42' title="bbox 338 2372 2002 2450">
    <p class='ocr_par' dir='ltr' id='par_1_42' title="bbox 338 2372 2002 2450">
     <span class='ocr_line' id='line_1_43' title="bbox 338 2372 2002 2450; baseline -0.002 -20"><span class='ocrx_word' id='word_1_301' title='bbox 338 2375 403 2430; x_wconf 80' lang='grc' dir='ltr'><strong>Ὀ</strong></span> <span class='ocrx_word' id='word_1_302' title='bbox 501 2376 597 2450; x_wconf 76' lang='grc' dir='ltr'>μὲν</span> <span class='ocrx_word' id='word_1_303' title='bbox 677 2373 1026 2450; x_wconf 85' lang='grc' dir='ltr'>ἀρχάγγελος</span> <span class='ocrx_word' id='word_1_304' title='bbox 1083 2374 1132 2409; x_wconf 73' lang='grc'>⁸³</span> <span class='ocrx_word' id='word_1_305' title='bbox 1206 2373 1438 2449; x_wconf 81' lang='grc' dir='ltr'>Μιχαὴλ</span> <span class='ocrx_word' id='word_1_306' title='bbox 1521 2375 1623 2429; x_wconf 86' lang='grc' dir='ltr'>οὐκ</span> <span class='ocrx_word' id='word_1_307' title='bbox 1697 2372 2002 2447; x_wconf 82' lang='grc' dir='ltr'>ἐτόλμησεν</span> 
     </span>
    </p>
   </div>
   <div class='ocr_carea' id='block_1_43' title="bbox 339 2458 2005 2539">
    <p class='ocr_par' dir='ltr' id='par_1_43' title="bbox 339 2458 2005 2539">
     <span class='ocr_line' id='line_1_44' title="bbox 339 2458 2005 2539; baseline -0.002 -19"><span class='ocrx_word' id='word_1_308' title='bbox 339 2463 632 2539; x_wconf 74' lang='grc' dir='ltr'>ἒξενεγκεῖν</span> <span class='ocrx_word' id='word_1_309' title='bbox 723 2463 1054 2539; x_wconf 77' lang='grc' dir='ltr'>βλάσφημον</span> <span class='ocrx_word' id='word_1_310' title='bbox 1137 2461 1319 2537; x_wconf 85' lang='grc' dir='ltr'>κρίσιν</span> <span class='ocrx_word' id='word_1_311' title='bbox 1414 2462 1550 2516; x_wconf 85' lang='grc' dir='ltr'>κατᾶ</span> <span class='ocrx_word' id='word_1_312' title='bbox 1631 2465 1728 2516; x_wconf 80' lang='grc' dir='ltr'>τοῦ</span> <span class='ocrx_word' id='word_1_313' title='bbox 1818 2458 2005 2517; x_wconf 77' lang='grc' dir='ltr'>διαϐό-</span> 
     </span>
    </p>
   </div>
   <div class='ocr_carea' id='block_1_44' title="bbox 343 2546 2003 2625">
    <p class='ocr_par' dir='ltr' id='par_1_44' title="bbox 343 2546 2003 2625">
     <span class='ocr_line' id='line_1_45' title="bbox 343 2546 2003 2625; baseline -0.002 -16"><span class='ocrx_word' id='word_1_314' title='bbox 343 2552 479 2621; x_wconf 80' lang='grc' dir='ltr'>λου,</span> <span class='ocrx_word' id='word_1_315' title='bbox 520 2554 683 2625; x_wconf 74' lang='grc' dir='ltr'>ἡμεῖς</span> <span class='ocrx_word' id='word_1_316' title='bbox 731 2552 790 2606; x_wconf 74' lang='grc' dir='ltr'>δὲ</span> <span class='ocrx_word' id='word_1_317' title='bbox 817 2554 917 2621; x_wconf 80' lang='grc' dir='ltr'>τήν</span> <span class='ocrx_word' id='word_1_318' title='bbox 971 2550 1211 2622; x_wconf 77' lang='grc' dir='ltr'>ἐξουσίαν</span> <span class='ocrx_word' id='word_1_319' title='bbox 1242 2553 1289 2588; x_wconf 59' lang='grc'>⁸4</span> <span class='ocrx_word' id='word_1_320' title='bbox 1338 2546 1612 2623; x_wconf 75' lang='grc' dir='ltr'>ἐλάϐομεν</span> <span class='ocrx_word' id='word_1_321' title='bbox 1662 2555 1851 2605; x_wconf 83' lang='grc' dir='ltr'>πατεῖν</span> <span class='ocrx_word' id='word_1_322' title='bbox 1882 2549 2003 2606; x_wconf 84' lang='grc' dir='ltr'>ἐπά-</span> 
     </span>
    </p>
   </div>
   <div class='ocr_carea' id='block_1_45' title="bbox 345 2637 2007 2717">
    <p class='ocr_par' dir='ltr' id='par_1_45' title="bbox 345 2637 2007 2717">
     <span class='ocr_line' id='line_1_46' title="bbox 345 2637 2007 2717; baseline -0.001 -22"><span class='ocrx_word' id='word_1_323' title='bbox 345 2663 431 2696; x_wconf 90' lang='grc' dir='ltr'>νω</span> <span class='ocrx_word' id='word_1_324' title='bbox 481 2637 650 2717; x_wconf 67' lang='grc' dir='ltr'>ὄφεων</span> <span class='ocrx_word' id='word_1_325' title='bbox 690 2640 781 2695; x_wconf 81' lang='grc' dir='ltr'>καὶ</span> <span class='ocrx_word' id='word_1_326' title='bbox 825 2640 1101 2715; x_wconf 86' lang='grc' dir='ltr'>σκορπίων</span> <span class='ocrx_word' id='word_1_327' title='bbox 1140 2639 1230 2694; x_wconf 77' lang='grc' dir='ltr'>καὶ</span> <span class='ocrx_word' id='word_1_328' title='bbox 1278 2638 1367 2695; x_wconf 83' lang='grc' dir='ltr'>ἐπὶ</span> <span class='ocrx_word' id='word_1_329' title='bbox 1411 2645 1583 2694; x_wconf 76' lang='grc' dir='ltr'>πᾶσαν</span> <span class='ocrx_word' id='word_1_330' title='bbox 1632 2641 1732 2709; x_wconf 71' lang='grc' dir='ltr'>τὴν</span> <span class='ocrx_word' id='word_1_331' title='bbox 1783 2639 2007 2713; x_wconf 71' lang='grc' dir='ltr'>δύναμιν</span> 
     </span>
    </p>
   </div>
   <div class='ocr_carea' id='block_1_46' title="bbox 342 2726 2008 2806">
    <p class='ocr_par' dir='ltr' id='par_1_46' title="bbox 342 2726 2008 2806">
     <span class='ocr_line' id='line_1_47' title="bbox 342 2726 2008 2806; baseline -0.001 -21"><span class='ocrx_word' id='word_1_332' title='bbox 342 2734 450 2786; x_wconf 81' lang='grc' dir='ltr'>τοῦ</span> <span class='ocrx_word' id='word_1_333' title='bbox 507 2730 730 2804; x_wconf 76' lang='grc' dir='ltr'>ἐχθροῦ.</span> <span class='ocrx_word' id='word_1_334' title='bbox 781 2729 885 2787; x_wconf 79' lang='grc' dir='ltr'>Καὶ</span> <span class='ocrx_word' id='word_1_335' title='bbox 939 2728 1183 2806; x_wconf 70' lang='grc' dir='ltr'>ἀγγέλων</span> <span class='ocrx_word' id='word_1_336' title='bbox 1248 2731 1341 2803; x_wconf 77' lang='grc' dir='ltr'>μὶν</span> <span class='ocrx_word' id='word_1_337' title='bbox 1402 2726 1603 2797; x_wconf 79' lang='grc' dir='ltr'>οὐδεὶς,</span> <span class='ocrx_word' id='word_1_338' title='bbox 1653 2726 1844 2785; x_wconf 70' lang='grc' dir='ltr'>οὐδένα</span> <span class='ocrx_word' id='word_1_339' title='bbox 1884 2727 2008 2785; x_wconf 72' lang='grc' dir='ltr'>οὔτε</span> 
     </span>
    </p>
   </div>
   <div class='ocr_carea' id='block_1_47' title="bbox 345 2816 2007 2892">
    <p class='ocr_par' dir='ltr' id='par_1_47' title="bbox 345 2816 2007 2892">
     <span class='ocr_line' id='line_1_48' title="bbox 345 2816 2007 2892; baseline -0.001 -17"><span class='ocrx_word' id='word_1_340' title='bbox 345 2819 518 2883; x_wconf 83' lang='grc' dir='ltr'>αὐτὸς</span> <span class='ocrx_word' id='word_1_341' title='bbox 577 2819 791 2888; x_wconf 71' lang='grc' dir='ltr'>ἑαυτὸν,</span> <span class='ocrx_word' id='word_1_342' title='bbox 821 2819 949 2875; x_wconf 81' lang='grc' dir='ltr'>Θεὸν</span> <span class='ocrx_word' id='word_1_343' title='bbox 1005 2818 1040 2887; x_wconf 74' lang='grc' dir='ltr'><strong>ἢ</strong></span> <span class='ocrx_word' id='word_1_344' title='bbox 1093 2823 1227 2873; x_wconf 75' lang='grc' dir='ltr'>Θεοῦ</span> <span class='ocrx_word' id='word_1_345' title='bbox 1284 2819 1405 2873; x_wconf 75' lang='grc' dir='ltr'>Ῐὶὸν</span> <span class='ocrx_word' id='word_1_346' title='bbox 1454 2818 1620 2873; x_wconf 85' lang='grc' dir='ltr'>εἰπεῖν</span> <span class='ocrx_word' id='word_1_347' title='bbox 1671 2816 1731 2872; x_wconf 76' lang='grc' dir='ltr'>ἂν</span> <span class='ocrx_word' id='word_1_348' title='bbox 1781 2817 2007 2892; x_wconf 79' lang='grc' dir='ltr'>τολμή-</span> 
     </span>
    </p>
   </div>
   <div class='ocr_carea' id='block_1_48' title="bbox 348 2905 2004 2985">
    <p class='ocr_par' dir='ltr' id='par_1_48' title="bbox 348 2905 2004 2985">
     <span class='ocr_line' id='line_1_49' title="bbox 348 2905 2004 2985; baseline -0.002 -19"><span class='ocrx_word' id='word_1_349' title='bbox 348 2931 490 2966; x_wconf 86' lang='grc' dir='ltr'>σειεν</span> <span class='ocrx_word' id='word_1_350' title='bbox 521 2929 535 2943; x_wconf 77' lang='grc'><strong>⁸</strong></span> <span class='ocrx_word' id='word_1_351' title='bbox 574 2912 703 2983; x_wconf 84' lang='grc'>[592</span> <span class='ocrx_word' id='word_1_352' title='bbox 731 2911 825 2984; x_wconf 75' lang='grc' dir='ltr'>Β]</span> <span class='ocrx_word' id='word_1_353' title='bbox 875 2909 936 2963; x_wconf 84' lang='grc' dir='ltr'>τὸ</span> <span class='ocrx_word' id='word_1_354' title='bbox 969 2905 1026 2963; x_wconf 74' lang='grc' dir='ltr'>δὲ</span> <span class='ocrx_word' id='word_1_355' title='bbox 1067 2909 1335 2985; x_wconf 71' lang='grc' dir='ltr'>ἡμέτερον</span> <span class='ocrx_word' id='word_1_356' title='bbox 1373 2907 1528 2983; x_wconf 74' lang='grc' dir='ltr'>γένος</span> <span class='ocrx_word' id='word_1_357' title='bbox 1550 2909 1639 2964; x_wconf 81' lang='grc' dir='ltr'>καὶ</span> <span class='ocrx_word' id='word_1_358' title='bbox 1672 2907 1786 2964; x_wconf 82' lang='grc' dir='ltr'>θεοὶ</span> <span class='ocrx_word' id='word_1_359' title='bbox 1825 2909 1873 2944; x_wconf 80' lang='grc'>⁸⁵</span> <span class='ocrx_word' id='word_1_360' title='bbox 1914 2908 2004 2963; x_wconf 88' lang='grc' dir='ltr'>καὶ</span> 
     </span>
    </p>
   </div>
   <div class='ocr_carea' id='block_1_49' title="bbox 346 2997 2006 3074">
    <p class='ocr_par' dir='ltr' id='par_1_49' title="bbox 346 2997 2006 3074">
     <span class='ocr_line' id='line_1_50' title="bbox 346 2997 2006 3074; baseline -0.001 -19"><span class='ocrx_word' id='word_1_361' title='bbox 346 3000 463 3055; x_wconf 77' lang='grc' dir='ltr'>υἱοὶ</span> <span class='ocrx_word' id='word_1_362' title='bbox 520 2998 772 3074; x_wconf 77' lang='grc' dir='ltr'>Ὑψίστου</span> <span class='ocrx_word' id='word_1_363' title='bbox 827 2998 1169 3072; x_wconf 78' lang='grc' dir='ltr'>κεκλήμεθα.</span> <span class='ocrx_word' id='word_1_364' title='bbox 1229 2999 1332 3056; x_wconf 81' lang='grc' dir='ltr'>Καὶ</span> <span class='ocrx_word' id='word_1_365' title='bbox 1399 2999 1427 3052; x_wconf 92' lang='lat'>6</span> <span class='ocrx_word' id='word_1_366' title='bbox 1498 2999 1590 3072; x_wconf 73' lang='grc' dir='ltr'>μὲν</span> <span class='ocrx_word' id='word_1_367' title='bbox 1654 2997 1703 3054; x_wconf 81' lang='grc' dir='ltr'>ἐν</span> <span class='ocrx_word' id='word_1_368' title='bbox 1783 2997 2006 3061; x_wconf 77' lang='grc' dir='ltr'>ἐκείνοις</span> 
     </span>
    </p>
   </div>
   <div class='ocr_carea' id='block_1_50' title="bbox 344 3082 2004 3165">
    <p class='ocr_par' dir='ltr' id='par_1_50' title="bbox 344 3082 2004 3165">
     <span class='ocr_line' id='line_1_51' title="bbox 344 3082 2004 3165; baseline -0.002 -20"><span class='ocrx_word' id='word_1_369' title='bbox 344 3090 664 3165; x_wconf 71' lang='grc' dir='ltr'>Ἑωσφόρος</span> <span class='ocrx_word' id='word_1_370' title='bbox 722 3088 771 3124; x_wconf 78' lang='grc'><strong>⁸⁸</strong></span> <span class='ocrx_word' id='word_1_371' title='bbox 824 3087 1254 3162; x_wconf 83' lang='grc' dir='ltr'>ὀνομαζόμενος,</span> <span class='ocrx_word' id='word_1_372' title='bbox 1314 3088 1480 3143; x_wconf 73' lang='grc' dir='ltr'>εἰπὼν</span> <span class='ocrx_word' id='word_1_373' title='bbox 1542 3086 1735 3161; x_wconf 75' lang='grc' dir='ltr'>ὅμοιος</span> <span class='ocrx_word' id='word_1_374' title='bbox 1796 3082 2004 3144; x_wconf 77' lang='grc' dir='ltr'>ἔσεσθαι</span> 
     </span>
    </p>
   </div>
   <div class='ocr_carea' id='block_1_51' title="bbox 341 3177 2005 3251">
    <p class='ocr_par' dir='ltr' id='par_1_51' title="bbox 341 3177 2005 3251">
     <span class='ocr_line' id='line_1_52' title="bbox 341 3177 2005 3251; baseline 0 -19"><span class='ocrx_word' id='word_1_375' title='bbox 341 3181 428 3250; x_wconf 78' lang='grc' dir='ltr'>τῷ</span> <span class='ocrx_word' id='word_1_376' title='bbox 476 3178 713 3251; x_wconf 78' lang='grc' dir='ltr'>Ὑψίστῳ</span> <span class='ocrx_word' id='word_1_377' title='bbox 770 3178 859 3231; x_wconf 82' lang='grc' dir='ltr'>καὶ</span> <span class='ocrx_word' id='word_1_378' title='bbox 904 3178 997 3232; x_wconf 88' lang='grc' dir='ltr'>τὸν</span> <span class='ocrx_word' id='word_1_379' title='bbox 1045 3177 1232 3251; x_wconf 84' lang='grc' dir='ltr'>θρόνον</span> <span class='ocrx_word' id='word_1_380' title='bbox 1288 3177 1536 3249; x_wconf 79' lang='grc' dir='ltr'>ὑπεράνω</span> <span class='ocrx_word' id='word_1_381' title='bbox 1573 3180 1615 3214; x_wconf 75' lang='grc'>⁸⁷</span> <span class='ocrx_word' id='word_1_382' title='bbox 1675 3179 1845 3232; x_wconf 89' lang='grc' dir='ltr'>θεῖναι</span> <span class='ocrx_word' id='word_1_383' title='bbox 1897 3182 2005 3233; x_wconf 88' lang='grc' dir='ltr'>τῶν</span> 
     </span>
    </p>
   </div>
   <div class='ocr_carea' id='block_1_52' title="bbox 342 3266 2012 3344">
    <p class='ocr_par' dir='ltr' id='par_1_52' title="bbox 342 3266 2012 3344">
     <span class='ocr_line' id='line_1_53' title="bbox 342 3266 2012 3344; baseline -0.002 -19"><span class='ocrx_word' id='word_1_384' title='bbox 342 3269 616 3344; x_wconf 72' lang='grc' dir='ltr'>οὐρανῶν,</span> <span class='ocrx_word' id='word_1_385' title='bbox 678 3268 768 3323; x_wconf 86' lang='grc' dir='ltr'>καὶ</span> <span class='ocrx_word' id='word_1_386' title='bbox 825 3268 900 3321; x_wconf 84' lang='grc' dir='ltr'>ὧν</span> <span class='ocrx_word' id='word_1_387' title='bbox 952 3268 1067 3343; x_wconf 82' lang='grc' dir='ltr'>εἶχε</span> <span class='ocrx_word' id='word_1_388' title='bbox 1131 3266 1316 3324; x_wconf 86' lang='grc' dir='ltr'>καλων</span> <span class='ocrx_word' id='word_1_389' title='bbox 1383 3266 1626 3322; x_wconf 78' lang='grc' dir='ltr'>ἐκπεσὼν</span> <span class='ocrx_word' id='word_1_390' title='bbox 1677 3270 1768 3322; x_wconf 84' lang='grc' dir='ltr'>τὸν</span> <span class='ocrx_word' id='word_1_391' title='bbox 1840 3266 2012 3322; x_wconf 77' lang='grc' dir='ltr'>αἰῶνα</span> 
     </span>
    </p>
   </div>
   <div class='ocr_carea' id='block_1_53' title="bbox 345 3353 2010 3433">
    <p class='ocr_par' dir='ltr' id='par_1_53' title="bbox 345 3353 2010 3433">
     <span class='ocr_line' id='line_1_54' title="bbox 345 3353 2010 3433; baseline -0.002 -18"><span class='ocrx_word' id='word_1_392' title='bbox 345 3357 582 3433; x_wconf 79' lang='grc' dir='ltr'>γελᾶται</span> <span class='ocrx_word' id='word_1_393' title='bbox 636 3358 728 3412; x_wconf 88' lang='grc' dir='ltr'>καὶ</span> <span class='ocrx_word' id='word_1_394' title='bbox 785 3358 1165 3432; x_wconf 81' lang='grc' dir='ltr'>κατακρίνεται</span> <span class='ocrx_word' id='word_1_395' title='bbox 1198 3364 1213 3390; x_wconf 90' lang='lat'><strong>‘</strong></span> <span class='ocrx_word' id='word_1_396' title='bbox 1283 3358 1432 3430; x_wconf 81' lang='grc' dir='ltr'>ἡμᾶς</span> <span class='ocrx_word' id='word_1_397' title='bbox 1492 3353 1550 3411; x_wconf 70' lang='grc' dir='ltr'>δὲ</span> <span class='ocrx_word' id='word_1_398' title='bbox 1608 3356 1838 3428; x_wconf 84' lang='grc' dir='ltr'>ὁμοίους</span> <span class='ocrx_word' id='word_1_399' title='bbox 1877 3357 2010 3411; x_wconf 73' lang='grc' dir='ltr'>εἶναι</span> 
     </span>
    </p>
   </div>
   <div class='ocr_carea' id='block_1_54' title="bbox 344 3446 2013 3524">
    <p class='ocr_par' dir='ltr' id='par_1_54' title="bbox 344 3446 2013 3524">
     <span class='ocr_line' id='line_1_55' title="bbox 344 3446 2013 3524; baseline -0.002 -20"><span class='ocrx_word' id='word_1_400' title='bbox 344 3453 450 3504; x_wconf 74' lang='grc' dir='ltr'>τοῦ</span> <span class='ocrx_word' id='word_1_401' title='bbox 517 3448 729 3524; x_wconf 87' lang='grc' dir='ltr'>ΙΙατρὸς</span> <span class='ocrx_word' id='word_1_402' title='bbox 772 3447 860 3502; x_wconf 83' lang='grc' dir='ltr'>καὶ</span> <span class='ocrx_word' id='word_1_403' title='bbox 923 3446 1243 3522; x_wconf 88' lang='grc' dir='ltr'>συνθρόνους</span> <span class='ocrx_word' id='word_1_404' title='bbox 1300 3448 1546 3523; x_wconf 70' lang='grc' dir='ltr'>γενέσθαι</span> <span class='ocrx_word' id='word_1_405' title='bbox 1603 3448 1647 3484; x_wconf 76' lang='grc'>⁸⁸</span> <span class='ocrx_word' id='word_1_406' title='bbox 1718 3449 1819 3501; x_wconf 71' lang='grc' dir='ltr'>τοῦ</span> <span class='ocrx_word' id='word_1_407' title='bbox 1885 3447 2013 3501; x_wconf 73' lang='grc' dir='ltr'>Υἱοῦ</span> 
     </span>
    </p>
   </div>
   <div class='ocr_carea' id='block_1_55' title="bbox 348 3529 2014 3613">
    <p class='ocr_par' dir='ltr' id='par_1_55' title="bbox 348 3529 2014 3613">
     <span class='ocr_line' id='line_1_56' title="bbox 348 3529 2014 3613; baseline -0.002 -20"><span class='ocrx_word' id='word_1_408' title='bbox 348 3537 525 3593; x_wconf 72' lang='grc' dir='ltr'>αὐτοῦ</span> <span class='ocrx_word' id='word_1_409' title='bbox 554 3540 595 3607; x_wconf 76' lang='grc' dir='ltr'><strong>ἡ</strong></span> <span class='ocrx_word' id='word_1_410' title='bbox 631 3543 735 3607; x_wconf 79' lang='grc' dir='ltr'>τῆς</span> <span class='ocrx_word' id='word_1_411' title='bbox 765 3534 1028 3607; x_wconf 82' lang='grc' dir='ltr'>ἀληθείας</span> <span class='ocrx_word' id='word_1_412' title='bbox 1082 3539 1268 3613; x_wconf 79' lang='grc' dir='ltr'>ψῆφος</span> <span class='ocrx_word' id='word_1_413' title='bbox 1298 3536 1398 3604; x_wconf 72' lang='grc' dir='ltr'>τὴν</span> <span class='ocrx_word' id='word_1_414' title='bbox 1450 3532 1631 3590; x_wconf 76' lang='grc' dir='ltr'>ἄδειαν</span> <span class='ocrx_word' id='word_1_415' title='bbox 1676 3529 1866 3593; x_wconf 78' lang='grc' dir='ltr'>ἔδωκε.</span> <span class='ocrx_word' id='word_1_416' title='bbox 1912 3534 2014 3591; x_wconf 84' lang='grc' dir='ltr'>Καὶ</span> 
     </span>
    </p>
   </div>
   <div class='ocr_carea' id='block_1_56' title="bbox 347 3625 2013 3702">
    <p class='ocr_par' dir='ltr' id='par_1_56' title="bbox 347 3625 2013 3702">
     <span class='ocr_line' id='line_1_57' title="bbox 347 3625 2013 3702; baseline -0.002 -19"><span class='ocrx_word' id='word_1_417' title='bbox 347 3629 420 3684; x_wconf 78' lang='grc' dir='ltr'>τὸ</span> <span class='ocrx_word' id='word_1_418' title='bbox 491 3632 677 3701; x_wconf 84' lang='grc' dir='ltr'>μεῖζον</span> <span class='ocrx_word' id='word_1_419' title='bbox 740 3645 754 3659; x_wconf 75' lang='grc' dir='ltr'><strong>ο</strong></span> <span class='ocrx_word' id='word_1_420' title='bbox 816 3628 1110 3702; x_wconf 79' lang='grc' dir='ltr'>Συνήγειρε</span> <span class='ocrx_word' id='word_1_421' title='bbox 1164 3627 1210 3662; x_wconf 79' lang='grc'>⁶⁹</span> <span class='ocrx_word' id='word_1_422' title='bbox 1283 3625 1374 3683; x_wconf 86' lang='grc' dir='ltr'>καὶ</span> <span class='ocrx_word' id='word_1_423' title='bbox 1451 3625 1790 3679; x_wconf 85' lang='grc' dir='ltr'>συνεκάθισεν</span> <span class='ocrx_word' id='word_1_424' title='bbox 1864 3626 2013 3698; x_wconf 75' lang='grc' dir='ltr'>ἡμᾶς</span> 
     </span>
    </p>
   </div>
   <div class='ocr_carea' id='block_1_57' title="bbox 352 3713 2013 3791">
    <p class='ocr_par' dir='ltr' id='par_1_57' title="bbox 352 3713 2013 3791">
     <span class='ocr_line' id='line_1_58' title="bbox 352 3713 2013 3791; baseline -0.004 -17"><span class='ocrx_word' id='word_1_425' title='bbox 352 3718 413 3774; x_wconf 79' lang='grc' dir='ltr'>ἒν</span> <span class='ocrx_word' id='word_1_426' title='bbox 469 3722 587 3778; x_wconf 87' lang='grc' dir='ltr'>τοῖς</span> <span class='ocrx_word' id='word_1_427' title='bbox 654 3714 1002 3791; x_wconf 80' lang='grc' dir='ltr'>ἐπουρανίοις</span> <span class='ocrx_word' id='word_1_428' title='bbox 1058 3714 1113 3770; x_wconf 75' lang='grc' dir='ltr'>ἐν</span> <span class='ocrx_word' id='word_1_429' title='bbox 1191 3718 1418 3790; x_wconf 85' lang='grc' dir='ltr'>Χριστῷ</span> <span class='ocrx_word' id='word_1_430' title='bbox 1479 3718 1684 3785; x_wconf 80' lang='grc' dir='ltr'>Ἰησοῦ,</span> <span class='ocrx_word' id='word_1_431' title='bbox 1752 3714 1882 3780; x_wconf 79' lang='grc' dir='ltr'>Καὶ,</span> <span class='ocrx_word' id='word_1_432' title='bbox 1949 3713 2013 3770; x_wconf 78' lang='lat' dir='ltr'>El</span> 
     </span>
    </p>
   </div>
   <div class='ocr_carea' id='block_1_58' title="bbox 356 3798 2010 3881">
    <p class='ocr_par' dir='ltr' id='par_1_58' title="bbox 356 3798 2010 3881">
     <span class='ocr_line' id='line_1_59' title="bbox 356 3798 2010 3881; baseline -0.004 -17"><span class='ocrx_word' id='word_1_433' title='bbox 356 3807 705 3881; x_wconf 69' lang='grc' dir='ltr'>ὑπομένομεν</span> <span class='ocrx_word' id='word_1_434' title='bbox 759 3805 829 3875; x_wconf 80' lang='lat'>7°,</span> <span class='ocrx_word' id='word_1_435' title='bbox 887 3805 975 3861; x_wconf 78' lang='grc' dir='ltr'>καὶ</span> <span class='ocrx_word' id='word_1_436' title='bbox 1051 3798 1586 3879; x_wconf 73' lang='grc' dir='ltr'>συμϐασιλεύσομεν.</span> <span class='ocrx_word' id='word_1_437' title='bbox 1652 3801 1775 3873; x_wconf 74' lang='grc' dir='ltr'>Καὶ,</span> <span class='ocrx_word' id='word_1_438' title='bbox 1850 3800 2010 3858; x_wconf 65' lang='grc' dir='ltr'>Οἶδα·</span> 
     </span>
    </p>
   </div>
   <div class='ocr_carea' id='block_1_59' title="bbox 359 3889 2014 3971">
    <p class='ocr_par' dir='ltr' id='par_1_59' title="bbox 359 3889 2014 3971">
     <span class='ocr_line' id='line_1_60' title="bbox 359 3889 2014 3971; baseline -0.002 -20"><span class='ocrx_word' id='word_1_439' title='bbox 359 3918 460 3971; x_wconf 85' lang='grc' dir='ltr'>μεν</span> <span class='ocrx_word' id='word_1_440' title='bbox 495 3899 564 3967; x_wconf 73' lang='grc' dir='ltr'>τι,</span> <span class='ocrx_word' id='word_1_441' title='bbox 595 3893 761 3950; x_wconf 86' lang='grc' dir='ltr'>πάλιν</span> <span class='ocrx_word' id='word_1_442' title='bbox 794 3892 969 3955; x_wconf 76' lang='grc' dir='ltr'>ἄλλος</span> <span class='ocrx_word' id='word_1_443' title='bbox 998 3897 1106 3949; x_wconf 87' lang='grc' dir='ltr'>τῶν</span> <span class='ocrx_word' id='word_1_444' title='bbox 1140 3894 1399 3966; x_wconf 84' lang='grc' dir='ltr'>μαθητῶν</span> <span class='ocrx_word' id='word_1_445' title='bbox 1446 3889 1894 3967; x_wconf 76' lang='grc' dir='ltr'>διαμαρτύρεται,</span> <span class='ocrx_word' id='word_1_446' title='bbox 1929 3890 2014 3947; x_wconf 78' lang='grc' dir='ltr'>ὅτι</span> 
     </span>
    </p>
   </div>
   <div class='ocr_carea' id='block_1_60' title="bbox 354 3981 2015 4064">
    <p class='ocr_par' dir='ltr' id='par_1_60' title="bbox 354 3981 2015 4064">
     <span class='ocr_line' id='line_1_61' title="bbox 354 3981 2015 4064; baseline -0.004 -21"><span class='ocrx_word' id='word_1_447' title='bbox 354 3986 448 4043; x_wconf 72' lang='grc' dir='ltr'>ἒάν</span> <span class='ocrx_word' id='word_1_448' title='bbox 506 3986 815 4064; x_wconf 73' lang='grc' dir='ltr'>φανερωθῇ,</span> <span class='ocrx_word' id='word_1_449' title='bbox 877 3984 1065 4056; x_wconf 82' lang='grc' dir='ltr'>ὅμοιοι</span> <span class='ocrx_word' id='word_1_450' title='bbox 1142 3981 1290 4054; x_wconf 80' lang='grc' dir='ltr'>αὐτῷ</span> <span class='ocrx_word' id='word_1_451' title='bbox 1362 3981 1613 4055; x_wconf 68' lang='grc' dir='ltr'>ἐσόμεθα,</span> <span class='ocrx_word' id='word_1_452' title='bbox 1673 3982 1835 4036; x_wconf 78' lang='grc' dir='ltr'>Ὥστε</span> <span class='ocrx_word' id='word_1_453' title='bbox 1898 3986 2015 4043; x_wconf 88' lang='grc' dir='ltr'>τοῖς</span> 
     </span>
    </p>
   </div>
   <div class='ocr_carea' id='block_1_61' title="bbox 355 4068 2015 4153">
    <p class='ocr_par' dir='ltr' id='par_1_61' title="bbox 355 4068 2015 4153">
     <span class='ocr_line' id='line_1_62' title="bbox 355 4068 2015 4153; baseline -0.004 -21"><span class='ocrx_word' id='word_1_454' title='bbox 355 4072 732 4153; x_wconf 78' lang='grc' dir='ltr'>βουλομένοις</span> <span class='ocrx_word' id='word_1_455' title='bbox 770 4069 921 4148; x_wconf 78' lang='grc' dir='ltr'>ἔχειν</span> <span class='ocrx_word' id='word_1_456' title='bbox 976 4072 1067 4127; x_wconf 86' lang='grc' dir='ltr'>καὶ</span> <span class='ocrx_word' id='word_1_457' title='bbox 1113 4073 1212 4142; x_wconf 79' lang='grc' dir='ltr'>τὴν</span> <span class='ocrx_word' id='word_1_458' title='bbox 1266 4071 1516 4147; x_wconf 81' lang='grc' dir='ltr'>ἀγγέλων</span> <span class='ocrx_word' id='word_1_459' title='bbox 1566 4072 1737 4144; x_wconf 76' lang='grc' dir='ltr'>τιμὴν</span> <span class='ocrx_word' id='word_1_460' title='bbox 1787 4068 1895 4141; x_wconf 67' lang='grc' dir='ltr'>ἤδη</span> <span class='ocrx_word' id='word_1_461' title='bbox 1928 4091 2015 4125; x_wconf 86' lang='grc' dir='ltr'>κε-</span> 
     </span>
    </p>
   </div>
   <div class='ocr_carea' id='block_1_62' title="bbox 355 4168 646 4242">
    <p class='ocr_par' dir='ltr' id='par_1_62' title="bbox 355 4168 646 4242">
     <span class='ocr_line' id='line_1_63' title="bbox 355 4168 646 4242; baseline -0.003 -19"><span class='ocrx_word' id='word_1_462' title='bbox 355 4168 646 4242; x_wconf 57' lang='grc' dir='ltr'>[ἄρισται.</span> 
     </span>
    </p>
   </div>
   <div class='ocr_carea' id='block_1_63' title="bbox 2110 1840 3755 1917">
    <p class='ocr_par' dir='ltr' id='par_1_63' title="bbox 2110 1840 3755 1917">
     <span class='ocr_line' id='line_1_64' title="bbox 2110 1840 3755 1917; baseline 0.005 -24"><span class='ocrx_word' id='word_1_463' title='bbox 2110 1840 2457 1896; x_wconf 82' lang='lat' dir='ltr'>defecerunt.</span> <span class='ocrx_word' id='word_1_464' title='bbox 2492 1840 2705 1896; x_wconf 88' lang='lat' dir='ltr'>Verum</span> <span class='ocrx_word' id='word_1_465' title='bbox 2740 1843 3034 1913; x_wconf 88' lang='lat' dir='ltr'>quomodo</span> <span class='ocrx_word' id='word_1_466' title='bbox 3061 1843 3233 1900; x_wconf 89' lang='lat' dir='ltr'>nobis</span> <span class='ocrx_word' id='word_1_467' title='bbox 3263 1844 3533 1916; x_wconf 83' lang='lat' dir='ltr'>expedire</span> <span class='ocrx_word' id='word_1_468' title='bbox 3566 1845 3755 1917; x_wconf 89' lang='lat' dir='ltr'>magis</span> 
     </span>
    </p>
   </div>
   <div class='ocr_carea' id='block_1_64' title="bbox 2112 1928 3753 2006">
    <p class='ocr_par' dir='ltr' id='par_1_64' title="bbox 2112 1928 3753 2006">
     <span class='ocr_line' id='line_1_65' title="bbox 2112 1928 3753 2006; baseline 0.005 -25"><span class='ocrx_word' id='word_1_469' title='bbox 2112 1928 2298 1998; x_wconf 89' lang='lat' dir='ltr'>possit</span> <span class='ocrx_word' id='word_1_470' title='bbox 2327 1928 2665 1999; x_wconf 83' lang='lat' dir='ltr'>angelorum</span> <span class='ocrx_word' id='word_1_471' title='bbox 2697 1931 3027 1987; x_wconf 89' lang='lat' dir='ltr'>conditione</span> <span class='ocrx_word' id='word_1_472' title='bbox 3056 1933 3319 2004; x_wconf 89' lang='lat' dir='ltr'>produci,</span> <span class='ocrx_word' id='word_1_473' title='bbox 3354 1934 3588 2005; x_wconf 86' lang='lat' dir='ltr'>quando</span> <span class='ocrx_word' id='word_1_474' title='bbox 3619 1949 3753 2006; x_wconf 89' lang='lat' dir='ltr'>pec-</span> 
     </span>
    </p>
   </div>
   <div class='ocr_carea' id='block_1_65' title="bbox 2112 2017 3750 2094">
    <p class='ocr_par' dir='ltr' id='par_1_65' title="bbox 2112 2017 3750 2094">
     <span class='ocr_line' id='line_1_66' title="bbox 2112 2017 3750 2094; baseline 0.005 -24"><span class='ocrx_word' id='word_1_475' title='bbox 2112 2020 2307 2071; x_wconf 90' lang='lat' dir='ltr'>catum</span> <span class='ocrx_word' id='word_1_476' title='bbox 2358 2017 2618 2089; x_wconf 82' lang='lat' dir='ltr'>ipsorum</span> <span class='ocrx_word' id='word_1_477' title='bbox 2666 2019 3063 2088; x_wconf 77' lang='lat' dir='ltr'>pmnitentiam</span> <span class='ocrx_word' id='word_1_478' title='bbox 3107 2037 3223 2077; x_wconf 93' lang='lat' dir='ltr'>non</span> <span class='ocrx_word' id='word_1_479' title='bbox 3265 2022 3494 2094; x_wconf 85' lang='lat' dir='ltr'>recipit,</span> <span class='ocrx_word' id='word_1_480' title='bbox 3527 2026 3583 2079; x_wconf 90' lang='lat' dir='ltr'>et</span> <span class='ocrx_word' id='word_1_481' title='bbox 3615 2040 3750 2094; x_wconf 88' lang='lat' dir='ltr'>pro-</span> 
     </span>
    </p>
   </div>
   <div class='ocr_carea' id='block_1_66' title="bbox 2111 2107 3754 2180">
    <p class='ocr_par' dir='ltr' id='par_1_66' title="bbox 2111 2107 3754 2180">
     <span class='ocr_line' id='line_1_67' title="bbox 2111 2107 3754 2180; baseline 0.003 -19"><span class='ocrx_word' id='word_1_482' title='bbox 2111 2110 2310 2178; x_wconf 88' lang='lat' dir='ltr'>pterea</span> <span class='ocrx_word' id='word_1_483' title='bbox 2337 2107 2498 2161; x_wconf 88' lang='lat' dir='ltr'>omni</span> <span class='ocrx_word' id='word_1_484' title='bbox 2529 2123 2758 2180; x_wconf 90' lang='lat' dir='ltr'>quoque</span> <span class='ocrx_word' id='word_1_485' title='bbox 2789 2108 2953 2164; x_wconf 89' lang='lat' dir='ltr'>venia</span> <span class='ocrx_word' id='word_1_486' title='bbox 2996 2113 3225 2165; x_wconf 86' lang='lat' dir='ltr'>careat:</span> <span class='ocrx_word' id='word_1_487' title='bbox 3262 2114 3525 2167; x_wconf 87' lang='lat' dir='ltr'>nostrum</span> <span class='ocrx_word' id='word_1_488' title='bbox 3558 2118 3754 2167; x_wconf 88' lang='lat' dir='ltr'>autem</span> 
     </span>
    </p>
   </div>
   <div class='ocr_carea' id='block_1_67' title="bbox 2112 2195 3753 2270">
    <p class='ocr_par' dir='ltr' id='par_1_67' title="bbox 2112 2195 3753 2270">
     <span class='ocr_line' id='line_1_68' title="bbox 2112 2195 3753 2270; baseline 0.002 -18"><span class='ocrx_word' id='word_1_489' title='bbox 2112 2195 2355 2252; x_wconf 88' lang='lat' dir='ltr'>mortale</span> <span class='ocrx_word' id='word_1_490' title='bbox 2384 2211 2570 2267; x_wconf 86' lang='lat' dir='ltr'>genus</span> <span class='ocrx_word' id='word_1_491' title='bbox 2592 2197 2764 2253; x_wconf 87' lang='lat' dir='ltr'>etiam</span> <span class='ocrx_word' id='word_1_492' title='bbox 2797 2212 3044 2270; x_wconf 87' lang='lat' dir='ltr'>peccans</span> <span class='ocrx_word' id='word_1_493' title='bbox 3070 2214 3172 2270; x_wconf 90' lang='lat' dir='ltr'>per</span> <span class='ocrx_word' id='word_1_494' title='bbox 3201 2199 3602 2270; x_wconf 82' lang='lat' dir='ltr'>paenitentiam</span> <span class='ocrx_word' id='word_1_495' title='bbox 3627 2216 3753 2255; x_wconf 88' lang='lat' dir='ltr'>rur-</span> 
     </span>
    </p>
   </div>
   <div class='ocr_carea' id='block_1_68' title="bbox 2112 2285 3753 2359">
    <p class='ocr_par' dir='ltr' id='par_1_68' title="bbox 2112 2285 3753 2359">
     <span class='ocr_line' id='line_1_69' title="bbox 2112 2285 3753 2359; baseline 0.003 -20"><span class='ocrx_word' id='word_1_496' title='bbox 2112 2302 2241 2341; x_wconf 87' lang='lat' dir='ltr'>sum</span> <span class='ocrx_word' id='word_1_497' title='bbox 2273 2285 2582 2356; x_wconf 78' lang='lat' dir='ltr'>resurgat?</span> <span class='ocrx_word' id='word_1_498' title='bbox 2611 2287 2678 2341; x_wconf 89' lang='lat' dir='ltr'>Et</span> <span class='ocrx_word' id='word_1_499' title='bbox 2712 2290 2865 2342; x_wconf 88' lang='lat' dir='ltr'>certe</span> <span class='ocrx_word' id='word_1_500' title='bbox 2894 2291 3027 2359; x_wconf 83' lang='lat' dir='ltr'>post</span> <span class='ocrx_word' id='word_1_501' title='bbox 3046 2287 3259 2343; x_wconf 88' lang='lat' dir='ltr'>Christi</span> <span class='ocrx_word' id='word_1_502' title='bbox 3284 2288 3519 2344; x_wconf 90' lang='lat' dir='ltr'>Domini</span> <span class='ocrx_word' id='word_1_503' title='bbox 3541 2289 3753 2344; x_wconf 89' lang='lat' dir='ltr'>adven-</span> 
     </span>
    </p>
   </div>
   <div class='ocr_carea' id='block_1_69' title="bbox 2113 2374 3751 2447">
    <p class='ocr_par' dir='ltr' id='par_1_69' title="bbox 2113 2374 3751 2447">
     <span class='ocr_line' id='line_1_70' title="bbox 2113 2374 3751 2447; baseline 0.001 -16"><span class='ocrx_word' id='word_1_504' title='bbox 2113 2380 2257 2441; x_wconf 90' lang='lat' dir='ltr'>tum,</span> <span class='ocrx_word' id='word_1_505' title='bbox 2283 2375 2539 2432; x_wconf 87' lang='lat' dir='ltr'>etiamin</span> <span class='ocrx_word' id='word_1_506' title='bbox 2564 2374 2902 2431; x_wconf 89' lang='lat' dir='ltr'>hominibus</span> <span class='ocrx_word' id='word_1_507' title='bbox 2928 2377 3149 2447; x_wconf 89' lang='lat' dir='ltr'>majora</span> <span class='ocrx_word' id='word_1_508' title='bbox 3170 2394 3346 2447; x_wconf 84' lang='lat' dir='ltr'>Opera</span> <span class='ocrx_word' id='word_1_509' title='bbox 3375 2378 3566 2435; x_wconf 84' lang='lat' dir='ltr'>videre</span> <span class='ocrx_word' id='word_1_510' title='bbox 3596 2378 3751 2443; x_wconf 88' lang='lat' dir='ltr'>licet,</span> 
     </span>
    </p>
   </div>
   <div class='ocr_carea' id='block_1_70' title="bbox 2114 2463 3755 2537">
    <p class='ocr_par' dir='ltr' id='par_1_70' title="bbox 2114 2463 3755 2537">
     <span class='ocr_line' id='line_1_71' title="bbox 2114 2463 3755 2537; baseline 0.001 -19"><span class='ocrx_word' id='word_1_511' title='bbox 2114 2480 2290 2536; x_wconf 87' lang='lat' dir='ltr'>quam</span> <span class='ocrx_word' id='word_1_512' title='bbox 2337 2480 2701 2536; x_wconf 73' lang='lat' dir='ltr'>quazcunque</span> <span class='ocrx_word' id='word_1_513' title='bbox 2732 2464 2804 2519; x_wconf 88' lang='lat' dir='ltr'>ab</span> <span class='ocrx_word' id='word_1_514' title='bbox 2846 2463 3072 2535; x_wconf 86' lang='lat' dir='ltr'>angelis</span> <span class='ocrx_word' id='word_1_515' title='bbox 3112 2465 3298 2521; x_wconf 82' lang='lat' dir='ltr'>ﬁunt:</span> <span class='ocrx_word' id='word_1_516' title='bbox 3347 2469 3478 2522; x_wconf 85' lang='lat' dir='ltr'>Ecce</span> <span class='ocrx_word' id='word_1_517' title='bbox 3515 2482 3607 2537; x_wconf 86' lang='lat' dir='ltr'>ego</span> <span class='ocrx_word' id='word_1_518' title='bbox 3636 2465 3755 2520; x_wconf 83' lang='lat' dir='ltr'>dico</span> 
     </span>
    </p>
   </div>
   <div class='ocr_carea' id='block_1_71' title="bbox 2112 2552 3756 2625">
    <p class='ocr_par' dir='ltr' id='par_1_71' title="bbox 2112 2552 3756 2625">
     <span class='ocr_line' id='line_1_72' title="bbox 2112 2552 3756 2625; baseline 0.001 -17"><span class='ocrx_word' id='word_1_519' title='bbox 2112 2553 2260 2608; x_wconf 84' lang='lat' dir='ltr'>vobis</span> <span class='ocrx_word' id='word_1_520' title='bbox 2281 2552 2494 2624; x_wconf 89' lang='lat' dir='ltr'>(inquit</span> <span class='ocrx_word' id='word_1_521' title='bbox 2514 2553 2765 2621; x_wconf 84' lang='lat' dir='ltr'>Paulus),</span> <span class='ocrx_word' id='word_1_522' title='bbox 2792 2552 2920 2608; x_wconf 78' lang='lat' dir='ltr'>licet</span> <span class='ocrx_word' id='word_1_523' title='bbox 2939 2553 3164 2624; x_wconf 83' lang='lat' dir='ltr'>angelus</span> <span class='ocrx_word' id='word_1_524' title='bbox 3186 2552 3251 2609; x_wconf 88' lang='lat' dir='ltr'>de</span> <span class='ocrx_word' id='word_1_525' title='bbox 3269 2555 3398 2609; x_wconf 66' lang='lat' dir='ltr'>calo</span> <span class='ocrx_word' id='word_1_526' title='bbox 3418 2554 3756 2625; x_wconf 66' lang='lat' dir='ltr'>evangelixet</span> 
     </span>
    </p>
   </div>
   <div class='ocr_carea' id='block_1_72' title="bbox 2111 2641 3746 2713">
    <p class='ocr_par' dir='ltr' id='par_1_72' title="bbox 2111 2641 3746 2713">
     <span class='ocr_line' id='line_1_73' title="bbox 2111 2641 3746 2713; baseline -0.001 -16"><span class='ocrx_word' id='word_1_527' title='bbox 2111 2643 2279 2710; x_wconf 83' lang='lat' dir='ltr'>vobis,</span> <span class='ocrx_word' id='word_1_528' title='bbox 2327 2650 2527 2713; x_wconf 72' lang='lat' dir='ltr'>praeter</span> <span class='ocrx_word' id='word_1_529' title='bbox 2573 2641 2652 2708; x_wconf 86' lang='lat' dir='ltr'>id,</span> <span class='ocrx_word' id='word_1_530' title='bbox 2700 2642 2849 2712; x_wconf 87' lang='lat' dir='ltr'>quod</span> <span class='ocrx_word' id='word_1_531' title='bbox 2895 2642 3200 2711; x_wconf 83' lang='lat' dir='ltr'>accepistis,</span> <span class='ocrx_word' id='word_1_532' title='bbox 3241 2642 3537 2698; x_wconf 82' lang='lat' dir='ltr'>anathema</span> <span class='ocrx_word' id='word_1_533' title='bbox 3578 2641 3652 2698; x_wconf 79' lang='lat' dir='ltr'>sit</span> <span class='ocrx_word' id='word_1_534' title='bbox 3681 2642 3746 2696; x_wconf 68' lang='grc' dir='ltr'>ιδ.</span> 
     </span>
    </p>
   </div>
   <div class='ocr_carea' id='block_1_73' title="bbox 2112 2731 3757 2804">
    <p class='ocr_par' dir='ltr' id='par_1_73' title="bbox 2112 2731 3757 2804">
     <span class='ocr_line' id='line_1_74' title="bbox 2112 2731 3757 2804; baseline 0 -18"><span class='ocrx_word' id='word_1_535' title='bbox 2112 2731 2184 2786; x_wconf 84' lang='grc' dir='ltr'>Ει</span> <span class='ocrx_word' id='word_1_536' title='bbox 2232 2731 2484 2786; x_wconf 86' lang='lat' dir='ltr'>iterum:</span> <span class='ocrx_word' id='word_1_537' title='bbox 2534 2731 2762 2787; x_wconf 82' lang='lat' dir='ltr'>Michael</span> <span class='ocrx_word' id='word_1_538' title='bbox 2817 2732 3035 2803; x_wconf 79' lang='lat' dir='ltr'>quidem</span> <span class='ocrx_word' id='word_1_539' title='bbox 3089 2732 3462 2804; x_wconf 83' lang='lat' dir='ltr'>archangelus</span> <span class='ocrx_word' id='word_1_540' title='bbox 3518 2746 3628 2787; x_wconf 80' lang='lat' dir='ltr'>non</span> <span class='ocrx_word' id='word_1_541' title='bbox 3675 2736 3757 2787; x_wconf 79' lang='lat' dir='ltr'>est</span> 
     </span>
    </p>
   </div>
   <div class='ocr_carea' id='block_1_74' title="bbox 2118 2819 3758 2893">
    <p class='ocr_par' dir='ltr' id='par_1_74' title="bbox 2118 2819 3758 2893">
     <span class='ocr_line' id='line_1_75' title="bbox 2118 2819 3758 2893; baseline 0 -18"><span class='ocrx_word' id='word_1_542' title='bbox 2118 2836 2283 2876; x_wconf 85' lang='lat' dir='ltr'>ausus</span> <span class='ocrx_word' id='word_1_543' title='bbox 2305 2820 2582 2893; x_wconf 83' lang='lat' dir='ltr'>judicium</span> <span class='ocrx_word' id='word_1_544' title='bbox 2622 2822 2831 2891; x_wconf 85' lang='lat' dir='ltr'>in/erre</span> <span class='ocrx_word' id='word_1_545' title='bbox 2883 2821 3230 2892; x_wconf 74' lang='lat' dir='ltr'>blasphemia:</span> <span class='ocrx_word' id='word_1_546' title='bbox 3266 2819 3483 2876; x_wconf 84' lang='lat' dir='ltr'>diabolo</span> <span class='ocrx_word' id='word_1_547' title='bbox 3519 2819 3602 2888; x_wconf 72' lang='grc' dir='ltr'>³ος</span> <span class='ocrx_word' id='word_1_548' title='bbox 3649 2835 3758 2875; x_wconf 88' lang='lat' dir='ltr'>nos</span> 
     </span>
    </p>
   </div>
   <div class='ocr_carea' id='block_1_75' title="bbox 2115 2909 3759 2981">
    <p class='ocr_par' dir='ltr' id='par_1_75' title="bbox 2115 2909 3759 2981">
     <span class='ocr_line' id='line_1_76' title="bbox 2115 2909 3759 2981; baseline -0.001 -17"><span class='ocrx_word' id='word_1_549' title='bbox 2115 2926 2248 2966; x_wconf 88' lang='lat' dir='ltr'>vero</span> <span class='ocrx_word' id='word_1_550' title='bbox 2299 2909 2630 2981; x_wconf 89' lang='lat' dir='ltr'>accepimus</span> <span class='ocrx_word' id='word_1_551' title='bbox 2692 2913 3039 2981; x_wconf 90' lang='lat' dir='ltr'>potestatem</span> <span class='ocrx_word' id='word_1_552' title='bbox 3085 2909 3349 2966; x_wconf 87' lang='lat' dir='ltr'>calcandi</span> <span class='ocrx_word' id='word_1_553' title='bbox 3399 2926 3578 2979; x_wconf 88' lang='lat' dir='ltr'>supra</span> <span class='ocrx_word' id='word_1_554' title='bbox 3629 2923 3759 2964; x_wconf 84' lang='lat' dir='ltr'>ser-</span> 
     </span>
    </p>
   </div>
   <div class='ocr_carea' id='block_1_76' title="bbox 2119 2997 3757 3071">
    <p class='ocr_par' dir='ltr' id='par_1_76' title="bbox 2119 2997 3757 3071">
     <span class='ocr_line' id='line_1_77' title="bbox 2119 2997 3757 3071; baseline -0.001 -18"><span class='ocrx_word' id='word_1_555' title='bbox 2119 3003 2322 3070; x_wconf 89' lang='lat' dir='ltr'>pentes</span> <span class='ocrx_word' id='word_1_556' title='bbox 2369 3004 2427 3055; x_wconf 87' lang='lat' dir='ltr'>et</span> <span class='ocrx_word' id='word_1_557' title='bbox 2474 2998 2832 3071; x_wconf 87' lang='lat' dir='ltr'>scorpiones,</span> <span class='ocrx_word' id='word_1_558' title='bbox 2883 3003 2939 3054; x_wconf 87' lang='lat' dir='ltr'>et</span> <span class='ocrx_word' id='word_1_559' title='bbox 2982 3015 3159 3071; x_wconf 90' lang='lat' dir='ltr'>super</span> <span class='ocrx_word' id='word_1_560' title='bbox 3205 3014 3437 3055; x_wconf 90' lang='lat' dir='ltr'>omnem</span> <span class='ocrx_word' id='word_1_561' title='bbox 3483 2997 3757 3054; x_wconf 89' lang='lat' dir='ltr'>virtutem</span> 
     </span>
    </p>
   </div>
   <div class='ocr_carea' id='block_1_77' title="bbox 2116 3085 3758 3161">
    <p class='ocr_par' dir='ltr' id='par_1_77' title="bbox 2116 3085 3758 3161">
     <span class='ocr_line' id='line_1_78' title="bbox 2116 3085 3758 3161; baseline -0.002 -17"><span class='ocrx_word' id='word_1_562' title='bbox 2116 3088 2341 3145; x_wconf 84' lang='lat' dir='ltr'>inimici</span> <span class='ocrx_word' id='word_1_563' title='bbox 2366 3086 2430 3141; x_wconf 63' lang='lat'>27.</span> <span class='ocrx_word' id='word_1_564' title='bbox 2465 3092 2662 3159; x_wconf 82' lang='lat' dir='ltr'>Neque</span> <span class='ocrx_word' id='word_1_565' title='bbox 2681 3087 3021 3160; x_wconf 87' lang='lat' dir='ltr'>angelorum</span> <span class='ocrx_word' id='word_1_566' title='bbox 3046 3088 3362 3161; x_wconf 85' lang='lat' dir='ltr'>quisquam</span> <span class='ocrx_word' id='word_1_567' title='bbox 3384 3103 3445 3143; x_wconf 91' lang='lat' dir='ltr'>so</span> <span class='ocrx_word' id='word_1_568' title='bbox 3468 3087 3553 3143; x_wconf 84' lang='lat' dir='ltr'>vel</span> <span class='ocrx_word' id='word_1_569' title='bbox 3576 3085 3758 3143; x_wconf 88' lang='lat' dir='ltr'>alium</span> 
     </span>
    </p>
   </div>
   <div class='ocr_carea' id='block_1_78' title="bbox 2118 3175 3761 3248">
    <p class='ocr_par' dir='ltr' id='par_1_78' title="bbox 2118 3175 3761 3248">
     <span class='ocr_line' id='line_1_79' title="bbox 2118 3175 3761 3248; baseline -0.002 -14"><span class='ocrx_word' id='word_1_570' title='bbox 2118 3195 2296 3234; x_wconf 88' lang='lat' dir='ltr'>ausus</span> <span class='ocrx_word' id='word_1_571' title='bbox 2328 3182 2416 3233; x_wconf 89' lang='lat' dir='ltr'>est</span> <span class='ocrx_word' id='word_1_572' title='bbox 2448 3182 2654 3248; x_wconf 90' lang='lat' dir='ltr'>Deum,</span> <span class='ocrx_word' id='word_1_573' title='bbox 2687 3182 2789 3233; x_wconf 89' lang='lat' dir='ltr'>aut</span> <span class='ocrx_word' id='word_1_574' title='bbox 2826 3176 2928 3234; x_wconf 91' lang='lat' dir='ltr'>Dei</span> <span class='ocrx_word' id='word_1_575' title='bbox 2959 3176 3169 3232; x_wconf 88' lang='lat' dir='ltr'>Filium</span> <span class='ocrx_word' id='word_1_576' title='bbox 3213 3175 3544 3248; x_wconf 87' lang='lat' dir='ltr'>appellare:</span> <span class='ocrx_word' id='word_1_577' title='bbox 3579 3175 3761 3231; x_wconf 87' lang='lat' dir='ltr'>homi-</span> 
     </span>
    </p>
   </div>
   <div class='ocr_carea' id='block_1_79' title="bbox 2120 3264 3756 3339">
    <p class='ocr_par' dir='ltr' id='par_1_79' title="bbox 2120 3264 3756 3339">
     <span class='ocr_line' id='line_1_80' title="bbox 2120 3264 3756 3339; baseline -0.003 -15"><span class='ocrx_word' id='word_1_578' title='bbox 2120 3284 2262 3324; x_wconf 91' lang='lat' dir='ltr'>num</span> <span class='ocrx_word' id='word_1_579' title='bbox 2294 3283 2428 3323; x_wconf 89' lang='lat' dir='ltr'>vero</span> <span class='ocrx_word' id='word_1_580' title='bbox 2477 3283 2684 3339; x_wconf 88' lang='lat' dir='ltr'>genus,</span> <span class='ocrx_word' id='word_1_581' title='bbox 2724 3271 2781 3323; x_wconf 91' lang='lat' dir='ltr'>et</span> <span class='ocrx_word' id='word_1_582' title='bbox 2822 3266 2904 3322; x_wconf 89' lang='lat' dir='ltr'>dii</span> <span class='ocrx_word' id='word_1_583' title='bbox 2940 3271 2997 3322; x_wconf 89' lang='lat' dir='ltr'>et</span> <span class='ocrx_word' id='word_1_584' title='bbox 3027 3266 3129 3322; x_wconf 86' lang='lat' dir='ltr'>lilii</span> <span class='ocrx_word' id='word_1_585' title='bbox 3160 3265 3259 3321; x_wconf 91' lang='lat' dir='ltr'>Dei</span> <span class='ocrx_word' id='word_1_586' title='bbox 3292 3265 3668 3320; x_wconf 89' lang='lat' dir='ltr'>nominamur</span> <span class='ocrx_word' id='word_1_587' title='bbox 3689 3264 3756 3319; x_wconf 76' lang='lat'>&quot;.</span> 
     </span>
    </p>
   </div>
   <div class='ocr_carea' id='block_1_80' title="bbox 2120 3351 3761 3426">
    <p class='ocr_par' dir='ltr' id='par_1_80' title="bbox 2120 3351 3761 3426">
     <span class='ocr_line' id='line_1_81' title="bbox 2120 3351 3761 3426; baseline -0.003 -15"><span class='ocrx_word' id='word_1_588' title='bbox 2120 3360 2263 3412; x_wconf 92' lang='lat' dir='ltr'>Cum</span> <span class='ocrx_word' id='word_1_589' title='bbox 2295 3356 2432 3412; x_wconf 88' lang='lat' dir='ltr'>item</span> <span class='ocrx_word' id='word_1_590' title='bbox 2464 3355 2727 3423; x_wconf 84' lang='lat' dir='ltr'>dixisset,</span> <span class='ocrx_word' id='word_1_591' title='bbox 2768 3355 2864 3426; x_wconf 89' lang='lat' dir='ltr'>qui</span> <span class='ocrx_word' id='word_1_592' title='bbox 2898 3354 3052 3411; x_wconf 88' lang='lat' dir='ltr'>inter</span> <span class='ocrx_word' id='word_1_593' title='bbox 3081 3353 3215 3410; x_wconf 88' lang='lat' dir='ltr'>illos</span> <span class='ocrx_word' id='word_1_594' title='bbox 3247 3353 3472 3411; x_wconf 82' lang='lat' dir='ltr'>Lucifer</span> <span class='ocrx_word' id='word_1_595' title='bbox 3501 3352 3651 3409; x_wconf 75' lang='lat'>185</span> <span class='ocrx_word' id='word_1_596' title='bbox 3685 3351 3761 3423; x_wconf 86' lang='lat' dir='ltr'>(b)</span> 
     </span>
    </p>
   </div>
   <div class='ocr_carea' id='block_1_81' title="bbox 2121 3439 3764 3512">
    <p class='ocr_par' dir='ltr' id='par_1_81' title="bbox 2121 3439 3764 3512">
     <span class='ocr_line' id='line_1_82' title="bbox 2121 3439 3764 3512; baseline -0.002 -11"><span class='ocrx_word' id='word_1_597' title='bbox 2121 3445 2455 3512; x_wconf 87' lang='lat' dir='ltr'>vocabatur,</span> <span class='ocrx_word' id='word_1_598' title='bbox 2473 3443 2725 3500; x_wconf 89' lang='lat' dir='ltr'>similem</span> <span class='ocrx_word' id='word_1_599' title='bbox 2744 3460 2807 3500; x_wconf 88' lang='lat' dir='ltr'>se</span> <span class='ocrx_word' id='word_1_600' title='bbox 2821 3444 3081 3499; x_wconf 84' lang='lat' dir='ltr'>futurum</span> <span class='ocrx_word' id='word_1_601' title='bbox 3097 3441 3421 3510; x_wconf 87' lang='lat' dir='ltr'>Altissimo,</span> <span class='ocrx_word' id='word_1_602' title='bbox 3437 3439 3764 3511; x_wconf 88' lang='lat' dir='ltr'>soliumque</span> 
     </span>
    </p>
   </div>
   <div class='ocr_carea' id='block_1_82' title="bbox 2123 3531 3763 3605">
    <p class='ocr_par' dir='ltr' id='par_1_82' title="bbox 2123 3531 3763 3605">
     <span class='ocr_line' id='line_1_83' title="bbox 2123 3531 3763 3605; baseline -0.004 -15"><span class='ocrx_word' id='word_1_603' title='bbox 2123 3550 2302 3605; x_wconf 89' lang='lat' dir='ltr'>supra</span> <span class='ocrx_word' id='word_1_604' title='bbox 2331 3532 2540 3589; x_wconf 89' lang='lat' dir='ltr'>coelum</span> <span class='ocrx_word' id='word_1_605' title='bbox 2572 3532 2992 3589; x_wconf 78' lang='lat' dir='ltr'>collocuturum</span> <span class='ocrx_word' id='word_1_606' title='bbox 3025 3531 3093 3601; x_wconf 67' lang='lat'>’9,</span> <span class='ocrx_word' id='word_1_607' title='bbox 3126 3531 3244 3588; x_wconf 88' lang='lat' dir='ltr'>illis</span> <span class='ocrx_word' id='word_1_608' title='bbox 3276 3531 3445 3603; x_wconf 88' lang='lat' dir='ltr'>ipsis,</span> <span class='ocrx_word' id='word_1_609' title='bbox 3478 3547 3606 3602; x_wconf 70' lang='lat' dir='ltr'>quas</span> <span class='ocrx_word' id='word_1_610' title='bbox 3637 3534 3763 3585; x_wconf 91' lang='lat' dir='ltr'>tum</span> 
     </span>
    </p>
   </div>
   <div class='ocr_carea' id='block_1_83' title="bbox 2123 3619 3762 3698">
    <p class='ocr_par' dir='ltr' id='par_1_83' title="bbox 2123 3619 3762 3698">
     <span class='ocr_line' id='line_1_84' title="bbox 2123 3619 3762 3698; baseline -0.004 -17"><span class='ocrx_word' id='word_1_611' title='bbox 2123 3625 2481 3698; x_wconf 85' lang='lat' dir='ltr'>possidebat,</span> <span class='ocrx_word' id='word_1_612' title='bbox 2514 3624 2680 3680; x_wconf 88' lang='lat' dir='ltr'>bonis</span> <span class='ocrx_word' id='word_1_613' title='bbox 2711 3623 2969 3692; x_wconf 86' lang='lat' dir='ltr'>amissis,</span> <span class='ocrx_word' id='word_1_614' title='bbox 3023 3623 3083 3678; x_wconf 92' lang='lat' dir='ltr'>in</span> <span class='ocrx_word' id='word_1_615' title='bbox 3124 3620 3336 3678; x_wconf 76' lang='lat' dir='ltr'>saecula</span> <span class='ocrx_word' id='word_1_616' title='bbox 3364 3619 3620 3676; x_wconf 89' lang='lat' dir='ltr'>ludibrio</span> <span class='ocrx_word' id='word_1_617' title='bbox 3651 3624 3762 3684; x_wconf 88' lang='lat' dir='ltr'>est,</span> 
     </span>
    </p>
   </div>
   <div class='ocr_carea' id='block_1_84' title="bbox 2125 3708 3763 3786">
    <p class='ocr_par' dir='ltr' id='par_1_84' title="bbox 2125 3708 3763 3786">
     <span class='ocr_line' id='line_1_85' title="bbox 2125 3708 3763 3786; baseline -0.004 -16"><span class='ocrx_word' id='word_1_618' title='bbox 2125 3719 2300 3786; x_wconf 88' lang='lat' dir='ltr'>atque</span> <span class='ocrx_word' id='word_1_619' title='bbox 2340 3714 2767 3770; x_wconf 89' lang='lat' dir='ltr'>condemnatus</span> <span class='ocrx_word' id='word_1_620' title='bbox 2807 3715 3032 3767; x_wconf 87' lang='lat' dir='ltr'>manet:</span> <span class='ocrx_word' id='word_1_621' title='bbox 3066 3710 3237 3766; x_wconf 90' lang='lat' dir='ltr'>nobis</span> <span class='ocrx_word' id='word_1_622' title='bbox 3279 3718 3470 3764; x_wconf 88' lang='lat' dir='ltr'>tamen</span> <span class='ocrx_word' id='word_1_623' title='bbox 3499 3708 3763 3764; x_wconf 88' lang='lat' dir='ltr'>veritatis</span> 
     </span>
    </p>
   </div>
   <div class='ocr_carea' id='block_1_85' title="bbox 2124 3795 3764 3875">
    <p class='ocr_par' dir='ltr' id='par_1_85' title="bbox 2124 3795 3764 3875">
     <span class='ocr_line' id='line_1_86' title="bbox 2124 3795 3764 3875; baseline -0.005 -16"><span class='ocrx_word' id='word_1_624' title='bbox 2124 3803 2421 3860; x_wconf 91' lang='lat' dir='ltr'>decretum</span> <span class='ocrx_word' id='word_1_625' title='bbox 2462 3806 2812 3875; x_wconf 90' lang='lat' dir='ltr'>potestatem</span> <span class='ocrx_word' id='word_1_626' title='bbox 2862 3798 3021 3855; x_wconf 87' lang='lat' dir='ltr'>illam</span> <span class='ocrx_word' id='word_1_627' title='bbox 3064 3798 3221 3864; x_wconf 79' lang='lat' dir='ltr'>fecit,</span> <span class='ocrx_word' id='word_1_628' title='bbox 3253 3805 3317 3853; x_wconf 90' lang='lat' dir='ltr'>ut</span> <span class='ocrx_word' id='word_1_629' title='bbox 3354 3796 3577 3852; x_wconf 86' lang='lat' dir='ltr'>similes</span> <span class='ocrx_word' id='word_1_630' title='bbox 3608 3795 3764 3851; x_wconf 87' lang='lat' dir='ltr'>Patri</span> 
     </span>
    </p>
   </div>
   <div class='ocr_carea' id='block_1_86' title="bbox 2123 3886 3764 3961">
    <p class='ocr_par' dir='ltr' id='par_1_86' title="bbox 2123 3886 3764 3961">
     <span class='ocr_line' id='line_1_87' title="bbox 2123 3886 3764 3961; baseline -0.006 -12"><span class='ocrx_word' id='word_1_631' title='bbox 2123 3894 2504 3959; x_wconf 82' lang='lat' dir='ltr'>efﬁceremur,</span> <span class='ocrx_word' id='word_1_632' title='bbox 2537 3907 2767 3961; x_wconf 89' lang='lat' dir='ltr'>unaque</span> <span class='ocrx_word' id='word_1_633' title='bbox 2797 3905 2928 3946; x_wconf 91' lang='lat' dir='ltr'>cum</span> <span class='ocrx_word' id='word_1_634' title='bbox 2962 3890 3088 3960; x_wconf 88' lang='lat' dir='ltr'>ejus</span> <span class='ocrx_word' id='word_1_635' title='bbox 3110 3887 3253 3945; x_wconf 89' lang='lat' dir='ltr'>Filio</span> <span class='ocrx_word' id='word_1_636' title='bbox 3284 3886 3342 3943; x_wconf 91' lang='lat' dir='ltr'>in</span> <span class='ocrx_word' id='word_1_637' title='bbox 3374 3887 3604 3943; x_wconf 87' lang='lat' dir='ltr'>thronis</span> <span class='ocrx_word' id='word_1_638' title='bbox 3625 3901 3764 3942; x_wconf 91' lang='lat' dir='ltr'>con-</span> 
     </span>
    </p>
   </div>
   <div class='ocr_carea' id='block_1_87' title="bbox 2126 3979 3767 4052">
    <p class='ocr_par' dir='ltr' id='par_1_87' title="bbox 2126 3979 3767 4052">
     <span class='ocr_line' id='line_1_88' title="bbox 2126 3979 3767 4052; baseline -0.007 -12"><span class='ocrx_word' id='word_1_639' title='bbox 2126 3985 2471 4040; x_wconf 85' lang='lat' dir='ltr'>sideremus.</span> <span class='ocrx_word' id='word_1_640' title='bbox 2525 3981 2673 4037; x_wconf 90' lang='lat' dir='ltr'>Illud</span> <span class='ocrx_word' id='word_1_641' title='bbox 2721 3979 3017 4052; x_wconf 88' lang='lat' dir='ltr'>amplius:</span> <span class='ocrx_word' id='word_1_642' title='bbox 3062 3979 3517 4035; x_wconf 79' lang='lat' dir='ltr'>Conresuscilavil</span> <span class='ocrx_word' id='word_1_643' title='bbox 3556 3980 3609 4032; x_wconf 89' lang='lat' dir='ltr'>et</span> <span class='ocrx_word' id='word_1_644' title='bbox 3639 3991 3767 4031; x_wconf 88' lang='lat' dir='ltr'>con-</span> 
     </span>
    </p>
   </div>
   <div class='ocr_carea' id='block_1_88' title="bbox 2125 4062 3764 4139">
    <p class='ocr_par' dir='ltr' id='par_1_88' title="bbox 2125 4062 3764 4139">
     <span class='ocr_line' id='line_1_89' title="bbox 2125 4062 3764 4139; baseline -0.006 -13"><span class='ocrx_word' id='word_1_645' title='bbox 2125 4070 2309 4127; x_wconf 86' lang='lat' dir='ltr'>sedere</span> <span class='ocrx_word' id='word_1_646' title='bbox 2355 4084 2453 4124; x_wconf 88' lang='lat' dir='ltr'>nos</span> <span class='ocrx_word' id='word_1_647' title='bbox 2495 4070 2624 4139; x_wconf 74' lang='lat' dir='ltr'>fecit</span> <span class='ocrx_word' id='word_1_648' title='bbox 2663 4069 2722 4122; x_wconf 88' lang='lat' dir='ltr'>in</span> <span class='ocrx_word' id='word_1_649' title='bbox 2752 4065 3058 4122; x_wconf 60' lang='lat' dir='ltr'>calonibus</span> <span class='ocrx_word' id='word_1_650' title='bbox 3095 4066 3156 4120; x_wconf 86' lang='lat' dir='ltr'>in</span> <span class='ocrx_word' id='word_1_651' title='bbox 3187 4064 3400 4119; x_wconf 78' lang='lat' dir='ltr'>Christo</span> <span class='ocrx_word' id='word_1_652' title='bbox 3430 4065 3556 4120; x_wconf 80' lang='lat' dir='ltr'>Jesu</span> <span class='ocrx_word' id='word_1_653' title='bbox 3575 4063 3640 4118; x_wconf 82' lang='grc' dir='ltr'>⁸ο.</span> <span class='ocrx_word' id='word_1_654' title='bbox 3674 4062 3764 4117; x_wconf 80' lang='lat' dir='ltr'>Et:</span> 
     </span>
    </p>
   </div>
   <div class='ocr_carea' id='block_1_89' title="bbox 2127 4150 3769 4224">
    <p class='ocr_par' dir='ltr' id='par_1_89' title="bbox 2127 4150 3769 4224">
     <span class='ocr_line' id='line_1_90' title="bbox 2127 4150 3769 4224; baseline -0.009 -5"><span class='ocrx_word' id='word_1_655' title='bbox 2127 4162 2191 4219; x_wconf 88' lang='lat' dir='ltr'>Si</span> <span class='ocrx_word' id='word_1_656' title='bbox 2231 4156 2646 4224; x_wconf 78' lang='lat' dir='ltr'>sustinebimus,</span> <span class='ocrx_word' id='word_1_657' title='bbox 2687 4157 2861 4211; x_wconf 80' lang='lat' dir='ltr'>etiam</span> <span class='ocrx_word' id='word_1_658' title='bbox 2900 4152 3361 4224; x_wconf 84' lang='lat' dir='ltr'>eonregnabimus</span> <span class='ocrx_word' id='word_1_659' title='bbox 3400 4152 3470 4208; x_wconf 69' lang='lat'>31.</span> <span class='ocrx_word' id='word_1_660' title='bbox 3510 4153 3617 4205; x_wconf 92' lang='lat' dir='ltr'>Et:</span> <span class='ocrx_word' id='word_1_661' title='bbox 3657 4150 3769 4205; x_wconf 83' lang='lat' dir='ltr'>Sci-</span> 
     </span>
    </p>
   </div>
   <div class='ocr_carea' id='block_1_90' title="bbox 353 4239 3770 4327">
    <p class='ocr_par' dir='ltr' id='par_1_90' title="bbox 353 4239 3770 4327">
     <span class='ocr_line' id='line_1_91' title="bbox 353 4239 3770 4327; baseline -0.006 -14"><span class='ocrx_word' id='word_1_662' title='bbox 353 4239 484 4313; x_wconf 81' lang='lat' dir='ltr'>mus</span> <span class='ocrx_word' id='word_1_663' title='bbox 513 4254 686 4324; x_wconf 88' lang='lat' dir='ltr'>(alius</span> <span class='ocrx_word' id='word_1_664' title='bbox 717 4254 927 4311; x_wconf 90' lang='lat' dir='ltr'>iterum</span> <span class='ocrx_word' id='word_1_665' title='bbox 969 4252 1271 4327; x_wconf 88' lang='lat' dir='ltr'>apostolus</span> <span class='ocrx_word' id='word_1_666' title='bbox 1302 4253 1571 4324; x_wconf 85' lang='lat' dir='ltr'>testatur)</span> <span class='ocrx_word' id='word_1_667' title='bbox 1604 4252 1875 4324; x_wconf 85' lang='lat' dir='ltr'>quoniam</span> <span class='ocrx_word' id='word_1_668' title='bbox 1903 4268 2024 4308; x_wconf 83' lang='lat' dir='ltr'>cum</span> <span class='ocrx_word' id='word_1_669' title='bbox 2059 4250 2405 4324; x_wconf 78' lang='lat' dir='ltr'>apparuerit,</span> <span class='ocrx_word' id='word_1_670' title='bbox 2453 4246 2662 4303; x_wconf 82' lang='lat' dir='ltr'>similes</span> <span class='ocrx_word' id='word_1_671' title='bbox 2692 4244 2745 4301; x_wconf 82' lang='lat' dir='ltr'>ei</span> <span class='ocrx_word' id='word_1_672' title='bbox 2773 4242 2981 4300; x_wconf 82' lang='lat' dir='ltr'>erimus</span> <span class='ocrx_word' id='word_1_673' title='bbox 3011 4242 3076 4301; x_wconf 78' lang='grc'>³³.</span> <span class='ocrx_word' id='word_1_674' title='bbox 3109 4244 3314 4314; x_wconf 88' lang='lat' dir='ltr'>Itaque</span> <span class='ocrx_word' id='word_1_675' title='bbox 3349 4240 3436 4297; x_wconf 89' lang='lat' dir='ltr'>bis</span> <span class='ocrx_word' id='word_1_676' title='bbox 3472 4239 3635 4312; x_wconf 85' lang='lat' dir='ltr'>ipsis,</span> <span class='ocrx_word' id='word_1_677' title='bbox 3669 4239 3770 4311; x_wconf 91' lang='lat' dir='ltr'>qui</span> 
     </span>
    </p>
   </div>
   <div class='ocr_carea' id='block_1_91' title="bbox 356 4339 2454 4420">
    <p class='ocr_par' dir='ltr' id='par_1_91' title="bbox 356 4339 2454 4420">
     <span class='ocr_line' id='line_1_92' title="bbox 356 4339 2454 4420; baseline -0.006 -18"><span class='ocrx_word' id='word_1_678' title='bbox 356 4344 709 4420; x_wconf 87' lang='lat' dir='ltr'>angelorum</span> <span class='ocrx_word' id='word_1_679' title='bbox 741 4345 1024 4400; x_wconf 87' lang='lat' dir='ltr'>honorem</span> <span class='ocrx_word' id='word_1_680' title='bbox 1058 4347 1358 4415; x_wconf 87' lang='lat' dir='ltr'>tantopere</span> <span class='ocrx_word' id='word_1_681' title='bbox 1388 4342 1681 4409; x_wconf 88' lang='lat' dir='ltr'>ambiunt,</span> <span class='ocrx_word' id='word_1_682' title='bbox 1715 4343 1835 4413; x_wconf 88' lang='lat' dir='ltr'>jam</span> <span class='ocrx_word' id='word_1_683' title='bbox 1869 4358 2186 4399; x_wconf 88' lang='lat' dir='ltr'>concessus</span> <span class='ocrx_word' id='word_1_684' title='bbox 2216 4339 2314 4396; x_wconf 89' lang='lat' dir='ltr'>ille</span> <span class='ocrx_word' id='word_1_685' title='bbox 2344 4340 2454 4393; x_wconf 88' lang='lat' dir='ltr'>est.</span> 
     </span>
    </p>
   </div>
   <div class='ocr_carea' id='block_1_92' title="bbox 431 4432 1828 4512">
    <p class='ocr_par' dir='ltr' id='par_1_92' title="bbox 431 4432 1828 4512">
     <span class='ocr_line' id='line_1_93' title="bbox 431 4432 1828 4512; baseline -0.005 -20"><span class='ocrx_word' id='word_1_686' title='bbox 431 4434 590 4492; x_wconf 85' lang='grc' dir='ltr'>Ἀλλ’</span> <span class='ocrx_word' id='word_1_687' title='bbox 650 4434 1052 4509; x_wconf 81' lang='grc' dir='ltr'>ἁμαρτάνομεν,</span> <span class='ocrx_word' id='word_1_688' title='bbox 1121 4434 1310 4512; x_wconf 76' lang='grc' dir='ltr'>φησὶν,</span> <span class='ocrx_word' id='word_1_689' title='bbox 1376 4432 1761 4511; x_wconf 80' lang='grc' dir='ltr'>εὐχερέστερον</span> <span class='ocrx_word' id='word_1_690' title='bbox 1816 4450 1828 4463; x_wconf 76' lang='grc' dir='ltr'><strong>ο</strong></span> 
     </span>
    </p>
   </div>
   <div class='ocr_carea' id='block_1_93' title="bbox 358 4518 2018 4599">
    <p class='ocr_par' dir='ltr' id='par_1_93' title="bbox 358 4518 2018 4599">
     <span class='ocr_line' id='line_1_94' title="bbox 358 4518 2018 4599; baseline -0.007 -16"><span class='ocrx_word' id='word_1_691' title='bbox 358 4526 488 4583; x_wconf 76' lang='grc' dir='ltr'>ὅσον</span> <span class='ocrx_word' id='word_1_692' title='bbox 531 4528 795 4599; x_wconf 83' lang='grc' dir='ltr'>συνεχῶς,</span> <span class='ocrx_word' id='word_1_693' title='bbox 853 4527 1109 4579; x_wconf 78' lang='grc' dir='ltr'>τοσοῦτον</span> <span class='ocrx_word' id='word_1_694' title='bbox 1182 4525 1397 4591; x_wconf 76' lang='grc' dir='ltr'>θᾶττον,</span> <span class='ocrx_word' id='word_1_695' title='bbox 1457 4520 1517 4576; x_wconf 76' lang='grc' dir='ltr'>ἂν</span> <span class='ocrx_word' id='word_1_696' title='bbox 1578 4520 1681 4597; x_wconf 79' lang='grc' dir='ltr'>ἄρα</span> <span class='ocrx_word' id='word_1_697' title='bbox 1747 4518 2018 4594; x_wconf 71' lang='grc' dir='ltr'>θέλωμεν,</span> 
     </span>
    </p>
   </div>
   <div class='ocr_carea' id='block_1_94' title="bbox 359 4608 2028 4689">
    <p class='ocr_par' dir='ltr' id='par_1_94' title="bbox 359 4608 2028 4689">
     <span class='ocr_line' id='line_1_95' title="bbox 359 4608 2028 4689; baseline -0.005 -18"><span class='ocrx_word' id='word_1_698' title='bbox 359 4617 695 4687; x_wconf 83' lang='grc' dir='ltr'>ἀνιστάμεθα</span> <span class='ocrx_word' id='word_1_699' title='bbox 727 4634 741 4649; x_wconf 88' lang='grc'><strong>·</strong></span> <span class='ocrx_word' id='word_1_700' title='bbox 803 4614 1000 4689; x_wconf 86' lang='grc' dir='ltr'>μυρίας</span> <span class='ocrx_word' id='word_1_701' title='bbox 1055 4614 1158 4689; x_wconf 76' lang='grc' dir='ltr'>γάρ</span> <span class='ocrx_word' id='word_1_702' title='bbox 1207 4615 1254 4649; x_wconf 67' lang='grc'>⁷³</span> <span class='ocrx_word' id='word_1_703' title='bbox 1305 4609 1464 4675; x_wconf 80' lang='grc' dir='ltr'>ὁδοὺς</span> <span class='ocrx_word' id='word_1_704' title='bbox 1516 4617 1616 4680; x_wconf 78' lang='grc' dir='ltr'>τῆς</span> <span class='ocrx_word' id='word_1_705' title='bbox 1668 4608 2028 4684; x_wconf 84' lang='grc' dir='ltr'>μεταμελείας</span> 
     </span>
    </p>
   </div>
   <div class='ocr_carea' id='block_1_95' title="bbox 360 4696 2027 4779">
    <p class='ocr_par' dir='ltr' id='par_1_95' title="bbox 360 4696 2027 4779">
     <span class='ocr_line' id='line_1_96' title="bbox 360 4696 2027 4779; baseline -0.005 -18"><span class='ocrx_word' id='word_1_706' title='bbox 360 4707 587 4773; x_wconf 75' lang='grc' dir='ltr'>καὶτῆς</span> <span class='ocrx_word' id='word_1_707' title='bbox 627 4703 902 4779; x_wconf 85' lang='grc' dir='ltr'>σωτηρίας</span> <span class='ocrx_word' id='word_1_708' title='bbox 931 4706 1094 4776; x_wconf 77' lang='grc' dir='ltr'>ἡμῶν</span> <span class='ocrx_word' id='word_1_709' title='bbox 1145 4703 1174 4757; x_wconf 85' lang='grc' dir='ltr'><strong>ὁ</strong></span> <span class='ocrx_word' id='word_1_710' title='bbox 1214 4704 1345 4776; x_wconf 88' lang='grc'>[305</span> <span class='ocrx_word' id='word_1_711' title='bbox 1383 4704 1475 4775; x_wconf 86' lang='grc' dir='ltr'>Π.]</span> <span class='ocrx_word' id='word_1_712' title='bbox 1516 4700 1817 4779; x_wconf 72' lang='grc' dir='ltr'>ὑπέρσοφος</span> <span class='ocrx_word' id='word_1_713' title='bbox 1862 4696 2027 4769; x_wconf 88' lang='grc' dir='ltr'>κηδε-</span> 
     </span>
    </p>
   </div>
   <div class='ocr_carea' id='block_1_96' title="bbox 369 4788 2028 4873">
    <p class='ocr_par' dir='ltr' id='par_1_96' title="bbox 369 4788 2028 4873">
     <span class='ocr_line' id='line_1_97' title="bbox 369 4788 2028 4873; baseline -0.005 -22"><span class='ocrx_word' id='word_1_714' title='bbox 369 4796 491 4871; x_wconf 86' lang='grc' dir='ltr'>μὼν</span> <span class='ocrx_word' id='word_1_715' title='bbox 529 4793 849 4873; x_wconf 81' lang='grc' dir='ltr'>ἐχαρίσατο.</span> <span class='ocrx_word' id='word_1_716' title='bbox 884 4790 1040 4849; x_wconf 78' lang='grc' dir='ltr'>Ἀλλ’</span> <span class='ocrx_word' id='word_1_717' title='bbox 1071 4790 1303 4867; x_wconf 79' lang='grc' dir='ltr'>ἓραστής</span> <span class='ocrx_word' id='word_1_718' title='bbox 1336 4790 1399 4845; x_wconf 80' lang='grc' dir='ltr'>σὺ</span> <span class='ocrx_word' id='word_1_719' title='bbox 1427 4797 1529 4860; x_wconf 84' lang='grc' dir='ltr'>τῆς</span> <span class='ocrx_word' id='word_1_720' title='bbox 1578 4789 1714 4865; x_wconf 87' lang='grc' dir='ltr'>πρὸς</span> <span class='ocrx_word' id='word_1_721' title='bbox 1764 4788 2028 4865; x_wconf 84' lang='grc' dir='ltr'>ἀγγέλους</span> 
     </span>
    </p>
   </div>
   <div class='ocr_carea' id='block_1_97' title="bbox 363 4877 2031 4962">
    <p class='ocr_par' dir='ltr' id='par_1_97' title="bbox 363 4877 2031 4962">
     <span class='ocr_line' id='line_1_98' title="bbox 363 4877 2031 4962; baseline -0.006 -21"><span class='ocrx_word' id='word_1_722' title='bbox 363 4884 698 4962; x_wconf 83' lang='grc' dir='ltr'>συγγενείας.</span> <span class='ocrx_word' id='word_1_723' title='bbox 749 4882 850 4938; x_wconf 82' lang='grc' dir='ltr'>Καὶ</span> <span class='ocrx_word' id='word_1_724' title='bbox 904 4884 1012 4954; x_wconf 75' lang='grc' dir='ltr'>μὴν</span> <span class='ocrx_word' id='word_1_725' title='bbox 1062 4884 1108 4918; x_wconf 83' lang='grc'>⁷³</span> <span class='ocrx_word' id='word_1_726' title='bbox 1156 4881 1387 4955; x_wconf 79' lang='grc' dir='ltr'>ἠξίωσαι</span> <span class='ocrx_word' id='word_1_727' title='bbox 1441 4877 1689 4953; x_wconf 85' lang='grc' dir='ltr'>μείζονος</span> <span class='ocrx_word' id='word_1_728' title='bbox 1720 4895 1733 4910; x_wconf 85' lang='grc'><em>’</em></span> <span class='ocrx_word' id='word_1_729' title='bbox 1784 4881 1881 4933; x_wconf 75' lang='grc' dir='ltr'>τοῦ</span> <span class='ocrx_word' id='word_1_730' title='bbox 1927 4877 2031 4954; x_wconf 79' lang='grc' dir='ltr'>γὰρ</span> 
     </span>
    </p>
   </div>
   <div class='ocr_carea' id='block_1_98' title="bbox 364 4964 2031 5050">
    <p class='ocr_par' dir='ltr' id='par_1_98' title="bbox 364 4964 2031 5050">
     <span class='ocr_line' id='line_1_99' title="bbox 364 4964 2031 5050; baseline -0.007 -17"><span class='ocrx_word' id='word_1_731' title='bbox 364 4974 641 5032; x_wconf 83' lang='grc' dir='ltr'>Δεσπότου</span> <span class='ocrx_word' id='word_1_732' title='bbox 691 4977 963 5050; x_wconf 86' lang='grc' dir='ltr'>συγγενεῖς</span> <span class='ocrx_word' id='word_1_733' title='bbox 1014 4973 1155 5029; x_wconf 87' lang='grc' dir='ltr'>κατά</span> <span class='ocrx_word' id='word_1_734' title='bbox 1199 4971 1369 5046; x_wconf 84' lang='grc' dir='ltr'>σάρκα</span> <span class='ocrx_word' id='word_1_735' title='bbox 1416 4968 1735 5047; x_wconf 84' lang='grc' dir='ltr'>γεγόναμεν.</span> <span class='ocrx_word' id='word_1_736' title='bbox 1795 4971 1918 5025; x_wconf 83' lang='grc' dir='ltr'>Ἔτι</span> <span class='ocrx_word' id='word_1_737' title='bbox 1974 4964 2031 5022; x_wconf 65' lang='grc' dir='ltr'>δὲ</span> 
     </span>
    </p>
   </div>
   <div class='ocr_carea' id='block_1_99' title="bbox 1890 4420 3770 4504">
    <p class='ocr_par' dir='ltr' id='par_1_99' title="bbox 1890 4420 3770 4504">
     <span class='ocr_line' id='line_1_100' title="bbox 1890 4420 3770 4504; baseline -0.004 -20"><span class='ocrx_word' id='word_1_738' title='bbox 1890 4428 2018 4487; x_wconf 83' lang='grc' dir='ltr'>ἀλλ’</span> <span class='ocrx_word' id='word_1_739' title='bbox 2046 4439 2093 4504; x_wconf 84' lang='lat' dir='ltr'><strong>D</strong></span> <span class='ocrx_word' id='word_1_740' title='bbox 2199 4429 2367 4502; x_wconf 83' lang='lat' dir='ltr'>Atqui</span> <span class='ocrx_word' id='word_1_741' title='bbox 2393 4444 2725 4501; x_wconf 89' lang='lat' dir='ltr'>peccamus,</span> <span class='ocrx_word' id='word_1_742' title='bbox 2747 4422 3321 4497; x_wconf 86' lang='lat' dir='ltr'>inquit,promplius.</span> <span class='ocrx_word' id='word_1_743' title='bbox 3350 4420 3639 4494; x_wconf 55' lang='grc' dir='ltr'>[νει-οη]</span> <span class='ocrx_word' id='word_1_744' title='bbox 3660 4420 3770 4477; x_wconf 89' lang='lat' dir='ltr'>Sed</span> 
     </span>
    </p>
   </div>
   <div class='ocr_carea' id='block_1_100' title="bbox 2138 4510 3772 4592">
    <p class='ocr_par' dir='ltr' id='par_1_100' title="bbox 2138 4510 3772 4592">
     <span class='ocr_line' id='line_1_101' title="bbox 2138 4510 3772 4592; baseline -0.007 -15"><span class='ocrx_word' id='word_1_745' title='bbox 2138 4523 2354 4592; x_wconf 89' lang='lat' dir='ltr'>quanto</span> <span class='ocrx_word' id='word_1_746' title='bbox 2370 4518 2425 4573; x_wconf 92' lang='lat' dir='ltr'>id</span> <span class='ocrx_word' id='word_1_747' title='bbox 2440 4516 2791 4589; x_wconf 89' lang='lat' dir='ltr'>promptius,</span> <span class='ocrx_word' id='word_1_748' title='bbox 2813 4519 2975 4571; x_wconf 87' lang='lat' dir='ltr'>tanto</span> <span class='ocrx_word' id='word_1_749' title='bbox 2998 4512 3169 4569; x_wconf 89' lang='lat' dir='ltr'>etiam</span> <span class='ocrx_word' id='word_1_750' title='bbox 3184 4510 3354 4567; x_wconf 89' lang='lat' dir='ltr'>citius</span> <span class='ocrx_word' id='word_1_751' title='bbox 3378 4511 3772 4582; x_wconf 87' lang='lat' dir='ltr'>resurgimus;</span> 
     </span>
    </p>
   </div>
   <div class='ocr_carea' id='block_1_101' title="bbox 2137 4599 3777 4671">
    <p class='ocr_par' dir='ltr' id='par_1_101' title="bbox 2137 4599 3777 4671">
     <span class='ocr_line' id='line_1_102' title="bbox 2137 4599 3777 4671; baseline -0.006 -5"><span class='ocrx_word' id='word_1_752' title='bbox 2137 4610 2187 4667; x_wconf 90' lang='lat' dir='ltr'>si</span> <span class='ocrx_word' id='word_1_753' title='bbox 2219 4611 2388 4665; x_wconf 82' lang='lat' dir='ltr'>modo</span> <span class='ocrx_word' id='word_1_754' title='bbox 2420 4606 2710 4663; x_wconf 86' lang='lat' dir='ltr'>volumus.</span> <span class='ocrx_word' id='word_1_755' title='bbox 2744 4602 2899 4661; x_wconf 88' lang='lat' dir='ltr'>Mille</span> <span class='ocrx_word' id='word_1_756' title='bbox 2928 4602 3086 4658; x_wconf 92' lang='lat' dir='ltr'>enim</span> <span class='ocrx_word' id='word_1_757' title='bbox 3118 4600 3239 4657; x_wconf 83' lang='lat' dir='ltr'>vias</span> <span class='ocrx_word' id='word_1_758' title='bbox 3270 4599 3605 4671; x_wconf 64' lang='lat' dir='ltr'>paenitendi,</span> <span class='ocrx_word' id='word_1_759' title='bbox 3636 4616 3777 4656; x_wconf 89' lang='lat' dir='ltr'>nos-</span> 
     </span>
    </p>
   </div>
   <div class='ocr_carea' id='block_1_102' title="bbox 2139 4688 3772 4771">
    <p class='ocr_par' dir='ltr' id='par_1_102' title="bbox 2139 4688 3772 4771">
     <span class='ocr_line' id='line_1_103' title="bbox 2139 4688 3772 4771; baseline -0.007 -16"><span class='ocrx_word' id='word_1_760' title='bbox 2139 4714 2251 4771; x_wconf 89' lang='lat' dir='ltr'>que</span> <span class='ocrx_word' id='word_1_761' title='bbox 2317 4695 2580 4753; x_wconf 88' lang='lat' dir='ltr'>solvendi</span> <span class='ocrx_word' id='word_1_762' title='bbox 2643 4691 3115 4765; x_wconf 87' lang='lat' dir='ltr'>sapientissimus</span> <span class='ocrx_word' id='word_1_763' title='bbox 3171 4694 3452 4761; x_wconf 86' lang='lat' dir='ltr'>patronus</span> <span class='ocrx_word' id='word_1_764' title='bbox 3518 4688 3772 4744; x_wconf 85' lang='lat' dir='ltr'>donavit.</span> 
     </span>
    </p>
   </div>
   <div class='ocr_carea' id='block_1_103' title="bbox 2138 4778 3778 4858">
    <p class='ocr_par' dir='ltr' id='par_1_103' title="bbox 2138 4778 3778 4858">
     <span class='ocr_line' id='line_1_104' title="bbox 2138 4778 3778 4858; baseline -0.007 -14"><span class='ocrx_word' id='word_1_765' title='bbox 2138 4792 2232 4858; x_wconf 86' lang='lat' dir='ltr'>At,</span> <span class='ocrx_word' id='word_1_766' title='bbox 2262 4787 2411 4843; x_wconf 90' lang='lat' dir='ltr'>heus</span> <span class='ocrx_word' id='word_1_767' title='bbox 2441 4789 2505 4841; x_wconf 89' lang='lat' dir='ltr'>tu</span> <span class='ocrx_word' id='word_1_768' title='bbox 2547 4783 2817 4854; x_wconf 71' lang='lat' dir='ltr'>angelicae</span> <span class='ocrx_word' id='word_1_769' title='bbox 2849 4780 3211 4854; x_wconf 88' lang='lat' dir='ltr'>cognationis</span> <span class='ocrx_word' id='word_1_770' title='bbox 3256 4783 3519 4835; x_wconf 86' lang='lat' dir='ltr'>amator:</span> <span class='ocrx_word' id='word_1_771' title='bbox 3556 4778 3778 4849; x_wconf 83' lang='lat' dir='ltr'>majore</span> 
     </span>
    </p>
   </div>
   <div class='ocr_carea' id='block_1_104' title="bbox 2140 4865 3780 4944">
    <p class='ocr_par' dir='ltr' id='par_1_104' title="bbox 2140 4865 3780 4944">
     <span class='ocr_line' id='line_1_105' title="bbox 2140 4865 3780 4944; baseline -0.008 -11"><span class='ocrx_word' id='word_1_772' title='bbox 2140 4877 2312 4934; x_wconf 88' lang='lat' dir='ltr'>etiam</span> <span class='ocrx_word' id='word_1_773' title='bbox 2348 4890 2590 4930; x_wconf 90' lang='lat' dir='ltr'>munere</span> <span class='ocrx_word' id='word_1_774' title='bbox 2619 4872 2830 4944; x_wconf 88' lang='lat' dir='ltr'>dignus</span> <span class='ocrx_word' id='word_1_775' title='bbox 2855 4887 2916 4927; x_wconf 90' lang='lat' dir='ltr'>es</span> <span class='ocrx_word' id='word_1_776' title='bbox 2940 4869 3187 4925; x_wconf 88' lang='lat' dir='ltr'>habitus.</span> <span class='ocrx_word' id='word_1_777' title='bbox 3223 4871 3368 4923; x_wconf 86' lang='lat' dir='ltr'>Nam</span> <span class='ocrx_word' id='word_1_778' title='bbox 3401 4865 3629 4939; x_wconf 87' lang='lat' dir='ltr'>cognati</span> <span class='ocrx_word' id='word_1_779' title='bbox 3654 4866 3780 4936; x_wconf 88' lang='lat' dir='ltr'>jam</span> 
     </span>
    </p>
   </div>
   <div class='ocr_carea' id='block_1_105' title="bbox 2141 4953 3778 5036">
    <p class='ocr_par' dir='ltr' id='par_1_105' title="bbox 2141 4953 3778 5036">
     <span class='ocr_line' id='line_1_106' title="bbox 2141 4953 3778 5036; baseline -0.007 -15"><span class='ocrx_word' id='word_1_780' title='bbox 2141 4965 2360 5021; x_wconf 90' lang='lat' dir='ltr'>Christi</span> <span class='ocrx_word' id='word_1_781' title='bbox 2380 4980 2485 5036; x_wconf 91' lang='lat' dir='ltr'>per</span> <span class='ocrx_word' id='word_1_782' title='bbox 2506 4977 2737 5018; x_wconf 89' lang='lat' dir='ltr'>carnem</span> <span class='ocrx_word' id='word_1_783' title='bbox 2759 4960 2944 5018; x_wconf 86' lang='lat' dir='ltr'>ell&#39;ecti</span> <span class='ocrx_word' id='word_1_784' title='bbox 2966 4975 3195 5015; x_wconf 87' lang='lat' dir='ltr'>sumus.</span> <span class='ocrx_word' id='word_1_785' title='bbox 3225 4956 3385 5023; x_wconf 89' lang='lat' dir='ltr'>Quod</span> <span class='ocrx_word' id='word_1_786' title='bbox 3406 4954 3541 5011; x_wconf 90' lang='lat' dir='ltr'>item</span> <span class='ocrx_word' id='word_1_787' title='bbox 3570 4954 3639 5010; x_wconf 89' lang='lat' dir='ltr'>ab</span> <span class='ocrx_word' id='word_1_788' title='bbox 3660 4953 3778 5010; x_wconf 90' lang='lat' dir='ltr'>illis</span> 
     </span>
    </p>
   </div>
   <div class='ocr_carea' id='block_1_106' title="bbox 439 5089 2009 5178">
    <p class='ocr_par' dir='ltr' id='par_1_106' title="bbox 439 5104 2005 5178">
     <span class='ocr_line' id='line_1_107' title="bbox 439 5104 2005 5178; baseline -0.006 -10"><span class='ocrx_word' id='word_1_789' title='bbox 439 5111 490 5147; x_wconf 83' lang='grc'>²⁵</span> <span class='ocrx_word' id='word_1_790' title='bbox 526 5108 714 5167; x_wconf 88' lang='lat' dir='ltr'>Galat.</span> <span class='ocrx_word' id='word_1_791' title='bbox 767 5127 805 5178; x_wconf 87' lang='grc' dir='ltr'>ι,</span> <span class='ocrx_word' id='word_1_792' title='bbox 854 5110 890 5164; x_wconf 90' lang='grc'>8</span> <span class='ocrx_word' id='word_1_793' title='bbox 936 5113 993 5164; x_wconf 86' lang='lat' dir='ltr'>et</span> <span class='ocrx_word' id='word_1_794' title='bbox 1044 5111 1095 5163; x_wconf 87' lang='lat'>9.</span> <span class='ocrx_word' id='word_1_795' title='bbox 1143 5109 1187 5145; x_wconf 77' lang='grc'>³⁸</span> <span class='ocrx_word' id='word_1_796' title='bbox 1223 5108 1390 5165; x_wconf 74' lang='lat' dir='ltr'>Judaa</span> <span class='ocrx_word' id='word_1_797' title='bbox 1438 5107 1494 5162; x_wconf 87' lang='grc'>9.</span> <span class='ocrx_word' id='word_1_798' title='bbox 1546 5106 1591 5142; x_wconf 82' lang='grc'>³⁷</span> <span class='ocrx_word' id='word_1_799' title='bbox 1641 5106 1778 5161; x_wconf 90' lang='lat' dir='ltr'>Luc.</span> <span class='ocrx_word' id='word_1_800' title='bbox 1832 5121 1892 5174; x_wconf 76' lang='grc' dir='ltr'>ιι,</span> <span class='ocrx_word' id='word_1_801' title='bbox 1939 5104 2005 5158; x_wconf 88' lang='grc'><strong>19</strong></span> 
     </span>
    </p>
   </div>
   <div class='ocr_carea' id='block_1_107' title="bbox 2119 5089 3780 5178">
    <p class='ocr_par' dir='ltr' id='par_1_107' title="bbox 2119 5089 3780 5168">
     <span class='ocr_line' id='line_1_108' title="bbox 2119 5089 3780 5168; baseline -0.007 -12"><span class='ocrx_word' id='word_1_802' title='bbox 2119 5103 2122 5131; x_wconf 71' lang='grc' dir='ltr'>ί</span> <span class='ocrx_word' id='word_1_803' title='bbox 2164 5099 2318 5158; x_wconf 82' lang='lat' dir='ltr'>Psal.</span> <span class='ocrx_word' id='word_1_804' title='bbox 2370 5114 2554 5168; x_wconf 80' lang='lat' dir='ltr'>Lxxxr,</span> <span class='ocrx_word' id='word_1_805' title='bbox 2600 5097 2655 5155; x_wconf 86' lang='lat'>6.</span> <span class='ocrx_word' id='word_1_806' title='bbox 2707 5094 2756 5132; x_wconf 81' lang='grc'>²⁹</span> <span class='ocrx_word' id='word_1_807' title='bbox 2800 5095 2912 5154; x_wconf 87' lang='lat' dir='ltr'>Isa.</span> <span class='ocrx_word' id='word_1_808' title='bbox 2950 5111 3067 5163; x_wconf 68' lang='lat' dir='ltr'>11v,</span> <span class='ocrx_word' id='word_1_809' title='bbox 3120 5094 3207 5151; x_wconf 79' lang='grc'>14.</span> <span class='ocrx_word' id='word_1_810' title='bbox 3260 5091 3307 5127; x_wconf 82' lang='grc' dir='ltr'>⁸ο</span> <span class='ocrx_word' id='word_1_811' title='bbox 3356 5090 3564 5164; x_wconf 87' lang='lat' dir='ltr'>Ephes.</span> <span class='ocrx_word' id='word_1_812' title='bbox 3610 5106 3673 5159; x_wconf 87' lang='grc' dir='ltr'>ιι,</span> <span class='ocrx_word' id='word_1_813' title='bbox 3722 5089 3780 5146; x_wconf 88' lang='grc'>6.</span> 
     </span>
    </p>
   </div>
   <div class='ocr_carea' id='block_1_108' title="bbox 366 5180 1430 5250">
    <p class='ocr_par' dir='ltr' id='par_1_108' title="bbox 366 5180 1430 5250">
     <span class='ocr_line' id='line_1_109' title="bbox 366 5180 1430 5250; baseline -0.006 -10"><span class='ocrx_word' id='word_1_814' title='bbox 366 5185 413 5221; x_wconf 81' lang='grc'>³¹</span> <span class='ocrx_word' id='word_1_815' title='bbox 451 5183 502 5240; x_wconf 84' lang='grc' dir='ltr'>ΙΙ</span> <span class='ocrx_word' id='word_1_816' title='bbox 531 5181 680 5238; x_wconf 89' lang='lat' dir='ltr'>Tim.</span> <span class='ocrx_word' id='word_1_817' title='bbox 714 5198 776 5250; x_wconf 82' lang='grc' dir='ltr'>ιι,</span> <span class='ocrx_word' id='word_1_818' title='bbox 811 5182 897 5236; x_wconf 85' lang='grc'>12.</span> <span class='ocrx_word' id='word_1_819' title='bbox 931 5180 978 5216; x_wconf 83' lang='grc'>³³</span> <span class='ocrx_word' id='word_1_820' title='bbox 1009 5180 1228 5238; x_wconf 88' lang='lat' dir='ltr'>IJoan.</span> <span class='ocrx_word' id='word_1_821' title='bbox 1260 5196 1343 5249; x_wconf 84' lang='grc' dir='ltr'>ιιι,</span> <span class='ocrx_word' id='word_1_822' title='bbox 1374 5180 1430 5235; x_wconf 90' lang='lat'>2.</span> 
     </span>
    </p>
   </div>
   <div class='ocr_carea' id='block_1_109' title="bbox 1748 5298 2432 5359">
    <p class='ocr_par' dir='ltr' id='par_1_109' title="bbox 1748 5298 2432 5359">
     <span class='ocr_line' id='line_1_110' title="bbox 1748 5298 2432 5359; baseline -0.003 -2"><span class='ocrx_word' id='word_1_823' title='bbox 1748 5301 1985 5359; x_wconf 61' lang='grc' dir='ltr'>νΑιιιιῖ</span> <span class='ocrx_word' id='word_1_824' title='bbox 2026 5298 2432 5356; x_wconf 83' lang='lat' dir='ltr'>LECTIONES.</span> 
     </span>
    </p>
   </div>
   <div class='ocr_carea' id='block_1_110' title="bbox 443 5404 3779 5498">
    <p class='ocr_par' dir='ltr' id='par_1_110' title="bbox 443 5404 3779 5498">
     <span class='ocr_line' id='line_1_111' title="bbox 443 5404 3779 5498; baseline -0.005 -19"><span class='ocrx_word' id='word_1_825' title='bbox 443 5426 490 5463; x_wconf 78' lang='grc'>⁶¹</span> <span class='ocrx_word' id='word_1_826' title='bbox 523 5421 719 5498; x_wconf 83' lang='grc' dir='ltr'>δεῖ</span> <span class='ocrx_word' id='word_1_827' title='bbox 767 5496 798 5498; x_wconf 19' lang='grc' dir='ltr'><em>Α</em></span> <span class='ocrx_word' id='word_1_828' title='bbox 831 5423 879 5498; x_wconf 56' lang='grc' dir='ltr'>ξε</span> <span class='ocrx_word' id='word_1_829' title='bbox 908 5421 954 5478; x_wconf 84' lang='grc' dir='ltr'>εἶ</span> <span class='ocrx_word' id='word_1_830' title='bbox 1012 5423 1126 5498; x_wconf 66' lang='grc' dir='ltr'>καῖ]</span> <span class='ocrx_word' id='word_1_831' title='bbox 1177 5423 1303 5481; x_wconf 87' lang='lat' dir='ltr'>Gal.</span> <span class='ocrx_word' id='word_1_832' title='bbox 1340 5425 1468 5498; x_wconf 10' lang='lat'>1,78.</span> <span class='ocrx_word' id='word_1_833' title='bbox 1536 5420 1638 5498; x_wconf 38' lang='lat'>-_”_</span> <span class='ocrx_word' id='word_1_834' title='bbox 1664 5420 1692 5474; x_wconf 91' lang='lat'>6</span> <span class='ocrx_word' id='word_1_835' title='bbox 1728 5419 1822 5493; x_wconf 81' lang='grc' dir='ltr'>μὲν</span> <span class='ocrx_word' id='word_1_836' title='bbox 1859 5414 2275 5498; x_wconf 53' lang='grc' dir='ltr'>ἀρχ.]-Ιιιὰ.η9.</span> <span class='ocrx_word' id='word_1_837' title='bbox 2306 5483 2318 5498; x_wconf 39' lang='grc' dir='ltr'><em>ο</em></span> <span class='ocrx_word' id='word_1_838' title='bbox 2387 5413 2434 5450; x_wconf 73' lang='grc'>⁶⁴</span> <span class='ocrx_word' id='word_1_839' title='bbox 2461 5413 2561 5482; x_wconf 80' lang='grc' dir='ltr'>τήν</span> <span class='ocrx_word' id='word_1_840' title='bbox 2615 5408 2880 5498; x_wconf 67' lang='grc' dir='ltr'>ἐξουσίαν]</span> <span class='ocrx_word' id='word_1_841' title='bbox 2915 5413 3052 5498; x_wconf 55' lang='lat' dir='ltr'>Luc.</span> <span class='ocrx_word' id='word_1_842' title='bbox 3101 5427 3159 5498; x_wconf 39' lang='lat' dir='ltr'>xi,</span> <span class='ocrx_word' id='word_1_843' title='bbox 3192 5409 3278 5498; x_wconf 46' lang='lat'>199.</span> <span class='ocrx_word' id='word_1_844' title='bbox 3387 5404 3779 5498; x_wconf 50' lang='grc' dir='ltr'>’ξαθεοῖὶὶξεδιζ</span> 
     </span>
    </p>
   </div>
   <div class='ocr_carea' id='block_1_111' title="bbox 374 5477 3782 5572">
    <p class='ocr_par' dir='ltr' id='par_1_111' title="bbox 374 5477 3782 5572">
     <span class='ocr_line' id='line_1_112' title="bbox 374 5477 3782 5572; baseline -0.001 -17"><span class='ocrx_word' id='word_1_845' title='bbox 374 5477 677 5572; x_wconf 59' lang='lat' dir='ltr'>1.x;xi,6.’</span> <span class='ocrx_word' id='word_1_846' title='bbox 707 5477 804 5572; x_wconf 20' lang='grc'>1⁸⁸</span> <span class='ocrx_word' id='word_1_847' title='bbox 834 5477 1032 5572; x_wconf 50' lang='grc' dir='ltr'>ἑωσφε]</span> <span class='ocrx_word' id='word_1_848' title='bbox 1056 5477 1579 5572; x_wconf 12' lang='grc' dir='ltr'>θξέοίιξινίῇᾎ--ω</span> <span class='ocrx_word' id='word_1_849' title='bbox 1619 5477 2123 5572; x_wconf 46' lang='grc' dir='ltr'>ὑπερανωθενζςοη</span> <span class='ocrx_word' id='word_1_850' title='bbox 2183 5485 2232 5522; x_wconf 74' lang='grc'>⁸⁸</span> <span class='ocrx_word' id='word_1_851' title='bbox 2259 5477 2949 5572; x_wconf 59' lang='grc' dir='ltr'>γίνεςταιόροὲεθρὴιξξη</span> <span class='ocrx_word' id='word_1_852' title='bbox 2987 5481 3310 5572; x_wconf 37' lang='grc' dir='ltr'>,εῑθῼξεξηίσι</span> <span class='ocrx_word' id='word_1_853' title='bbox 3406 5477 3782 5572; x_wconf 56' lang='grc' dir='ltr'>σθηετιξγῇγειρε]</span> 
     </span>
    </p>
   </div>
   <div class='ocr_carea' id='block_1_112' title="bbox 377 5549 3785 5641">
    <p class='ocr_par' dir='ltr' id='par_1_112' title="bbox 377 5549 3785 5641">
     <span class='ocr_line' id='line_1_113' title="bbox 377 5549 3785 5641; baseline -0.007 -15"><span class='ocrx_word' id='word_1_854' title='bbox 377 5549 683 5641; x_wconf 39' lang='lat' dir='ltr'>Ephesii,</span> <span class='ocrx_word' id='word_1_855' title='bbox 717 5570 770 5624; x_wconf 89' lang='lat'>6.</span> <span class='ocrx_word' id='word_1_856' title='bbox 841 5549 852 5551; x_wconf 13' lang='grc' dir='ltr'><em>ἡ</em></span> <span class='ocrx_word' id='word_1_857' title='bbox 885 5549 931 5604; x_wconf 60' lang='grc' dir='ltr'>τό</span> <span class='ocrx_word' id='word_1_858' title='bbox 961 5549 1032 5622; x_wconf 61' lang='grc' dir='ltr'><strong><em>ὶῖ</em></strong></span> <span class='ocrx_word' id='word_1_859' title='bbox 1413 5549 1419 5550; x_wconf 18' lang='grc'><strong><em>⁷</em></strong></span> <span class='ocrx_word' id='word_1_860' title='bbox 1447 5566 1603 5622; x_wconf 83' lang='lat' dir='ltr'>Tim.</span> <span class='ocrx_word' id='word_1_861' title='bbox 1638 5582 1698 5632; x_wconf 83' lang='grc' dir='ltr'>ιι,</span> <span class='ocrx_word' id='word_1_862' title='bbox 1729 5549 1850 5622; x_wconf 83' lang='grc' dir='ltr'>Ι12.</span> <span class='ocrx_word' id='word_1_863' title='bbox 1958 5549 2286 5633; x_wconf 67' lang='grc' dir='ltr'>τίόῗδαμεν]</span> <span class='ocrx_word' id='word_1_864' title='bbox 2316 5559 2340 5614; x_wconf 90' lang='grc' dir='ltr'><strong>Ι</strong></span> <span class='ocrx_word' id='word_1_865' title='bbox 2367 5562 2538 5618; x_wconf 87' lang='lat' dir='ltr'>Joan.</span> <span class='ocrx_word' id='word_1_866' title='bbox 2586 5549 2786 5628; x_wconf 43' lang='lat' dir='ltr'>iuri-</span> <span class='ocrx_word' id='word_1_867' title='bbox 2868 5555 2918 5591; x_wconf 67' lang='grc'>⁷³</span> <span class='ocrx_word' id='word_1_868' title='bbox 2943 5554 3045 5630; x_wconf 81' lang='grc' dir='ltr'>γὰρ</span> <span class='ocrx_word' id='word_1_869' title='bbox 3096 5549 3238 5613; x_wconf 50' lang='lat' dir='ltr'>add.</span> <span class='ocrx_word' id='word_1_870' title='bbox 3280 5557 3347 5610; x_wconf 79' lang='grc' dir='ltr'>Δ.</span> <span class='ocrx_word' id='word_1_871' title='bbox 3452 5549 3499 5587; x_wconf 80' lang='grc'>’⁷⁸</span> <span class='ocrx_word' id='word_1_872' title='bbox 3526 5549 3639 5605; x_wconf 10' lang='grc' dir='ltr'>καὶὴ</span> 
     </span>
    </p>
   </div>
   <div class='ocr_carea' id='block_1_113' title="bbox 376 5639 696 5714">
    <p class='ocr_par' dir='ltr' id='par_1_113' title="bbox 376 5639 696 5714">
     <span class='ocr_line' id='line_1_114' title="bbox 376 5639 696 5714; baseline 0 -17"><span class='ocrx_word' id='word_1_873' title='bbox 376 5639 471 5697; x_wconf 63' lang='grc' dir='ltr'>κει</span> <span class='ocrx_word' id='word_1_874' title='bbox 494 5639 582 5711; x_wconf 54' lang='lat' dir='ltr'>se.</span> <span class='ocrx_word' id='word_1_875' title='bbox 614 5639 696 5714; x_wconf 81' lang='grc' dir='ltr'>ς’.</span> 
     </span>
    </p>
   </div>
  </div>
