4116 6224
292 400 414 459 753

1395 396 1938 459 BlBLlO'l‘HECA.
1985 428 2059 439 —
2102 397 2281 457 COD-
2326 397 2610 461 CCXXII.

3584 399 3701 458 754

291 527 388 584 δύο
419 528 563 585 πολὺ
593 532 663 603 τῇ
703 526 857 605 φύσει
904 524 1211 583 διεστώτων
1261 529 1485 599 συνὲστη
1538 530 1602 567 ⁸⁸·
1654 529 1741 584 καὶ
1791 526 1943 582 λύσει

2063 529 2172 585 Cur
2201 531 2356 585 homo
2372 548 2400 586 ε
2430 532 2639 587 duobus
2655 532 2964 604 plurimum
2986 537 3193 588 natura
3213 530 3544 587 distantibus
3562 545 3705 587 com-

292 620 389 692 μὶν
424 619 651 692 ὑπάγειν
682 619 744 673 τὸ
774 618 995 690 ζήτημα
1046 623 1318 691 πειρᾶται,
1372 616 1700 694 ἐνδεέστερον
1750 615 1806 672 δὲ
1847 624 1949 686 τῆς

2062 621 2296 688 positum
2325 622 2395 674 sit
2415 623 2441 672 γ
2470 623 2548 675 Ac
2581 619 2885 691 proﬂigare
2916 620 3156 691 quidem
3190 624 3247 674 et
3266 618 3488 675 solvere
3518 635 3706 691 quass-

287 708 518 783 ἀπορίας
549 710 678 779 [306
709 708 801 779 Il.]
853 704 1089 784 φέρεται.
1143 708 1240 761 Καὶ
1287 712 1504 784 πρῶτον
1561 707 1654 781 μὶν
1706 707 1947 778 Πατρικὰ

290 795 669 856 ὑποϐάλλεται
704 798 944 875 ῥήματσν
980 795 1229 874 δεύτερον
1264 797 1321 855 δὲ
1342 822 1504 877 φησιν
1532 800 1605 861 ὡς
1629 794 1833 870 ἔδειτῷ
1858 797 1951 853 λό-

288 912 372 965 γῳ
404 886 814 962 διακοσμεῖσθαι
846 888 909 942 τὸ
939 887 1236 962 περίγεὶον,
1280 887 1463 964 ὥσπερ
1513 895 1629 950 ταῖς
1678 886 1949 962 οὐρανίοις

291 975 553 1051 δυνάμεσι
580 977 647 1032 τά
678 976 923 1052 οὐράνια,
955 978 1043 1031 καὶ
1088 974 1176 1032 διὰ
1207 983 1370 1033 τοῦτο
1404 978 1651 1032 σῦνθετον
1682 981 1820 1047 ζῶον
1855 976 1944 1031 ἐπὶ

288 1074 393 1143 γῆς
425 1066 698 1141 προῆλθεν
730 1067 758 1121 6
790 1063 1096 1141 ἅνθρωπος.
1138 1071 1322 1124 Ταῦτα
1353 1063 1419 1136 δὴ
1453 1066 1541 1121 καὶ
1566 1064 1724 1141 ἕτερα
1760 1070 1949 1121 τοιαῦ-

291 1175 359 1211 τα
390 1157 833 1235 συνυφηνάμενος
864 1156 1152 1230 ἀπαρτίζει
1190 1157 1252 1212 τὸ
1285 1156 1606 1235 κεφάλαιον,

374 1335 500 1390 Εἶτα
549 1338 721 1405 ζητεῖ,
766 1332 873 1392 Διά
916 1333 970 1388 τί
1016 1338 1309 1405 σαρκοῦται
1359 1336 1387 1389 ὁ
1436 1335 1565 1396 Θεὸς
1609 1335 1822 1408 Λόγοςς
1854 1333 1945 1388 καὶ

298 1420 580 1477 ἑπιλύεται
611 1422 674 1476 τὸ
708 1422 931 1494 ζήτημα
958 1424 1076 1477 καθ’
1106 1420 1160 1477 ἓν
1185 1423 1301 1496 μὲν,
1320 1420 1428 1493 (ἕνα,
1452 1422 1637 1501 φησὶν,
1661 1424 1794 1494 ἡμῖν
1815 1422 1949 1476 ὕπο-

294 1510 555 1589 γραμμὸν
586 1512 631 1549 "
664 1511 860 1585 ἀρετῆς
890 1509 1192 1585 καταλίπῃ,
1226 1508 1297 1565 δι’
1319 1512 1381 1565 οὗ
1413 1516 1529 1572 τοῖς
1549 1509 1755 1585 ἴχνεσιν
1778 1512 1947 1565 αὐτοῦ

288 1600 633 1677 περιγίνεται
664 1602 801 1673 ἡμῖν
830 1600 929 1655 οὐκ
958 1599 1008 1670 ἐξ
1043 1602 1302 1676 ἀνάγκης,
1333 1600 1457 1656 ἀλλ’
1492 1601 1758 1662 ἑκουσίως
1812 1602 1950 1655 κατὰ

292 1689 530 1763 μίμησιν
581 1696 967 1765 περιπατῆσαι.
1025 1691 1254 1747 Ἔπειτα
1298 1687 1354 1744 δὶ
1400 1691 1463 1745 τὸ
1519 1694 1615 1745 τοῦ
1665 1687 1946 1766 Θεολόγου

2058 710 2275 763 tionem
2309 709 2533 777 nititur,
2567 710 2667 765 sed
2715 709 2902 781 ipsum
2944 710 3367 765 dubitationem
3415 725 3528 765 non
3563 710 3705 766 satis

2061 797 2311 868 attingit.
2334 800 2597 854 Primum
2620 815 2756 870 ergo
2780 799 3012 854 Patrum
3039 799 3208 854 verba
3230 797 3706 869 subjicit,deiude

2060 886 2389 957 oportuisse
2406 888 2485 943 ait
2500 887 2720 943 ratione
2737 888 3010 944 adornari
3031 892 3324 943 terrenam
3358 888 3704 958 portionem,

2060 975 2300 1044 perinde
2334 981 2396 1030 ut
2417 975 2753 1032 ccelestibus
2784 976 3096 1033 virtutibus
3116 975 3243 1032 coeli
3266 975 3455 1032 ornati
3470 976 3703 1045 fuerint,

2059 1068 2484 1136 preptereaque
2531 1065 2923 1137 compositum
2968 1063 3187 1121 animal
3230 1064 3288 1120 in
3315 1064 3486 1121 terris
3517 1064 3707 1121 homi-

2061 1168 2192 1208 nem
2253 1153 2558 1223 prodiisse.
2593 1154 2725 1210 Haec
2755 1157 2812 1210 et
2853 1154 2911 1210 id
2962 1170 3148 1226 genus
3195 1152 3309 1211 alia
3364 1157 3702 1222 contexens,

2060 1246 2236 1313 caput
2268 1242 2376 1297 hoc
2407 1243 2671 1299 absolvit.

2134 1331 2219 1385 17.
2254 1333 2471 1397 Quaerit
2512 1332 2669 1400 hinc,
2705 1332 2813 1388 Cur
2854 1334 2996 1390 Deus
3040 1333 3268 1390 Verbum
3305 1333 3462 1389 homo
3507 1333 3581 1390 sit
3619 1334 3705 1404 fa-

2058 1423 2225 1476 ctus?
2263 1422 2562 1494 Solvitque
2593 1422 3041 1481 dubitationem.
3076 1422 3289 1479 Partim
3320 1422 3578 1494 quidem,
3609 1422 3704 1478 in-

2062 1508 2203 1580 quit,
2238 1513 2301 1564 ut
2338 1511 2508 1567 nobis
2536 1510 2834 1583 exemplar
2863 1512 3092 1568 virtutis
3125 1510 3476 1583 relinqueret
3504 1509 3574 1581 ³⁵,
3606 1525 3707 1581 per

2061 1602 2209 1671 quod
2246 1601 2408 1657 nobis
2437 1618 2502 1658 ea
2550 1600 2797 1658 facultas
2829 1601 3005 1669 adsit,
3041 1618 3158 1674 qua
3206 1617 3322 1657 non
3354 1600 3702 1671 necessario,

2061 1689 2162 1745 sed
2191 1691 2371 1747 libere
2400 1709 2466 1747 ac
2496 1696 2704 1765 sponte
2735 1708 2870 1748 eum
2905 1692 3213 1759 imitando,
3236 1692 3496 1763 ejusdem
3528 1691 3705 1747 vesti-

290 1781 602 1854 Γρηγορὶου
631 1780 812 1847 τίθησι
855 1778 1039 1855 ῥητόν.
1082 1780 1265 1852 Σάρκα
1294 1779 1392 1854 γὰρ
1430 1785 1606 1856 φορεῖ,
1657 1780 1813 1854 φησὶ,
1860 1776 1948 1833 διὰ

2062 1780 2171 1850 giis
2228 1780 2597 1837 insistemus.
2648 1781 2756 1837 Ubi
2798 1798 2932 1838 mox
2988 1781 3249 1853 Gregorii
3315 1785 3705 1854 cognomento

286 1871 394 1938 τήν
452 1868 595 1942 ἐμὴν
652 1868 844 1943 σάρκα,
902 1868 993 1923 καὶ
1055 1872 1207 1944 ψυχῇ
1284 1874 1444 1945 νοερᾷ
1502 1866 1590 1924 διὰ
1646 1872 1745 1939 τὴν
1804 1869 1940 1943 ἐμήν

2062 1868 2331 1941 Theologi
2376 1870 2489 1942 (44)
2531 1869 2703 1926 verba
2754 1870 3037 1942 apponit:
3076 1851 3310 1927 Carnem
3355 1851 3505 1927 euim
3533 1873 3706 1944 gestat

289 1959 480 2034 ψυχήν
527 1958 807 2035 μίγνυται,
846 1962 925 2030 τῷ
969 1957 1149 2031 ὁμοίῳ
1197 1959 1260 2013 τὸ
1313 1960 1507 2030 ὅμοιον
1556 1960 1951 2035 ἀνακαθαίρωνο

290 2047 402 2103 Καὶ
426 2042 529 2116 ἔτι,
555 2045 644 2101 ’ἱνα
671 2048 734 2102 τὸ
767 2047 991 2123 λογικὸν
1031 2047 1132 2101 ὑπὸ
1162 2051 1259 2102 τοῦ
1288 2047 1494 2123 ἀλόγου
1526 2046 1954 2105 καταδουλωθὶν

293 2135 460 2198 αὐτὸς
528 2137 703 2212 Λόγος
759 2133 832 2189 ὢν
879 2132 1219 2210 ἐλευθερώσῃ
1284 2136 1777 2210 ἀνακαλεσάμενος.
1830 2140 1955 2196 Ἐπὶ

290 2226 512 2286 τούτοις
543 2220 602 2278 δὲ
630 2222 719 2278 καὶ
751 2221 866 2278 ἐπεὶ
899 2224 927 2279 6
947 2221 1129 2295 Ἀδάμ
1157 2224 1393 2294 νικηθεὶς
1423 2226 1485 2280 τὸ
1526 2225 1577 2280 ἐν
1606 2224 1751 2298 αὓτῷ
1781 2228 1953 2282 θεοει-

296 2310 386 2374 δὶς
418 2318 533 2374 τοῖς
563 2314 663 2381 τῆς
694 2312 891 2386 σαρκὸς
928 2312 1143 2387 μυρίοις
1173 2313 1457 2388 κατέχωσε
1489 2312 1682 2369 πάθεσι
1714 2315 1804 2369 καὶ
1834 2321 1953 2377 τοῖς

301 2401 356 2473 ἒξ
390 2399 551 2456 αὐτοῦ
585 2397 798 2476 βλάϐην
833 2398 1082 2469 διέδωκε,
1116 2399 1202 2456 διὰ
1249 2407 1410 2457 τοῦτο
1466 2406 1753 2479 σαρκοῦται
1783 2404 1809 2458 6
1841 2406 1951 2460 Κύ-

297 2511 443 2565 ριος,
477 2492 564 2546 καὶ
591 2496 670 2563 τῷ
700 2491 925 2565 πελάγει
958 2499 1056 2562 τῆς
1082 2489 1219 2554 ἰδίας
1238 2492 1494 2564 θεότητος
1513 2494 1611 2561 τήν
1636 2501 1736 2564 τῆς
1755 2496 1951 2567 ἠμετέ-

297 2601 399 2656 ρας
448 2579 657 2657 φύσεως
711 2578 1035 2655 ὑποδέχεται
1095 2583 1349 2655 σταγόνα,
1412 2583 1485 2643 ὡς
1536 2581 1596 2637 ἂν
1644 2583 1707 2637 τὸ
1754 2584 1949 2654 θνητὸν

293 2669 404 2725 6116
433 2675 536 2738 τῆς
582 2673 727 2738 ζωῆς
772 2672 1054 2744 καταποθῇ
1094 2670 1185 2724 καὶ
1226 2670 1303 2732 εἰς
1345 2670 1407 2726 τὸ
1454 2671 1610 2746 γένος
1660 2669 1794 2727 ὅλον
1842 2693 1950 2727 πα-

292 2758 562 2835 ραπέμψῃ
611 2759 675 2814 τὸ
716 2756 915 2834 δῶρον,
947 2760 1036 2813 καὶ
1072 2756 1166 2813 ’ἶνα
1203 2759 1265 2815 τὸ
1313 2757 1516 2838 ἄφατον
1557 2760 1800 2838 πὲλαγος
1848 2768 1947 2832 τῆς

288 2848 461 2904 αὐτοῦ
509 2848 646 2922 πρὸς
699 2850 847 2921 ἡμᾶς
901 2846 1317 2921 φιλανθρωπίας
1361 2847 1679 2921 ἐνδείξηται.
1716 2851 1813 2905 Καὶ
1863 2853 1947 2907 ὅτι

287 2939 384 2994 τὸν
444 2934 785 3014 δημιουργὸν
822 2936 982 2993 αὐτὸν
1024 2935 1131 2994 ἔδει
1169 2939 1259 2993 καὶ
1296 2943 1392 2993 τοῦ
1444 2939 1649 2995 οἰκείου
1691 2939 1949 3015 πλάσμα-

293 3047 392 3089 τος
474 3004 819 3101 διαῤῥυέντος
887 3027 1128 3102 γενέσθαι
1229 3027 1631 3100 ἂνακάινιστήν.
1729 3004 2031 3107 Ἐπάγειϐ

297 3112 358 3171 δὲ
388 3114 465 3177 ὡς
494 3113 586 3170 καὶ
617 3136 734 3170 τινα
764 3120 872 3172 τῶν
916 3115 1003 3171 ἐπὶ
1047 3123 1147 3187 τῆς
1193 3114 1424 3190 Τριάδος
1470 3122 1668 3181 κοινῶς
1720 3117 1951 3194 λεγομὲ-

297 3230 413 3263 νων
469 3205 744 3270 πολλάκις
798 3208 862 3263 τὸ
910 3209 1054 3274 ἱερὸν
1112 3208 1345 3284 γράμμα
1393 3210 1468 3272 ὡς
1514 3213 1633 3267 κατ’
1682 3210 1949 3287 ἐξαίρετον

296 3297 561 3374 φέρουσιν
592 3296 674 3375 ἐφ’
720 3298 837 3361 ἰνὸς
883 3302 990 3353 τῶν
1036 3293 1346 3373 σεϐασμίων
1401 3299 1765 3357 ὑποστάσεων.
1811 3301 1958 3359 Ταό-

300 3407 374 3461 1“
405 3407 495 3441 τοι
542 3388 604 3442 16
652 3384 1049 3464 δημιουργικὸν
1096 3387 1186 3443 καί
1236 3387 1325 3444 ἐπὶ
1385 3390 1592 3462 Πατρὸς
1647 3391 1737 3445 καὶ
1786 3390 1957 3445 Πνεύ-

304 3495 481 3549 ματος
533 3473 683 3548 ἁγίου
733 3474 1020 3549 ὁμοτίμως
1064 3476 1418 3549 ταττόμενον,
1470 3478 1623 3550 ὅμως
1670 3478 1955 3552 οἰκονομι-

298 3567 419 3627 κῶς
454 3568 535 3636 τῷ
573 3564 683 3636 ι’ἰῷ
734 3561 898 3619 πάλιν
948 3564 1022 3625 ὡς
1081 3564 1345 3640 ἐξαίρετον
1402 3565 1738 3645 ἀφορίζεται.
1800 3568 1955 3623 Οὕτω

296 3652 396 3707 καὶ
451 3652 553 3721 τήν
612 3653 885 3727 σωτηρίαν
945 3656 1126 3726 ἡμῶν,
1184 3654 1250 3724 ἢν
1310 3655 1337 3708 6
1396 3654 1572 3729 Λόγος
1648 3656 1953 3731 εἰργάσατο,

297 3739 450 3798 ἔστιν
510 3740 683 3817 εὖριῖν
732 3741 1136 3819 ἀναφερομένην
1200 3741 1279 3805 εἷς
1339 3744 1431 3799 τὸν
1499 3744 1729 3818 Πατέρα.
1785 3744 1956 3801 Ἐλά-

298 3828 448 3899 λησε
476 3831 522 3865 ⁸³
548 3830 653 3904 γὰρ
683 3831 844 3903 ἡμῖν,
875 3831 1062 3907 φησὶν,
1094 3828 1147 3885 ἐν
1178 3832 1290 3903 1⁸ἱῷ
1319 3831 1387 3888 ⁸³.
1419 3831 1548 3900 Καὶ,
1570 3834 1683 3888 Ἵνα
1712 3833 1785 3869 ⁸³”
1815 3855 1957 3909 γνω-

286 3922 457 3995 ρισθῇ
524 3923 615 3974 νῦν
685 3922 720 3989 ἡ
788 3918 1191 3983 πολυποίκιλος
1256 3926 1354 3976 τοῦ
1423 3926 1559 3977 Θεοῦ
1635 3921 1819 4000 σοφία,
1887 3925 1954 3992 ἣν

282 4008 550 4079 ἐποίησεν
585 4006 638 4063 ἐν
687 4009 767 4081 τῷ
826 4014 1071 4084 Χριστῷ·
1129 4010 1242 4080 καὶ,
1301 4009 1477 4066 Αὐτοῦ
1530 4012 1578 4047 ⁸⁸
1630 4013 1733 4086 γάρ
1789 4010 1949 4084 ἔσμεν

279 4096 536 4170 ποίημκ,
600 4100 903 4161 κτισθέντες
969 4097 1021 4153 ἒν
1113 4103 1340 4173 Χριστῷ
1420 4101 1604 4172 Ἰησοῦ
1688 4099 1776 4156 ἐπὶ
1860 4097 1950 4176 ἕρ-

280 4209 415 4265 γοις
484 4187 738 4263 ἀγαθοῖς,
798 4188 1013 4262 ποίημα
1087 4190 1173 4243 καὶ
1253 4189 1457 4263 κτίσμα
1533 4187 1791 4260 δηλονότι
1848 4193 1949 4260 τήν

275 4277 596 4332 ἀνάπλασιν
634 4284 738 4347 τῆς
798 4275 1174 4347 άποστολικῆς
1233 4285 1416 4357 φωνῆς
1482 4277 1785 4350 καλούσης.
1844 4280 1949 4337 Καὶ

281 4366 477 4425 πάλιν.
510 4366 788 4443 Γνωρίσας
832 4371 879 4407 ⁸⁸
917 4372 1055 4443 ἡμῖν
1095 4369 1158 4424 τὸ
1206 4372 1504 4445 μυστήριον
1553 4375 1651 4426 τοῦ
1699 4370 1947 4445 θελήμα-

283 4477 383 4521 τος
426 4457 597 4512 αὖτοῦ
656 4458 792 4513 κατὰ
848 4459 947 4527 τὴν
1009 4455 1258 4514 εὐδοκίαν
1318 4460 1508 4531 αὐτοῦ,
1561 4463 1628 4529 ἣν
1688 4462 1947 4535 προέθετο

282 4547 340 4601 ἓν
424 4546 574 4619 αὐτῷ
668 4547 1265 4624 ἀνακεφαλαιώσασθαι,
1332 4551 1399 4603 τά
1490 4550 1664 4605 πάντα
1750 4549 1802 4605 ὲν
1868 4553 1947 4625 τῷ

283 4639 542 4710 Χριστῷ,
573 4634 665 4690 καὶ
698 4634 867 4711 μυρία
897 4634 1063 4695 ἄλλα.
1096 4638 1224 4711 [596
1256 4639 1348 4711 R.]
1381 4637 1441 4695 Et
1472 4639 1574 4714 γὰρ
1605 4638 1694 4694 καὶ
1727 4637 1797 4695 δι’
1818 4641 1946 4695 Υἱοῦ

276 4726 353 4781 τὰ
380 4727 559 4780 πάντα
590 4724 826 4801 γενέσθαι
875 4726 1227 4799 πιστεύομεν,
1271 4724 1400 4782 ἀλλ’
1451 4724 1543 4781 οὖν
1594 4726 1803 4804 ἀνάγκη
1853 4729 1944 4784 καὶ

276 4814 377 4869 τὸν
424 4816 641 4887 Πατέρα
689 4811 1033 4890 δημιουργὸν
1082 4813 1383 4891 ὁμολογεῖν
1414 4816 1463 4852 ⁸⁸
1501 4814 1590 4872 διὰ
1637 4816 1700 4873 τὰ
1751 4819 1944 4874 ταυτὸν

273 4909 384 4973 τῆς
409 4924 470 4959 τε
499 4900 713 4977 βουλῆς
740 4903 832 4959 καὶ
870 4902 1143 4979 ἐνεργείας
1185 4904 1275 4959 καὶ
1325 4901 1633 4978 δυνάμεως,
1686 4907 1944 4971 ὡσαύτως

275 4991 341 5048 δὶ
378 4992 475 5047 καὶ
505 4992 570 5047 16
604 4997 824 5066 Πνεῦμα
843 4993 905 5048 16
938 4994 1117 5072 ἅγιον.
1162 4994 1264 5048 Καὶ
1317 4993 1556 5067 μάλιστά
1593 5016 1657 5071 γε
1706 4997 1768 5050 τὸ
1808 4998 1947 5052 ἀπο-

2066 1956 2283 2028 (inquit
2328 1957 2446 2023 ille)
2482 1966 2703 2028 propter
2730 1975 2911 2014 meam
2946 1974 3190 2031 carnem,
3219 1968 3274 2015 et
3320 1958 3507 2015 animo
3536 1960 3707 2015 intel-

2066 2048 2265 2117 ligente
2288 2052 2513 2119 propter
2541 2063 2722 2103 meam
2750 2049 3001 2103 animam
3024 2050 3303 2116 miscetur,
3324 2047 3504 2104 simili
3521 2049 3707 2105 simile

2063 2152 2396 2209 repurgans.
2422 2136 2699 2193 Praeterea
2730 2142 2795 2193 ut
2824 2135 3169 2193 rationalem
3204 2143 3426 2209 partem
3462 2137 3534 2193 ab
3566 2137 3708 2194 irra-

2062 2226 2329 2281 tionabili
2381 2225 2440 2281 in
2501 2225 2837 2283 servitutem
2894 2225 3207 2295 redactam,
3257 2226 3382 2299 ipse
3431 2227 3709 2286 rationale

2060 2314 2317 2371 Verbum
2365 2315 2620 2372 existens
2677 2318 2989 2387 repararet,
3041 2320 3216 2387 atque
3257 2315 3317 2371 in
3376 2316 3708 2374 libertatem

2062 2404 2416 2459 restitueret.
2450 2405 2534 2460 Ad
2557 2404 2698 2471 hac,
2729 2404 2978 2475 186(1))
3011 2404 3489 2476 quandoquidem
3519 2405 3708 2462 Adam

2062 2493 2268 2560 victus,
2301 2493 2398 2549 Dei
2431 2493 2492 2549 in
2516 2509 2578 2549 se
2598 2492 2911 2564 imaginem
2932 2492 3253 2549 innumeris
3273 2495 3465 2550 carnis
3494 2496 3709 2564 passio-

2061 2583 2237 2639 nibus
2294 2582 2509 2651 obruit,
2540 2586 2596 2637 et
2645 2581 2719 2638 ad
2777 2586 3041 2653 posteros
3090 2597 3299 2637 noxam
3356 2583 3706 2653 transmisit,

2058 2672 2186 2727 ideo
2234 2686 2465 2727 carnem
2507 2669 2792 2726 Dominus
2822 2668 3034 2739 induit,
3067 2673 3125 2724 et
3162 2668 3222 2725 in
3272 2670 3417 2725 mari
3466 2669 3706 2726 Deitatis

2060 2778 2178 2817 suae
2218 2769 2425 2816 nostra:
2483 2758 2837 2815 conditionis
2888 2761 3111 2830 guttam
3152 2756 3431 2829 suscepit,
3463 2773 3598 2814 cum
3644 2762 3707 2814 ut

2061 2849 2304 2906 mortale
2351 2867 2384 2904 a
2414 2847 2531 2904 vita
2576 2848 3004 2916 absorberetur,
3037 2850 3209 2919 atque
3258 2846 3318 2903 in
3367 2846 3707 2903 universum

2062 2955 2249 3011 genus
2279 2937 2629 2994 beneﬁcium
2659 2936 3002 3007 effunderet,
3038 2940 3161 2991 tum
3196 2940 3260 2992 ut
3297 2934 3705 3008 inexplicabile

2064 3027 2304 3101 pelagus
2357 3025 2636 3084 bonitatis
2684 3042 2804 3082 suae
2852 3040 2991 3097 erga
3023 3041 3129 3082 nos
3166 3024 3499 3081 ostenderet
3530 3040 3544 3079 :
3575 3028 3705 3082 tum

2064 3118 2240 3174 etiam
2272 3118 2413 3189 quia
2460 3116 2727 3188 opiﬁcem
2783 3114 2975 3186 ipsum
3034 3113 3340 3185 oportebat
3382 3128 3498 3169 sua
3546 3128 3706 3170 crea-

2063 3214 2227 3280 turre,
2281 3225 2406 3281 qua)
2447 3208 2575 3279 jam
2641 3205 2991 3274 diiiluxerat,
3044 3204 3497 3261 instauratorem
3553 3204 3703 3262 fieri.

2063 3298 2244 3354 Addit
2274 3298 2536 3368 insuper,
2572 3299 2636 3352 ut
2664 3310 2865 3351 eorum
2896 3292 3115 3366 aliqua,
3148 3309 3276 3364 quae
3311 3292 3707 3350 communiter

2063 3391 2135 3444 de
2185 3386 2465 3443 Trinitate
2512 3384 2623 3441 dici
2673 3382 2882 3447 solent,
2915 3398 3316 3454 saepenumero
3361 3397 3529 3438 sacra
3555 3381 3710 3439 Scri-

2064 3486 2233 3550 ptura
2262 3476 2334 3531 ad
2368 3491 2542 3531 unam
2575 3471 2945 3546 peculiariter
2975 3468 3391 3527 venerabilium
3423 3484 3704 3542 persona-

2065 3583 2189 3623 rum
2222 3566 2451 3621 referat.
2486 3562 2572 3619 Ita
2603 3577 2745 3618 sane
2774 3560 3002 3617 creandi
3032 3558 3119 3616 vis
3158 3559 3315 3616 Patri
3343 3575 3413 3614 ex
3442 3575 3607 3631 aequo
3638 3575 3706 3617 ac

2062 3661 2263 3713 sancto
2294 3652 2538 3726 Spiritui
2563 3650 2862 3717 attributa,
2878 3652 3034 3704 certa
3064 3648 3451 3704 nihilominus
3483 3648 3705 3704 ratione

2062 3746 2205 3802 Filio
2258 3758 2459 3801 rursus
2507 3744 2571 3796 ut
2617 3738 2906 3795 excellens
2950 3736 3090 3806 quid
3140 3734 3492 3806 assignatur.
3514 3735 3607 3790 Sic
3646 3738 3705 3790 et

2060 3833 2305 3888 humani
2332 3828 2563 3902 generis
2594 3824 3075 3896 redemptionem,
3098 3839 3274 3895 quam
3305 3820 3555 3878 Verbum
3581 3838 3705 3893 per-

2061 3922 2216 3989 fecit,
2249 3918 2501 3990 reperias
2530 3916 2589 3971 in
2618 3918 2845 3971 Patrem
2877 3912 3110 3969 referri:
3152 3912 3382 3967 Locutus
3412 3914 3493 3967 est
3528 3909 3702 3982 enim,

2060 4010 2273 4082 inquit,
2307 4007 2465 4063 nobis
2497 4005 2554 4060 in
2581 4003 2723 4060 Filio
2753 4003 2847 4057 '5':
2881 4006 2938 4059 et
2970 4019 2983 4057 :
3027 4001 3089 4059 Ut
3122 4001 3478 4057 innotesceret
3507 4001 3703 4056 mutti-

2057 4101 2254 4171 formis
2299 4095 2579 4167 sapientia
2622 4092 2742 4161 Dei,
2776 4107 2945 4162 quam
2980 4092 3110 4163 fecit
3139 4091 3199 4145 in
3232 4088 3447 4146 Christo
3469 4087 3547 4157 3°;
3596 4093 3655 4145 et
3685 4105 3702 4146 :

2057 4188 2232 4262 Ipsius
2261 4188 2413 4243 enim
2440 4200 2628 4241 sumus
2660 4185 2900 4251 factura,
2925 4178 3100 4237 creati
3134 4180 3194 4235 in
3233 4178 3447 4236 Christo
3488 4179 3613 4235 Jesu
3646 4177 3737 4265 in.

2058 4280 2313 4352 aperiens
2330 4277 2482 4332 bonis
2503 4273 2548 4309 ³⁷
2572 4291 2585 4330 :
2616 4277 2889 4344 [acturam
2911 4270 3176 4326 videlicet
3197 4273 3255 4325 et
3273 4284 3410 4341 opus
3430 4268 3707 4325 reforma-

2059 4370 2273 4426 tionem
2318 4368 2484 4422 vocat
2529 4361 2863 4435 Apostolus.
2895 4358 2967 4415 Et
3009 4374 3247 4415 rursum
3282 4374 3295 4413 :
3345 4357 3480 4414 Cum
3510 4366 3704 4416 notum

2056 4460 2278 4528 fecisset
2314 4470 2462 4512 nunc
2490 4453 2645 4509 nobis
2676 4453 3079 4506 sacramentum
3106 4447 3411 4504 voluntatis
3447 4462 3586 4518 sua,
3614 4463 3701 4505 se-

2055 4546 2295 4604 cundum
2338 4540 2739 4613 beneplacitum
2771 4555 2958 4607 suum,
3007 4536 3148 4609 quod
3184 4538 3469 4609 proposuit
3507 4534 3570 4591 in
3614 4550 3699 4597 eo.

2058 4639 2128 4694 ad
2183 4610 2627 4692 instaurandum.
2673 4630 2857 4685 omnia
2895 4626 2955 4683 in
3007 4625 3223 4683 Christo
3261 4624 3325 4679 ³⁸.
3359 4625 3602 4699 Aliaque
3640 4623 3700 4680 id

2056 4743 2240 4800 genus
2257 4719 2594 4797 plurima.Si
2608 4718 2763 4775 enim
2780 4733 2879 4788 per
2895 4715 3103 4772 Filium
3118 4715 3317 4771 omnia
3328 4729 3456 4770 esse
3467 4712 3703 4769 condita

2057 4816 2365 4879 credimus,
2387 4806 2779 4867 necessarium
2803 4808 2955 4861 certe
2975 4806 3206 4859 Patrem
3239 4815 3463 4874 quoque
3485 4803 3702 4856 creato-

2057 4921 2176 4962 rem
2198 4897 2696 4969 coniiteri,saltem
2721 4898 2961 4967 propter
2981 4893 3135 4948 idem
3160 4889 3590 4961 velle,posse,ac
3613 4888 3698 4944 fa-

2057 5012 2202 5052 cere.
2249 4991 2537 5049 Similiter
2564 4992 2624 5045 et
2659 4985 2935 5057 Spiritum
2976 4989 3267 5040 sanctum.
3290 4978 3513 5050 Quippe
3543 4979 3700 5050 quod

272 5081 471 5139 λαόιιν
496 5080 629 5145 τοὺς
654 5068 1092 5146 ἀναπλασθέντας
1121 5088 1219 5139 τοῦ
1261 5084 1559 5159 ἀγιασμοῢ,
1608 5068 1705 5139 ’καὶ
1754 5082 1947 5160 διαμέ-

2062 5090 2174 5158 iam
2198 5079 2490 5141 reformati
2513 5075 2966 5135 sanctimoniam
2983 5072 3619 5144 consequantur,atque
3637 5068 3699 5127 in

353 5191 402 5269 ’ξ
466 5195 490 5249 I
521 5192 674 5250 Petr.
704 5210 765 5265 ιι,
796 5194 887 5251 21.
919 5193 986 5230 ³⁸⁸
1019 5194 1193 5252 Hebr.
1225 5210 1265 5268 1,
1296 5195 1353 5251 2.
1389 5195 1435 5231 ⁸⁸
1489 5195 1704 5269 Ephes.
1738 5213 1824 5267 111,
1860 5199 1927 5253 10

2062 5199 2129 5253 ,1.
2162 5193 2209 5232 ⁸⁷
2240 5192 2455 5266 pres.
2487 5206 2551 5258 ιι,
2585 5188 2673 5244 to.
2709 5185 2759 5222 ³⁸
2784 5183 2999 5258 Ephes.
3032 5188 3073 5251 ι,
3102 5181 3159 5251 9,
3190 5185 3252 5238 ut
3280 5182 3471 5238 notum
3497 5181 3703 5252 laceret

273 5264 453 5338 Vulg.

1644 5366 1885 5426 νΑιιιιΕ
1919 5366 2226 5427 LECTION
2235 5364 2336 5420 ES.

352 5474 406 5548 εξ
701 5476 751 5531 Α
803 5492 818 5531 :
851 5473 1098 5544 συνετέθη
1132 5473 1212 5548 .

272 5546 355 5582 33'
380 5543 497 5619 ἵνα]
528 5546 740 5619 Ephes.
773 5562 861 5617 ιιι,
891 5548 980 5604 10.
1056 5543 1103 5583 ⁸⁸
1130 5543 1319 5621 αὐτοῦ]
1352 5543 1567 5620 Ephes.
1603 5543 1685 5621 Iit,
1722 5543 1807 5608 16.
1883 5552 1929 5588 ⁸⁸

1325 5473 1795 5551 δὲδῖτογραμμὸν]
1845 5480 1869 5535 I
1918 5483 2067 5535 Perr.
2121 5494 2190 5551 ιι,
2232 5475 2327 5551 21.

1959 5552 2122 5605 αυτοῦ
2155 5540 2365 5621 Ephes.
2393 5560 2432 5611 ι,
2464 5544 2518 5596 9.
2596 5540 2643 5576 ⁸⁸

2442 5467 2491 5506 ⁸³
2522 5464 2706 5524 ἑλάλ.’
2756 5466 2931 5524 Hebr.
2963 5482 3005 5531 1,
3046 5464 3103 5523 2.

2464 5544 2518 5593 9.
2596 5540 2643 5576 ⁸⁸
2678 5492 2847 5593 ἐμολ.
2881 5536 2972 5592 καὶ
3004 5532 3093 5592 διὰ

2758 5466 2931 5524 Hebr.
2963 5482 3005 5531 1,
3046 5464 3103 5523 2.
3210 5464 3258 5502 ⁸⁸
3283 5459 3334 5519 ιν
3371 5463 3452 5538 τῷ
3481 5461 3585 5536 υἱῷ
3613 5459 3698 5536 ς’,

2758 5536 2847 5594 ολ,
2881 5536 2972 5592 καὶ
3004 5532 3093 5592 διὰ
3561 5578 3564 5583 ~

1890 5656 2102 5717 NOTE

360 5747 481 5825 (44)
512 5744 729 5805 Homil.
763 5747 834 5806 de
860 5747 1045 5807 Natat.
1080 5745 1302 5806 Christi.
